  <div class='ocr_page' id='page_1' title='image "/cluster/home/n/w/nwhite01/storage/ocr_20150623/24/pst.000005712083/197.png"; bbox 0 0 4120 6294; ppageno 0'>
   <div class='ocr_carea' id='block_1_1' title="bbox 715 365 820 422">
    <p class='ocr_par' dir='ltr' id='par_1_1' title="bbox 715 365 820 422">
     <span class='ocr_line' id='line_1_1' title="bbox 715 365 820 422; baseline -0.019 0"><span class='ocrx_word' id='word_1_1' title='bbox 715 365 820 422; x_wconf 78' lang='lat'><strong>359</strong></span> 
     </span>
    </p>
   </div>
   <div class='ocr_carea' id='block_1_2' title="bbox 1411 333 3267 407">
    <p class='ocr_par' dir='ltr' id='par_1_2' title="bbox 1411 333 3267 407">
     <span class='ocr_line' id='line_1_2' title="bbox 1411 333 3267 407; baseline -0.01 0"><span class='ocrx_word' id='word_1_2' title='bbox 1411 347 1675 407; x_wconf 76' lang='lat' dir='ltr'><strong>EUSEBII</strong></span> <span class='ocrx_word' id='word_1_3' title='bbox 1711 341 2178 403; x_wconf 68' lang='lat' dir='ltr'><strong>C£SARIENSIS</strong></span> <span class='ocrx_word' id='word_1_4' title='bbox 2213 340 2362 396; x_wconf 84' lang='lat' dir='ltr'><strong>OPP.</strong></span> <span class='ocrx_word' id='word_1_5' title='bbox 2405 338 2584 395; x_wconf 78' lang='lat' dir='ltr'><strong>PARS</strong></span> <span class='ocrx_word' id='word_1_6' title='bbox 2622 339 2713 397; x_wconf 94' lang='lat' dir='ltr'><strong>III.</strong></span> <span class='ocrx_word' id='word_1_7' title='bbox 2753 369 2820 379; x_wconf 93' lang='lat'><strong>—-</strong></span> <span class='ocrx_word' id='word_1_8' title='bbox 2859 333 3267 392; x_wconf 67' lang='lat' dir='ltr'><strong>EXEGETICA.</strong></span> 
     </span>
    </p>
   </div>
   <div class='ocr_carea' id='block_1_3' title="bbox 3830 337 3923 392">
    <p class='ocr_par' dir='ltr' id='par_1_3' title="bbox 3830 337 3923 392">
     <span class='ocr_line' id='line_1_3' title="bbox 3830 337 3923 392; baseline 0.011 -1"><span class='ocrx_word' id='word_1_9' title='bbox 3830 337 3923 392; x_wconf 74' lang='lat' dir='ltr'><strong>5w</strong></span> 
     </span>
    </p>
   </div>
   <div class='ocr_carea' id='block_1_4' title="bbox 718 446 2286 548">
    <p class='ocr_par' dir='ltr' id='par_1_4' title="bbox 718 463 2266 548">
     <span class='ocr_line' id='line_1_4' title="bbox 718 463 2266 548; baseline -0.014 -17"><span class='ocrx_word' id='word_1_10' title='bbox 718 486 862 548; x_wconf 68' lang='lat' dir='ltr'><strong>gesta</strong></span> <span class='ocrx_word' id='word_1_11' title='bbox 898 482 950 528; x_wconf 91' lang='lat' dir='ltr'><strong>et</strong></span> <span class='ocrx_word' id='word_1_12' title='bbox 975 484 1136 541; x_wconf 80' lang='lat' dir='ltr'><strong>opera</strong></span> <span class='ocrx_word' id='word_1_13' title='bbox 1165 480 1266 521; x_wconf 84' lang='lat' dir='ltr'><strong>sua</strong></span> <span class='ocrx_word' id='word_1_14' title='bbox 1302 474 1505 520; x_wconf 78' lang='lat' dir='ltr'><strong>vestem</strong></span> <span class='ocrx_word' id='word_1_15' title='bbox 1536 463 1642 519; x_wconf 84' lang='lat' dir='ltr'><strong>sibi</strong></span> <span class='ocrx_word' id='word_1_16' title='bbox 1686 471 1902 529; x_wconf 79' lang='lat' dir='ltr'><strong>texunt,</strong></span> <span class='ocrx_word' id='word_1_17' title='bbox 1935 468 1990 515; x_wconf 94' lang='lat' dir='ltr'><strong>et</strong></span> <span class='ocrx_word' id='word_1_18' title='bbox 2020 469 2266 515; x_wconf 83' lang='lat' dir='ltr'><strong>ornatum</strong></span> 
     </span>
    </p>
   </div>
   <div class='ocr_carea' id='block_1_5' title="bbox 2385 446 3923 548">
    <p class='ocr_par' dir='ltr' id='par_1_5' title="bbox 2385 446 3923 526">
     <span class='ocr_line' id='line_1_5' title="bbox 2385 446 3923 526; baseline -0.003 -18"><span class='ocrx_word' id='word_1_19' title='bbox 2385 455 2671 526; x_wconf 73' lang='lat' dir='ltr'><strong>lvOptbmnv</strong></span> <span class='ocrx_word' id='word_1_20' title='bbox 2726 453 2913 525; x_wconf 72' lang='grc' dir='ltr'>στολὴν</span> <span class='ocrx_word' id='word_1_21' title='bbox 2951 451 3210 520; x_wconf 80' lang='grc' dir='ltr'>ύφαίνων,</span> <span class='ocrx_word' id='word_1_22' title='bbox 3261 449 3354 501; x_wconf 80' lang='grc' dir='ltr'><strong>καὶ</strong></span> <span class='ocrx_word' id='word_1_23' title='bbox 3411 447 3612 516; x_wconf 76' lang='grc' dir='ltr'>κόσμον</span> <span class='ocrx_word' id='word_1_24' title='bbox 3647 449 3712 516; x_wconf 75' lang='grc' dir='ltr'>τῇ</span> <span class='ocrx_word' id='word_1_25' title='bbox 3748 446 3923 503; x_wconf 77' lang='grc' dir='ltr'>ἑαυτοῦ</span> 
     </span>
    </p>
   </div>
   <div class='ocr_carea' id='block_1_6' title="bbox 717 561 1619 642">
    <p class='ocr_par' dir='ltr' id='par_1_6' title="bbox 717 561 1498 628">
     <span class='ocr_line' id='line_1_6' title="bbox 717 561 1498 628; baseline -0.017 -6"><span class='ocrx_word' id='word_1_26' title='bbox 717 568 906 622; x_wconf 70' lang='grc' dir='ltr'><strong>τοίη-ιο</strong></span> <span class='ocrx_word' id='word_1_27' title='bbox 933 577 1044 617; x_wconf 66' lang='lat' dir='ltr'><strong>suae</strong></span> <span class='ocrx_word' id='word_1_28' title='bbox 1072 561 1498 628; x_wconf 89' lang='lat' dir='ltr'><strong>circumponunt.</strong></span> 
     </span>
    </p>
   </div>
   <div class='ocr_carea' id='block_1_7' title="bbox 791 643 2267 710">
    <p class='ocr_par' dir='ltr' id='par_1_7' title="bbox 791 643 2267 710">
     <span class='ocr_line' id='line_1_7' title="bbox 791 643 2267 710; baseline -0.014 0"><span class='ocrx_word' id='word_1_29' title='bbox 791 655 952 710; x_wconf 73' lang='lat' dir='ltr'><strong>Vsus.</strong></span> <span class='ocrx_word' id='word_1_30' title='bbox 983 651 1069 705; x_wconf 77' lang='lat' dir='ltr'><strong>I3.</strong></span> <span class='ocrx_word' id='word_1_31' title='bbox 1115 669 1133 701; x_wconf 80' lang='grc' dir='ltr'><strong>ι</strong></span> <span class='ocrx_word' id='word_1_32' title='bbox 1171 650 1227 704; x_wconf 88' lang='lat' dir='ltr'><strong>lu</strong></span> <span class='ocrx_word' id='word_1_33' title='bbox 1261 646 1346 701; x_wconf 86' lang='lat' dir='ltr'><strong>die</strong></span> <span class='ocrx_word' id='word_1_34' title='bbox 1373 643 1462 698; x_wconf 88' lang='lat' dir='ltr'><strong>illa</strong></span> <span class='ocrx_word' id='word_1_35' title='bbox 1492 644 1725 697; x_wconf 87' lang='lat' dir='ltr'><strong>traditus</strong></span> <span class='ocrx_word' id='word_1_36' title='bbox 1763 656 1880 696; x_wconf 88' lang='lat' dir='ltr'><strong>sum</strong></span> <span class='ocrx_word' id='word_1_37' title='bbox 1914 653 2080 708; x_wconf 88' lang='lat' dir='ltr'><strong>usque</strong></span> <span class='ocrx_word' id='word_1_38' title='bbox 2113 649 2267 691; x_wconf 89' lang='lat' dir='ltr'><strong>mane</strong></span> 
     </span>
    </p>
   </div>
   <div class='ocr_carea' id='block_1_8' title="bbox 719 727 2268 805">
    <p class='ocr_par' dir='ltr' id='par_1_8' title="bbox 719 727 2268 805">
     <span class='ocr_line' id='line_1_8' title="bbox 719 727 2268 805; baseline -0.012 -5"><span class='ocrx_word' id='word_1_39' title='bbox 719 746 883 802; x_wconf 77' lang='lat' dir='ltr'><strong>veluti</strong></span> <span class='ocrx_word' id='word_1_40' title='bbox 928 743 1090 805; x_wconf 88' lang='lat' dir='ltr'><strong>leoni,</strong></span> <span class='ocrx_word' id='word_1_41' title='bbox 1128 742 1208 795; x_wconf 91' lang='lat' dir='ltr'><strong>sic</strong></span> <span class='ocrx_word' id='word_1_42' title='bbox 1255 737 1509 793; x_wconf 75' lang='lat' dir='ltr'><strong>contrivit</strong></span> <span class='ocrx_word' id='word_1_43' title='bbox 1541 733 1722 788; x_wconf 91' lang='lat' dir='ltr'><strong>omnia</strong></span> <span class='ocrx_word' id='word_1_44' title='bbox 1771 747 1892 787; x_wconf 79' lang='lat' dir='ltr'><strong>ossa</strong></span> <span class='ocrx_word' id='word_1_45' title='bbox 1935 744 2072 784; x_wconf 81' lang='lat' dir='ltr'><strong>mea.</strong></span> <span class='ocrx_word' id='word_1_46' title='bbox 2103 729 2147 782; x_wconf 78' lang='grc' dir='ltr'><strong>Α</strong></span> <span class='ocrx_word' id='word_1_47' title='bbox 2180 727 2268 782; x_wconf 89' lang='lat' dir='ltr'><strong>die</strong></span> 
     </span>
    </p>
   </div>
   <div class='ocr_carea' id='block_1_9' title="bbox 713 819 2266 903">
    <p class='ocr_par' dir='ltr' id='par_1_9' title="bbox 713 819 2266 903">
     <span class='ocr_line' id='line_1_9' title="bbox 713 819 2266 903; baseline -0.015 -11"><span class='ocrx_word' id='word_1_48' title='bbox 713 840 857 893; x_wconf 88' lang='lat' dir='ltr'><strong>enim</strong></span> <span class='ocrx_word' id='word_1_49' title='bbox 891 848 1058 903; x_wconf 82' lang='lat' dir='ltr'><strong>usque</strong></span> <span class='ocrx_word' id='word_1_50' title='bbox 1079 831 1145 885; x_wconf 85' lang='lat' dir='ltr'><strong>ad</strong></span> <span class='ocrx_word' id='word_1_51' title='bbox 1173 841 1380 884; x_wconf 89' lang='lat' dir='ltr'><strong>noctem</strong></span> <span class='ocrx_word' id='word_1_52' title='bbox 1409 825 1637 879; x_wconf 85' lang='lat' dir='ltr'><strong>traditus</strong></span> <span class='ocrx_word' id='word_1_53' title='bbox 1658 837 1795 877; x_wconf 89' lang='lat' dir='ltr'><strong>sum.</strong></span> <span class='ocrx_word' id='word_1_54' title='bbox 1827 840 1844 871; x_wconf 78' lang='grc' dir='ltr'>ι</span> <span class='ocrx_word' id='word_1_55' title='bbox 1873 819 2125 874; x_wconf 83' lang='lat' dir='ltr'><strong>Traditus</strong></span> <span class='ocrx_word' id='word_1_56' title='bbox 2148 833 2266 873; x_wconf 87' lang='lat' dir='ltr'><strong>sum</strong></span> 
     </span>
    </p>
   </div>
   <div class='ocr_carea' id='block_1_10' title="bbox 713 909 2269 983">
    <p class='ocr_par' dir='ltr' id='par_1_10' title="bbox 713 909 2269 983">
     <span class='ocr_line' id='line_1_10' title="bbox 713 909 2269 983; baseline -0.014 -2"><span class='ocrx_word' id='word_1_57' title='bbox 713 945 810 983; x_wconf 74' lang='lat' dir='ltr'><strong>reu</strong></span> <span class='ocrx_word' id='word_1_58' title='bbox 844 927 980 980; x_wconf 90' lang='lat' dir='ltr'><strong>leoni</strong></span> <span class='ocrx_word' id='word_1_59' title='bbox 1006 923 1215 979; x_wconf 82' lang='lat' dir='ltr'><strong>cuidam</strong></span> <span class='ocrx_word' id='word_1_60' title='bbox 1246 917 1493 974; x_wconf 82' lang='lat' dir='ltr'><strong>homines</strong></span> <span class='ocrx_word' id='word_1_61' title='bbox 1517 911 1796 969; x_wconf 79' lang='lat' dir='ltr'><strong>devoranti</strong></span> <span class='ocrx_word' id='word_1_62' title='bbox 1817 951 1832 976; x_wconf 93' lang='lat'><strong>,</strong></span> <span class='ocrx_word' id='word_1_63' title='bbox 1864 911 1954 980; x_wconf 86' lang='lat' dir='ltr'><strong>qui</strong></span> <span class='ocrx_word' id='word_1_64' title='bbox 1987 909 2138 978; x_wconf 84' lang='lat' dir='ltr'><strong>quasi</strong></span> <span class='ocrx_word' id='word_1_65' title='bbox 2175 921 2269 975; x_wconf 86' lang='lat' dir='ltr'><strong>per</strong></span> 
     </span>
    </p>
   </div>
   <div class='ocr_carea' id='block_1_11' title="bbox 715 999 2271 1072">
    <p class='ocr_par' dir='ltr' id='par_1_11' title="bbox 715 999 2271 1072">
     <span class='ocr_line' id='line_1_11' title="bbox 715 999 2271 1072; baseline -0.015 0"><span class='ocrx_word' id='word_1_66' title='bbox 715 1021 917 1072; x_wconf 81' lang='lat' dir='ltr'><strong>illatam</strong></span> <span class='ocrx_word' id='word_1_67' title='bbox 949 1015 1076 1068; x_wconf 88' lang='lat' dir='ltr'><strong>mihi</strong></span> <span class='ocrx_word' id='word_1_68' title='bbox 1109 1009 1512 1068; x_wconf 81' lang='lat' dir='ltr'><strong>inﬁrmitatem,</strong></span> <span class='ocrx_word' id='word_1_69' title='bbox 1546 1013 1658 1057; x_wconf 88' lang='lat' dir='ltr'><strong>tota</strong></span> <span class='ocrx_word' id='word_1_70' title='bbox 1688 1002 1774 1057; x_wconf 84' lang='lat' dir='ltr'><strong>die</strong></span> <span class='ocrx_word' id='word_1_71' title='bbox 1802 1009 1856 1054; x_wconf 88' lang='lat' dir='ltr'><strong>et</strong></span> <span class='ocrx_word' id='word_1_72' title='bbox 1887 1009 2044 1054; x_wconf 91' lang='lat' dir='ltr'><strong>nocte</strong></span> <span class='ocrx_word' id='word_1_73' title='bbox 2067 999 2271 1052; x_wconf 87' lang='lat' dir='ltr'><strong>contri-</strong></span> 
     </span>
    </p>
   </div>
   <div class='ocr_carea' id='block_1_12' title="bbox 712 1089 2270 1169">
    <p class='ocr_par' dir='ltr' id='par_1_12' title="bbox 712 1089 2270 1169">
     <span class='ocr_line' id='line_1_12' title="bbox 712 1089 2270 1169; baseline -0.012 -10"><span class='ocrx_word' id='word_1_74' title='bbox 712 1111 791 1162; x_wconf 75' lang='lat' dir='ltr'><strong>vit</strong></span> <span class='ocrx_word' id='word_1_75' title='bbox 818 1107 993 1162; x_wconf 85' lang='lat' dir='ltr'><strong>omnia</strong></span> <span class='ocrx_word' id='word_1_76' title='bbox 1029 1117 1148 1158; x_wconf 80' lang='lat' dir='ltr'><strong>ossa</strong></span> <span class='ocrx_word' id='word_1_77' title='bbox 1177 1115 1293 1156; x_wconf 85' lang='lat' dir='ltr'><strong>mea</strong></span> <span class='ocrx_word' id='word_1_78' title='bbox 1320 1115 1337 1166; x_wconf 80' lang='lat'><strong>°,</strong></span> <span class='ocrx_word' id='word_1_79' title='bbox 1369 1108 1662 1169; x_wconf 86' lang='lat' dir='ltr'><strong>parumque</strong></span> <span class='ocrx_word' id='word_1_80' title='bbox 1693 1090 1886 1156; x_wconf 80' lang='lat' dir='ltr'><strong>abfuit,</strong></span> <span class='ocrx_word' id='word_1_81' title='bbox 1915 1089 2043 1159; x_wconf 91' lang='lat' dir='ltr'><strong>quin</strong></span> <span class='ocrx_word' id='word_1_82' title='bbox 2073 1102 2159 1142; x_wconf 87' lang='lat' dir='ltr'><strong>me</strong></span> <span class='ocrx_word' id='word_1_83' title='bbox 2190 1097 2270 1141; x_wconf 87' lang='lat' dir='ltr'><strong>to-</strong></span> 
     </span>
    </p>
   </div>
   <div class='ocr_carea' id='block_1_13' title="bbox 717 1200 1151 1251">
    <p class='ocr_par' dir='ltr' id='par_1_13' title="bbox 717 1200 1151 1251">
     <span class='ocr_line' id='line_1_13' title="bbox 717 1200 1151 1251; baseline -0.007 0"><span class='ocrx_word' id='word_1_84' title='bbox 717 1209 827 1251; x_wconf 90' lang='lat' dir='ltr'><strong>tum</strong></span> <span class='ocrx_word' id='word_1_85' title='bbox 852 1200 1151 1250; x_wconf 72' lang='lat' dir='ltr'><strong>devoraret.</strong></span> 
     </span>
    </p>
   </div>
   <div class='ocr_carea' id='block_1_14' title="bbox 788 1270 2272 1348">
    <p class='ocr_par' dir='ltr' id='par_1_14' title="bbox 788 1270 2272 1348">
     <span class='ocr_line' id='line_1_14' title="bbox 788 1270 2272 1348; baseline -0.011 -9"><span class='ocrx_word' id='word_1_86' title='bbox 788 1285 952 1340; x_wconf 74' lang='lat' dir='ltr'><strong>Vens.</strong></span> <span class='ocrx_word' id='word_1_87' title='bbox 985 1284 1072 1339; x_wconf 67' lang='lat' dir='ltr'><strong>I4.</strong></span> <span class='ocrx_word' id='word_1_88' title='bbox 1111 1279 1130 1334; x_wconf 61' lang='grc' dir='ltr'>ι</span> <span class='ocrx_word' id='word_1_89' title='bbox 1163 1281 1314 1348; x_wconf 86' lang='lat' dir='ltr'><strong>Sicut</strong></span> <span class='ocrx_word' id='word_1_90' title='bbox 1357 1276 1608 1339; x_wconf 83' lang='lat' dir='ltr'><strong>hirundo,</strong></span> <span class='ocrx_word' id='word_1_91' title='bbox 1655 1274 1732 1328; x_wconf 87' lang='lat' dir='ltr'><strong>sic</strong></span> <span class='ocrx_word' id='word_1_92' title='bbox 1758 1272 2021 1332; x_wconf 74' lang='lat' dir='ltr'><strong>clamnlio,</strong></span> <span class='ocrx_word' id='word_1_93' title='bbox 2049 1278 2103 1324; x_wconf 85' lang='lat' dir='ltr'><strong>et</strong></span> <span class='ocrx_word' id='word_1_94' title='bbox 2131 1270 2272 1323; x_wconf 84' lang='lat' dir='ltr'><strong>sicut</strong></span> 
     </span>
    </p>
   </div>
   <div class='ocr_carea' id='block_1_15' title="bbox 716 1360 2269 1438">
    <p class='ocr_par' dir='ltr' id='par_1_15' title="bbox 716 1360 2269 1438">
     <span class='ocr_line' id='line_1_15' title="bbox 716 1360 2269 1438; baseline -0.013 -6"><span class='ocrx_word' id='word_1_95' title='bbox 716 1377 980 1438; x_wconf 83' lang='lat' dir='ltr'><strong>columba,</strong></span> <span class='ocrx_word' id='word_1_96' title='bbox 1003 1375 1082 1430; x_wconf 87' lang='lat' dir='ltr'><strong>sic</strong></span> <span class='ocrx_word' id='word_1_97' title='bbox 1107 1369 1420 1426; x_wconf 82' lang='lat' dir='ltr'><strong>meditabor.</strong></span> <span class='ocrx_word' id='word_1_98' title='bbox 1455 1365 1778 1422; x_wconf 76' lang='lat' dir='ltr'><strong>Defecerunt</strong></span> <span class='ocrx_word' id='word_1_99' title='bbox 1802 1364 1946 1418; x_wconf 91' lang='lat' dir='ltr'><strong>enim</strong></span> <span class='ocrx_word' id='word_1_100' title='bbox 1971 1361 2110 1417; x_wconf 90' lang='lat' dir='ltr'><strong>oculi</strong></span> <span class='ocrx_word' id='word_1_101' title='bbox 2143 1360 2269 1423; x_wconf 83' lang='lat' dir='ltr'><strong>mei,</strong></span> 
     </span>
    </p>
   </div>
   <div class='ocr_carea' id='block_1_16' title="bbox 717 1451 2265 1534">
    <p class='ocr_par' dir='ltr' id='par_1_16' title="bbox 717 1451 2265 1534">
     <span class='ocr_line' id='line_1_16' title="bbox 717 1451 2265 1534; baseline -0.016 -10"><span class='ocrx_word' id='word_1_102' title='bbox 717 1479 777 1524; x_wconf 93' lang='lat' dir='ltr'><strong>ut</strong></span> <span class='ocrx_word' id='word_1_103' title='bbox 803 1483 870 1522; x_wconf 89' lang='lat' dir='ltr'><strong>ne</strong></span> <span class='ocrx_word' id='word_1_104' title='bbox 896 1467 1190 1534; x_wconf 84' lang='lat' dir='ltr'><strong>aspicerem</strong></span> <span class='ocrx_word' id='word_1_105' title='bbox 1234 1456 1605 1514; x_wconf 75' lang='lat' dir='ltr'><strong>celsitudinem</strong></span> <span class='ocrx_word' id='word_1_106' title='bbox 1637 1453 1764 1510; x_wconf 60' lang='lat' dir='ltr'><strong>coeli</strong></span> <span class='ocrx_word' id='word_1_107' title='bbox 1797 1453 1863 1508; x_wconf 88' lang='lat' dir='ltr'><strong>ad</strong></span> <span class='ocrx_word' id='word_1_108' title='bbox 1911 1451 2212 1506; x_wconf 89' lang='lat' dir='ltr'><strong>Dominum.</strong></span> <span class='ocrx_word' id='word_1_109' title='bbox 2247 1466 2265 1498; x_wconf 77' lang='grc' dir='ltr'>ι</span> 
     </span>
    </p>
   </div>
   <div class='ocr_carea' id='block_1_17' title="bbox 717 1541 2272 1614">
    <p class='ocr_par' dir='ltr' id='par_1_17' title="bbox 717 1541 2272 1614">
     <span class='ocr_line' id='line_1_17' title="bbox 717 1541 2272 1614; baseline -0.014 0"><span class='ocrx_word' id='word_1_110' title='bbox 717 1562 966 1614; x_wconf 78' lang='lat' dir='ltr'><strong>Attamen</strong></span> <span class='ocrx_word' id='word_1_111' title='bbox 999 1556 1051 1609; x_wconf 93' lang='lat' dir='ltr'><strong>in</strong></span> <span class='ocrx_word' id='word_1_112' title='bbox 1099 1555 1198 1607; x_wconf 83' lang='lat' dir='ltr'><strong>hac</strong></span> <span class='ocrx_word' id='word_1_113' title='bbox 1235 1556 1412 1604; x_wconf 77' lang='lat' dir='ltr'><strong>rerum</strong></span> <span class='ocrx_word' id='word_1_114' title='bbox 1445 1546 1787 1608; x_wconf 88' lang='lat' dir='ltr'><strong>conditione,</strong></span> <span class='ocrx_word' id='word_1_115' title='bbox 1816 1558 1921 1598; x_wconf 90' lang='lat' dir='ltr'><strong>non</strong></span> <span class='ocrx_word' id='word_1_116' title='bbox 1971 1541 2272 1596; x_wconf 83' lang='lat' dir='ltr'><strong>inﬁrmatus</strong></span> 
     </span>
    </p>
   </div>
   <div class='ocr_carea' id='block_1_18' title="bbox 719 1632 2272 1712">
    <p class='ocr_par' dir='ltr' id='par_1_18' title="bbox 719 1632 2272 1712">
     <span class='ocr_line' id='line_1_18' title="bbox 719 1632 2272 1712; baseline -0.015 -5"><span class='ocrx_word' id='word_1_117' title='bbox 719 1665 836 1706; x_wconf 88' lang='lat' dir='ltr'><strong>sum</strong></span> <span class='ocrx_word' id='word_1_118' title='bbox 857 1689 874 1712; x_wconf 90' lang='lat'><strong>,</strong></span> <span class='ocrx_word' id='word_1_119' title='bbox 905 1662 1006 1702; x_wconf 90' lang='lat' dir='ltr'><strong>nec</strong></span> <span class='ocrx_word' id='word_1_120' title='bbox 1028 1660 1059 1699; x_wconf 74' lang='grc' dir='ltr'>ιι</span> <span class='ocrx_word' id='word_1_121' title='bbox 1092 1643 1198 1698; x_wconf 84' lang='lat' dir='ltr'><strong>De0</strong></span> <span class='ocrx_word' id='word_1_122' title='bbox 1223 1654 1340 1694; x_wconf 87' lang='lat' dir='ltr'><strong>meo</strong></span> <span class='ocrx_word' id='word_1_123' title='bbox 1373 1638 1572 1692; x_wconf 91' lang='lat' dir='ltr'><strong>recessi</strong></span> <span class='ocrx_word' id='word_1_124' title='bbox 1595 1675 1612 1701; x_wconf 87' lang='lat'><strong>,</strong></span> <span class='ocrx_word' id='word_1_125' title='bbox 1637 1637 1732 1689; x_wconf 86' lang='lat' dir='ltr'><strong>sed</strong></span> <span class='ocrx_word' id='word_1_126' title='bbox 1765 1634 1869 1688; x_wconf 78' lang='lat' dir='ltr'><strong>[ide</strong></span> <span class='ocrx_word' id='word_1_127' title='bbox 1899 1648 2099 1703; x_wconf 88' lang='lat' dir='ltr'><strong>speque</strong></span> <span class='ocrx_word' id='word_1_128' title='bbox 2134 1632 2272 1686; x_wconf 88' lang='lat' dir='ltr'><strong>bona</strong></span> 
     </span>
    </p>
   </div>
   <div class='ocr_carea' id='block_1_19' title="bbox 721 1721 2270 1806">
    <p class='ocr_par' dir='ltr' id='par_1_19' title="bbox 721 1721 2270 1806">
     <span class='ocr_line' id='line_1_19' title="bbox 721 1721 2270 1806; baseline -0.013 -13"><span class='ocrx_word' id='word_1_129' title='bbox 721 1741 979 1806; x_wconf 85' lang='lat' dir='ltr'><strong>tneipsum</strong></span> <span class='ocrx_word' id='word_1_130' title='bbox 1009 1733 1370 1793; x_wconf 77' lang='lat' dir='ltr'><strong>conﬁrmans,</strong></span> <span class='ocrx_word' id='word_1_131' title='bbox 1402 1727 1616 1783; x_wconf 89' lang='lat' dir='ltr'><strong>IIetibus</strong></span> <span class='ocrx_word' id='word_1_132' title='bbox 1657 1733 1713 1779; x_wconf 88' lang='lat' dir='ltr'><strong>et</strong></span> <span class='ocrx_word' id='word_1_133' title='bbox 1739 1723 1970 1779; x_wconf 88' lang='lat' dir='ltr'><strong>orationi</strong></span> <span class='ocrx_word' id='word_1_134' title='bbox 2005 1737 2087 1776; x_wconf 88' lang='lat' dir='ltr'><strong>me</strong></span> <span class='ocrx_word' id='word_1_135' title='bbox 2111 1721 2227 1776; x_wconf 88' lang='lat' dir='ltr'><strong>dedi</strong></span> <span class='ocrx_word' id='word_1_136' title='bbox 2254 1736 2270 1785; x_wconf 86' lang='lat'><strong>;</strong></span> 
     </span>
    </p>
   </div>
   <div class='ocr_carea' id='block_1_20' title="bbox 718 1805 2346 1887">
    <p class='ocr_par' dir='ltr' id='par_1_20' title="bbox 718 1805 2346 1887">
     <span class='ocr_line' id='line_1_20' title="bbox 718 1805 2346 1887; baseline -0.012 -3"><span class='ocrx_word' id='word_1_137' title='bbox 718 1844 804 1884; x_wconf 86' lang='lat' dir='ltr'><strong>me</strong></span> <span class='ocrx_word' id='word_1_138' title='bbox 832 1805 959 1883; x_wconf 60' lang='lat' dir='ltr'><strong>sero</strong></span> <span class='ocrx_word' id='word_1_139' title='bbox 987 1825 1204 1880; x_wconf 85' lang='lat' dir='ltr'><strong>assidue</strong></span> <span class='ocrx_word' id='word_1_140' title='bbox 1229 1829 1440 1887; x_wconf 89' lang='lat' dir='ltr'><strong>orante,</strong></span> <span class='ocrx_word' id='word_1_141' title='bbox 1467 1828 1630 1886; x_wconf 87' lang='lat' dir='ltr'><strong>atque</strong></span> <span class='ocrx_word' id='word_1_142' title='bbox 1653 1813 1902 1884; x_wconf 91' lang='lat' dir='ltr'><strong>precibus</strong></span> <span class='ocrx_word' id='word_1_143' title='bbox 1929 1814 2066 1882; x_wconf 88' lang='lat' dir='ltr'><strong>apud</strong></span> <span class='ocrx_word' id='word_1_144' title='bbox 2105 1814 2268 1868; x_wconf 84' lang='lat' dir='ltr'><strong>Deum</strong></span> <span class='ocrx_word' id='word_1_145' title='bbox 2303 1805 2346 1864; x_wconf 87' lang='grc' dir='ltr'><strong><em>Β</em></strong></span> 
     </span>
    </p>
   </div>
   <div class='ocr_carea' id='block_1_21' title="bbox 720 1905 2273 1985">
    <p class='ocr_par' dir='ltr' id='par_1_21' title="bbox 720 1905 2273 1985">
     <span class='ocr_line' id='line_1_21' title="bbox 720 1905 2273 1985; baseline -0.012 -9"><span class='ocrx_word' id='word_1_146' title='bbox 720 1919 1027 1983; x_wconf 86' lang='lat' dir='ltr'><strong>insistente,</strong></span> <span class='ocrx_word' id='word_1_147' title='bbox 1052 1917 1167 1985; x_wconf 85' lang='lat' dir='ltr'><strong>ipse</strong></span> <span class='ocrx_word' id='word_1_148' title='bbox 1200 1931 1220 1966; x_wconf 74' lang='grc' dir='ltr'>ι</span> <span class='ocrx_word' id='word_1_149' title='bbox 1250 1913 1396 1968; x_wconf 88' lang='lat' dir='ltr'><strong>eruit</strong></span> <span class='ocrx_word' id='word_1_150' title='bbox 1423 1925 1530 1975; x_wconf 90' lang='lat' dir='ltr'><strong>me,</strong></span> <span class='ocrx_word' id='word_1_151' title='bbox 1554 1918 1606 1964; x_wconf 87' lang='lat' dir='ltr'><strong>et</strong></span> <span class='ocrx_word' id='word_1_152' title='bbox 1634 1906 1855 1963; x_wconf 81' lang='lat' dir='ltr'><strong>abstulit</strong></span> <span class='ocrx_word' id='word_1_153' title='bbox 1881 1906 2119 1961; x_wconf 88' lang='lat' dir='ltr'><strong>dolorem</strong></span> <span class='ocrx_word' id='word_1_154' title='bbox 2154 1905 2273 1959; x_wconf 87' lang='lat' dir='ltr'><strong>ani-</strong></span> 
     </span>
    </p>
   </div>
   <div class='ocr_carea' id='block_1_22' title="bbox 720 1995 2274 2073">
    <p class='ocr_par' dir='ltr' id='par_1_22' title="bbox 720 1995 2274 2073">
     <span class='ocr_line' id='line_1_22' title="bbox 720 1995 2274 2073; baseline -0.01 -9"><span class='ocrx_word' id='word_1_155' title='bbox 720 2023 821 2066; x_wconf 63' lang='lat' dir='ltr'><strong>ma</strong></span> <span class='ocrx_word' id='word_1_156' title='bbox 847 2024 997 2064; x_wconf 71' lang='lat' dir='ltr'><strong>meae.</strong></span> <span class='ocrx_word' id='word_1_157' title='bbox 1035 2025 1055 2060; x_wconf 73' lang='grc' dir='ltr'>ι</span> <span class='ocrx_word' id='word_1_158' title='bbox 1087 2005 1200 2068; x_wconf 89' lang='lat' dir='ltr'><strong>Iile,</strong></span> <span class='ocrx_word' id='word_1_159' title='bbox 1230 2004 1473 2073; x_wconf 89' lang='lat' dir='ltr'><strong>inquam,</strong></span> <span class='ocrx_word' id='word_1_160' title='bbox 1501 1997 1634 2054; x_wconf 83' lang='lat' dir='ltr'><strong>nihil</strong></span> <span class='ocrx_word' id='word_1_161' title='bbox 1660 2005 1967 2059; x_wconf 86' lang='lat' dir='ltr'><strong>cunctatus,</strong></span> <span class='ocrx_word' id='word_1_162' title='bbox 1989 1995 2133 2050; x_wconf 89' lang='lat' dir='ltr'><strong>eruit</strong></span> <span class='ocrx_word' id='word_1_163' title='bbox 2167 2011 2274 2059; x_wconf 89' lang='lat' dir='ltr'><strong>mc,</strong></span> 
     </span>
    </p>
   </div>
   <div class='ocr_carea' id='block_1_23' title="bbox 719 2088 2280 2158">
    <p class='ocr_par' dir='ltr' id='par_1_23' title="bbox 719 2088 2280 2158">
     <span class='ocr_line' id='line_1_23' title="bbox 719 2088 2280 2158; baseline -0.012 1"><span class='ocrx_word' id='word_1_164' title='bbox 719 2112 776 2158; x_wconf 89' lang='lat' dir='ltr'><strong>et</strong></span> <span class='ocrx_word' id='word_1_165' title='bbox 816 2100 1035 2158; x_wconf 83' lang='lat' dir='ltr'><strong>sustulit</strong></span> <span class='ocrx_word' id='word_1_166' title='bbox 1081 2097 1319 2152; x_wconf 85' lang='lat' dir='ltr'><strong>dolorem</strong></span> <span class='ocrx_word' id='word_1_167' title='bbox 1366 2093 1566 2147; x_wconf 70' lang='lat' dir='ltr'><strong>anima</strong></span> <span class='ocrx_word' id='word_1_168' title='bbox 1604 2104 1738 2146; x_wconf 66' lang='lat' dir='ltr'><strong>meae</strong></span> <span class='ocrx_word' id='word_1_169' title='bbox 1775 2110 1788 2146; x_wconf 92' lang='lat'><strong>:</strong></span> <span class='ocrx_word' id='word_1_170' title='bbox 1819 2104 1885 2144; x_wconf 92' lang='lat' dir='ltr'><strong>ac</strong></span> <span class='ocrx_word' id='word_1_171' title='bbox 1935 2090 1982 2144; x_wconf 87' lang='lat' dir='ltr'><strong>si</strong></span> <span class='ocrx_word' id='word_1_172' title='bbox 2030 2088 2280 2142; x_wconf 74' lang='lat' dir='ltr'><strong>videlicet</strong></span> 
     </span>
    </p>
   </div>
   <div class='ocr_carea' id='block_1_24' title="bbox 723 2179 2279 2263">
    <p class='ocr_par' dir='ltr' id='par_1_24' title="bbox 723 2179 2279 2263">
     <span class='ocr_line' id='line_1_24' title="bbox 723 2179 2279 2263; baseline -0.006 -21"><span class='ocrx_word' id='word_1_173' title='bbox 723 2191 1000 2263; x_wconf 72' lang='lat' dir='ltr'><strong>promissis</strong></span> <span class='ocrx_word' id='word_1_174' title='bbox 1051 2188 1209 2242; x_wconf 88' lang='lat' dir='ltr'><strong>Iidem</strong></span> <span class='ocrx_word' id='word_1_175' title='bbox 1258 2185 1485 2240; x_wconf 87' lang='lat' dir='ltr'><strong>adderet</strong></span> <span class='ocrx_word' id='word_1_176' title='bbox 1545 2196 1669 2251; x_wconf 67' lang='lat' dir='ltr'><strong>qua</strong></span> <span class='ocrx_word' id='word_1_177' title='bbox 1729 2179 1936 2235; x_wconf 84' lang='lat' dir='ltr'><strong>sanctis</strong></span> <span class='ocrx_word' id='word_1_178' title='bbox 2003 2179 2117 2234; x_wconf 86' lang='lat' dir='ltr'><strong>suis</strong></span> <span class='ocrx_word' id='word_1_179' title='bbox 2186 2179 2279 2232; x_wconf 83' lang='lat' dir='ltr'><strong>de-</strong></span> 
     </span>
    </p>
   </div>
   <div class='ocr_carea' id='block_1_25' title="bbox 721 2269 2282 2344">
    <p class='ocr_par' dir='ltr' id='par_1_25' title="bbox 721 2269 2282 2344">
     <span class='ocr_line' id='line_1_25' title="bbox 721 2269 2282 2344; baseline -0.008 -8"><span class='ocrx_word' id='word_1_180' title='bbox 721 2286 800 2336; x_wconf 89' lang='lat' dir='ltr'><strong>dit</strong></span> <span class='ocrx_word' id='word_1_181' title='bbox 836 2281 922 2336; x_wconf 86' lang='lat' dir='ltr'><strong>his</strong></span> <span class='ocrx_word' id='word_1_182' title='bbox 958 2280 1175 2336; x_wconf 75' lang='lat' dir='ltr'><strong>verbis:</strong></span> <span class='ocrx_word' id='word_1_183' title='bbox 1221 2294 1242 2330; x_wconf 78' lang='grc' dir='ltr'>ι</span> <span class='ocrx_word' id='word_1_184' title='bbox 1280 2276 1472 2332; x_wconf 83' lang='lat' dir='ltr'><strong>Adhuc</strong></span> <span class='ocrx_word' id='word_1_185' title='bbox 1511 2284 1564 2328; x_wconf 90' lang='lat' dir='ltr'><strong>te</strong></span> <span class='ocrx_word' id='word_1_186' title='bbox 1598 2272 1873 2344; x_wconf 84' lang='lat' dir='ltr'><strong>loquente,</strong></span> <span class='ocrx_word' id='word_1_187' title='bbox 1897 2271 2071 2326; x_wconf 91' lang='lat' dir='ltr'><strong>dicam</strong></span> <span class='ocrx_word' id='word_1_188' title='bbox 2099 2287 2114 2324; x_wconf 88' lang='lat'><strong>:</strong></span> <span class='ocrx_word' id='word_1_189' title='bbox 2144 2269 2282 2324; x_wconf 83' lang='lat' dir='ltr'><strong>Ecce</strong></span> 
     </span>
    </p>
   </div>
   <div class='ocr_carea' id='block_1_26' title="bbox 724 2374 1455 2429">
    <p class='ocr_par' dir='ltr' id='par_1_26' title="bbox 724 2374 1455 2429">
     <span class='ocr_line' id='line_1_26' title="bbox 724 2374 1455 2429; baseline -0.012 0"><span class='ocrx_word' id='word_1_190' title='bbox 724 2374 932 2429; x_wconf 86' lang='lat' dir='ltr'><strong>adsum.</strong></span> <span class='ocrx_word' id='word_1_191' title='bbox 972 2388 994 2423; x_wconf 74' lang='grc' dir='ltr'><strong>ι</strong></span> <span class='ocrx_word' id='word_1_192' title='bbox 1450 2386 1455 2390; x_wconf 92' lang='grc'>·</span> 
     </span>
    </p>
   </div>
   <div class='ocr_carea' id='block_1_27' title="bbox 795 2583 2280 2658">
    <p class='ocr_par' dir='ltr' id='par_1_27' title="bbox 795 2583 2280 2658">
     <span class='ocr_line' id='line_1_27' title="bbox 795 2583 2280 2658; baseline -0.011 -8"><span class='ocrx_word' id='word_1_193' title='bbox 795 2592 962 2650; x_wconf 71' lang='lat' dir='ltr'><strong>Vna.</strong></span> <span class='ocrx_word' id='word_1_194' title='bbox 1000 2591 1086 2648; x_wconf 76' lang='grc' dir='ltr'><strong>ιο.</strong></span> <span class='ocrx_word' id='word_1_195' title='bbox 1120 2611 1141 2644; x_wconf 75' lang='grc' dir='ltr'>ι</span> <span class='ocrx_word' id='word_1_196' title='bbox 1181 2590 1427 2654; x_wconf 89' lang='lat' dir='ltr'><strong>Domine,</strong></span> <span class='ocrx_word' id='word_1_197' title='bbox 1448 2588 1517 2644; x_wconf 85' lang='lat' dir='ltr'><strong>de</strong></span> <span class='ocrx_word' id='word_1_198' title='bbox 1549 2586 1662 2658; x_wconf 87' lang='lat' dir='ltr'><strong>ipsa</strong></span> <span class='ocrx_word' id='word_1_199' title='bbox 1686 2585 1882 2657; x_wconf 80' lang='lat' dir='ltr'><strong>quippe</strong></span> <span class='ocrx_word' id='word_1_200' title='bbox 1917 2583 2280 2640; x_wconf 81' lang='lat' dir='ltr'><strong>renuntiatum</strong></span> 
     </span>
    </p>
   </div>
   <div class='ocr_carea' id='block_1_28' title="bbox 724 2668 2285 2745">
    <p class='ocr_par' dir='ltr' id='par_1_28' title="bbox 724 2668 2285 2745">
     <span class='ocr_line' id='line_1_28' title="bbox 724 2668 2285 2745; baseline -0.01 -6"><span class='ocrx_word' id='word_1_201' title='bbox 724 2690 812 2738; x_wconf 90' lang='lat' dir='ltr'><strong>est</strong></span> <span class='ocrx_word' id='word_1_202' title='bbox 838 2683 935 2737; x_wconf 82' lang='lat' dir='ltr'><strong>tibi</strong></span> <span class='ocrx_word' id='word_1_203' title='bbox 959 2697 978 2736; x_wconf 85' lang='lat'><strong>:</strong></span> <span class='ocrx_word' id='word_1_204' title='bbox 1013 2689 1071 2736; x_wconf 91' lang='lat' dir='ltr'><strong>et</strong></span> <span class='ocrx_word' id='word_1_205' title='bbox 1101 2675 1348 2735; x_wconf 76' lang='lat' dir='ltr'><strong>excitasti</strong></span> <span class='ocrx_word' id='word_1_206' title='bbox 1380 2676 1625 2745; x_wconf 83' lang='lat' dir='ltr'><strong>spiritum</strong></span> <span class='ocrx_word' id='word_1_207' title='bbox 1663 2687 1862 2737; x_wconf 89' lang='lat' dir='ltr'><strong>meum,</strong></span> <span class='ocrx_word' id='word_1_208' title='bbox 1893 2683 1948 2727; x_wconf 86' lang='lat' dir='ltr'><strong>ct</strong></span> <span class='ocrx_word' id='word_1_209' title='bbox 1975 2668 2285 2725; x_wconf 81' lang='lat' dir='ltr'><strong>consolatus</strong></span> 
     </span>
    </p>
   </div>
   <div class='ocr_carea' id='block_1_29' title="bbox 725 2767 2284 2843">
    <p class='ocr_par' dir='ltr' id='par_1_29' title="bbox 725 2767 2284 2843">
     <span class='ocr_line' id='line_1_29' title="bbox 725 2767 2284 2843; baseline -0.009 -17"><span class='ocrx_word' id='word_1_210' title='bbox 725 2773 834 2828; x_wconf 73' lang='lat' dir='ltr'><strong>visi</strong></span> <span class='ocrx_word' id='word_1_211' title='bbox 856 2770 992 2843; x_wconf 69' lang='lat'><strong>(35).</strong></span> <span class='ocrx_word' id='word_1_212' title='bbox 1025 2787 1045 2822; x_wconf 76' lang='grc' dir='ltr'>ι</span> <span class='ocrx_word' id='word_1_213' title='bbox 1077 2769 1189 2824; x_wconf 79' lang='lat' dir='ltr'><strong>Non</strong></span> <span class='ocrx_word' id='word_1_214' title='bbox 1210 2769 1352 2837; x_wconf 89' lang='lat' dir='ltr'><strong>quod</strong></span> <span class='ocrx_word' id='word_1_215' title='bbox 1374 2767 1442 2823; x_wconf 87' lang='lat' dir='ltr'><strong>iis</strong></span> <span class='ocrx_word' id='word_1_216' title='bbox 1463 2767 1661 2837; x_wconf 76' lang='lat' dir='ltr'><strong>dignus</strong></span> <span class='ocrx_word' id='word_1_217' title='bbox 1688 2777 1863 2820; x_wconf 87' lang='lat' dir='ltr'><strong>essem</strong></span> <span class='ocrx_word' id='word_1_218' title='bbox 1890 2785 1905 2818; x_wconf 68' lang='grc' dir='ltr'><strong>ι</strong></span> <span class='ocrx_word' id='word_1_219' title='bbox 1938 2777 2061 2816; x_wconf 87' lang='lat' dir='ltr'><strong>nam</strong></span> <span class='ocrx_word' id='word_1_220' title='bbox 2094 2773 2284 2830; x_wconf 88' lang='lat' dir='ltr'><strong>pecca-</strong></span> 
     </span>
    </p>
   </div>
   <div class='ocr_carea' id='block_1_30' title="bbox 728 2848 2285 2925">
    <p class='ocr_par' dir='ltr' id='par_1_30' title="bbox 728 2848 2285 2925">
     <span class='ocr_line' id='line_1_30' title="bbox 728 2848 2285 2925; baseline -0.009 -10"><span class='ocrx_word' id='word_1_221' title='bbox 728 2863 796 2915; x_wconf 80' lang='lat' dir='ltr'><strong>tis</strong></span> <span class='ocrx_word' id='word_1_222' title='bbox 822 2858 1004 2914; x_wconf 88' lang='lat' dir='ltr'><strong>multis</strong></span> <span class='ocrx_word' id='word_1_223' title='bbox 1030 2856 1218 2925; x_wconf 91' lang='lat' dir='ltr'><strong>plenus</strong></span> <span class='ocrx_word' id='word_1_224' title='bbox 1241 2868 1390 2910; x_wconf 87' lang='lat' dir='ltr'><strong>eram</strong></span> <span class='ocrx_word' id='word_1_225' title='bbox 1411 2892 1430 2919; x_wconf 90' lang='lat'><strong>,</strong></span> <span class='ocrx_word' id='word_1_226' title='bbox 1455 2854 1550 2910; x_wconf 88' lang='lat' dir='ltr'><strong>sed</strong></span> <span class='ocrx_word' id='word_1_227' title='bbox 1581 2867 1652 2908; x_wconf 83' lang='lat' dir='ltr'><strong>es</strong></span> <span class='ocrx_word' id='word_1_228' title='bbox 1685 2849 2061 2907; x_wconf 81' lang='lat' dir='ltr'><strong>misericordia</strong></span> <span class='ocrx_word' id='word_1_229' title='bbox 2094 2858 2151 2903; x_wconf 90' lang='lat' dir='ltr'><strong>et</strong></span> <span class='ocrx_word' id='word_1_230' title='bbox 2180 2848 2285 2903; x_wconf 84' lang='lat' dir='ltr'><strong>cle-</strong></span> 
     </span>
    </p>
   </div>
   <div class='ocr_carea' id='block_1_31' title="bbox 729 2941 1526 3004">
    <p class='ocr_par' dir='ltr' id='par_1_31' title="bbox 729 2941 1526 3004">
     <span class='ocr_line' id='line_1_31' title="bbox 729 2941 1526 3004; baseline -0.009 -1"><span class='ocrx_word' id='word_1_231' title='bbox 729 2948 926 3004; x_wconf 84' lang='lat' dir='ltr'><strong>mentia</strong></span> <span class='ocrx_word' id='word_1_232' title='bbox 953 2955 1043 3000; x_wconf 89' lang='lat' dir='ltr'><strong>tua</strong></span> <span class='ocrx_word' id='word_1_233' title='bbox 1072 2945 1186 2999; x_wconf 63' lang='lat' dir='ltr'><strong>baro</strong></span> <span class='ocrx_word' id='word_1_234' title='bbox 1212 2941 1526 2998; x_wconf 76' lang='lat' dir='ltr'><strong>adfuerunt.</strong></span> 
     </span>
    </p>
   </div>
   <div class='ocr_carea' id='block_1_32' title="bbox 800 3026 2286 3116">
    <p class='ocr_par' dir='ltr' id='par_1_32' title="bbox 800 3026 2286 3116">
     <span class='ocr_line' id='line_1_32' title="bbox 800 3026 2286 3116; baseline -0.009 -1"><span class='ocrx_word' id='word_1_235' title='bbox 800 3058 965 3116; x_wconf 70' lang='lat' dir='ltr'><strong>Vsus.</strong></span> <span class='ocrx_word' id='word_1_236' title='bbox 997 3055 1185 3112; x_wconf 60' lang='lat' dir='ltr'><strong>I749.</strong></span> <span class='ocrx_word' id='word_1_237' title='bbox 1221 3070 1243 3107; x_wconf 74' lang='grc' dir='ltr'>ι</span> <span class='ocrx_word' id='word_1_238' title='bbox 1277 3026 1485 3110; x_wconf 60' lang='grc' dir='ltr'><strong>ἒτυίειὶ</strong></span> <span class='ocrx_word' id='word_1_239' title='bbox 1529 3053 1675 3108; x_wconf 89' lang='lat' dir='ltr'><strong>enim</strong></span> <span class='ocrx_word' id='word_1_240' title='bbox 1711 3051 1945 3107; x_wconf 89' lang='lat' dir='ltr'><strong>animam</strong></span> <span class='ocrx_word' id='word_1_241' title='bbox 1974 3064 2147 3106; x_wconf 76' lang='lat' dir='ltr'><strong>meant</strong></span> <span class='ocrx_word' id='word_1_242' title='bbox 2170 3087 2187 3113; x_wconf 89' lang='lat'><strong>,</strong></span> <span class='ocrx_word' id='word_1_243' title='bbox 2229 3056 2286 3102; x_wconf 91' lang='lat' dir='ltr'><strong>ut</strong></span> 
     </span>
    </p>
   </div>
   <div class='ocr_carea' id='block_1_33' title="bbox 2373 541 3584 620">
    <p class='ocr_par' dir='ltr' id='par_1_33' title="bbox 2373 541 3584 620">
     <span class='ocr_line' id='line_1_33' title="bbox 2373 541 3584 620; baseline -0.007 -19"><span class='ocrx_word' id='word_1_244' title='bbox 2373 547 2667 620; x_wconf 73' lang='grc' dir='ltr'>περιτιθεὶς</span> <span class='ocrx_word' id='word_1_245' title='bbox 2695 547 2838 616; x_wconf 77' lang='grc' dir='ltr'>ψυχῇ</span> <span class='ocrx_word' id='word_1_246' title='bbox 2870 544 2958 598; x_wconf 82' lang='grc' dir='ltr'>διὰ</span> <span class='ocrx_word' id='word_1_247' title='bbox 2984 543 3093 596; x_wconf 88' lang='grc' dir='ltr'>τῶν</span> <span class='ocrx_word' id='word_1_248' title='bbox 3123 541 3287 595; x_wconf 79' lang='grc' dir='ltr'>αὑτοῦ</span> <span class='ocrx_word' id='word_1_249' title='bbox 3318 542 3584 611; x_wconf 77' lang='grc' dir='ltr'>πράξεων.</span> 
     </span>
    </p>
   </div>
   <div class='ocr_carea' id='block_1_34' title="bbox 2449 629 3930 708">
    <p class='ocr_par' dir='ltr' id='par_1_34' title="bbox 2449 629 3930 708">
     <span class='ocr_line' id='line_1_34' title="bbox 2449 629 3930 708; baseline -0.005 -18"><span class='ocrx_word' id='word_1_250' title='bbox 2449 657 2470 690; x_wconf 72' lang='grc' dir='ltr'>ι</span> <span class='ocrx_word' id='word_1_251' title='bbox 2512 639 2600 692; x_wconf 81' lang='grc' dir='ltr'><strong>Ἐν</strong></span> <span class='ocrx_word' id='word_1_252' title='bbox 2631 641 2697 706; x_wconf 80' lang='grc' dir='ltr'>τῇ</span> <span class='ocrx_word' id='word_1_253' title='bbox 2726 637 2907 708; x_wconf 74' lang='grc' dir='ltr'>ἡμέρα</span> <span class='ocrx_word' id='word_1_254' title='bbox 2952 633 3136 706; x_wconf 70' lang='grc' dir='ltr'><strong>ἐκείνῃ</strong></span> <span class='ocrx_word' id='word_1_255' title='bbox 3187 632 3491 704; x_wconf 79' lang='grc' dir='ltr'>παρεδόθην</span> <span class='ocrx_word' id='word_1_256' title='bbox 3528 632 3642 693; x_wconf 60' lang='grc' dir='ltr'><strong>ἕως⁸</strong></span> <span class='ocrx_word' id='word_1_257' title='bbox 3671 629 3814 700; x_wconf 70' lang='grc' dir='ltr'>πρωῒ</span> <span class='ocrx_word' id='word_1_258' title='bbox 3860 630 3930 694; x_wconf 83' lang='grc' dir='ltr'><strong>ὡς</strong></span> 
     </span>
    </p>
   </div>
   <div class='ocr_carea' id='block_1_35' title="bbox 2373 722 3930 799">
    <p class='ocr_par' dir='ltr' id='par_1_35' title="bbox 2373 722 3930 799">
     <span class='ocr_line' id='line_1_35' title="bbox 2373 722 3930 799; baseline -0.006 -14"><span class='ocrx_word' id='word_1_259' title='bbox 2373 731 2566 795; x_wconf 80' lang='grc' dir='ltr'>λέοντι,</span> <span class='ocrx_word' id='word_1_260' title='bbox 2615 729 2786 793; x_wconf 78' lang='grc' dir='ltr'>οὕτως</span> <span class='ocrx_word' id='word_1_261' title='bbox 2829 727 3115 799; x_wconf 78' lang='grc' dir='ltr'>συνέτριψε</span> <span class='ocrx_word' id='word_1_262' title='bbox 3162 726 3341 780; x_wconf 82' lang='grc' dir='ltr'>πάντα</span> <span class='ocrx_word' id='word_1_263' title='bbox 3376 725 3443 779; x_wconf 75' lang='grc' dir='ltr'><strong>τὰ</strong></span> <span class='ocrx_word' id='word_1_264' title='bbox 3468 724 3602 778; x_wconf 75' lang='grc' dir='ltr'>ὀστᾶ</span> <span class='ocrx_word' id='word_1_265' title='bbox 3641 740 3764 791; x_wconf 87' lang='grc' dir='ltr'><strong>μου.</strong></span> <span class='ocrx_word' id='word_1_266' title='bbox 3808 722 3930 776; x_wconf 73' lang='grc' dir='ltr'><strong>Ἀπὸ</strong></span> 
     </span>
    </p>
   </div>
   <div class='ocr_carea' id='block_1_36' title="bbox 2375 812 3932 891">
    <p class='ocr_par' dir='ltr' id='par_1_36' title="bbox 2375 812 3932 891">
     <span class='ocr_line' id='line_1_36' title="bbox 2375 812 3932 891; baseline -0.007 -18"><span class='ocrx_word' id='word_1_267' title='bbox 2375 820 2482 891; x_wconf 80' lang='grc' dir='ltr'><strong>γὰρ</strong></span> <span class='ocrx_word' id='word_1_268' title='bbox 2511 820 2610 888; x_wconf 83' lang='grc' dir='ltr'><strong>τῆς</strong></span> <span class='ocrx_word' id='word_1_269' title='bbox 2636 818 2847 889; x_wconf 80' lang='grc' dir='ltr'>ἡμέρας</span> <span class='ocrx_word' id='word_1_270' title='bbox 2880 814 3185 879; x_wconf 76' lang='grc' dir='ltr'>ἓωςνυκτὺς</span> <span class='ocrx_word' id='word_1_271' title='bbox 3199 814 3520 884; x_wconf 82' lang='grc' dir='ltr'>παρεδόθην.</span> <span class='ocrx_word' id='word_1_272' title='bbox 3561 831 3580 863; x_wconf 70' lang='grc' dir='ltr'>ι</span> <span class='ocrx_word' id='word_1_273' title='bbox 3601 812 3809 881; x_wconf 83' lang='grc' dir='ltr'>Ὠσπερ</span> <span class='ocrx_word' id='word_1_274' title='bbox 3834 812 3932 878; x_wconf 58' lang='grc' dir='ltr'><strong>¹ιινὶ</strong></span> 
     </span>
    </p>
   </div>
   <div class='ocr_carea' id='block_1_37' title="bbox 2374 903 3933 984">
    <p class='ocr_par' dir='ltr' id='par_1_37' title="bbox 2374 903 3933 984">
     <span class='ocr_line' id='line_1_37' title="bbox 2374 903 3933 984; baseline -0.008 -19"><span class='ocrx_word' id='word_1_275' title='bbox 2374 909 2774 984; x_wconf 78' lang='grc' dir='ltr'>ἀνθρωποὸόρῳ</span> <span class='ocrx_word' id='word_1_276' title='bbox 2805 908 2999 968; x_wconf 71' lang='grc' dir='ltr'>λέοντι,</span> <span class='ocrx_word' id='word_1_277' title='bbox 3027 908 3086 971; x_wconf 77' lang='grc' dir='ltr'><strong>ὃς</strong></span> <span class='ocrx_word' id='word_1_278' title='bbox 3119 923 3180 959; x_wconf 85' lang='grc' dir='ltr'><strong>τε</strong></span> <span class='ocrx_word' id='word_1_279' title='bbox 3201 906 3278 968; x_wconf 85' lang='grc' dir='ltr'>ὡς</span> <span class='ocrx_word' id='word_1_280' title='bbox 3310 905 3408 976; x_wconf 84' lang='grc' dir='ltr'><strong>μὲν</strong></span> <span class='ocrx_word' id='word_1_281' title='bbox 3434 905 3519 957; x_wconf 78' lang='grc' dir='ltr'><strong>διὰ</strong></span> <span class='ocrx_word' id='word_1_282' title='bbox 3550 905 3648 974; x_wconf 81' lang='grc' dir='ltr'>τῆς</span> <span class='ocrx_word' id='word_1_283' title='bbox 3681 903 3933 956; x_wconf 74' lang='grc' dir='ltr'>ἐπιτεθεί-</span> 
     </span>
    </p>
   </div>
   <div class='ocr_carea' id='block_1_38' title="bbox 2378 994 3933 1073">
    <p class='ocr_par' dir='ltr' id='par_1_38' title="bbox 2378 994 3933 1073">
     <span class='ocr_line' id='line_1_38' title="bbox 2378 994 3933 1073; baseline -0.006 -19"><span class='ocrx_word' id='word_1_284' title='bbox 2378 1019 2477 1073; x_wconf 91' lang='grc' dir='ltr'>σης</span> <span class='ocrx_word' id='word_1_285' title='bbox 2527 1018 2616 1071; x_wconf 85' lang='grc' dir='ltr'><strong>μοι</strong></span> <span class='ocrx_word' id='word_1_286' title='bbox 2657 999 2970 1069; x_wconf 74' lang='grc' dir='ltr'>ἀρρωστίας</span> <span class='ocrx_word' id='word_1_287' title='bbox 3004 998 3093 1052; x_wconf 84' lang='grc' dir='ltr'>διὰ</span> <span class='ocrx_word' id='word_1_288' title='bbox 3132 996 3312 1066; x_wconf 78' lang='grc' dir='ltr'>πάσης</span> <span class='ocrx_word' id='word_1_289' title='bbox 3353 994 3546 1058; x_wconf 81' lang='grc' dir='ltr'>νυκτὸς</span> <span class='ocrx_word' id='word_1_290' title='bbox 3599 996 3692 1047; x_wconf 71' lang='grc' dir='ltr'><strong>καὶ</strong></span> <span class='ocrx_word' id='word_1_291' title='bbox 3731 995 3933 1065; x_wconf 71' lang='grc' dir='ltr'>ἡμέρας</span> 
     </span>
    </p>
   </div>
   <div class='ocr_carea' id='block_1_39' title="bbox 2378 1085 3936 1164">
    <p class='ocr_par' dir='ltr' id='par_1_39' title="bbox 2378 1085 3936 1164">
     <span class='ocr_line' id='line_1_39' title="bbox 2378 1085 3936 1164; baseline -0.005 -17"><span class='ocrx_word' id='word_1_292' title='bbox 2378 1091 2660 1164; x_wconf 77' lang='grc' dir='ltr'>συνέτριψε</span> <span class='ocrx_word' id='word_1_293' title='bbox 2687 1090 2947 1144; x_wconf 80' lang='grc' dir='ltr'>πάντατὰ</span> <span class='ocrx_word' id='word_1_294' title='bbox 2971 1090 3103 1143; x_wconf 79' lang='grc' dir='ltr'>ὀστᾶ</span> <span class='ocrx_word' id='word_1_295' title='bbox 3129 1106 3251 1160; x_wconf 88' lang='grc' dir='ltr'><strong>μου·</strong></span> <span class='ocrx_word' id='word_1_296' title='bbox 3283 1088 3478 1158; x_wconf 83' lang='grc' dir='ltr'><strong>μικοοῦ</strong></span> <span class='ocrx_word' id='word_1_297' title='bbox 3511 1088 3567 1140; x_wconf 83' lang='grc' dir='ltr'>δὲ</span> <span class='ocrx_word' id='word_1_298' title='bbox 3593 1086 3701 1141; x_wconf 81' lang='grc' dir='ltr'>δεῖν</span> <span class='ocrx_word' id='word_1_299' title='bbox 3719 1087 3813 1141; x_wconf 79' lang='grc' dir='ltr'><strong>καὶ</strong></span> <span class='ocrx_word' id='word_1_300' title='bbox 3827 1085 3936 1139; x_wconf 81' lang='grc' dir='ltr'>ὅλον</span> 
     </span>
    </p>
   </div>
   <div class='ocr_carea' id='block_1_40' title="bbox 2377 1180 3228 1252">
    <p class='ocr_par' dir='ltr' id='par_1_40' title="bbox 2377 1180 3228 1252">
     <span class='ocr_line' id='line_1_40' title="bbox 2377 1180 3228 1252; baseline -0.006 -13"><span class='ocrx_word' id='word_1_301' title='bbox 2377 1185 2538 1239; x_wconf 79' lang='grc' dir='ltr'>αὑτὸν</span> <span class='ocrx_word' id='word_1_302' title='bbox 2568 1183 2855 1237; x_wconf 80' lang='grc' dir='ltr'><strong>καταπιεῖν</strong></span> <span class='ocrx_word' id='word_1_303' title='bbox 2885 1198 2952 1252; x_wconf 81' lang='grc' dir='ltr'>με</span> <span class='ocrx_word' id='word_1_304' title='bbox 2984 1180 3228 1251; x_wconf 79' lang='grc' dir='ltr'><strong>ἔμελλεν.</strong></span> 
     </span>
    </p>
   </div>
   <div class='ocr_carea' id='block_1_41' title="bbox 2452 1269 3937 1346">
    <p class='ocr_par' dir='ltr' id='par_1_41' title="bbox 2452 1269 3937 1346">
     <span class='ocr_line' id='line_1_41' title="bbox 2452 1269 3937 1346; baseline -0.006 -16"><span class='ocrx_word' id='word_1_305' title='bbox 2452 1297 2472 1330; x_wconf 85' lang='grc'><strong><em>‹</em></strong></span> <span class='ocrx_word' id='word_1_306' title='bbox 2518 1275 2602 1338; x_wconf 80' lang='grc' dir='ltr'>Ὡς</span> <span class='ocrx_word' id='word_1_307' title='bbox 2641 1273 2879 1346; x_wconf 85' lang='grc' dir='ltr'>χελιδὼν,</span> <span class='ocrx_word' id='word_1_308' title='bbox 2911 1273 3054 1327; x_wconf 79' lang='grc' dir='ltr'>οὕτω</span> <span class='ocrx_word' id='word_1_309' title='bbox 3094 1273 3346 1343; x_wconf 69' lang='grc' dir='ltr'>φωνήσω,</span> <span class='ocrx_word' id='word_1_310' title='bbox 3380 1271 3473 1324; x_wconf 76' lang='grc' dir='ltr'><strong>καὶ</strong></span> <span class='ocrx_word' id='word_1_311' title='bbox 3519 1269 3595 1333; x_wconf 85' lang='grc' dir='ltr'><strong>ὡς</strong></span> <span class='ocrx_word' id='word_1_312' title='bbox 3628 1269 3937 1341; x_wconf 74' lang='grc' dir='ltr'>περιστερὰ,</span> 
     </span>
    </p>
   </div>
   <div class='ocr_carea' id='block_1_42' title="bbox 2376 1360 3939 1438">
    <p class='ocr_par' dir='ltr' id='par_1_42' title="bbox 2376 1360 3939 1438">
     <span class='ocr_line' id='line_1_42' title="bbox 2376 1360 3939 1438; baseline -0.006 -15"><span class='ocrx_word' id='word_1_313' title='bbox 2376 1367 2518 1423; x_wconf 79' lang='grc' dir='ltr'>οὕτω</span> <span class='ocrx_word' id='word_1_314' title='bbox 2563 1366 2792 1438; x_wconf 82' lang='grc' dir='ltr'>μελετῶ.</span> <span class='ocrx_word' id='word_1_315' title='bbox 2839 1364 3114 1428; x_wconf 77' lang='grc' dir='ltr'><strong>Ἐξέλιπον</strong></span> <span class='ocrx_word' id='word_1_316' title='bbox 3167 1363 3274 1435; x_wconf 80' lang='grc' dir='ltr'><strong>γάρ</strong></span> <span class='ocrx_word' id='word_1_317' title='bbox 3312 1378 3414 1432; x_wconf 91' lang='grc' dir='ltr'><strong>μου</strong></span> <span class='ocrx_word' id='word_1_318' title='bbox 3453 1363 3501 1415; x_wconf 84' lang='lat' dir='ltr'><strong>oi</strong></span> <span class='ocrx_word' id='word_1_319' title='bbox 3543 1360 3811 1432; x_wconf 77' lang='grc' dir='ltr'><strong>ὀφθαλμοὶ</strong></span> <span class='ocrx_word' id='word_1_320' title='bbox 3852 1361 3939 1414; x_wconf 73' lang='grc' dir='ltr'><strong>τοῦ</strong></span> 
     </span>
    </p>
   </div>
   <div class='ocr_carea' id='block_1_43' title="bbox 2378 1448 3936 1527">
    <p class='ocr_par' dir='ltr' id='par_1_43' title="bbox 2378 1448 3936 1527">
     <span class='ocr_line' id='line_1_43' title="bbox 2378 1448 3936 1527; baseline -0.006 -18"><span class='ocrx_word' id='word_1_321' title='bbox 2378 1457 2600 1527; x_wconf 77' lang='grc' dir='ltr'><strong>βλέπειν</strong></span> <span class='ocrx_word' id='word_1_322' title='bbox 2647 1457 2726 1518; x_wconf 79' lang='grc' dir='ltr'>εις</span> <span class='ocrx_word' id='word_1_323' title='bbox 2765 1455 2825 1507; x_wconf 85' lang='grc' dir='ltr'><strong>τὺ</strong></span> <span class='ocrx_word' id='word_1_324' title='bbox 2851 1451 2983 1522; x_wconf 74' lang='grc' dir='ltr'>ὓψος</span> <span class='ocrx_word' id='word_1_325' title='bbox 3007 1450 3103 1506; x_wconf 80' lang='grc' dir='ltr'><strong>τοῦ</strong></span> <span class='ocrx_word' id='word_1_326' title='bbox 3126 1448 3354 1520; x_wconf 83' lang='grc' dir='ltr'>οὐρανοῦ</span> <span class='ocrx_word' id='word_1_327' title='bbox 3382 1449 3517 1522; x_wconf 78' lang='grc' dir='ltr'>πρὸς</span> <span class='ocrx_word' id='word_1_328' title='bbox 3545 1449 3635 1502; x_wconf 81' lang='grc' dir='ltr'><strong>τὸν</strong></span> <span class='ocrx_word' id='word_1_329' title='bbox 3667 1448 3886 1520; x_wconf 81' lang='grc' dir='ltr'><strong>Κύριον.</strong></span> <span class='ocrx_word' id='word_1_330' title='bbox 3919 1470 3936 1500; x_wconf 75' lang='grc' dir='ltr'><strong>ι</strong></span> 
     </span>
    </p>
   </div>
   <div class='ocr_carea' id='block_1_44' title="bbox 2379 1539 3941 1618">
    <p class='ocr_par' dir='ltr' id='par_1_44' title="bbox 2379 1539 3941 1618">
     <span class='ocr_line' id='line_1_44' title="bbox 2379 1539 3941 1618; baseline -0.008 -14"><span class='ocrx_word' id='word_1_331' title='bbox 2379 1550 2570 1618; x_wconf 81' lang='grc' dir='ltr'>Ὅμως</span> <span class='ocrx_word' id='word_1_332' title='bbox 2611 1549 2655 1602; x_wconf 78' lang='grc' dir='ltr'>δ’</span> <span class='ocrx_word' id='word_1_333' title='bbox 2679 1543 2771 1602; x_wconf 81' lang='grc' dir='ltr'><strong>οὖν</strong></span> <span class='ocrx_word' id='word_1_334' title='bbox 2800 1548 2858 1600; x_wconf 69' lang='grc' dir='ltr'><strong>ὲν</strong></span> <span class='ocrx_word' id='word_1_335' title='bbox 2883 1543 3091 1608; x_wconf 81' lang='grc' dir='ltr'><strong>τούτοις</strong></span> <span class='ocrx_word' id='word_1_336' title='bbox 3117 1543 3426 1613; x_wconf 80' lang='grc' dir='ltr'>γενόμενος,</span> <span class='ocrx_word' id='word_1_337' title='bbox 3467 1541 3566 1595; x_wconf 84' lang='grc' dir='ltr'><strong>οὐκ</strong></span> <span class='ocrx_word' id='word_1_338' title='bbox 3596 1539 3941 1612; x_wconf 80' lang='grc' dir='ltr'>ὲξησθένησα,</span> 
     </span>
    </p>
   </div>
   <div class='ocr_carea' id='block_1_45' title="bbox 2375 1630 3944 1708">
    <p class='ocr_par' dir='ltr' id='par_1_45' title="bbox 2375 1630 3944 1708">
     <span class='ocr_line' id='line_1_45' title="bbox 2375 1630 3944 1708; baseline -0.005 -16"><span class='ocrx_word' id='word_1_339' title='bbox 2375 1639 2498 1693; x_wconf 73' lang='grc' dir='ltr'><strong>οὐδὲ</strong></span> <span class='ocrx_word' id='word_1_340' title='bbox 2528 1637 2622 1691; x_wconf 82' lang='grc' dir='ltr'><strong>τοῦ</strong></span> <span class='ocrx_word' id='word_1_341' title='bbox 2649 1636 2783 1690; x_wconf 84' lang='grc' dir='ltr'><strong>Θεοῦ</strong></span> <span class='ocrx_word' id='word_1_342' title='bbox 2811 1653 2912 1708; x_wconf 82' lang='grc' dir='ltr'><strong>μου</strong></span> <span class='ocrx_word' id='word_1_343' title='bbox 2942 1632 3288 1704; x_wconf 81' lang='grc' dir='ltr'>ἀνεχώρησα,</span> <span class='ocrx_word' id='word_1_344' title='bbox 3314 1630 3596 1686; x_wconf 76' lang='grc' dir='ltr'><strong>ἀναλαϐὼν</strong></span> <span class='ocrx_word' id='word_1_345' title='bbox 3626 1631 3684 1684; x_wconf 76' lang='grc' dir='ltr'>δὲ</span> <span class='ocrx_word' id='word_1_346' title='bbox 3715 1631 3944 1701; x_wconf 80' lang='grc' dir='ltr'><strong>ἐμαυτὸν</strong></span> 
     </span>
    </p>
   </div>
   <div class='ocr_carea' id='block_1_46' title="bbox 2378 1722 3942 1799">
    <p class='ocr_par' dir='ltr' id='par_1_46' title="bbox 2378 1722 3942 1799">
     <span class='ocr_line' id='line_1_46' title="bbox 2378 1722 3942 1799; baseline -0.004 -17"><span class='ocrx_word' id='word_1_347' title='bbox 2378 1732 2560 1783; x_wconf 84' lang='grc' dir='ltr'><strong>πίστει</strong></span> <span class='ocrx_word' id='word_1_348' title='bbox 2607 1729 2703 1784; x_wconf 78' lang='grc' dir='ltr'><strong>καὶ</strong></span> <span class='ocrx_word' id='word_1_349' title='bbox 2750 1727 2928 1799; x_wconf 77' lang='grc' dir='ltr'><strong>ἀγαθῇ</strong></span> <span class='ocrx_word' id='word_1_350' title='bbox 2977 1725 3176 1791; x_wconf 75' lang='grc' dir='ltr'>ἐλπίδι,</span> <span class='ocrx_word' id='word_1_351' title='bbox 3224 1722 3487 1794; x_wconf 82' lang='grc' dir='ltr'><strong>κλαυθμῷ</strong></span> <span class='ocrx_word' id='word_1_352' title='bbox 3541 1723 3636 1777; x_wconf 72' lang='grc' dir='ltr'>καὶ</span> <span class='ocrx_word' id='word_1_353' title='bbox 3674 1724 3942 1794; x_wconf 81' lang='grc' dir='ltr'>προσευχῇ</span> 
     </span>
    </p>
   </div>
   <div class='ocr_carea' id='block_1_47' title="bbox 2373 1815 3946 1895">
    <p class='ocr_par' dir='ltr' id='par_1_47' title="bbox 2373 1815 3946 1895">
     <span class='ocr_line' id='line_1_47' title="bbox 2373 1815 3946 1895; baseline -0.006 -20"><span class='ocrx_word' id='word_1_354' title='bbox 2373 1822 2664 1895; x_wconf 80' lang='grc' dir='ltr'><strong>παρέδωκα</strong></span> <span class='ocrx_word' id='word_1_355' title='bbox 2701 1820 2952 1892; x_wconf 77' lang='grc' dir='ltr'><strong>ἐμαυτόν.</strong></span> <span class='ocrx_word' id='word_1_356' title='bbox 2978 1815 3283 1889; x_wconf 78' lang='grc' dir='ltr'>Εύχομὲνου</span> <span class='ocrx_word' id='word_1_357' title='bbox 3309 1815 3367 1869; x_wconf 79' lang='grc' dir='ltr'>δέ</span> <span class='ocrx_word' id='word_1_358' title='bbox 3398 1832 3519 1886; x_wconf 89' lang='grc' dir='ltr'>μου,</span> <span class='ocrx_word' id='word_1_359' title='bbox 3545 1815 3726 1886; x_wconf 80' lang='grc' dir='ltr'>φησὶν,</span> <span class='ocrx_word' id='word_1_360' title='bbox 3760 1815 3946 1886; x_wconf 67' lang='grc' dir='ltr'><strong>ἐπιμό-</strong></span> 
     </span>
    </p>
   </div>
   <div class='ocr_carea' id='block_1_48' title="bbox 2373 1907 3943 1984">
    <p class='ocr_par' dir='ltr' id='par_1_48' title="bbox 2373 1907 3943 1984">
     <span class='ocr_line' id='line_1_48' title="bbox 2373 1907 3943 1984; baseline -0.006 -15"><span class='ocrx_word' id='word_1_361' title='bbox 2373 1933 2498 1979; x_wconf 85' lang='grc' dir='ltr'>νως,</span> <span class='ocrx_word' id='word_1_362' title='bbox 2527 1915 2625 1968; x_wconf 75' lang='grc' dir='ltr'><strong>καὶ</strong></span> <span class='ocrx_word' id='word_1_363' title='bbox 2653 1913 2976 1984; x_wconf 69' lang='grc' dir='ltr'><strong>ἐγκειμένου</strong></span> <span class='ocrx_word' id='word_1_364' title='bbox 3025 1910 3125 1981; x_wconf 78' lang='grc' dir='ltr'>τῆς</span> <span class='ocrx_word' id='word_1_365' title='bbox 3156 1908 3292 1980; x_wconf 77' lang='grc' dir='ltr'>πρὸς</span> <span class='ocrx_word' id='word_1_366' title='bbox 3340 1908 3430 1961; x_wconf 82' lang='grc' dir='ltr'><strong>τὸν</strong></span> <span class='ocrx_word' id='word_1_367' title='bbox 3465 1907 3598 1960; x_wconf 76' lang='grc' dir='ltr'>Θεὸν</span> <span class='ocrx_word' id='word_1_368' title='bbox 3649 1907 3943 1978; x_wconf 75' lang='grc' dir='ltr'>ἱκετηρίας,</span> 
     </span>
    </p>
   </div>
   <div class='ocr_carea' id='block_1_49' title="bbox 2374 1997 3946 2073">
    <p class='ocr_par' dir='ltr' id='par_1_49' title="bbox 2374 1997 3946 2073">
     <span class='ocr_line' id='line_1_49' title="bbox 2374 1997 3946 2073; baseline -0.007 -13"><span class='ocrx_word' id='word_1_369' title='bbox 2374 2007 2436 2071; x_wconf 79' lang='grc' dir='ltr'><strong>ὃς</strong></span> <span class='ocrx_word' id='word_1_370' title='bbox 2478 2025 2497 2059; x_wconf 77' lang='grc' dir='ltr'>ι</span> <span class='ocrx_word' id='word_1_371' title='bbox 2536 2003 2777 2071; x_wconf 63' lang='grc' dir='ltr'>ἐξείλατό</span> <span class='ocrx_word' id='word_1_372' title='bbox 2829 2020 2895 2073; x_wconf 84' lang='grc' dir='ltr'>με</span> <span class='ocrx_word' id='word_1_373' title='bbox 2919 2042 2935 2066; x_wconf 91' lang='grc'><strong>,</strong></span> <span class='ocrx_word' id='word_1_374' title='bbox 2987 2001 3084 2055; x_wconf 77' lang='grc' dir='ltr'><strong>καὶ</strong></span> <span class='ocrx_word' id='word_1_375' title='bbox 3147 1997 3405 2069; x_wconf 49' lang='lat' dir='ltr'><strong>assum</strong></span> <span class='ocrx_word' id='word_1_376' title='bbox 3457 2015 3558 2069; x_wconf 86' lang='grc' dir='ltr'><strong>μου</strong></span> <span class='ocrx_word' id='word_1_377' title='bbox 3613 1997 3711 2069; x_wconf 79' lang='grc' dir='ltr'>τὴν</span> <span class='ocrx_word' id='word_1_378' title='bbox 3759 1998 3946 2068; x_wconf 81' lang='grc' dir='ltr'>ὀδύνην</span> 
     </span>
    </p>
   </div>
   <div class='ocr_carea' id='block_1_50' title="bbox 2375 2087 3948 2170">
    <p class='ocr_par' dir='ltr' id='par_1_50' title="bbox 2375 2087 3948 2170">
     <span class='ocr_line' id='line_1_50' title="bbox 2375 2087 3948 2170; baseline -0.008 -18"><span class='ocrx_word' id='word_1_379' title='bbox 2375 2099 2471 2170; x_wconf 82' lang='grc' dir='ltr'><strong>τῆς</strong></span> <span class='ocrx_word' id='word_1_380' title='bbox 2511 2096 2708 2168; x_wconf 76' lang='grc' dir='ltr'>ψυχῆς.</span> <span class='ocrx_word' id='word_1_381' title='bbox 2748 2094 2846 2148; x_wconf 71' lang='grc' dir='ltr'>οὐ</span> <span class='ocrx_word' id='word_1_382' title='bbox 2889 2093 2955 2164; x_wconf 79' lang='grc' dir='ltr'><strong>δὴ</strong></span> <span class='ocrx_word' id='word_1_383' title='bbox 2988 2092 3062 2164; x_wconf 79' lang='grc' dir='ltr'><strong>μὴ</strong></span> <span class='ocrx_word' id='word_1_384' title='bbox 3112 2091 3382 2163; x_wconf 77' lang='grc' dir='ltr'><strong>μελλήσας</strong></span> <span class='ocrx_word' id='word_1_385' title='bbox 3440 2087 3671 2154; x_wconf 75' lang='grc' dir='ltr'>ἐξείλετό</span> <span class='ocrx_word' id='word_1_386' title='bbox 3720 2105 3810 2160; x_wconf 80' lang='grc' dir='ltr'>με,</span> <span class='ocrx_word' id='word_1_387' title='bbox 3859 2089 3948 2141; x_wconf 72' lang='grc' dir='ltr'><strong>καὶ</strong></span> 
     </span>
    </p>
   </div>
   <div class='ocr_carea' id='block_1_51' title="bbox 2375 2178 3947 2258">
    <p class='ocr_par' dir='ltr' id='par_1_51' title="bbox 2375 2178 3947 2258">
     <span class='ocr_line' id='line_1_51' title="bbox 2375 2178 3947 2258; baseline -0.008 -15"><span class='ocrx_word' id='word_1_388' title='bbox 2375 2188 2628 2258; x_wconf 77' lang='grc' dir='ltr'>ἀφείλετό</span> <span class='ocrx_word' id='word_1_389' title='bbox 2683 2204 2784 2258; x_wconf 88' lang='grc' dir='ltr'>μου</span> <span class='ocrx_word' id='word_1_390' title='bbox 2843 2185 2942 2257; x_wconf 77' lang='grc' dir='ltr'><strong>τὴν</strong></span> <span class='ocrx_word' id='word_1_391' title='bbox 2973 2183 3163 2254; x_wconf 82' lang='grc' dir='ltr'><strong>ὀδύνην</strong></span> <span class='ocrx_word' id='word_1_392' title='bbox 3193 2182 3293 2252; x_wconf 84' lang='grc' dir='ltr'>τῆς</span> <span class='ocrx_word' id='word_1_393' title='bbox 3330 2181 3525 2251; x_wconf 78' lang='grc' dir='ltr'>ψυχῆς·</span> <span class='ocrx_word' id='word_1_394' title='bbox 3552 2179 3834 2250; x_wconf 80' lang='grc' dir='ltr'><strong>μονονουχὶ</strong></span> <span class='ocrx_word' id='word_1_395' title='bbox 3859 2178 3947 2231; x_wconf 78' lang='grc' dir='ltr'>τὸν</span> 
     </span>
    </p>
   </div>
   <div class='ocr_carea' id='block_1_52' title="bbox 2376 2270 3949 2346">
    <p class='ocr_par' dir='ltr' id='par_1_52' title="bbox 2376 2270 3949 2346">
     <span class='ocr_line' id='line_1_52' title="bbox 2376 2270 3949 2346; baseline -0.007 -13"><span class='ocrx_word' id='word_1_396' title='bbox 2376 2277 2540 2333; x_wconf 77' lang='grc' dir='ltr'>αὑτοῦ</span> <span class='ocrx_word' id='word_1_397' title='bbox 2571 2276 2727 2345; x_wconf 82' lang='grc' dir='ltr'><strong>λόγον</strong></span> <span class='ocrx_word' id='word_1_398' title='bbox 2753 2275 3185 2346; x_wconf 77' lang='grc' dir='ltr'><strong>πιστωσάμενος,</strong></span> <span class='ocrx_word' id='word_1_399' title='bbox 3216 2274 3276 2327; x_wconf 83' lang='grc' dir='ltr'><strong>ὃν</strong></span> <span class='ocrx_word' id='word_1_400' title='bbox 3301 2272 3632 2344; x_wconf 73' lang='grc' dir='ltr'><strong>ἐπήγγελται</strong></span> <span class='ocrx_word' id='word_1_401' title='bbox 3651 2272 3765 2334; x_wconf 74' lang='grc' dir='ltr'>τοῖς</span> <span class='ocrx_word' id='word_1_402' title='bbox 3780 2270 3949 2339; x_wconf 79' lang='grc' dir='ltr'><strong>ἁγίοις</strong></span> 
     </span>
    </p>
   </div>
   <div class='ocr_carea' id='block_1_53' title="bbox 2375 2361 3949 2435">
    <p class='ocr_par' dir='ltr' id='par_1_53' title="bbox 2375 2361 3949 2435">
     <span class='ocr_line' id='line_1_53' title="bbox 2375 2361 3949 2435; baseline -0.005 -12"><span class='ocrx_word' id='word_1_403' title='bbox 2375 2367 2542 2423; x_wconf 80' lang='grc' dir='ltr'>αὐτοῦ</span> <span class='ocrx_word' id='word_1_404' title='bbox 2587 2365 2776 2426; x_wconf 73' lang='grc' dir='ltr'>εἰπών·</span> <span class='ocrx_word' id='word_1_405' title='bbox 2818 2386 2837 2419; x_wconf 80' lang='grc' dir='ltr'>ι</span> <span class='ocrx_word' id='word_1_406' title='bbox 2861 2367 2982 2422; x_wconf 83' lang='grc' dir='ltr'>Ἔτι</span> <span class='ocrx_word' id='word_1_407' title='bbox 3005 2363 3289 2428; x_wconf 77' lang='grc' dir='ltr'>λαλοῦντός</span> <span class='ocrx_word' id='word_1_408' title='bbox 3322 2380 3438 2432; x_wconf 88' lang='grc' dir='ltr'>σου,</span> <span class='ocrx_word' id='word_1_409' title='bbox 3467 2363 3598 2435; x_wconf 68' lang='grc' dir='ltr'>ἐρῶ·</span> <span class='ocrx_word' id='word_1_410' title='bbox 3645 2361 3773 2418; x_wconf 83' lang='grc' dir='ltr'><strong>Ἰδοὺ</strong></span> <span class='ocrx_word' id='word_1_411' title='bbox 3810 2361 3949 2434; x_wconf 80' lang='grc' dir='ltr'><strong>πάρ-</strong></span> 
     </span>
    </p>
   </div>
   <div class='ocr_carea' id='block_1_54' title="bbox 2378 2475 2582 2531">
    <p class='ocr_par' dir='ltr' id='par_1_54' title="bbox 2378 2475 2582 2531">
     <span class='ocr_line' id='line_1_54' title="bbox 2378 2475 2582 2531; baseline -0.01 -19"><span class='ocrx_word' id='word_1_412' title='bbox 2378 2475 2516 2531; x_wconf 82' lang='grc' dir='ltr'>ειμι.</span> <span class='ocrx_word' id='word_1_413' title='bbox 2562 2477 2582 2510; x_wconf 75' lang='grc' dir='ltr'>ι</span> 
     </span>
    </p>
   </div>
   <div class='ocr_carea' id='block_1_55' title="bbox 2452 2541 3955 2622">
    <p class='ocr_par' dir='ltr' id='par_1_55' title="bbox 2452 2541 3955 2622">
     <span class='ocr_line' id='line_1_55' title="bbox 2452 2541 3955 2622; baseline -0.005 -18"><span class='ocrx_word' id='word_1_414' title='bbox 2452 2569 2474 2604; x_wconf 79' lang='lat' dir='ltr'><strong>s</strong></span> <span class='ocrx_word' id='word_1_415' title='bbox 2507 2549 2703 2622; x_wconf 75' lang='grc' dir='ltr'>Κύριε,</span> <span class='ocrx_word' id='word_1_416' title='bbox 2726 2549 2853 2621; x_wconf 75' lang='grc' dir='ltr'>περὶ</span> <span class='ocrx_word' id='word_1_417' title='bbox 2875 2548 3078 2620; x_wconf 79' lang='grc' dir='ltr'><strong>ταύτης</strong></span> <span class='ocrx_word' id='word_1_418' title='bbox 3091 2546 3200 2619; x_wconf 80' lang='grc' dir='ltr'>γὰρ</span> <span class='ocrx_word' id='word_1_419' title='bbox 3213 2545 3489 2616; x_wconf 79' lang='grc' dir='ltr'><strong>ἀνηγγέλη</strong></span> <span class='ocrx_word' id='word_1_420' title='bbox 3512 2559 3613 2607; x_wconf 89' lang='grc' dir='ltr'>σοι,</span> <span class='ocrx_word' id='word_1_421' title='bbox 3640 2544 3735 2598; x_wconf 77' lang='grc' dir='ltr'><strong>καὶ</strong></span> <span class='ocrx_word' id='word_1_422' title='bbox 3755 2541 3955 2615; x_wconf 67' lang='grc' dir='ltr'><strong>ἐξήγει-</strong></span> 
     </span>
    </p>
   </div>
   <div class='ocr_carea' id='block_1_56' title="bbox 2386 2633 3952 2714">
    <p class='ocr_par' dir='ltr' id='par_1_56' title="bbox 2386 2633 3952 2714">
     <span class='ocr_line' id='line_1_56' title="bbox 2386 2633 3952 2714; baseline -0.004 -18"><span class='ocrx_word' id='word_1_423' title='bbox 2386 2641 2486 2714; x_wconf 80' lang='grc' dir='ltr'><strong>ράς</strong></span> <span class='ocrx_word' id='word_1_424' title='bbox 2511 2659 2612 2714; x_wconf 86' lang='grc' dir='ltr'><strong>μου</strong></span> <span class='ocrx_word' id='word_1_425' title='bbox 2632 2642 2732 2714; x_wconf 78' lang='grc' dir='ltr'>τὴν</span> <span class='ocrx_word' id='word_1_426' title='bbox 2765 2640 2956 2711; x_wconf 76' lang='grc' dir='ltr'>πνοὴν,</span> <span class='ocrx_word' id='word_1_427' title='bbox 3004 2639 3100 2694; x_wconf 80' lang='grc' dir='ltr'><strong>καὶ</strong></span> <span class='ocrx_word' id='word_1_428' title='bbox 3133 2635 3502 2710; x_wconf 68' lang='grc' dir='ltr'>παρακληθεὶς</span> <span class='ocrx_word' id='word_1_429' title='bbox 3539 2634 3729 2706; x_wconf 72' lang='grc' dir='ltr'><strong>εζησα.</strong></span> <span class='ocrx_word' id='word_1_430' title='bbox 3786 2653 3806 2686; x_wconf 72' lang='grc' dir='ltr'>ι</span> <span class='ocrx_word' id='word_1_431' title='bbox 3843 2633 3952 2704; x_wconf 75' lang='grc' dir='ltr'><strong>θύλ</strong></span> 
     </span>
    </p>
   </div>
   <div class='ocr_carea' id='block_1_57' title="bbox 2383 2726 3951 2802">
    <p class='ocr_par' dir='ltr' id='par_1_57' title="bbox 2383 2726 3951 2802">
     <span class='ocr_line' id='line_1_57' title="bbox 2383 2726 3951 2802; baseline -0.005 -16"><span class='ocrx_word' id='word_1_432' title='bbox 2383 2732 2468 2786; x_wconf 83' lang='grc' dir='ltr'><strong>δτι</strong></span> <span class='ocrx_word' id='word_1_433' title='bbox 2489 2731 2697 2787; x_wconf 88' lang='grc' dir='ltr'>τούτων</span> <span class='ocrx_word' id='word_1_434' title='bbox 2711 2728 2860 2796; x_wconf 77' lang='grc' dir='ltr'><strong>ἄξιος</strong></span> <span class='ocrx_word' id='word_1_435' title='bbox 2887 2731 3036 2802; x_wconf 69' lang='grc' dir='ltr'><strong>ἤμην</strong></span> <span class='ocrx_word' id='word_1_436' title='bbox 3061 2729 3190 2798; x_wconf 69' lang='grc' dir='ltr'><strong>ὶγώο</strong></span> <span class='ocrx_word' id='word_1_437' title='bbox 3208 2727 3415 2782; x_wconf 81' lang='grc' dir='ltr'>πολλῶν</span> <span class='ocrx_word' id='word_1_438' title='bbox 3433 2727 3542 2798; x_wconf 81' lang='grc' dir='ltr'><strong>γὰρ</strong></span> <span class='ocrx_word' id='word_1_439' title='bbox 3559 2726 3752 2798; x_wconf 78' lang='grc' dir='ltr'>μεστὸς</span> <span class='ocrx_word' id='word_1_440' title='bbox 3776 2726 3951 2796; x_wconf 80' lang='grc' dir='ltr'>ἁμαρ-</span> 
     </span>
    </p>
   </div>
   <div class='ocr_carea' id='block_1_58' title="bbox 2382 2817 3954 2893">
    <p class='ocr_par' dir='ltr' id='par_1_58' title="bbox 2382 2817 3954 2893">
     <span class='ocr_line' id='line_1_58' title="bbox 2382 2817 3954 2893; baseline -0.006 -15"><span class='ocrx_word' id='word_1_441' title='bbox 2382 2822 2514 2878; x_wconf 81' lang='grc' dir='ltr'>τιιῖιν</span> <span class='ocrx_word' id='word_1_442' title='bbox 2540 2823 2704 2886; x_wconf 77' lang='grc' dir='ltr'>αὐτὸς</span> <span class='ocrx_word' id='word_1_443' title='bbox 2739 2822 3004 2893; x_wconf 76' lang='grc' dir='ltr'><strong>ὑπῆρχον·</strong></span> <span class='ocrx_word' id='word_1_444' title='bbox 3025 2819 3165 2875; x_wconf 75' lang='grc' dir='ltr'><strong>ἀλλὰ</strong></span> <span class='ocrx_word' id='word_1_445' title='bbox 3207 2818 3286 2890; x_wconf 83' lang='grc' dir='ltr'><strong>τῷ</strong></span> <span class='ocrx_word' id='word_1_446' title='bbox 3309 2818 3387 2891; x_wconf 84' lang='grc' dir='ltr'>σῷ</span> <span class='ocrx_word' id='word_1_447' title='bbox 3414 2817 3547 2888; x_wconf 63' lang='grc' dir='ltr'><strong>ἐλέῳ</strong></span> <span class='ocrx_word' id='word_1_448' title='bbox 3566 2817 3662 2872; x_wconf 81' lang='grc' dir='ltr'><strong>καὶ</strong></span> <span class='ocrx_word' id='word_1_449' title='bbox 3682 2818 3750 2889; x_wconf 69' lang='grc' dir='ltr'>τῇ</span> <span class='ocrx_word' id='word_1_450' title='bbox 3773 2818 3842 2889; x_wconf 71' lang='grc' dir='ltr'><strong>σῇ</strong></span> <span class='ocrx_word' id='word_1_451' title='bbox 3869 2832 3954 2887; x_wconf 80' lang='grc' dir='ltr'><strong>φι-</strong></span> 
     </span>
    </p>
   </div>
   <div class='ocr_carea' id='block_1_59' title="bbox 2383 2911 3190 2989">
    <p class='ocr_par' dir='ltr' id='par_1_59' title="bbox 2383 2911 3190 2989">
     <span class='ocr_line' id='line_1_59' title="bbox 2383 2911 3190 2989; baseline -0.005 -20"><span class='ocrx_word' id='word_1_452' title='bbox 2383 2912 2704 2989; x_wconf 76' lang='grc' dir='ltr'>λανθρωπία</span> <span class='ocrx_word' id='word_1_453' title='bbox 2731 2911 2904 2966; x_wconf 83' lang='grc' dir='ltr'>ταῦτα</span> <span class='ocrx_word' id='word_1_454' title='bbox 2927 2911 3190 2983; x_wconf 69' lang='grc' dir='ltr'><strong>παρέσει-η.</strong></span> 
     </span>
    </p>
   </div>
   <div class='ocr_carea' id='block_1_60' title="bbox 2458 3021 3957 3099">
    <p class='ocr_par' dir='ltr' id='par_1_60' title="bbox 2458 3021 3957 3099">
     <span class='ocr_line' id='line_1_60' title="bbox 2458 3021 3957 3099; baseline -0.004 -19"><span class='ocrx_word' id='word_1_455' title='bbox 2458 3045 2479 3080; x_wconf 79' lang='lat' dir='ltr'><strong>s</strong></span> <span class='ocrx_word' id='word_1_456' title='bbox 2515 3026 2676 3081; x_wconf 81' lang='grc' dir='ltr'><strong>Ετλου</strong></span> <span class='ocrx_word' id='word_1_457' title='bbox 2697 3026 2808 3099; x_wconf 82' lang='grc' dir='ltr'>γάρ</span> <span class='ocrx_word' id='word_1_458' title='bbox 2835 3042 2936 3097; x_wconf 83' lang='grc' dir='ltr'><strong>μου</strong></span> <span class='ocrx_word' id='word_1_459' title='bbox 2965 3025 3065 3096; x_wconf 78' lang='grc' dir='ltr'>τὴν</span> <span class='ocrx_word' id='word_1_460' title='bbox 3087 3024 3286 3096; x_wconf 78' lang='grc' dir='ltr'>ψυχὴν,</span> <span class='ocrx_word' id='word_1_461' title='bbox 3314 3023 3402 3078; x_wconf 76' lang='grc' dir='ltr'><strong>ἴνα</strong></span> <span class='ocrx_word' id='word_1_462' title='bbox 3439 3021 3515 3094; x_wconf 82' lang='grc' dir='ltr'><strong>μὴ</strong></span> <span class='ocrx_word' id='word_1_463' title='bbox 3540 3022 3830 3094; x_wconf 74' lang='grc' dir='ltr'>ἀπόληται,</span> <span class='ocrx_word' id='word_1_464' title='bbox 3862 3023 3957 3076; x_wconf 61' lang='grc' dir='ltr'><strong>καὶ</strong></span> 
     </span>
    </p>
   </div>
   <div class='ocr_carea' id='block_1_61' title="bbox 730 3108 2286 3221">
    <p class='ocr_par' dir='ltr' id='par_1_61' title="bbox 730 3108 2285 3221">
     <span class='ocr_line' id='line_1_61' title="bbox 730 3108 2285 3221; baseline -0.008 -17"><span class='ocrx_word' id='word_1_465' title='bbox 730 3166 838 3206; x_wconf 90' lang='lat' dir='ltr'><strong>non</strong></span> <span class='ocrx_word' id='word_1_466' title='bbox 865 3148 1101 3221; x_wconf 85' lang='lat' dir='ltr'><strong>periret,</strong></span> <span class='ocrx_word' id='word_1_467' title='bbox 1132 3153 1188 3201; x_wconf 93' lang='lat' dir='ltr'><strong>et</strong></span> <span class='ocrx_word' id='word_1_468' title='bbox 1233 3143 1505 3215; x_wconf 74' lang='lat' dir='ltr'><strong>proiecisti</strong></span> <span class='ocrx_word' id='word_1_469' title='bbox 1550 3151 1700 3199; x_wconf 83' lang='lat' dir='ltr'><strong>retro</strong></span> <span class='ocrx_word' id='word_1_470' title='bbox 1730 3155 1817 3197; x_wconf 88' lang='lat' dir='ltr'><strong>me</strong></span> <span class='ocrx_word' id='word_1_471' title='bbox 1849 3141 2028 3195; x_wconf 87' lang='lat' dir='ltr'><strong>omnia</strong></span> <span class='ocrx_word' id='word_1_472' title='bbox 2069 3108 2285 3210; x_wconf 76' lang='lat' dir='ltr'><strong>peccata</strong></span> 
     </span>
    </p>
   </div>
   <div class='ocr_carea' id='block_1_62' title="bbox 2385 3108 3958 3221">
    <p class='ocr_par' dir='ltr' id='par_1_62' title="bbox 2389 3108 3958 3192">
     <span class='ocr_line' id='line_1_62' title="bbox 2389 3108 3958 3192; baseline -0.004 -20"><span class='ocrx_word' id='word_1_473' title='bbox 2389 3117 2695 3192; x_wconf 68' lang='grc' dir='ltr'>ἀπέρριψας</span> <span class='ocrx_word' id='word_1_474' title='bbox 2723 3117 2898 3170; x_wconf 76' lang='grc' dir='ltr'>ὀπίσω</span> <span class='ocrx_word' id='word_1_475' title='bbox 2935 3133 3037 3187; x_wconf 87' lang='grc' dir='ltr'><strong>μου</strong></span> <span class='ocrx_word' id='word_1_476' title='bbox 3083 3115 3264 3179; x_wconf 81' lang='grc' dir='ltr'>πάσας</span> <span class='ocrx_word' id='word_1_477' title='bbox 3283 3116 3381 3178; x_wconf 79' lang='grc' dir='ltr'>τὰς</span> <span class='ocrx_word' id='word_1_478' title='bbox 3409 3108 3700 3185; x_wconf 75' lang='grc' dir='ltr'>ἁμαρτιας.</span> <span class='ocrx_word' id='word_1_479' title='bbox 3733 3113 3808 3168; x_wconf 76' lang='grc' dir='ltr'><strong>Οὐ</strong></span> <span class='ocrx_word' id='word_1_480' title='bbox 3848 3113 3958 3184; x_wconf 77' lang='grc' dir='ltr'><strong>γὰρ</strong></span> 
     </span>
    </p>
   </div>
   <div class='ocr_carea' id='block_1_63' title="bbox 732 3230 2284 3307">
    <p class='ocr_par' dir='ltr' id='par_1_63' title="bbox 732 3230 2284 3307">
     <span class='ocr_line' id='line_1_63' title="bbox 732 3230 2284 3307; baseline -0.008 -12"><span class='ocrx_word' id='word_1_481' title='bbox 732 3255 874 3297; x_wconf 80' lang='lat' dir='ltr'><strong>inea.</strong></span> <span class='ocrx_word' id='word_1_482' title='bbox 907 3234 1252 3307; x_wconf 69' lang='lat' dir='ltr'><strong>Nequeenim</strong></span> <span class='ocrx_word' id='word_1_483' title='bbox 1282 3235 1372 3303; x_wconf 86' lang='lat' dir='ltr'><strong>qui</strong></span> <span class='ocrx_word' id='word_1_484' title='bbox 1400 3234 1451 3289; x_wconf 91' lang='lat' dir='ltr'><strong>in</strong></span> <span class='ocrx_word' id='word_1_485' title='bbox 1483 3232 1695 3287; x_wconf 78' lang='lat' dir='ltr'><strong>inferno</strong></span> <span class='ocrx_word' id='word_1_486' title='bbox 1726 3241 1854 3287; x_wconf 89' lang='lat' dir='ltr'><strong>sunt</strong></span> <span class='ocrx_word' id='word_1_487' title='bbox 1880 3230 2176 3285; x_wconf 87' lang='lat' dir='ltr'><strong>laudabunt</strong></span> <span class='ocrx_word' id='word_1_488' title='bbox 2203 3239 2284 3295; x_wconf 91' lang='lat' dir='ltr'><strong>te,</strong></span> 
     </span>
    </p>
   </div>
   <div class='ocr_carea' id='block_1_64' title="bbox 733 3320 2287 3399">
    <p class='ocr_par' dir='ltr' id='par_1_64' title="bbox 733 3320 2287 3399">
     <span class='ocr_line' id='line_1_64' title="bbox 733 3320 2287 3399; baseline -0.006 -16"><span class='ocrx_word' id='word_1_489' title='bbox 733 3343 908 3399; x_wconf 80' lang='lat' dir='ltr'><strong>neque</strong></span> <span class='ocrx_word' id='word_1_490' title='bbox 931 3327 1021 3398; x_wconf 86' lang='lat' dir='ltr'><strong>qui</strong></span> <span class='ocrx_word' id='word_1_491' title='bbox 1057 3325 1252 3381; x_wconf 89' lang='lat' dir='ltr'><strong>mortui</strong></span> <span class='ocrx_word' id='word_1_492' title='bbox 1283 3331 1429 3386; x_wconf 91' lang='lat' dir='ltr'><strong>sunt,</strong></span> <span class='ocrx_word' id='word_1_493' title='bbox 1461 3321 1778 3376; x_wconf 87' lang='lat' dir='ltr'><strong>benediceut</strong></span> <span class='ocrx_word' id='word_1_494' title='bbox 1803 3320 1931 3386; x_wconf 90' lang='lat' dir='ltr'><strong>tibi,</strong></span> <span class='ocrx_word' id='word_1_495' title='bbox 1960 3334 2133 3388; x_wconf 90' lang='lat' dir='ltr'><strong>neque</strong></span> <span class='ocrx_word' id='word_1_496' title='bbox 2161 3332 2287 3388; x_wconf 86' lang='lat' dir='ltr'><strong>spe-</strong></span> 
     </span>
    </p>
   </div>
   <div class='ocr_carea' id='block_1_65' title="bbox 733 3411 2284 3487">
    <p class='ocr_par' dir='ltr' id='par_1_65' title="bbox 733 3411 2284 3487">
     <span class='ocr_line' id='line_1_65' title="bbox 733 3411 2284 3487; baseline -0.006 -13"><span class='ocrx_word' id='word_1_497' title='bbox 733 3420 928 3474; x_wconf 85' lang='lat' dir='ltr'><strong>rabunt</strong></span> <span class='ocrx_word' id='word_1_498' title='bbox 949 3455 968 3483; x_wconf 86' lang='lat'><strong>,</strong></span> <span class='ocrx_word' id='word_1_499' title='bbox 993 3416 1084 3487; x_wconf 89' lang='lat' dir='ltr'><strong>qui</strong></span> <span class='ocrx_word' id='word_1_500' title='bbox 1122 3416 1179 3471; x_wconf 92' lang='lat' dir='ltr'><strong>in</strong></span> <span class='ocrx_word' id='word_1_501' title='bbox 1209 3413 1421 3470; x_wconf 77' lang='lat' dir='ltr'><strong>inferno</strong></span> <span class='ocrx_word' id='word_1_502' title='bbox 1449 3419 1578 3467; x_wconf 82' lang='lat' dir='ltr'><strong>sunt</strong></span> <span class='ocrx_word' id='word_1_503' title='bbox 1599 3450 1617 3474; x_wconf 87' lang='lat'><strong>.</strong></span> <span class='ocrx_word' id='word_1_504' title='bbox 1643 3411 2069 3466; x_wconf 88' lang='lat' dir='ltr'><strong>misericordiam</strong></span> <span class='ocrx_word' id='word_1_505' title='bbox 2097 3419 2241 3464; x_wconf 88' lang='lat' dir='ltr'><strong>tuam</strong></span> <span class='ocrx_word' id='word_1_506' title='bbox 2269 3428 2284 3465; x_wconf 90' lang='lat'><strong>:</strong></span> 
     </span>
    </p>
   </div>
   <div class='ocr_carea' id='block_1_66' title="bbox 730 3499 2284 3583">
    <p class='ocr_par' dir='ltr' id='par_1_66' title="bbox 730 3499 2284 3583">
     <span class='ocr_line' id='line_1_66' title="bbox 730 3499 2284 3583; baseline -0.008 -18"><span class='ocrx_word' id='word_1_507' title='bbox 730 3511 822 3583; x_wconf 93' lang='lat' dir='ltr'><strong>qui</strong></span> <span class='ocrx_word' id='word_1_508' title='bbox 842 3512 1025 3564; x_wconf 77' lang='lat' dir='ltr'><strong>vivunt</strong></span> <span class='ocrx_word' id='word_1_509' title='bbox 1049 3505 1368 3561; x_wconf 87' lang='lat' dir='ltr'><strong>benedicent</strong></span> <span class='ocrx_word' id='word_1_510' title='bbox 1392 3501 1508 3567; x_wconf 89' lang='lat' dir='ltr'><strong>tibi,</strong></span> <span class='ocrx_word' id='word_1_511' title='bbox 1527 3500 1668 3556; x_wconf 90' lang='lat' dir='ltr'><strong>sicut</strong></span> <span class='ocrx_word' id='word_1_512' title='bbox 1690 3510 1745 3555; x_wconf 88' lang='lat' dir='ltr'><strong>et</strong></span> <span class='ocrx_word' id='word_1_513' title='bbox 1764 3515 1882 3571; x_wconf 70' lang='lat' dir='ltr'><strong>ego.</strong></span> <span class='ocrx_word' id='word_1_514' title='bbox 1909 3500 1994 3555; x_wconf 80' lang='lat' dir='ltr'><strong>Ab</strong></span> <span class='ocrx_word' id='word_1_515' title='bbox 2020 3499 2122 3556; x_wconf 86' lang='lat' dir='ltr'><strong>hoc</strong></span> <span class='ocrx_word' id='word_1_516' title='bbox 2140 3499 2284 3555; x_wconf 90' lang='lat' dir='ltr'><strong>enim</strong></span> 
     </span>
    </p>
   </div>
   <div class='ocr_carea' id='block_1_67' title="bbox 732 3587 2281 3664">
    <p class='ocr_par' dir='ltr' id='par_1_67' title="bbox 732 3587 2281 3664">
     <span class='ocr_line' id='line_1_67' title="bbox 732 3587 2281 3664; baseline -0.006 -12"><span class='ocrx_word' id='word_1_517' title='bbox 732 3601 820 3654; x_wconf 91' lang='lat' dir='ltr'><strong>die</strong></span> <span class='ocrx_word' id='word_1_518' title='bbox 849 3597 985 3653; x_wconf 87' lang='lat' dir='ltr'><strong>iiiios</strong></span> <span class='ocrx_word' id='word_1_519' title='bbox 1004 3597 1182 3658; x_wconf 87' lang='lat' dir='ltr'><strong>edam,</strong></span> <span class='ocrx_word' id='word_1_520' title='bbox 1212 3592 1305 3664; x_wconf 90' lang='lat' dir='ltr'><strong>qui</strong></span> <span class='ocrx_word' id='word_1_521' title='bbox 1334 3589 1735 3646; x_wconf 84' lang='lat' dir='ltr'><strong>annuntiahunt</strong></span> <span class='ocrx_word' id='word_1_522' title='bbox 1754 3587 2020 3658; x_wconf 83' lang='lat' dir='ltr'><strong>justitiam</strong></span> <span class='ocrx_word' id='word_1_523' title='bbox 2052 3598 2219 3644; x_wconf 80' lang='lat' dir='ltr'><strong>tuam.</strong></span> <span class='ocrx_word' id='word_1_524' title='bbox 2261 3608 2281 3642; x_wconf 75' lang='grc' dir='ltr'><strong>ι</strong></span> 
     </span>
    </p>
   </div>
   <div class='ocr_carea' id='block_1_68' title="bbox 732 3679 2292 3759">
    <p class='ocr_par' dir='ltr' id='par_1_68' title="bbox 732 3679 2292 3759">
     <span class='ocr_line' id='line_1_68' title="bbox 732 3679 2292 3759; baseline -0.006 -15"><span class='ocrx_word' id='word_1_525' title='bbox 732 3688 1023 3759; x_wconf 82' lang='lat' dir='ltr'><strong>Impiorom</strong></span> <span class='ocrx_word' id='word_1_526' title='bbox 1050 3685 1312 3754; x_wconf 84' lang='lat' dir='ltr'><strong>siquidem</strong></span> <span class='ocrx_word' id='word_1_527' title='bbox 1342 3681 1496 3736; x_wconf 87' lang='lat' dir='ltr'><strong>locus</strong></span> <span class='ocrx_word' id='word_1_528' title='bbox 1517 3687 1602 3734; x_wconf 89' lang='lat' dir='ltr'><strong>est</strong></span> <span class='ocrx_word' id='word_1_529' title='bbox 1628 3679 1872 3735; x_wconf 78' lang='lat' dir='ltr'><strong>infernus</strong></span> <span class='ocrx_word' id='word_1_530' title='bbox 1903 3695 1919 3734; x_wconf 91' lang='lat'><strong>:</strong></span> <span class='ocrx_word' id='word_1_531' title='bbox 1962 3690 2292 3750; x_wconf 86' lang='lat' dir='ltr'><strong>quapropter</strong></span> 
     </span>
    </p>
   </div>
   <div class='ocr_carea' id='block_1_69' title="bbox 731 3769 2294 3844">
    <p class='ocr_par' dir='ltr' id='par_1_69' title="bbox 731 3769 2294 3844">
     <span class='ocr_line' id='line_1_69' title="bbox 731 3769 2294 3844; baseline -0.006 -9"><span class='ocrx_word' id='word_1_532' title='bbox 731 3795 856 3834; x_wconf 88' lang='lat' dir='ltr'><strong>cum</strong></span> <span class='ocrx_word' id='word_1_533' title='bbox 893 3778 1068 3833; x_wconf 84' lang='lat' dir='ltr'><strong>anima</strong></span> <span class='ocrx_word' id='word_1_534' title='bbox 1114 3790 1231 3830; x_wconf 87' lang='lat' dir='ltr'><strong>mea</strong></span> <span class='ocrx_word' id='word_1_535' title='bbox 1277 3773 1367 3829; x_wconf 89' lang='lat' dir='ltr'><strong>illo</strong></span> <span class='ocrx_word' id='word_1_536' title='bbox 1397 3780 1585 3841; x_wconf 88' lang='lat' dir='ltr'><strong>erepta</strong></span> <span class='ocrx_word' id='word_1_537' title='bbox 1613 3769 1720 3836; x_wconf 89' lang='lat' dir='ltr'><strong>sit,</strong></span> <span class='ocrx_word' id='word_1_538' title='bbox 1751 3769 1861 3827; x_wconf 88' lang='lat' dir='ltr'><strong>Deo</strong></span> <span class='ocrx_word' id='word_1_539' title='bbox 1889 3770 2045 3828; x_wconf 70' lang='lat' dir='ltr'><strong>laetus</strong></span> <span class='ocrx_word' id='word_1_540' title='bbox 2089 3773 2294 3844; x_wconf 71' lang='lat' dir='ltr'><strong>gratias</strong></span> 
     </span>
    </p>
   </div>
   <div class='ocr_carea' id='block_1_70' title="bbox 737 3864 2291 3939">
    <p class='ocr_par' dir='ltr' id='par_1_70' title="bbox 737 3864 2291 3939">
     <span class='ocr_line' id='line_1_70' title="bbox 737 3864 2291 3939; baseline -0.006 -13"><span class='ocrx_word' id='word_1_541' title='bbox 737 3871 929 3927; x_wconf 76' lang='lat' dir='ltr'><strong>refero.</strong></span> <span class='ocrx_word' id='word_1_542' title='bbox 964 3869 1131 3939; x_wconf 66' lang='lat' dir='ltr'><strong>Regio</strong></span> <span class='ocrx_word' id='word_1_543' title='bbox 1153 3875 1332 3922; x_wconf 89' lang='lat' dir='ltr'><strong>autem</strong></span> <span class='ocrx_word' id='word_1_544' title='bbox 1368 3879 1556 3920; x_wconf 90' lang='lat' dir='ltr'><strong>eorum</strong></span> <span class='ocrx_word' id='word_1_545' title='bbox 1580 3866 1670 3935; x_wconf 89' lang='lat' dir='ltr'><strong>qui</strong></span> <span class='ocrx_word' id='word_1_546' title='bbox 1709 3865 1850 3936; x_wconf 89' lang='lat' dir='ltr'><strong>apud</strong></span> <span class='ocrx_word' id='word_1_547' title='bbox 1893 3864 2059 3919; x_wconf 90' lang='lat' dir='ltr'><strong>Deum</strong></span> <span class='ocrx_word' id='word_1_548' title='bbox 2085 3865 2291 3928; x_wconf 77' lang='lat' dir='ltr'><strong>vivunt,</strong></span> 
     </span>
    </p>
   </div>
   <div class='ocr_carea' id='block_1_71' title="bbox 738 3953 2293 4030">
    <p class='ocr_par' dir='ltr' id='par_1_71' title="bbox 738 3953 2293 4030">
     <span class='ocr_line' id='line_1_71' title="bbox 738 3953 2293 4030; baseline -0.008 -14"><span class='ocrx_word' id='word_1_549' title='bbox 738 3976 833 4016; x_wconf 88' lang='lat' dir='ltr'><strong>eos</strong></span> <span class='ocrx_word' id='word_1_550' title='bbox 870 3961 959 4030; x_wconf 85' lang='lat' dir='ltr'><strong>qui</strong></span> <span class='ocrx_word' id='word_1_551' title='bbox 999 3959 1174 4029; x_wconf 87' lang='lat' dir='ltr'><strong>ipsum</strong></span> <span class='ocrx_word' id='word_1_552' title='bbox 1221 3955 1444 4010; x_wconf 90' lang='lat' dir='ltr'><strong>Iaudaut</strong></span> <span class='ocrx_word' id='word_1_553' title='bbox 1492 3955 1726 4024; x_wconf 78' lang='lat' dir='ltr'><strong>excipiet</strong></span> <span class='ocrx_word' id='word_1_554' title='bbox 1767 3973 1781 4010; x_wconf 90' lang='lat'>:</span> <span class='ocrx_word' id='word_1_555' title='bbox 1830 3954 1920 4008; x_wconf 88' lang='lat' dir='ltr'><strong>ubi</strong></span> <span class='ocrx_word' id='word_1_556' title='bbox 1959 3968 2044 4007; x_wconf 90' lang='lat' dir='ltr'><strong>me</strong></span> <span class='ocrx_word' id='word_1_557' title='bbox 2080 3953 2293 4008; x_wconf 88' lang='lat' dir='ltr'><strong>demum</strong></span> 
     </span>
    </p>
   </div>
   <div class='ocr_carea' id='block_1_72' title="bbox 742 4044 2295 4117">
    <p class='ocr_par' dir='ltr' id='par_1_72' title="bbox 742 4044 2295 4117">
     <span class='ocr_line' id='line_1_72' title="bbox 742 4044 2295 4117; baseline -0.005 -12"><span class='ocrx_word' id='word_1_558' title='bbox 742 4051 980 4106; x_wconf 80' lang='lat' dir='ltr'><strong>futurum</strong></span> <span class='ocrx_word' id='word_1_559' title='bbox 1017 4061 1136 4103; x_wconf 78' lang='lat' dir='ltr'><strong>esse</strong></span> <span class='ocrx_word' id='word_1_560' title='bbox 1184 4046 1434 4111; x_wconf 71' lang='lat' dir='ltr'><strong>conﬁdo,</strong></span> <span class='ocrx_word' id='word_1_561' title='bbox 1474 4047 1647 4117; x_wconf 69' lang='lat' dir='ltr'><strong>gratia</strong></span> <span class='ocrx_word' id='word_1_562' title='bbox 1696 4054 1788 4100; x_wconf 89' lang='lat' dir='ltr'><strong>tua</strong></span> <span class='ocrx_word' id='word_1_563' title='bbox 1842 4044 1894 4100; x_wconf 87' lang='lat' dir='ltr'><strong>id</strong></span> <span class='ocrx_word' id='word_1_564' title='bbox 1931 4044 2059 4099; x_wconf 88' lang='lat' dir='ltr'><strong>mihi</strong></span> <span class='ocrx_word' id='word_1_565' title='bbox 2100 4057 2295 4098; x_wconf 82' lang='lat' dir='ltr'><strong>conce-</strong></span> 
     </span>
    </p>
   </div>
   <div class='ocr_carea' id='block_1_73' title="bbox 745 4143 2298 4291">
    <p class='ocr_par' dir='ltr' id='par_1_73' title="bbox 745 4143 2298 4291">
     <span class='ocr_line' id='line_1_73' title="bbox 745 4143 2298 4291; baseline -0.007 -8"><span class='ocrx_word' id='word_1_566' title='bbox 745 4143 977 4282; x_wconf 46' lang='lat' dir='ltr'><strong>dezﬁs.</strong></span> <span class='ocrx_word' id='word_1_567' title='bbox 1012 4225 1105 4280; x_wconf 76' lang='lat'><strong>20.</strong></span> <span class='ocrx_word' id='word_1_568' title='bbox 1157 4241 1179 4276; x_wconf 72' lang='grc' dir='ltr'>ι</span> <span class='ocrx_word' id='word_1_569' title='bbox 1223 4224 1363 4280; x_wconf 83' lang='lat' dir='ltr'><strong>Deus</strong></span> <span class='ocrx_word' id='word_1_570' title='bbox 1406 4221 1594 4278; x_wconf 89' lang='lat' dir='ltr'><strong>salutis</strong></span> <span class='ocrx_word' id='word_1_571' title='bbox 1639 4236 1803 4288; x_wconf 62' lang='lat' dir='ltr'><strong>mea,</strong></span> <span class='ocrx_word' id='word_1_572' title='bbox 1845 4234 2018 4291; x_wconf 88' lang='lat' dir='ltr'><strong>neque</strong></span> <span class='ocrx_word' id='word_1_573' title='bbox 2055 4218 2298 4274; x_wconf 85' lang='lat' dir='ltr'><strong>desinam</strong></span> 
     </span>
    </p>
   </div>
   <div class='ocr_carea' id='block_1_74' title="bbox 744 4313 2301 4388">
    <p class='ocr_par' dir='ltr' id='par_1_74' title="bbox 744 4313 2301 4388">
     <span class='ocr_line' id='line_1_74' title="bbox 744 4313 2301 4388; baseline -0.006 -12"><span class='ocrx_word' id='word_1_574' title='bbox 744 4319 966 4377; x_wconf 82' lang='lat' dir='ltr'><strong>laudare</strong></span> <span class='ocrx_word' id='word_1_575' title='bbox 1008 4330 1063 4374; x_wconf 91' lang='lat' dir='ltr'><strong>te</strong></span> <span class='ocrx_word' id='word_1_576' title='bbox 1096 4332 1220 4372; x_wconf 89' lang='lat' dir='ltr'><strong>cum</strong></span> <span class='ocrx_word' id='word_1_577' title='bbox 1258 4315 1517 4388; x_wconf 77' lang='lat' dir='ltr'><strong>psalterio</strong></span> <span class='ocrx_word' id='word_1_578' title='bbox 1549 4316 1762 4371; x_wconf 89' lang='lat' dir='ltr'><strong>cunctis</strong></span> <span class='ocrx_word' id='word_1_579' title='bbox 1788 4314 1979 4369; x_wconf 87' lang='lat' dir='ltr'><strong>diebus</strong></span> <span class='ocrx_word' id='word_1_580' title='bbox 2005 4313 2128 4366; x_wconf 64' lang='lat' dir='ltr'><strong>vitae</strong></span> <span class='ocrx_word' id='word_1_581' title='bbox 2168 4324 2301 4366; x_wconf 64' lang='lat' dir='ltr'><strong>mea:</strong></span> 
     </span>
    </p>
   </div>
   <div class='ocr_carea' id='block_1_75' title="bbox 745 4405 2297 4481">
    <p class='ocr_par' dir='ltr' id='par_1_75' title="bbox 745 4405 2297 4481">
     <span class='ocr_line' id='line_1_75' title="bbox 745 4405 2297 4481; baseline -0.009 -14"><span class='ocrx_word' id='word_1_582' title='bbox 745 4413 802 4467; x_wconf 91' lang='lat' dir='ltr'><strong>in</strong></span> <span class='ocrx_word' id='word_1_583' title='bbox 854 4418 1142 4481; x_wconf 87' lang='lat' dir='ltr'><strong>conspectu</strong></span> <span class='ocrx_word' id='word_1_584' title='bbox 1194 4411 1384 4464; x_wconf 86' lang='lat' dir='ltr'><strong>domus</strong></span> <span class='ocrx_word' id='word_1_585' title='bbox 1431 4405 1544 4461; x_wconf 88' lang='lat' dir='ltr'><strong>Dei.</strong></span> <span class='ocrx_word' id='word_1_586' title='bbox 1591 4424 1613 4456; x_wconf 72' lang='grc' dir='ltr'><strong>ι</strong></span> <span class='ocrx_word' id='word_1_587' title='bbox 1654 4405 1773 4461; x_wconf 82' lang='lat' dir='ltr'><strong>Tibi</strong></span> <span class='ocrx_word' id='word_1_588' title='bbox 1825 4418 2034 4473; x_wconf 80' lang='lat' dir='ltr'><strong>semper</strong></span> <span class='ocrx_word' id='word_1_589' title='bbox 2092 4410 2297 4464; x_wconf 88' lang='lat' dir='ltr'><strong>astans,</strong></span> 
     </span>
    </p>
   </div>
   <div class='ocr_carea' id='block_1_76' title="bbox 2389 3205 3958 3281">
    <p class='ocr_par' dir='ltr' id='par_1_76' title="bbox 2389 3205 3958 3281">
     <span class='ocr_line' id='line_1_76' title="bbox 2389 3205 3958 3281; baseline -0.004 -18"><span class='ocrx_word' id='word_1_590' title='bbox 2389 3211 2438 3264; x_wconf 88' lang='lat' dir='ltr'><strong>oi</strong></span> <span class='ocrx_word' id='word_1_591' title='bbox 2460 3210 2520 3264; x_wconf 69' lang='lat' dir='ltr'><strong>tv</strong></span> <span class='ocrx_word' id='word_1_592' title='bbox 2545 3208 2674 3281; x_wconf 67' lang='grc' dir='ltr'>ᾅδου</span> <span class='ocrx_word' id='word_1_593' title='bbox 2699 3207 2970 3263; x_wconf 72' lang='grc' dir='ltr'><strong>αινὲσουσι</strong></span> <span class='ocrx_word' id='word_1_594' title='bbox 3000 3223 3083 3271; x_wconf 77' lang='grc' dir='ltr'><strong>σε,</strong></span> <span class='ocrx_word' id='word_1_595' title='bbox 3121 3207 3241 3262; x_wconf 62' lang='lat' dir='ltr'><strong>om</strong></span> <span class='ocrx_word' id='word_1_596' title='bbox 3267 3208 3318 3261; x_wconf 80' lang='lat' dir='ltr'><strong>oi</strong></span> <span class='ocrx_word' id='word_1_597' title='bbox 3345 3205 3706 3270; x_wconf 79' lang='grc' dir='ltr'><strong>ἀποθανόντες</strong></span> <span class='ocrx_word' id='word_1_598' title='bbox 3737 3205 3958 3274; x_wconf 78' lang='grc' dir='ltr'><strong>εὐλογή-</strong></span> 
     </span>
    </p>
   </div>
   <div class='ocr_carea' id='block_1_77' title="bbox 2391 3294 3958 3369">
    <p class='ocr_par' dir='ltr' id='par_1_77' title="bbox 2391 3294 3958 3369">
     <span class='ocr_line' id='line_1_77' title="bbox 2391 3294 3958 3369; baseline -0.006 -15"><span class='ocrx_word' id='word_1_599' title='bbox 2391 3299 2543 3354; x_wconf 82' lang='grc' dir='ltr'>σουσί</span> <span class='ocrx_word' id='word_1_600' title='bbox 2585 3316 2670 3363; x_wconf 84' lang='grc' dir='ltr'><strong>σε,</strong></span> <span class='ocrx_word' id='word_1_601' title='bbox 2708 3299 2827 3354; x_wconf 77' lang='grc' dir='ltr'>οὐδὲ</span> <span class='ocrx_word' id='word_1_602' title='bbox 2855 3299 3098 3354; x_wconf 68' lang='grc' dir='ltr'><strong>ιλπιοῢσι</strong></span> <span class='ocrx_word' id='word_1_603' title='bbox 3139 3299 3191 3351; x_wconf 86' lang='lat' dir='ltr'><strong>oi.</strong></span> <span class='ocrx_word' id='word_1_604' title='bbox 3217 3299 3275 3352; x_wconf 70' lang='grc' dir='ltr'><strong>ιν</strong></span> <span class='ocrx_word' id='word_1_605' title='bbox 3299 3297 3426 3369; x_wconf 67' lang='grc' dir='ltr'>ᾅδου</span> <span class='ocrx_word' id='word_1_606' title='bbox 3468 3296 3564 3367; x_wconf 74' lang='grc' dir='ltr'><strong>τὴν</strong></span> <span class='ocrx_word' id='word_1_607' title='bbox 3593 3294 3958 3368; x_wconf 70' lang='grc' dir='ltr'><strong>ἐλεημοσύνην</strong></span> 
     </span>
    </p>
   </div>
   <div class='ocr_carea' id='block_1_78' title="bbox 2390 3385 3960 3460">
    <p class='ocr_par' dir='ltr' id='par_1_78' title="bbox 2390 3385 3960 3460">
     <span class='ocr_line' id='line_1_78' title="bbox 2390 3385 3960 3460; baseline -0.004 -14"><span class='ocrx_word' id='word_1_608' title='bbox 2390 3408 2506 3446; x_wconf 86' lang='grc' dir='ltr'><strong>σου·</strong></span> <span class='ocrx_word' id='word_1_609' title='bbox 2537 3391 2589 3446; x_wconf 80' lang='lat' dir='ltr'><strong>oi</strong></span> <span class='ocrx_word' id='word_1_610' title='bbox 2615 3390 2816 3457; x_wconf 78' lang='grc' dir='ltr'>ζῶντες</span> <span class='ocrx_word' id='word_1_611' title='bbox 2845 3389 3198 3460; x_wconf 68' lang='grc' dir='ltr'>εύλογήσουσῑ</span> <span class='ocrx_word' id='word_1_612' title='bbox 3232 3405 3294 3443; x_wconf 81' lang='grc' dir='ltr'><strong>σε</strong></span> <span class='ocrx_word' id='word_1_613' title='bbox 3324 3389 3384 3442; x_wconf 81' lang='grc' dir='ltr'><strong>ὃν</strong></span> <span class='ocrx_word' id='word_1_614' title='bbox 3405 3389 3604 3460; x_wconf 84' lang='grc' dir='ltr'>τρόπον</span> <span class='ocrx_word' id='word_1_615' title='bbox 3625 3385 3798 3456; x_wconf 79' lang='grc' dir='ltr'><strong>κάγώ.</strong></span> <span class='ocrx_word' id='word_1_616' title='bbox 3829 3387 3960 3441; x_wconf 76' lang='grc' dir='ltr'><strong>Ἀπὸ</strong></span> 
     </span>
    </p>
   </div>
   <div class='ocr_carea' id='block_1_79' title="bbox 2388 3477 3958 3554">
    <p class='ocr_par' dir='ltr' id='par_1_79' title="bbox 2388 3477 3958 3554">
     <span class='ocr_line' id='line_1_79' title="bbox 2388 3477 3958 3554; baseline -0.004 -19"><span class='ocrx_word' id='word_1_617' title='bbox 2388 3481 2497 3552; x_wconf 76' lang='grc' dir='ltr'><strong>γὰρ</strong></span> <span class='ocrx_word' id='word_1_618' title='bbox 2513 3480 2617 3552; x_wconf 84' lang='grc' dir='ltr'><strong>τῆς</strong></span> <span class='ocrx_word' id='word_1_619' title='bbox 2645 3483 2886 3554; x_wconf 76' lang='grc' dir='ltr'><strong>σήμερον</strong></span> <span class='ocrx_word' id='word_1_620' title='bbox 2915 3480 3102 3535; x_wconf 77' lang='grc' dir='ltr'>παιδία</span> <span class='ocrx_word' id='word_1_621' title='bbox 3152 3480 3383 3551; x_wconf 82' lang='grc' dir='ltr'>ποιήσω,</span> <span class='ocrx_word' id='word_1_622' title='bbox 3405 3479 3443 3533; x_wconf 69' lang='grc' dir='ltr'>ἃ</span> <span class='ocrx_word' id='word_1_623' title='bbox 3465 3477 3819 3547; x_wconf 67' lang='grc' dir='ltr'><strong>ἀναΠελοῦσι</strong></span> <span class='ocrx_word' id='word_1_624' title='bbox 3859 3478 3958 3548; x_wconf 73' lang='grc' dir='ltr'><strong>τὴν</strong></span> 
     </span>
    </p>
   </div>
   <div class='ocr_carea' id='block_1_80' title="bbox 2387 3567 3955 3644">
    <p class='ocr_par' dir='ltr' id='par_1_80' title="bbox 2387 3567 3955 3644">
     <span class='ocr_line' id='line_1_80' title="bbox 2387 3567 3955 3644; baseline -0.005 -14"><span class='ocrx_word' id='word_1_625' title='bbox 2387 3573 2735 3644; x_wconf 84' lang='grc' dir='ltr'>δικαιοσύνην</span> <span class='ocrx_word' id='word_1_626' title='bbox 2785 3590 2901 3628; x_wconf 83' lang='grc' dir='ltr'>σου.</span> <span class='ocrx_word' id='word_1_627' title='bbox 2940 3592 2959 3624; x_wconf 75' lang='grc' dir='ltr'><strong>ι</strong></span> <span class='ocrx_word' id='word_1_628' title='bbox 2990 3570 3204 3644; x_wconf 78' lang='grc' dir='ltr'>Χωρίον</span> <span class='ocrx_word' id='word_1_629' title='bbox 3239 3573 3348 3644; x_wconf 83' lang='grc' dir='ltr'><strong>γάρ</strong></span> <span class='ocrx_word' id='word_1_630' title='bbox 3373 3573 3518 3624; x_wconf 66' lang='grc' dir='ltr'>ἑστιν</span> <span class='ocrx_word' id='word_1_631' title='bbox 3542 3569 3751 3624; x_wconf 77' lang='grc' dir='ltr'>ἁσεδῶν</span> <span class='ocrx_word' id='word_1_632' title='bbox 3781 3567 3955 3624; x_wconf 84' lang='grc' dir='ltr'>τοῦτο·</span> 
     </span>
    </p>
   </div>
   <div class='ocr_carea' id='block_1_81' title="bbox 2388 3661 3959 3738">
    <p class='ocr_par' dir='ltr' id='par_1_81' title="bbox 2388 3661 3959 3738">
     <span class='ocr_line' id='line_1_81' title="bbox 2388 3661 3959 3738; baseline -0.004 -17"><span class='ocrx_word' id='word_1_633' title='bbox 2388 3666 2470 3722; x_wconf 81' lang='grc' dir='ltr'><strong>διδ</strong></span> <span class='ocrx_word' id='word_1_634' title='bbox 2499 3665 2598 3738; x_wconf 78' lang='grc' dir='ltr'>τὴν</span> <span class='ocrx_word' id='word_1_635' title='bbox 2615 3664 2792 3738; x_wconf 81' lang='grc' dir='ltr'>ψυχὴν</span> <span class='ocrx_word' id='word_1_636' title='bbox 2823 3663 3208 3736; x_wconf 63' lang='grc' dir='ltr'><strong>ἐλευθερωθεὶς</strong></span> <span class='ocrx_word' id='word_1_637' title='bbox 3235 3662 3295 3729; x_wconf 65' lang='grc' dir='ltr'><strong>ἐξ</strong></span> <span class='ocrx_word' id='word_1_638' title='bbox 3334 3663 3518 3726; x_wconf 81' lang='grc' dir='ltr'>αὐτοῦ,</span> <span class='ocrx_word' id='word_1_639' title='bbox 3551 3661 3752 3732; x_wconf 76' lang='grc' dir='ltr'>χαίρων</span> <span class='ocrx_word' id='word_1_640' title='bbox 3776 3662 3959 3715; x_wconf 81' lang='grc' dir='ltr'>ἀποδί-</span> 
     </span>
    </p>
   </div>
   <div class='ocr_carea' id='block_1_82' title="bbox 2389 3751 3961 3829">
    <p class='ocr_par' dir='ltr' id='par_1_82' title="bbox 2389 3751 3961 3829">
     <span class='ocr_line' id='line_1_82' title="bbox 2389 3751 3961 3829; baseline -0.004 -17"><span class='ocrx_word' id='word_1_641' title='bbox 2389 3758 2530 3829; x_wconf 87' lang='grc' dir='ltr'>δωμι</span> <span class='ocrx_word' id='word_1_642' title='bbox 2553 3756 2632 3828; x_wconf 84' lang='grc' dir='ltr'><strong>τῷ</strong></span> <span class='ocrx_word' id='word_1_643' title='bbox 2650 3755 2770 3828; x_wconf 83' lang='grc' dir='ltr'><strong>Θεῷ</strong></span> <span class='ocrx_word' id='word_1_644' title='bbox 2789 3756 2891 3827; x_wconf 75' lang='grc' dir='ltr'><strong>τὴν</strong></span> <span class='ocrx_word' id='word_1_645' title='bbox 2918 3754 3286 3827; x_wconf 77' lang='grc' dir='ltr'>εὐχαριστίαν.</span> <span class='ocrx_word' id='word_1_646' title='bbox 3333 3756 3397 3808; x_wconf 81' lang='grc' dir='ltr'><em>Ἡ</em></span> <span class='ocrx_word' id='word_1_647' title='bbox 3421 3754 3476 3808; x_wconf 72' lang='grc' dir='ltr'>δὲ</span> <span class='ocrx_word' id='word_1_648' title='bbox 3507 3753 3658 3824; x_wconf 82' lang='grc' dir='ltr'>χώρα</span> <span class='ocrx_word' id='word_1_649' title='bbox 3683 3753 3790 3808; x_wconf 85' lang='grc' dir='ltr'>τῶν</span> <span class='ocrx_word' id='word_1_650' title='bbox 3809 3751 3961 3825; x_wconf 68' lang='grc' dir='ltr'>παρὰ</span> 
     </span>
    </p>
   </div>
   <div class='ocr_carea' id='block_1_83' title="bbox 2390 3844 3960 3920">
    <p class='ocr_par' dir='ltr' id='par_1_83' title="bbox 2390 3844 3960 3920">
     <span class='ocr_line' id='line_1_83' title="bbox 2390 3844 3960 3920; baseline -0.004 -17"><span class='ocrx_word' id='word_1_651' title='bbox 2390 3848 2512 3920; x_wconf 81' lang='grc' dir='ltr'>Θεῷ</span> <span class='ocrx_word' id='word_1_652' title='bbox 2535 3846 2753 3913; x_wconf 79' lang='grc' dir='ltr'><strong>ζώντων</strong></span> <span class='ocrx_word' id='word_1_653' title='bbox 2779 3846 3014 3912; x_wconf 79' lang='grc' dir='ltr'>καὶτοὺς</span> <span class='ocrx_word' id='word_1_654' title='bbox 3044 3845 3327 3910; x_wconf 74' lang='grc' dir='ltr'>αἰνοῦντας</span> <span class='ocrx_word' id='word_1_655' title='bbox 3347 3845 3682 3911; x_wconf 76' lang='grc' dir='ltr'>ὑποδέξεται·</span> <span class='ocrx_word' id='word_1_656' title='bbox 3709 3844 3836 3900; x_wconf 72' lang='grc' dir='ltr'><strong>ἔνθα</strong></span> <span class='ocrx_word' id='word_1_657' title='bbox 3867 3845 3960 3898; x_wconf 76' lang='grc' dir='ltr'><strong>καὶ</strong></span> 
     </span>
    </p>
   </div>
   <div class='ocr_carea' id='block_1_84' title="bbox 2393 3933 3961 4010">
    <p class='ocr_par' dir='ltr' id='par_1_84' title="bbox 2393 3933 3961 4010">
     <span class='ocr_line' id='line_1_84' title="bbox 2393 3933 3961 4010; baseline -0.003 -16"><span class='ocrx_word' id='word_1_658' title='bbox 2393 3939 2557 4004; x_wconf 78' lang='grc' dir='ltr'>αὐτὸς</span> <span class='ocrx_word' id='word_1_659' title='bbox 2572 3938 2756 3993; x_wconf 77' lang='grc' dir='ltr'>λοιπὸν</span> <span class='ocrx_word' id='word_1_660' title='bbox 2780 3937 3102 4010; x_wconf 79' lang='grc' dir='ltr'>γενησεσθαι</span> <span class='ocrx_word' id='word_1_661' title='bbox 3119 4003 3122 4006; x_wconf 8' lang='grc' dir='ltr'><strong><em>ξ</em></strong></span> <span class='ocrx_word' id='word_1_662' title='bbox 3142 3936 3404 4000; x_wconf 78' lang='grc' dir='ltr'><strong>πιστεύω,</strong></span> <span class='ocrx_word' id='word_1_663' title='bbox 3429 3935 3587 3989; x_wconf 78' lang='grc' dir='ltr'>τοῦτό</span> <span class='ocrx_word' id='word_1_664' title='bbox 3617 3953 3706 4008; x_wconf 87' lang='grc' dir='ltr'><strong>μοι</strong></span> <span class='ocrx_word' id='word_1_665' title='bbox 3731 3935 3830 4006; x_wconf 78' lang='grc' dir='ltr'><strong>τῆς</strong></span> <span class='ocrx_word' id='word_1_666' title='bbox 3862 3933 3961 4005; x_wconf 78' lang='grc' dir='ltr'><strong>σῆς</strong></span> 
     </span>
    </p>
   </div>
   <div class='ocr_carea' id='block_1_85' title="bbox 2393 4029 3048 4105">
    <p class='ocr_par' dir='ltr' id='par_1_85' title="bbox 2393 4029 3048 4105">
     <span class='ocr_line' id='line_1_85' title="bbox 2393 4029 3048 4105; baseline -0.008 0"><span class='ocrx_word' id='word_1_667' title='bbox 2393 4029 2787 4105; x_wconf 66' lang='grc' dir='ltr'><strong>δωρησαμένης</strong></span> <span class='ocrx_word' id='word_1_668' title='bbox 2810 4029 3048 4102; x_wconf 78' lang='grc' dir='ltr'><strong>χάριτος-</strong></span> 
     </span>
    </p>
   </div>
   <div class='ocr_carea' id='block_1_86' title="bbox 2471 4206 3961 4281">
    <p class='ocr_par' dir='ltr' id='par_1_86' title="bbox 2471 4206 3961 4281">
     <span class='ocr_line' id='line_1_86' title="bbox 2471 4206 3961 4281; baseline -0.003 -18"><span class='ocrx_word' id='word_1_669' title='bbox 2471 4229 2491 4262; x_wconf 77' lang='lat' dir='ltr'><strong>s</strong></span> <span class='ocrx_word' id='word_1_670' title='bbox 2520 4209 2621 4263; x_wconf 72' lang='grc' dir='ltr'><strong>Θεὶ</strong></span> <span class='ocrx_word' id='word_1_671' title='bbox 2647 4209 2744 4281; x_wconf 79' lang='grc' dir='ltr'><strong>τῆς</strong></span> <span class='ocrx_word' id='word_1_672' title='bbox 2759 4209 3031 4281; x_wconf 70' lang='grc' dir='ltr'>σωτηρίας</span> <span class='ocrx_word' id='word_1_673' title='bbox 3059 4227 3182 4281; x_wconf 79' lang='grc' dir='ltr'>μου,</span> <span class='ocrx_word' id='word_1_674' title='bbox 3210 4210 3304 4264; x_wconf 78' lang='grc' dir='ltr'><strong>καὶ</strong></span> <span class='ocrx_word' id='word_1_675' title='bbox 3335 4209 3398 4264; x_wconf 81' lang='grc' dir='ltr'><strong>οὐ</strong></span> <span class='ocrx_word' id='word_1_676' title='bbox 3429 4208 3705 4281; x_wconf 82' lang='grc' dir='ltr'>παύσομαι</span> <span class='ocrx_word' id='word_1_677' title='bbox 3725 4206 3961 4276; x_wconf 77' lang='grc' dir='ltr'>εὐλογῶν</span> 
     </span>
    </p>
   </div>
   <div class='ocr_carea' id='block_1_87' title="bbox 2399 4295 3960 4376">
    <p class='ocr_par' dir='ltr' id='par_1_87' title="bbox 2399 4295 3960 4376">
     <span class='ocr_line' id='line_1_87' title="bbox 2399 4295 3960 4376; baseline -0.004 -20"><span class='ocrx_word' id='word_1_678' title='bbox 2399 4317 2459 4356; x_wconf 78' lang='grc' dir='ltr'>σε</span> <span class='ocrx_word' id='word_1_679' title='bbox 2483 4302 2620 4373; x_wconf 82' lang='grc' dir='ltr'>μετὰ</span> <span class='ocrx_word' id='word_1_680' title='bbox 2639 4301 2936 4374; x_wconf 74' lang='grc' dir='ltr'>ψαλτηρίου</span> <span class='ocrx_word' id='word_1_681' title='bbox 2966 4301 3149 4366; x_wconf 78' lang='grc' dir='ltr'>πάσας</span> <span class='ocrx_word' id='word_1_682' title='bbox 3179 4301 3278 4366; x_wconf 82' lang='grc' dir='ltr'>τὰς</span> <span class='ocrx_word' id='word_1_683' title='bbox 3300 4301 3512 4376; x_wconf 69' lang='grc' dir='ltr'>ἡμέρας</span> <span class='ocrx_word' id='word_1_684' title='bbox 3559 4300 3658 4370; x_wconf 76' lang='grc' dir='ltr'>τῆς</span> <span class='ocrx_word' id='word_1_685' title='bbox 3686 4295 3831 4369; x_wconf 67' lang='grc' dir='ltr'>ζωῆς</span> <span class='ocrx_word' id='word_1_686' title='bbox 3862 4315 3960 4369; x_wconf 82' lang='grc' dir='ltr'><strong>μου</strong></span> 
     </span>
    </p>
   </div>
   <div class='ocr_carea' id='block_1_88' title="bbox 2368 4391 3962 4464">
    <p class='ocr_par' dir='ltr' id='par_1_88' title="bbox 2368 4391 3962 4464">
     <span class='ocr_line' id='line_1_88' title="bbox 2368 4391 3962 4464; baseline -0.006 -12"><span class='ocrx_word' id='word_1_687' title='bbox 2368 4394 2682 4452; x_wconf 65' lang='grc' dir='ltr'>κατέναντι</span> <span class='ocrx_word' id='word_1_688' title='bbox 2727 4394 2820 4448; x_wconf 81' lang='grc' dir='ltr'><strong>τοῦ</strong></span> <span class='ocrx_word' id='word_1_689' title='bbox 2863 4393 3013 4449; x_wconf 74' lang='grc' dir='ltr'>οἴκου</span> <span class='ocrx_word' id='word_1_690' title='bbox 3044 4394 3139 4449; x_wconf 76' lang='grc' dir='ltr'>τοῦ</span> <span class='ocrx_word' id='word_1_691' title='bbox 3183 4393 3338 4448; x_wconf 73' lang='grc' dir='ltr'>Θεοῦ.</span> <span class='ocrx_word' id='word_1_692' title='bbox 3381 4412 3399 4445; x_wconf 76' lang='grc' dir='ltr'><strong>ι</strong></span> <span class='ocrx_word' id='word_1_693' title='bbox 3461 4393 3552 4447; x_wconf 73' lang='grc' dir='ltr'><strong>Σοὶ</strong></span> <span class='ocrx_word' id='word_1_694' title='bbox 3590 4391 3962 4464; x_wconf 80' lang='grc' dir='ltr'>προσεδρεύων</span> 
     </span>
    </p>
   </div>
   <div class='ocr_carea' id='block_1_89' title="bbox 744 4481 2286 4569">
    <p class='ocr_par' dir='ltr' id='par_1_89' title="bbox 744 4492 2286 4569">
     <span class='ocr_line' id='line_1_89' title="bbox 744 4492 2286 4569; baseline -0.007 -13"><span class='ocrx_word' id='word_1_695' title='bbox 744 4511 804 4556; x_wconf 93' lang='lat' dir='ltr'><strong>et</strong></span> <span class='ocrx_word' id='word_1_696' title='bbox 840 4515 871 4554; x_wconf 92' lang='lat' dir='ltr'><strong>a</strong></span> <span class='ocrx_word' id='word_1_697' title='bbox 903 4499 1210 4555; x_wconf 83' lang='lat' dir='ltr'><strong>sanctuario</strong></span> <span class='ocrx_word' id='word_1_698' title='bbox 1239 4514 1512 4569; x_wconf 81' lang='lat' dir='ltr'><strong>nunquam</strong></span> <span class='ocrx_word' id='word_1_699' title='bbox 1548 4495 1825 4560; x_wconf 82' lang='lat' dir='ltr'><strong>recedens,</strong></span> <span class='ocrx_word' id='word_1_700' title='bbox 1853 4505 1903 4549; x_wconf 88' lang='lat' dir='ltr'><strong>te</strong></span> <span class='ocrx_word' id='word_1_701' title='bbox 1933 4493 2151 4549; x_wconf 80' lang='lat' dir='ltr'><strong>assidue</strong></span> <span class='ocrx_word' id='word_1_702' title='bbox 2180 4492 2286 4546; x_wconf 92' lang='lat' dir='ltr'><strong>Iau-</strong></span> 
     </span>
    </p>
   </div>
   <div class='ocr_carea' id='block_1_90' title="bbox 2385 4481 3963 4569">
    <p class='ocr_par' dir='ltr' id='par_1_90' title="bbox 2398 4481 3963 4558">
     <span class='ocr_line' id='line_1_90' title="bbox 2398 4481 3963 4558; baseline -0.004 -18"><span class='ocrx_word' id='word_1_703' title='bbox 2398 4485 2706 4550; x_wconf 78' lang='grc' dir='ltr'>διαπαντὸς,</span> <span class='ocrx_word' id='word_1_704' title='bbox 2750 4487 2843 4539; x_wconf 74' lang='grc' dir='ltr'><strong>καὶ</strong></span> <span class='ocrx_word' id='word_1_705' title='bbox 2884 4485 3186 4558; x_wconf 80' lang='grc' dir='ltr'>ὰχώριστος</span> <span class='ocrx_word' id='word_1_706' title='bbox 3232 4485 3518 4555; x_wconf 79' lang='grc' dir='ltr'>γενόμενος</span> <span class='ocrx_word' id='word_1_707' title='bbox 3546 4483 3640 4538; x_wconf 83' lang='grc' dir='ltr'>τοῦ</span> <span class='ocrx_word' id='word_1_708' title='bbox 3675 4483 3769 4536; x_wconf 80' lang='grc' dir='ltr'>σοῦ</span> <span class='ocrx_word' id='word_1_709' title='bbox 3810 4481 3963 4551; x_wconf 79' lang='grc' dir='ltr'><strong>ἁγιὰο</strong></span> 
     </span>
    </p>
   </div>
   <div class='ocr_carea' id='block_1_91' title="bbox 746 4595 908 4650">
    <p class='ocr_par' dir='ltr' id='par_1_91' title="bbox 746 4595 908 4650">
     <span class='ocr_line' id='line_1_91' title="bbox 746 4595 908 4650; baseline 0.006 -1"><span class='ocrx_word' id='word_1_710' title='bbox 746 4595 908 4650; x_wconf 84' lang='lat' dir='ltr'><strong>dabo.</strong></span> 
     </span>
    </p>
   </div>
   <div class='ocr_carea' id='block_1_92' title="bbox 820 4673 2298 4739">
    <p class='ocr_par' dir='ltr' id='par_1_92' title="bbox 820 4673 2298 4739">
     <span class='ocr_line' id='line_1_92' title="bbox 820 4673 2298 4739; baseline -0.005 -2"><span class='ocrx_word' id='word_1_711' title='bbox 820 4681 982 4739; x_wconf 69' lang='lat' dir='ltr'><strong>Vnus.</strong></span> <span class='ocrx_word' id='word_1_712' title='bbox 1008 4683 1097 4738; x_wconf 70' lang='grc' dir='ltr'><strong>ει.</strong></span> <span class='ocrx_word' id='word_1_713' title='bbox 1138 4701 1158 4735; x_wconf 77' lang='grc' dir='ltr'>ι</span> <span class='ocrx_word' id='word_1_714' title='bbox 1192 4681 1410 4737; x_wconf 80' lang='lat' dir='ltr'><strong>Etdisit</strong></span> <span class='ocrx_word' id='word_1_715' title='bbox 1456 4678 1620 4736; x_wconf 86' lang='lat' dir='ltr'><strong>Isaias</strong></span> <span class='ocrx_word' id='word_1_716' title='bbox 1662 4678 1904 4734; x_wconf 69' lang='lat' dir='ltr'><strong>Ezechiae</strong></span> <span class='ocrx_word' id='word_1_717' title='bbox 1942 4694 1956 4731; x_wconf 92' lang='lat'><strong>:</strong></span> <span class='ocrx_word' id='word_1_718' title='bbox 2011 4677 2176 4732; x_wconf 91' lang='lat' dir='ltr'><strong>Sume</strong></span> <span class='ocrx_word' id='word_1_719' title='bbox 2203 4673 2298 4730; x_wconf 84' lang='lat' dir='ltr'><strong>tibi</strong></span> 
     </span>
    </p>
   </div>
   <div class='ocr_carea' id='block_1_93' title="bbox 751 4764 2302 4842">
    <p class='ocr_par' dir='ltr' id='par_1_93' title="bbox 751 4764 2302 4842">
     <span class='ocr_line' id='line_1_93' title="bbox 751 4764 2302 4842; baseline -0.006 -12"><span class='ocrx_word' id='word_1_720' title='bbox 751 4790 982 4831; x_wconf 85' lang='lat' dir='ltr'><strong>massam</strong></span> <span class='ocrx_word' id='word_1_721' title='bbox 1017 4773 1237 4838; x_wconf 74' lang='lat' dir='ltr'><strong>licitum,</strong></span> <span class='ocrx_word' id='word_1_722' title='bbox 1256 4783 1312 4829; x_wconf 91' lang='lat' dir='ltr'><strong>et</strong></span> <span class='ocrx_word' id='word_1_723' title='bbox 1335 4783 1468 4840; x_wconf 88' lang='lat' dir='ltr'><strong>tere,</strong></span> <span class='ocrx_word' id='word_1_724' title='bbox 1487 4779 1542 4826; x_wconf 91' lang='lat' dir='ltr'><strong>et</strong></span> <span class='ocrx_word' id='word_1_725' title='bbox 1563 4770 1907 4842; x_wconf 87' lang='lat' dir='ltr'><strong>emplastrum</strong></span> <span class='ocrx_word' id='word_1_726' title='bbox 1940 4769 2154 4838; x_wconf 84' lang='lat' dir='ltr'><strong>impone</strong></span> <span class='ocrx_word' id='word_1_727' title='bbox 2183 4764 2302 4820; x_wconf 78' lang='lat' dir='ltr'><strong>vul-</strong></span> 
     </span>
    </p>
   </div>
   <div class='ocr_carea' id='block_1_94' title="bbox 751 4856 2301 4933">
    <p class='ocr_par' dir='ltr' id='par_1_94' title="bbox 751 4856 2301 4933">
     <span class='ocr_line' id='line_1_94' title="bbox 751 4856 2301 4933; baseline -0.008 -10"><span class='ocrx_word' id='word_1_728' title='bbox 751 4868 892 4933; x_wconf 88' lang='lat' dir='ltr'><strong>ueri,</strong></span> <span class='ocrx_word' id='word_1_729' title='bbox 908 4876 963 4923; x_wconf 89' lang='lat' dir='ltr'><strong>et</strong></span> <span class='ocrx_word' id='word_1_730' title='bbox 983 4881 1148 4923; x_wconf 85' lang='lat' dir='ltr'><strong>sanus</strong></span> <span class='ocrx_word' id='word_1_731' title='bbox 1174 4867 1313 4932; x_wconf 85' lang='lat' dir='ltr'><strong>eris;</strong></span> <span class='ocrx_word' id='word_1_732' title='bbox 1341 4881 1363 4916; x_wconf 75' lang='grc' dir='ltr'>ι</span> <span class='ocrx_word' id='word_1_733' title='bbox 1396 4864 1597 4919; x_wconf 88' lang='lat' dir='ltr'><strong>docens</strong></span> <span class='ocrx_word' id='word_1_734' title='bbox 1620 4877 1726 4917; x_wconf 92' lang='lat' dir='ltr'><strong>non</strong></span> <span class='ocrx_word' id='word_1_735' title='bbox 1755 4875 1975 4930; x_wconf 87' lang='lat' dir='ltr'><strong>prorsus</strong></span> <span class='ocrx_word' id='word_1_736' title='bbox 2003 4856 2301 4928; x_wconf 80' lang='lat' dir='ltr'><strong>respuenda</strong></span> 
     </span>
    </p>
   </div>
   <div class='ocr_carea' id='block_1_95' title="bbox 750 4944 2296 5027">
    <p class='ocr_par' dir='ltr' id='par_1_95' title="bbox 750 4944 2296 5027">
     <span class='ocr_line' id='line_1_95' title="bbox 750 4944 2296 5027; baseline -0.01 -13"><span class='ocrx_word' id='word_1_737' title='bbox 750 4973 872 5014; x_wconf 84' lang='lat' dir='ltr'><strong>esse</strong></span> <span class='ocrx_word' id='word_1_738' title='bbox 901 4956 988 5013; x_wconf 87' lang='lat' dir='ltr'><strong>illa</strong></span> <span class='ocrx_word' id='word_1_739' title='bbox 1007 4997 1023 5022; x_wconf 91' lang='lat'><strong>,</strong></span> <span class='ocrx_word' id='word_1_740' title='bbox 1054 4970 1176 5027; x_wconf 62' lang='lat' dir='ltr'><strong>qua</strong></span> <span class='ocrx_word' id='word_1_741' title='bbox 1202 4955 1270 5008; x_wconf 90' lang='lat' dir='ltr'><strong>ab</strong></span> <span class='ocrx_word' id='word_1_742' title='bbox 1302 4951 1612 5009; x_wconf 85' lang='lat' dir='ltr'><strong>hominibus</strong></span> <span class='ocrx_word' id='word_1_743' title='bbox 1641 4951 1706 5004; x_wconf 91' lang='lat' dir='ltr'><strong>ad</strong></span> <span class='ocrx_word' id='word_1_744' title='bbox 1749 4949 2009 5006; x_wconf 89' lang='lat' dir='ltr'><strong>medelam</strong></span> <span class='ocrx_word' id='word_1_745' title='bbox 2055 4944 2296 5015; x_wconf 86' lang='lat' dir='ltr'><strong>corporis</strong></span> 
     </span>
    </p>
   </div>
   <div class='ocr_carea' id='block_1_96' title="bbox 753 5035 2298 5118">
    <p class='ocr_par' dir='ltr' id='par_1_96' title="bbox 753 5035 2298 5118">
     <span class='ocr_line' id='line_1_96' title="bbox 753 5035 2298 5118; baseline -0.009 -15"><span class='ocrx_word' id='word_1_746' title='bbox 753 5048 1120 5118; x_wconf 75' lang='lat' dir='ltr'><strong>excogitantur</strong></span> <span class='ocrx_word' id='word_1_747' title='bbox 1141 5062 1159 5099; x_wconf 87' lang='lat'>:</span> <span class='ocrx_word' id='word_1_748' title='bbox 1193 5045 1429 5114; x_wconf 82' lang='lat' dir='ltr'><strong>Itemque</strong></span> <span class='ocrx_word' id='word_1_749' title='bbox 1454 5041 1564 5098; x_wconf 89' lang='lat' dir='ltr'><strong>illis</strong></span> <span class='ocrx_word' id='word_1_750' title='bbox 1589 5040 1844 5095; x_wconf 86' lang='lat' dir='ltr'><strong>utendum</strong></span> <span class='ocrx_word' id='word_1_751' title='bbox 1871 5053 1993 5095; x_wconf 88' lang='lat' dir='ltr'><strong>esse</strong></span> <span class='ocrx_word' id='word_1_752' title='bbox 2018 5078 2034 5102; x_wconf 92' lang='lat'><strong>,</strong></span> <span class='ocrx_word' id='word_1_753' title='bbox 2057 5035 2298 5107; x_wconf 78' lang='lat' dir='ltr'><strong>quando-</strong></span> 
     </span>
    </p>
   </div>
   <div class='ocr_carea' id='block_1_97' title="bbox 753 5124 2297 5208">
    <p class='ocr_par' dir='ltr' id='par_1_97' title="bbox 753 5124 2297 5208">
     <span class='ocr_line' id='line_1_97' title="bbox 753 5124 2297 5208; baseline -0.007 -17"><span class='ocrx_word' id='word_1_754' title='bbox 753 5139 969 5208; x_wconf 82' lang='lat' dir='ltr'><strong>quidem</strong></span> <span class='ocrx_word' id='word_1_755' title='bbox 1005 5135 1260 5206; x_wconf 84' lang='lat' dir='ltr'><strong>propheta</strong></span> <span class='ocrx_word' id='word_1_756' title='bbox 1302 5134 1355 5189; x_wconf 91' lang='lat' dir='ltr'><strong>id</strong></span> <span class='ocrx_word' id='word_1_757' title='bbox 1382 5133 1644 5202; x_wconf 71' lang='lat' dir='ltr'><strong>agendum</strong></span> <span class='ocrx_word' id='word_1_758' title='bbox 1672 5144 1794 5186; x_wconf 87' lang='lat' dir='ltr'><strong>esse</strong></span> <span class='ocrx_word' id='word_1_759' title='bbox 1831 5128 2054 5184; x_wconf 88' lang='lat' dir='ltr'><strong>monuit.</strong></span> <span class='ocrx_word' id='word_1_760' title='bbox 2084 5124 2297 5195; x_wconf 80' lang='lat' dir='ltr'><strong>Reliqui</strong></span> 
     </span>
    </p>
   </div>
   <div class='ocr_carea' id='block_1_98' title="bbox 692 5216 2297 5291">
    <p class='ocr_par' dir='ltr' id='par_1_98' title="bbox 692 5216 2297 5291">
     <span class='ocr_line' id='line_1_98' title="bbox 692 5216 2297 5291; baseline -0.008 -7"><span class='ocrx_word' id='word_1_761' title='bbox 692 5216 697 5223; x_wconf 70' lang='grc'><em>’</em></span> <span class='ocrx_word' id='word_1_762' title='bbox 755 5247 883 5287; x_wconf 79' lang='lat' dir='ltr'><strong>vero</strong></span> <span class='ocrx_word' id='word_1_763' title='bbox 911 5243 1132 5291; x_wconf 87' lang='lat' dir='ltr'><strong>omnes,</strong></span> <span class='ocrx_word' id='word_1_764' title='bbox 1167 5228 1316 5279; x_wconf 79' lang='lat' dir='ltr'><strong>uicus</strong></span> <span class='ocrx_word' id='word_1_765' title='bbox 1347 5231 1642 5286; x_wconf 77' lang='lat' dir='ltr'><strong>vocarunt,</strong></span> <span class='ocrx_word' id='word_1_766' title='bbox 1670 5221 1811 5288; x_wconf 88' lang='lat' dir='ltr'><strong>quod</strong></span> <span class='ocrx_word' id='word_1_767' title='bbox 1837 5236 1864 5272; x_wconf 84' lang='lat' dir='ltr'><strong>a</strong></span> <span class='ocrx_word' id='word_1_768' title='bbox 1895 5233 2068 5273; x_wconf 82' lang='lat' dir='ltr'><strong>massa</strong></span> <span class='ocrx_word' id='word_1_769' title='bbox 2100 5217 2297 5271; x_wconf 83' lang='lat' dir='ltr'><strong>iicuum</strong></span> 
     </span>
    </p>
   </div>
   <div class='ocr_carea' id='block_1_99' title="bbox 753 5303 2298 5374">
    <p class='ocr_par' dir='ltr' id='par_1_99' title="bbox 753 5303 2298 5374">
     <span class='ocr_line' id='line_1_99' title="bbox 753 5303 2298 5374; baseline -0.008 -4"><span class='ocrx_word' id='word_1_770' title='bbox 753 5324 998 5370; x_wconf 74' lang='lat' dir='ltr'><strong>curatum</strong></span> <span class='ocrx_word' id='word_1_771' title='bbox 1028 5322 1110 5366; x_wconf 74' lang='lat' dir='ltr'><strong>est</strong></span> <span class='ocrx_word' id='word_1_772' title='bbox 1142 5327 1156 5364; x_wconf 89' lang='lat'><strong>:</strong></span> <span class='ocrx_word' id='word_1_773' title='bbox 1187 5321 1239 5363; x_wconf 86' lang='lat' dir='ltr'><strong>at</strong></span> <span class='ocrx_word' id='word_1_774' title='bbox 1271 5326 1374 5363; x_wconf 88' lang='lat' dir='ltr'><strong>non</strong></span> <span class='ocrx_word' id='word_1_775' title='bbox 1407 5309 1558 5363; x_wconf 86' lang='lat' dir='ltr'><strong>ulcus</strong></span> <span class='ocrx_word' id='word_1_776' title='bbox 1589 5315 1704 5360; x_wconf 87' lang='lat' dir='ltr'><strong>erat</strong></span> <span class='ocrx_word' id='word_1_777' title='bbox 1729 5306 1956 5374; x_wconf 90' lang='lat' dir='ltr'><strong>primum</strong></span> <span class='ocrx_word' id='word_1_778' title='bbox 1976 5346 1992 5370; x_wconf 92' lang='lat'><strong>,</strong></span> <span class='ocrx_word' id='word_1_779' title='bbox 2028 5305 2120 5359; x_wconf 89' lang='lat' dir='ltr'><strong>sed</strong></span> <span class='ocrx_word' id='word_1_780' title='bbox 2147 5303 2298 5358; x_wconf 72' lang='lat' dir='ltr'><strong>infir-</strong></span> 
     </span>
    </p>
   </div>
   <div class='ocr_carea' id='block_1_100' title="bbox 755 5395 2305 5475">
    <p class='ocr_par' dir='ltr' id='par_1_100' title="bbox 755 5395 2305 5475">
     <span class='ocr_line' id='line_1_100' title="bbox 755 5395 2305 5475; baseline -0.008 -13"><span class='ocrx_word' id='word_1_781' title='bbox 755 5410 912 5462; x_wconf 88' lang='lat' dir='ltr'><strong>mitas</strong></span> <span class='ocrx_word' id='word_1_782' title='bbox 940 5417 994 5461; x_wconf 90' lang='lat' dir='ltr'><strong>et</strong></span> <span class='ocrx_word' id='word_1_783' title='bbox 1026 5403 1288 5475; x_wconf 59' lang='lat' dir='ltr'><strong>egritudo</strong></span> <span class='ocrx_word' id='word_1_784' title='bbox 1316 5403 1380 5456; x_wconf 90' lang='lat' dir='ltr'><strong>ad</strong></span> <span class='ocrx_word' id='word_1_785' title='bbox 1415 5413 1664 5457; x_wconf 86' lang='lat' dir='ltr'><strong>mortem.</strong></span> <span class='ocrx_word' id='word_1_786' title='bbox 1690 5397 1866 5465; x_wconf 83' lang='lat' dir='ltr'><strong>Quare</strong></span> <span class='ocrx_word' id='word_1_787' title='bbox 1917 5413 2014 5469; x_wconf 89' lang='lat' dir='ltr'><strong>pro</strong></span> <span class='ocrx_word' id='word_1_788' title='bbox 2046 5398 2134 5452; x_wconf 87' lang='lat' dir='ltr'><strong>illa</strong></span> <span class='ocrx_word' id='word_1_789' title='bbox 2179 5395 2305 5466; x_wconf 86' lang='lat' dir='ltr'><strong>qui-</strong></span> 
     </span>
    </p>
   </div>
   <div class='ocr_carea' id='block_1_101' title="bbox 829 5599 2299 5679">
    <p class='ocr_par' dir='ltr' id='par_1_101' title="bbox 829 5599 2299 5679">
     <span class='ocr_line' id='line_1_101' title="bbox 829 5599 2299 5679; baseline -0.008 -14"><span class='ocrx_word' id='word_1_790' title='bbox 829 5611 940 5675; x_wconf 72' lang='lat'><strong>(35)</strong></span> <span class='ocrx_word' id='word_1_791' title='bbox 968 5611 1147 5679; x_wconf 71' lang='lat' dir='ltr'><strong>\‘nlg.,</strong></span> <span class='ocrx_word' id='word_1_792' title='bbox 1180 5627 1198 5659; x_wconf 79' lang='grc' dir='ltr'>ι</span> <span class='ocrx_word' id='word_1_793' title='bbox 1234 5607 1482 5679; x_wconf 69' lang='lat' dir='ltr'><strong>Domine,</strong></span> <span class='ocrx_word' id='word_1_794' title='bbox 1499 5607 1542 5659; x_wconf 88' lang='lat' dir='ltr'><strong>si</strong></span> <span class='ocrx_word' id='word_1_795' title='bbox 1575 5605 1654 5659; x_wconf 86' lang='lat' dir='ltr'><strong>sic</strong></span> <span class='ocrx_word' id='word_1_796' title='bbox 1683 5603 1923 5679; x_wconf 44' lang='lat' dir='ltr'><strong>vivitur,</strong></span> <span class='ocrx_word' id='word_1_797' title='bbox 1939 5601 2078 5679; x_wconf 84' lang='lat' dir='ltr'><strong>et_i_n</strong></span> <span class='ocrx_word' id='word_1_798' title='bbox 2102 5599 2299 5653; x_wconf 79' lang='lat' dir='ltr'><strong>talibus</strong></span> 
     </span>
    </p>
   </div>
   <div class='ocr_carea' id='block_1_102' title="bbox 760 5672 2292 5758">
    <p class='ocr_par' dir='ltr' id='par_1_102' title="bbox 760 5672 2292 5758">
     <span class='ocr_line' id='line_1_102' title="bbox 760 5672 2292 5758; baseline -0.008 -26"><span class='ocrx_word' id='word_1_799' title='bbox 760 5672 866 5758; x_wconf 53' lang='lat' dir='ltr'><strong>3n}.</strong></span> <span class='ocrx_word' id='word_1_800' title='bbox 893 5672 1264 5758; x_wconf 47' lang='lat' dir='ltr'><strong>spiriufsniei,</strong></span> <span class='ocrx_word' id='word_1_801' title='bbox 1292 5678 1557 5758; x_wconf 55' lang='lat' dir='ltr'><strong>corripies-</strong></span> <span class='ocrx_word' id='word_1_802' title='bbox 1581 5684 1755 5758; x_wconf 48' lang='lat' dir='ltr'><strong>menet</strong></span> <span class='ocrx_word' id='word_1_803' title='bbox 1789 5672 2080 5758; x_wconf 49' lang='lat' dir='ltr'><strong>riviﬁcabis</strong></span> <span class='ocrx_word' id='word_1_804' title='bbox 2129 5686 2232 5722; x_wconf 87' lang='lat' dir='ltr'><strong>me.</strong></span> <span class='ocrx_word' id='word_1_805' title='bbox 2273 5689 2292 5720; x_wconf 73' lang='grc' dir='ltr'>ι</span> 
     </span>
    </p>
   </div>
   <div class='ocr_carea' id='block_1_103' title="bbox 762 5741 2299 5815">
    <p class='ocr_par' dir='ltr' id='par_1_103' title="bbox 762 5741 2299 5815">
     <span class='ocr_line' id='line_1_103' title="bbox 762 5741 2299 5815; baseline -0.008 -11"><span class='ocrx_word' id='word_1_806' title='bbox 762 5741 1082 5806; x_wconf 64' lang='lat' dir='ltr'><strong>Dcest&#39;vrrs.</strong></span> <span class='ocrx_word' id='word_1_807' title='bbox 1117 5748 1178 5801; x_wconf 80' lang='lat' dir='ltr'><strong>l5</strong></span> <span class='ocrx_word' id='word_1_808' title='bbox 1205 5748 1339 5815; x_wconf 76' lang='lat' dir='ltr'><strong>apud</strong></span> <span class='ocrx_word' id='word_1_809' title='bbox 1375 5741 1509 5799; x_wconf 70' lang='lat' dir='ltr'><strong>LXX</strong></span> <span class='ocrx_word' id='word_1_810' title='bbox 1541 5743 1640 5799; x_wconf 87' lang='lat' dir='ltr'><strong>Int.</strong></span> <span class='ocrx_word' id='word_1_811' title='bbox 1674 5743 1768 5797; x_wconf 82' lang='lat' dir='ltr'><strong>Ed.</strong></span> <span class='ocrx_word' id='word_1_812' title='bbox 1803 5741 2067 5810; x_wconf 74' lang='lat' dir='ltr'><strong>Complut.</strong></span> <span class='ocrx_word' id='word_1_813' title='bbox 2099 5750 2299 5805; x_wconf 83' lang='lat' dir='ltr'><strong>tamen,</strong></span> 
     </span>
    </p>
   </div>
   <div class='ocr_carea' id='block_1_104' title="bbox 2399 4578 3335 4650">
    <p class='ocr_par' dir='ltr' id='par_1_104' title="bbox 2399 4578 3335 4650">
     <span class='ocr_line' id='line_1_104' title="bbox 2399 4578 3335 4650; baseline -0.004 -17"><span class='ocrx_word' id='word_1_814' title='bbox 2399 4595 2623 4650; x_wconf 67' lang='grc' dir='ltr'>σματος,</span> <span class='ocrx_word' id='word_1_815' title='bbox 2645 4578 2934 4640; x_wconf 78' lang='grc' dir='ltr'>διαπαντὸς</span> <span class='ocrx_word' id='word_1_816' title='bbox 2953 4579 3230 4647; x_wconf 78' lang='grc' dir='ltr'><strong>εὐλογήσω</strong></span> <span class='ocrx_word' id='word_1_817' title='bbox 3255 4594 3335 4630; x_wconf 81' lang='grc' dir='ltr'>σε.</span> 
     </span>
    </p>
   </div>
   <div class='ocr_carea' id='block_1_105' title="bbox 2473 4665 3962 4740">
    <p class='ocr_par' dir='ltr' id='par_1_105' title="bbox 2473 4665 3962 4740">
     <span class='ocr_line' id='line_1_105' title="bbox 2473 4665 3962 4740; baseline -0.001 -19"><span class='ocrx_word' id='word_1_818' title='bbox 2473 4689 2491 4720; x_wconf 78' lang='grc' dir='ltr'>ι</span> <span class='ocrx_word' id='word_1_819' title='bbox 2516 4670 2623 4723; x_wconf 76' lang='grc' dir='ltr'><strong>Καὶ</strong></span> <span class='ocrx_word' id='word_1_820' title='bbox 2645 4665 2796 4724; x_wconf 71' lang='grc' dir='ltr'>εἶπεν</span> <span class='ocrx_word' id='word_1_821' title='bbox 2825 4669 3049 4732; x_wconf 70' lang='grc' dir='ltr'>Ἡσαΐας</span> <span class='ocrx_word' id='word_1_822' title='bbox 3067 4669 3203 4740; x_wconf 72' lang='grc' dir='ltr'>πρὸς</span> <span class='ocrx_word' id='word_1_823' title='bbox 3247 4669 3510 4732; x_wconf 62' lang='grc' dir='ltr'>Ἐζεκίαν</span> <span class='ocrx_word' id='word_1_824' title='bbox 3539 4667 3684 4722; x_wconf 81' lang='grc' dir='ltr'>Λάδε</span> <span class='ocrx_word' id='word_1_825' title='bbox 3717 4667 3962 4738; x_wconf 78' lang='grc' dir='ltr'>παλάθην</span> 
     </span>
    </p>
   </div>
   <div class='ocr_carea' id='block_1_106' title="bbox 2400 4755 3963 4828">
    <p class='ocr_par' dir='ltr' id='par_1_106' title="bbox 2400 4755 3963 4828">
     <span class='ocr_line' id='line_1_106' title="bbox 2400 4755 3963 4828; baseline 0 -18"><span class='ocrx_word' id='word_1_826' title='bbox 2400 4757 2464 4810; x_wconf 78' lang='grc' dir='ltr'><strong>ὲκ</strong></span> <span class='ocrx_word' id='word_1_827' title='bbox 2519 4758 2718 4822; x_wconf 86' lang='grc' dir='ltr'>σύκων,</span> <span class='ocrx_word' id='word_1_828' title='bbox 2752 4759 2848 4811; x_wconf 71' lang='grc' dir='ltr'><strong>καὶ</strong></span> <span class='ocrx_word' id='word_1_829' title='bbox 2877 4756 3089 4828; x_wconf 69' lang='grc' dir='ltr'>τρίψον,</span> <span class='ocrx_word' id='word_1_830' title='bbox 3121 4755 3216 4810; x_wconf 80' lang='grc' dir='ltr'><strong>καὶ</strong></span> <span class='ocrx_word' id='word_1_831' title='bbox 3263 4756 3625 4821; x_wconf 80' lang='grc' dir='ltr'>κατάπλασαι,</span> <span class='ocrx_word' id='word_1_832' title='bbox 3677 4758 3770 4810; x_wconf 58' lang='grc' dir='ltr'><strong>καὶ⁵</strong></span> <span class='ocrx_word' id='word_1_833' title='bbox 3810 4757 3963 4828; x_wconf 72' lang='grc' dir='ltr'>ὑγιὴς</span> 
     </span>
    </p>
   </div>
   <div class='ocr_carea' id='block_1_107' title="bbox 2401 4847 3963 4921">
    <p class='ocr_par' dir='ltr' id='par_1_107' title="bbox 2401 4847 3963 4921">
     <span class='ocr_line' id='line_1_107' title="bbox 2401 4847 3963 4921; baseline 0 -21"><span class='ocrx_word' id='word_1_834' title='bbox 2401 4849 2519 4921; x_wconf 72' lang='grc' dir='ltr'><strong>ἔσῃ·</strong></span> <span class='ocrx_word' id='word_1_835' title='bbox 2558 4868 2577 4900; x_wconf 78' lang='lat' dir='ltr'><strong>s</strong></span> <span class='ocrx_word' id='word_1_836' title='bbox 2609 4849 2897 4912; x_wconf 79' lang='grc' dir='ltr'>διδάσκων,</span> <span class='ocrx_word' id='word_1_837' title='bbox 2923 4848 3000 4912; x_wconf 85' lang='grc' dir='ltr'><strong>ὼς</strong></span> <span class='ocrx_word' id='word_1_838' title='bbox 3040 4848 3101 4902; x_wconf 78' lang='grc' dir='ltr'><strong>οὐ</strong></span> <span class='ocrx_word' id='word_1_839' title='bbox 3131 4847 3360 4919; x_wconf 76' lang='grc' dir='ltr'><strong>πάμπαν</strong></span> <span class='ocrx_word' id='word_1_840' title='bbox 3380 4848 3659 4917; x_wconf 76' lang='grc' dir='ltr'><strong>ἀπόϐλητα</strong></span> <span class='ocrx_word' id='word_1_841' title='bbox 3681 4849 3876 4917; x_wconf 79' lang='grc' dir='ltr'><strong>γένοιτ’</strong></span> <span class='ocrx_word' id='word_1_842' title='bbox 3901 4851 3963 4903; x_wconf 78' lang='grc' dir='ltr'><strong>ἄν</strong></span> 
     </span>
    </p>
   </div>
   <div class='ocr_carea' id='block_1_108' title="bbox 2401 4938 3964 5012">
    <p class='ocr_par' dir='ltr' id='par_1_108' title="bbox 2401 4938 3964 5012">
     <span class='ocr_line' id='line_1_108' title="bbox 2401 4938 3964 5012; baseline -0.001 -18"><span class='ocrx_word' id='word_1_843' title='bbox 2401 4958 2529 4995; x_wconf 87' lang='grc' dir='ltr'>ποτε</span> <span class='ocrx_word' id='word_1_844' title='bbox 2556 4941 2650 4997; x_wconf 74' lang='grc' dir='ltr'><strong>καὶ</strong></span> <span class='ocrx_word' id='word_1_845' title='bbox 2674 4941 2742 4994; x_wconf 86' lang='grc' dir='ltr'><strong>τὰ</strong></span> <span class='ocrx_word' id='word_1_846' title='bbox 2768 4940 2899 5012; x_wconf 83' lang='grc' dir='ltr'>παρ’</span> <span class='ocrx_word' id='word_1_847' title='bbox 2913 4939 3215 5012; x_wconf 79' lang='grc' dir='ltr'>ἀνθρώποις</span> <span class='ocrx_word' id='word_1_848' title='bbox 3241 4939 3375 5012; x_wconf 77' lang='grc' dir='ltr'>πρὸς</span> <span class='ocrx_word' id='word_1_849' title='bbox 3408 4938 3701 5008; x_wconf 79' lang='grc' dir='ltr'>θεραπείαν</span> <span class='ocrx_word' id='word_1_850' title='bbox 3736 4940 3832 4993; x_wconf 78' lang='grc' dir='ltr'>τοῦ</span> <span class='ocrx_word' id='word_1_851' title='bbox 3865 4943 3964 4994; x_wconf 77' lang='grc' dir='ltr'><strong>σώ-</strong></span> 
     </span>
    </p>
   </div>
   <div class='ocr_carea' id='block_1_109' title="bbox 2405 5031 3963 5108">
    <p class='ocr_par' dir='ltr' id='par_1_109' title="bbox 2405 5031 3963 5108">
     <span class='ocr_line' id='line_1_109' title="bbox 2405 5031 3963 5108; baseline 0.001 -23"><span class='ocrx_word' id='word_1_852' title='bbox 2405 5052 2573 5108; x_wconf 80' lang='grc' dir='ltr'>ματος</span> <span class='ocrx_word' id='word_1_853' title='bbox 2604 5033 2977 5104; x_wconf 75' lang='grc' dir='ltr'>ὲπινοούμενα·</span> <span class='ocrx_word' id='word_1_854' title='bbox 3010 5031 3090 5085; x_wconf 74' lang='grc' dir='ltr'>ἔτι</span> <span class='ocrx_word' id='word_1_855' title='bbox 3129 5031 3185 5086; x_wconf 75' lang='grc' dir='ltr'>δὲ</span> <span class='ocrx_word' id='word_1_856' title='bbox 3215 5033 3298 5086; x_wconf 83' lang='grc' dir='ltr'>ὅτι</span> <span class='ocrx_word' id='word_1_857' title='bbox 3319 5033 3582 5103; x_wconf 83' lang='grc' dir='ltr'>χρηστέον</span> <span class='ocrx_word' id='word_1_858' title='bbox 3616 5033 3708 5086; x_wconf 82' lang='grc' dir='ltr'><strong>καὶ</strong></span> <span class='ocrx_word' id='word_1_859' title='bbox 3736 5033 3963 5095; x_wconf 80' lang='grc' dir='ltr'>τούτοις.</span> 
     </span>
    </p>
   </div>
   <div class='ocr_carea' id='block_1_110' title="bbox 2399 5125 3966 5198">
    <p class='ocr_par' dir='ltr' id='par_1_110' title="bbox 2399 5125 3966 5198">
     <span class='ocr_line' id='line_1_110' title="bbox 2399 5125 3966 5198; baseline -0.003 -15"><span class='ocrx_word' id='word_1_860' title='bbox 2399 5129 2478 5194; x_wconf 80' lang='grc' dir='ltr'><strong>ὡς</strong></span> <span class='ocrx_word' id='word_1_861' title='bbox 2503 5127 2720 5183; x_wconf 73' lang='grc' dir='ltr'>καὶτοῦ</span> <span class='ocrx_word' id='word_1_862' title='bbox 2758 5126 3035 5198; x_wconf 82' lang='grc' dir='ltr'>προφήτου</span> <span class='ocrx_word' id='word_1_863' title='bbox 3082 5125 3240 5179; x_wconf 74' lang='grc' dir='ltr'>τοῦτο</span> <span class='ocrx_word' id='word_1_864' title='bbox 3276 5127 3478 5197; x_wconf 77' lang='grc' dir='ltr'>πρᾶξαι</span> <span class='ocrx_word' id='word_1_865' title='bbox 3526 5127 3966 5197; x_wconf 80' lang='grc' dir='ltr'>παραινέσαντος.</span> 
     </span>
    </p>
   </div>
   <div class='ocr_carea' id='block_1_111' title="bbox 2403 5215 3961 5288">
    <p class='ocr_par' dir='ltr' id='par_1_111' title="bbox 2403 5215 3961 5288">
     <span class='ocr_line' id='line_1_111' title="bbox 2403 5215 3961 5288; baseline -0.002 -15"><span class='ocrx_word' id='word_1_866' title='bbox 2403 5218 2514 5273; x_wconf 74' lang='grc' dir='ltr'><strong>Καὶ</strong></span> <span class='ocrx_word' id='word_1_867' title='bbox 2534 5221 2584 5272; x_wconf 83' lang='grc' dir='ltr'><strong>οἱ</strong></span> <span class='ocrx_word' id='word_1_868' title='bbox 2620 5218 2794 5272; x_wconf 73' lang='grc' dir='ltr'>λοιποὶ</span> <span class='ocrx_word' id='word_1_869' title='bbox 2810 5217 3006 5279; x_wconf 80' lang='grc' dir='ltr'>πάντες</span> <span class='ocrx_word' id='word_1_870' title='bbox 3037 5215 3214 5283; x_wconf 71' lang='grc' dir='ltr'>ἕλκος</span> <span class='ocrx_word' id='word_1_871' title='bbox 3229 5216 3518 5286; x_wconf 83' lang='grc' dir='ltr'>ὠνόμασαν</span> <span class='ocrx_word' id='word_1_872' title='bbox 3539 5216 3599 5268; x_wconf 75' lang='grc' dir='ltr'><strong>τὸ</strong></span> <span class='ocrx_word' id='word_1_873' title='bbox 3624 5216 3711 5270; x_wconf 74' lang='grc' dir='ltr'>διὰ</span> <span class='ocrx_word' id='word_1_874' title='bbox 3737 5217 3839 5288; x_wconf 77' lang='grc' dir='ltr'><strong>τῆς</strong></span> <span class='ocrx_word' id='word_1_875' title='bbox 3865 5235 3961 5270; x_wconf 86' lang='grc' dir='ltr'><strong>πα-</strong></span> 
     </span>
    </p>
   </div>
   <div class='ocr_carea' id='block_1_112' title="bbox 2401 5300 3966 5378">
    <p class='ocr_par' dir='ltr' id='par_1_112' title="bbox 2401 5300 3966 5378">
     <span class='ocr_line' id='line_1_112' title="bbox 2401 5300 3966 5378; baseline 0.001 -19"><span class='ocrx_word' id='word_1_876' title='bbox 2401 5307 2567 5374; x_wconf 84' lang='grc' dir='ltr'><strong>λάθης</strong></span> <span class='ocrx_word' id='word_1_877' title='bbox 2595 5304 2942 5378; x_wconf 73' lang='grc' dir='ltr'>θεραπευθέψ</span> <span class='ocrx_word' id='word_1_878' title='bbox 2975 5304 3088 5358; x_wconf 80' lang='grc' dir='ltr'><strong>ἀλλ’</strong></span> <span class='ocrx_word' id='word_1_879' title='bbox 3118 5305 3216 5375; x_wconf 77' lang='grc' dir='ltr'><strong>οὐχ</strong></span> <span class='ocrx_word' id='word_1_880' title='bbox 3244 5305 3400 5368; x_wconf 67' lang='grc' dir='ltr'>ἕλκος</span> <span class='ocrx_word' id='word_1_881' title='bbox 3419 5300 3486 5375; x_wconf 84' lang='grc' dir='ltr'><strong>ἦν</strong></span> <span class='ocrx_word' id='word_1_882' title='bbox 3509 5303 3570 5357; x_wconf 84' lang='grc' dir='ltr'>τὸ</span> <span class='ocrx_word' id='word_1_883' title='bbox 3600 5306 3835 5376; x_wconf 78' lang='grc' dir='ltr'>πρῶτον,</span> <span class='ocrx_word' id='word_1_884' title='bbox 3869 5308 3966 5376; x_wconf 73' lang='grc' dir='ltr'><strong>ἁρ-</strong></span> 
     </span>
    </p>
   </div>
   <div class='ocr_carea' id='block_1_113' title="bbox 2410 5395 3968 5472">
    <p class='ocr_par' dir='ltr' id='par_1_113' title="bbox 2410 5395 3968 5472">
     <span class='ocr_line' id='line_1_113' title="bbox 2410 5395 3968 5472; baseline -0.006 -18"><span class='ocrx_word' id='word_1_885' title='bbox 2410 5399 2612 5472; x_wconf 71' lang='grc' dir='ltr'>ρωστία</span> <span class='ocrx_word' id='word_1_886' title='bbox 2634 5399 2692 5452; x_wconf 80' lang='grc' dir='ltr'>δὲ</span> <span class='ocrx_word' id='word_1_887' title='bbox 2713 5399 2805 5451; x_wconf 74' lang='grc' dir='ltr'><strong>καὶ</strong></span> <span class='ocrx_word' id='word_1_888' title='bbox 2840 5395 3073 5468; x_wconf 79' lang='grc' dir='ltr'>μαλακία</span> <span class='ocrx_word' id='word_1_889' title='bbox 3109 5397 3243 5469; x_wconf 80' lang='grc' dir='ltr'>πρὸς</span> <span class='ocrx_word' id='word_1_890' title='bbox 3272 5396 3514 5450; x_wconf 84' lang='grc' dir='ltr'><strong>θάνατον.</strong></span> <span class='ocrx_word' id='word_1_891' title='bbox 3537 5397 3628 5449; x_wconf 83' lang='grc' dir='ltr'><strong>Διὸ</strong></span> <span class='ocrx_word' id='word_1_892' title='bbox 3650 5399 3734 5449; x_wconf 81' lang='grc' dir='ltr'><strong>ἐπ’</strong></span> <span class='ocrx_word' id='word_1_893' title='bbox 3761 5398 3968 5466; x_wconf 72' lang='grc' dir='ltr'>ἐκείνης</span> 
     </span>
    </p>
   </div>
   <div class='ocr_carea' id='block_1_114' title="bbox 2407 5593 3967 5666">
    <p class='ocr_par' dir='ltr' id='par_1_114' title="bbox 2407 5593 3967 5666">
     <span class='ocr_line' id='line_1_114' title="bbox 2407 5593 3967 5666; baseline -0.003 -17"><span class='ocrx_word' id='word_1_894' title='bbox 2407 5598 2565 5652; x_wconf 69' lang='lat' dir='ltr'><strong>\‘sns.</strong></span> <span class='ocrx_word' id='word_1_895' title='bbox 2599 5598 2684 5649; x_wconf 74' lang='lat' dir='ltr'><strong>lii.</strong></span> <span class='ocrx_word' id='word_1_896' title='bbox 2718 5615 2735 5646; x_wconf 83' lang='grc' dir='ltr'>ι</span> <span class='ocrx_word' id='word_1_897' title='bbox 2769 5595 2880 5648; x_wconf 72' lang='grc' dir='ltr'>Καὶ</span> <span class='ocrx_word' id='word_1_898' title='bbox 2907 5593 3068 5659; x_wconf 71' lang='grc' dir='ltr'>αὐτὸς</span> <span class='ocrx_word' id='word_1_899' title='bbox 3113 5595 3332 5666; x_wconf 66' lang='grc' dir='ltr'><strong>ἐποίησε</strong></span> <span class='ocrx_word' id='word_1_900' title='bbox 3377 5594 3737 5665; x_wconf 82' lang='grc' dir='ltr'><strong>καθοδήγησιν</strong></span> <span class='ocrx_word' id='word_1_901' title='bbox 3768 5596 3967 5656; x_wconf 78' lang='grc' dir='ltr'>πάντας</span> 
     </span>
    </p>
   </div>
   <div class='ocr_carea' id='block_1_115' title="bbox 2405 5669 2884 5738">
    <p class='ocr_par' dir='ltr' id='par_1_115' title="bbox 2405 5669 2884 5738">
     <span class='ocr_line' id='line_1_115' title="bbox 2405 5669 2884 5738; baseline -0.008 -17"><span class='ocrx_word' id='word_1_902' title='bbox 2405 5669 2678 5730; x_wconf 73' lang='grc' dir='ltr'>ἐνιαυτούς</span> <span class='ocrx_word' id='word_1_903' title='bbox 2713 5684 2833 5738; x_wconf 83' lang='grc' dir='ltr'><strong>μου.</strong></span> <span class='ocrx_word' id='word_1_904' title='bbox 2866 5685 2884 5717; x_wconf 77' lang='lat' dir='ltr'><strong>s</strong></span> 
     </span>
    </p>
   </div>
  </div>
