4120 6294
678 339 786 395 365

1344 331 1608 388 EUSEBII
1644 327 2118 389 CESABIENSIS
2152 327 2301 383 OPP.
2344 326 2522 382 PARS
2558 325 2644 382 lii.
2685 357 2753 369 -
2790 325 3194 383 EXEGETICA.

3764 325 3873 382 366

682 458 749 509 ad
779 450 952 508 fmdus
982 455 1039 503 et
1065 446 1357 503 amicitiam
1401 463 1523 501 cum
1556 445 1781 501 Execbia
1810 445 2096 498 ineundam
2131 457 2218 498 η·
2247 495 2249 502 ,

2317 441 2384 494 τὰ
2400 439 2558 494 λοιπὰ
2581 442 2755 495 πάντα
2780 441 2848 495 τὰ
2874 441 2974 509 πρὸ
2998 440 3096 509 τῆς
3120 441 3272 492 νόσου
3300 437 3436 494 κατὰ
3457 439 3724 497 triaveth
3748 462 3872 500 συν.

677 561 796 615 gem
824 540 1230 610 Babyloniorum
1268 538 1510 601 induxit,
1541 537 1611 589 ita
1662 544 1721 589 ut
1764 533 1862 604 ipsi
1895 543 1950 589 et
1995 548 2219 589 munera

677 649 732 690 at
759 635 958 705 legatos
985 641 1039 686 et
1068 630 1324 700 epistolas
1353 629 1606 682 mitteret.

751 901 909 957 Vitas.
937 900 1053 955 3-8.
1102 915 1122 948 ι
1150 897 1216 952 Ει
1253 895 1398 949 venit
1428 895 1595 949 isaias
1628 895 1883 963 propheta
1936 893 2003 947 ad
2037 906 2215 962 regem

677 990 983 1052 Ezechiam,
1009 998 1065 1042 et
1093 987 1226 1041 dixit
1249 987 1295 1040 ei
1327 1003 1342 1040 ι
1373 983 1510 1052 Quid
1537 985 1722 1039 dicunt
1745 982 1988 1037 homines
2014 981 2142 1035 lstil
2163 991 2219 1034 et

677 1082 814 1133 unde
848 1087 1103 1132 venerunt
1128 1079 1194 1130 ad
1228 1074 1320 1129 te?
1350 1072 1415 1127 Et
1449 1073 1584 1126 dixit
1627 1073 1884 1127 Ezechias
1911 1089 1924 1124 :
1950 1070 2026 1125 Ex
2074 1079 2216 1124 terra

681 1169 962 1237 looginqua
1021 1178 1282 1220 venerunt
1327 1162 1391 1216 ad
1449 1176 1555 1222 me.
1617 1161 1902 1230 Babylone.
1953 1159 2020 1212 Et
2084 1158 2220 1212 dixit

672 1258 831 1312 Isaias
852 1257 1014 1323 :Quid
1032 1257 1272 1311 viderunt
1291 1253 1344 1308 in
1363 1253 1518 1307 domo
1544 1253 1671 1306 tua?
1693 1251 1758 1306 Et
1782 1251 1914 1305 dixit
1929 1249 2182 1303 Ezechias
2203 1266 2217 1301 :

676 1348 869 1403 Omnia
908 1362 1030 1416 qua:
1055 1353 1177 1399 sunt
1204 1344 1256 1398 in
1287 1344 1445 1398 domo
1472 1357 1588 1395 mea
1633 1342 1899 1402 viderunt,
1931 1353 2106 1405 neque
2137 1346 2218 1392 est

675 1439 806 1494 mihi
832 1438 1118 1507 quidquam
1141 1434 1303 1498 domi,
1329 1433 1471 1504 quod
1501 1448 1605 1488 non
1633 1432 1897 1486 viderint:
1931 1431 2024 1485 sed
2052 1429 2212 1484 etiam

674 1545 796 1599 quae
829 1530 881 1583 in
917 1527 1177 1583 thesauris
1202 1526 1338 1580 meis
1373 1533 1518 1579 sunt.
1580 1524 1646 1578 Et
1676 1523 1810 1578 dixit
1840 1520 2027 1586 lsaias,
2079 1519 2214 1574 Audi

671 1622 888 1676 verbum
915 1618 1123 1672 Domini
1157 1615 1397 1672 Sabaoth
1420 1629 1436 1668 :
1464 1614 1604 1669 Ecce
1628 1614 1743 1668 dies
1772 1612 2010 1676 veniunt,
2033 1618 2087 1665 et
2119 1625 2212 1665 su-

672 1719 820 1765 ment
855 1707 1032 1760 omnia
1074 1721 1192 1776 quaa
1225 1705 1276 1760 in
1308 1704 1466 1758 domo
1495 1715 1582 1757 tua
1609 1713 1769 1764 sunt,
1795 1710 1848 1756 et
1882 1714 2213 1768 quaecunque
2246 1732 2285 1790 Β

670 1807 1128 1868 οοηκτθεαινετυηι
1157 1807 1335 1865 patres
1371 1794 1444 1849 tui
1489 1795 1543 1848 in
1572 1796 1713 1848 hunc
1751 1806 1919 1859 usque
1946 1792 2084 1844 diem
2105 1833 2119 1854 ,
2154 1791 2206 1844 in

669 1889 990 1959 Babylonem
1046 1888 1297 1950 venient,
1339 1900 1512 1953 neque
1567 1883 1838 1950 quidpiam
1886 1880 2206 1948 relinquent.

673 1981 815 2035 Dixit
842 1990 1016 2034 autem
1049 1979 1188 2032 Deus
1217 1977 1423 2032 :Etiam
1445 1991 1509 2031 ex
1539 1975 1661 2028 illiis
1691 1975 1812 2036 tuis,
1837 1987 1971 2041 quos
2002 1972 2204 2041 gignes,

674 2072 958 2140 accipient,
1001 2077 1054 2124 et
1097 2069 1292 2122 facient
1337 2081 1430 2122 eos
1475 2065 1735 2132 spadones
1776 2063 1827 2116 in
1867 2064 2024 2116 domo
2068 2062 2208 2130 regis

670 2160 1100 2231 Babyloniorum.
1159 2157 1222 2210 Et
1248 2156 1381 2210 dixit
1405 2155 1658 2209 Ezechias
1707 2152 1886 2206 lsaise:
1918 2150 2093 2205 Bonus
2124 2157 2208 2204 est

668 2267 845 2305 sermo
874 2251 1117 2313 Domini,
1143 2264 1301 2320 quem
1332 2248 1540 2302 locutus
1567 2257 1689 2302 est:
1721 2245 1838 2301 Fiat
1865 2261 1992 2300 vero
2022 2261 2122 2314 pax
2153 2251 2207 2298 et

665 2343 862 2410 iustitia
897 2343 949 2395 in
983 2343 1172 2396 diebus
1213 2340 1365 2393 meis.
1407 2357 1425 2391 ι
1469 2338 1671 2405 Quibus
1701 2337 1896 2390 amlitis
1926 2336 2202 2398 Ezechias,
2224 2367 2247 2384 .

668 2441 974 2485 reverenter
995 2431 1205 2500 quidem
1235 2440 1288 2484 et
1316 2429 1419 2496 pie,
1439 2430 1615 2481 omnia
1646 2443 1973 2496 quaecunque
1996 2427 2205 2480 locutus

668 2520 827 2574 fuerit
849 2521 1004 2580 Deus,
1033 2519 1373 2586 quantumvis
1401 2516 1568 2569 tristia
1589 2530 1707 2568 esse
1733 2514 2034 2571 hominibus
2059 2514 2196 2566 vide-

667 2620 840 2671 antur,
875 2613 1009 2663 bona
1042 2623 1158 2662 esse
1191 2607 1491 2675 respondit.
1525 2606 1639 2671 Qua
1688 2606 1752 2657 de
1783 2619 1839 2658 re
1872 2605 2063 2656 iterum
2097 2603 2203 2657 He-

665 2703 856 2765 brzrus,
913 2716 1014 2754 non
1077 2700 1181 2753 Deo
1232 2706 1505 2767 acceptum
1566 2695 1810 2749 Ezechiae
1867 2695 2198 2764 pr0positum

662 2792 828 2847 fuisse
851 2793 1080 2845 dicebat.
1100 2787 1230 2843 Nam
1257 2789 1397 2856 quod
1428 2801 1523 2854 pro
1548 2801 1606 2841 se
1637 2794 1841 2840 tantum
1865 2794 2197 2854 precaretur,

661 2885 841 2954 populi
875 2898 1002 2936 vero
1047 2882 1308 2936 rationem
1357 2881 1553 2934 nullam
1595 2881 1846 2941 haberet,
1875 2881 1925 2933 id
1959 2894 2088 2933 sane
2121 2880 2200 2932 vi-

663 2977 776 3029 deri
821 2976 956 3042 apud
988 2974 1150 3027 Deum
1180 2989 1283 3026 non
1311 2971 1463 3040 culpa
1495 2987 1681 3025 vacare
1709 2991 1720 3024 :
1759 2987 1875 3039 quas
1935 2985 2093 3024 causa
2133 2973 2202 3026 sit

2317 530 2568 601 εταλέσθη
2621 533 2828 602 χρόνον.
2876 531 3036 602 Ὁμοῦ
3091 531 3154 601 δὴ
3185 526 3278 584 οὖν
3326 531 3527 585 τούτων
3560 533 3808 591 ἁπάντων
3835 540 3872 609 ἡ

2316 623 2451 693 ἀκοὴ
2474 622 2561 674 τὸν
2583 622 2688 675 τῶν
2711 623 3060 676 Βαϐυλωνίων
3088 621 3308 691 βασιλέα
3330 623 3486 694 ἐνῆγε
3513 625 3646 695 πρὸς
3667 626 3763 698 τήν
3778 629 3872 682 τοῦ

2329 713 2564 777 Ἐζεκίου
2597 714 2799 782 φιλίαν,
2826 715 2900 778 ὡς
2921 713 3228 768 ἀποστεῖλαι
3262 714 3410 785 αὐτῷ
3446 715 3591 787 δῶρα
3615 717 3707 770 καὶ
3739 716 3872 788 πρι-

2319 807 2465 868 σϐεις
2489 807 2582 859 καὶ
2613 807 2921 868 ἐπιστολάς.

2391 914 2409 947 ι
2443 897 2550 950 Καὶ
2584 892 2746 968 ἦλθεν
2782 898 3004 959 Ἡσαΐας
3040 897 3069 950 6
3103 897 3385 968 προφήτης
3416 901 3552 968 πρὸς
3585 899 3676 954 τὸν
3708 899 3865 970 βασι-

2313 987 2410 1042 λέα
2446 988 2712 1053 Ἑζεκίαν,
2742 990 2834 1042 καὶ
2861 985 2982 1043 εἷπε
3018 988 3151 1058 πρὸς
3196 989 3388 1042 αὐτόν’
3431 990 3496 1043 Τί
3525 992 3764 1059 λέγουσιν
3813 992 3872 1046 οἱ

2315 1079 2583 1151 ἄνθρωποι
2618 1075 2761 1134 οὗτοι
2790 1097 2804 1144 ;
2845 1082 2954 1134 Καὶ⁹
2996 1080 3156 1134 πόθεν
3181 1081 3343 1150 ήκασι
3369 1081 3502 1151 πρὸς
3535 1084 3594 1136 σέ
3618 1100 3632 1146 ;
3658 1084 3765 1137 Καὶ
3790 1079 3864 1136 εἷς

2313 1188 2412 1223 πεν
2445 1171 2686 1236 Ἐζεκίας
2707 1187 2721 1200 ·
2761 1171 2854 1224 Ἐκ
2880 1171 2983 1241 γῆς
3010 1171 3285 1242 πόρρωθεν
3317 1172 3482 1241 ήκασι
3521 1174 3655 1244 πρὸς
3682 1174 3772 1242 μὲ,
3798 1175 3871 1227 tat

2314 1261 2643 1327 Βαϐυλῶνος.
2679 1263 2788 1316 Καὶ
2816 1257 2968 1315 εἶπεν
3005 1263 3247 1325 Ἡσαΐας·
3285 1263 3350 1317 Τί
3374 1263 3578 1317 είδοσαν
3603 1265 3658 1318 ὲν
3683 1264 3758 1335 τῷ
3786 1263 3870 1318 οι-

2312 1372 2392 1424 κῳ
2421 1371 2546 1413 σουε
2587 1355 2693 1408 Καὶ
2724 1349 2876 1407 εἶπεν
2915 1354 3160 1418 Ἐζεκίας
3179 1373 3192 1386 ·
3229 1354 3412 1408 Πάντα
3439 1354 3507 1408 τὰ
3542 1355 3601 1407 ἓν
3625 1355 3700 1425 τῷ
3733 1355 3871 1427 οῖιαιι

2315 1461 2413 1515 μου
2443 1444 2672 1508 είδοσαν,
2699 1444 2788 1498 καὶ
2808 1445 2908 1496 οὐκ
2933 1443 3078 1497 ἔστιν
3100 1445 3157 1497 έν
3180 1445 3257 1515 τῷ
3277 1445 3411 1516 οἴκῳ
3429 1462 3528 1516 μου
3556 1443 3585 1496 6
3615 1444 3712 1497 οὐκ
3731 1443 3871 1497 r160-

2315 1550 2411 1588 σαν
2464 1534 2599 1588 ἀλλὰ
2627 1534 2719 1588 καὶ
2747 1533 2816 1588 τὰ
2857 1536 2915 1588 έν
2947 1537 3057 1597 τοῖς
3095 1533 3383 1607 θησαυροῖς
3425 1551 3543 1605 μου.
3575 1535 3684 1587 Καὶ
3714 1531 3872 1588 εἶπεν

2325 1623 2550 1688 Ἡσαΐας
2573 1641 2585 1654 ·
2620 1625 2880 1677 Ἀκουσον
2909 1623 3000 1676 τδν
3025 1623 3178 1692 λόγον
3203 1624 3405 1695 Κυρίου
3443 1622 3666 1678 Σαϐαὼθ
3686 1640 3699 1655 ·
3739 1622 3871 1677 ’1δοῦ

2314 1712 2511 1784 ἡμέραι
2537 1716 2800 1785 ἔρχονται.
2827 1713 2919 1767 καὶ
2952 1712 3206 1784 λήψονται
3235 1715 3408 1768 πάντα
3438 1713 3505 1767 τὰ
3548 1715 3606 1766 ὲν
3637 1712 3712 1783 τῷ
3732 1713 3873 1783 οίκφ

2313 1819 2425 1866 σου,
2458 1806 2551 1858 καὶ
2575 1806 2675 1859 ὅσα
2700 1805 2999 1874 συνήγαγον
3033 1807 3081 1858 οί
3107 1805 3338 1875 πατέρες
3363 1821 3454 1858 σου
3483 1806 3586 1867 ἕως
3610 1806 3707 1876 τῆς
3735 1804 3873 1875 ήμέο

2314 1909 2409 1964 ρας
2442 1895 2644 1964 ταύτης
2669 1895 2748 1957 είς
2789 1894 3078 1948 Βαϐυλῶνα
3103 1894 3244 1963 ἣξει,
3276 1895 3371 1946 καὶ
3396 1893 3544 1947 οὐδὲν
3567 1895 3627 1947 06
3666 1895 3738 1964 μὴ
3763 1912 3869 1948 κα-

2309 1981 2647 2039 ταλείπωσιν.
2682 1981 2812 2036 Eine
2833 1984 2891 2036 δὲ
2918 1982 2946 2034 6
2970 1982 3120 2045 Θεὸς,
3153 1984 3234 2036 ὅτι
3265 1984 3355 2034 καὶ
3387 1982 3492 2034 ἀπὸ
3527 1982 3632 2035 τῶν
3661 1984 3872 2037 τέκνων

2310 2089 2425 2136 σου,
2452 2066 2526 2126 ὧν
2553 2075 2847 2145 γεννήσεις,
2882 2073 3156 2145 λήψονται.
3193 2075 3302 2126 κατ
3329 2075 3606 2144 ποιήσουσι
3640 2074 3868 2128 σπάδονο

2307 2179 2404 2227 τας
2442 2166 2498 2216 έν
2532 2165 2609 2234 τῷ
2633 2166 2765 2234 οίκῳ
2796 2163 2890 2217 τοῦ
2929 2164 3188 2234 βασιλέως
3219 2164 3327 2216 τῶν
3354 2163 3725 2216 Βαϐυλωνίων.
3752 2164 3871 2216 Καὶ

2307 2250 2457 2308 εἶπεν
2505 2255 2750 2319 Ἐζεκίας
2797 2257 2992 2327 Ἡσαΐᾳ
3010 2271 3024 2285 ·
3074 2255 3296 2322 Ἀγαοδς
3325 2258 3353 2309 6
3383 2255 3533 2324 λόγος
3556 2255 3776 2324 Κυρίου,
3802 2255 3871 2308 δν

2309 2346 2556 2417 ὲλάλησε·
2587 2347 2824 2416 γενέσθω
2854 2347 2918 2417 δή
2951 2347 3162 2417 εἰρήνη,
3196 2346 3288 2399 καὶ
3326 2343 3632 2414 δικαιοσύνη
3660 2333 3717 2397 ἓν
3744 2347 3869 2407 ταῖς

2307 2436 2538 2510 ἡμέραις
2571 2457 2689 2509 μου.
2718 2459 2735 2489 ο
2770 2440 2948 2509 Ἃπερ
2972 2437 3206 2500 ἀκούσας
3239 2441 3267 2490 6
3305 2435 3576 2500 Ἐζεκίας,
3619 2433 3868 2497 εὐλαϐῶς

2306 2531 2418 2600 ἅμα
2444 2529 2534 2584 καὶ
2560 2530 2813 2595 εὐσεϐῶς,
2841 2531 3016 2584 πάντα
3041 2529 3419 2598 λόγονεὰγαθδν
3447 2523 3583 2580 εἶναι
3610 2527 3669 2579 δν
3692 2525 3866 2596 λαλή-

2305 2637 2446 2674 σειεν
2476 2624 2504 2673 6
2526 2621 2675 2686 Θεὸς,
2699 2621 2799 2675 κᾶν
2822 2622 3061 2692 λυπηρὸς
3087 2612 3220 2674 εἶναι
3243 2620 3514 2690 νομίζοιτο
3533 2616 3866 2690 ἀνθρώποις,

2304 2714 2647 2785 ἀπεκρίνατο.
2694 2713 2808 2782 Ἐφ’
2837 2711 2918 2776 οἷς
2942 2713 3100 2767 πάλιν
3138 2716 3165 2765 6
3207 2711 3450 2783 Ἐϐραῖος
3486 2710 3558 2780 μὴ
3600 2708 3864 2774 ἀποδέξα-

2305 2805 2427 2858 σθαι
2464 2807 2553 2859 τοῦ
2593 2806 2827 2870 Ἐζεκίου
2856 2807 2953 2875 τὴν
2990 2805 3298 2875 προαίρεσιν
3325 2803 3412 2854 τὸν
3437 2801 3565 2853 Θεδν
3587 2800 3757 2866 ἔλεγε.
3785 2797 3865 2850 Τδ

2303 2896 2410 2968 γὰρ
2455 2898 2594 2965 ὑπὲρ
2633 2897 2729 2968 μὲν
2777 2895 2968 2950 ἑαυτοῦ
3003 2895 3320 2965 ἠξιωκέναι,
3357 2893 3494 2962 ὑπὲρ
3523 2892 3578 2944 δὲ
3609 2889 3701 2942 τοῦ
3728 2887 3860 2942 λαοῦ

2306 2989 2505 3057 μηδένα
2524 2987 2674 3056 λόγον
2702 2987 3043 3057 πεποιῆσθαι,
3075 2985 3316 3055 μεμπτὸν
3341 2983 3417 3052 τῷ
3445 2982 3560 3053 Θεῷ
3588 2981 3817 3050 φανῆναι
3839 2995 3856 3009 ο

663 3075 722 3118 ut
749 3065 1001 3132 prOpheta
1035 3079 1154 3115 mox
1181 3061 1485 3130 subjungat,
1519 3081 1536 3112 ι
1565 3061 1921 3115 Consolamiui
1952 3061 2197 3130 populum
2226 3073 2249 3126 (

2301 3075 2376 3128 διὸ
2401 3079 2668 3144 ἐπιλέγειν
2697 3078 2823 3146 ἑξῆς
2852 3079 2940 3130 τὸν
2970 3078 3277 3147 προφήτην·
3315 3094 3334 3126 ι
3369 3074 3735 3145 Παρακαλεῖτε
3765 3072 3861 3127 τὸν

662 3169 838 3207 meum
861 3195 876 3218 ,
908 3154 1032 3206 dicit
1063 3154 1217 3206 Deus.
1256 3169 1272 3201 ι
1310 3151 1530 3205 Etiamsi
1559 3151 1700 3204 enim
1736 3151 1822 3204 hic
1861 3153 2077 3219 prOprio
2102 3151 2200 3202 du-

660 3255 778 3297 ctus
808 3259 1006 3304 amore.
1037 3244 1101 3296 de
1142 3257 1200 3295 se
1236 3250 1440 3294 tantum
1474 3242 1737 3294 sollicitus
1779 3251 2042 3307 precetur,
2083 3239 2200 3294 nul-

662 3336 872 3402 Iamque
904 3333 1076 3398 populi
1106 3332 1427 3385 mentionem
1461 3331 1660 3390 faciat;
1693 3340 1747 3384 at
1782 3330 1920 3384 Deus
1946 3345 2045 3384 sua
2066 3345 2193 3399 pro-

658 3421 889 3490 spiciens
917 3420 1131 3487 populo,
1165 3418 1406 3487 praecipit
1436 3427 1494 3471 ut
1521 3417 1610 3486 qui
1644 3417 1766 3471 huic
1798 3418 2012 3486 negotio
2040 3432 2197 3473 nares

657 3514 786 3574 sint,
827 3510 1073 3580 papulum
1112 3521 1265 3564 suum
1303 3507 1667 3562 consolentur.

1240 3618 1464 3674 CAPUT
1498 3617 1611 3672 XL.

725 3712 887 3765 Vens.
925 3711 974 3773 i,
1005 3710 1059 3763 2.
1095 3728 1114 3761 ι
1149 3708 1532 3771 Consolamini,
1562 3707 1911 3763 consolamini
1947 3710 2195 3776 populum

656 3819 831 3859 meum
855 3843 868 3862 .
902 3803 1031 3855 dicit
1063 3801 1202 3854 Deus
1224 3841 1238 3854 .
1280 3798 1597 3853 Sacerdotes
1618 3839 1649 3877 ,ι
1681 3799 1960 3867 loquimini
2011 3801 2074 3851 ad
2105 3815 2198 3852 cor

655 3890 984 3945 Jerusalem:
1013 3887 1357 3943 consolamini
1386 3902 1522 3942 eam.
1556 3907 1574 3939 ι
1608 3889 1835 3955 Quinam
1871 3889 1905 3942 ii
1941 3889 2071 3950 sint,
2102 3889 2194 3957 qui

659 3982 907 4049 populum
954 3980 1217 4033 consolari
1271 3980 1527 4047 jubeutur
1587 3987 1836 4032 accurate
1895 3978 2196 4046 disquirere

654 4087 829 4137 operre
863 4071 1089 4140 pretium
1138 4067 1329 4122 fuerit:
1363 4083 1563 4122 necnon
1607 4068 1732 4136 quid
1758 4069 1829 4122 sit
1853 4083 1946 4122 cor
1970 4067 2196 4123 Jerusa-

653 4161 780 4226 lem,
813 4171 864 4215 et
892 4173 1131 4228 quaenam
1160 4159 1245 4211 illa
1275 4157 1567 4211 Jerusalem
1608 4160 1677 4211 sit
1708 4158 2039 4223 aestimanda,
2077 4172 2194 4226 quae

653 4267 749 4305 ceu
782 4251 976 4304 auimal
1008 4251 1268 4318 quoddam
1302 4264 1397 4302 cor
1431 4250 1643 4303 habeat.
1673 4246 1801 4299 Nam
1849 4249 1933 4301 hic
1957 4249 2190 4301 animata

649 4355 703 4396 et
733 4342 1059 4395 rationabilis
1093 4355 1210 4394 esse
1239 4340 1544 4393 declaratur
1566 4378 1579 4400 ,
1614 4352 1736 4391 cum
1775 4338 1990 4402 dicitur,
2025 4357 2043 4390 ι
2084 4337 2188 4392 Lo-

2299 3165 2422 3220 λαόν
2445 3186 2564 3238 μου,
2595 3170 2737 3236 λέγει
2763 3170 2790 3219 6
2815 3169 2963 3230 Θεὸς.
2999 3187 3015 3218 ι
3049 3165 3110 3220 El
3139 3167 3246 3237 γὰρ
3269 3167 3360 3218 καὶ
3382 3161 3550 3228 οὗτος,
3572 3167 3860 3236 φησὶ,φίλ-

2296 3276 2455 3323 αυτος
2489 3262 2592 3322 ὢν,
2650 3260 2787 3331 ὑπὲρ
2819 3260 2917 3328 μὲν
2952 3259 3144 3312 ἑαυτοῦ
3172 3258 3466 3329 φροντίσας
3497 3257 3690 3328 ἐδεήθη
3710 3298 3725 3321 ,
3750 3256 3854 3311 τοῦ

2295 3350 2350 3402 δὲ
2379 3351 2504 3403 λαοῦ
2550 3353 2764 3422 μνήμην
2794 3351 2852 3403 οὗ
2879 3367 2995 3404 τινα
3030 3351 3349 3420 ἐποιήσατο⁸
3385 3349 3494 3401 ἀλλ’
3524 3350 3551 3400 6
3577 3348 3726 3412 Θεὸς,
3756 3345 3852 3400 τοῦ

2299 3441 2425 3493 ίδίου
2461 3443 2747 3512 κηδόμενος
2783 3441 2909 3494 λαοῦ
2931 3482 2943 3503 ,
2978 3440 3309 3510 παρακαλεῖν
3351 3439 3508 3492 αὑτὸν
3546 3442 3657 3502 τοῖς
3697 3438 3854 3492 τοῦτο

2297 3535 2551 3604 πράττειν
2583 3537 2713 3597 οἵοις
2737 3551 2794 3586 τε
2822 3532 3266 3602 παρακελεύεται.

2817 3623 3205 3677 ΚΕΦΑΛΛΙΟΝ
3243 3619 3333 3675 Μ’.

2371 3732 2389 3766 ι
2425 3715 2813 3786 Παρακαλεῖτε,
2840 3714 3197 3782 παρακαλεῖτε
3223 3713 3310 3766 τὸν
3338 3711 3464 3764 λαόν
3495 3727 3616 3782 μου,
3647 3711 3790 3780 λέγει
3820 3713 3853 3768 6

2294 3807 2443 3868 θεός.
2484 3807 2685 3876 Ἰερεῖς,
2706 3807 2976 3874 λαλήσατε
2991 3807 3203 3880 ﬁfth;
3225 3804 3448 3875 καρδίαν
3481 3803 3845 3875 Ἰερουσαλήμ·

2295 3898 2703 3968 παρακαλέσατε
2732 3898 2917 3968 αὑτήν.
2955 3914 2972 3947 ι
3004 3897 3156 3959 Τίνες
3181 3894 3235 3946 δέ
3261 3897 3394 3947 είσιν
3419 3889 3497 3956 οἷς
3525 3894 3552 3946 6
3575 3894 3726 3960 λόγος
3754 3909 3852 3948 παρ

2298 3986 2546 4055 ρακαλεῖν
2574 3986 2662 4036 τὸν
2701 3985 2824 4036 λαὸν
2854 3985 3203 4055 προστάττει,
3241 3982 3385 4046 ἄξιον
3413 3984 3728 4051 ἐπιστῆσαι·
3764 3983 3850 4046 τίς

2292 4076 2346 4127 δὲ
2372 4077 2402 4144 ή
2437 4075 2629 4145 καρδία
2660 4075 3028 4144 Ἰερουσαλὴμ,
3059 4075 3150 4126 καὶ
3178 4073 3422 4143 ποταπὴν
3450 4076 3552 4144 χρὴ
3583 4076 3720 4126 νοεῖν
3747 4073 3847 4146 τὴν

2305 4164 2682 4234 Ἰερουσαλὴμ,
2715 4163 2899 4236 ὥσπερ
2931 4182 2983 4216 τι
3019 4162 3152 4227 ζῶον
3184 4163 3403 4233 καρδίαν
3426 4162 3666 4232 ἔχουσαν.
3711 4163 3848 4232 Ἔμ-

2291 4255 2455 4324 ψυχον
2498 4256 2603 4325 γὰρ
2641 4255 2732 4308 καὶ
2766 4254 2983 4324 λογικὴν
3027 4253 3210 4321 σαφῶς
3251 4253 3575 4324 παρίστησιν
3618 4253 3784 4324 αὐτὴν
3817 4255 3847 4308 ό

2293 4351 2466 4416 φήσας
2495 4345 2647 4412 λόγος
2673 4361 2683 4373 ·
2723 4363 2741 4395 ι
2776 4345 3057 4414 Λαλήσατε
3090 4345 3169 4406 είς
3198 4343 3294 4413 τὴν
3323 4342 3542 4414 καρδίαν
3576 4345 3844 4414 Ἰερουσα-

649 4434 870 4502 quimiui
915 4433 978 4484 ad
1027 4447 1119 4484 cor
1145 4429 1463 4483 Jerusalem.
1505 4447 1522 4478 ι
1556 4430 1633 4482 Ac
1662 4429 1762 4481 dici
1819 4427 1955 4482 forte
1979 4439 2187 4496 posset,
2221 4408 2249 4462 Ῑ

2301 4408 2419 4507 δίη-μ.
2457 4456 2474 4487 ι
2504 4408 2610 4490 καὶ
2638 4433 2705 4506 ἦν
2731 4438 2824 4505 μὲν
2856 4408 3026 4487 εἰπεῖν
3060 4408 3409 4504 Ἰερουσαλὴμ
3439 4434 3529 4484 τὸν
3558 4408 3680 4486 λαὸν
3708 4430 3844 4486 εἷναι

648 4523 941 4578 Jerusalem
991 4523 1236 4590 populum
1287 4521 1454 4588 ipsam
1506 4519 1824 4574 lncolentem
1864 4519 2186 4587 signiﬁcare,

648 4623 706 4664 ut
750 4613 1058 4680 plerumque
1099 4611 1226 4663 urbs
1269 4623 1363 4675 pro
1404 4608 1595 4675 populo
1625 4608 1861 4671 dicitur;
1890 4623 2069 4659 verum
2103 4608 2187 4661 hic

648 4704 756 4770 ipso
787 4717 996 4768 quoque
1039 4699 1258 4767 populus
1299 4707 1620 4751 memoratur
1648 4699 1728 4750 his
1758 4697 1958 4762 verbis,
1995 4715 2013 4747 ι
2049 4699 2187 4752 Con-

647 4789 887 4841 solamini
917 4787 1164 4855 populum
1198 4801 1408 4848 meum;
1447 4803 1463 4834 ι
1500 4799 1562 4836 ae
1589 4795 1768 4850 postea
1807 4784 2025 4836 scorsim
2066 4783 2188 4836 sub-

640 4879 851 4946 jnugit,
885 4895 902 4928 ι
940 4875 1235 4943 Loquimini
1284 4875 1347 4926 ad
1397 4889 1489 4926 cor
1533 4871 1849 4926 Jerusalem.
1902 4891 1920 4923 »
1959 4873 2184 4938 Quinam

645 4982 801 5031 porro
832 4968 936 5020 sint
963 4966 1052 5033 qui
1083 4963 1346 5018 consolari
1390 4962 1649 5029 jnbentur
1673 5002 1687 5024 ,
1732 4973 1786 5016 et
1813 4964 1934 5030 quis
1961 4962 2185 5031 populus

645 5058 752 5123 ille,
778 5072 932 5124 quem
956 5055 1314 5115 consolantur,
1337 5054 1468 5120 quid
1494 5053 1617 5106 item
1645 5054 1713 5105 sit
1738 5067 1830 5106 cor
1859 5051 2181 5117 Jerusalem,

641 5145 746 5213 iam
781 5146 1176 5212 expendendum
1220 5153 1321 5197 est.
1369 5142 1746 5196 Consolatores
1795 5156 1922 5196 sane
1958 5140 2180 5204 fuerint,

2291 4529 2380 4580 τὸν
2402 4531 2459 4579 ἓν
2484 4530 2616 4598 αὐτῇ
2643 4527 3011 4589 κατοικοῦντα,
3046 4525 3119 4588 ὼς
3150 4523 3400 4586 πολλάκις
3421 4525 3516 4594 τὴν
3547 4526 3696 4577 πόλιν
3725 4525 3843 4578 ἀντὶ

2290 4619 2393 4670 τῶν
2419 4600 2712 4689 οἰκητόρων
2740 4615 3164 4684 ὀνομαζομένην·
3196 4615 3309 4666 νυνὶ
3336 4615 3390 4666 δὲ
3431 4617 3457 4666 6
3495 4613 3643 4682 λόγος
3681 4614 3840 4668 αὐτοῦ

2289 4708 2378 4760 τοῦ
2399 4708 2525 4761 λαοῦ
2576 4708 2844 4777 μέμνηται
2891 4707 3094 4772 λέγων’
3148 4721 3165 4756 ι
3207 4705 3573 4774 Παρακαλεῖτε
3600 4707 3688 4759 τὸν
3716 4707 3841 4761 λαόν

2293 4810 2413 4861 μου·
2456 4812 2474 4842 ι
2508 4794 2601 4845 καὶ
2629 4792 2786 4844 πάλιν
2829 4793 2966 4852 ἰδίως
2998 4791 3241 4862 ἐπιφέρει
3273 4793 3361 4854 τὸ,
3396 4811 3414 4842 ι
3454 4794 3732 4863 Λαλήσατι
3761 4799 3866 4859 είς.

2289 4881 2385 4950 τὴν
2411 4881 2632 4952 καρδίαν
2673 4881 3040 4951 Ἰερουσαλήμ.
3082 4901 3100 4933 ι
3130 4883 3282 4945 Τίνες
3307 4879 3398 4936 οὖν
3425 4886 3561 4936 εἰσιν
3585 4887 3634 4937 οἱ
3671 4904 3843 4958 παραυ

2289 4973 2468 5022 καλεῖν
2511 4970 2990 5040 προσταττόμενοι,
3029 4971 3120 5022 καὶ
3164 4972 3245 5034 τίς
3293 4975 3321 5023 ό
3367 4974 3840 5044 παρακαλούμενος

2285 5057 2429 5122 λαὸς,
2457 5061 2507 5112 τί
2539 5077 2598 5111 τε
2631 5062 2661 5125 ἡ
2687 5061 2879 5130 καρδία
2918 5062 3282 5132 Ἰερουσαλήμ.
3307 5062 3424 5133 ὥρα
3449 5064 3832 5136 διευκρινῆσαι.

2280 5151 2348 5202 Ui
2377 5152 2470 5219 μὲν
2500 5148 2592 5203 οὖν
2638 5150 3068 5221 παρακαλοῦντες
3115 5148 3223 5204 εἷεν
3259 5151 3324 5204 ἂν
3363 5155 3411 5204 οἱ
3445 5154 3495 5205 τὸ
3528 5155 3745 5224 Πνεῦμα
3772 5156 3835 5209 τὸ

643 5237 731 5304 qui
776 5236 1031 5302 Spiritum
1078 5234 1467 5288 consolatorem
1515 5242 1876 5299 acceperunt,
1924 5232 2176 5285 nimirum

2301 5240 2622 5310 ταράκλητον
2647 5240 3072 5309 ὑποδεδεγμένοι,
3097 5242 3376 5294 ἀπόστολοι
3399 5242 3594 5313 δηλαδὴ
3625 5247 3712 5299 καὶ
3741 5262 3835 5315 μαι

644 5327 885 5393 apostoli,
920 5325 1162 5392 discipuli
1190 5323 1487 5378 Salvatoris
1518 5323 1709 5385 nostri,
1730 5323 2091 5390 evangelista,
2125 5330 2179 5372 et

2301 5331 2435 5398 ιηταὶ
2462 5329 2555 5381 τοῦ
2590 5329 2831 5399 Σωτῆρος
2869 5330 3052 5400 ήμῶν,
3100 5333 3190 5383 καὶ
3219 5332 3614 5400 εὐαγγελισταὶ,
3655 5335 3747 5388 καὶ
3779 5335 3835 5390 oi

644 5419 709 5470 iis
737 5418 965 5477 similes,
995 5417 1184 5484 quibus
1223 5415 1477 5469 Servator
1510 5413 1757 5466 dicebat:
1790 5431 1806 5463 ι
1847 5413 1955 5482 Ego
1985 5412 2179 5481 rogabo

2301 5419 2484 5481 ῖούτοις
2511 5420 2716 5488 ὅμοιοι,
2764 5420 2895 5489 πρὸς
2927 5421 3018 5484 οὓς
3064 5421 3246 5488 ἔλεγεν
3289 5424 3318 5473 6
3358 5424 3582 5495 Σωτῆρι
3623 5445 3638 5475 ι
3691 5424 3834 5493 Ἐγὼ

644 5508 876 5573 Patrem,
903 5518 954 5560 et
984 5509 1142 5560 alium
1176 5504 1502 5560 Paracletum
1535 5505 1680 5557 dabit
1709 5504 1875 5568 vobis,
1908 5513 1965 5559 ut
1992 5506 2061 5558 sit
2090 5519 2180 5557 vo-

643 5598 842 5650 biscum
874 5599 924 5648 in
955 5608 1229 5660 aeternum,
1261 5595 1516 5661 Spiritum
1555 5594 1831 5658 veritatis;
1878 5612 1896 5644 »
1943 5608 2008 5647 ac
2054 5609 2175 5646 rur-

640 5703 754 5740 sum
784 5707 796 5740 :
822 5707 839 5737 ι
869 5687 1192 5742 Cumautem
1216 5688 1422 5741 venerit
1450 5684 1774 5751 Paraclctus,
1804 5686 2034 5754 Spiritus
2055 5700 2177 5738 san-

2280 5511 2534 5578 ἐρωτήσω
2570 5510 2661 5561 τὸν
2702 5510 2916 5582 Πατέρα
2961 5529 3094 5581 μου,
3146 5514 3239 5565 καὶ
3284 5514 3441 5567 ἄλλον
3477 5515 3833 5586 Παράκλητον

2276 5599 2432 5652 δώσει
2459 5603 2602 5669 ὑμῖν,
2629 5601 2712 5652 ἵνα
2734 5602 2814 5670 εἴη
2842 5602 2954 5670 μεθ’
2981 5604 3130 5673 ὑμῶν
3155 5606 3232 5666 είς
3257 5604 3345 5657 τδν
3369 5604 3554 5666 αἰῶνα,
3581 5607 3639 5657 τὸ
3658 5605 3830 5661 Πνεῦ-

2286 5707 2356 5757 μα
2398 5691 2496 5758 τῆς
2533 5691 2811 5756 ἀληθείας·
2858 5711 2875 5744 ι
2910 5694 3000 5745 καὶ
3049 5690 3200 5757 αὖθις
3223 5710 3238 5727 ο
3289 5714 3308 5748 ι
3339 5695 3505 5750 Ὅταν
3537 5696 3590 5749 δὲ
3637 5695 3762 5758 ελθη
3799 5699 3833 5752 6
