  <div class='ocr_page' id='page_1' title='image "/cluster/home/n/w/nwhite01/storage/ocr_20150623/24/pst.000005712083/200.png"; bbox 0 0 4120 6294; ppageno 0'>
   <div class='ocr_carea' id='block_1_1' title="bbox 248 313 351 368">
    <p class='ocr_par' dir='ltr' id='par_1_1' title="bbox 248 313 351 368">
     <span class='ocr_line' id='line_1_1' title="bbox 248 313 351 368; baseline 0.019 -3"><span class='ocrx_word' id='word_1_1' title='bbox 248 313 351 368; x_wconf 68' lang='grc' dir='ltr'><strong>ὗίῗδ</strong></span> 
     </span>
    </p>
   </div>
   <div class='ocr_carea' id='block_1_2' title="bbox 1246 310 1816 370">
    <p class='ocr_par' dir='ltr' id='par_1_2' title="bbox 1246 311 1810 368">
     <span class='ocr_line' id='line_1_2' title="bbox 1246 311 1810 368; baseline 0 -2"><span class='ocrx_word' id='word_1_2' title='bbox 1246 311 1748 368; x_wconf 65' lang='grc' dir='ltr'><strong>(ΣΟΜΜΕΝΤΛΒΙΑ</strong></span> <span class='ocrx_word' id='word_1_3' title='bbox 1793 314 1810 366; x_wconf 85' lang='lat' dir='ltr'><strong>l</strong></span> 
     </span>
    </p>
   </div>
   <div class='ocr_carea' id='block_1_3' title="bbox 1921 310 3505 370">
    <p class='ocr_par' dir='ltr' id='par_1_3' title="bbox 1926 310 3505 370">
     <span class='ocr_line' id='line_1_3' title="bbox 1926 310 3505 370; baseline 0.001 -2"><span class='ocrx_word' id='word_1_4' title='bbox 1926 310 2156 368; x_wconf 69' lang='lat' dir='ltr'><strong>SAMM.</strong></span> <span class='ocrx_word' id='word_1_5' title='bbox 2198 344 2268 354; x_wconf 94' lang='lat'><strong><em>—</em></strong></span> <span class='ocrx_word' id='word_1_6' title='bbox 2305 312 2457 367; x_wconf 83' lang='lat' dir='ltr'><strong>CAP.</strong></span> <span class='ocrx_word' id='word_1_7' title='bbox 2499 311 2612 365; x_wconf 81' lang='lat' dir='ltr'><strong>XL.</strong></span> <span class='ocrx_word' id='word_1_8' title='bbox 3402 314 3505 370; x_wconf 65' lang='lat'><strong>163</strong></span> 
     </span>
    </p>
   </div>
   <div class='ocr_carea' id='block_1_4' title="bbox 248 429 1816 511">
    <p class='ocr_par' dir='ltr' id='par_1_4' title="bbox 248 437 1816 511">
     <span class='ocr_line' id='line_1_4' title="bbox 248 437 1816 511; baseline -0.001 -19"><span class='ocrx_word' id='word_1_9' title='bbox 248 438 625 511; x_wconf 65' lang='grc' dir='ltr'>Παρακλητος,</span> <span class='ocrx_word' id='word_1_10' title='bbox 653 440 718 494; x_wconf 80' lang='grc' dir='ltr'><strong>τδ</strong></span> <span class='ocrx_word' id='word_1_11' title='bbox 750 437 968 509; x_wconf 81' lang='grc' dir='ltr'>Πνεῦμα</span> <span class='ocrx_word' id='word_1_12' title='bbox 991 439 1052 492; x_wconf 79' lang='grc' dir='ltr'>τὸ</span> <span class='ocrx_word' id='word_1_13' title='bbox 1084 438 1255 507; x_wconf 66' lang='grc' dir='ltr'>ἅγιον.</span> <span class='ocrx_word' id='word_1_14' title='bbox 1290 439 1318 490; x_wconf 83' lang='lat'><strong>6</strong></span> <span class='ocrx_word' id='word_1_15' title='bbox 1340 439 1546 508; x_wconf 76' lang='grc' dir='ltr'>πέμψει</span> <span class='ocrx_word' id='word_1_16' title='bbox 1572 440 1599 491; x_wconf 89' lang='grc' dir='ltr'>ὁ</span> <span class='ocrx_word' id='word_1_17' title='bbox 1640 437 1816 507; x_wconf 59' lang='grc' dir='ltr'>Πατήρ</span> 
     </span>
    </p>
   </div>
   <div class='ocr_carea' id='block_1_5' title="bbox 1921 429 3504 511">
    <p class='ocr_par' dir='ltr' id='par_1_5' title="bbox 1935 429 3504 502">
     <span class='ocr_line' id='line_1_5' title="bbox 1935 429 3504 502; baseline -0.003 -15"><span class='ocrx_word' id='word_1_18' title='bbox 1935 444 2075 498; x_wconf 84' lang='lat' dir='ltr'><strong>ctus,</strong></span> <span class='ocrx_word' id='word_1_19' title='bbox 2104 449 2262 502; x_wconf 87' lang='lat' dir='ltr'><strong>quem</strong></span> <span class='ocrx_word' id='word_1_20' title='bbox 2299 434 2475 486; x_wconf 86' lang='lat' dir='ltr'><strong>mittet</strong></span> <span class='ocrx_word' id='word_1_21' title='bbox 2501 429 2664 485; x_wconf 83' lang='lat' dir='ltr'><strong>Pater</strong></span> <span class='ocrx_word' id='word_1_22' title='bbox 2695 443 2868 495; x_wconf 83' lang='lat' dir='ltr'><strong>meus,</strong></span> <span class='ocrx_word' id='word_1_23' title='bbox 2902 429 2990 483; x_wconf 86' lang='lat' dir='ltr'><strong>ille</strong></span> <span class='ocrx_word' id='word_1_24' title='bbox 3022 444 3117 483; x_wconf 85' lang='lat' dir='ltr'><strong>vos</strong></span> <span class='ocrx_word' id='word_1_25' title='bbox 3149 430 3361 483; x_wconf 75' lang='lat' dir='ltr'><strong>docebit</strong></span> <span class='ocrx_word' id='word_1_26' title='bbox 3388 446 3504 483; x_wconf 82' lang='lat' dir='ltr'><strong>om-</strong></span> 
     </span>
    </p>
   </div>
   <div class='ocr_carea' id='block_1_6' title="bbox 252 529 1827 603">
    <p class='ocr_par' dir='ltr' id='par_1_6' title="bbox 252 529 1827 603">
     <span class='ocr_line' id='line_1_6' title="bbox 252 529 1827 603; baseline -0.001 -21"><span class='ocrx_word' id='word_1_27' title='bbox 252 548 376 603; x_wconf 77' lang='grc' dir='ltr'>μου,</span> <span class='ocrx_word' id='word_1_28' title='bbox 394 533 599 595; x_wconf 73' lang='grc' dir='ltr'>ἐκεῖνος</span> <span class='ocrx_word' id='word_1_29' title='bbox 616 533 761 603; x_wconf 71' lang='grc' dir='ltr'>ὑμᾶς</span> <span class='ocrx_word' id='word_1_30' title='bbox 784 531 979 597; x_wconf 77' lang='grc' dir='ltr'>διδάξει</span> <span class='ocrx_word' id='word_1_31' title='bbox 999 532 1193 592; x_wconf 81' lang='grc' dir='ltr'>πάντα,</span> <span class='ocrx_word' id='word_1_32' title='bbox 1223 550 1239 581; x_wconf 81' lang='lat' dir='ltr'><strong>t</strong></span> <span class='ocrx_word' id='word_1_33' title='bbox 1260 532 1351 583; x_wconf 74' lang='grc' dir='ltr'><strong>καὶ</strong></span> <span class='ocrx_word' id='word_1_34' title='bbox 1371 531 1438 582; x_wconf 71' lang='grc' dir='ltr'>τὰ</span> <span class='ocrx_word' id='word_1_35' title='bbox 1454 530 1597 599; x_wconf 75' lang='grc' dir='ltr'><strong>ἑξῆς.</strong></span> <span class='ocrx_word' id='word_1_36' title='bbox 1620 529 1827 591; x_wconf 79' lang='grc' dir='ltr'><strong>Πάντες</strong></span> 
     </span>
    </p>
   </div>
   <div class='ocr_carea' id='block_1_7' title="bbox 247 621 1828 695">
    <p class='ocr_par' dir='ltr' id='par_1_7' title="bbox 247 621 1828 695">
     <span class='ocr_line' id='line_1_7' title="bbox 247 621 1828 695; baseline -0.003 -16"><span class='ocrx_word' id='word_1_37' title='bbox 247 624 536 695; x_wconf 75' lang='grc' dir='ltr'><strong>τοιγαροῦν</strong></span> <span class='ocrx_word' id='word_1_38' title='bbox 577 626 627 677; x_wconf 76' lang='lat' dir='ltr'><strong>oi</strong></span> <span class='ocrx_word' id='word_1_39' title='bbox 672 624 735 678; x_wconf 86' lang='grc' dir='ltr'><strong>τὸ</strong></span> <span class='ocrx_word' id='word_1_40' title='bbox 787 624 1130 695; x_wconf 86' lang='grc' dir='ltr'>παράκλητον</span> <span class='ocrx_word' id='word_1_41' title='bbox 1171 622 1394 693; x_wconf 66' lang='grc' dir='ltr'><strong>Πνεῦμα⁸</strong></span> <span class='ocrx_word' id='word_1_42' title='bbox 1443 621 1828 692; x_wconf 75' lang='grc' dir='ltr'><strong>ὑποδεξάμενοι</strong></span> 
     </span>
    </p>
   </div>
   <div class='ocr_carea' id='block_1_8' title="bbox 249 714 1826 787">
    <p class='ocr_par' dir='ltr' id='par_1_8' title="bbox 249 714 1826 787">
     <span class='ocr_line' id='line_1_8' title="bbox 249 714 1826 787; baseline -0.001 -20"><span class='ocrx_word' id='word_1_43' title='bbox 249 718 681 786; x_wconf 74' lang='grc' dir='ltr'>προστάττονται</span> <span class='ocrx_word' id='word_1_44' title='bbox 708 718 1040 787; x_wconf 71' lang='grc' dir='ltr'><strong>παρακαλεῖν</strong></span> <span class='ocrx_word' id='word_1_45' title='bbox 1060 717 1149 770; x_wconf 77' lang='grc' dir='ltr'>τὸν</span> <span class='ocrx_word' id='word_1_46' title='bbox 1169 716 1294 769; x_wconf 80' lang='grc' dir='ltr'>λαὸν</span> <span class='ocrx_word' id='word_1_47' title='bbox 1313 715 1406 768; x_wconf 87' lang='grc' dir='ltr'><strong>τοῦ</strong></span> <span class='ocrx_word' id='word_1_48' title='bbox 1423 714 1577 767; x_wconf 88' lang='grc' dir='ltr'>Θεοῦ·</span> <span class='ocrx_word' id='word_1_49' title='bbox 1617 715 1732 768; x_wconf 84' lang='grc' dir='ltr'>ἀλλ’</span> <span class='ocrx_word' id='word_1_50' title='bbox 1766 716 1826 767; x_wconf 81' lang='grc' dir='ltr'><strong>οὺ</strong></span> 
     </span>
    </p>
   </div>
   <div class='ocr_carea' id='block_1_9' title="bbox 249 804 1828 876">
    <p class='ocr_par' dir='ltr' id='par_1_9' title="bbox 249 804 1828 876">
     <span class='ocr_line' id='line_1_9' title="bbox 249 804 1828 876; baseline -0.002 -18"><span class='ocrx_word' id='word_1_51' title='bbox 249 805 347 858; x_wconf 73' lang='grc' dir='ltr'>τὸν</span> <span class='ocrx_word' id='word_1_52' title='bbox 374 806 739 876; x_wconf 73' lang='grc' dir='ltr'>Ἰσραὴλ,οὐδὲ</span> <span class='ocrx_word' id='word_1_53' title='bbox 764 807 855 858; x_wconf 73' lang='grc' dir='ltr'><strong>τὸν</strong></span> <span class='ocrx_word' id='word_1_54' title='bbox 889 807 1099 867; x_wconf 86' lang='grc' dir='ltr'>Ἰακὼϐ,</span> <span class='ocrx_word' id='word_1_55' title='bbox 1116 805 1235 858; x_wconf 78' lang='grc' dir='ltr'>οὐδὲ</span> <span class='ocrx_word' id='word_1_56' title='bbox 1263 805 1351 857; x_wconf 75' lang='grc' dir='ltr'><strong>τὸν</strong></span> <span class='ocrx_word' id='word_1_57' title='bbox 1381 804 1597 858; x_wconf 78' lang='grc' dir='ltr'><strong>Ἰούδαν.</strong></span> <span class='ocrx_word' id='word_1_58' title='bbox 1617 804 1828 873; x_wconf 78' lang='grc' dir='ltr'>Ὥσπερ</span> 
     </span>
    </p>
   </div>
   <div class='ocr_carea' id='block_1_10' title="bbox 248 894 1827 964">
    <p class='ocr_par' dir='ltr' id='par_1_10' title="bbox 248 894 1827 964">
     <span class='ocr_line' id='line_1_10' title="bbox 248 894 1827 964; baseline -0.001 -15"><span class='ocrx_word' id='word_1_59' title='bbox 248 895 309 949; x_wconf 66' lang='grc' dir='ltr'>δὲ</span> <span class='ocrx_word' id='word_1_60' title='bbox 344 897 712 951; x_wconf 70' lang='grc' dir='ltr'>άποδέοεικται</span> <span class='ocrx_word' id='word_1_61' title='bbox 733 938 746 959; x_wconf 92' lang='grc'><strong>,</strong></span> <span class='ocrx_word' id='word_1_62' title='bbox 780 899 809 950; x_wconf 98' lang='lat'><strong>6</strong></span> <span class='ocrx_word' id='word_1_63' title='bbox 841 898 967 961; x_wconf 84' lang='grc' dir='ltr'>λαὸς</span> <span class='ocrx_word' id='word_1_64' title='bbox 1010 896 1103 949; x_wconf 90' lang='grc' dir='ltr'><strong>τοῦ</strong></span> <span class='ocrx_word' id='word_1_65' title='bbox 1136 894 1269 949; x_wconf 90' lang='grc' dir='ltr'>Θεοῦ</span> <span class='ocrx_word' id='word_1_66' title='bbox 1291 936 1304 958; x_wconf 89' lang='grc'><strong>,</strong></span> <span class='ocrx_word' id='word_1_67' title='bbox 1348 894 1519 958; x_wconf 79' lang='grc' dir='ltr'>οὕτως</span> <span class='ocrx_word' id='word_1_68' title='bbox 1551 898 1582 964; x_wconf 78' lang='grc' dir='ltr'>ἡ</span> <span class='ocrx_word' id='word_1_69' title='bbox 1632 894 1827 964; x_wconf 84' lang='grc' dir='ltr'>καρδία</span> 
     </span>
    </p>
   </div>
   <div class='ocr_carea' id='block_1_11' title="bbox 263 986 1825 1060">
    <p class='ocr_par' dir='ltr' id='par_1_11' title="bbox 263 986 1825 1060">
     <span class='ocr_line' id='line_1_11' title="bbox 263 986 1825 1060; baseline -0.001 -19"><span class='ocrx_word' id='word_1_70' title='bbox 263 988 616 1060; x_wconf 79' lang='grc' dir='ltr'>Ἰερουσαλὴμ</span> <span class='ocrx_word' id='word_1_71' title='bbox 640 990 978 1058; x_wconf 86' lang='grc' dir='ltr'>νοηθήσεται,</span> <span class='ocrx_word' id='word_1_72' title='bbox 1002 987 1061 1041; x_wconf 78' lang='grc' dir='ltr'>τὸ</span> <span class='ocrx_word' id='word_1_73' title='bbox 1087 991 1329 1059; x_wconf 88' lang='grc' dir='ltr'>κρεῖττον</span> <span class='ocrx_word' id='word_1_74' title='bbox 1347 988 1533 1056; x_wconf 86' lang='grc' dir='ltr'>τάγμα</span> <span class='ocrx_word' id='word_1_75' title='bbox 1559 986 1648 1039; x_wconf 87' lang='grc' dir='ltr'><strong>τοῦ</strong></span> <span class='ocrx_word' id='word_1_76' title='bbox 1672 987 1825 1040; x_wconf 90' lang='grc' dir='ltr'>λαοῦ.</span> 
     </span>
    </p>
   </div>
   <div class='ocr_carea' id='block_1_12' title="bbox 258 1076 1825 1149">
    <p class='ocr_par' dir='ltr' id='par_1_12' title="bbox 258 1076 1825 1149">
     <span class='ocr_line' id='line_1_12' title="bbox 258 1076 1825 1149; baseline 0 -20"><span class='ocrx_word' id='word_1_77' title='bbox 258 1077 355 1140; x_wconf 80' lang='grc' dir='ltr'>Ὠς</span> <span class='ocrx_word' id='word_1_78' title='bbox 379 1078 486 1149; x_wconf 75' lang='grc' dir='ltr'>γὰρ</span> <span class='ocrx_word' id='word_1_79' title='bbox 525 1080 583 1130; x_wconf 79' lang='grc' dir='ltr'><strong>ἐν</strong></span> <span class='ocrx_word' id='word_1_80' title='bbox 607 1078 814 1148; x_wconf 80' lang='grc' dir='ltr'>σώματι</span> <span class='ocrx_word' id='word_1_81' title='bbox 850 1080 883 1149; x_wconf 91' lang='grc' dir='ltr'><strong>ή</strong></span> <span class='ocrx_word' id='word_1_82' title='bbox 915 1078 1107 1148; x_wconf 87' lang='grc' dir='ltr'>καρδία</span> <span class='ocrx_word' id='word_1_83' title='bbox 1127 1079 1188 1130; x_wconf 80' lang='grc' dir='ltr'><strong>τὸ</strong></span> <span class='ocrx_word' id='word_1_84' title='bbox 1221 1076 1557 1149; x_wconf 79' lang='grc' dir='ltr'>κυριώτατόν</span> <span class='ocrx_word' id='word_1_85' title='bbox 1584 1079 1697 1129; x_wconf 85' lang='grc' dir='ltr'>ἐστι</span> <span class='ocrx_word' id='word_1_86' title='bbox 1730 1076 1825 1129; x_wconf 87' lang='grc' dir='ltr'><strong>τοῦ</strong></span> 
     </span>
    </p>
   </div>
   <div class='ocr_carea' id='block_1_13' title="bbox 248 1168 1826 1241">
    <p class='ocr_par' dir='ltr' id='par_1_13' title="bbox 248 1168 1826 1241">
     <span class='ocr_line' id='line_1_13' title="bbox 248 1168 1826 1241; baseline -0.001 -18"><span class='ocrx_word' id='word_1_87' title='bbox 248 1171 473 1233; x_wconf 72' lang='grc' dir='ltr'>παντὸς,</span> <span class='ocrx_word' id='word_1_88' title='bbox 510 1170 649 1223; x_wconf 84' lang='grc' dir='ltr'>οῦτω</span> <span class='ocrx_word' id='word_1_89' title='bbox 689 1172 781 1223; x_wconf 78' lang='grc' dir='ltr'>καὶ</span> <span class='ocrx_word' id='word_1_90' title='bbox 826 1170 881 1222; x_wconf 79' lang='grc' dir='ltr'>ὲν</span> <span class='ocrx_word' id='word_1_91' title='bbox 922 1170 1000 1240; x_wconf 83' lang='grc' dir='ltr'>τῷ</span> <span class='ocrx_word' id='word_1_92' title='bbox 1024 1172 1120 1241; x_wconf 85' lang='grc' dir='ltr'>τῆς</span> <span class='ocrx_word' id='word_1_93' title='bbox 1162 1169 1487 1241; x_wconf 82' lang='grc' dir='ltr'>Ἐκκλησίας</span> <span class='ocrx_word' id='word_1_94' title='bbox 1534 1168 1745 1241; x_wconf 84' lang='grc' dir='ltr'>σώματι</span> <span class='ocrx_word' id='word_1_95' title='bbox 1764 1170 1826 1222; x_wconf 81' lang='grc' dir='ltr'>τὸ</span> 
     </span>
    </p>
   </div>
   <div class='ocr_carea' id='block_1_14' title="bbox 246 1259 1826 1332">
    <p class='ocr_par' dir='ltr' id='par_1_14' title="bbox 246 1259 1826 1332">
     <span class='ocr_line' id='line_1_14' title="bbox 246 1259 1826 1332; baseline 0.001 -19"><span class='ocrx_word' id='word_1_96' title='bbox 246 1259 583 1332; x_wconf 77' lang='grc' dir='ltr'>κυριώτατον</span> <span class='ocrx_word' id='word_1_97' title='bbox 603 1262 785 1331; x_wconf 87' lang='grc' dir='ltr'>τάγμα</span> <span class='ocrx_word' id='word_1_98' title='bbox 808 1262 1033 1325; x_wconf 77' lang='grc' dir='ltr'><strong>εἰκότως</strong></span> <span class='ocrx_word' id='word_1_99' title='bbox 1053 1262 1118 1315; x_wconf 79' lang='grc' dir='ltr'><strong>ἂν</strong></span> <span class='ocrx_word' id='word_1_100' title='bbox 1145 1262 1357 1332; x_wconf 82' lang='grc' dir='ltr'>λεχθείη</span> <span class='ocrx_word' id='word_1_101' title='bbox 1383 1262 1443 1315; x_wconf 79' lang='grc' dir='ltr'>τὸ</span> <span class='ocrx_word' id='word_1_102' title='bbox 1468 1264 1575 1315; x_wconf 84' lang='grc' dir='ltr'><strong>τῶν</strong></span> <span class='ocrx_word' id='word_1_103' title='bbox 1599 1263 1826 1330; x_wconf 68' lang='grc' dir='ltr'>λογικωο</span> 
     </span>
    </p>
   </div>
   <div class='ocr_carea' id='block_1_15' title="bbox 243 1352 1823 1424">
    <p class='ocr_par' dir='ltr' id='par_1_15' title="bbox 243 1352 1823 1424">
     <span class='ocr_line' id='line_1_15' title="bbox 243 1352 1823 1424; baseline 0.003 -21"><span class='ocrx_word' id='word_1_104' title='bbox 243 1352 444 1422; x_wconf 78' lang='grc' dir='ltr'>τέρων,</span> <span class='ocrx_word' id='word_1_105' title='bbox 482 1353 739 1423; x_wconf 81' lang='grc' dir='ltr'>φρονήσει</span> <span class='ocrx_word' id='word_1_106' title='bbox 775 1369 833 1404; x_wconf 86' lang='grc' dir='ltr'><strong>τε</strong></span> <span class='ocrx_word' id='word_1_107' title='bbox 870 1354 961 1406; x_wconf 77' lang='grc' dir='ltr'>καὶ</span> <span class='ocrx_word' id='word_1_108' title='bbox 993 1352 1199 1424; x_wconf 77' lang='grc' dir='ltr'>διανοίᾳ</span> <span class='ocrx_word' id='word_1_109' title='bbox 1232 1354 1326 1407; x_wconf 75' lang='grc' dir='ltr'><strong>καὶ</strong></span> <span class='ocrx_word' id='word_1_110' title='bbox 1365 1353 1607 1423; x_wconf 84' lang='grc' dir='ltr'>λογισμῷ</span> <span class='ocrx_word' id='word_1_111' title='bbox 1638 1353 1823 1422; x_wconf 75' lang='grc' dir='ltr'>διαφε-</span> 
     </span>
    </p>
   </div>
   <div class='ocr_carea' id='block_1_16' title="bbox 247 1442 1822 1515">
    <p class='ocr_par' dir='ltr' id='par_1_16' title="bbox 247 1442 1822 1515">
     <span class='ocr_line' id='line_1_16' title="bbox 247 1442 1822 1515; baseline 0.001 -21"><span class='ocrx_word' id='word_1_112' title='bbox 247 1445 469 1511; x_wconf 81' lang='grc' dir='ltr'>ρόντων.</span> <span class='ocrx_word' id='word_1_113' title='bbox 522 1442 645 1495; x_wconf 80' lang='grc' dir='ltr'>Ἐάν</span> <span class='ocrx_word' id='word_1_114' title='bbox 696 1444 873 1495; x_wconf 78' lang='grc' dir='ltr'>τοίνυν</span> <span class='ocrx_word' id='word_1_115' title='bbox 912 1443 1169 1513; x_wconf 82' lang='grc' dir='ltr'><strong>λέγηται,</strong></span> <span class='ocrx_word' id='word_1_116' title='bbox 1223 1463 1240 1494; x_wconf 81' lang='grc' dir='ltr'>ι</span> <span class='ocrx_word' id='word_1_117' title='bbox 1278 1445 1561 1513; x_wconf 85' lang='grc' dir='ltr'>Λαλήσατε</span> <span class='ocrx_word' id='word_1_118' title='bbox 1599 1447 1680 1507; x_wconf 87' lang='grc' dir='ltr'><strong>είς</strong></span> <span class='ocrx_word' id='word_1_119' title='bbox 1724 1445 1822 1515; x_wconf 80' lang='grc' dir='ltr'><strong>τὴν</strong></span> 
     </span>
    </p>
   </div>
   <div class='ocr_carea' id='block_1_17' title="bbox 245 1534 1821 1605">
    <p class='ocr_par' dir='ltr' id='par_1_17' title="bbox 245 1534 1821 1605">
     <span class='ocr_line' id='line_1_17' title="bbox 245 1534 1821 1605; baseline 0.002 -19"><span class='ocrx_word' id='word_1_120' title='bbox 245 1534 477 1604; x_wconf 86' lang='grc' dir='ltr'>καρδίαν</span> <span class='ocrx_word' id='word_1_121' title='bbox 510 1534 881 1605; x_wconf 80' lang='grc' dir='ltr'>Ἰερουσαλὴμ,</span> <span class='ocrx_word' id='word_1_122' title='bbox 916 1556 932 1586; x_wconf 73' lang='grc' dir='ltr'>ι</span> <span class='ocrx_word' id='word_1_123' title='bbox 967 1535 1107 1589; x_wconf 72' lang='grc' dir='ltr'>οὕτω</span> <span class='ocrx_word' id='word_1_124' title='bbox 1140 1535 1355 1589; x_wconf 79' lang='grc' dir='ltr'>δεκτέον</span> <span class='ocrx_word' id='word_1_125' title='bbox 1378 1536 1466 1589; x_wconf 84' lang='grc' dir='ltr'><strong>τὸν</strong></span> <span class='ocrx_word' id='word_1_126' title='bbox 1490 1535 1666 1604; x_wconf 81' lang='grc' dir='ltr'>λόγον,</span> <span class='ocrx_word' id='word_1_127' title='bbox 1691 1536 1821 1589; x_wconf 73' lang='grc' dir='ltr'>ὡσεὶ</span> 
     </span>
    </p>
   </div>
   <div class='ocr_carea' id='block_1_18' title="bbox 245 1626 1819 1700">
    <p class='ocr_par' dir='ltr' id='par_1_18' title="bbox 245 1626 1819 1700">
     <span class='ocr_line' id='line_1_18' title="bbox 245 1626 1819 1700; baseline 0.003 -21"><span class='ocrx_word' id='word_1_128' title='bbox 245 1626 581 1697; x_wconf 71' lang='grc' dir='ltr'>σαφέστερον</span> <span class='ocrx_word' id='word_1_129' title='bbox 622 1626 773 1694; x_wconf 74' lang='grc' dir='ltr'>ἔλεγε</span> <span class='ocrx_word' id='word_1_130' title='bbox 798 1644 809 1657; x_wconf 94' lang='grc'><strong>·</strong></span> <span class='ocrx_word' id='word_1_131' title='bbox 846 1646 866 1677; x_wconf 89' lang='grc'><strong><em>‹</em></strong></span> <span class='ocrx_word' id='word_1_132' title='bbox 906 1626 1185 1697; x_wconf 85' lang='grc' dir='ltr'>Λαλήσατε</span> <span class='ocrx_word' id='word_1_133' title='bbox 1225 1631 1336 1692; x_wconf 90' lang='grc' dir='ltr'>τοῖς</span> <span class='ocrx_word' id='word_1_134' title='bbox 1369 1629 1426 1680; x_wconf 90' lang='grc' dir='ltr'><strong>ἐν</strong></span> <span class='ocrx_word' id='word_1_135' title='bbox 1475 1629 1554 1699; x_wconf 82' lang='grc' dir='ltr'>τῷ</span> <span class='ocrx_word' id='word_1_136' title='bbox 1582 1630 1694 1700; x_wconf 85' lang='grc' dir='ltr'><strong>λαῷ</strong></span> <span class='ocrx_word' id='word_1_137' title='bbox 1727 1630 1819 1683; x_wconf 88' lang='grc' dir='ltr'><strong>τοῦ</strong></span> 
     </span>
    </p>
   </div>
   <div class='ocr_carea' id='block_1_19' title="bbox 243 1714 1817 1790">
    <p class='ocr_par' dir='ltr' id='par_1_19' title="bbox 243 1714 1817 1790">
     <span class='ocr_line' id='line_1_19' title="bbox 243 1714 1817 1790; baseline 0.003 -22"><span class='ocrx_word' id='word_1_138' title='bbox 243 1714 383 1768; x_wconf 80' lang='grc' dir='ltr'>Θεοῦ</span> <span class='ocrx_word' id='word_1_139' title='bbox 432 1717 655 1785; x_wconf 85' lang='grc' dir='ltr'>νοήμοσι</span> <span class='ocrx_word' id='word_1_140' title='bbox 695 1716 786 1768; x_wconf 83' lang='grc' dir='ltr'>καί</span> <span class='ocrx_word' id='word_1_141' title='bbox 823 1715 1218 1786; x_wconf 83' lang='grc' dir='ltr'>λογικωτέροις.</span> <span class='ocrx_word' id='word_1_142' title='bbox 1266 1738 1284 1768; x_wconf 77' lang='grc' dir='ltr'>ι</span> <span class='ocrx_word' id='word_1_143' title='bbox 1342 1719 1564 1783; x_wconf 79' lang='grc' dir='ltr'><strong>Τούτοις</strong></span> <span class='ocrx_word' id='word_1_144' title='bbox 1598 1720 1694 1790; x_wconf 86' lang='grc' dir='ltr'><strong>μέν</strong></span> <span class='ocrx_word' id='word_1_145' title='bbox 1725 1717 1817 1774; x_wconf 82' lang='grc' dir='ltr'><strong>οῦν</strong></span> 
     </span>
    </p>
   </div>
   <div class='ocr_carea' id='block_1_20' title="bbox 1935 520 3507 591">
    <p class='ocr_par' dir='ltr' id='par_1_20' title="bbox 1935 520 3507 591">
     <span class='ocr_line' id='line_1_20' title="bbox 1935 520 3507 591; baseline -0.003 -14"><span class='ocrx_word' id='word_1_146' title='bbox 1935 526 2021 577; x_wconf 88' lang='lat' dir='ltr'><strong>nia</strong></span> <span class='ocrx_word' id='word_1_147' title='bbox 2061 525 2137 590; x_wconf 80' lang='grc'><strong>⁸⁸,</strong></span> <span class='ocrx_word' id='word_1_148' title='bbox 2176 543 2195 575; x_wconf 75' lang='lat' dir='ltr'><strong>t</strong></span> <span class='ocrx_word' id='word_1_149' title='bbox 2233 534 2285 578; x_wconf 88' lang='lat' dir='ltr'><strong>et</strong></span> <span class='ocrx_word' id='word_1_150' title='bbox 2317 533 2533 577; x_wconf 70' lang='lat' dir='ltr'><strong>caetera.</strong></span> <span class='ocrx_word' id='word_1_151' title='bbox 2565 521 2839 591; x_wconf 82' lang='lat' dir='ltr'><strong>Quotquot</strong></span> <span class='ocrx_word' id='word_1_152' title='bbox 2884 521 3046 589; x_wconf 76' lang='lat' dir='ltr'><strong>igitur</strong></span> <span class='ocrx_word' id='word_1_153' title='bbox 3078 520 3342 589; x_wconf 83' lang='lat' dir='ltr'><strong>Spiritum</strong></span> <span class='ocrx_word' id='word_1_154' title='bbox 3379 535 3507 575; x_wconf 85' lang='lat' dir='ltr'><strong>san-</strong></span> 
     </span>
    </p>
   </div>
   <div class='ocr_carea' id='block_1_21' title="bbox 1934 612 3504 683">
    <p class='ocr_par' dir='ltr' id='par_1_21' title="bbox 1934 612 3504 683">
     <span class='ocr_line' id='line_1_21' title="bbox 1934 612 3504 683; baseline -0.004 -14"><span class='ocrx_word' id='word_1_155' title='bbox 1934 627 2077 669; x_wconf 89' lang='lat' dir='ltr'><strong>ctmu</strong></span> <span class='ocrx_word' id='word_1_156' title='bbox 2108 624 2462 683; x_wconf 87' lang='lat' dir='ltr'><strong>acceperunt,</strong></span> <span class='ocrx_word' id='word_1_157' title='bbox 2494 612 2747 683; x_wconf 85' lang='lat' dir='ltr'><strong>populum</strong></span> <span class='ocrx_word' id='word_1_158' title='bbox 2777 613 2868 667; x_wconf 87' lang='lat' dir='ltr'><strong>Dei</strong></span> <span class='ocrx_word' id='word_1_159' title='bbox 2894 612 3162 666; x_wconf 85' lang='lat' dir='ltr'><strong>consolari</strong></span> <span class='ocrx_word' id='word_1_160' title='bbox 3202 612 3463 679; x_wconf 90' lang='lat' dir='ltr'><strong>jubentur</strong></span> <span class='ocrx_word' id='word_1_161' title='bbox 3489 628 3504 675; x_wconf 86' lang='lat'><strong>;</strong></span> 
     </span>
    </p>
   </div>
   <div class='ocr_carea' id='block_1_22' title="bbox 1931 698 3507 766">
    <p class='ocr_par' dir='ltr' id='par_1_22' title="bbox 1931 698 3507 766">
     <span class='ocr_line' id='line_1_22' title="bbox 1931 698 3507 766; baseline -0.003 -9"><span class='ocrx_word' id='word_1_162' title='bbox 1931 706 2023 758; x_wconf 83' lang='lat' dir='ltr'><strong>sed</strong></span> <span class='ocrx_word' id='word_1_163' title='bbox 2052 720 2156 757; x_wconf 91' lang='lat' dir='ltr'><strong>non</strong></span> <span class='ocrx_word' id='word_1_164' title='bbox 2186 702 2461 766; x_wconf 76' lang='lat' dir='ltr'><strong>lsraolem,</strong></span> <span class='ocrx_word' id='word_1_165' title='bbox 2490 717 2595 755; x_wconf 91' lang='lat' dir='ltr'><strong>non</strong></span> <span class='ocrx_word' id='word_1_166' title='bbox 2624 698 2905 765; x_wconf 83' lang='lat' dir='ltr'><strong>Jacobum,</strong></span> <span class='ocrx_word' id='word_1_167' title='bbox 2934 716 3037 754; x_wconf 88' lang='lat' dir='ltr'><strong>non</strong></span> <span class='ocrx_word' id='word_1_168' title='bbox 3063 699 3283 755; x_wconf 81' lang='lat' dir='ltr'><strong>Judam.</strong></span> <span class='ocrx_word' id='word_1_169' title='bbox 3316 698 3383 754; x_wconf 92' lang='lat' dir='ltr'><strong>Ut</strong></span> <span class='ocrx_word' id='word_1_170' title='bbox 3407 715 3507 753; x_wconf 89' lang='lat' dir='ltr'><strong>au-</strong></span> 
     </span>
    </p>
   </div>
   <div class='ocr_carea' id='block_1_23' title="bbox 1932 793 3509 865">
    <p class='ocr_par' dir='ltr' id='par_1_23' title="bbox 1932 793 3509 865">
     <span class='ocr_line' id='line_1_23' title="bbox 1932 793 3509 865; baseline -0.001 -18"><span class='ocrx_word' id='word_1_171' title='bbox 1932 811 2038 850; x_wconf 90' lang='lat' dir='ltr'><strong>tem</strong></span> <span class='ocrx_word' id='word_1_172' title='bbox 2084 796 2337 865; x_wconf 86' lang='lat' dir='ltr'><strong>populum</strong></span> <span class='ocrx_word' id='word_1_173' title='bbox 2376 794 2471 849; x_wconf 87' lang='lat' dir='ltr'><strong>Dei</strong></span> <span class='ocrx_word' id='word_1_174' title='bbox 2512 793 2922 863; x_wconf 84' lang='lat' dir='ltr'><strong>intelligendum</strong></span> <span class='ocrx_word' id='word_1_175' title='bbox 2956 808 3075 848; x_wconf 88' lang='lat' dir='ltr'><strong>esse</strong></span> <span class='ocrx_word' id='word_1_176' title='bbox 3105 803 3509 847; x_wconf 83' lang='lat' dir='ltr'><strong>commonstra-</strong></span> 
     </span>
    </p>
   </div>
   <div class='ocr_carea' id='block_1_24' title="bbox 1929 883 3502 952">
    <p class='ocr_par' dir='ltr' id='par_1_24' title="bbox 1929 883 3502 952">
     <span class='ocr_line' id='line_1_24' title="bbox 1929 883 3502 952; baseline -0.003 -12"><span class='ocrx_word' id='word_1_177' title='bbox 1929 897 2040 940; x_wconf 91' lang='lat' dir='ltr'><strong>tum</strong></span> <span class='ocrx_word' id='word_1_178' title='bbox 2070 897 2173 949; x_wconf 87' lang='lat' dir='ltr'><strong>est,</strong></span> <span class='ocrx_word' id='word_1_179' title='bbox 2204 887 2275 938; x_wconf 88' lang='lat' dir='ltr'><strong>ita</strong></span> <span class='ocrx_word' id='word_1_180' title='bbox 2308 894 2363 938; x_wconf 94' lang='lat' dir='ltr'><strong>et</strong></span> <span class='ocrx_word' id='word_1_181' title='bbox 2408 899 2504 938; x_wconf 86' lang='lat' dir='ltr'><strong>eor</strong></span> <span class='ocrx_word' id='word_1_182' title='bbox 2545 883 2847 939; x_wconf 77' lang='lat' dir='ltr'><strong>Jerusalem</strong></span> <span class='ocrx_word' id='word_1_183' title='bbox 2890 884 3223 952; x_wconf 90' lang='lat' dir='ltr'><strong>intelligatur</strong></span> <span class='ocrx_word' id='word_1_184' title='bbox 3263 892 3502 952; x_wconf 87' lang='lat' dir='ltr'><strong>oportet,</strong></span> 
     </span>
    </p>
   </div>
   <div class='ocr_carea' id='block_1_25' title="bbox 1928 976 3502 1047">
    <p class='ocr_par' dir='ltr' id='par_1_25' title="bbox 1928 976 3502 1047">
     <span class='ocr_line' id='line_1_25' title="bbox 1928 976 3502 1047; baseline -0.001 -16"><span class='ocrx_word' id='word_1_185' title='bbox 1928 994 2027 1047; x_wconf 91' lang='lat' dir='ltr'><strong>pro</strong></span> <span class='ocrx_word' id='word_1_186' title='bbox 2073 978 2252 1047; x_wconf 83' lang='lat' dir='ltr'><strong>populi</strong></span> <span class='ocrx_word' id='word_1_187' title='bbox 2300 976 2509 1031; x_wconf 82' lang='lat' dir='ltr'><strong>scilicet</strong></span> <span class='ocrx_word' id='word_1_188' title='bbox 2546 976 2738 1030; x_wconf 84' lang='lat' dir='ltr'><strong>ordine</strong></span> <span class='ocrx_word' id='word_1_189' title='bbox 2779 984 2836 1031; x_wconf 92' lang='lat' dir='ltr'><strong>et</strong></span> <span class='ocrx_word' id='word_1_190' title='bbox 2895 987 3050 1044; x_wconf 87' lang='lat' dir='ltr'><strong>parte</strong></span> <span class='ocrx_word' id='word_1_191' title='bbox 3101 980 3502 1044; x_wconf 69' lang='lat' dir='ltr'><strong>praestantiore.</strong></span> 
     </span>
    </p>
   </div>
   <div class='ocr_carea' id='block_1_26' title="bbox 1928 1067 3505 1136">
    <p class='ocr_par' dir='ltr' id='par_1_26' title="bbox 1928 1067 3505 1136">
     <span class='ocr_line' id='line_1_26' title="bbox 1928 1067 3505 1136; baseline 0.001 -16"><span class='ocrx_word' id='word_1_192' title='bbox 1928 1070 2388 1136; x_wconf 75' lang='lat' dir='ltr'><strong>Quemadmodum</strong></span> <span class='ocrx_word' id='word_1_193' title='bbox 2445 1067 2589 1123; x_wconf 89' lang='lat' dir='ltr'><strong>enim</strong></span> <span class='ocrx_word' id='word_1_194' title='bbox 2636 1068 2687 1121; x_wconf 89' lang='lat' dir='ltr'><strong>in</strong></span> <span class='ocrx_word' id='word_1_195' title='bbox 2728 1082 2954 1136; x_wconf 90' lang='lat' dir='ltr'><strong>corpore</strong></span> <span class='ocrx_word' id='word_1_196' title='bbox 2996 1082 3090 1122; x_wconf 86' lang='lat' dir='ltr'><strong>cor</strong></span> <span class='ocrx_word' id='word_1_197' title='bbox 3120 1069 3505 1135; x_wconf 68' lang='lat' dir='ltr'><strong>prmslantissi-</strong></span> 
     </span>
    </p>
   </div>
   <div class='ocr_carea' id='block_1_27' title="bbox 1928 1159 3501 1228">
    <p class='ocr_par' dir='ltr' id='par_1_27' title="bbox 1928 1159 3501 1228">
     <span class='ocr_line' id='line_1_27' title="bbox 1928 1159 3501 1228; baseline -0.003 -13"><span class='ocrx_word' id='word_1_198' title='bbox 1928 1178 2073 1215; x_wconf 91' lang='lat' dir='ltr'><strong>mum</strong></span> <span class='ocrx_word' id='word_1_199' title='bbox 2095 1162 2335 1215; x_wconf 90' lang='lat' dir='ltr'><strong>omnium</strong></span> <span class='ocrx_word' id='word_1_200' title='bbox 2365 1170 2447 1215; x_wconf 86' lang='lat' dir='ltr'><strong>est</strong></span> <span class='ocrx_word' id='word_1_201' title='bbox 2474 1177 2489 1224; x_wconf 85' lang='lat'><strong>;</strong></span> <span class='ocrx_word' id='word_1_202' title='bbox 2522 1162 2594 1214; x_wconf 88' lang='lat' dir='ltr'><strong>ita</strong></span> <span class='ocrx_word' id='word_1_203' title='bbox 2622 1170 2677 1215; x_wconf 90' lang='lat' dir='ltr'><strong>et</strong></span> <span class='ocrx_word' id='word_1_204' title='bbox 2709 1160 2761 1213; x_wconf 91' lang='lat' dir='ltr'><strong>in</strong></span> <span class='ocrx_word' id='word_1_205' title='bbox 2794 1159 3053 1213; x_wconf 70' lang='lat' dir='ltr'><strong>Ecclesiae</strong></span> <span class='ocrx_word' id='word_1_206' title='bbox 3075 1174 3330 1228; x_wconf 88' lang='lat' dir='ltr'><strong>corpore,</strong></span> <span class='ocrx_word' id='word_1_207' title='bbox 3358 1174 3501 1227; x_wconf 70' lang='lat' dir='ltr'><strong>prae-</strong></span> 
     </span>
    </p>
   </div>
   <div class='ocr_carea' id='block_1_28' title="bbox 1925 1251 3498 1322">
    <p class='ocr_par' dir='ltr' id='par_1_28' title="bbox 1925 1251 3498 1322">
     <span class='ocr_line' id='line_1_28' title="bbox 1925 1251 3498 1322; baseline -0.001 -16"><span class='ocrx_word' id='word_1_208' title='bbox 1925 1253 2259 1306; x_wconf 87' lang='lat' dir='ltr'><strong>stantissima</strong></span> <span class='ocrx_word' id='word_1_209' title='bbox 2311 1254 2486 1322; x_wconf 85' lang='lat' dir='ltr'><strong>portio</strong></span> <span class='ocrx_word' id='word_1_210' title='bbox 2533 1251 2655 1319; x_wconf 88' lang='lat' dir='ltr'><strong>jure</strong></span> <span class='ocrx_word' id='word_1_211' title='bbox 2700 1253 2915 1306; x_wconf 83' lang='lat' dir='ltr'><strong>dicatur</strong></span> <span class='ocrx_word' id='word_1_212' title='bbox 2965 1266 3087 1306; x_wconf 86' lang='lat' dir='ltr'><strong>esse</strong></span> <span class='ocrx_word' id='word_1_213' title='bbox 3133 1267 3355 1316; x_wconf 88' lang='lat' dir='ltr'><strong>eormn,</strong></span> <span class='ocrx_word' id='word_1_214' title='bbox 3402 1252 3498 1322; x_wconf 88' lang='lat' dir='ltr'><strong>qui</strong></span> 
     </span>
    </p>
   </div>
   <div class='ocr_carea' id='block_1_29' title="bbox 1926 1343 3500 1414">
    <p class='ocr_par' dir='ltr' id='par_1_29' title="bbox 1926 1343 3500 1414">
     <span class='ocr_line' id='line_1_29' title="bbox 1926 1343 3500 1414; baseline 0.001 -19"><span class='ocrx_word' id='word_1_215' title='bbox 1926 1343 2159 1405; x_wconf 78' lang='lat' dir='ltr'><strong>ratione,</strong></span> <span class='ocrx_word' id='word_1_216' title='bbox 2204 1343 2487 1411; x_wconf 81' lang='lat' dir='ltr'><strong>prudentia</strong></span> <span class='ocrx_word' id='word_1_217' title='bbox 2510 1383 2527 1408; x_wconf 88' lang='lat'><strong>,</strong></span> <span class='ocrx_word' id='word_1_218' title='bbox 2580 1354 2758 1398; x_wconf 88' lang='lat' dir='ltr'><strong>mente</strong></span> <span class='ocrx_word' id='word_1_219' title='bbox 2791 1354 2847 1397; x_wconf 89' lang='lat' dir='ltr'><strong>et</strong></span> <span class='ocrx_word' id='word_1_220' title='bbox 2897 1345 3170 1414; x_wconf 78' lang='lat' dir='ltr'><strong>cogitandi</strong></span> <span class='ocrx_word' id='word_1_221' title='bbox 3203 1345 3253 1396; x_wconf 87' lang='lat' dir='ltr'><strong>vi</strong></span> <span class='ocrx_word' id='word_1_222' title='bbox 3286 1345 3500 1397; x_wconf 69' lang='lat' dir='ltr'><strong>caeteris</strong></span> 
     </span>
    </p>
   </div>
   <div class='ocr_carea' id='block_1_30' title="bbox 1924 1434 3503 1503">
    <p class='ocr_par' dir='ltr' id='par_1_30' title="bbox 1924 1434 3503 1503">
     <span class='ocr_line' id='line_1_30' title="bbox 1924 1434 3503 1503; baseline 0.001 -16"><span class='ocrx_word' id='word_1_223' title='bbox 1924 1434 2269 1488; x_wconf 83' lang='lat' dir='ltr'><strong>antecellunt.</strong></span> <span class='ocrx_word' id='word_1_224' title='bbox 2300 1434 2432 1489; x_wconf 91' lang='lat' dir='ltr'><strong>Cum</strong></span> <span class='ocrx_word' id='word_1_225' title='bbox 2474 1449 2603 1503; x_wconf 90' lang='lat' dir='ltr'><strong>ergo</strong></span> <span class='ocrx_word' id='word_1_226' title='bbox 2643 1434 2874 1498; x_wconf 90' lang='lat' dir='ltr'><strong>dicitur,</strong></span> <span class='ocrx_word' id='word_1_227' title='bbox 2914 1452 2932 1485; x_wconf 80' lang='grc' dir='ltr'><strong>ι</strong></span> <span class='ocrx_word' id='word_1_228' title='bbox 2967 1434 3273 1503; x_wconf 86' lang='lat' dir='ltr'><strong>Loquimini</strong></span> <span class='ocrx_word' id='word_1_229' title='bbox 3307 1436 3373 1487; x_wconf 90' lang='lat' dir='ltr'><strong>ad</strong></span> <span class='ocrx_word' id='word_1_230' title='bbox 3405 1450 3503 1489; x_wconf 88' lang='lat' dir='ltr'><strong>cor</strong></span> 
     </span>
    </p>
   </div>
   <div class='ocr_carea' id='block_1_31' title="bbox 1921 1526 3504 1593">
    <p class='ocr_par' dir='ltr' id='par_1_31' title="bbox 1921 1526 3504 1593">
     <span class='ocr_line' id='line_1_31' title="bbox 1921 1526 3504 1593; baseline 0.001 -15"><span class='ocrx_word' id='word_1_231' title='bbox 1921 1526 2251 1589; x_wconf 76' lang='lat' dir='ltr'><strong>Jerusalem,</strong></span> <span class='ocrx_word' id='word_1_232' title='bbox 2301 1544 2319 1578; x_wconf 83' lang='grc'>›</span> <span class='ocrx_word' id='word_1_233' title='bbox 2354 1528 2434 1581; x_wconf 87' lang='lat' dir='ltr'><strong>sic</strong></span> <span class='ocrx_word' id='word_1_234' title='bbox 2462 1527 2663 1581; x_wconf 90' lang='lat' dir='ltr'><strong>dictum</strong></span> <span class='ocrx_word' id='word_1_235' title='bbox 2707 1527 2967 1593; x_wconf 76' lang='lat' dir='ltr'><strong>accipias,</strong></span> <span class='ocrx_word' id='word_1_236' title='bbox 3004 1542 3067 1579; x_wconf 86' lang='lat' dir='ltr'><strong>ac</strong></span> <span class='ocrx_word' id='word_1_237' title='bbox 3109 1526 3152 1580; x_wconf 92' lang='lat' dir='ltr'><strong>si</strong></span> <span class='ocrx_word' id='word_1_238' title='bbox 3181 1526 3383 1580; x_wconf 80' lang='lat' dir='ltr'><strong>clarius</strong></span> <span class='ocrx_word' id='word_1_239' title='bbox 3428 1526 3504 1581; x_wconf 82' lang='lat' dir='ltr'><strong>ita</strong></span> 
     </span>
    </p>
   </div>
   <div class='ocr_carea' id='block_1_32' title="bbox 1924 1614 3505 1685">
    <p class='ocr_par' dir='ltr' id='par_1_32' title="bbox 1924 1614 3505 1685">
     <span class='ocr_line' id='line_1_32' title="bbox 1924 1614 3505 1685; baseline 0.002 -18"><span class='ocrx_word' id='word_1_240' title='bbox 1924 1616 2254 1683; x_wconf 88' lang='lat' dir='ltr'><strong>loqueretur,</strong></span> <span class='ocrx_word' id='word_1_241' title='bbox 2290 1631 2309 1666; x_wconf 78' lang='grc' dir='ltr'><strong>ι</strong></span> <span class='ocrx_word' id='word_1_242' title='bbox 2352 1614 2651 1684; x_wconf 87' lang='lat' dir='ltr'><strong>Loquimini</strong></span> <span class='ocrx_word' id='word_1_243' title='bbox 2689 1614 3013 1683; x_wconf 89' lang='lat' dir='ltr'><strong>iisepopulo</strong></span> <span class='ocrx_word' id='word_1_244' title='bbox 3039 1614 3156 1676; x_wconf 88' lang='lat' dir='ltr'><strong>Dei,</strong></span> <span class='ocrx_word' id='word_1_245' title='bbox 3182 1616 3273 1685; x_wconf 94' lang='lat' dir='ltr'><strong>qui</strong></span> <span class='ocrx_word' id='word_1_246' title='bbox 3303 1615 3505 1670; x_wconf 81' lang='lat' dir='ltr'><strong>intelli-</strong></span> 
     </span>
    </p>
   </div>
   <div class='ocr_carea' id='block_1_33' title="bbox 1925 1704 3505 1777">
    <p class='ocr_par' dir='ltr' id='par_1_33' title="bbox 1925 1704 3505 1777">
     <span class='ocr_line' id='line_1_33' title="bbox 1925 1704 3505 1777; baseline 0.002 -18"><span class='ocrx_word' id='word_1_247' title='bbox 1925 1707 2105 1776; x_wconf 77' lang='lat' dir='ltr'><strong>gentia</strong></span> <span class='ocrx_word' id='word_1_248' title='bbox 2152 1715 2205 1761; x_wconf 89' lang='lat' dir='ltr'><strong>et</strong></span> <span class='ocrx_word' id='word_1_249' title='bbox 2244 1709 2450 1761; x_wconf 84' lang='lat' dir='ltr'><strong>ratione</strong></span> <span class='ocrx_word' id='word_1_250' title='bbox 2503 1705 2909 1776; x_wconf 68' lang='lat' dir='ltr'><strong>prmstantiores</strong></span> <span class='ocrx_word' id='word_1_251' title='bbox 2932 1716 3079 1761; x_wconf 89' lang='lat' dir='ltr'><strong>sunt.</strong></span> <span class='ocrx_word' id='word_1_252' title='bbox 3116 1724 3135 1758; x_wconf 76' lang='grc' dir='ltr'>ι</span> <span class='ocrx_word' id='word_1_253' title='bbox 3170 1704 3280 1762; x_wconf 89' lang='lat' dir='ltr'><strong>Hos</strong></span> <span class='ocrx_word' id='word_1_254' title='bbox 3318 1708 3505 1777; x_wconf 80' lang='lat' dir='ltr'><strong>itaque</strong></span> 
     </span>
    </p>
   </div>
   <div class='ocr_carea' id='block_1_34' title="bbox 244 1792 1816 1877">
    <p class='ocr_par' dir='ltr' id='par_1_34' title="bbox 244 1805 1816 1877">
     <span class='ocr_line' id='line_1_34' title="bbox 244 1805 1816 1877; baseline 0.001 -17"><span class='ocrx_word' id='word_1_255' title='bbox 244 1805 426 1860; x_wconf 77' lang='grc' dir='ltr'>λαλεῖν</span> <span class='ocrx_word' id='word_1_256' title='bbox 465 1807 887 1877; x_wconf 82' lang='grc' dir='ltr'>προστάττονται</span> <span class='ocrx_word' id='word_1_257' title='bbox 923 1807 972 1858; x_wconf 80' lang='grc' dir='ltr'>οἱ</span> <span class='ocrx_word' id='word_1_258' title='bbox 1019 1808 1209 1877; x_wconf 73' lang='grc' dir='ltr'>ἱερεῖς’</span> <span class='ocrx_word' id='word_1_259' title='bbox 1236 1809 1327 1861; x_wconf 76' lang='grc' dir='ltr'><strong>τὸν</strong></span> <span class='ocrx_word' id='word_1_260' title='bbox 1368 1808 1423 1862; x_wconf 86' lang='grc' dir='ltr'><strong>δέ</strong></span> <span class='ocrx_word' id='word_1_261' title='bbox 1469 1809 1654 1862; x_wconf 78' lang='grc' dir='ltr'>λοιπὸν</span> <span class='ocrx_word' id='word_1_262' title='bbox 1694 1811 1816 1863; x_wconf 82' lang='grc' dir='ltr'>λαὸν</span> 
     </span>
    </p>
   </div>
   <div class='ocr_carea' id='block_1_35' title="bbox 1921 1792 3504 1877">
    <p class='ocr_par' dir='ltr' id='par_1_35' title="bbox 1923 1798 3504 1870">
     <span class='ocr_line' id='line_1_35' title="bbox 1923 1798 3504 1870; baseline 0.002 -20"><span class='ocrx_word' id='word_1_263' title='bbox 1923 1798 2126 1868; x_wconf 86' lang='lat' dir='ltr'><strong>alloqui</strong></span> <span class='ocrx_word' id='word_1_264' title='bbox 2147 1798 2407 1868; x_wconf 88' lang='lat' dir='ltr'><strong>jubentur</strong></span> <span class='ocrx_word' id='word_1_265' title='bbox 2436 1801 2786 1863; x_wconf 86' lang='lat' dir='ltr'><strong>sacerdotes;</strong></span> <span class='ocrx_word' id='word_1_266' title='bbox 2832 1800 3105 1853; x_wconf 88' lang='lat' dir='ltr'><strong>residuum</strong></span> <span class='ocrx_word' id='word_1_267' title='bbox 3165 1814 3295 1853; x_wconf 86' lang='lat' dir='ltr'><strong>vero</strong></span> <span class='ocrx_word' id='word_1_268' title='bbox 3329 1816 3504 1870; x_wconf 84' lang='lat' dir='ltr'><strong>popu-</strong></span> 
     </span>
    </p>
   </div>
   <div class='ocr_carea' id='block_1_36' title="bbox 244 1896 1822 1973">
    <p class='ocr_par' dir='ltr' id='par_1_36' title="bbox 244 1896 1822 1973">
     <span class='ocr_line' id='line_1_36' title="bbox 244 1896 1822 1973; baseline 0.002 -23"><span class='ocrx_word' id='word_1_269' title='bbox 244 1897 608 1968; x_wconf 79' lang='grc' dir='ltr'>παρακαλεῖν,</span> <span class='ocrx_word' id='word_1_270' title='bbox 639 1896 713 1958; x_wconf 83' lang='grc' dir='ltr'>ὼς</span> <span class='ocrx_word' id='word_1_271' title='bbox 738 1896 987 1965; x_wconf 88' lang='grc' dir='ltr'>δεόμενον</span> <span class='ocrx_word' id='word_1_272' title='bbox 1024 1898 1418 1969; x_wconf 82' lang='grc' dir='ltr'>παρακλήσεως</span> <span class='ocrx_word' id='word_1_273' title='bbox 1442 1900 1534 1953; x_wconf 85' lang='grc' dir='ltr'><strong>καὶ</strong></span> <span class='ocrx_word' id='word_1_274' title='bbox 1565 1917 1822 1973; x_wconf 85' lang='grc' dir='ltr'>παραμυ-</span> 
     </span>
    </p>
   </div>
   <div class='ocr_carea' id='block_1_37' title="bbox 244 1987 389 2052">
    <p class='ocr_par' dir='ltr' id='par_1_37' title="bbox 244 1987 389 2052">
     <span class='ocr_line' id='line_1_37' title="bbox 244 1987 389 2052; baseline 0 -11"><span class='ocrx_word' id='word_1_275' title='bbox 244 1987 389 2052; x_wconf 78' lang='grc' dir='ltr'>θεας.</span> 
     </span>
    </p>
   </div>
   <div class='ocr_carea' id='block_1_38' title="bbox 325 2078 1820 2150">
    <p class='ocr_par' dir='ltr' id='par_1_38' title="bbox 325 2078 1820 2150">
     <span class='ocr_line' id='line_1_38' title="bbox 325 2078 1820 2150; baseline 0.004 -18"><span class='ocrx_word' id='word_1_276' title='bbox 325 2098 347 2132; x_wconf 75' lang='grc' dir='ltr'><strong>ι</strong></span> <span class='ocrx_word' id='word_1_277' title='bbox 399 2080 521 2131; x_wconf 79' lang='grc' dir='ltr'><strong>Ὀτι</strong></span> <span class='ocrx_word' id='word_1_278' title='bbox 577 2078 820 2149; x_wconf 76' lang='grc' dir='ltr'><strong>ἐπλήσθη</strong></span> <span class='ocrx_word' id='word_1_279' title='bbox 864 2083 897 2148; x_wconf 89' lang='grc' dir='ltr'><strong>ή</strong></span> <span class='ocrx_word' id='word_1_280' title='bbox 950 2078 1275 2143; x_wconf 81' lang='grc' dir='ltr'>ταπείνωσις</span> <span class='ocrx_word' id='word_1_281' title='bbox 1331 2080 1539 2150; x_wconf 83' lang='grc' dir='ltr'>αὐτῆς·</span> <span class='ocrx_word' id='word_1_282' title='bbox 1608 2082 1820 2138; x_wconf 77' lang='grc' dir='ltr'>λέλυται</span> 
     </span>
    </p>
   </div>
   <div class='ocr_carea' id='block_1_39' title="bbox 242 2171 1823 2243">
    <p class='ocr_par' dir='ltr' id='par_1_39' title="bbox 242 2171 1823 2243">
     <span class='ocr_line' id='line_1_39' title="bbox 242 2171 1823 2243; baseline 0.001 -19"><span class='ocrx_word' id='word_1_283' title='bbox 242 2171 417 2240; x_wconf 73' lang='grc' dir='ltr'>αὐτῆς</span> <span class='ocrx_word' id='word_1_284' title='bbox 496 2173 529 2241; x_wconf 85' lang='grc' dir='ltr'><strong>ή</strong></span> <span class='ocrx_word' id='word_1_285' title='bbox 588 2171 872 2241; x_wconf 83' lang='grc' dir='ltr'>ἁμαρτία,</span> <span class='ocrx_word' id='word_1_286' title='bbox 938 2172 1019 2224; x_wconf 77' lang='grc' dir='ltr'>ὅτι</span> <span class='ocrx_word' id='word_1_287' title='bbox 1082 2172 1301 2237; x_wconf 77' lang='grc' dir='ltr'>ἐδέξατο</span> <span class='ocrx_word' id='word_1_288' title='bbox 1350 2174 1412 2225; x_wconf 90' lang='grc' dir='ltr'><strong>ἐκ</strong></span> <span class='ocrx_word' id='word_1_289' title='bbox 1470 2171 1651 2243; x_wconf 81' lang='grc' dir='ltr'>χειρὸς</span> <span class='ocrx_word' id='word_1_290' title='bbox 1711 2176 1823 2227; x_wconf 87' lang='grc' dir='ltr'><strong>Κυ-</strong></span> 
     </span>
    </p>
   </div>
   <div class='ocr_carea' id='block_1_40' title="bbox 247 2262 1821 2335">
    <p class='ocr_par' dir='ltr' id='par_1_40' title="bbox 247 2262 1821 2335">
     <span class='ocr_line' id='line_1_40' title="bbox 247 2262 1821 2335; baseline 0.002 -22"><span class='ocrx_word' id='word_1_291' title='bbox 247 2262 366 2333; x_wconf 84' lang='grc' dir='ltr'>ρίου</span> <span class='ocrx_word' id='word_1_292' title='bbox 410 2263 573 2314; x_wconf 81' lang='grc' dir='ltr'>διπλᾶ</span> <span class='ocrx_word' id='word_1_293' title='bbox 616 2263 683 2316; x_wconf 76' lang='grc' dir='ltr'>τὰ</span> <span class='ocrx_word' id='word_1_294' title='bbox 732 2264 1103 2333; x_wconf 80' lang='grc' dir='ltr'>ἁμαρτήματα</span> <span class='ocrx_word' id='word_1_295' title='bbox 1152 2263 1340 2332; x_wconf 77' lang='grc' dir='ltr'>αὐτῆς.</span> <span class='ocrx_word' id='word_1_296' title='bbox 1387 2283 1404 2314; x_wconf 81' lang='lat' dir='ltr'><strong>t</strong></span> <span class='ocrx_word' id='word_1_297' title='bbox 1460 2266 1730 2335; x_wconf 88' lang='grc' dir='ltr'>Προσήκει</span> <span class='ocrx_word' id='word_1_298' title='bbox 1762 2263 1821 2316; x_wconf 82' lang='grc' dir='ltr'>δὲ</span> 
     </span>
    </p>
   </div>
   <div class='ocr_carea' id='block_1_41' title="bbox 241 2350 1822 2425">
    <p class='ocr_par' dir='ltr' id='par_1_41' title="bbox 241 2350 1822 2425">
     <span class='ocr_line' id='line_1_41' title="bbox 241 2350 1822 2425; baseline 0.002 -21"><span class='ocrx_word' id='word_1_299' title='bbox 241 2350 430 2404; x_wconf 77' lang='grc' dir='ltr'>λοιπὸν</span> <span class='ocrx_word' id='word_1_300' title='bbox 470 2352 863 2423; x_wconf 82' lang='grc' dir='ltr'>παρακλήσεως</span> <span class='ocrx_word' id='word_1_301' title='bbox 906 2355 998 2405; x_wconf 73' lang='grc' dir='ltr'><strong>καὶ</strong></span> <span class='ocrx_word' id='word_1_302' title='bbox 1036 2354 1384 2424; x_wconf 81' lang='grc' dir='ltr'>παραμυθίας</span> <span class='ocrx_word' id='word_1_303' title='bbox 1414 2355 1582 2425; x_wconf 77' lang='grc' dir='ltr'>αὐτὴν</span> <span class='ocrx_word' id='word_1_304' title='bbox 1620 2355 1822 2423; x_wconf 80' lang='grc' dir='ltr'>τυγχά-</span> 
     </span>
    </p>
   </div>
   <div class='ocr_carea' id='block_1_42' title="bbox 238 2442 1820 2515">
    <p class='ocr_par' dir='ltr' id='par_1_42' title="bbox 238 2442 1820 2515">
     <span class='ocr_line' id='line_1_42' title="bbox 238 2442 1820 2515; baseline 0.003 -22"><span class='ocrx_word' id='word_1_305' title='bbox 238 2458 358 2493; x_wconf 73' lang='grc' dir='ltr'>νειν</span> <span class='ocrx_word' id='word_1_306' title='bbox 378 2442 465 2494; x_wconf 82' lang='grc' dir='ltr'>διὰ</span> <span class='ocrx_word' id='word_1_307' title='bbox 496 2445 593 2513; x_wconf 82' lang='grc' dir='ltr'><strong>τὴν</strong></span> <span class='ocrx_word' id='word_1_308' title='bbox 619 2444 1000 2511; x_wconf 66' lang='grc' dir='ltr'>ἐπιλάμψασαν</span> <span class='ocrx_word' id='word_1_309' title='bbox 1029 2444 1105 2513; x_wconf 80' lang='grc' dir='ltr'>τῷ</span> <span class='ocrx_word' id='word_1_310' title='bbox 1139 2445 1236 2515; x_wconf 82' lang='grc' dir='ltr'><strong>βίῳ</strong></span> <span class='ocrx_word' id='word_1_311' title='bbox 1267 2445 1359 2497; x_wconf 88' lang='grc' dir='ltr'><strong>τοῦ</strong></span> <span class='ocrx_word' id='word_1_312' title='bbox 1388 2445 1575 2499; x_wconf 80' lang='grc' dir='ltr'>καινοῦ</span> <span class='ocrx_word' id='word_1_313' title='bbox 1606 2445 1820 2498; x_wconf 89' lang='grc' dir='ltr'>πάντων</span> 
     </span>
    </p>
   </div>
   <div class='ocr_carea' id='block_1_43' title="bbox 242 2533 1820 2605">
    <p class='ocr_par' dir='ltr' id='par_1_43' title="bbox 242 2533 1820 2605">
     <span class='ocr_line' id='line_1_43' title="bbox 242 2533 1820 2605; baseline 0.001 -19"><span class='ocrx_word' id='word_1_314' title='bbox 242 2533 550 2605; x_wconf 69' lang='grc' dir='ltr'>ἀνθρώπων</span> <span class='ocrx_word' id='word_1_315' title='bbox 606 2535 857 2604; x_wconf 75' lang='grc' dir='ltr'>Σωτῆρος</span> <span class='ocrx_word' id='word_1_316' title='bbox 889 2535 1232 2601; x_wconf 67' lang='grc' dir='ltr'>ἐπιφάνειαν.</span> <span class='ocrx_word' id='word_1_317' title='bbox 1264 2535 1466 2605; x_wconf 78' lang='grc' dir='ltr'>Διπλῆν</span> <span class='ocrx_word' id='word_1_318' title='bbox 1506 2537 1561 2589; x_wconf 77' lang='grc' dir='ltr'>δὲ</span> <span class='ocrx_word' id='word_1_319' title='bbox 1601 2537 1820 2589; x_wconf 81' lang='grc' dir='ltr'>κόλασιν</span> 
     </span>
    </p>
   </div>
   <div class='ocr_carea' id='block_1_44' title="bbox 242 2626 1819 2698">
    <p class='ocr_par' dir='ltr' id='par_1_44' title="bbox 242 2626 1819 2698">
     <span class='ocr_line' id='line_1_44' title="bbox 242 2626 1819 2698; baseline 0.001 -19"><span class='ocrx_word' id='word_1_320' title='bbox 242 2627 419 2689; x_wconf 69' lang='grc' dir='ltr'>εἴποις</span> <span class='ocrx_word' id='word_1_321' title='bbox 446 2626 511 2678; x_wconf 82' lang='grc' dir='ltr'>ἂν</span> <span class='ocrx_word' id='word_1_322' title='bbox 555 2626 939 2696; x_wconf 77' lang='grc' dir='ltr'>ἐπεληλυθέναι</span> <span class='ocrx_word' id='word_1_323' title='bbox 964 2629 1028 2696; x_wconf 83' lang='grc' dir='ltr'>τῇ</span> <span class='ocrx_word' id='word_1_324' title='bbox 1066 2627 1261 2698; x_wconf 80' lang='grc' dir='ltr'>καρδίᾳ</span> <span class='ocrx_word' id='word_1_325' title='bbox 1300 2627 1672 2698; x_wconf 79' lang='grc' dir='ltr'>Ἰερουσαλήμ’</span> <span class='ocrx_word' id='word_1_326' title='bbox 1699 2628 1819 2681; x_wconf 69' lang='grc' dir='ltr'>ἐπεὶ</span> 
     </span>
    </p>
   </div>
   <div class='ocr_carea' id='block_1_45' title="bbox 240 2720 1817 2791">
    <p class='ocr_par' dir='ltr' id='par_1_45' title="bbox 240 2720 1817 2791">
     <span class='ocr_line' id='line_1_45' title="bbox 240 2720 1817 2791; baseline 0 -18"><span class='ocrx_word' id='word_1_327' title='bbox 240 2722 337 2773; x_wconf 73' lang='grc' dir='ltr'><strong>καὶ</strong></span> <span class='ocrx_word' id='word_1_328' title='bbox 373 2720 516 2773; x_wconf 76' lang='grc' dir='ltr'>κατὰ</span> <span class='ocrx_word' id='word_1_329' title='bbox 552 2720 651 2789; x_wconf 81' lang='grc' dir='ltr'>τὴν</span> <span class='ocrx_word' id='word_1_330' title='bbox 690 2721 931 2789; x_wconf 79' lang='grc' dir='ltr'>ἱστορίαν</span> <span class='ocrx_word' id='word_1_331' title='bbox 959 2722 1334 2791; x_wconf 86' lang='grc' dir='ltr'>συναπήλαυον</span> <span class='ocrx_word' id='word_1_332' title='bbox 1364 2722 1477 2782; x_wconf 84' lang='grc' dir='ltr'>τοῖς</span> <span class='ocrx_word' id='word_1_333' title='bbox 1509 2724 1698 2783; x_wconf 85' lang='grc' dir='ltr'>κακοῖς</span> <span class='ocrx_word' id='word_1_334' title='bbox 1722 2720 1817 2773; x_wconf 88' lang='grc' dir='ltr'><strong>τοῦ</strong></span> 
     </span>
    </p>
   </div>
   <div class='ocr_carea' id='block_1_46' title="bbox 240 2809 1819 2880">
    <p class='ocr_par' dir='ltr' id='par_1_46' title="bbox 240 2809 1819 2880">
     <span class='ocr_line' id='line_1_46' title="bbox 240 2809 1819 2880; baseline 0.003 -19"><span class='ocrx_word' id='word_1_335' title='bbox 240 2810 483 2879; x_wconf 73' lang='grc' dir='ltr'>πλήθους</span> <span class='ocrx_word' id='word_1_336' title='bbox 517 2813 564 2862; x_wconf 82' lang='grc' dir='ltr'>οἱ</span> <span class='ocrx_word' id='word_1_337' title='bbox 600 2809 934 2879; x_wconf 88' lang='grc' dir='ltr'>δηλούμενοι,</span> <span class='ocrx_word' id='word_1_338' title='bbox 969 2813 1058 2864; x_wconf 79' lang='grc' dir='ltr'><strong>ὑπ’</strong></span> <span class='ocrx_word' id='word_1_339' title='bbox 1095 2811 1411 2880; x_wconf 82' lang='grc' dir='ltr'>ἀλλοφύλοις</span> <span class='ocrx_word' id='word_1_340' title='bbox 1435 2811 1608 2864; x_wconf 75' lang='grc' dir='ltr'>ἔθνεσι</span> <span class='ocrx_word' id='word_1_341' title='bbox 1634 2830 1819 2865; x_wconf 85' lang='grc' dir='ltr'>ταπει-</span> 
     </span>
    </p>
   </div>
   <div class='ocr_carea' id='block_1_47' title="bbox 240 2900 1818 2971">
    <p class='ocr_par' dir='ltr' id='par_1_47' title="bbox 240 2900 1818 2971">
     <span class='ocr_line' id='line_1_47' title="bbox 240 2900 1818 2971; baseline 0.001 -17"><span class='ocrx_word' id='word_1_342' title='bbox 240 2901 514 2971; x_wconf 82' lang='grc' dir='ltr'>νούμενοι,</span> <span class='ocrx_word' id='word_1_343' title='bbox 558 2903 651 2953; x_wconf 77' lang='grc' dir='ltr'>καὶ</span> <span class='ocrx_word' id='word_1_344' title='bbox 689 2900 829 2953; x_wconf 80' lang='grc' dir='ltr'>κατὰ</span> <span class='ocrx_word' id='word_1_345' title='bbox 867 2902 1102 2956; x_wconf 90' lang='grc' dir='ltr'>διάνοιαν</span> <span class='ocrx_word' id='word_1_346' title='bbox 1143 2902 1397 2966; x_wconf 76' lang='grc' dir='ltr'>ἐκόλαζον</span> <span class='ocrx_word' id='word_1_347' title='bbox 1437 2904 1683 2965; x_wconf 80' lang='grc' dir='ltr'>ἑαυτοὺς,</span> <span class='ocrx_word' id='word_1_348' title='bbox 1729 2904 1818 2955; x_wconf 79' lang='grc' dir='ltr'><strong>διὰ</strong></span> 
     </span>
    </p>
   </div>
   <div class='ocr_carea' id='block_1_48' title="bbox 239 2990 1817 3062">
    <p class='ocr_par' dir='ltr' id='par_1_48' title="bbox 239 2990 1817 3062">
     <span class='ocr_line' id='line_1_48' title="bbox 239 2990 1817 3062; baseline 0.003 -20"><span class='ocrx_word' id='word_1_349' title='bbox 239 2992 341 3061; x_wconf 75' lang='grc' dir='ltr'>τὴν</span> <span class='ocrx_word' id='word_1_350' title='bbox 361 2990 455 3043; x_wconf 89' lang='grc' dir='ltr'><strong>τοῦ</strong></span> <span class='ocrx_word' id='word_1_351' title='bbox 498 2991 734 3061; x_wconf 84' lang='grc' dir='ltr'>πλήθους</span> <span class='ocrx_word' id='word_1_352' title='bbox 764 2992 1028 3062; x_wconf 80' lang='grc' dir='ltr'>ἀναϐολὴν</span> <span class='ocrx_word' id='word_1_353' title='bbox 1056 2992 1375 3055; x_wconf 81' lang='grc' dir='ltr'>πενθοῦντες</span> <span class='ocrx_word' id='word_1_354' title='bbox 1402 2995 1496 3045; x_wconf 72' lang='grc' dir='ltr'><strong>καὶ</strong></span> <span class='ocrx_word' id='word_1_355' title='bbox 1528 2994 1817 3047; x_wconf 76' lang='grc' dir='ltr'>ἀποκλαιο-</span> 
     </span>
    </p>
   </div>
   <div class='ocr_carea' id='block_1_49' title="bbox 1924 1888 3503 1962">
    <p class='ocr_par' dir='ltr' id='par_1_49' title="bbox 1924 1888 3503 1962">
     <span class='ocr_line' id='line_1_49' title="bbox 1924 1888 3503 1962; baseline 0.004 -21"><span class='ocrx_word' id='word_1_356' title='bbox 1924 1888 2033 1943; x_wconf 93' lang='lat' dir='ltr'><strong>lum</strong></span> <span class='ocrx_word' id='word_1_357' title='bbox 2066 1891 2332 1947; x_wconf 89' lang='lat' dir='ltr'><strong>consolari</strong></span> <span class='ocrx_word' id='word_1_358' title='bbox 2367 1893 2771 1962; x_wconf 61' lang='lat' dir='ltr'><strong>praecipiuntur,</strong></span> <span class='ocrx_word' id='word_1_359' title='bbox 2798 1900 2983 1960; x_wconf 88' lang='lat' dir='ltr'><strong>utpote</strong></span> <span class='ocrx_word' id='word_1_360' title='bbox 3009 1891 3101 1961; x_wconf 90' lang='lat' dir='ltr'><strong>qui</strong></span> <span class='ocrx_word' id='word_1_361' title='bbox 3126 1891 3503 1947; x_wconf 69' lang='lat' dir='ltr'><strong>consolatione</strong></span> 
     </span>
    </p>
   </div>
   <div class='ocr_carea' id='block_1_50' title="bbox 1922 1980 2313 2047">
    <p class='ocr_par' dir='ltr' id='par_1_50' title="bbox 1922 1980 2313 2047">
     <span class='ocr_line' id='line_1_50' title="bbox 1922 1980 2313 2047; baseline 0.008 -15"><span class='ocrx_word' id='word_1_362' title='bbox 1922 1994 2056 2047; x_wconf 93' lang='lat' dir='ltr'><strong>opus</strong></span> <span class='ocrx_word' id='word_1_363' title='bbox 2095 1980 2313 2035; x_wconf 86' lang='lat' dir='ltr'><strong>habeat.</strong></span> 
     </span>
    </p>
   </div>
   <div class='ocr_carea' id='block_1_51' title="bbox 2000 2073 3502 2143">
    <p class='ocr_par' dir='ltr' id='par_1_51' title="bbox 2000 2073 3502 2143">
     <span class='ocr_line' id='line_1_51' title="bbox 2000 2073 3502 2143; baseline 0.002 -18"><span class='ocrx_word' id='word_1_364' title='bbox 2000 2094 2017 2126; x_wconf 77' lang='grc' dir='ltr'><strong>ι</strong></span> <span class='ocrx_word' id='word_1_365' title='bbox 2050 2074 2187 2140; x_wconf 85' lang='lat' dir='ltr'><strong>Quia</strong></span> <span class='ocrx_word' id='word_1_366' title='bbox 2218 2074 2417 2142; x_wconf 87' lang='lat' dir='ltr'><strong>repleta</strong></span> <span class='ocrx_word' id='word_1_367' title='bbox 2454 2083 2537 2129; x_wconf 87' lang='lat' dir='ltr'><strong>est</strong></span> <span class='ocrx_word' id='word_1_368' title='bbox 2589 2075 2893 2129; x_wconf 90' lang='lat' dir='ltr'><strong>humiliatio</strong></span> <span class='ocrx_word' id='word_1_369' title='bbox 2942 2073 3059 2143; x_wconf 84' lang='lat' dir='ltr'><strong>ejus</strong></span> <span class='ocrx_word' id='word_1_370' title='bbox 3092 2088 3107 2126; x_wconf 89' lang='lat'><strong>:</strong></span> <span class='ocrx_word' id='word_1_371' title='bbox 3141 2073 3374 2128; x_wconf 91' lang='lat' dir='ltr'><strong>solutum</strong></span> <span class='ocrx_word' id='word_1_372' title='bbox 3416 2083 3502 2128; x_wconf 82' lang='lat' dir='ltr'><strong>est</strong></span> 
     </span>
    </p>
   </div>
   <div class='ocr_carea' id='block_1_52' title="bbox 1924 2164 3500 2237">
    <p class='ocr_par' dir='ltr' id='par_1_52' title="bbox 1924 2164 3500 2237">
     <span class='ocr_line' id='line_1_52' title="bbox 1924 2164 3500 2237; baseline -0.002 -16"><span class='ocrx_word' id='word_1_373' title='bbox 1924 2177 2205 2237; x_wconf 86' lang='lat' dir='ltr'><strong>peccatum</strong></span> <span class='ocrx_word' id='word_1_374' title='bbox 2229 2166 2394 2228; x_wconf 89' lang='lat' dir='ltr'><strong>illius,</strong></span> <span class='ocrx_word' id='word_1_375' title='bbox 2426 2167 2681 2233; x_wconf 90' lang='lat' dir='ltr'><strong>quoniam</strong></span> <span class='ocrx_word' id='word_1_376' title='bbox 2705 2166 2943 2236; x_wconf 85' lang='lat' dir='ltr'><strong>suscepit</strong></span> <span class='ocrx_word' id='word_1_377' title='bbox 2985 2167 3051 2219; x_wconf 86' lang='lat' dir='ltr'><strong>de</strong></span> <span class='ocrx_word' id='word_1_378' title='bbox 3088 2181 3247 2219; x_wconf 86' lang='lat' dir='ltr'><strong>manu</strong></span> <span class='ocrx_word' id='word_1_379' title='bbox 3287 2164 3500 2218; x_wconf 83' lang='lat' dir='ltr'><strong>Domini</strong></span> 
     </span>
    </p>
   </div>
   <div class='ocr_carea' id='block_1_53' title="bbox 1922 2256 3501 2327">
    <p class='ocr_par' dir='ltr' id='par_1_53' title="bbox 1922 2256 3501 2327">
     <span class='ocr_line' id='line_1_53' title="bbox 1922 2256 3501 2327; baseline -0.003 -14"><span class='ocrx_word' id='word_1_380' title='bbox 1922 2258 2152 2327; x_wconf 80' lang='lat' dir='ltr'><strong>duplicia</strong></span> <span class='ocrx_word' id='word_1_381' title='bbox 2182 2268 2403 2325; x_wconf 82' lang='lat' dir='ltr'><strong>peccata</strong></span> <span class='ocrx_word' id='word_1_382' title='bbox 2429 2274 2545 2311; x_wconf 88' lang='lat' dir='ltr'><strong>sua.</strong></span> <span class='ocrx_word' id='word_1_383' title='bbox 2581 2276 2601 2309; x_wconf 77' lang='grc' dir='ltr'>ι</span> <span class='ocrx_word' id='word_1_384' title='bbox 2649 2257 2754 2311; x_wconf 89' lang='lat' dir='ltr'><strong>Par</strong></span> <span class='ocrx_word' id='word_1_385' title='bbox 2789 2268 2871 2313; x_wconf 90' lang='lat' dir='ltr'><strong>est</strong></span> <span class='ocrx_word' id='word_1_386' title='bbox 2909 2267 2968 2312; x_wconf 92' lang='lat' dir='ltr'><strong>ut</strong></span> <span class='ocrx_word' id='word_1_387' title='bbox 3000 2258 3217 2312; x_wconf 90' lang='lat' dir='ltr'><strong>demum</strong></span> <span class='ocrx_word' id='word_1_388' title='bbox 3248 2256 3501 2312; x_wconf 83' lang='lat' dir='ltr'><strong>consola-</strong></span> 
     </span>
    </p>
   </div>
   <div class='ocr_carea' id='block_1_54' title="bbox 1926 2347 3500 2416">
    <p class='ocr_par' dir='ltr' id='par_1_54' title="bbox 1926 2347 3500 2416">
     <span class='ocr_line' id='line_1_54' title="bbox 1926 2347 3500 2416; baseline -0.001 -13"><span class='ocrx_word' id='word_1_389' title='bbox 1926 2350 2121 2405; x_wconf 89' lang='lat' dir='ltr'><strong>tionem</strong></span> <span class='ocrx_word' id='word_1_390' title='bbox 2152 2350 2413 2411; x_wconf 86' lang='lat' dir='ltr'><strong>ohtineat,</strong></span> <span class='ocrx_word' id='word_1_391' title='bbox 2445 2348 2514 2402; x_wconf 86' lang='lat' dir='ltr'><strong>ob</strong></span> <span class='ocrx_word' id='word_1_392' title='bbox 2548 2347 2950 2403; x_wconf 88' lang='lat' dir='ltr'><strong>illucescentem</strong></span> <span class='ocrx_word' id='word_1_393' title='bbox 2998 2349 3094 2403; x_wconf 84' lang='lat' dir='ltr'><strong>teli</strong></span> <span class='ocrx_word' id='word_1_394' title='bbox 3138 2348 3372 2402; x_wconf 77' lang='lat' dir='ltr'><strong>humano</strong></span> <span class='ocrx_word' id='word_1_395' title='bbox 3404 2362 3500 2416; x_wconf 85' lang='lat' dir='ltr'><strong>ge-</strong></span> 
     </span>
    </p>
   </div>
   <div class='ocr_carea' id='block_1_55' title="bbox 1924 2436 3499 2505">
    <p class='ocr_par' dir='ltr' id='par_1_55' title="bbox 1924 2436 3499 2505">
     <span class='ocr_line' id='line_1_55' title="bbox 1924 2436 3499 2505; baseline 0 -15"><span class='ocrx_word' id='word_1_396' title='bbox 1924 2440 2036 2492; x_wconf 89' lang='lat' dir='ltr'><strong>neri</strong></span> <span class='ocrx_word' id='word_1_397' title='bbox 2069 2440 2188 2492; x_wconf 92' lang='lat' dir='ltr'><strong>novi</strong></span> <span class='ocrx_word' id='word_1_398' title='bbox 2216 2437 2512 2493; x_wconf 87' lang='lat' dir='ltr'><strong>Salvatoris</strong></span> <span class='ocrx_word' id='word_1_399' title='bbox 2545 2439 2854 2491; x_wconf 84' lang='lat' dir='ltr'><strong>adventum.</strong></span> <span class='ocrx_word' id='word_1_400' title='bbox 2895 2437 3096 2505; x_wconf 74' lang='lat' dir='ltr'><strong>Duplex</strong></span> <span class='ocrx_word' id='word_1_401' title='bbox 3128 2451 3259 2490; x_wconf 88' lang='lat' dir='ltr'><strong>vero</strong></span> <span class='ocrx_word' id='word_1_402' title='bbox 3291 2436 3499 2504; x_wconf 85' lang='lat' dir='ltr'><strong>suppli-</strong></span> 
     </span>
    </p>
   </div>
   <div class='ocr_carea' id='block_1_56' title="bbox 1921 2526 3499 2596">
    <p class='ocr_par' dir='ltr' id='par_1_56' title="bbox 1921 2526 3499 2596">
     <span class='ocr_line' id='line_1_56' title="bbox 1921 2526 3499 2596; baseline -0.001 -13"><span class='ocrx_word' id='word_1_403' title='bbox 1921 2530 2063 2583; x_wconf 91' lang='lat' dir='ltr'><strong>cium</strong></span> <span class='ocrx_word' id='word_1_404' title='bbox 2092 2531 2240 2583; x_wconf 90' lang='lat' dir='ltr'><strong>cordi</strong></span> <span class='ocrx_word' id='word_1_405' title='bbox 2266 2528 2565 2583; x_wconf 77' lang='lat' dir='ltr'><strong>Jerusalem</strong></span> <span class='ocrx_word' id='word_1_406' title='bbox 2600 2526 2859 2580; x_wconf 85' lang='lat' dir='ltr'><strong>inllictum</strong></span> <span class='ocrx_word' id='word_1_407' title='bbox 2886 2527 3036 2581; x_wconf 85' lang='lat' dir='ltr'><strong>dicas</strong></span> <span class='ocrx_word' id='word_1_408' title='bbox 3072 2547 3085 2581; x_wconf 91' lang='lat'><strong>:</strong></span> <span class='ocrx_word' id='word_1_409' title='bbox 3124 2536 3233 2579; x_wconf 92' lang='lat' dir='ltr'><strong>tum</strong></span> <span class='ocrx_word' id='word_1_410' title='bbox 3263 2527 3389 2596; x_wconf 86' lang='lat' dir='ltr'><strong>quia</strong></span> <span class='ocrx_word' id='word_1_411' title='bbox 3412 2540 3499 2582; x_wconf 80' lang='lat' dir='ltr'><strong>se-</strong></span> 
     </span>
    </p>
   </div>
   <div class='ocr_carea' id='block_1_57' title="bbox 1920 2616 3499 2687">
    <p class='ocr_par' dir='ltr' id='par_1_57' title="bbox 1920 2616 3499 2687">
     <span class='ocr_line' id='line_1_57' title="bbox 1920 2616 3499 2687; baseline -0.001 -12"><span class='ocrx_word' id='word_1_412' title='bbox 1920 2621 2155 2675; x_wconf 90' lang='lat' dir='ltr'><strong>cundum</strong></span> <span class='ocrx_word' id='word_1_413' title='bbox 2183 2620 2465 2673; x_wconf 86' lang='lat' dir='ltr'><strong>historiam</strong></span> <span class='ocrx_word' id='word_1_414' title='bbox 2494 2619 2774 2673; x_wconf 79' lang='lat' dir='ltr'><strong>memorati</strong></span> <span class='ocrx_word' id='word_1_415' title='bbox 2804 2619 3051 2673; x_wconf 82' lang='lat' dir='ltr'><strong>homines</strong></span> <span class='ocrx_word' id='word_1_416' title='bbox 3078 2620 3144 2673; x_wconf 88' lang='lat' dir='ltr'><strong>ab</strong></span> <span class='ocrx_word' id='word_1_417' title='bbox 3179 2616 3499 2687; x_wconf 74' lang='lat' dir='ltr'><strong>alienigenis</strong></span> 
     </span>
    </p>
   </div>
   <div class='ocr_carea' id='block_1_58' title="bbox 1921 2710 3498 2782">
    <p class='ocr_par' dir='ltr' id='par_1_58' title="bbox 1921 2710 3498 2782">
     <span class='ocr_line' id='line_1_58' title="bbox 1921 2710 3498 2782; baseline 0 -17"><span class='ocrx_word' id='word_1_418' title='bbox 1921 2713 2173 2782; x_wconf 77' lang='lat' dir='ltr'><strong>gentibus</strong></span> <span class='ocrx_word' id='word_1_419' title='bbox 2194 2712 2460 2782; x_wconf 87' lang='lat' dir='ltr'><strong>oppressi,</strong></span> <span class='ocrx_word' id='word_1_420' title='bbox 2496 2713 2547 2765; x_wconf 93' lang='lat' dir='ltr'><strong>in</strong></span> <span class='ocrx_word' id='word_1_421' title='bbox 2585 2722 2793 2781; x_wconf 89' lang='lat' dir='ltr'><strong>partem</strong></span> <span class='ocrx_word' id='word_1_422' title='bbox 2830 2710 3158 2765; x_wconf 84' lang='lat' dir='ltr'><strong>calamitatis</strong></span> <span class='ocrx_word' id='word_1_423' title='bbox 3188 2711 3367 2779; x_wconf 77' lang='lat' dir='ltr'><strong>papuli</strong></span> <span class='ocrx_word' id='word_1_424' title='bbox 3408 2724 3498 2765; x_wconf 82' lang='lat' dir='ltr'><strong>ve-</strong></span> 
     </span>
    </p>
   </div>
   <div class='ocr_carea' id='block_1_59' title="bbox 1922 2804 3496 2874">
    <p class='ocr_par' dir='ltr' id='par_1_59' title="bbox 1922 2804 3496 2874">
     <span class='ocr_line' id='line_1_59' title="bbox 1922 2804 3496 2874; baseline 0.001 -17"><span class='ocrx_word' id='word_1_425' title='bbox 1922 2807 2177 2869; x_wconf 86' lang='lat' dir='ltr'><strong>niebant;</strong></span> <span class='ocrx_word' id='word_1_426' title='bbox 2230 2814 2341 2858; x_wconf 91' lang='lat' dir='ltr'><strong>tum</strong></span> <span class='ocrx_word' id='word_1_427' title='bbox 2374 2809 2497 2874; x_wconf 89' lang='lat' dir='ltr'><strong>quia</strong></span> <span class='ocrx_word' id='word_1_428' title='bbox 2536 2806 2833 2860; x_wconf 88' lang='lat' dir='ltr'><strong>secundum</strong></span> <span class='ocrx_word' id='word_1_429' title='bbox 2885 2814 3119 2858; x_wconf 88' lang='lat' dir='ltr'><strong>mentent</strong></span> <span class='ocrx_word' id='word_1_430' title='bbox 3153 2805 3217 2858; x_wconf 91' lang='lat' dir='ltr'><strong>de</strong></span> <span class='ocrx_word' id='word_1_431' title='bbox 3250 2804 3496 2860; x_wconf 80' lang='lat' dir='ltr'><strong>multitu-</strong></span> 
     </span>
    </p>
   </div>
   <div class='ocr_carea' id='block_1_60' title="bbox 1920 2896 3497 2967">
    <p class='ocr_par' dir='ltr' id='par_1_60' title="bbox 1920 2896 3497 2967">
     <span class='ocr_line' id='line_1_60' title="bbox 1920 2896 3497 2967; baseline -0.001 -16"><span class='ocrx_word' id='word_1_432' title='bbox 1920 2898 2061 2951; x_wconf 89' lang='lat' dir='ltr'><strong>dinis</strong></span> <span class='ocrx_word' id='word_1_433' title='bbox 2093 2899 2394 2967; x_wconf 76' lang='lat' dir='ltr'><strong>abjectione</strong></span> <span class='ocrx_word' id='word_1_434' title='bbox 2439 2898 2630 2951; x_wconf 84' lang='lat' dir='ltr'><strong>ﬂentes</strong></span> <span class='ocrx_word' id='word_1_435' title='bbox 2680 2912 2743 2951; x_wconf 87' lang='lat' dir='ltr'><strong>ac</strong></span> <span class='ocrx_word' id='word_1_436' title='bbox 2776 2896 3064 2951; x_wconf 85' lang='lat' dir='ltr'><strong>multorum</strong></span> <span class='ocrx_word' id='word_1_437' title='bbox 3121 2897 3412 2965; x_wconf 82' lang='lat' dir='ltr'><strong>perniciem</strong></span> <span class='ocrx_word' id='word_1_438' title='bbox 3441 2906 3497 2950; x_wconf 91' lang='lat' dir='ltr'><strong>et</strong></span> 
     </span>
    </p>
   </div>
   <div class='ocr_carea' id='block_1_61' title="bbox 1918 2989 3496 3059">
    <p class='ocr_par' dir='ltr' id='par_1_61' title="bbox 1918 2989 3496 3059">
     <span class='ocr_line' id='line_1_61' title="bbox 1918 2989 3496 3059; baseline -0.001 -16"><span class='ocrx_word' id='word_1_439' title='bbox 1918 2990 2141 3043; x_wconf 79' lang='lat' dir='ltr'><strong>exitium</strong></span> <span class='ocrx_word' id='word_1_440' title='bbox 2182 2991 2443 3059; x_wconf 82' lang='lat' dir='ltr'><strong>lugentes,</strong></span> <span class='ocrx_word' id='word_1_441' title='bbox 2484 3005 2605 3043; x_wconf 91' lang='lat' dir='ltr'><strong>sese</strong></span> <span class='ocrx_word' id='word_1_442' title='bbox 2631 2989 3021 3043; x_wconf 85' lang='lat' dir='ltr'><strong>macerabant:</strong></span> <span class='ocrx_word' id='word_1_443' title='bbox 3056 2989 3183 3056; x_wconf 91' lang='lat' dir='ltr'><strong>quin</strong></span> <span class='ocrx_word' id='word_1_444' title='bbox 3219 2989 3379 3041; x_wconf 86' lang='lat' dir='ltr'><strong>etiam</strong></span> <span class='ocrx_word' id='word_1_445' title='bbox 3412 3004 3496 3042; x_wconf 83' lang='lat' dir='ltr'><strong>se-</strong></span> 
     </span>
    </p>
   </div>
   <div class='ocr_carea' id='block_1_62' title="bbox 245 3082 1816 3175">
    <p class='ocr_par' dir='ltr' id='par_1_62' title="bbox 245 3084 1811 3156">
     <span class='ocr_line' id='line_1_62' title="bbox 245 3084 1811 3156; baseline 0.001 -19"><span class='ocrx_word' id='word_1_446' title='bbox 245 3101 397 3153; x_wconf 81' lang='grc' dir='ltr'>μενοι</span> <span class='ocrx_word' id='word_1_447' title='bbox 434 3084 535 3155; x_wconf 76' lang='grc' dir='ltr'><strong>τὴν</strong></span> <span class='ocrx_word' id='word_1_448' title='bbox 586 3084 789 3137; x_wconf 82' lang='grc' dir='ltr'>πτῶσιν</span> <span class='ocrx_word' id='word_1_449' title='bbox 846 3088 939 3137; x_wconf 78' lang='grc' dir='ltr'><strong>καὶ</strong></span> <span class='ocrx_word' id='word_1_450' title='bbox 962 3086 1062 3156; x_wconf 82' lang='grc' dir='ltr'>τὴν</span> <span class='ocrx_word' id='word_1_451' title='bbox 1114 3085 1391 3139; x_wconf 82' lang='grc' dir='ltr'>ἀπώλειαν</span> <span class='ocrx_word' id='word_1_452' title='bbox 1422 3086 1529 3139; x_wconf 81' lang='grc' dir='ltr'><strong>τῶν</strong></span> <span class='ocrx_word' id='word_1_453' title='bbox 1575 3086 1811 3139; x_wconf 56' lang='grc' dir='ltr'>πολλῶν</span> 
     </span>
    </p>
   </div>
   <div class='ocr_carea' id='block_1_63' title="bbox 1921 3082 3497 3175">
    <p class='ocr_par' dir='ltr' id='par_1_63' title="bbox 1921 3082 3497 3153">
     <span class='ocr_line' id='line_1_63' title="bbox 1921 3082 3497 3153; baseline 0.001 -18"><span class='ocrx_word' id='word_1_454' title='bbox 1921 3083 2093 3137; x_wconf 84' lang='lat' dir='ltr'><strong>eundo</strong></span> <span class='ocrx_word' id='word_1_455' title='bbox 2126 3084 2348 3138; x_wconf 87' lang='lat' dir='ltr'><strong>obsessa</strong></span> <span class='ocrx_word' id='word_1_456' title='bbox 2377 3082 2738 3153; x_wconf 82' lang='lat' dir='ltr'><strong>Jerosolyma,</strong></span> <span class='ocrx_word' id='word_1_457' title='bbox 2772 3082 2843 3136; x_wconf 88' lang='lat' dir='ltr'><strong>ita</strong></span> <span class='ocrx_word' id='word_1_458' title='bbox 2872 3091 2929 3134; x_wconf 93' lang='lat' dir='ltr'><strong>ut</strong></span> <span class='ocrx_word' id='word_1_459' title='bbox 2955 3083 3212 3150; x_wconf 89' lang='lat' dir='ltr'><strong>templum</strong></span> <span class='ocrx_word' id='word_1_460' title='bbox 3240 3085 3357 3150; x_wconf 89' lang='lat' dir='ltr'><strong>ejus</strong></span> <span class='ocrx_word' id='word_1_461' title='bbox 3382 3082 3497 3137; x_wconf 87' lang='lat' dir='ltr'><strong>solo</strong></span> 
     </span>
    </p>
   </div>
   <div class='ocr_carea' id='block_1_64' title="bbox 241 3173 1815 3247">
    <p class='ocr_par' dir='ltr' id='par_1_64' title="bbox 241 3173 1815 3247">
     <span class='ocr_line' id='line_1_64' title="bbox 241 3173 1815 3247; baseline 0.003 -22"><span class='ocrx_word' id='word_1_462' title='bbox 241 3173 377 3226; x_wconf 76' lang='grc' dir='ltr'>ἀλλὰ</span> <span class='ocrx_word' id='word_1_463' title='bbox 407 3173 658 3242; x_wconf 86' lang='grc' dir='ltr'>δεύτερον</span> <span class='ocrx_word' id='word_1_464' title='bbox 694 3174 1112 3245; x_wconf 83' lang='grc' dir='ltr'>πολιορκηθεῖσα</span> <span class='ocrx_word' id='word_1_465' title='bbox 1147 3178 1179 3244; x_wconf 92' lang='grc' dir='ltr'><strong>ή</strong></span> <span class='ocrx_word' id='word_1_466' title='bbox 1217 3175 1592 3247; x_wconf 79' lang='grc' dir='ltr'>Ἰερουσαλὴμ,</span> <span class='ocrx_word' id='word_1_467' title='bbox 1627 3177 1704 3240; x_wconf 85' lang='grc' dir='ltr'>ὠς</span> <span class='ocrx_word' id='word_1_468' title='bbox 1737 3180 1815 3240; x_wconf 88' lang='grc' dir='ltr'>εἰς</span> 
     </span>
    </p>
   </div>
   <div class='ocr_carea' id='block_1_65' title="bbox 242 3261 1818 3332">
    <p class='ocr_par' dir='ltr' id='par_1_65' title="bbox 242 3261 1818 3332">
     <span class='ocr_line' id='line_1_65' title="bbox 242 3261 1818 3332; baseline -0.001 -17"><span class='ocrx_word' id='word_1_469' title='bbox 242 3263 434 3329; x_wconf 62' lang='lat'><strong>£61330;</strong></span> <span class='ocrx_word' id='word_1_470' title='bbox 468 3261 855 3331; x_wconf 83' lang='grc' dir='ltr'>κατενεχθῆναι</span> <span class='ocrx_word' id='word_1_471' title='bbox 888 3262 978 3315; x_wconf 80' lang='grc' dir='ltr'><strong>τὸν</strong></span> <span class='ocrx_word' id='word_1_472' title='bbox 1007 3265 1063 3314; x_wconf 86' lang='grc' dir='ltr'><strong>ἐν</strong></span> <span class='ocrx_word' id='word_1_473' title='bbox 1092 3263 1226 3332; x_wconf 76' lang='grc' dir='ltr'>αὐτῇ</span> <span class='ocrx_word' id='word_1_474' title='bbox 1252 3261 1407 3323; x_wconf 87' lang='grc' dir='ltr'>νεὼν,</span> <span class='ocrx_word' id='word_1_475' title='bbox 1438 3262 1631 3330; x_wconf 75' lang='grc' dir='ltr'>διπλῆν</span> <span class='ocrx_word' id='word_1_476' title='bbox 1656 3280 1818 3331; x_wconf 84' lang='grc' dir='ltr'>τιμω-</span> 
     </span>
    </p>
   </div>
   <div class='ocr_carea' id='block_1_66' title="bbox 247 3353 1818 3425">
    <p class='ocr_par' dir='ltr' id='par_1_66' title="bbox 247 3353 1818 3425">
     <span class='ocr_line' id='line_1_66' title="bbox 247 3353 1818 3425; baseline 0.001 -21"><span class='ocrx_word' id='word_1_477' title='bbox 247 3353 366 3425; x_wconf 86' lang='grc' dir='ltr'>ρίαν</span> <span class='ocrx_word' id='word_1_478' title='bbox 424 3353 535 3405; x_wconf 87' lang='grc' dir='ltr'><strong>τῶν</strong></span> <span class='ocrx_word' id='word_1_479' title='bbox 578 3356 635 3406; x_wconf 88' lang='grc' dir='ltr'><strong>ἐν</strong></span> <span class='ocrx_word' id='word_1_480' title='bbox 678 3354 814 3424; x_wconf 73' lang='grc' dir='ltr'>αὐτῇ</span> <span class='ocrx_word' id='word_1_481' title='bbox 855 3353 1269 3424; x_wconf 82' lang='grc' dir='ltr'>τετολμημένων</span> <span class='ocrx_word' id='word_1_482' title='bbox 1317 3354 1677 3425; x_wconf 83' lang='grc' dir='ltr'>ἀσεϐημάτων</span> <span class='ocrx_word' id='word_1_483' title='bbox 1719 3356 1818 3406; x_wconf 82' lang='grc' dir='ltr'>ὑπ-</span> 
     </span>
    </p>
   </div>
   <div class='ocr_carea' id='block_1_67' title="bbox 242 3444 443 3511">
    <p class='ocr_par' dir='ltr' id='par_1_67' title="bbox 242 3444 443 3511">
     <span class='ocr_line' id='line_1_67' title="bbox 242 3444 443 3511; baseline 0.01 -15"><span class='ocrx_word' id='word_1_484' title='bbox 242 3444 443 3511; x_wconf 67' lang='grc' dir='ltr'>ἔμεινε.</span> 
     </span>
    </p>
   </div>
   <div class='ocr_carea' id='block_1_68' title="bbox 318 3534 1815 3606">
    <p class='ocr_par' dir='ltr' id='par_1_68' title="bbox 318 3534 1815 3606">
     <span class='ocr_line' id='line_1_68' title="bbox 318 3534 1815 3606; baseline 0.001 -20"><span class='ocrx_word' id='word_1_485' title='bbox 318 3556 335 3586; x_wconf 80' lang='grc' dir='ltr'><strong>ι</strong></span> <span class='ocrx_word' id='word_1_486' title='bbox 369 3535 522 3606; x_wconf 79' lang='grc' dir='ltr'>Φωνὴ</span> <span class='ocrx_word' id='word_1_487' title='bbox 564 3534 794 3605; x_wconf 74' lang='grc' dir='ltr'>βοῶντος</span> <span class='ocrx_word' id='word_1_488' title='bbox 853 3538 909 3588; x_wconf 84' lang='grc' dir='ltr'><strong>ἐν</strong></span> <span class='ocrx_word' id='word_1_489' title='bbox 950 3538 1015 3606; x_wconf 78' lang='grc' dir='ltr'>τῇ</span> <span class='ocrx_word' id='word_1_490' title='bbox 1054 3536 1278 3606; x_wconf 81' lang='grc' dir='ltr'>ἐρήμῳ’</span> <span class='ocrx_word' id='word_1_491' title='bbox 1322 3536 1675 3606; x_wconf 79' lang='grc' dir='ltr'>Ἑτοιμάσατε</span> <span class='ocrx_word' id='word_1_492' title='bbox 1719 3535 1815 3606; x_wconf 79' lang='grc' dir='ltr'><strong>τὴν</strong></span> 
     </span>
    </p>
   </div>
   <div class='ocr_carea' id='block_1_69' title="bbox 237 3629 1811 3700">
    <p class='ocr_par' dir='ltr' id='par_1_69' title="bbox 237 3629 1811 3700">
     <span class='ocr_line' id='line_1_69' title="bbox 237 3629 1811 3700; baseline -0.001 -18"><span class='ocrx_word' id='word_1_493' title='bbox 237 3629 356 3683; x_wconf 70' lang='lat' dir='ltr'>666v</span> <span class='ocrx_word' id='word_1_494' title='bbox 398 3630 626 3700; x_wconf 85' lang='grc' dir='ltr'>Κυρίου,</span> <span class='ocrx_word' id='word_1_495' title='bbox 671 3629 885 3691; x_wconf 70' lang='grc' dir='ltr'>εὐθείας</span> <span class='ocrx_word' id='word_1_496' title='bbox 921 3632 1122 3681; x_wconf 85' lang='grc' dir='ltr'>ποιεῖτε</span> <span class='ocrx_word' id='word_1_497' title='bbox 1159 3630 1257 3690; x_wconf 73' lang='grc' dir='ltr'><strong>τὰς</strong></span> <span class='ocrx_word' id='word_1_498' title='bbox 1284 3630 1502 3699; x_wconf 88' lang='grc' dir='ltr'>τρίϐους</span> <span class='ocrx_word' id='word_1_499' title='bbox 1550 3631 1642 3682; x_wconf 85' lang='grc' dir='ltr'><strong>τοῦ</strong></span> <span class='ocrx_word' id='word_1_500' title='bbox 1679 3630 1811 3681; x_wconf 87' lang='grc' dir='ltr'>Θεοῦ</span> 
     </span>
    </p>
   </div>
   <div class='ocr_carea' id='block_1_70' title="bbox 238 3722 1815 3793">
    <p class='ocr_par' dir='ltr' id='par_1_70' title="bbox 238 3722 1815 3793">
     <span class='ocr_line' id='line_1_70' title="bbox 238 3722 1815 3793; baseline 0 -20"><span class='ocrx_word' id='word_1_501' title='bbox 238 3722 421 3791; x_wconf 75' lang='grc' dir='ltr'>ἡμῶν.</span> <span class='ocrx_word' id='word_1_502' title='bbox 449 3742 467 3771; x_wconf 76' lang='lat' dir='ltr'><strong>t</strong></span> <span class='ocrx_word' id='word_1_503' title='bbox 492 3722 683 3789; x_wconf 72' lang='grc' dir='ltr'>Σαφῶς</span> <span class='ocrx_word' id='word_1_504' title='bbox 713 3723 1009 3792; x_wconf 81' lang='grc' dir='ltr'>παρίστησι</span> <span class='ocrx_word' id='word_1_505' title='bbox 1046 3723 1120 3793; x_wconf 81' lang='grc' dir='ltr'>μὴ</span> <span class='ocrx_word' id='word_1_506' title='bbox 1164 3722 1219 3773; x_wconf 85' lang='grc' dir='ltr'><strong>ἐν</strong></span> <span class='ocrx_word' id='word_1_507' title='bbox 1257 3723 1691 3793; x_wconf 77' lang='grc' dir='ltr'>τῇῚερουσαλὴμ</span> <span class='ocrx_word' id='word_1_508' title='bbox 1726 3740 1815 3789; x_wconf 89' lang='grc' dir='ltr'>γε-</span> 
     </span>
    </p>
   </div>
   <div class='ocr_carea' id='block_1_71' title="bbox 238 3814 1816 3885">
    <p class='ocr_par' dir='ltr' id='par_1_71' title="bbox 238 3814 1816 3885">
     <span class='ocr_line' id='line_1_71' title="bbox 238 3814 1816 3885; baseline 0 -18"><span class='ocrx_word' id='word_1_509' title='bbox 238 3814 498 3883; x_wconf 82' lang='grc' dir='ltr'>γενῆσθαι</span> <span class='ocrx_word' id='word_1_510' title='bbox 522 3816 587 3868; x_wconf 79' lang='grc' dir='ltr'>τὰ</span> <span class='ocrx_word' id='word_1_511' title='bbox 612 3816 993 3885; x_wconf 78' lang='grc' dir='ltr'>θεσπιζόμενα,</span> <span class='ocrx_word' id='word_1_512' title='bbox 1024 3814 1136 3867; x_wconf 80' lang='grc' dir='ltr'>ἀλλ’</span> <span class='ocrx_word' id='word_1_513' title='bbox 1160 3815 1251 3866; x_wconf 71' lang='grc' dir='ltr'><strong>ἐπὶ</strong></span> <span class='ocrx_word' id='word_1_514' title='bbox 1272 3815 1368 3883; x_wconf 80' lang='grc' dir='ltr'>τῆς</span> <span class='ocrx_word' id='word_1_515' title='bbox 1411 3815 1615 3884; x_wconf 75' lang='grc' dir='ltr'>ἐρήμου</span> <span class='ocrx_word' id='word_1_516' title='bbox 1638 3832 1649 3843; x_wconf 69' lang='grc'><strong>⁸</strong></span> <span class='ocrx_word' id='word_1_517' title='bbox 1676 3814 1816 3881; x_wconf 82' lang='grc' dir='ltr'>λέγω</span> 
     </span>
    </p>
   </div>
   <div class='ocr_carea' id='block_1_72' title="bbox 238 3905 1814 3980">
    <p class='ocr_par' dir='ltr' id='par_1_72' title="bbox 238 3905 1814 3980">
     <span class='ocr_line' id='line_1_72' title="bbox 238 3905 1814 3980; baseline -0.003 -19"><span class='ocrx_word' id='word_1_518' title='bbox 238 3908 301 3980; x_wconf 80' lang='grc' dir='ltr'>δὴ</span> <span class='ocrx_word' id='word_1_519' title='bbox 340 3909 403 3961; x_wconf 75' lang='grc' dir='ltr'>τὸ</span> <span class='ocrx_word' id='word_1_520' title='bbox 444 3908 771 3979; x_wconf 51' lang='grc' dir='ltr'>δεθήσεσθαι</span> <span class='ocrx_word' id='word_1_521' title='bbox 817 3908 910 3977; x_wconf 78' lang='grc' dir='ltr'><strong>τὴν</strong></span> <span class='ocrx_word' id='word_1_522' title='bbox 956 3906 1111 3970; x_wconf 78' lang='grc' dir='ltr'>δόξαν</span> <span class='ocrx_word' id='word_1_523' title='bbox 1147 3905 1371 3976; x_wconf 83' lang='grc' dir='ltr'>Κυρίου,</span> <span class='ocrx_word' id='word_1_524' title='bbox 1416 3907 1507 3957; x_wconf 76' lang='grc' dir='ltr'><strong>καὶ</strong></span> <span class='ocrx_word' id='word_1_525' title='bbox 1558 3906 1617 3956; x_wconf 83' lang='grc' dir='ltr'><strong>τὸ</strong></span> <span class='ocrx_word' id='word_1_526' title='bbox 1668 3906 1814 3974; x_wconf 72' lang='grc' dir='ltr'>πάσῃ</span> 
     </span>
    </p>
   </div>
   <div class='ocr_carea' id='block_1_73' title="bbox 242 3997 1814 4073">
    <p class='ocr_par' dir='ltr' id='par_1_73' title="bbox 242 3997 1814 4073">
     <span class='ocr_line' id='line_1_73' title="bbox 242 3997 1814 4073; baseline -0.003 -19"><span class='ocrx_word' id='word_1_527' title='bbox 242 4003 404 4073; x_wconf 70' lang='grc' dir='ltr'>σαρκὶ</span> <span class='ocrx_word' id='word_1_528' title='bbox 428 4001 834 4071; x_wconf 78' lang='grc' dir='ltr'>γνωσθήσεσθαι</span> <span class='ocrx_word' id='word_1_529' title='bbox 854 4000 913 4051; x_wconf 83' lang='grc' dir='ltr'><strong>τὸ</strong></span> <span class='ocrx_word' id='word_1_530' title='bbox 938 4000 1200 4069; x_wconf 81' lang='grc' dir='ltr'>σωτήριον</span> <span class='ocrx_word' id='word_1_531' title='bbox 1221 3997 1315 4049; x_wconf 86' lang='grc' dir='ltr'><strong>τοῦ</strong></span> <span class='ocrx_word' id='word_1_532' title='bbox 1338 3997 1492 4050; x_wconf 80' lang='grc' dir='ltr'>Θεοῦ.</span> <span class='ocrx_word' id='word_1_533' title='bbox 1518 3998 1625 4049; x_wconf 72' lang='grc' dir='ltr'><strong>Καὶ</strong></span> <span class='ocrx_word' id='word_1_534' title='bbox 1646 3997 1814 4050; x_wconf 87' lang='grc' dir='ltr'>ταῦτα</span> 
     </span>
    </p>
   </div>
   <div class='ocr_carea' id='block_1_74' title="bbox 242 4087 1814 4160">
    <p class='ocr_par' dir='ltr' id='par_1_74' title="bbox 242 4087 1814 4160">
     <span class='ocr_line' id='line_1_74' title="bbox 242 4087 1814 4160; baseline -0.003 -18"><span class='ocrx_word' id='word_1_535' title='bbox 242 4091 342 4160; x_wconf 81' lang='grc' dir='ltr'>μὲν</span> <span class='ocrx_word' id='word_1_536' title='bbox 378 4091 680 4160; x_wconf 82' lang='grc' dir='ltr'>ἐπληροῦτο</span> <span class='ocrx_word' id='word_1_537' title='bbox 714 4090 846 4159; x_wconf 80' lang='grc' dir='ltr'>πρὸς</span> <span class='ocrx_word' id='word_1_538' title='bbox 894 4090 1132 4159; x_wconf 82' lang='grc' dir='ltr'>ἱστορίαν</span> <span class='ocrx_word' id='word_1_539' title='bbox 1165 4090 1258 4141; x_wconf 73' lang='grc' dir='ltr'><strong>καὶ</strong></span> <span class='ocrx_word' id='word_1_540' title='bbox 1283 4088 1427 4153; x_wconf 80' lang='grc' dir='ltr'>λέξιν</span> <span class='ocrx_word' id='word_1_541' title='bbox 1459 4090 1549 4139; x_wconf 75' lang='grc' dir='ltr'><strong>ἐπὶ</strong></span> <span class='ocrx_word' id='word_1_542' title='bbox 1582 4087 1676 4139; x_wconf 91' lang='grc' dir='ltr'><strong>τοῦ</strong></span> <span class='ocrx_word' id='word_1_543' title='bbox 1707 4089 1814 4138; x_wconf 87' lang='grc' dir='ltr'><strong>Βα-</strong></span> 
     </span>
    </p>
   </div>
   <div class='ocr_carea' id='block_1_75' title="bbox 241 4178 1813 4251">
    <p class='ocr_par' dir='ltr' id='par_1_75' title="bbox 241 4178 1813 4251">
     <span class='ocr_line' id='line_1_75' title="bbox 241 4178 1813 4251; baseline 0.001 -18"><span class='ocrx_word' id='word_1_544' title='bbox 241 4178 468 4233; x_wconf 86' lang='grc' dir='ltr'>πτιστοῦ</span> <span class='ocrx_word' id='word_1_545' title='bbox 513 4182 754 4233; x_wconf 83' lang='grc' dir='ltr'>Ἰωάννου</span> <span class='ocrx_word' id='word_1_546' title='bbox 793 4180 1157 4250; x_wconf 75' lang='grc' dir='ltr'>κηρύσσοντος</span> <span class='ocrx_word' id='word_1_547' title='bbox 1184 4181 1280 4249; x_wconf 79' lang='grc' dir='ltr'>τὴν</span> <span class='ocrx_word' id='word_1_548' title='bbox 1316 4184 1581 4251; x_wconf 80' lang='grc' dir='ltr'>σωτήριον</span> <span class='ocrx_word' id='word_1_549' title='bbox 1617 4184 1813 4251; x_wconf 67' lang='grc' dir='ltr'>ἐπιφά-</span> 
     </span>
    </p>
   </div>
   <div class='ocr_carea' id='block_1_76' title="bbox 236 4270 1813 4346">
    <p class='ocr_par' dir='ltr' id='par_1_76' title="bbox 236 4270 1813 4346">
     <span class='ocr_line' id='line_1_76' title="bbox 236 4270 1813 4346; baseline 0.002 -20"><span class='ocrx_word' id='word_1_550' title='bbox 236 4286 387 4326; x_wconf 70' lang='grc' dir='ltr'>νειαν</span> <span class='ocrx_word' id='word_1_551' title='bbox 415 4273 548 4325; x_wconf 85' lang='grc' dir='ltr'>Θεοῦ</span> <span class='ocrx_word' id='word_1_552' title='bbox 584 4274 639 4324; x_wconf 87' lang='grc' dir='ltr'><strong>ἐν</strong></span> <span class='ocrx_word' id='word_1_553' title='bbox 670 4276 734 4342; x_wconf 77' lang='grc' dir='ltr'>τῇ</span> <span class='ocrx_word' id='word_1_554' title='bbox 765 4273 951 4343; x_wconf 70' lang='grc' dir='ltr'>ἐρήμῳ</span> <span class='ocrx_word' id='word_1_555' title='bbox 987 4272 1077 4324; x_wconf 85' lang='grc' dir='ltr'><strong>τοῦ</strong></span> <span class='ocrx_word' id='word_1_556' title='bbox 1121 4273 1405 4343; x_wconf 75' lang='grc' dir='ltr'>Ἰορδάνου,</span> <span class='ocrx_word' id='word_1_557' title='bbox 1455 4277 1511 4327; x_wconf 86' lang='grc' dir='ltr'><strong>ἐν</strong></span> <span class='ocrx_word' id='word_1_558' title='bbox 1631 4278 1723 4328; x_wconf 57' lang='grc' dir='ltr'><strong>καὶ¹</strong></span> <span class='ocrx_word' id='word_1_559' title='bbox 1756 4278 1813 4329; x_wconf 76' lang='grc' dir='ltr'>τὸ</span> 
     </span>
    </p>
   </div>
   <div class='ocr_carea' id='block_1_77' title="bbox 238 4362 1808 4437">
    <p class='ocr_par' dir='ltr' id='par_1_77' title="bbox 238 4362 1808 4437">
     <span class='ocr_line' id='line_1_77' title="bbox 238 4362 1808 4437; baseline 0.002 -20"><span class='ocrx_word' id='word_1_560' title='bbox 238 4366 509 4434; x_wconf 75' lang='grc' dir='ltr'>σωτήριον</span> <span class='ocrx_word' id='word_1_561' title='bbox 544 4362 695 4433; x_wconf 69' lang='grc' dir='ltr'>ὥςρθη</span> <span class='ocrx_word' id='word_1_562' title='bbox 729 4364 821 4415; x_wconf 86' lang='grc' dir='ltr'><strong>τοῦ</strong></span> <span class='ocrx_word' id='word_1_563' title='bbox 850 4364 1004 4415; x_wconf 84' lang='grc' dir='ltr'>Θεοῦ.</span> <span class='ocrx_word' id='word_1_564' title='bbox 1043 4364 1215 4427; x_wconf 74' lang='grc' dir='ltr'>Αὐτὸς</span> <span class='ocrx_word' id='word_1_565' title='bbox 1261 4367 1368 4435; x_wconf 76' lang='grc' dir='ltr'><strong>γὰρ</strong></span> <span class='ocrx_word' id='word_1_566' title='bbox 1407 4369 1433 4418; x_wconf 91' lang='lat'><strong>6</strong></span> <span class='ocrx_word' id='word_1_567' title='bbox 1482 4367 1737 4436; x_wconf 80' lang='grc' dir='ltr'>Χριστὸς,</span> <span class='ocrx_word' id='word_1_568' title='bbox 1776 4370 1808 4437; x_wconf 77' lang='grc' dir='ltr'><strong>ἥ</strong></span> 
     </span>
    </p>
   </div>
   <div class='ocr_carea' id='block_1_78' title="bbox 1920 3175 3497 3244">
    <p class='ocr_par' dir='ltr' id='par_1_78' title="bbox 1920 3175 3497 3244">
     <span class='ocr_line' id='line_1_78' title="bbox 1920 3175 3497 3244; baseline 0.001 -17"><span class='ocrx_word' id='word_1_569' title='bbox 1920 3183 2247 3244; x_wconf 79' lang='lat' dir='ltr'><strong>aequaretur,</strong></span> <span class='ocrx_word' id='word_1_570' title='bbox 2288 3176 2481 3243; x_wconf 76' lang='lat' dir='ltr'><strong>duplex</strong></span> <span class='ocrx_word' id='word_1_571' title='bbox 2526 3175 2787 3229; x_wconf 88' lang='lat' dir='ltr'><strong>scelerum</strong></span> <span class='ocrx_word' id='word_1_572' title='bbox 2842 3175 2909 3229; x_wconf 90' lang='lat' dir='ltr'><strong>ab</strong></span> <span class='ocrx_word' id='word_1_573' title='bbox 2952 3190 3013 3229; x_wconf 87' lang='lat' dir='ltr'><strong>se</strong></span> <span class='ocrx_word' id='word_1_574' title='bbox 3062 3184 3497 3244; x_wconf 82' lang='lat' dir='ltr'><strong>perpetratorum</strong></span> 
     </span>
    </p>
   </div>
   <div class='ocr_carea' id='block_1_79' title="bbox 1920 3268 2391 3337">
    <p class='ocr_par' dir='ltr' id='par_1_79' title="bbox 1920 3268 2391 3337">
     <span class='ocr_line' id='line_1_79' title="bbox 1920 3268 2391 3337; baseline 0 -16"><span class='ocrx_word' id='word_1_575' title='bbox 1920 3268 2238 3337; x_wconf 88' lang='lat' dir='ltr'><strong>supplicium</strong></span> <span class='ocrx_word' id='word_1_576' title='bbox 2273 3268 2391 3321; x_wconf 88' lang='lat' dir='ltr'><strong>luit.</strong></span> 
     </span>
    </p>
   </div>
   <div class='ocr_carea' id='block_1_80' title="bbox 1991 3530 3494 3595">
    <p class='ocr_par' dir='ltr' id='par_1_80' title="bbox 1991 3530 3494 3595">
     <span class='ocr_line' id='line_1_80' title="bbox 1991 3530 3494 3595; baseline 0.001 -10"><span class='ocrx_word' id='word_1_577' title='bbox 1991 3532 2152 3586; x_wconf 69' lang='lat' dir='ltr'><strong>Vens.</strong></span> <span class='ocrx_word' id='word_1_578' title='bbox 2189 3531 2242 3585; x_wconf 77' lang='grc'><strong>5.</strong></span> <span class='ocrx_word' id='word_1_579' title='bbox 2271 3531 2383 3585; x_wconf 81' lang='lat' dir='ltr'><strong>Vox</strong></span> <span class='ocrx_word' id='word_1_580' title='bbox 2424 3530 2709 3587; x_wconf 83' lang='lat' dir='ltr'><strong>clamantis</strong></span> <span class='ocrx_word' id='word_1_581' title='bbox 2753 3533 2805 3586; x_wconf 89' lang='lat' dir='ltr'><strong>itt</strong></span> <span class='ocrx_word' id='word_1_582' title='bbox 2842 3531 3085 3595; x_wconf 84' lang='lat' dir='ltr'><strong>deserto,</strong></span> <span class='ocrx_word' id='word_1_583' title='bbox 3120 3530 3318 3586; x_wconf 87' lang='lat' dir='ltr'><strong>Parate</strong></span> <span class='ocrx_word' id='word_1_584' title='bbox 3351 3531 3494 3587; x_wconf 79' lang='lat' dir='ltr'><strong>viam</strong></span> 
     </span>
    </p>
   </div>
   <div class='ocr_carea' id='block_1_81' title="bbox 1924 3624 3494 3695">
    <p class='ocr_par' dir='ltr' id='par_1_81' title="bbox 1924 3624 3494 3695">
     <span class='ocr_line' id='line_1_81' title="bbox 1924 3624 3494 3695; baseline 0.003 -17"><span class='ocrx_word' id='word_1_585' title='bbox 1924 3626 2155 3689; x_wconf 80' lang='lat' dir='ltr'><strong>homini,</strong></span> <span class='ocrx_word' id='word_1_586' title='bbox 2193 3635 2367 3679; x_wconf 86' lang='lat' dir='ltr'><strong>rectas</strong></span> <span class='ocrx_word' id='word_1_587' title='bbox 2408 3624 2570 3680; x_wconf 77' lang='lat' dir='ltr'><strong>facite</strong></span> <span class='ocrx_word' id='word_1_588' title='bbox 2614 3627 2837 3681; x_wconf 80' lang='lat' dir='ltr'><strong>semitas</strong></span> <span class='ocrx_word' id='word_1_589' title='bbox 2876 3626 2969 3681; x_wconf 89' lang='lat' dir='ltr'><strong>Dei</strong></span> <span class='ocrx_word' id='word_1_590' title='bbox 3018 3628 3205 3681; x_wconf 91' lang='lat' dir='ltr'><strong>nostri.</strong></span> <span class='ocrx_word' id='word_1_591' title='bbox 3242 3646 3263 3680; x_wconf 72' lang='grc' dir='ltr'>ι</span> <span class='ocrx_word' id='word_1_592' title='bbox 3297 3630 3494 3695; x_wconf 82' lang='lat' dir='ltr'><strong>Aperte</strong></span> 
     </span>
    </p>
   </div>
   <div class='ocr_carea' id='block_1_82' title="bbox 1920 3717 3494 3786">
    <p class='ocr_par' dir='ltr' id='par_1_82' title="bbox 1920 3717 3494 3786">
     <span class='ocr_line' id='line_1_82' title="bbox 1920 3717 3494 3786; baseline 0.002 -16"><span class='ocrx_word' id='word_1_593' title='bbox 1920 3718 2158 3771; x_wconf 83' lang='lat' dir='ltr'><strong>declarat</strong></span> <span class='ocrx_word' id='word_1_594' title='bbox 2200 3733 2283 3784; x_wconf 90' lang='lat' dir='ltr'><strong>ea,</strong></span> <span class='ocrx_word' id='word_1_595' title='bbox 2318 3734 2436 3786; x_wconf 63' lang='lat' dir='ltr'><strong>qua?</strong></span> <span class='ocrx_word' id='word_1_596' title='bbox 2484 3719 2536 3771; x_wconf 91' lang='lat' dir='ltr'><strong>in</strong></span> <span class='ocrx_word' id='word_1_597' title='bbox 2579 3719 2834 3773; x_wconf 88' lang='lat' dir='ltr'><strong>vaticinio</strong></span> <span class='ocrx_word' id='word_1_598' title='bbox 2874 3718 3141 3783; x_wconf 79' lang='lat' dir='ltr'><strong>feruntur,</strong></span> <span class='ocrx_word' id='word_1_599' title='bbox 3176 3735 3281 3773; x_wconf 90' lang='lat' dir='ltr'><strong>non</strong></span> <span class='ocrx_word' id='word_1_600' title='bbox 3334 3717 3494 3773; x_wconf 71' lang='lat' dir='ltr'><strong>Jers-</strong></span> 
     </span>
    </p>
   </div>
   <div class='ocr_carea' id='block_1_83' title="bbox 1919 3810 3493 3882">
    <p class='ocr_par' dir='ltr' id='par_1_83' title="bbox 1919 3810 3493 3882">
     <span class='ocr_line' id='line_1_83' title="bbox 1919 3810 3493 3882; baseline 0.003 -20"><span class='ocrx_word' id='word_1_601' title='bbox 1919 3811 2159 3879; x_wconf 70' lang='lat' dir='ltr'><strong>solymae,</strong></span> <span class='ocrx_word' id='word_1_602' title='bbox 2212 3810 2305 3864; x_wconf 89' lang='lat' dir='ltr'><strong>sed</strong></span> <span class='ocrx_word' id='word_1_603' title='bbox 2333 3811 2385 3863; x_wconf 92' lang='lat' dir='ltr'><strong>iu</strong></span> <span class='ocrx_word' id='word_1_604' title='bbox 2415 3811 2630 3863; x_wconf 77' lang='lat' dir='ltr'><strong>deserto</strong></span> <span class='ocrx_word' id='word_1_605' title='bbox 2660 3812 2895 3879; x_wconf 90' lang='lat' dir='ltr'><strong>gerenda</strong></span> <span class='ocrx_word' id='word_1_606' title='bbox 2929 3827 3051 3865; x_wconf 91' lang='lat' dir='ltr'><strong>esse</strong></span> <span class='ocrx_word' id='word_1_607' title='bbox 3076 3830 3090 3877; x_wconf 91' lang='lat'><strong>;</strong></span> <span class='ocrx_word' id='word_1_608' title='bbox 3129 3828 3321 3879; x_wconf 90' lang='lat' dir='ltr'><strong>nempe</strong></span> <span class='ocrx_word' id='word_1_609' title='bbox 3350 3813 3493 3882; x_wconf 89' lang='lat' dir='ltr'><strong>quod</strong></span> 
     </span>
    </p>
   </div>
   <div class='ocr_carea' id='block_1_84' title="bbox 1920 3902 3494 3972">
    <p class='ocr_par' dir='ltr' id='par_1_84' title="bbox 1920 3902 3494 3972">
     <span class='ocr_line' id='line_1_84' title="bbox 1920 3902 3494 3972; baseline 0.004 -19"><span class='ocrx_word' id='word_1_610' title='bbox 1920 3902 2157 3957; x_wconf 80' lang='lat' dir='ltr'><strong>futurum</strong></span> <span class='ocrx_word' id='word_1_611' title='bbox 2188 3903 2281 3967; x_wconf 93' lang='lat' dir='ltr'><strong>sit,</strong></span> <span class='ocrx_word' id='word_1_612' title='bbox 2311 3914 2365 3955; x_wconf 92' lang='lat' dir='ltr'><strong>ut</strong></span> <span class='ocrx_word' id='word_1_613' title='bbox 2400 3903 2567 3972; x_wconf 89' lang='lat' dir='ltr'><strong>gloria</strong></span> <span class='ocrx_word' id='word_1_614' title='bbox 2607 3904 2813 3957; x_wconf 92' lang='lat' dir='ltr'><strong>Domini</strong></span> <span class='ocrx_word' id='word_1_615' title='bbox 2859 3914 3137 3971; x_wconf 80' lang='lat' dir='ltr'><strong>appareat,</strong></span> <span class='ocrx_word' id='word_1_616' title='bbox 3167 3914 3221 3957; x_wconf 87' lang='lat' dir='ltr'><strong>et</strong></span> <span class='ocrx_word' id='word_1_617' title='bbox 3255 3904 3494 3959; x_wconf 82' lang='lat' dir='ltr'><strong>salutare</strong></span> 
     </span>
    </p>
   </div>
   <div class='ocr_carea' id='block_1_85' title="bbox 1921 3995 3491 4067">
    <p class='ocr_par' dir='ltr' id='par_1_85' title="bbox 1921 3995 3491 4067">
     <span class='ocr_line' id='line_1_85' title="bbox 1921 3995 3491 4067; baseline 0.003 -20"><span class='ocrx_word' id='word_1_618' title='bbox 1921 3996 2012 4048; x_wconf 81' lang='lat' dir='ltr'><strong>Dei</strong></span> <span class='ocrx_word' id='word_1_619' title='bbox 2047 3998 2095 4048; x_wconf 88' lang='lat' dir='ltr'><strong>in</strong></span> <span class='ocrx_word' id='word_1_620' title='bbox 2121 3996 2298 4050; x_wconf 89' lang='lat' dir='ltr'><strong>omnis</strong></span> <span class='ocrx_word' id='word_1_621' title='bbox 2327 3995 2507 4048; x_wconf 87' lang='lat' dir='ltr'><strong>carnis</strong></span> <span class='ocrx_word' id='word_1_622' title='bbox 2533 3996 2775 4049; x_wconf 85' lang='lat' dir='ltr'><strong>notitiam</strong></span> <span class='ocrx_word' id='word_1_623' title='bbox 2810 3998 2993 4054; x_wconf 81' lang='lat' dir='ltr'><strong>veniat</strong></span> <span class='ocrx_word' id='word_1_624' title='bbox 3036 3996 3100 4049; x_wconf 85' lang='lat' dir='ltr'><strong>Et</strong></span> <span class='ocrx_word' id='word_1_625' title='bbox 3130 3996 3245 4051; x_wconf 65' lang='lat' dir='ltr'><strong>haec</strong></span> <span class='ocrx_word' id='word_1_626' title='bbox 3275 3999 3491 4067; x_wconf 88' lang='lat' dir='ltr'><strong>quidem</strong></span> 
     </span>
    </p>
   </div>
   <div class='ocr_carea' id='block_1_86' title="bbox 1919 4089 3491 4161">
    <p class='ocr_par' dir='ltr' id='par_1_86' title="bbox 1919 4089 3491 4161">
     <span class='ocr_line' id='line_1_86' title="bbox 1919 4089 3491 4161; baseline 0.001 -19"><span class='ocrx_word' id='word_1_627' title='bbox 1919 4089 2211 4142; x_wconf 86' lang='lat' dir='ltr'><strong>secundum</strong></span> <span class='ocrx_word' id='word_1_628' title='bbox 2261 4089 2541 4141; x_wconf 87' lang='lat' dir='ltr'><strong>historiam</strong></span> <span class='ocrx_word' id='word_1_629' title='bbox 2583 4095 2636 4141; x_wconf 87' lang='lat' dir='ltr'><strong>et</strong></span> <span class='ocrx_word' id='word_1_630' title='bbox 2684 4090 2749 4140; x_wconf 89' lang='lat' dir='ltr'><strong>ad</strong></span> <span class='ocrx_word' id='word_1_631' title='bbox 2796 4091 3039 4151; x_wconf 85' lang='lat' dir='ltr'><strong>verbum,</strong></span> <span class='ocrx_word' id='word_1_632' title='bbox 3098 4101 3222 4143; x_wconf 87' lang='lat' dir='ltr'><strong>tunc</strong></span> <span class='ocrx_word' id='word_1_633' title='bbox 3271 4091 3491 4161; x_wconf 77' lang='lat' dir='ltr'><strong>impleta</strong></span> 
     </span>
    </p>
   </div>
   <div class='ocr_carea' id='block_1_87' title="bbox 1917 4177 3492 4247">
    <p class='ocr_par' dir='ltr' id='par_1_87' title="bbox 1917 4177 3492 4247">
     <span class='ocr_line' id='line_1_87' title="bbox 1917 4177 3492 4247; baseline 0.004 -14"><span class='ocrx_word' id='word_1_634' title='bbox 1917 4189 2061 4242; x_wconf 90' lang='lat' dir='ltr'><strong>sunt,</strong></span> <span class='ocrx_word' id='word_1_635' title='bbox 2087 4194 2208 4232; x_wconf 91' lang='lat' dir='ltr'><strong>cum</strong></span> <span class='ocrx_word' id='word_1_636' title='bbox 2245 4177 2483 4234; x_wconf 82' lang='lat' dir='ltr'><strong>Joannes</strong></span> <span class='ocrx_word' id='word_1_637' title='bbox 2523 4178 2761 4247; x_wconf 84' lang='lat' dir='ltr'><strong>Baptista</strong></span> <span class='ocrx_word' id='word_1_638' title='bbox 2811 4180 3101 4235; x_wconf 81' lang='lat' dir='ltr'><strong>salutarem</strong></span> <span class='ocrx_word' id='word_1_639' title='bbox 3150 4183 3240 4238; x_wconf 92' lang='lat' dir='ltr'><strong>Dei</strong></span> <span class='ocrx_word' id='word_1_640' title='bbox 3290 4188 3492 4239; x_wconf 87' lang='lat' dir='ltr'><strong>adven-</strong></span> 
     </span>
    </p>
   </div>
   <div class='ocr_carea' id='block_1_88' title="bbox 1920 4270 3492 4338">
    <p class='ocr_par' dir='ltr' id='par_1_88' title="bbox 1920 4270 3492 4338">
     <span class='ocr_line' id='line_1_88' title="bbox 1920 4270 3492 4338; baseline 0.007 -17"><span class='ocrx_word' id='word_1_641' title='bbox 1920 4280 2028 4322; x_wconf 91' lang='lat' dir='ltr'><strong>tum</strong></span> <span class='ocrx_word' id='word_1_642' title='bbox 2064 4270 2369 4337; x_wconf 73' lang='lat' dir='ltr'><strong>przrdicavit</strong></span> <span class='ocrx_word' id='word_1_643' title='bbox 2428 4271 2478 4323; x_wconf 92' lang='lat' dir='ltr'><strong>iu</strong></span> <span class='ocrx_word' id='word_1_644' title='bbox 2526 4272 2741 4325; x_wconf 89' lang='lat' dir='ltr'><strong>deserto</strong></span> <span class='ocrx_word' id='word_1_645' title='bbox 2773 4271 3043 4338; x_wconf 73' lang='lat' dir='ltr'><strong>Iordanis,</strong></span> <span class='ocrx_word' id='word_1_646' title='bbox 3108 4276 3192 4328; x_wconf 90' lang='lat' dir='ltr'><strong>uhi</strong></span> <span class='ocrx_word' id='word_1_647' title='bbox 3257 4278 3492 4333; x_wconf 80' lang='lat' dir='ltr'><strong>salutare</strong></span> 
     </span>
    </p>
   </div>
   <div class='ocr_carea' id='block_1_89' title="bbox 1918 4361 3489 4438">
    <p class='ocr_par' dir='ltr' id='par_1_89' title="bbox 1918 4361 3489 4438">
     <span class='ocr_line' id='line_1_89' title="bbox 1918 4361 3489 4438; baseline 0.005 -23"><span class='ocrx_word' id='word_1_648' title='bbox 1918 4363 2010 4416; x_wconf 87' lang='lat' dir='ltr'><strong>Dei</strong></span> <span class='ocrx_word' id='word_1_649' title='bbox 2054 4364 2225 4417; x_wconf 88' lang='lat' dir='ltr'><strong>visum</strong></span> <span class='ocrx_word' id='word_1_650' title='bbox 2279 4361 2395 4417; x_wconf 79' lang='lat' dir='ltr'><strong>fuit.</strong></span> <span class='ocrx_word' id='word_1_651' title='bbox 2446 4362 2577 4416; x_wconf 84' lang='lat' dir='ltr'><strong>Nam</strong></span> <span class='ocrx_word' id='word_1_652' title='bbox 2620 4374 2745 4417; x_wconf 85' lang='lat' dir='ltr'><strong>tunc</strong></span> <span class='ocrx_word' id='word_1_653' title='bbox 2800 4364 3045 4419; x_wconf 87' lang='lat' dir='ltr'><strong>Christus</strong></span> <span class='ocrx_word' id='word_1_654' title='bbox 3073 4367 3292 4435; x_wconf 86' lang='lat' dir='ltr'><strong>ejusque</strong></span> <span class='ocrx_word' id='word_1_655' title='bbox 3322 4368 3489 4438; x_wconf 79' lang='lat' dir='ltr'><strong>gloria</strong></span> 
     </span>
    </p>
   </div>
   <div class='ocr_carea' id='block_1_90' title="bbox 235 4455 1816 4546">
    <p class='ocr_par' dir='ltr' id='par_1_90' title="bbox 235 4455 1809 4525">
     <span class='ocr_line' id='line_1_90' title="bbox 235 4455 1809 4525; baseline 0.001 -16"><span class='ocrx_word' id='word_1_656' title='bbox 235 4472 297 4509; x_wconf 80' lang='grc' dir='ltr'><strong>τε</strong></span> <span class='ocrx_word' id='word_1_657' title='bbox 330 4456 456 4519; x_wconf 79' lang='grc' dir='ltr'>δόξα</span> <span class='ocrx_word' id='word_1_658' title='bbox 484 4456 643 4508; x_wconf 73' lang='grc' dir='ltr'>αὑτοῦ</span> <span class='ocrx_word' id='word_1_659' title='bbox 676 4458 784 4518; x_wconf 84' lang='grc' dir='ltr'>τοῖς</span> <span class='ocrx_word' id='word_1_660' title='bbox 814 4457 975 4507; x_wconf 80' lang='grc' dir='ltr'>πᾶσιν</span> <span class='ocrx_word' id='word_1_661' title='bbox 1003 4455 1267 4525; x_wconf 85' lang='grc' dir='ltr'>ἐγνώσθη,</span> <span class='ocrx_word' id='word_1_662' title='bbox 1303 4458 1391 4508; x_wconf 77' lang='grc' dir='ltr'>ὅτε</span> <span class='ocrx_word' id='word_1_663' title='bbox 1427 4458 1809 4525; x_wconf 79' lang='grc' dir='ltr'>βαπτισθέντος</span> 
     </span>
    </p>
   </div>
   <div class='ocr_carea' id='block_1_91' title="bbox 1921 4455 3492 4546">
    <p class='ocr_par' dir='ltr' id='par_1_91' title="bbox 1921 4456 3492 4526">
     <span class='ocr_line' id='line_1_91' title="bbox 1921 4456 3492 4526; baseline 0.003 -17"><span class='ocrx_word' id='word_1_664' title='bbox 1921 4458 2169 4509; x_wconf 84' lang='lat' dir='ltr'><strong>omnibus</strong></span> <span class='ocrx_word' id='word_1_665' title='bbox 2218 4456 2469 4518; x_wconf 88' lang='lat' dir='ltr'><strong>innotuit,</strong></span> <span class='ocrx_word' id='word_1_666' title='bbox 2501 4472 2643 4520; x_wconf 89' lang='lat' dir='ltr'><strong>cum,</strong></span> <span class='ocrx_word' id='word_1_667' title='bbox 2676 4457 2790 4525; x_wconf 80' lang='lat' dir='ltr'><strong>ipso</strong></span> <span class='ocrx_word' id='word_1_668' title='bbox 2819 4458 3115 4525; x_wconf 86' lang='lat' dir='ltr'><strong>baptizalo,</strong></span> <span class='ocrx_word' id='word_1_669' title='bbox 3144 4461 3311 4526; x_wconf 85' lang='lat' dir='ltr'><strong>aperti</strong></span> <span class='ocrx_word' id='word_1_670' title='bbox 3364 4472 3492 4515; x_wconf 89' lang='lat' dir='ltr'><strong>sunt</strong></span> 
     </span>
    </p>
   </div>
   <div class='ocr_carea' id='block_1_92' title="bbox 239 4546 1809 4621">
    <p class='ocr_par' dir='ltr' id='par_1_92' title="bbox 239 4546 1809 4621">
     <span class='ocr_line' id='line_1_92' title="bbox 239 4546 1809 4621; baseline 0.003 -21"><span class='ocrx_word' id='word_1_671' title='bbox 239 4546 426 4608; x_wconf 81' lang='grc' dir='ltr'>αὐτοῦ,</span> <span class='ocrx_word' id='word_1_672' title='bbox 481 4547 802 4615; x_wconf 75' lang='grc' dir='ltr'>ἠνοίχθησαν</span> <span class='ocrx_word' id='word_1_673' title='bbox 847 4550 893 4599; x_wconf 84' lang='grc' dir='ltr'>οἱ</span> <span class='ocrx_word' id='word_1_674' title='bbox 945 4548 1182 4619; x_wconf 75' lang='grc' dir='ltr'>οὐρανοὶ,</span> <span class='ocrx_word' id='word_1_675' title='bbox 1234 4549 1326 4600; x_wconf 73' lang='grc' dir='ltr'>καὶ</span> <span class='ocrx_word' id='word_1_676' title='bbox 1371 4549 1431 4600; x_wconf 86' lang='grc' dir='ltr'><strong>τὸ</strong></span> <span class='ocrx_word' id='word_1_677' title='bbox 1474 4551 1696 4621; x_wconf 86' lang='grc' dir='ltr'>Πνεῦμα</span> <span class='ocrx_word' id='word_1_678' title='bbox 1749 4553 1809 4605; x_wconf 76' lang='grc' dir='ltr'>τὸ</span> 
     </span>
    </p>
   </div>
   <div class='ocr_carea' id='block_1_93' title="bbox 240 4637 1804 4709">
    <p class='ocr_par' dir='ltr' id='par_1_93' title="bbox 240 4637 1804 4709">
     <span class='ocr_line' id='line_1_93' title="bbox 240 4637 1804 4709; baseline 0.003 -17"><span class='ocrx_word' id='word_1_679' title='bbox 240 4640 395 4707; x_wconf 63' lang='lat' dir='ltr'><strong>atwa</strong></span> <span class='ocrx_word' id='word_1_680' title='bbox 423 4641 480 4690; x_wconf 89' lang='grc' dir='ltr'><strong>ἐν</strong></span> <span class='ocrx_word' id='word_1_681' title='bbox 505 4637 631 4689; x_wconf 70' lang='grc' dir='ltr'>εῖδει</span> <span class='ocrx_word' id='word_1_682' title='bbox 660 4642 983 4708; x_wconf 74' lang='grc' dir='ltr'>περιστερᾶς</span> <span class='ocrx_word' id='word_1_683' title='bbox 1010 4638 1249 4692; x_wconf 79' lang='grc' dir='ltr'>καταϐὰν</span> <span class='ocrx_word' id='word_1_684' title='bbox 1282 4640 1491 4709; x_wconf 75' lang='grc' dir='ltr'>ἔμεινεν</span> <span class='ocrx_word' id='word_1_685' title='bbox 1514 4644 1599 4693; x_wconf 83' lang='grc' dir='ltr'>ἐπ’</span> <span class='ocrx_word' id='word_1_686' title='bbox 1623 4644 1804 4705; x_wconf 73' lang='grc' dir='ltr'>αὑτοῦ,</span> 
     </span>
    </p>
   </div>
   <div class='ocr_carea' id='block_1_94' title="bbox 240 4728 1809 4801">
    <p class='ocr_par' dir='ltr' id='par_1_94' title="bbox 240 4728 1809 4801">
     <span class='ocr_line' id='line_1_94' title="bbox 240 4728 1809 4801; baseline 0.003 -20"><span class='ocrx_word' id='word_1_687' title='bbox 240 4731 391 4798; x_wconf 68' lang='grc' dir='ltr'>φωνή</span> <span class='ocrx_word' id='word_1_688' title='bbox 419 4746 477 4781; x_wconf 87' lang='grc' dir='ltr'><strong>τε</strong></span> <span class='ocrx_word' id='word_1_689' title='bbox 505 4728 701 4798; x_wconf 69' lang='grc' dir='ltr'>ἠνέχθη</span> <span class='ocrx_word' id='word_1_690' title='bbox 734 4731 971 4801; x_wconf 84' lang='grc' dir='ltr'>πατρικὴ</span> <span class='ocrx_word' id='word_1_691' title='bbox 999 4730 1076 4799; x_wconf 76' lang='grc' dir='ltr'>τῷ</span> <span class='ocrx_word' id='word_1_692' title='bbox 1108 4731 1220 4801; x_wconf 82' lang='grc' dir='ltr'><strong>Υἱῷ</strong></span> <span class='ocrx_word' id='word_1_693' title='bbox 1252 4732 1619 4801; x_wconf 88' lang='grc' dir='ltr'>μαρτυροῦσα·</span> <span class='ocrx_word' id='word_1_694' title='bbox 1657 4753 1675 4784; x_wconf 79' lang='grc' dir='ltr'><strong>ι</strong></span> <span class='ocrx_word' id='word_1_695' title='bbox 1714 4730 1809 4787; x_wconf 66' lang='lat'><strong>05-</strong></span> 
     </span>
    </p>
   </div>
   <div class='ocr_carea' id='block_1_95' title="bbox 237 4821 1802 4892">
    <p class='ocr_par' dir='ltr' id='par_1_95' title="bbox 237 4821 1802 4892">
     <span class='ocr_line' id='line_1_95' title="bbox 237 4821 1802 4892; baseline 0.003 -20"><span class='ocrx_word' id='word_1_696' title='bbox 237 4822 329 4885; x_wconf 81' lang='grc' dir='ltr'><strong>τός</strong></span> <span class='ocrx_word' id='word_1_697' title='bbox 370 4823 517 4873; x_wconf 82' lang='grc' dir='ltr'>ἐστιν</span> <span class='ocrx_word' id='word_1_698' title='bbox 548 4822 576 4872; x_wconf 92' lang='lat'><strong>6</strong></span> <span class='ocrx_word' id='word_1_699' title='bbox 606 4821 732 4883; x_wconf 85' lang='grc' dir='ltr'>Υἱός</span> <span class='ocrx_word' id='word_1_700' title='bbox 769 4840 867 4890; x_wconf 87' lang='grc' dir='ltr'><strong>μου</strong></span> <span class='ocrx_word' id='word_1_701' title='bbox 898 4824 926 4873; x_wconf 85' lang='grc' dir='ltr'>ὁ</span> <span class='ocrx_word' id='word_1_702' title='bbox 964 4823 1263 4892; x_wconf 79' lang='grc' dir='ltr'>ἀγαπητὸς,</span> <span class='ocrx_word' id='word_1_703' title='bbox 1300 4824 1460 4876; x_wconf 77' lang='grc' dir='ltr'>αὑτοῦ</span> <span class='ocrx_word' id='word_1_704' title='bbox 1494 4826 1737 4880; x_wconf 82' lang='grc' dir='ltr'>ἀκούετε.</span> <span class='ocrx_word' id='word_1_705' title='bbox 1786 4847 1802 4877; x_wconf 72' lang='grc' dir='ltr'>ι</span> 
     </span>
    </p>
   </div>
   <div class='ocr_carea' id='block_1_96' title="bbox 252 4912 1805 4990">
    <p class='ocr_par' dir='ltr' id='par_1_96' title="bbox 252 4912 1805 4990">
     <span class='ocr_line' id='line_1_96' title="bbox 252 4912 1805 4990; baseline 0.007 -28"><span class='ocrx_word' id='word_1_706' title='bbox 252 4914 337 4977; x_wconf 79' lang='grc' dir='ltr'>Ὠς</span> <span class='ocrx_word' id='word_1_707' title='bbox 385 4913 492 4983; x_wconf 80' lang='grc' dir='ltr'><strong>γάρ</strong></span> <span class='ocrx_word' id='word_1_708' title='bbox 535 4912 814 4981; x_wconf 85' lang='grc' dir='ltr'>μέλλοντος</span> <span class='ocrx_word' id='word_1_709' title='bbox 844 4915 1123 4983; x_wconf 75' lang='grc' dir='ltr'>ἐπιδημεῖν</span> <span class='ocrx_word' id='word_1_710' title='bbox 1148 4918 1213 4985; x_wconf 83' lang='grc' dir='ltr'>τῇ</span> <span class='ocrx_word' id='word_1_711' title='bbox 1258 4917 1448 4987; x_wconf 77' lang='grc' dir='ltr'>ἐρήμῳ</span> <span class='ocrx_word' id='word_1_712' title='bbox 1503 4920 1595 4971; x_wconf 77' lang='grc' dir='ltr'><strong>καὶ</strong></span> <span class='ocrx_word' id='word_1_713' title='bbox 1635 4923 1699 4990; x_wconf 84' lang='grc' dir='ltr'><strong>τῇ</strong></span> <span class='ocrx_word' id='word_1_714' title='bbox 1749 4922 1805 4987; x_wconf 78' lang='grc' dir='ltr'><strong>ἐξ</strong></span> 
     </span>
    </p>
   </div>
   <div class='ocr_carea' id='block_1_97' title="bbox 241 5004 1809 5075">
    <p class='ocr_par' dir='ltr' id='par_1_97' title="bbox 241 5004 1809 5075">
     <span class='ocr_line' id='line_1_97' title="bbox 241 5004 1809 5075; baseline 0.004 -16"><span class='ocrx_word' id='word_1_715' title='bbox 241 5006 435 5067; x_wconf 74' lang='grc' dir='ltr'>αἰῶνος</span> <span class='ocrx_word' id='word_1_716' title='bbox 468 5004 651 5074; x_wconf 81' lang='grc' dir='ltr'>ἀϐάτῳ</span> <span class='ocrx_word' id='word_1_717' title='bbox 697 5005 787 5057; x_wconf 91' lang='grc' dir='ltr'><strong>τοῦ</strong></span> <span class='ocrx_word' id='word_1_718' title='bbox 826 5005 982 5067; x_wconf 85' lang='grc' dir='ltr'>Θεοῦ,</span> <span class='ocrx_word' id='word_1_719' title='bbox 1030 5006 1201 5059; x_wconf 87' lang='grc' dir='ltr'>ταῦτα</span> <span class='ocrx_word' id='word_1_720' title='bbox 1234 5006 1469 5075; x_wconf 80' lang='grc' dir='ltr'>ἐλέγετο.</span> <span class='ocrx_word' id='word_1_721' title='bbox 1508 5004 1614 5061; x_wconf 81' lang='grc' dir='ltr'>Ἷίν</span> <span class='ocrx_word' id='word_1_722' title='bbox 1654 5012 1708 5064; x_wconf 62' lang='grc' dir='ltr'>δὲ</span> <span class='ocrx_word' id='word_1_723' title='bbox 1740 5013 1809 5065; x_wconf 77' lang='grc' dir='ltr'><strong>τά</strong></span> 
     </span>
    </p>
   </div>
   <div class='ocr_carea' id='block_1_98' title="bbox 240 5096 1805 5167">
    <p class='ocr_par' dir='ltr' id='par_1_98' title="bbox 240 5096 1805 5167">
     <span class='ocr_line' id='line_1_98' title="bbox 240 5096 1805 5167; baseline 0.004 -18"><span class='ocrx_word' id='word_1_724' title='bbox 240 5097 366 5167; x_wconf 73' lang='grc' dir='ltr'>ῖθνη</span> <span class='ocrx_word' id='word_1_725' title='bbox 402 5098 578 5149; x_wconf 88' lang='grc' dir='ltr'>πάντα</span> <span class='ocrx_word' id='word_1_726' title='bbox 610 5096 789 5166; x_wconf 75' lang='grc' dir='ltr'>ἔρημα</span> <span class='ocrx_word' id='word_1_727' title='bbox 821 5096 953 5148; x_wconf 86' lang='grc' dir='ltr'>Θεοῦ</span> <span class='ocrx_word' id='word_1_728' title='bbox 1003 5098 1271 5166; x_wconf 82' lang='grc' dir='ltr'>γνώσεως,</span> <span class='ocrx_word' id='word_1_729' title='bbox 1317 5102 1409 5153; x_wconf 74' lang='grc' dir='ltr'><strong>καὶ</strong></span> <span class='ocrx_word' id='word_1_730' title='bbox 1453 5101 1627 5154; x_wconf 79' lang='grc' dir='ltr'>ἄϐατα</span> <span class='ocrx_word' id='word_1_731' title='bbox 1673 5106 1805 5156; x_wconf 81' lang='grc' dir='ltr'>πᾶσι</span> 
     </span>
    </p>
   </div>
   <div class='ocr_carea' id='block_1_99' title="bbox 238 5185 1805 5261">
    <p class='ocr_par' dir='ltr' id='par_1_99' title="bbox 238 5185 1805 5261">
     <span class='ocr_line' id='line_1_99' title="bbox 238 5185 1805 5261; baseline 0.003 -21"><span class='ocrx_word' id='word_1_732' title='bbox 238 5191 351 5250; x_wconf 73' lang='grc' dir='ltr'>τοῖς</span> <span class='ocrx_word' id='word_1_733' title='bbox 392 5185 485 5240; x_wconf 90' lang='grc' dir='ltr'><strong>τοῦ</strong></span> <span class='ocrx_word' id='word_1_734' title='bbox 536 5186 670 5238; x_wconf 89' lang='grc' dir='ltr'>Θεοῦ</span> <span class='ocrx_word' id='word_1_735' title='bbox 718 5188 940 5250; x_wconf 87' lang='grc' dir='ltr'>δικαίοις</span> <span class='ocrx_word' id='word_1_736' title='bbox 983 5205 1040 5239; x_wconf 90' lang='grc' dir='ltr'><strong>τε</strong></span> <span class='ocrx_word' id='word_1_737' title='bbox 1084 5190 1177 5240; x_wconf 75' lang='grc' dir='ltr'><strong>καὶ</strong></span> <span class='ocrx_word' id='word_1_738' title='bbox 1217 5192 1519 5261; x_wconf 66' lang='grc' dir='ltr'>προφήταις</span> <span class='ocrx_word' id='word_1_739' title='bbox 1566 5193 1805 5261; x_wconf 81' lang='grc' dir='ltr'>ἀνδράσι.</span> 
     </span>
    </p>
   </div>
   <div class='ocr_carea' id='block_1_100' title="bbox 239 5276 1809 5352">
    <p class='ocr_par' dir='ltr' id='par_1_100' title="bbox 239 5276 1809 5352">
     <span class='ocr_line' id='line_1_100' title="bbox 239 5276 1809 5352; baseline 0.003 -22"><span class='ocrx_word' id='word_1_740' title='bbox 239 5278 436 5347; x_wconf 78' lang='grc' dir='ltr'>Διόπερ</span> <span class='ocrx_word' id='word_1_741' title='bbox 466 5280 499 5348; x_wconf 89' lang='grc' dir='ltr'><strong>ή</strong></span> <span class='ocrx_word' id='word_1_742' title='bbox 536 5276 686 5347; x_wconf 71' lang='grc' dir='ltr'>φωνὴ</span> <span class='ocrx_word' id='word_1_743' title='bbox 728 5277 1156 5347; x_wconf 78' lang='grc' dir='ltr'>παρακελεύεται</span> <span class='ocrx_word' id='word_1_744' title='bbox 1198 5280 1312 5331; x_wconf 83' lang='grc' dir='ltr'>ὁδὸν</span> <span class='ocrx_word' id='word_1_745' title='bbox 1354 5282 1692 5352; x_wconf 72' lang='grc' dir='ltr'>εὐτρεπίζειν</span> <span class='ocrx_word' id='word_1_746' title='bbox 1730 5284 1809 5352; x_wconf 83' lang='grc' dir='ltr'>τῷ</span> 
     </span>
    </p>
   </div>
   <div class='ocr_carea' id='block_1_101' title="bbox 239 5369 1811 5446">
    <p class='ocr_par' dir='ltr' id='par_1_101' title="bbox 239 5369 1811 5446">
     <span class='ocr_line' id='line_1_101' title="bbox 239 5369 1811 5446; baseline 0.004 -25"><span class='ocrx_word' id='word_1_747' title='bbox 239 5369 329 5422; x_wconf 83' lang='grc' dir='ltr'><strong>τοῦ</strong></span> <span class='ocrx_word' id='word_1_748' title='bbox 362 5369 494 5422; x_wconf 77' lang='grc' dir='ltr'>Θεοῦ</span> <span class='ocrx_word' id='word_1_749' title='bbox 524 5369 704 5437; x_wconf 84' lang='grc' dir='ltr'>Λόγῳ,</span> <span class='ocrx_word' id='word_1_750' title='bbox 728 5369 820 5420; x_wconf 78' lang='grc' dir='ltr'><strong>καὶ</strong></span> <span class='ocrx_word' id='word_1_751' title='bbox 846 5371 943 5439; x_wconf 79' lang='grc' dir='ltr'>τὴν</span> <span class='ocrx_word' id='word_1_752' title='bbox 976 5370 1173 5423; x_wconf 81' lang='grc' dir='ltr'>ἄϐατον</span> <span class='ocrx_word' id='word_1_753' title='bbox 1199 5372 1293 5424; x_wconf 74' lang='grc' dir='ltr'><strong>καὶ</strong></span> <span class='ocrx_word' id='word_1_754' title='bbox 1324 5376 1578 5444; x_wconf 80' lang='grc' dir='ltr'>τραχεῖαν</span> <span class='ocrx_word' id='word_1_755' title='bbox 1605 5375 1811 5446; x_wconf 72' lang='grc' dir='ltr'>ὁμαλὴν</span> 
     </span>
    </p>
   </div>
   <div class='ocr_carea' id='block_1_102' title="bbox 243 5456 1808 5535">
    <p class='ocr_par' dir='ltr' id='par_1_102' title="bbox 243 5456 1808 5535">
     <span class='ocr_line' id='line_1_102' title="bbox 243 5456 1808 5535; baseline 0.004 -23"><span class='ocrx_word' id='word_1_756' title='bbox 243 5464 425 5527; x_wconf 77' lang='grc' dir='ltr'>ποιεῖν,</span> <span class='ocrx_word' id='word_1_757' title='bbox 458 5456 728 5530; x_wconf 46' lang='lat' dir='ltr'><strong>{Vh-36?.</strong></span> <span class='ocrx_word' id='word_1_758' title='bbox 762 5461 1101 5533; x_wconf 80' lang='grc' dir='ltr'>ἐπιδημήσας</span> <span class='ocrx_word' id='word_1_759' title='bbox 1130 5464 1159 5514; x_wconf 90' lang='lat'><strong>6</strong></span> <span class='ocrx_word' id='word_1_760' title='bbox 1190 5463 1321 5525; x_wconf 80' lang='grc' dir='ltr'>Θεὸς</span> <span class='ocrx_word' id='word_1_761' title='bbox 1351 5466 1528 5535; x_wconf 86' lang='grc' dir='ltr'>ήμῶν.</span> <span class='ocrx_word' id='word_1_762' title='bbox 1572 5484 1590 5517; x_wconf 82' lang='lat' dir='ltr'><strong>t</strong></span> <span class='ocrx_word' id='word_1_763' title='bbox 1639 5467 1808 5521; x_wconf 68' lang='grc' dir='ltr'>Ἐτοιη</span> 
     </span>
    </p>
   </div>
   <div class='ocr_carea' id='block_1_103' title="bbox 239 5552 1807 5628">
    <p class='ocr_par' dir='ltr' id='par_1_103' title="bbox 239 5552 1807 5628">
     <span class='ocr_line' id='line_1_103' title="bbox 239 5552 1807 5628; baseline 0.003 -19"><span class='ocrx_word' id='word_1_764' title='bbox 239 5556 437 5628; x_wconf 74' lang='grc' dir='ltr'>μάσατε</span> <span class='ocrx_word' id='word_1_765' title='bbox 472 5554 576 5626; x_wconf 69' lang='grc' dir='ltr'>τὴν</span> <span class='ocrx_word' id='word_1_766' title='bbox 610 5552 732 5605; x_wconf 75' lang='grc' dir='ltr'>ὁδον</span> <span class='ocrx_word' id='word_1_767' title='bbox 766 5552 986 5621; x_wconf 82' lang='grc' dir='ltr'>Κυρίου·</span> <span class='ocrx_word' id='word_1_768' title='bbox 1031 5571 1049 5603; x_wconf 75' lang='grc' dir='ltr'><strong>ι</strong></span> <span class='ocrx_word' id='word_1_769' title='bbox 1090 5554 1330 5606; x_wconf 81' lang='grc' dir='ltr'>τουτέστι</span> <span class='ocrx_word' id='word_1_770' title='bbox 1365 5556 1425 5607; x_wconf 84' lang='grc' dir='ltr'><strong>τὸ</strong></span> <span class='ocrx_word' id='word_1_771' title='bbox 1456 5557 1807 5625; x_wconf 75' lang='grc' dir='ltr'>εὐαγγελικὸν</span> 
     </span>
    </p>
   </div>
   <div class='ocr_carea' id='block_1_104' title="bbox 282 5752 1381 5818">
    <p class='ocr_par' dir='ltr' id='par_1_104' title="bbox 282 5752 1381 5818">
     <span class='ocr_line' id='line_1_104' title="bbox 282 5752 1381 5818; baseline 0.011 -20"><span class='ocrx_word' id='word_1_772' title='bbox 282 5760 511 5818; x_wconf 59' lang='lat' dir='ltr'><strong>“Juno.</strong></span> <span class='ocrx_word' id='word_1_773' title='bbox 560 5770 687 5811; x_wconf 76' lang='lat' dir='ltr'><strong>xw.</strong></span> <span class='ocrx_word' id='word_1_774' title='bbox 726 5752 812 5807; x_wconf 75' lang='grc'><strong>16.</strong></span> <span class='ocrx_word' id='word_1_775' title='bbox 897 5755 938 5784; x_wconf 85' lang='grc'><strong>⁶¹</strong></span> <span class='ocrx_word' id='word_1_776' title='bbox 973 5754 1260 5817; x_wconf 57' lang='lat' dir='ltr'><strong>Mallum,</strong></span> <span class='ocrx_word' id='word_1_777' title='bbox 1300 5756 1381 5811; x_wconf 84' lang='lat' dir='ltr'><strong>l7.</strong></span> 
     </span>
    </p>
   </div>
   <div class='ocr_carea' id='block_1_105' title="bbox 1917 4549 3492 4618">
    <p class='ocr_par' dir='ltr' id='par_1_105' title="bbox 1917 4549 3492 4618">
     <span class='ocr_line' id='line_1_105' title="bbox 1917 4549 3492 4618; baseline 0.003 -17"><span class='ocrx_word' id='word_1_778' title='bbox 1917 4552 2061 4616; x_wconf 74' lang='lat' dir='ltr'><strong>cceli,</strong></span> <span class='ocrx_word' id='word_1_779' title='bbox 2093 4560 2145 4603; x_wconf 91' lang='lat' dir='ltr'><strong>et</strong></span> <span class='ocrx_word' id='word_1_780' title='bbox 2171 4549 2404 4618; x_wconf 90' lang='lat' dir='ltr'><strong>Spiritus</strong></span> <span class='ocrx_word' id='word_1_781' title='bbox 2430 4560 2649 4602; x_wconf 87' lang='lat' dir='ltr'><strong>sanctus</strong></span> <span class='ocrx_word' id='word_1_782' title='bbox 2680 4551 2728 4602; x_wconf 92' lang='lat' dir='ltr'><strong>iu</strong></span> <span class='ocrx_word' id='word_1_783' title='bbox 2763 4550 3027 4604; x_wconf 71' lang='lat' dir='ltr'><strong>columbtr</strong></span> <span class='ocrx_word' id='word_1_784' title='bbox 3052 4552 3230 4618; x_wconf 84' lang='lat' dir='ltr'><strong>specie</strong></span> <span class='ocrx_word' id='word_1_785' title='bbox 3263 4552 3492 4606; x_wconf 85' lang='lat' dir='ltr'><strong>descen-</strong></span> 
     </span>
    </p>
   </div>
   <div class='ocr_carea' id='block_1_106' title="bbox 1917 4640 3487 4710">
    <p class='ocr_par' dir='ltr' id='par_1_106' title="bbox 1917 4640 3487 4710">
     <span class='ocr_line' id='line_1_106' title="bbox 1917 4640 3487 4710; baseline 0.004 -20"><span class='ocrx_word' id='word_1_786' title='bbox 1917 4642 2072 4704; x_wconf 83' lang='lat' dir='ltr'><strong>dens,</strong></span> <span class='ocrx_word' id='word_1_787' title='bbox 2108 4655 2269 4706; x_wconf 87' lang='lat' dir='ltr'><strong>super</strong></span> <span class='ocrx_word' id='word_1_788' title='bbox 2319 4654 2385 4693; x_wconf 88' lang='lat' dir='ltr'><strong>eo</strong></span> <span class='ocrx_word' id='word_1_789' title='bbox 2418 4640 2634 4705; x_wconf 78' lang='lat' dir='ltr'><strong>insedit,</strong></span> <span class='ocrx_word' id='word_1_790' title='bbox 2674 4652 3005 4710; x_wconf 83' lang='lat' dir='ltr'><strong>paternaqne</strong></span> <span class='ocrx_word' id='word_1_791' title='bbox 3032 4659 3131 4695; x_wconf 80' lang='lat' dir='ltr'><strong>vox</strong></span> <span class='ocrx_word' id='word_1_792' title='bbox 3173 4644 3347 4697; x_wconf 88' lang='lat' dir='ltr'><strong>delata</strong></span> <span class='ocrx_word' id='word_1_793' title='bbox 3384 4657 3487 4709; x_wconf 80' lang='lat' dir='ltr'><strong>est,</strong></span> 
     </span>
    </p>
   </div>
   <div class='ocr_carea' id='block_1_107' title="bbox 1917 4730 3490 4797">
    <p class='ocr_par' dir='ltr' id='par_1_107' title="bbox 1917 4730 3490 4797">
     <span class='ocr_line' id='line_1_107' title="bbox 1917 4730 3490 4797; baseline 0.006 -15"><span class='ocrx_word' id='word_1_794' title='bbox 1917 4730 2053 4784; x_wconf 84' lang='lat' dir='ltr'><strong>Filio</strong></span> <span class='ocrx_word' id='word_1_795' title='bbox 2082 4732 2445 4786; x_wconf 83' lang='lat' dir='ltr'><strong>testimonium</strong></span> <span class='ocrx_word' id='word_1_796' title='bbox 2477 4734 2725 4797; x_wconf 84' lang='lat' dir='ltr'><strong>reddens,</strong></span> <span class='ocrx_word' id='word_1_797' title='bbox 2763 4754 2779 4784; x_wconf 83' lang='grc' dir='ltr'><strong>ι</strong></span> <span class='ocrx_word' id='word_1_798' title='bbox 2811 4734 2907 4788; x_wconf 85' lang='lat' dir='ltr'><strong>llic</strong></span> <span class='ocrx_word' id='word_1_799' title='bbox 2936 4746 3015 4789; x_wconf 88' lang='lat' dir='ltr'><strong>est</strong></span> <span class='ocrx_word' id='word_1_800' title='bbox 3044 4736 3211 4789; x_wconf 89' lang='lat' dir='ltr'><strong>Filius</strong></span> <span class='ocrx_word' id='word_1_801' title='bbox 3236 4753 3385 4791; x_wconf 90' lang='lat' dir='ltr'><strong>meus</strong></span> <span class='ocrx_word' id='word_1_802' title='bbox 3410 4740 3490 4791; x_wconf 89' lang='lat' dir='ltr'><strong>di-</strong></span> 
     </span>
    </p>
   </div>
   <div class='ocr_carea' id='block_1_108' title="bbox 1917 4824 3490 4898">
    <p class='ocr_par' dir='ltr' id='par_1_108' title="bbox 1917 4824 3490 4898">
     <span class='ocr_line' id='line_1_108' title="bbox 1917 4824 3490 4898; baseline 0.006 -23"><span class='ocrx_word' id='word_1_803' title='bbox 1917 4824 2108 4885; x_wconf 87' lang='lat' dir='ltr'><strong>lectus,</strong></span> <span class='ocrx_word' id='word_1_804' title='bbox 2167 4825 2335 4892; x_wconf 92' lang='lat' dir='ltr'><strong>ipsum</strong></span> <span class='ocrx_word' id='word_1_805' title='bbox 2378 4826 2556 4878; x_wconf 86' lang='lat' dir='ltr'><strong>audite</strong></span> <span class='ocrx_word' id='word_1_806' title='bbox 2587 4826 2650 4878; x_wconf 72' lang='grc' dir='ltr'><strong>ει.</strong></span> <span class='ocrx_word' id='word_1_807' title='bbox 2694 4846 2712 4877; x_wconf 82' lang='lat' dir='ltr'><strong>t</strong></span> <span class='ocrx_word' id='word_1_808' title='bbox 2765 4826 2887 4881; x_wconf 72' lang='lat' dir='ltr'><strong>llzec</strong></span> <span class='ocrx_word' id='word_1_809' title='bbox 2921 4830 3116 4898; x_wconf 88' lang='lat' dir='ltr'><strong>quippe</strong></span> <span class='ocrx_word' id='word_1_810' title='bbox 3149 4830 3490 4894; x_wconf 81' lang='lat' dir='ltr'><strong>dicebantur,</strong></span> 
     </span>
    </p>
   </div>
   <div class='ocr_carea' id='block_1_109' title="bbox 1914 4914 3493 4988">
    <p class='ocr_par' dir='ltr' id='par_1_109' title="bbox 1914 4914 3493 4988">
     <span class='ocr_line' id='line_1_109' title="bbox 1914 4914 3493 4988; baseline 0.004 -22"><span class='ocrx_word' id='word_1_811' title='bbox 1914 4915 2038 4985; x_wconf 87' lang='lat' dir='ltr'><strong>quia</strong></span> <span class='ocrx_word' id='word_1_812' title='bbox 2070 4914 2209 4969; x_wconf 89' lang='lat' dir='ltr'><strong>Deus</strong></span> <span class='ocrx_word' id='word_1_813' title='bbox 2236 4916 2286 4969; x_wconf 86' lang='lat' dir='ltr'><strong>in</strong></span> <span class='ocrx_word' id='word_1_814' title='bbox 2322 4917 2614 4981; x_wconf 89' lang='lat' dir='ltr'><strong>desertum,</strong></span> <span class='ocrx_word' id='word_1_815' title='bbox 2661 4933 2688 4968; x_wconf 91' lang='lat' dir='ltr'><strong>a</strong></span> <span class='ocrx_word' id='word_1_816' title='bbox 2719 4918 2914 4971; x_wconf 65' lang='lat' dir='ltr'><strong>saeculo</strong></span> <span class='ocrx_word' id='word_1_817' title='bbox 2958 4920 3274 4988; x_wconf 82' lang='lat' dir='ltr'><strong>impervium</strong></span> <span class='ocrx_word' id='word_1_818' title='bbox 3304 4931 3356 4974; x_wconf 89' lang='lat' dir='ltr'><strong>et</strong></span> <span class='ocrx_word' id='word_1_819' title='bbox 3408 4922 3493 4974; x_wconf 91' lang='lat' dir='ltr'><strong>iu-</strong></span> 
     </span>
    </p>
   </div>
   <div class='ocr_carea' id='block_1_110' title="bbox 1915 5008 3494 5082">
    <p class='ocr_par' dir='ltr' id='par_1_110' title="bbox 1915 5008 3494 5082">
     <span class='ocr_line' id='line_1_110' title="bbox 1915 5008 3494 5082; baseline 0.004 -21"><span class='ocrx_word' id='word_1_820' title='bbox 1915 5024 2211 5071; x_wconf 84' lang='lat' dir='ltr'><strong>aceessunt,</strong></span> <span class='ocrx_word' id='word_1_821' title='bbox 2270 5008 2602 5063; x_wconf 86' lang='lat' dir='ltr'><strong>adventurus</strong></span> <span class='ocrx_word' id='word_1_822' title='bbox 2649 5021 2786 5066; x_wconf 80' lang='lat' dir='ltr'><strong>erat.</strong></span> <span class='ocrx_word' id='word_1_823' title='bbox 2859 5012 3027 5065; x_wconf 84' lang='lat' dir='ltr'><strong>Erant</strong></span> <span class='ocrx_word' id='word_1_824' title='bbox 3084 5029 3246 5081; x_wconf 88' lang='lat' dir='ltr'><strong>porro</strong></span> <span class='ocrx_word' id='word_1_825' title='bbox 3304 5026 3494 5082; x_wconf 80' lang='lat' dir='ltr'><strong>gentes</strong></span> 
     </span>
    </p>
   </div>
   <div class='ocr_carea' id='block_1_111' title="bbox 1909 5100 3491 5172">
    <p class='ocr_par' dir='ltr' id='par_1_111' title="bbox 1909 5100 3491 5172">
     <span class='ocr_line' id='line_1_111' title="bbox 1909 5100 3491 5172; baseline 0.001 -18"><span class='ocrx_word' id='word_1_826' title='bbox 1909 5116 2096 5154; x_wconf 77' lang='lat' dir='ltr'><strong>Omnes</strong></span> <span class='ocrx_word' id='word_1_827' title='bbox 2170 5100 2263 5153; x_wconf 90' lang='lat' dir='ltr'><strong>Dei</strong></span> <span class='ocrx_word' id='word_1_828' title='bbox 2331 5102 2643 5171; x_wconf 84' lang='lat' dir='ltr'><strong>cognitione</strong></span> <span class='ocrx_word' id='word_1_829' title='bbox 2722 5117 2923 5167; x_wconf 69' lang='lat' dir='ltr'><strong>vacuae,</strong></span> <span class='ocrx_word' id='word_1_830' title='bbox 2979 5119 3269 5172; x_wconf 85' lang='lat' dir='ltr'><strong>aquarum</strong></span> <span class='ocrx_word' id='word_1_831' title='bbox 3343 5106 3491 5157; x_wconf 85' lang='lat' dir='ltr'><strong>aditu</strong></span> 
     </span>
    </p>
   </div>
   <div class='ocr_carea' id='block_1_112' title="bbox 1913 5194 3492 5264">
    <p class='ocr_par' dir='ltr' id='par_1_112' title="bbox 1913 5194 3492 5264">
     <span class='ocr_line' id='line_1_112' title="bbox 1913 5194 3492 5264; baseline 0.004 -18"><span class='ocrx_word' id='word_1_832' title='bbox 1913 5208 2099 5249; x_wconf 88' lang='lat' dir='ltr'><strong>omnes</strong></span> <span class='ocrx_word' id='word_1_833' title='bbox 2121 5194 2247 5262; x_wconf 88' lang='lat' dir='ltr'><strong>justi</strong></span> <span class='ocrx_word' id='word_1_834' title='bbox 2277 5194 2371 5249; x_wconf 88' lang='lat' dir='ltr'><strong>Dei</strong></span> <span class='ocrx_word' id='word_1_835' title='bbox 2390 5211 2452 5249; x_wconf 91' lang='lat' dir='ltr'><strong>ac</strong></span> <span class='ocrx_word' id='word_1_836' title='bbox 2475 5198 2750 5264; x_wconf 66' lang='lat' dir='ltr'><strong>prophetae</strong></span> <span class='ocrx_word' id='word_1_837' title='bbox 2769 5200 3111 5251; x_wconf 85' lang='lat' dir='ltr'><strong>arcebantur.</strong></span> <span class='ocrx_word' id='word_1_838' title='bbox 3130 5198 3492 5264; x_wconf 82' lang='lat' dir='ltr'><strong>Quamobrem</strong></span> 
     </span>
    </p>
   </div>
   <div class='ocr_carea' id='block_1_113' title="bbox 1908 5286 3492 5356">
    <p class='ocr_par' dir='ltr' id='par_1_113' title="bbox 1908 5286 3492 5356">
     <span class='ocr_line' id='line_1_113' title="bbox 1908 5286 3492 5356; baseline 0.003 -19"><span class='ocrx_word' id='word_1_839' title='bbox 1908 5286 2062 5352; x_wconf 88' lang='lat' dir='ltr'><strong>jubet</strong></span> <span class='ocrx_word' id='word_1_840' title='bbox 2094 5301 2195 5340; x_wconf 81' lang='lat' dir='ltr'><strong>vox</strong></span> <span class='ocrx_word' id='word_1_841' title='bbox 2232 5287 2344 5351; x_wconf 89' lang='lat' dir='ltr'><strong>illa,</strong></span> <span class='ocrx_word' id='word_1_842' title='bbox 2392 5288 2531 5340; x_wconf 89' lang='lat' dir='ltr'><strong>viam</strong></span> <span class='ocrx_word' id='word_1_843' title='bbox 2578 5304 2769 5356; x_wconf 87' lang='lat' dir='ltr'><strong>parare</strong></span> <span class='ocrx_word' id='word_1_844' title='bbox 2814 5288 2909 5344; x_wconf 89' lang='lat' dir='ltr'><strong>Dei</strong></span> <span class='ocrx_word' id='word_1_845' title='bbox 2955 5288 3156 5353; x_wconf 86' lang='lat' dir='ltr'><strong>Verbo,</strong></span> <span class='ocrx_word' id='word_1_846' title='bbox 3186 5301 3241 5344; x_wconf 89' lang='lat' dir='ltr'><strong>et</strong></span> <span class='ocrx_word' id='word_1_847' title='bbox 3290 5290 3492 5343; x_wconf 83' lang='lat' dir='ltr'><strong>inviam</strong></span> 
     </span>
    </p>
   </div>
   <div class='ocr_carea' id='block_1_114' title="bbox 1919 5379 3489 5449">
    <p class='ocr_par' dir='ltr' id='par_1_114' title="bbox 1919 5379 3489 5449">
     <span class='ocr_line' id='line_1_114' title="bbox 1919 5379 3489 5449; baseline 0.003 -20"><span class='ocrx_word' id='word_1_848' title='bbox 1919 5391 2275 5446; x_wconf 82' lang='lat' dir='ltr'><strong>asperamque</strong></span> <span class='ocrx_word' id='word_1_849' title='bbox 2330 5379 2698 5449; x_wconf 81' lang='lat' dir='ltr'><strong>complanare,</strong></span> <span class='ocrx_word' id='word_1_850' title='bbox 2756 5390 2810 5434; x_wconf 88' lang='grc' dir='ltr'>ιιι</span> <span class='ocrx_word' id='word_1_851' title='bbox 2878 5398 2938 5435; x_wconf 88' lang='lat' dir='ltr'><strong>eo</strong></span> <span class='ocrx_word' id='word_1_852' title='bbox 2998 5384 3287 5435; x_wconf 75' lang='lat' dir='ltr'><strong>adVeuiens</strong></span> <span class='ocrx_word' id='word_1_853' title='bbox 3353 5381 3489 5435; x_wconf 72' lang='lat' dir='ltr'><strong>Deut</strong></span> 
     </span>
    </p>
   </div>
   <div class='ocr_carea' id='block_1_115' title="bbox 1919 5472 3485 5542">
    <p class='ocr_par' dir='ltr' id='par_1_115' title="bbox 1919 5472 3485 5542">
     <span class='ocr_line' id='line_1_115' title="bbox 1919 5472 3485 5542; baseline 0.001 -19"><span class='ocrx_word' id='word_1_854' title='bbox 1919 5483 2103 5528; x_wconf 86' lang='lat' dir='ltr'><strong>noster</strong></span> <span class='ocrx_word' id='word_1_855' title='bbox 2150 5472 2398 5542; x_wconf 87' lang='lat' dir='ltr'><strong>progredi</strong></span> <span class='ocrx_word' id='word_1_856' title='bbox 2437 5473 2629 5527; x_wconf 88' lang='lat' dir='ltr'><strong>valeat.</strong></span> <span class='ocrx_word' id='word_1_857' title='bbox 2672 5491 2691 5524; x_wconf 78' lang='grc' dir='ltr'><strong>ι</strong></span> <span class='ocrx_word' id='word_1_858' title='bbox 2736 5472 2929 5528; x_wconf 85' lang='lat' dir='ltr'><strong>Parate</strong></span> <span class='ocrx_word' id='word_1_859' title='bbox 2971 5476 3111 5527; x_wconf 84' lang='lat' dir='ltr'><strong>viam</strong></span> <span class='ocrx_word' id='word_1_860' title='bbox 3163 5474 3415 5534; x_wconf 86' lang='lat' dir='ltr'><strong>Domini;</strong></span> <span class='ocrx_word' id='word_1_861' title='bbox 3468 5494 3485 5525; x_wconf 78' lang='grc' dir='ltr'><strong>ι</strong></span> 
     </span>
    </p>
   </div>
   <div class='ocr_carea' id='block_1_116' title="bbox 1915 5564 3487 5637">
    <p class='ocr_par' dir='ltr' id='par_1_116' title="bbox 1915 5564 3487 5637">
     <span class='ocr_line' id='line_1_116' title="bbox 1915 5564 3487 5637; baseline 0.003 -20"><span class='ocrx_word' id='word_1_862' title='bbox 1915 5578 1976 5617; x_wconf 88' lang='lat' dir='ltr'><strong>ea</strong></span> <span class='ocrx_word' id='word_1_863' title='bbox 2006 5572 2088 5617; x_wconf 82' lang='lat' dir='ltr'><strong>est</strong></span> <span class='ocrx_word' id='word_1_864' title='bbox 2135 5564 2441 5634; x_wconf 77' lang='lat' dir='ltr'><strong>evangelica</strong></span> <span class='ocrx_word' id='word_1_865' title='bbox 2480 5565 2810 5636; x_wconf 67' lang='lat' dir='ltr'><strong>pradicatio,</strong></span> <span class='ocrx_word' id='word_1_866' title='bbox 2868 5582 3112 5637; x_wconf 83' lang='lat' dir='ltr'><strong>novaque</strong></span> <span class='ocrx_word' id='word_1_867' title='bbox 3167 5567 3487 5633; x_wconf 78' lang='lat' dir='ltr'><strong>consolatio,</strong></span> 
     </span>
    </p>
   </div>
  </div>
