4120 6294
673 321 777 382 δτι
1339 315 1604 373 EUSEBIl
1641 314 2113 372 assensus
2147 316 2294 373 OPP.
2337 317 2518 376 psus
2554 319 2642 375 nt.
2668 349 2735 361 —
2773 291 3181 380 necem.
3775 323 3891 383 sn

603 462 606 463 ν
677 440 853 507 «nites
886 430 1234 505 dignoscitur,
1283 431 1404 501 jure
1434 445 1497 485 ea
1527 445 1646 500 quae
1669 445 1831 502 penes
1856 445 1952 486 nos
1986 434 2214 486 nissime

2326 433 2521 502 μεγέθη
2541 434 2607 504 τι
2627 432 2722 487 τοῦ
2751 433 3051 505 κρείττονος
3074 433 3371 506 παραθέσει
3393 425 3700 506 cumam.
3734 435 3888 506 ἡμας

680 531 966 590 habentur;
998 525 1194 580 collata
1235 538 1353 578 cum
1392 522 1499 576 Deo
1531 532 1804 588 extenuat,
1838 521 1906 577 ad
1937 522 2224 578 conditoris

2326 526 2404 588 εἰς
2447 523 2651 578 ἔννοιαν
2699 524 3165 597 προσκαλούμενος
3215 523 3306 577 τοῦ
3339 524 3409 577 τὰ
3450 523 3741 595 σύμπαντα
3791 543 3888 580 συ-

674 618 913 674 omniutn
943 615 1185 671 notitiam
1218 628 1318 668 nos
1338 627 1590 668 evocans.
1997 655 2000 657 Α

746 706 911 762 Vens.
947 707 1143 769 15.11.
1207 724 1227 756 t
1269 703 1399 770 Quis
1435 704 1582 758 novit
1627 715 1856 760 mentem
1901 704 2144 760 Domini?
2169 714 2225 762 e1

675 799 795 870 quis
840 800 958 868 ejus
1001 796 1337 852 consiliarius
1373 794 1492 860 fuit,
1527 795 1617 864 qui
1666 796 1898 850 instruat
1942 797 2224 851 eumlsut

675 904 835 958 quem
881 886 1146 942 consuluit
1209 884 1302 952 qui
1368 884 1688 938 instruxerit
1751 885 1918 940 eum?
1971 896 2064 940 aut
2102 888 2222 957 quis

675 976 910 1030 ostendit
958 975 1007 1028 ei
1046 973 1342 1042 judicium.
1410 980 1500 1026 aut
1559 971 1698 1025 viam
1755 974 2049 1041 prudentia:
2102 979 2223 1046 quis

677 1062 992 1118 monstravit
1042 1061 1184 1116 eiii
1246 1060 1379 1126 Quia
1414 1061 1556 1116 enim
1605 1060 2051 1134 interrogaverat,
2099 1069 2223 1138 quis

675 1163 824 1208 esset
857 1152 947 1222 qui
983 1151 1098 1206 haec
1124 1152 1388 1206 exsistere
1429 1148 1662 1220 fecisset,
1699 1162 1752 1206 et
1775 1154 1894 1223 quis
1923 1171 2044 1210 cum
2075 1173 2221 1212 men-

677 1257 805 1297 sura
829 1251 882 1295 et
912 1239 1147 1309 pondere
1178 1240 1289 1295 haec
1317 1241 1651 1307 adornasset,
1692 1253 2081 1310 consequenter
2107 1255 2216 1299 trav

675 1329 754 1383 dit
799 1329 1088 1394 neminem,
1117 1330 1217 1383 nisi
1271 1343 1429 1383 unam
1475 1340 1680 1384 tantum
1721 1333 1969 1388 erunibus
2017 1335 2221 1389 incom-

675 1421 1088 1493 prehensihilem
1120 1429 1348 1476 mentem
1377 1436 1393 1472 :
1418 1435 1583 1491 quare
1608 1423 1811 1487 subdit,
1859 1443 1877 1475 ι
1913 1424 2042 1485 Ouis
2075 1426 2221 1479 novit

677 1525 908 1568 tuentem
944 1512 1196 1567 Domini?
1222 1530 1242 1563 ι
1284 1526 1404 1581 quae
1448 1513 1703 1582 pradicta
1751 1516 1928 1568 omnia
1961 1518 2218 1583 condidlt,

675 1618 795 1665 qua:
823 1603 966 1658 nullo
995 1617 1156 1671 egens
1186 1601 1512 1665 consiliario,
1543 1617 1715 1672 neque
1749 1603 1973 1673 alicujus
2003 1618 2218 1662 senten-

679 1696 750 1746 tia
778 1709 893 1757 usa,
923 1703 1107 1762 suapte
1131 1693 1412 1762 sapientia,
1429 1707 1548 1763 quae
1573 1694 1873 1750 nullatenus
1894 1697 2220 1752 essistehant

673 1785 741 1837 ad
779 1785 1062 1838 essentiam
1099 1784 1355 1838 traduxit.

747 1872 900 1929 Vens.
927 1875 1010 1938 15,
1043 1873 1126 1928 16.
1158 1892 1176 1925 ι
1209 1874 1266 1929 Si
1317 1889 1506 1930 omnes
1546 1885 1730 1945 gentes
1769 1885 2019 1948 tanquam
2067 1887 2217 1948 gutta

672 1963 868 2030 situla,
921 1973 974 2019 et
1026 1975 1275 2034 tanquam
1322 1977 1646 2021 momentum
1691 1978 1906 2022 statera:
1962 1979 2220 2038 reputate

673 2064 828 2118 sunt,
860 2065 1111 2125 tanquam
1141 2054 1303 2110 saliva
1352 2057 1706 2112 habebuntur.
1761 2055 1998 2114 Libanus
2041 2070 2216 2114 autem

677 2162 783 2202 non
802 2145 993 2201 sullicit
1021 2148 1088 2200 ad
1107 2148 1550 2212 comburendum,
1567 2158 1622 2202 et
1649 2150 1827 2204 omnia
1857 2150 2216 2220 quadrupedia

674 2253 782 2292 non
813 2239 1076 2293 sufﬁciunt
1105 2239 1170 2292 ad
1209 2238 1608 2294 holocaustum.
1635 2257 1654 2292 ι
1699 2241 1952 2306 Quaenam
1978 2242 2058 2296 lia:
2086 2257 2218 2310 geu—

672 2336 772 2394 tes,
816 2330 914 2384 nisi
953 2343 1071 2399 qua:
1115 2328 1279 2384 Deum
1324 2342 1431 2383 non
1479 2340 1758 2396 noverunt,
1789 2330 1880 2385 sed
1910 2330 2220 2387 idololatria:

672 2419 846 2473 errori
897 2420 1122 2475 addicta:
1152 2418 1319 2472 sunt?
1365 2418 1493 2484 Quae
1540 2427 1788 2487 tanquam
1837 2421 1973 2474 stilla
2021 2421 2217 2486 situla,

677 2519 926 2578 tanquam
978 2521 1302 2565 momentum
1351 2521 1583 2578 staterae,
1634 2521 1689 2566 et
1750 2520 2001 2580 tanquam
2049 2512 2218 2567 saliva

675 2600 983 2669 reputandm
1024 2601 1292 2655 dicuntur.

750 2689 911 2744 Vens.
932 2689 1124 2754 17,18.
1148 2711 1165 2743 t
1191 2691 1255 2746 Et
1290 2707 1479 2746 omnes
1507 2702 1695 2762 gentes
1720 2694 1871 2763 quasi
1909 2693 2041 2749 nihil
2074 2703 2216 2758 sunt,

675 2791 730 2836 et
761 2781 812 2835 in
839 2781 1057 2834 nihilum
1093 2780 1500 2850 reputabuntur.
1531 2783 1628 2836 Cui
1664 2785 1999 2839 assimilastis
2042 2785 2221 2840 Domi-

676 2873 847 2929 num?
874 2883 929 2929 et
958 2874 1043 2927 cui
1076 2873 1291 2943 imagini
1319 2887 1440 2927 eum
1472 2873 1851 2932 assimilastis?
1890 2894 1910 2928 ι
1941 2876 2068 2942 Quae
2094 2893 2221 2933 con-

2321 614 2676 685 στησαμένου.

2397 723 2417 754 ι
2459 703 2554 768 Τίς
2569 702 2716 772 ἱγνω
2740 704 2864 758 νοῦν
2889 704 3092 775 Κυρίου
3113 720 3130 768 ;
3156 705 3249 756 καὶ
3267 704 3352 768 τίς
3382 704 3544 759 αὑτοῦ
3579 703 3882 774 σύμϐουλος

2319 793 2556 861 ἐγένετο,
2589 793 2651 857 ὃς
2675 793 2912 865 συμϐιϐᾷ
2937 795 3096 848 αὐτόν
3119 794 3190 865 ;ἢ
3222 795 3357 866 πρὸς
3389 796 3508 848 τίνα
3542 794 3882 848 συνεϐουλεύο

2321 899 2473 947 σατο,
2504 883 2595 937 καὶ
2619 883 2967 937 συνεϐίϐασεν
2992 885 3182 947 αὐτόν;
3214 883 3245 954 ἦ
3271 883 3352 946 τίς
3375 883 3571 949 ἔδειξεν
3591 885 3733 956 αὐτῷ
3755 884 3881 956 κρί-

2322 989 2435 1039 σιν;
2478 974 2510 1045 ἢ
2545 973 2664 1028 ὁδὸν
2708 974 2976 1038 συνέσεως
3018 975 3099 1038 τίς
3139 973 3337 1037 ἔδειξεν
3367 970 3546 1044 αύτῷ;
3596 995 3615 1027 «ι
3658 976 3879 1048 Ἐπειδὴ

2320 1064 2430 1134 γάρ
2456 1063 2726 1137 ἠρώτησε,
2761 1065 2843 1127 τίς
2875 1067 2904 1118 ό
2929 1065 3101 1118 ταῦτα
3132 1065 3589 1136 ὑποστησάμενος,
3621 1067 3712 1120 καὶ
3735 1069 3818 1131 τίς
3845 1069 3880 1121 6

2325 1155 2507 1225 μέτρῳ
2551 1154 2643 1208 καὶ
2675 1154 2896 1225 σταθμῷ
2923 1154 3095 1208 ταῦτα
3128 1153 3534 1224 διαταξάμενος,
3573 1157 3881 1222 ἀκολούθως

2320 1245 2658 1309 ἀποδίδωσιν,
2691 1245 2767 1309 ὡς
2792 1245 2967 1309 οὐδεὶς
2995 1247 3027 1316 ἦ
3060 1241 3141 1310 εἷς
3167 1246 3326 1315 μόνος
3355 1249 3384 1299 ό
3410 1249 3521 1311 τοῖς
3553 1248 3716 1300 πᾶσιν
3739 1249 3886 1302 ἀκα-

2317 1337 2584 1406 τάληπτος
2597 1336 2740 1402 νοῦς,
2757 1337 2835 1390 διὸ
2860 1337 3118 1404 ἐπιλέγειο
3144 1337 3266 1401 ιΤίς
3291 1339 3428 1406 ἔγνω
3445 1338 3568 1391 νοῦν
3591 1339 3824 1408 Κυρίους
3849 1359 3870 1390 s

2317 1427 2410 1480 τὸν
2431 1427 2540 1481 τῶν
2567 1427 2866 1498 εἰρημένων
2891 1428 3141 1480 ἁπάντων
3174 1429 3472 1497 ποιητικὸν,
3505 1430 3561 1492 ὃς
3585 1429 3705 1482 οὔτε
3735 1447 3883 1500 συμ-

2319 1516 2510 1571 ϐούλου
2539 1517 2767 1589 δεηθεὶς,
2799 1517 2919 1570 οὔτε
2953 1521 3103 1587 παρά
3146 1535 3288 1581 τινος
3321 1518 3545 1588 γνώμην
3571 1519 3765 1583 λαϐὼν,
3803 1522 3872 1591 τῇ

2319 1607 2478 1662 αὑτοῦ
2517 1595 2674 1680 σοφία
2713 1610 2783 1662 τά
2815 1610 3036 1680 μηδαμῆ
3071 1610 3333 1680 μηδαμῶς
3377 1610 3657 1664 ὑφεστῶτα
3688 1613 3750 1664 ὲκ
3777 1611 3874 1664 τοῦ

2323 1697 2398 1769 μὴ
2427 1698 2575 1762 ὄντος
2602 1701 2682 1761 είς
2701 1700 2762 1751 τὸ
2785 1695 2922 1753 εἶναι
2956 1704 3292 1771 παρήγαγεν.

2395 1888 2414 1920 t
2450 1871 2512 1924 El
2539 1870 2715 1924 πάντα
2744 1871 2812 1926 τά
2837 1871 2961 1942 ἔθνη
2992 1872 3066 1935 ὡς
3094 1871 3305 1940 σταγὼν
3330 1873 3436 1926 ἀπὺ
3467 1872 3648 1936 κάδον,
3685 1873 3778 1926 καὶ
3799 1873 3876 1937 ὡς

2319 1961 2462 2032 ῥοπὴ
2503 1961 2665 2030 ζυγοῦ
2709 1962 3079 2034 ἐλογίσθησαν,
3117 1964 3192 2026 ὡς
3237 1962 3407 2026 σίελος
3449 1963 3878 2033 λογισθήσονται.

2331 2053 2390 2105 '0
2425 2053 2482 2106 δὲ
2526 2053 2755 2116 Λίῦανος
2779 2055 2879 2124 οὐχ
2912 2054 3090 2117 ἱκανὸς
3117 2056 3194 2116 είς
3233 2052 3443 2119 καῦσιν,
3484 2055 3575 2106 καὶ
3606 2053 3784 2106 πάντα
3806 2053 3878 2106 τὰ

2320 2142 2622 2216 τετράποδα
2668 2146 2762 2216 οὐχ
2809 2146 2968 2199 ίκανά
3010 2148 3089 2209 είς
3131 2147 3520 2216 όλοκάρπωσιν.
3561 2164 3580 2197 ι
3631 2146 3768 2198 Ποῖα
3813 2144 3875 2198 δὲ

2317 2235 2491 2290 ταῦτα
2517 2236 2551 2306 ἢ
2579 2236 2646 2289 τά
2669 2237 2759 2290 τὸν
2788 2237 2917 2290 Θεὸν
2955 2238 3028 2307 μὴ
3066 2237 3261 2300 εἰδότα,
3294 2236 3694 2309 προστετηκότα
3719 2235 3774 2288 δὲ
3803 2238 3872 2306 τῇ

2321 2329 2496 2402 πλάνῃ
2535 2329 2633 2400 τῆς
2674 2328 3144 2399 είδωλολατρείαςς
3193 2331 3258 2381 ’Δ
3299 2328 3361 2400 δὴ
3401 2327 3494 2381 καὶ
3533 2328 3610 2391 ὡς
3658 2325 3876 2394 σταγὼν

2320 2409 2427 2475 ἀὲτδ
2453 2421 2636 2484 κάδου,
2667 2421 2760 2476 καὶ
2799 2420 2873 2483 ὡς
2903 2422 3044 2493 ῥοπὴ
3079 2420 3262 2489 ζυγοῦ,
3294 2422 3385 2475 και
3409 2421 3483 2484 ὡς
3525 2420 3698 2483 σίελος
3731 2417 3856 2489 λογιΔ

2321 2510 2610 2582 σθήσεσθαι
2639 2512 2872 2580 ἐλέγετο.

2392 2708 2412 2743 s
2453 2692 2560 2744 Καὶ
2593 2691 2766 2746 πάντα
2800 2692 2868 2746 τά
2895 2692 3022 2762 ἔθνη
3057 2693 3133 2756 ὡς
3156 2693 3308 2746 οὐδέν
3336 2695 3460 2756 εἱσι,
3488 2695 3581 2747 καὶ
3613 2697 3694 2756 εἰς
3720 2695 3882 2749 οὐθὲν

2322 2779 2683 2852 ἐλογίσθησαν.
2752 2783 2871 2836 Τίνι
2941 2783 3256 2854 ὡμοιὼσατε
3328 2785 3563 2855 Κύριον,
3621 2785 3717 2838 καὶ
3769 2785 3876 2838 τίνι

2316 2870 2619 2941 ὁμοιώματι
2656 2870 2971 2947 ὡμοιώσατε
3008 2875 3202 2939 abso»;
3253 2894 3271 2926 ι
3322 2877 3387 2928 ’Δ
3433 2875 3529 2928 καὶ
3572 2875 3876 2940 ἀκολούθως

675 2976 963 3035 sequentur
1017 2965 1245 3029 induxit,
1297 2973 1581 3034 postquam
1638 2963 1731 3020 Dei
1794 2966 2112 3035 theOIOgiam
2165 2969 2218 3023 in

2326 2962 2566 3031 ίπήγαγε
2607 2961 2744 3031 μετά
2783 2962 2844 3015 τὸ
2881 2963 3216 3033 παραθέσθαι
3250 2964 3346 3035 τὴν
3373 2966 3498 3035 περὶ
3527 2965 3661 3018 Θεοῦ
3701 2965 3877 3019 θεολο-

677 3057 909 3110 medium
948 3056 1147 3120 attulit,
1197 3064 1252 3109 et
1300 3065 1582 3125 postquam
1613 3055 1861 3125 gentibus
1900 3059 2217 3126 enuntiavit,

2326 3052 2466 3122 γίαν,
2508 3051 2739 3122 κηρύξαι
2770 3069 2829 3104 τε
2874 3056 2986 3116 τοῖς
3033 3053 3237 3107 ἔθνεσιν
3280 3056 3400 3118 ὅσος
3439 3050 3506 3126 ἦν
3538 3056 3566 3108 ὁ
3603 3056 3876 3127 μετρήσας

673 3153 909 3213 quantus
944 3153 1086 3197 esset
1141 3144 1207 3208 is,
1262 3143 1352 3212 qui
1410 3157 1601 3212 aquam
1639 3159 1796 3197 manu
1847 3159 2067 3199 mensus
2117 3156 2219 3212 est,

2326 3144 2390 3213 τῇ
2423 3142 2564 3211 χειρὶ
2591 3141 2651 3194 τὸ
2680 3141 2842 3211 ὕδωρ,
2876 3142 3078 3194 καὶτὸν
3098 3143 3323 3213 οὐρανὸν
3355 3143 3621 3215 σπιθαμῇ,
3663 3147 3758 3197 καὶ
3779 3145 3876 3214 τήν

677 3235 850 3303 palma
908 3234 1124 3297 malum,
1160 3242 1214 3288 et
1262 3243 1456 3287 terram
1496 3247 1706 3289 onmem
1750 3234 1969 3304 pugillo,
2027 3236 2223 3304 quique

679 3333 888 3379 montes
921 3325 1170 3392 pondere,
1216 3332 1271 3376 et
1326 3321 1489 3376 valles
1549 3331 1748 3377 statera
1781 3322 2086 3378 constituit.
2128 3322 2224 3379 His

679 3421 857 3488 itaque
896 3418 1134 3486 apposite
1165 3417 1376 3472 confert
1415 3431 1653 3471 errorem
1685 3416 1857 3482 illum,
1903 3431 2008 3486 quo
2038 3427 2223 3485 gentes

677 3509 1048 3564 detinebantur
1077 3524 1090 3561 :
1127 3507 1194 3561 ab
1230 3522 1398 3576 eoque
1433 3507 1550 3560 illas
1580 3515 1850 3572 avertens,
1879 3507 1944 3560 ad
1974 3508 2220 3562 notitiam

677 3601 814 3668 ejus,
840 3600 929 3666 qui
960 3600 1096 3655 Deus
1115 3612 1232 3653 esse
1252 3599 1589 3667 praedicatur,
1619 3610 1828 3652 evocat.

746 3688 909 3745 Vns.
936 3690 1120 3745 l9-25.
1149 3707 1168 3740 t
1198 3688 1383 3742 Annon
1410 3689 1692 3757 imaginem
1717 3687 1842 3743 fecit
1863 3687 2033 3753 faber,
2060 3697 2113 3744 et
2135 3703 2224 3742 an-

679 3780 818 3836 rifex
861 3781 1089 3835 conﬂato
1131 3795 1262 3834 auro
1307 3778 1576 3833 inauravit
1618 3779 1784 3832 eam?
1825 3778 2221 3834 similitudinem

680 3868 808 3923 fecit
826 3884 944 3923 eam
965 3869 990 3921 ‘P
1014 3867 1241 3938 Lignum
1272 3867 1435 3929 enim.
1461 3866 1602 3935 quod
1630 3881 1733 3921 non
1762 3877 2051 3935 putrescat,
2075 3868 2225 3939 eligit

681 3959 850 4024 faber,
879 3966 931 4013 et
958 3960 1227 4029 sapienter
1253 3968 1451 4026 quaeret
1484 3957 1751 4025 quomodo
1779 3965 1983 4010 statuat
2035 3959 2222 4027 imagi-

681 4062 801 4101 nem
829 4062 893 4101 ex
919 4061 1002 4112 eo,
1035 4055 1090 4100 et
1119 4057 1177 4099 ut
1219 4062 1324 4100 ttou
1350 4055 1766 4100 commoveatur.
1795 4044 1982 4100 Nonne
2010 4047 2225 4102 scietis?

684 4150 861 4190 nonne
901 4133 1164 4188 audietis?
1196 4136 1383 4187 Annon
1441 4131 1818 4185 annuntiatum
1862 4142 1944 4186 est
1999 4133 2147 4188 vobis
2192 4150 2223 4188 a

682 4226 980 4295 principio?
1013 4240 1115 4278 non
1159 4223 1482 4291 cognovistis
1533 4215 1876 4276 fundamenta
1917 4227 2224 4294 terramqui

681 4317 921 4374 continet
951 4330 1136 4385 gyrum
1163 4324 1336 4377 terrae,
1368 4321 1424 4366 et
1470 4313 1796 4367 habitatores
1831 4314 1946 4383 ejus
1968 4317 2120 4384 quasi
2151 4318 2228 4371 lo-

2323 3230 2424 3300 γῆν
2467 3231 2643 3282 πᾶσαν
2674 3229 2854 3299 δρακὶ,
2881 3229 2949 3282 τά
2973 3247 3032 3282 τε
3060 3230 3159 3302 ὅρη
3187 3232 3411 3303 σταθμῷ
3448 3234 3542 3286 καὶ
3565 3234 3662 3296 τὰς
3701 3235 3876 3295 νάπας

2324 3319 2471 3389 ζυγῴ
2509 3319 2926 3390 συστησάμενος.
2956 3320 3174 3384 Τούτοις
3206 3322 3336 3390 γοῦν
3360 3322 3669 3390 ἀναγκαίως
3696 3335 3876 3394 παρα-

2323 3409 2502 3464 ϐάλλει
2532 3409 2628 3481 τὴν
2653 3409 2983 3480 κατέχουσαν
3019 3411 3224 3482 πλάνην
3257 3411 3366 3463 τῶν
3405 3412 3593 3476 ἐθνῶν,
3619 3414 3879 3484 ἀποστρὸ-

2323 3520 2437 3571 φων
2461 3503 2645 3574 αὐτῆς,
2673 3502 3104 3574 ἀνακαλούμενος
3130 3505 3186 3558 δὲ
3208 3506 3286 3567 είς
3323 3504 3618 3574 ἐπίγνωσιν
3644 3505 3737 3558 τοῦ
3762 3506 3878 3559 θεο-

2323 3592 2478 3660 λογου
2486 3593 2668 3663 μένου.

2407 3702 2424 3734 t
2460 3684 2550 3754 Μὴ
2574 3683 2754 3734 εἰκόνα
2793 3681 3013 3754 ἐποίησε
3037 3683 3276 3744 τέκτων;
3303 3683 3336 3754 ἢ
3362 3683 3648 3755 χρυσοχόος
3681 3685 3881 3754 χωνεύι

2327 3793 2424 3838 σας
2480 3774 2698 3845 χρυσίον
2740 3773 3170 3845 περιεχρύσωσεν
3230 3774 3420 3840 αύτόν;
3455 3777 3706 3848 ὁμοίωμα
3749 3794 3874 3830 κατ-

2324 3866 2614 3920 εσκεύασεν
2637 3864 2826 3929 αὐτόν;
2861 3865 3024 3918 Ξύλον
3061 3866 3168 3937 γὰρ
3201 3865 3440 3936 ἄσηπτον
3475 3867 3752 3935 ἐκλέγεται
3795 3869 3881 3922 τέ-

2326 3975 2487 4020 κτων,
2521 3957 2614 4009 καὶ
2652 3954 2829 4023 σοφῶς
2861 3953 3082 4026 ζητήσει
3110 3955 3225 4017 πῶς
3263 3956 3451 4025 στήσει
3476 3956 3655 4008 εἰκόνα
3694 3956 3879 4022 αὑτοῦ,

2327 4049 2421 4102 καὶ
2453 4049 2536 4100 ἵνα
2563 4049 2634 4119 μὴ
2660 4048 2966 4117 σαλεύηται.
2995 4049 3068 4100 Οὐ
3101 4047 3404 4116 γνώσεσθε;
3431 4049 3530 4102 οὐκ
3552 4048 3880 4114 ἀκούσεσθε;

2328 4143 2440 4194 Οὐκ
2460 4141 2729 4211 ἀνηγγέλη
2748 4138 2806 4205 ἐξ
2822 4141 2992 4210 ἀρχῆς
3009 4141 3161 4208 ὑμίν;
3185 4141 3283 4192 οὐκ
3310 4139 3506 4208 ἔγνωτε
3550 4140 3620 4193 τά
3661 4141 3883 4211 θεμέλια

2325 4231 2560 4301 τῆςχῆς.
2579 4231 2635 4282 '0
2652 4229 2893 4298 κατέχων
2911 4229 3000 4281 τὸν
3015 4227 3179 4299 γύρον
3191 4228 3291 4297 τῆς
3305 4228 3428 4298 γῆς,
3446 4230 3604 4282 καὶοί
3617 4229 3882 4282 ἐνοικοῦν-

2329 4341 2417 4385 τες
2434 4324 2489 4374 ἐν
2507 4323 2640 4392 αὐτῇ
2656 4321 2728 4384 ὡς
2744 4319 2977 4389 ἀκρίδες
2995 4319 3023 4370 ὁ
3039 4319 3239 4389 στήσας
3255 4318 3330 4381 ὡς
3350 4319 3602 4389 καμάραν
3622 4317 3710 4369 τὸν
3728 4320 3786 4369 οὐ
3795 4335 3884 4388 ραο

684 4421 867 4466 custte.
890 4409 989 4475 Qui
1016 4409 1202 4462 statuit
1231 4406 1427 4461 cmlum
1465 4406 1616 4474 quasi
1660 4403 1943 4471 fornicem,
1975 4416 2029 4461 et
2049 4416 2225 4462 exten-

2331 4415 2438 4478 νὺν,
2455 4413 2545 4466 καὶ
2563 4411 2827 4471 διατείνας
2844 4410 2917 4472 ὡς
2935 4409 3134 4480 σκηνὴν
3154 4411 3424 4460 κατοικεῖν
3444 4425 3457 4437 ·
3476 4410 3503 4460 ὁ
3517 4407 3690 4469 διδοὺς
3705 4409 3886 4477 ἀρχονυ

682 4503 763 4556 dit
789 4512 845 4556 ut
886 4498 1283 4554 tabernaculum
1310 4498 1376 4550 ad
1409 4496 1757 4550 habitandum
1795 4497 1927 4565 :qui
1969 4498 2057 4551 dat
2084 4502 2231 4569 prin-

684 4595 830 4662 cipes
893 4602 954 4644 ut
1017 4590 1236 4642 nihilum
1294 4588 1360 4642 ad
1431 4587 2075 4656 imperandumzterram
2134 4607 2230 4644 au-

686 4695 791 4737 tem
843 4692 1095 4751 tanquam
1155 4680 1288 4734 nihil
1349 4679 1493 4733 fecit.
1543 4697 1562 4731 ι
1632 4679 1852 4733 Etiamsi
1909 4695 1938 4732 a
1992 4682 2235 4750 patrihus

685 4772 878 4828 eruditi
924 4787 1029 4826 non
1060 4772 1226 4837 estis;
1281 4781 1336 4825 at
1371 4770 1456 4824 vel
1509 4785 1648 4824 nunc
1682 4771 1866 4825 saltem
1918 4773 1980 4826 ad
2015 4775 2233 4843 sapien-

687 4867 820 4920 tiam
875 4865 1144 4928 revocati,
1195 4863 1310 4931 ejus
1374 4878 1476 4932 cpe
1531 4864 1784 4929 ediscite,
1845 4865 1966 4934 quis
2021 4868 2091 4920 sit
2143 4871 2232 4938 qui

685 4959 924 5013 continet
998 4958 1340 5013 fundamenta
1411 4967 1586 5011 terras.
1662 4957 1797 5010 Nam
1861 4973 1903 5012 st
1969 4974 2075 5014 non
2139 4976 2235 5030 po-

690 5051 884 5115 tuistis,
919 5049 1112 5118 ittquit,
1145 5057 1374 5102 mentem
1400 5049 1465 5101 ad
1505 5047 1700 5103 cuslum
1733 5049 1973 5118 erigere;
2023 5061 2080 5104 at
2122 5054 2232 5106 sal-

690 5153 794 5198 tem
830 5145 884 5197 in
910 5153 1109 5196 terram
1143 5142 1498 5209 cogitationes
1519 5149 1574 5194 et
1610 5140 1889 5194 ratiocinia
1936 5154 2112 5196 vestra
2139 5145 2233 5198 lie-

689 5234 840 5300 ctite,
873 5233 928 5286 in
958 5232 1132 5300 iisque
1171 5232 1478 5284 moramini.
1513 5230 1748 5298 Quaerite
1777 5231 1828 5285 in
1859 5248 1964 5301 quo
2000 5234 2089 5302 illa
2115 5234 2236 5289 fun-

690 5323 868 5385 detur,
895 5323 1016 5394 quis
1049 5322 1138 5375 ille
1167 5321 1236 5376 sit
1266 5322 1355 5390 qni
1387 5330 1594 5374 tantum
1642 5321 1984 5386 elementum,
2043 5325 2233 5378 immo-

692 5427 803 5468 tum
834 5426 887 5468 et
916 5417 1287 5470 inconcussum
1322 5415 1539 5467 detinet.
1575 5412 1732 5479 Quis,
1760 5413 1853 5477 ait,
1892 5425 1972 5468 est
2000 5415 2112 5478 ille,
2142 5417 2231 5485 qui

693 5521 770 5563 tot
810 5519 995 5580 gentes
1021 5511 1074 5562 in
1109 5518 1250 5563 terra
1283 5506 1671 5568 disseminavit,
1718 5514 1774 5556 ut
1807 5503 2027 5560 locustis
2058 5508 2234 5573 parvi-

693 5601 825 5654 tatis
853 5613 1124 5666 corporea
1145 5611 1306 5653 causa
1340 5597 1755 5665 comparentur?
1785 5596 1982 5654 Deinde
2026 5613 2236 5654 sermo-

695 5707 868 5748 neme
900 5701 1039 5745 terra
1084 5693 1317 5760 erigens,
1371 5690 1432 5746 ad
1468 5691 1736 5747 emlestctn
1774 5689 2053 5759 fornicem,
2083 5701 2135 5748 et
2173 5692 2238 5748 ad

2324 4526 2419 4572 τας
2439 4507 2511 4568 ὡς
2523 4504 2668 4557 ούδὲν
2681 4503 2808 4571 ἄρχε
2819 4519 2883 4563 ιν,
2902 4501 2996 4570 τὴν
3011 4501 3066 4552 δὲ
3078 4499 3177 4567 γῆν
3189 4498 3262 4562 ὡς
3277 4498 3424 4551 οὐδὲν
3436 4498 3673 4567 ἐποίησε.
3693 4517 3712 4547 ι
3722 4499 3782 4550 Εἰ
3797 4501 3888 4551 καὶ

2331 4601 2404 4671 μὴ
2419 4603 2479 4652 ὲκ
2495 4595 2742 4665 πατέρων
2759 4590 3064 4660 ἐδιδάχθητε
3075 4629 3088 4652 ,
3105 4589 3240 4642 ἀλλὰ
3255 4587 3350 4641 νῦν
3365 4588 3492 4658 γοῦν
3509 4588 3885 4660 σωφρονισθέν-

2326 4708 2415 4752 τες
2434 4727 2447 4751 ,
2471 4684 2799 4755 ὠφελήθητε,
2830 4683 2922 4734 καὶ
2958 4680 3153 4751 μάθετε
3172 4679 3254 4742 τίς
3275 4678 3402 4730 ποτέ
3430 4681 3575 4731 ἐστιν
3595 4682 3625 4732 ὁ
3645 4681 3887 4749 κατέχων

2327 4779 2397 4832 τὰ
2442 4775 2662 4844 Θεμέλια
2705 4773 2804 4843 τῆς
2840 4772 2962 4841 γῆς.
3010 4772 3071 4823 El
3112 4770 3219 4842 γὰρ
3261 4771 3335 4841 μὴ
3373 4769 3657 4840 ὴδύνασθε,
3703 4773 3886 4842 φησὶν,

2335 4869 2414 4930 είς
2449 4867 2536 4919 τὸν
2573 4863 2798 4938 οὐρανὸν
2827 4862 2925 4933 τὴν
2964 4862 3199 4914 διάνοιαν
3233 4861 3495 4932 ἐπαίρειν,
3524 4861 3638 4913 ἀλλ’
3674 4863 3890 4934 ἐπιστῇ·

2342 4973 2486 5021 σατε,
2531 4957 2713 5028 φησὶν,
2761 4955 2817 5007 ἐν
2860 4956 2925 5022 τῇ
2967 4955 3035 5022 γῇ
3078 4951 3414 5022 ἐμποιεῖσθαι
3458 4951 3552 5015 τάς
3592 4951 3887 5022 διατριϐάς.

2353 5048 2474 5101 Ἐπὶ
2495 5048 2635 5110 τίνος
2653 5063 2712 5099 τε
2732 5046 2995 5117 ἧδρασται
3027 5044 3313 5115 ζητήσατε,
3335 5043 3426 5095 καὶ
3447 5043 3531 5105 τίς
3552 5044 3697 5095 ἐστιν
3716 5039 3888 5108 οὗτος,
3977 5117 3980 5119 Δ

2339 5141 2368 5192 ὁ
2409 5140 2467 5191 τὸ
2505 5136 2754 5192 τοσοῦτον
2811 5137 3064 5204 στοιχεῖον
3116 5135 3329 5197 ἀκλινές
3358 5151 3418 5186 τε
3460 5135 3551 5187 καὶ
3602 5134 3889 5187 ἀσάλευτον

2339 5229 2658 5299 διακρατῶν.
2704 5226 2800 5288 Τίς
2823 5225 2913 5288 -δὲ,
2966 5224 3148 5295 φησὶν,
3189 5226 3334 5277 ἐστὶν
3365 5223 3393 5274 ὁ
3425 5227 3517 5278 καὶ
3552 5223 3620 5276 τά
3655 5225 3888 5279 τοσαῦτα

2341 5320 2563 5389 σπείρας
2595 5317 2686 5370 ἐπὶ
2722 5316 2818 5385 τῆς
2853 5315 2954 5386 γῆς
2998 5315 3143 5386 Εθνη,
3169 5315 3243 5377 ὼς
3281 5300 3716 5385 παραϐάλλεσθαι
3755 5305 3888 5368 αὐτὰ

2341 5415 2692 5485 σμικρότητος
2742 5411 2904 5464 ἕνεκα
2957 5411 3062 5464 τῶν
3122 5409 3386 5480 σωμάτων
3440 5409 3686 5478 ἀκρίσιν;
3735 5404 3886 5472 Εἶτα,

2340 5507 2498 5558 πάλιν
2529 5503 2732 5569 ἀναὸάς
2763 5502 2870 5555 ἀπὸ
2906 5503 3001 5572 τῆς
3037 5502 3139 5572 γῆς
3167 5500 3246 5570 τῷ
3277 5500 3436 5570 λόγῳ,
3467 5499 3561 5570 τὴν
3593 5500 3755 5568 ἀψίδα
3793 5502 3887 5571 τὴν

2341 5598 2604 5669 οὐράνιον,
2629 5597 2689 5649 τό
2710 5612 2768 5648 τε
2790 5595 2928 5664 ὑπὲρ
2953 5593 3056 5662 γῆν
3076 5591 3444 5664 ἡμισφαίριον,
3466 5591 3716 5661 καμάρας
3741 5591 3887 5661 δίκην

2347 5690 2750 5762 ἒπῃωρημένον,
2797 5691 2908 5750 τοῖς
2963 5688 3122 5742 πᾶσιν
3182 5684 3603 5756 ἀποθαυμάζων,
3661 5684 3752 5738 καὶ
3803 5679 3886 5736 ιιὺν
