4120 6294
165 357 270 414 377
1081 344 1578 406 COMMENTARIA
1617 343 1682 398 IN
1729 343 1790 398 IS

1782 339 1979 396 LAIAM.
2031 367 2086 380 -
2129 336 2282 393 CAP.
2321 334 2455 390 λιι.
3303 319 3409 382 378

163 470 327 524 τοῦτό
356 472 523 534 ἐστιν,
555 471 640 524 ὅτι
667 469 761 522 καὶ
790 467 858 521 τὰ
889 466 1141 538 βάρϐαρα
1181 467 1322 536 φύλα
1365 467 1458 519 καὶ
1487 464 1558 518 τὰ
1599 466 1731 534 πορ-
1762 467 1790 520 Α

1780 467 1805 519 ι
1831 460 1964 516 Nam
1980 458 2119 528 quod
2150 472 2245 526 per
2268 455 2488 525 quidem
2509 449 2704 507 mirum
2735 457 2840 513 est,
2865 445 3115 503 barbara:
3138 446 3407 508 nationes,

166 562 390 634 ρωτάτω
421 559 782 630 ἀπῳκισμένα
827 555 1122 628 Ἰουδαϊκῆς
1154 557 1355 629 χώρας,
1381 556 1501 610 καθ’
1536 556 1602 625 ἢν
1639 556 1733 624 μό-

1833 563 1888 607 et
1929 549 2245 618 longissime
2289 555 2508 600 remota
2553 557 2583 598 a
2623 540 2848 597 Iudaica
2906 540 3148 608 regione,
3204 539 3256 592 in
3299 551 3406 605 qua

167 629 261 723 νην
283 629 938 722 γνωρίζεσθαιὲνομίςετο
960 651 1022 703 τὸ
1047 650 1272 704 παλαιὸν
1299 651 1327 702 6
1352 649 1503 711 Θεὸς,
1531 647 1730 715 γνῶσιν

1831 644 1946 699 sola
1977 642 2117 696 Dens
2141 639 2272 692 olim
2308 647 2468 692 notus
2501 649 2625 690 esse
2654 632 2973 702 putabatur,
3005 631 3070 685 ad
3099 629 3315 703 pietatis
3345 637 3400 680 et

166 721 418 812 ἀνείληφε
460 742 558 811 τῆς
588 741 866 806 εὐσεϐείας
905 743 996 796 καὶ
1025 744 1124 812 τῆς
1152 741 1459 805 θεοσεϐείας
1478 759 1491 771 ο
1528 740 1601 803 ὡς
1634 739 1728 792 ὲκ-

1831 733 2111 804 religionis
2163 731 2408 784 notitiam
2457 734 2854 789 accesserunt,
2898 725 2972 778 ita
3017 732 3076 777 ut
3112 723 3181 776 de
3226 721 3403 792 gratia

167 832 432 901 πλαγῆναι
454 831 552 900 τῆς
581 831 672 883 τοῦ
701 832 835 886 Θεοῦ
861 831 1198 902 δικαιοσύνης
1229 831 1325 902 τὴν
1351 832 1530 904 χάριν,
1564 829 1729 883 σπεῦ-

1833 827 2028 880 divina:
2065 823 2288 893 iustitiae
2319 820 2964 897 obstupescerent,atque
2983 823 3316 870 maturarent
3351 823 3405 867 et

166 922 251 974 σαί
279 939 338 974 τε
371 923 460 973 καὶ
483 921 656 975 ὲλθεῖν
685 923 988 986 ἀκολούθως
1015 923 1092 993 τῷ
1125 908 1356 992 φήδσαντι
1388 923 1702 993 κηρύγματι

1827 917 2094 978 venirent,
2125 912 2500 984 prmdieationi
2530 911 2918 979 obsequentes,
2958 925 3080 978 qua:
3111 909 3214 969 ait,
3263 925 3281 958 ι
3305 906 3404 960 Ac-

171 1031 188 1062 ι
255 1013 678 1079 Ἐγγισάτωσαν,
725 1017 818 1067 καὶ
844 1013 1228 1086 λαλησάτωσαν
1259 1013 1394 1084 ἅμα.
1443 1034 1460 1063 ι
1499 1014 1574 1066 Ού
1617 1014 1725 1084 γὰρ

1826 1009 2020 1064 cedant
2065 1015 2121 1061 et
2161 1006 2450 1072 loquantur
2501 1002 2729 1057 simul.»
2785 999 2909 1055 Vult
2953 1001 3098 1057 enim
3126 1009 3188 1054 ut
3213 1014 3406 1054 secuno

167 1101 321 1169 μόνον
361 1102 581 1163 ἑαυτοὺς
616 1100 808 1166 σώζειν
834 1105 883 1156 οί
917 1103 1269 1173 κεκλημένοι,
1306 1104 1440 1156 ἀλλὰ
1475 1105 1566 1156 καὶ
1600 1107 1724 1166 τοὺς

1825 1100 1951 1154 dum
2000 1098 2358 1154 humanitatis
2405 1095 2575 1163 leges,
2626 1093 2720 1162 qui
2757 1093 2928 1147 vocati
2983 1099 3131 1153 sunt,
3156 1105 3262 1144 non
3290 1102 3402 1142 stite

161 1188 382 1258 πλησίον
428 1189 568 1242 κατά
612 1192 736 1253 τοὺς
767 1191 864 1260 τῆς
907 1191 1311 1262 φιλανθρωπίας
1351 1192 1566 1262 νόμους.
1617 1188 1722 1244 Ἦν

1827 1201 2059 1252 tantum,
2108 1192 2203 1244 sed
2239 1187 2470 1257 proximi
2507 1187 2669 1240 etiam
2720 1185 2882 1238 saluti
2917 1183 3231 1239 Consulaut.
3275 1179 3400 1237 Fuit

161 1291 289 1329 ποτε
321 1277 505 1347 χρόνος
537 1277 626 1329 ὅτε
662 1279 752 1330 καὶ
800 1279 956 1348 ὴμῶν
1000 1280 1178 1334 αὐτῶν
1225 1281 1550 1350 κατίσχυσεν
1584 1281 1721 1352 ἀνὴρ

1821 1281 1947 1337 οΙίιη
1981 1293 2216 1350 tempus,
2253 1294 2360 1347 quo
2384 1278 2537 1332 faber
2585 1276 2851 1330 idolorum
2906 1275 3104 1343 opifex,
3155 1285 3208 1329 et
3266 1289 3401 1330 aera-

160 1368 358 1421 τέκτων
397 1371 426 1420 6
463 1369 562 1439 τὴν
596 1369 1032 1441 είδωλολατρείαν
1077 1373 1569 1442 κατεργασάμενος,
1627 1372 1721 1424 καὶ

1822 1375 1936 1428 rius
1959 1373 2153 1427 malleo
2177 1373 2385 1427 cudens
2413 1371 2540 1424 deos
2571 1382 2722 1434 suos,
2769 1369 2822 1422 in
2876 1383 2972 1422 nos
3000 1367 3352 1438 praevalerent
3381 1383 3401 1418 :

160 1458 384 1526 χαλκεὺς
405 1458 621 1511 τύπτων
662 1462 840 1531 σφύρα
865 1462 990 1523 τοὺς
1017 1461 1208 1514 ἑαυτοῦ
1249 1461 1401 1525 θεούς
1420 1480 1431 1491 ·
1464 1461 1599 1515 ἀλλὰ
1626 1463 1719 1516 νῦν

1823 1475 1878 1518 at
1905 1465 2015 1534 jam
2042 1463 2294 1518 novimus
2322 1476 2416 1516 eos
2441 1459 2570 1513 nihil
2602 1475 2743 1526 esse,
2770 1469 2823 1515 et
2846 1469 3126 1528 paternum
3155 1473 3394 1511 errorem

159 1548 394 1618 ἔγνωμεν
426 1548 484 1601 τὸ
522 1551 691 1620 μηθὲν
724 1551 880 1614 ὂντας
905 1553 1161 1616 ἐκείνους,
1197 1554 1288 1607 καὶ
1316 1554 1416 1622 τῆς
1449 1554 1720 1626 πατρικῆς

1821 1557 2164 1615 damnamus,
2196 1555 2342 1618 quod
2367 1565 2460 1603 vos
2483 1550 2549 1603 ad
2578 1551 2867 1604 utilitatem
2891 1559 3128 1604 vestram
3152 1548 3399 1600 ediscere

159 1642 496 1711 κατέγνωμεν
527 1642 754 1710 πλάνης,
779 1643 806 1694 ὃ
833 1644 894 1714 δὴ
927 1644 1019 1696 καὶ
1051 1644 1194 1714 ὑμᾶς
1223 1647 1486 1716 προσήκει
1517 1644 1719 1714 μανθά-

1819 1657 1958 1710 opus
2009 1648 2110 1695 est.
2147 1639 2538 1694 lmbecillitatis
2587 1648 2768 1693 autem
2802 1653 2989 1694 eorum
3043 1638 3131 1706 qui
3177 1651 3204 1689 a
3237 1636 3399 1690 nobis

159 1747 338 1793 νοντας
367 1731 708 1798 ὡφελεῖσθαι.
735 1736 938 1802 Δεῖγμα
959 1733 1013 1785 δὲ
1047 1734 1144 1803 τῆς
1173 1735 1460 1805 ὰδρανείας
1483 1735 1590 1787 τῶν
1617 1737 1718 1788 πά-
1752 1794 1786 1805 κ

1771 1795 1787 1805 ‘
1819 1735 1946 1788 olim
1981 1749 2078 1804 pro
2113 1734 2216 1787 diis
2265 1731 2623 1796 habebantur,
2677 1740 3053 1798 argumentum
3100 1737 3202 1792 est,
3252 1728 3398 1797 quod

158 1817 240 1869 λαι
268 1794 627 1888 νομισθέντων
657 1824 786 1890 ἡμῖν
817 1794 952 1874 θεῶν
981 1821 1042 1874 τὸ
1182 1794 1400 1876 ἑστάναι
1435 1794 1712 1890 δύνασθαι,
1751 1794 1785 1846 Β

1765 1795 1790 1845 3
1823 1840 1887 1877 ue
1932 1794 2075 1878 stare
2120 1824 2336 1893 quidem
2384 1822 2614 1890 possint,
2663 1820 2766 1875 uisi
2813 1818 2948 1889 palis
2981 1831 3036 1872 et
3062 1818 3231 1874 clavis
3257 1817 3392 1870 dell-

157 1913 202 1961 εἰ
237 1912 308 1980 μὴ
341 1912 568 1982 γόμφοις
599 1917 709 1966 τισὶ
743 1915 834 1967 καὶ⁸
868 1915 1014 1984 ἥλοις
1046 1918 1361 1986 ἐμπαρεῖεν.
1819 1924 2030 1984 ganlur.

224 2017 243 2049 ι
288 2001 357 2052 Σὺ
383 2001 457 2064 δὲ,
500 2003 717 2073 Ἰσραὴλ
748 2007 872 2066 παῖς
903 2021 1024 2071 μου,
1069 2005 1283 2068 Ἰακὼϐ,
1321 2008 1412 2058 καὶ
1443 2007 1501 2060 ὃν
1540 2007 1715 2072 ἐξελε-

1887 2003 2050 2058 Υειι-.
2082 2003 2135 2058 8.
2205 2004 2326 2057 tTu
2359 2012 2542 2056 autem
2587 2001 2752 2055 Israel
2803 2016 2934 2072 puer
2979 2011 3152 2064 meus,
3201 1997 3389 2061 Jacob,

157 2088 344 2158 ξάμην,
369 2091 587 2162 σπέρμα
629 2091 892 2163 Ἀϐραὰμ,
919 2096 976 2145 ὃν
998 2094 1277 2164 ἠγάπησα.
1321 2115 1338 2146 ι
1368 2097 1537 2148 Παῖδα
1569 2097 1716 2167 πρῶ-

1816 2111 1976 2164 quem
2006 2096 2165 2165 elegi,
2205 2111 2389 2149 semen
2427 2095 2733 2159 Abraham,
2761 2110 2919 2163 quem
2972 2093 3160 2147 dilexi.
3194 2111 3211 2143 ι
3249 2091 3388 2144 Pue-

153 2193 240 2230 τον
271 2179 536 2249 ὀνομάζει,
579 2181 767 2235 ἔπειτα
798 2184 1070 2249 ἐκλεκτὸν,
1107 2183 1224 2238 εἶτα
1275 2187 1572 2257 ἀγαπητόν.
1613 2189 1714 2240 Τὸν

1819 2203 1934 2241 rum
1965 2188 2139 2255 primo
2171 2195 2351 2248 vocat,
2389 2186 2513 2239 hinc
2551 2185 2806 2244 electum.
2865 2195 3048 2250 postea
3101 2184 3388 2237 dilectum.

157 2267 248 2335 μὲν
270 2269 342 2331 ὡς
375 2272 429 2322 ὲν
461 2271 654 2342 ἀρχαῖς
681 2273 805 2326 ὄντα
835 2276 927 2328 καὶ
963 2276 1111 2346 φόϐῳ
1152 2277 1394 2341 δουλείας
1436 2279 1712 2346 παιδαγω-

1818 2277 2050 2332 Puerum
2075 2277 2319 2346 quidem,
2348 2279 2500 2346 quasi
2565 2279 2616 2331 in
2686 2279 2874 2347 primis
2931 2276 3099 2330 initiis
3149 2276 3387 2344 degeret,

154 2360 422 2430 γούμενον.
454 2359 564 2427 οἶος
601 2360 667 2434 ἦν
698 2366 724 2416 ὁ
763 2365 1116 2428 ἀποστολικδς
1160 2366 1337 2436 χορὸς,
1377 2367 1467 2418 τὸν
1497 2369 1713 2436 πρῶτον

1813 2383 1876 2421 ac
1904 2377 2047 2421 metu
2089 2368 2365 2421 servitutis
2420 2369 2826 2434 institueretur;
2858 2369 3034 2437 qualis
3073 2376 3191 2422 erat
3254 2382 3387 2434 apo-

154 2451 260 2518 βίον
296 2452 396 2504 ὑπὸ
419 2453 508 2505 τὸν
537 2454 882 2521 παιδαγωγὸν
915 2455 1071 2524 νόμον
1113 2454 1350 2523 γεγονώς
1371 2474 1383 2486 ·
1412 2456 1502 2508 τὸν
1531 2458 1584 2510 δὲ
1617 2459 1713 2510 αύ-

1814 2459 2039 2512 stolicus
2088 2459 2307 2522 chorus,
2343 2460 2433 2526 qui
2489 2462 2661 2526 primo
2706 2463 2828 2513 vita:
2865 2474 2980 2514 sua:
3022 2469 3260 2528 tempore
3287 2458 3387 2512 sub

153 2542 236 2593 τὸν
275 2544 522 2597 ἐκλεκτὸν
562 2544 816 2616 ὀνομάζει
838 2584 851 2608 ,
881 2547 956 2609 ὡς
991 2546 1054 2598 ἂν
1087 2549 1436 2617 προκόψαντα
1473 2552 1564 2601 καὶ
1614 2551 1710 2620 τῆς

1815 2551 1932 2619 lege
1965 2552 2119 2623 quasi
2156 2552 2256 2606 Sltl)
2290 2555 2583 2622 paedagogo
2614 2553 2714 2606 fuit
2741 2568 2755 2605 :
2801 2555 3048 2605 eumdem
3081 2565 3244 2619 porro
3278 2551 3385 2603 ele-

154 2631 400 2700 σωτηρίου
423 2633 665 2701 κλήσεως
686 2636 776 2686 καὶ
797 2634 1020 2703 ἐκλογῆς
1042 2636 1462 2706 κατηξιωμένον.
1483 2639 1710 2709 Σπέρμα

1812 2652 1955 2693 ctnm
1993 2653 2289 2708 nuncupat,
2319 2652 2502 2709 utpote
2537 2644 2627 2711 qui
2653 2640 2900 2711 profectu
2930 2650 3120 2694 auctus
3157 2640 3383 2693 salutari

151 2715 202 2767 δὲ
256 2718 495 2788 Ἀϐραὰμ
532 2721 716 2790 ἕτερον
761 2724 943 2791 τάγμα
976 2725 1242 2792 τυγχάνον
1291 2727 1440 2795 παρὰ
1487 2728 1545 2778 τὸ
1601 2727 1706 2780 τῶν

1811 2734 2097 2786 vocaIiOne
2131 2742 2184 2784 et
2216 2731 2478 2786 electione
2524 2734 2780 2803 dignatus
2833 2734 2923 2786 sit.
2958 2731 3154 2786 Semen
3203 2741 3383 2785 autem

152 2807 433 2872 ἐκλεκτῶν,
469 2813 650 2863 ὁποῖον
699 2811 762 2864 ἂν
795 2814 878 2882 είη
913 2813 974 2864 τὸ
1027 2813 1224 2882 πλῆθος
1267 2816 1372 2867 τῶν
1417 2818 1703 2880 Ἰουδαίων,

1809 2824 2085 2875 Abraham
2137 2823 2279 2875 alius
2311 2835 2361 2875 et
2398 2825 2692 2876 distinctus
2731 2826 2868 2877 ordo
2913 2834 2996 2876 est
3044 2825 3112 2877 ab
3163 2823 3381 2886 electis,

152 2900 274 2967 πρὸς
299 2900 387 2963 οὓς
431 2901 809 2970 διαλεγόμενος
841 2905 868 2954 6
915 2903 1103 2974 Σωτὴρ
1132 2905 1346 2972 ἔλεγεν·
1384 2924 1400 2955 ι
1439 2903 1588 2970 Οἶδα,
1624 2909 1704 2960 ὅτι

1807 2914 1983 2981 qualis
2019 2924 2134 2966 erat
2176 2915 2467 2968 multitudo
2519 2915 2853 2978 Jlltltl’Ol'lllll,
2901 2930 3040 2982 quos
3095 2915 3381 2982 alloquens

154 2991 355 3060 σπέρμα
390 2992 638 3063 ’Δϐραάμ
683 2996 824 3045 ἐστε.
855 3013 872 3045 ι
906 2995 1121 3064 Ἔτεροι
1148 2996 1204 3048 δὲ
1224 2992 1361 3064 ἦσαν
1385 2991 1530 3049 οῦτοι
1557 3000 1704 3069 παρὰ

1814 3001 2067 3056 Salvator
2121 3002 2372 3067 dicebat,
2419 3021 2438 3054 ι
2496 3004 2622 3058 Scio
2699 3008 2825 3072 quia
2905 3019 3088 3057 senxer
3160 3005 3383 3058 Abt-ah:

149 3079 211 3131 τὰ
242 3082 397 3136 τέκνα
436 3078 529 3136 τοῦ
584 3084 852 3155 Ἀϐραὰμ,
904 3087 1031 3156 περὶ
1074 3079 1147 3138 ὧν
1198 3087 1442 3141 ἐδίδασκε
1498 3090 1696 3157 λέγων·
1731 3115 1772 3170 C

1756 3115 1772 3170 ς
1810 3094 1940 3147 estis
1972 3094 2038 3146 ⁸⁷.
2071 3111 2088 3144 ι
2129 3092 2199 3145 At
2230 3094 2303 3146 illi
2354 3094 2549 3148 diversi
2605 3103 2806 3147 eranta
2837 3095 2964 3150 ﬁliis
3013 3094 3268 3158 Abrahae,
3316 3095 3383 3150 de

156 3187 172 3217 ι
210 3169 266 3221 El
290 3172 449 3226 τέκνα
476 3171 569 3226 τοῦ
609 3173 854 3244 Ἀϐραὰμ
885 3170 1003 3246 ἦτε,
1034 3175 1101 3228 τὰ
1132 3175 1268 3247 ἔργα
1311 3179 1404 3230 τοῦ
1448 3180 1698 3250 Ἀϐραὰμ
1748 3169 1753 3170 ⁷

1807 3184 2002 3250 quibus
2053 3183 2166 3236 haec
2219 3186 2501 3245 edocebat,
2564 3202 2581 3233 ι
2639 3184 2694 3238 Si
2737 3184 2969 3237 Abrahae
3018 3183 3112 3236 lilii
3166 3185 3381 3248 essetis,

149 3260 376 3315 ὶποιεῖτε.
415 3282 433 3314 ι
489 3265 737 3335 Ἀϐραὰμ
773 3267 869 3335 μὲν
902 3263 994 3320 οὖν
1027 3270 1308 3340 ἀγαπητὸς
1335 3267 1402 3340 ἦν
1434 3272 1526 3323 τοῦ
1560 3271 1694 3324 Θεοῦ

1805 3287 1968 3340 opera
2000 3272 2232 3326 Abraha:
2261 3273 2515 3328 faceretis
2544 3273 2608 3329 ⁸⁸.
2639 3292 2658 3326 ι
2687 3274 2959 3328 Abraham
2988 3290 3116 3345 ergo
3145 3275 3383 3329 dilectus

153 3353 234 3403 καί
279 3354 461 3421 φίλης’
501 3353 581 3407 διὸ
628 3355 912 3410 λέλεκται·
966 3376 983 3408 ι
1032 3360 1258 3429 Σπέρμα
1306 3361 1584 3431 ’Λϐραὲῳη
1637 3363 1694 3413 ὃν

1803 3374 1858 3418 et
1899 3365 2104 3418 amicus
2159 3365 2249 3418 Dei
2297 3375 2456 3419 erat:
2505 3380 2674 3433 quare
2733 3366 2936 3419 dictum
2977 3376 3080 3431 est,
3138 3386 3155 3417 ι
3194 3383 3379 3422 semen

150 3441 416 3512 ὴγάπησα·
465 3464 483 3496 ι
522 3444 553 3515 ἢ
593 3447 726 3499 κατὰ
767 3448 858 3500 τὸν
918 3449 1233 3518 Σύμμαχον,
1276 3469 1293 3500 ι
1339 3452 1564 3521 Σπέρμα
1607 3455 1692 3505 'A-

1802 3453 2101 3517 Abraham,
2135 3470 2293 3522 quem
2320 3455 2481 3508 dilexi
2510 3474 2524 3521 ;
2567 3476 2584 3508 ι
2620 3457 2757 3521 sive,
2792 3459 3089 3511 secundum
3129 3459 3374 3527 Symma-

147 3535 312 3605 ϐραὰμ
361 3538 456 3591 τοῦ
505 3539 657 3608 φίλου
724 3557 855 3610 μου’
910 3561 928 3592 ι
978 3542 1120 3595 κατὰ
1175 3544 1231 3597 δὲ
1291 3546 1381 3598 τὸν
1437 3549 1688 3610 Ἀκύλαν,

1801 3545 1983 3604 chum.
2018 3563 2038 3596 ι
2067 3561 2250 3600 semen
2299 3547 2574 3606 Abraham
2633 3549 2790 3601 amici
2831 3551 2968 3614 mei;
3007 3571 3025 3602 ι
3073 3553 3373 3605 secundum

151 3643 165 3672 ι
198 3628 409 3699 Σπέρμα
447 3630 729 3700 ἀγαπητόν
760 3651 881 3703 μου.
927 3652 947 3685 ι
990 3634 1061 3687 Τό
1089 3653 1151 3704 γε
1187 3637 1290 3707 μὴν
1335 3638 1551 3708 σπέρμα
1597 3642 1687 3692 αύ-

1800 3635 2051 3704 Aquilam
2086 3653 2234 3703 vero,
2273 3657 2292 3688 ι
2325 3653 2509 3692 semen
2549 3639 2810 3693 dilecutm
2859 3658 3060 3695 meum.
3089 3663 3106 3695 ι
3152 3644 3217 3696 Ει
3246 3660 3374 3699 vero

145 3719 222 3770 τοῦ
252 3721 428 3774 οὐκέτι
463 3723 778 3793 ἠγαπῆσθαι
805 3726 1005 3794 ὁμοίως
1034 3726 1112 3796 τῷ
1153 3728 1402 3800 Ἀϐραὰμ
1437 3730 1651 3798 λέγεται
1673 3750 1685 3762 °

1798 3743 1981 3782 semen
2037 3728 2152 3796 ejus
2183 3745 2284 3783 non
2317 3730 2535 3796 perinde
2569 3743 2731 3800 atque
2765 3733 3039 3787 Abraham
3085 3736 3255 3788 amari
3291 3738 3373 3789 di-

145 3810 261 3882 πλην
284 3812 417 3865 ἀλλὰ
443 3814 538 3866 καὶ
568 3814 628 3866 τὸ
669 3816 887 3884 σπέρμα
913 3816 1076 3868 αὐτοῦ
1109 3819 1264 3872 καλεῖ
1290 3820 1376 3873 διὰ
1400 3821 1506 3875 τῶν
1533 3824 1686 3876 ἐκλε-

1797 3821 1959 3872 citur.
1983 3820 2233 3874 Attamen
2267 3837 2364 3879 per
2402 3822 2609 3874 electos
2636 3838 2764 3876 suos
2803 3834 2984 3877 semen
3021 3826 3140 3893 ejus
3168 3840 3363 3892 vocat;

144 3898 266 3954 κτῶν
303 3903 488 3967 αὑτοῦ,
527 3903 694 3958 εἰπὼν
743 3908 957 3970 αὐτοῖς·
1015 3927 1032 3958 ι
1085 3910 1387 3982 Πορεύεσθε
1433 3914 1568 3985 πρὸς
1621 3917 1688 3969 τὰ

1797 3927 1920 3965 nam
1955 3913 2031 3965 ait
2064 3913 2190 3978 illis,
2231 3930 2249 3963 ι
2284 3915 2359 3969 Ite
2401 3920 2468 3970 ad
2505 3932 2636 3971 oves
2672 3931 2791 3985 qua:
2827 3918 3129 3987 perierunt,
3177 3919 3369 3975 domus

142 3991 363 4059 πρόϐατα
401 3993 715 4046 ἀπολωλότα
755 3995 905 4047 οἴκου
948 3997 1181 4068 Ἰσραήλ.
1229 4019 1246 4050 ι

469 3993 715 4046 εολωλότα
755 3995 905 4047 οἴκου
948 3997 1181 4068 Ἰσραήλ.
1229 4019 1246 4050 ι
1793 4003 1959 4059 Israel
1989 4005 2053 4060 ⁶¹⁹.
2079 4024 2096 4056 ι

205 4101 222 4131 ι
252 4080 320 4137 Οῦ
355 4084 725 4155 ἀντελαϐόμην
756 4089 848 4140 ἀπ’
877 4089 1058 4159 ἄκρων
1090 4093 1189 4161 τῆς
1216 4093 1338 4162 γῆς,
1370 4097 1462 4148 καὶ
1491 4097 1552 4149 ὲκ
1578 4099 1686 4152 τῶν

1865 4093 2029 4149 Vens.
2064 4094 2116 4148 9.
2146 4113 2164 4146 ι
2199 4095 2368 4161 Quem
2401 4099 2666 4168 assumpsi
2703 4099 2770 4152 ab
2797 4102 3054 4156 extremis
3099 4113 3278 4171 terrze,
3314 4111 3367 4158 et

143 4175 357 4227 σκοπιῶν
386 4176 555 4245 αὐτῆς
587 4177 823 4234 ὲκάλεσά
855 4196 933 4243 σε,
973 4183 1068 4234 καὶ
1098 4180 1228 4237 εἶπά
1260 4203 1340 4239 σοι
1360 4203 1374 4217 °
1413 4190 1547 4253 Παῖς
1584 4211 1682 4260 μου

1795 4208 1823 4240 a
1861 4187 2096 4257 speculis
2124 4189 2239 4256 ejus
2279 4192 2465 4244 vocavi
2511 4199 2582 4252 te,
2631 4201 2683 4244 et
2721 4194 2828 4246 dixi
2872 4196 2991 4259 tibi,
3033 4194 3174 4250 Puer
3217 4214 3365 4251 tuens

140 4258 194 4313 εἶ·
212 4265 532 4338 ἐξελεξάμην
560 4285 640 4331 σε,
663 4271 751 4322 καί
773 4271 870 4324 οὐκ
889 4275 1245 4341 ἐγκατέλιπον
1270 4294 1348 4329 σε.
1382 4298 1398 4328 t
1422 4281 1492 4349 Στ,
1503 4283 1682 4348 μαίνει

1794 4293 1891 4333 es:
1925 4279 2061 4346 elegi
2124 4291 2194 4344 te,
2246 4290 2300 4334 et
2357 4297 2458 4333 non
2493 4282 2758 4351 dereliqui
2789 4296 2914 4337 ιο..)
2968 4286 3061 4340 llis
3095 4303 3254 4355 porro
3293 4291 3364 4342 si-

137 4352 184 4406 δὲ
208 4356 286 4410 διὰ
305 4359 504 4412 τούτων
523 4362 649 4423 τοὺς
675 4362 732 4412 ὲν
755 4365 819 4432 τῇ
838 4363 1104 4435 διασπορᾷ
1123 4365 1214 4419 τοῦ
1249 4369 1510 4423 Ἰουδαίων
1531 4372 1682 4436 λαοῦ,

1796 4371 2019 4439 gniﬁcat
2047 4388 2141 4426 eos
2175 4375 2226 4426 in
2261 4374 2598 4442 dispersione
2636 4374 2842 4428 Judaici
2874 4352 3232 4447 populi,qnos
3256 4382 3363 4447 pri-

138 4444 214 4508 οὒς
231 4448 469 4518 πρώτους
496 4451 752 4521 κατηξίου
771 4453 868 4523 τῆς
897 4455 1060 4507 αὑτοῦ
1083 4457 1344 4527 κλήσεως.
1371 4461 1561 4514 Πολλοὶ
1577 4466 1683 4536 γὰρ
1717 4465 1760 4519 D

1717 4465 1760 4519 ι)
1793 4475 1909 4515 mos
1953 4463 2233 4516 vocatione
2257 4479 2350 4514 sua
2388 4464 2636 4532 dignatus
2664 4473 2767 4516 est.
2797 4468 3124 4532 Apostolicis
3165 4473 3342 4538 ιιιιίνε..

139 4539 257 4592 κατὰ
278 4543 400 4604 τοὺς
424 4543 813 4609 ἀποστολικοῦς
831 4547 1055 4616 χρόνους
1086 4550 1134 4600 οἱ
1165 4551 1272 4602 ἀπὸ
1305 4554 1567 4606 Ἰουδαίων
1594 4559 1684 4609 τὸν

1788 4555 2124 4622 temporibus
2156 4572 2219 4610 ex
2251 4555 2452 4612 Judzeis
2485 4558 2633 4611 mttlli
2686 4562 2908 4613 verbum
2953 4561 3154 4615 Christi
3185 4578 3362 4614 susce-

139 4625 344 4718 ξριστοῦ
398 4633 553 4700 λόγον
599 4637 1093 4707 παραδεδεγμένοι,
1145 4641 1205 4692 οὐ
1242 4644 1396 4710 μόνον
1443 4646 1550 4698 ἀπὸ
1587 4650 1682 4718 τῆς

1782 4656 2001 4713 perunt,
2048 4661 2154 4700 non
2208 4650 2368 4701 modo
2418 4665 2482 4702 ex
2532 4652 2597 4704 iis
2630 4653 2719 4718 qui
2759 4649 2999 4704 ludebam
3029 4653 3360 4716 incolebant,

148 4711 376 4781 Ἰουδαίας
409 4722 510 4791 γῆς
531 4767 543 4788 ,
573 4723 704 4776 ἀλλὰ
734 4725 828 4777 καὶ
873 4727 930 4778 ὲν
965 4730 1078 4791 τοῖς
1111 4728 1316 4793 λοιποῖς
1347 4732 1573 4788 ἔθνεσιν.
1641 4711 1650 4718 Ι

1786 4752 1972 4790 verum
2005 4739 2169 4791 etiam
2203 4755 2268 4792 ex
2302 4742 2388 4805 iis,
2426 4743 2520 4810 qui
2563 4757 2731 4810 penes
2767 4744 3002 4812 reliquas
3034 4756 3221 4815 gentes
3261 4748 3358 4799 ha-

1781 4830 2046 4885 bitabant.

194 4915 211 4947 ι
373 4902 573 4970 φοϐοῦ·
624 4906 764 4973 μετὰ
798 4905 892 4960 σοῦ
935 4910 1042 4980 γάρ
1089 4913 1235 4982 είμι’
1275 4914 1347 4985 μὴ
1393 4917 1595 4974 πλανῶ.
1655 4941 1671 4972 ι

1852 4918 2016 4974 Vens.
2054 4922 2139 4976 l0.
2189 4941 2206 4974 ι
2243 4922 2359 4976 Noli
2411 4925 2622 4988 timere,
2659 4936 2833 4981 tecum
2867 4929 3009 4981 enim
3044 4945 3164 4981 sum
3219 4947 3233 4982 :
3293 4946 3357 4983 ne

143 4980 493 5058 Ἐπιθαρσύνει
527 4993 624 5060 τὴν
657 4994 881 5065 ἐκλογὴν
921 4999 1143 5070 ταύτην,
1185 5004 1264 5065 είς
1296 5005 1354 5055 τὸ
1381 5007 1553 5070 ἀδεῶς
1596 5012 1676 5074 εἰς

1778 5025 1953 5066 erres.
1984 5031 2001 5064 ι
2041 5013 2136 5066 llis
2171 5016 2237 5068 ab
2267 5031 2325 5068 se
2354 5017 2541 5070 electis
2581 5018 2831 5071 Iiduciam
2864 5020 3035 5084 addit,
3073 5031 3129 5072 ut
3181 5021 3355 5072 Evan-

136 5082 284 5181 ταντα
320 5083 385 5134 τὰ
419 5082 546 5154 ἔθνη
578 5087 808 5155 κηρύξαι
843 5089 902 5142 τὸ
932 5092 1288 5161 Εὑαγγέλιον·
1320 5097 1347 5148 δ
1372 5099 1434 5168 δὴ
1460 5102 1551 5153 καὶ
1578 5105 1675 5154 αύ-

1779 5107 1974 5173 geliunt
2014 5108 2066 5160 in
2100 5109 2352 5163 omnibus
2378 5113 2631 5178 gentibus
2679 5112 2796 5166 sine
2845 5082 3131 5165 formidine
3161 5114 3355 5181 pra-di-

136 5167 206 5228 τὸς
236 5173 408 5241 ἐδήλου
440 5176 498 5227 ὲν
534 5177 882 5246 Εύαγγελίοις
908 5184 936 5234 ὁ
963 5185 1150 5255 Σωτὴρ
1180 5187 1404 5255 φάσκων
1426 5207 1437 5218 ’
1475 5210 1491 5240 ι
1542 5191 1670 5246 Ἰδοὺ

1775 5204 1937 5258 cent;
1972 5196 2112 5261 quod
2151 5196 2323 5263 ipsum
2367 5199 2680 5253 declarabat
2713 5202 2763 5253 iu
2793 5202 3104 5271 Evangeliis
3157 5203 3353 5256 Serva-

135 5258 224 5322 ἐγὼ
253 5265 361 5329 μεθ’
387 5269 538 5335 ὑμῶν
564 5272 678 5340 είμι
717 5273 890 5335 πάσας
919 5275 1016 5339 τὰς
1048 5279 1256 5351 ἡμέρας
1289 5281 1391 5344 ἕως
1424 5284 1521 5353 τῆς
1549 5303 1672 5337 συν-

1779 5296 1866 5340 tor
1892 5288 1977 5342 bis
2011 5287 2213 5354 verbis,
2256 5308 2273 5340 ι
2312 5291 2448 5345 Ecce
2490 5307 2591 5361 ego
2635 5293 2911 5346 vobiscum
2944 5309 3062 5346 sum
3095 5295 3351 5348 omnilms

135 5349 310 5455 ξελείιις
351 5356 442 5407 τοῦ
486 5359 702 5422 αἰῶνος.
765 5363 904 5430 Ἐγὼ
941 5367 1049 5437 γὰρ
1088 5349 1201 5438 είμι
1243 5374 1270 5424 6
1308 5373 1438 5436 Θεός
1479 5349 1595 5434 σου.
1645 5379 1672 5428 6

1778 5380 1987 5443 diebus,
2027 5397 2198 5448 usque
2236 5385 2302 5436 ad
2333 5385 2854 5443 consummationem
2909 5386 3090 5441 διερειΙί
3131 5384 3196 5438 ⁷⁸.
3236 5385 3346 5454 Ego

133 5437 382 5510 ὲνιηύσας
405 5464 483 5509 σε,
516 5452 611 5503 καὶ
637 5453 907 5524 ἐϐοήθησά
936 5474 1036 5511 σοι.
1145 5437 1151 5438 ⁷

1779 5469 1920 5523 enim
1951 5485 2068 5522 sum
2101 5470 2242 5527 Dens
2277 5485 2419 5539 tuus,
2461 5477 2552 5544 qni
2580 5476 2888 5532 confortavi
2922 5485 2992 5542 te,
3021 5485 3072 5530 et
3114 5476 3348 5532 auxilia-

1778 5570 1864 5614 tus
1895 5575 2012 5614 sum
2048 5562 2163 5616 tibi.
2201 5583 2216 5613 ι

189 5728 226 5759 "
251 5729 392 5793 Joan.
434 5755 551 5804 tm.
583 5742 675 5800 εἳ.
754 5748 795 5778 ⁸⁸
829 5749 954 5805 ibid.
994 5752 1080 5809 59.
1158 5755 1200 5786 ⁶’
1226 5754 1410 5810 Matth.
1448 5773 1499 5822 κ,
1535 5758 1587 5814 6.
1665 5761 1708 5793 ⁷⁹
1738 5761 1815 5816 Ma

644 5744 675 5800 ἴ.
754 5748 795 5778 ⁸³
829 5749 954 5805 ibid.
994 5752 1080 5809 50.
1158 5755 1200 5786 ⁶’
1226 5754 1410 5810 Matth.
1448 5773 1499 5822 κ,
1535 5758 1587 5814 6.
1665 5761 1708 5793 ⁷⁹
1738 5761 1901 5816 Matth
1961 5780 2127 5820 xxvn'
2179 5765 2271 5822 20.
