4120 6294
739 341 844 404 871

739 556 870 612 bunt
898 569 1087 608 omnes
1112 552 1405 630 adversarii
1433 551 1530 604 tui.
1556 572 1575 603 ι
1615 553 1774 618 Cave,
1806 556 1996 621 inquit,
2040 565 2192 619 putes
2238 563 2289 608 te

736 655 828 700 tua
881 646 1082 699 virtute
1125 659 1278 714 posse
1326 653 1484 696 tanta:
1545 644 1909 712 prmdieatioui
1961 644 2285 711 ministrare.

740 735 876 788 N.hil
908 736 1103 806 quippe
1129 751 1270 796 eras,
1305 750 1400 788 nec
1453 735 1746 804 quidquam
1794 749 1954 803 agere
2005 735 2285 803 potuisses,

739 827 838 878 nisi
875 841 974 888 rgo
1003 837 1172 878 tecum
1204 827 1470 879 exsistens
1505 837 1788 894 tecumque
1821 825 2118 886 ambulans,
2150 827 2287 894 apud

735 927 926 966 omnes
960 922 1141 982 gentes
1197 925 1247 966 te
1297 914 1752 976 curruborassem,
1807 926 1964 982 teque
2007 917 2286 983 patientia,

738 1004 1134 1071 perseverantia
1172 1014 1226 1055 et
1261 1005 1458 1059 virtute
1491 1007 1803 1059 muniissem
1833 1022 1847 1068 ;
1886 1016 1942 1057 ut
1973 1006 2063 1057 tibi
2111 1006 2287 1059 Evan-

739 1092 934 1161 gelimn
962 1093 1212 1147 omnibus
1243 1096 1554 1162 prrdieanti
1607 1097 2049 1163 impedimentum
2084 1099 2285 1153 nullum

737 1193 1066 1260 occurreret.

811 1276 967 1346 Vsus.
1017 1276 1102 1330 12.
1150 1295 1169 1328 ι
1199 1276 1414 1342 Ουτοι-οε
1461 1294 1577 1339 eos,
1609 1287 1664 1334 et
1695 1293 1798 1332 non
1838 1279 2080 1334 invenies
2111 1280 2285 1334 homi-

738 1383 854 1430 nes,
886 1369 973 1437 qui
1003 1370 1404 1423 debacchentur
1439 1372 1488 1424 in
1517 1365 1588 1423 te.
1621 1369 1954 1423 Eruntenim
2000 1371 2150 1438 quasi
2181 1386 2284 1423 non

737 1463 866 1523 sint,
899 1471 954 1512 et
983 1476 1087 1514 non
1131 1470 1284 1513 erunl
1316 1461 1612 1514 adversarii
1663 1464 1761 1515 tui.
1801 1480 1820 1512 ο
1874 1460 2094 1514 Etiamsi
2145 1461 2284 1513 enim

736 1567 845 1621 quo
881 1563 1116 1620 tempore
1148 1561 1198 1604 te
1238 1552 1622 1619 impugnabant
1655 1561 1708 1606 et
1749 1552 2092 1615 divexabant,
2124 1552 2284 1617 aliqui

736 1644 804 1695 ad
832 1642 997 1696 breve
1049 1642 1303 1710 temporis
1344 1644 1576 1710 spatium
1616 1643 1928 1697 viderentur
1959 1659 2080 1697 esse
2104 1661 2122 1708 ;
2149 1652 2202 1695 at
2231 1654 2286 1696 tu

737 1735 948 1801 quidem
989 1732 1249 1786 subsistes
1281 1749 1342 1786 ac
1369 1734 1733 1801 permanebis,
1771 1750 2066 1802 eorumque
2103 1733 2284 1801 perni-

1396 341 1484 401 EU
1495 341 1664 399 SEBII
1703 342 1814 399 (ΞΕ
1823 343 2177 402 SARIENSIS
2215 345 2285 401 OF

2405 345 2584 400 PARS
2621 343 2710 401 ιιι.
2749 374 2818 389 --
2856 343 3262 402 ωοετιω.

816 463 972 519 Vna.
1008 462 1092 518 Η.
1127 481 1146 514 ι
1178 460 1348 516 Erunt
1369 463 1512 515 enim
1542 462 1693 530 quasi
1722 479 1822 515 non
1879 465 2011 526 sint,
2062 475 2116 516 et
2149 464 2285 531 peri-
2321 472 2365 524 Α

2469 482 2486 513 ι
2521 464 2770 515 Ἔσονται
2797 465 2904 532 γὰρ
2931 463 3004 526 ὡς
3029 463 3128 515 οὐκ
3155 462 3327 526 ὄντες,
3359 462 3450 516 καὶ
3476 460 3794 514 ἀπολοῦνται
3822 464 3945 518 πάν-

2387 570 2476 616 τες
2510 555 2556 606 οί
2589 554 2845 608 ἀντίδικοί
2870 571 2984 608 σου.
3027 573 3045 605 ι
3079 554 3219 624 Ὅρα
3243 554 3368 625 γὰρ,
3402 554 3551 623 φησὶ,
3583 556 3791 622 μήποτε
3823 573 3942 628 νοη-

2388 641 2504 711 θῇς,
2553 643 2626 704 ὡς
2660 645 2724 712 τῇ
2775 643 2935 695 αὑτοῦ
2993 640 3132 710 ἰσχύϊ
3175 640 3458 711 δεδύνησαι
3499 642 3735 710 τοσούτῳ
3776 643 3945 712 κηρύ-

2385 749 2556 801 γματι
2589 733 3023 803 διακονήσασθαι.
3060 734 3244 796 Οὐδεὶς
3275 733 3383 803 γὰρ
3424 733 3488 785 ἂν
3527 728 3699 803 ἦσθα,
3741 733 3848 786 οὐδ’
3885 735 3946 787 ἂν

2386 824 2750 894 ὴδυνήθης-τι,
2780 829 2826 878 εί
2861 826 2934 895 μὴ
2964 824 3073 892 ἐγὼ
3103 824 3238 895 μετὰ
3262 825 3354 876 σοῦ
3383 824 3478 886 ὢν,
3502 825 3595 876 καὶ
3623 825 3717 877 σὺν
3743 823 3823 878 σοὶ
3849 841 3945 878 ποι-

2391 913 2694 982 ρευόμενος,
2723 916 2800 977 είς
2830 917 3005 968 πάντα
3034 915 3100 968 τὰ
3125 915 3251 985 ἔθνη
3279 915 3535 984 ἐνίσχυσά
3560 931 3640 977 σε,
3675 914 3951 984 ὑπομονὴν

2387 1005 2481 1055 καὶ
2528 1005 2815 1076 καρτερίαν
2864 1006 2957 1058 καὶ
3017 1005 3242 1077 δύναμίν
3291 1022 3373 1058 σοι
3415 1006 3818 1076 δωρησάμενος·
3872 1004 3945 1067 ὡς

2390 1094 2554 1164 μηδὲν
2583 1095 2827 1163 ἐμποδών
2862 1112 2942 1148 σοι
2980 1095 3225 1162 γενέσθαι
3261 1094 3486 1164 κώλυμα
3528 1094 3840 1165 κηρύττοντι
3887 1093 3946 1147 τὺ

2387 1185 2712 1252 Εὐαγγέλιον
2741 1189 2818 1249 είς
2851 1189 3076 1249 πάντας.

2463 1295 2481 1326 ι
2524 1277 2782 1347 Ζητήσεις
2809 1277 3032 1340 αὐτοὺς,
3062 1278 3153 1330 καὶ
3183 1276 3242 1328 οὐ
3289 1275 3362 1347 μὴ
3395 1275 3559 1346 εὕρῃς
3591 1276 3716 1337 τοὺς
3738 1273 3950 1348 ἀνθρὼ-

2387 1381 2522 1428 πους
2551 1365 2598 1417 οἶ
2634 1367 3046 1436 παροινήσουσιν
3079 1367 3158 1429 εἰς
3196 1365 3275 1417 σέ.
3315 1365 3564 1416 Ἔσονται
3599 1364 3708 1434 γὰρ
3743 1364 3814 1428 ὡς
3848 1365 3946 1418 οὐκ

2385 1456 2560 1518 ὄντες,
2596 1458 2688 1508 καὶ
2721 1457 2817 1509 οὐκ
2855 1458 3065 1510 ἔσονται
3094 1458 3141 1508 οἱ
3177 1454 3651 1524 ἀντιπολεμοῦντές
3698 1471 3777 1507 σε.
3829 1474 3848 1504 s
3883 1455 3945 1507 El

2385 1544 2494 1614 γὰρ
2531 1545 2623 1596 καὶ⁵
2650 1545 2782 1615 πρὸς
2810 1544 2986 1611 ὀλίγον
3015 1544 3199 1608 ἔδοξαν
3231 1538 3367 1596 εἶναι
3402 1558 3562 1605 τινες,
3598 1541 3718 1594 καθ’
3752 1540 3808 1594 δν
3833 1558 3946 1595 και-

2388 1636 2478 1707 ρὸν
2503 1635 2794 1706 ἐπολέμουν
2825 1638 2916 1689 καὶ
2947 1636 3165 1688 ἐδίωκόν
3207 1652 3266 1688 σε
3285 1653 3297 1665 ·
3328 1633 3463 1688 ἀλλὰ
3493 1635 3554 1686 σὺ
3591 1634 3689 1705 μὲν
3725 1633 3818 1702 ἔσῃ
3854 1633 3946 1686 καὶ

2384 1728 2674 1796 διαμενεῖς,
2708 1728 2799 1780 καὶ
2838 1727 2955 1796 ὄψει
2988 1725 3163 1780 αὐτῶν
3198 1728 3295 1797 τὴν
3341 1725 3642 1778 ἀπώλειαν·
3674 1726 3723 1776 οἱ
3764 1724 3818 1776 δέ
3848 1725 3952 1777 οὐκ

735 1826 872 1878 ciem
907 1825 1148 1889 videbis;
1177 1824 1247 1875 illi
1278 1841 1404 1877 vero
1436 1826 1827 1892 quamprimum
1858 1840 1978 1878 esse
2015 1826 2280 1889 desinent,

2385 1818 2612 1880 ἔσονται,
2717 1820 2877 1887 τάχος
2908 1818 3285 1888 ἀφανιζόμενοι
3324 1817 3417 1870 τοῦ
3461 1815 3594 1886 βίου.
3637 1815 3725 1867 Διὸ
3756 1832 3946 1886 κσρτι-

732 1930 798 1968 ex
828 1915 928 1966 hac
960 1915 1062 1965 \ita
1089 1915 1268 1967 deleti.
1291 1916 1648 1981 Quamobrem
1677 1929 2023 1982 perseverare
2048 1926 2095 1970 te
2120 1932 2279 1984 opor-

734 2014 830 2064 tet,
870 1995 1016 2057 etab
1044 2005 1106 2056 iis
1135 2004 1309 2058 illatas
1338 2022 1603 2058 aerumnas
1645 2008 1929 2061 sustinere.

807 2096 968 2148 Vens.
1014 2095 1100 2157 15,
1127 2096 1214 2152 Η.
1238 2115 1254 2146 ι
1287 2096 1546 2162 Quoniam
1575 2112 1674 2165 ego
1699 2097 1835 2152 Deus
1864 2109 2000 2161 tuus,
2020 2100 2110 2168 qui
2131 2109 2285 2154 teneo

734 2186 1006 2238 dexteram
1055 2194 1220 2247 tuam,
1263 2190 1351 2255 qui
1402 2189 1520 2242 dico
1579 2191 1696 2254 tibi,
1736 2189 1810 2244 Ne
1857 2191 2046 2246 timeas
2091 2191 2282 2257 Jacub,

734 2276 1015 2346 perexigue
1050 2275 1233 2330 Israel.
1275 2297 1292 2328 ι
1345 2279 1476 2332 Nam
1531 2282 1840 2348 paucissimi
1879 2297 2007 2337 sane
2059 2298 2284 2338 numero

729 2377 886 2422 erant
913 2367 1156 2436 discipuli
1190 2370 1489 2423 Salvatoris
1523 2374 1690 2425 nostri
1719 2390 1731 2435 ;
1773 2373 2028 2428 nimirum
2073 2376 2279 2429 duode-

731 2459 836 2513 cim
872 2460 1121 2526 apostoli,
1155 2471 1207 2512 et
1235 2472 1355 2528 post
1382 2462 1503 2516 illos
1532 2463 1865 2532 septuaginta
1893 2464 2003 2516 alii.

809 2550 967 2604 Vsus.
1005 2549 1089 2604 l5.
1122 2569 1139 2600 ι
1180 2551 1316 2608 Ecce
1349 2551 1448 2605 feci
1481 2563 1531 2604 te
1561 2555 1712 2619 quasi
1746 2555 1969 2620 plaustri
2004 2563 2150 2608 rotas
2188 2553 2285 2608 tri-

734 2651 997 2702 tus-antes,
1063 2653 1326 2707 recentes,
1386 2645 1437 2695 in
1493 2657 1762 2696 serrarum
1819 2645 2055 2699 modum.
2111 2663 2130 2696 ι
2191 2645 2282 2698 Sic

733 2733 873 2784 enim
910 2732 1078 2785 virtus
1119 2735 1520 2788 corroborantis
1567 2749 1659 2788 eos
1706 2735 2110 2798 ostendebatur,
2149 2735 2276 2789 dum

733 2822 832 2887 Ipsi
863 2822 992 2875 nihil
1023 2837 1051 2874 a
1087 2837 1268 2877 verme
1298 2822 1592 2888 differrent,
1624 2827 1717 2878 sed
1758 2827 1922 2880 etiam
1971 2827 2278 2896 paucissimi

731 2924 934 2974 essent,
965 2927 1028 2967 ac
1057 2916 1256 2967 mortui
1289 2916 1659 2984 cadaveraque
1693 2915 1905 2972 lsraelis
1949 2918 2279 2972 viderentur.

734 3002 1042 3067 Huiusmodi
1071 3016 1247 3058 tamen
1297 3020 1419 3058 cum
1461 3014 1660 3068 essent,
1709 3019 1947 3060 rotarum
1987 3016 2041 3060 et
2091 3022 2282 3060 currus

739 3095 937 3157 instar,
976 3109 1077 3149 ceu
1131 3097 1415 3164 quamdam
1445 3097 1651 3163 paleam
1683 3097 2052 3162 diﬂindebant,
2105 3098 2283 3152 diabo-

733 3183 893 3239 iicum
946 3187 1228 3254 impiarum
1277 3189 1512 3256 gentium
1557 3187 1756 3242 Cultum
1823 3197 1877 3241 et
1925 3189 2279 3244 iuololatriam

737 3275 1052 3331 triturantes
1088 3288 1141 3330 et
1171 3289 1441 3331 secantes.
1487 3295 1505 3329 ι
1537 3277 1600 3332 Et
1634 3277 1912 3332 triturabis
1961 3286 2188 3340 montes,
2225 3287 2281 3332 et

732 3368 1064 3423 conuninues
1102 3369 1285 3432 colles,
1313 3379 1368 3423 et
1402 3379 1656 3437 tanquam
1690 3369 1961 3438 pulverem
2001 3383 2184 3438 pones.
2222 3387 2241 3420 ›

802 3459 963 3515 Vens.
994 3459 1078 3514 16.
1120 3479 1138 3512 ι
1170 3460 1233 3514 Et
1264 3460 1563 3521 ventilabis,
1591 3469 1645 3513 et
1679 3471 1869 3514 ventus
1899 3458 2112 3514 auferet
2161 3474 2277 3524 eos,

730 3557 788 3603 et.
840 3550 996 3604 turbo
1060 3551 1329 3620 disperget
1379 3566 1493 3605 eos.
1538 3551 1618 3606 Tu
1667 3562 1849 3605 autem
1905 3550 2175 3604 laetaberis
2228 3552 2279 3604 in

733 3641 933 3695 sanctis
977 3641 1158 3697 Israel.
1185 3660 1202 3694 ο
1255 3640 1357 3696 Per
1389 3651 1597 3696 montes
1641 3652 1696 3697 et
1732 3641 1899 3700 colles
1941 3643 2282 3698 adversarius

734 3739 1062 3801 potestates,
1132 3733 1258 3786 olim
1296 3742 1483 3786 contra
1542 3729 1634 3784 Dei
1693 3733 2053 3800 cognitionem
2107 3731 2282 3785 insur-

733 3829 918 3888 gentes
955 3821 1347 3888 subindlcans;
1395 3819 1464 3873 ita
1522 3827 1580 3872 ut
1627 3832 1781 3872 error
1825 3819 1916 3874 ille
1986 3821 2281 3874 diabolicus

733 3911 874 3977 apud
919 3921 1104 3981 gentes
1149 3926 1253 3966 non
1301 3910 1438 3963 ultra
1469 3905 1747 3962 subsistat.
1782 3906 1879 3963 His
1921 3923 2084 3978 porro
2128 3925 2281 3962 mon-

737 3999 879 4056 tibus
915 4011 967 4055 et
1008 4001 1234 4056 collibus
1267 4002 1331 4056 de
1375 3997 1551 4054 medio
1588 3997 1814 4052 sublatis
1857 4015 1921 4053 ac
1965 4000 2174 4063 deletis,
2227 4011 2278 4055 tu

736 4092 851 4158 ipse
898 4107 1085 4148 servus
1131 4110 1278 4148 meus
1321 4094 1542 4158 electus,
1582 4107 1677 4160 per
1718 4106 1876 4160 quem
1923 4093 2036 4146 hate
2081 4107 2274 4162 perpe-

735 4183 927 4237 tranda
976 4194 1135 4248 sunt,
1177 4184 1444 4240 laetaberis
1487 4187 1541 4239 in
1598 4183 1855 4248 Domino,
1897 4193 1953 4236 et
1992 4183 2044 4236 in
2093 4193 2281 4237 sancto

733 4271 896 4328 Israel
927 4272 1249 4330 laudaberis.

809 4449 966 4507 νεεδ.
997 4453 1080 4507 t7.
1124 4472 1142 4504 ι
1172 4454 1238 4508 Ει
1269 4456 1612 4512 exsultabunt
1656 4472 1918 4528 pauperes
1957 4469 2014 4515 et
2063 4459 2270 4528 inopes.
2305 4466 2350 4520 Ι)

732 4541 984 4608 Quaerent
1030 4544 1169 4597 enim
1201 4561 1415 4615 aquam,
1458 4557 1514 4602 et
1546 4562 1648 4602 non
1677 4550 1822 4604 erit:
1855 4549 2032 4617 lingua
2087 4565 2270 4604 eorum

733 4649 841 4702 prte
873 4635 961 4689 siti
1007 4635 1233 4689 exaruit.
1279 4635 1386 4705 Ego
1432 4637 1685 4693 Dominus
1737 4639 1914 4693 Deus:
1967 4654 2065 4707 ego
2111 4655 2278 4694 exau-

733 4724 874 4777 tliam
925 4724 1062 4780 Deus
1110 4725 1308 4790 Israel,
1350 4736 1404 4781 et
1437 4744 1538 4781 non
1571 4729 1937 4799 derelinquam
1970 4745 2081 4785 eos.
2121 4750 2136 4780 ι
2171 4731 2270 4795 Qui

733 4826 909 4869 autem
945 4816 1126 4869 isthmc
1170 4818 1233 4868 ad
1267 4817 1422 4871 ﬁnem
1455 4819 1674 4874 deducta
1722 4823 1853 4883 sint,
1891 4829 1945 4873 et
1979 4823 2272 4874 etiamnum

733 4915 1052 4974 peraguntur
1082 4907 1133 4961 in
1151 4908 1390 4964 ecclesiis
1406 4909 1514 4973 Dei,
1539 4925 1656 4980 qua:
1673 4925 1763 4979 per
1781 4913 2070 4980 discipulos
2094 4913 2276 4966 Salva-

735 4996 866 5049 toris
903 4999 1067 5049 nostri
1097 5000 1343 5053 omnibus
1371 4998 1421 5052 in
1460 4999 1588 5055 locis
1633 5001 1860 5056 fundata:
1901 5013 2046 5064 sunt,
2077 5002 2274 5055 intelli-

730 5101 844 5155 ges,
871 5087 914 5142 si
944 5088 1177 5140 aninmm
1224 5091 1549 5145 adhibueris.
1577 5092 1777 5145 Animae
1805 5093 1963 5158 igitur
1997 5109 2117 5162 qua:
2145 5093 2270 5145 olim

735 5175 787 5228 in
816 5179 1059 5245 gentibus
1087 5180 1271 5247 inopes
1297 5196 1359 5234 ac
1391 5180 1480 5234 Dei
1515 5182 1816 5250 cognitione
1844 5191 2064 5250 egentes
2094 5190 2271 5242 erant,

734 5280 833 5320 nec
881 5266 964 5320 vel
1011 5268 1203 5324 stillam
1268 5268 1457 5324 vivifici
1519 5285 1674 5339 potus
1728 5271 2030 5334 habebant,
2089 5272 2161 5324 ita
2219 5280 2276 5323 ut

735 5354 911 5425 lingua
947 5373 1155 5426 earum,
1201 5369 1254 5414 et
1295 5375 1471 5414 sermo
1507 5376 1567 5416 ea
1620 5363 1865 5432 prolatus
1900 5372 2272 5427 exaresceret,

737 5449 878 5514 quod
910 5464 975 5503 ne
1022 5460 1183 5515 gutta
1233 5452 1446 5519 quidem
1497 5451 1747 5506 salutaris
1793 5455 1939 5507 verbi
1985 5454 2277 5523 participes

736 5552 945 5607 essent;
981 5544 1178 5597 eaedem
1231 5544 1358 5612 ipsae
1393 5554 1486 5610 per
1531 5542 1805 5598 cmlestem
1844 5544 2070 5610 gratiam
2127 5544 2279 5597 inex-

737 5641 1028 5699 spectatum
1069 5635 1380 5690 benelleium
1427 5641 1775 5701 acceperunt,
1823 5633 2076 5700 fontibus.
2108 5634 2281 5689 ﬂumi-

742 5720 893 5776 nibus
920 5731 973 5777 ει
1001 5725 1316 5781 omnimodis
1359 5725 1511 5795 aquis
1543 5724 1766 5782 viviﬁcis
1803 5725 2050 5797 repletae;
2097 5735 2278 5798 utpote

2389 1914 2494 1978 ρεῖν
2530 1927 2586 1961 σε
2616 1912 2900 1978 προσήκει,
2933 1909 3022 1961 καὶ
3059 1908 3344 1976 ὑπομένειν
3383 1908 3481 1969 τὰς
3545 1905 3603 1970 ἐξ
3636 1903 3812 1958 αὐτῶν
3850 1908 3950 1959 ἐπ·-

2391 2002 2650 2071 ιγομένας
2682 2001 2903 2069 θλίψεις.

2459 2108 2475 2138 ι
2514 2091 2633 2140 ’ὐτι
2663 2087 2772 2155 ἐγὼ
2807 2090 2834 2140 6
2864 2088 2993 2150 Θεὸς
3027 2105 3139 2148 σου.
3178 2089 3206 2139 6
3238 2087 3454 2156 κρατῶν
3493 2086 3587 2155 τῆς
3619 2083 3796 2147 δεξιᾶς
3829 2098 3942 2146 σου,

2383 2181 2412 2232 6
2432 2179 2600 2246 λέγων
2628 2197 2736 2231 σοι·
2767 2179 2858 2249 Μὴ
2881 2178 3064 2247 φοϐοῦ,
3102 2177 3312 2242 Ἰακὼὸ,
3337 2178 3610 2244 ὀλιγοστὸς
3648 2176 3879 2247 Ἰσραήλ.
3921 2193 3943 2228 s

2396 2270 2592 2338 Ὀλίγοι
2627 2271 2735 2340 γαρ
2768 2270 2856 2321 τὸν
2898 2268 3127 2337 ἀριθμὸν
3169 2266 3459 2336 ἐτύγχανον
3499 2270 3547 2321 οί
3577 2268 3666 2322 τοῦ
3701 2268 3948 2337 Σωτῆρος

2383 2362 2535 2431 ἡμῶν
2572 2361 2837 2430 μαθηταὶ,
2875 2357 3082 2411 δώδεκα
3120 2359 3216 2428 μὲν
3248 2358 3399 2422 ὄντες
3443 2359 3758 2412 ἀπόστολοι·
3800 2357 3948 2411 £660-

2385 2454 2624 2523 μηκοντα
2651 2450 2706 2503 δέ
2741 2451 2789 2502 οἱ
2820 2449 2932 2520 μετ’
2961 2448 3176 2510 αὐτούς.

2457 2561 2474 2592 ι
2518 2542 2648 2593 Ἰδοὺ
2683 2540 2912 2609 ἐποίησά
2946 2555 3004 2590 σε
3044 2539 3119 2601 ὡς
3147 2538 3373 2608 τροχοὺς
3401 2537 3617 2607 ἁμάξης
3656 2536 3944 2599 ἀλοῶντας,

2383 2635 2619 2693 καινοὺς,
2662 2629 3105 2700 πριστηροειδεῖς.
3161 2648 3178 2679 ι
3210 2629 3365 2681 Οὕτω
3393 2629 3501 2698 γὰρ
3531 2631 3563 2698 ἠ
3598 2629 3822 2697 δύναμις
3852 2626 3946 2681 τοῦ

2383 2727 2721 2796 ἐνισχύοντος
2763 2726 2956 2787 αὐτοὺς
2995 2723 3315 2783 ἐδεικνύετο,
3368 2723 3454 2774 ὅτε
3487 2721 3639 2774 αὐτοὶ
3669 2721 3948 2790 σκώληκος

2381 2813 2530 2866 οὐδὲν
2562 2813 2804 2881 διέφερον
2823 2851 2837 2874 ,
2864 2812 2998 2864 ἀλλὰ
3025 2813 3117 2864 καὶ
3148 2811 3410 2878 ὀλιγοστοὶ
3440 2806 3600 2880 ἦσαν,
3641 2810 3734 2864 καὶ
3762 2810 3948 2881 νεκροὶ

2383 2903 2476 2956 καὶ
2504 2901 2794 2964 τεθνεῶτες
2823 2900 2916 2953 τοῦ
2960 2900 3172 2970 Ἰσραὴλ
3201 2898 3509 2968 ἐτύγχανον.
3554 2901 3741 2968 Ὅμως
3773 2897 3948 2952 τοιοῦ-

2382 3007 2463 3042 τοι
2509 2991 2678 3052 ὄντες.
2725 2989 2912 3057 ὥσπερ
2961 2987 3082 3040 τινα
3131 2987 3383 3056 καλάμην
3427 2987 3700 3056 διέτεμνον
3736 2985 3947 3058 τροχῶν

2386 3079 2477 3131 καὶ
2506 3080 2719 3150 ἀμάξης
2745 3081 2961 3148 τρόπον,
2991 3078 3249 3141 ἀλοῶντες
3278 3081 3368 3130 καὶ
3394 3078 3815 3148 καταπρίξοντες
3837 3076 3946 3130 τῶν

2384 3171 2688 3236 ἀλλοφύλων
2712 3171 2798 3221 καὶ
2815 3169 2984 3221 ἀθέων
3011 3168 3178 3221 ἐθνῶν
3198 3170 3293 3238 τὴν
3314 3168 3625 3238 δαιμονικὴν
3649 3168 3941 3222 θεοποιίαν.

2389 3279 2405 3307 ‹
2451 3259 2557 3310 Καὶ
2595 3258 2839 3326 ἁλοήσεις
2886 3257 3006 3326 ὅρη,
3059 3257 3151 3308 καὶ¹
3213 3255 3490 3318 λεπυνείς
3551 3256 3814 3324 βουνοὺς,
3851 3257 3947 3310 καὶ

2381 3351 2455 3414 ὡς
2489 3351 2645 3421 χνοῦν
2671 3352 2875 3421 θήσεις.
2914 3372 2932 3401 s

2457 3483 2473 3514 ι
2515 3466 2621 3516 Καὶ
2685 3465 3007 3534 λικμήσεις,
3063 3466 3154 3518 καὶ
3195 3466 3389 3535 ἄνεμος
3451 3465 3677 3535 λήψεται
3723 3466 3943 3532 αὐτοὺς,

2380 3555 2473 3607 καὶ
2530 3556 2778 3622 καταιγὶς
2836 3555 3117 3627 διασπερεῖ
3180 3556 3391 3619 αὐτούς.
3455 3557 3526 3608 Σὺ
3585 3556 3640 3609 δέ
3707 3558 3945 3628 εὔφρανα

2381 3645 2519 3718 θήσῃ
2548 3649 2605 3700 ἐν
2637 3650 2748 3710 τοῖς
2775 3649 2950 3716 ἁγίοις
2988 3648 3221 3719 Ἰσραήλ.
3259 3669 3276 3700 ι
3309 3651 3443 3718 Ὀρη
3473 3651 3561 3701 κα“⁹
3601 3649 3820 3718 βουνοὺς
3845 3649 3944 3712 τας

2382 3737 2756 3806 ἀντικειμένας
2781 3739 3056 3809 δυνάμεις,
3093 3739 3256 3791 πάλαι
3291 3740 3429 3791 κατα
3453 3739 3550 3809 τῆς
3571 3739 3823 3806 γνώσεως
3847 3738 3941 3792 τοῦ

2381 3826 2512 3878 Θεοῦ
2538 3829 2921 3897 ἐπαιρομένας,
2952 3827 3313 3897 αἰνιττόμενος
3332 3845 3345 3859 ο
3379 3827 3453 3890 ὠς
3481 3829 3674 3899 μηκέτι
3704 3829 3940 3897 69:01!-

2380 3933 2465 3968 ναι
2491 3917 2639 3988 παρὰ
2665 3921 2776 3980 τοῖς
2813 3918 2983 3970 ἐθνεσι
3031 3919 3120 3989 τὴν
3145 3919 3456 3990 δαιμονικὴν
3484 3920 3708 3990 πλάνην.
3741 3921 3862 3974 Τῶν
3884 3921 3940 3974 δέ

2381 4007 2745 4060 ἁποδοθέντων
2774 4007 2912 4078 ὀρῶν
2955 4009 3044 4061 καὶ
3071 4007 3178 4060 τῶν
3207 4006 3546 4078 δηλωθέντων
3573 4007 3775 4076 βουνῶν
3800 4010 3942 4076 ἀφαρ-

2379 4096 2483 4149 νῶν
2519 4097 2840 4166 γενομένων,
2882 4098 2944 4149 σὺ
2986 4098 3144 4158 αὐτὸς
3182 4097 3211 4148 6
3249 4096 3431 4158 δοῦλός
3470 4114 3568 4166 μου
3601 4099 3628 4150 6
3662 4097 3939 4159 ἐκλεκτὸς.

2378 4183 2444 4237 δι’
2468 4178 2526 4236 οὗ
2551 4183 2715 4235 ταῦτα
2738 4183 3106 4255 κατώρθωται,
3138 4184 3480 4256 εὐφρανθήση
3511 4187 3568 4236 ἐν
3607 4185 3815 4257 Κυρίῳ,
3843 4187 3938 4240 καὶ

2380 4273 2438 4325 ἐν
2466 4271 2540 4343 τῷ
2570 4273 2711 4343 ἁγίῳ
2750 4274 2956 4344 Ἰσραὴλ
2987 4275 3337 4347 ἐπαινεθήσῃ.

2451 4472 2468 4506 ι
2496 4456 2604 4506 Καὶ
2636 4456 3041 4524 ἁγαλλιάσονται
3072 4459 3118 4509 οἱ
3150 4457 3350 4527 πτωχοὶ
3384 4461 3476 4512 καὶ
3512 4457 3724 4522 ἐνδεεῖς.
3769 4457 3938 4530 Ζητή-

2381 4562 2527 4598 σουσι
2556 4546 2663 4616 γὰρ
2684 4545 2846 4616 ὕδωρ,
2878 4549 2969 4599 καὶ
2994 4547 3094 4599 οὐκ
3122 4547 3292 4600 ἔσται·
3321 4551 3353 4618 ἡ
3384 4549 3603 4616 γλῶσσα
3631 4548 3806 4601 αὐτῶν
3830 4550 3938 4603 ἀπὸ

2378 4636 2475 4706 τῆς
2507 4623 2663 4705 δίψης
2702 4636 2992 4707 ἐξηράνθη.
3046 4637 3183 4706 Ἐγὼ
3212 4638 3409 4709 Κύριος
3436 4641 3462 4690 6
3491 4639 3641 4701 Θεόςο
3705 4639 3816 4707 ἐγὼ
3843 4641 3940 4693 tuo

2378 4725 2672 4795 ακούσομαι
2716 4728 2744 4778 6
2775 4726 3148 4796 ΘεὸςῚσραὴλ,
3189 4728 3282 4781 καὶ
3310 4729 3407 4780 οὐκ
3444 4728 3813 4799 ἐγκαταλείψω
3839 4731 3940 4783 αὖ·

2377 4820 2518 4881 τούς.
2560 4837 2577 4867 s
2624 4820 2806 4881 Ὅπως
2831 4818 2888 4869 δὲ
2915 4818 3083 4870 ταῦτα
3114 4817 3297 4882 τέλους
3329 4819 3503 4890 ἔτυχε,
3537 4824 3627 4874 καὶ
3650 4823 3814 4876 είσέτι
3843 4822 3939 4877 νῦν

2378 4907 2674 4976 ἐνεργεῖται
2721 4909 2777 4958 ἐν
2823 4909 2941 4969 ταῖς
2986 4907 3074 4960 διὰ
3104 4907 3211 4960 τῶν
3260 4909 3509 4980 μαθητῶν
3551 4911 3644 4964 τοῦ
3692 4913 3940 4985 Σωτῆρος

2377 4995 2531 5063 ἡμῶν
2579 4996 2715 5047 κατὰ
2745 4996 2917 5047 πάντα
2943 4997 3103 5049 τόπον
3139 4998 3460 5069 ίδρυθείσαις
3498 5001 3810 5070 ἐκκλησίαις
3845 5001 3939 5055 τοῦ

2377 5084 2529 5145 Θεοῦ,
2565 5085 2660 5153 τὴν
2693 5084 2925 5137 διάνοιαν
2963 5085 3257 5157 ἐπιστήσας
3286 5090 3427 5158 εἴση.
3475 5091 3539 5143 Δί
3571 5090 3700 5157 γοῦν
3743 5093 3802 5143 τὸ
3836 5108 3942 5146 πα-

2380 5174 2525 5226 λαιὸν
2559 5175 2924 5243 πτωχιὺουσαι
2963 5176 3019 5226 ἐν
3052 5180 3160 5240 τοῖς
3195 5177 3368 5230 ἔθνεσι
3393 5179 3562 5247 ψυχαὶ
3594 5181 3687 5232 καὶ
3719 5181 3814 5251 τῆς
3847 5181 3941 5235 τοῦ

2381 5263 2511 5316 Θεοῦ
2541 5264 2788 5332 γνώσεως
2814 5265 3006 5329 ἐνδεεῖς
3034 5265 3209 5331 οὖσαι,
3229 5270 3320 5321 καὶ
3339 5270 3469 5340 μηδέ
3499 5271 3687 5340 ρανίδα
3708 5270 3940 5335 ζωτικοῦ

2383 5356 2623 5424 πόματος
2649 5357 2994 5425 κεκτημέναι,
3026 5358 3101 5420 ὡς
3122 5359 3220 5429 τὴν
3256 5359 3503 5427 γλῶσσαν
3527 5362 3700 5416 αὐτῶν
3726 5365 3820 5418 καὶ
3849 5365 3942 5416 τὸν

2380 5445 2444 5497 δι’
2499 5447 2666 5515 αὐτῆς
2714 5446 3146 5518 προσφερόμενον
3186 5449 3341 5517 λόγον
3391 5449 3701 5522 ἐξηράνθαι,
3741 5452 3830 5505 διὰ
3884 5453 3941 5505 τὸ

2386 5538 2648 5609 μηδεμιᾶς
2706 5538 2903 5602 νοτίδος
2946 5539 3102 5606 λόγου
3155 5542 3419 5612 σωτηρίου
3472 5542 3738 5613 μετέχειν
3781 5534 3940 5595 αὗται

2383 5632 2679 5703 παραδόξου
2725 5634 3076 5702 τετυχήκασιν
3107 5636 3420 5704 εὐεργεσίας
3450 5636 3536 5689 διὰ
3559 5639 3657 5708 τῆς
3687 5637 3939 5707 οὐρανίου

2381 5725 2596 5795 χάριτος
2652 5723 3012 5794 πληρωθεῖσαί
3060 5744 3116 5780 τι
3162 5727 3370 5793 πηγῶν.
3425 5730 3515 5782 καὶ
3551 5728 3806 5786 ποταμῶν
3852 5726 3938 5781 καὶ
