4120 6294
229 363 320 421 581

1136 364 1641 423 COMMENTARIA
1680 366 1745 422 ΙΝ
1784 363 2045 421 ιςΑιΑιι.
2085 393 2159 409 -
2190 361 2341 419 CAP.
2386 362 2519 417 XLI.

3368 357 3475 414 58!

228 485 485 540 παντοίων
519 486 769 550 ζωτικῶν
816 485 1042 549 ὑδάτων,
1072 487 1147 551 ὡς
1173 488 1540 542 ἀπολαύουσαι
1587 488 1776 551 ὕδατος

1901 502 2021 556 quae
2068 500 2130 540 ea
2181 485 2295 555 ipsa
2333 483 2641 537 fruerentur
2689 494 2855 548 aqua,
2903 479 2970 533 de
3016 493 3119 547 qua
3156 478 3471 547 Superius"

226 576 341 646 περὶ
368 571 427 630 οὗ
452 577 714 647 ἀνωτέρω
741 577 972 645 ἐλέγετοθ
1011 596 1028 627 ι
1054 578 1161 631 Καὶ
1190 577 1401 633 πίονται
1436 578 1578 651 ὕδωρ
1604 582 1668 632 ἐκ
1688 577 1776 632 τῶε

1897 571 2199 634 dicebatur,
2234 588 2253 621 ι
2286 568 2355 623 Ει
2400 568 2586 622 bibent
2618 580 2817 635 aquam
2861 578 2929 619 ex
2974 563 3215 618 fontibus
3264 563 3472 616 saluta-

226 668 401 740 πηγῶν
426 670 521 721 τοῦ
558 669 846 740 σωτηρίου·
884 688 901 720 ι
939 668 1047 721 εἴτε
1073 670 1180 722 ἀπὸ
1205 671 1397 740 πηγῶν
1421 670 1515 723 τοῦ
1559 670 1793 739 Ἰσραὴλ,

1897 662 2050 727 risu
2110 660 2225 713 sive
2270 674 2337 713 ex
2394 656 2636 710 futilibus
2690 654 2952 718 l'sraelis,
3002 669 3169 721 quos,
3206 665 3474 707 memorat

222 753 289 813 ὧν
335 760 743 829 ἐμνημόνευσεν
788 763 816 812 ὁ
867 762 1042 830 φήσας
1070 759 1244 828 λόγος,
1295 781 1313 812 ι
1359 762 1447 814 Ἑν
1480 761 1776 830 ἐκκλησίαις

1893 764 2077 805 sermo
2124 750 2211 803 ille
2255 749 2343 817 qui
2381 749 2488 813 ait,
2542 765 2560 797 ι
2590 745 2645 799 In
2706 746 2953 799 ecclesiis
3014 743 3316 799 benedicite
3365 746 3475 799 Deo

222 849 473 915 εὐλογεῖτε
499 851 595 902 τὸν
628 850 759 902 Θεὸν
788 850 986 919 Κύριον
1017 851 1080 902 ὲκ
1108 850 1298 921 πηγῶν
1335 851 1569 924 Ἰσραήλ.
1597 870 1617 902 ι
1656 850 1792 903 Τοῦ-

219 955 273 992 το
308 938 349 991 δ’
382 940 447 993 ἂν
482 941 570 1010 εῑη
600 940 661 992 τὸ
694 939 917 1010 Πνεῦμα
962 940 1020 993 τὸ
1063 940 1216 1007 ἃγιον
1258 941 1318 993 τὸ
1363 941 1607 1009 πηγάζον
1639 943 1695 994 tv
1724 943 1789 1011 τῇ

230 1028 512 1101 Ἐκκλησία
556 1030 654 1082 τοῦ
688 1030 843 1093 Θεοῦ,
886 1032 979 1084 καὶ
1025 1030 1331 1102 ἀνομὸροῦν
1371 1032 1538 1085 ὓδατα
1590 1030 1787 1098 ζῶντα,

214 1120 325 1172 τοτὲ
360 1121 457 1189 μὲν
484 1120 599 1173 ἀπὸ
628 1122 725 1191 τῆς
748 1122 987 1184 Παλαιᾱς
1014 1120 1315 1193 Διαθήκης,
1342 1123 1536 1177 τοτὲδὲ
1562 1122 1668 1175 ἀπὸ
1692 1122 1790 1191 τῆς

216 1211 392 1280 καινῆς
423 1213 519 1265 καὶ
555 1212 919 1283 εὐαγγελικῆς
946 1211 1311 1275 διδασκαλίας.

284 1320 300 1352 ι
340 1302 498 1354 Ἀλλά
549 1301 751 1366 ἀνοίξω
795 1303 887 1355 ἐπὶ
920 1302 1029 1356 τῶν
1071 1303 1242 1373 ὀρέων
1274 1304 1569 1374 ποταμοὺς,
1605 1303 1695 1357 καὶ
1729 1304 1787 1356 tv

217 1391 353 1461 μέσῳ
376 1393 580 1445 πεδίων
615 1393 817 1461 πηγάς.
837 1394 1054 1463 Ποιήσω
1082 1392 1179 1463 τὴν
1211 1392 1413 1465 ἔρημον
1437 1396 1517 1455 είς
1548 1394 1643 1464 ἕλη
1668 1393 1790 1446 ὑδά-

211 1498 330 1545 των,
365 1483 459 1534 καὶ
488 1484 592 1553 τὴν
630 1482 869 1553 διψῶσαν
901 1483 1003 1554 γῆν
1040 1485 1099 1536 tv
1130 1484 1485 1555 ὑδραγωγοῖς.
1515 1484 1676 1555 Θήσω
1706 1486 1785 1547 είς

209 1573 299 1643 τήν
327 1573 559 1646 ἄνυδρον
592 1574 696 1644 γῆν
723 1574 913 1646 κέδρον
938 1575 1033 1628 καὶ
1067 1574 1253 1638 πύξον,
1286 1575 1553 1644 μυρσίνην
1580 1574 1673 1626 καὶ
1697 1590 1787 1626 κυ-

210 1665 485 1735 πάρισσον,
514 1667 613 1718 καὶ
638 1665 855 1736 λεύκην.
894 1685 911 1718 ι
960 1666 1144 1720 Ταῦτα
1183 1666 1379 1727 πάντα,
1409 1667 1515 1719 οὐδ’
1546 1666 1719 1729 ἄλλως
1748 1666 1781 1736 ἢ

210 1753 263 1807 ιν
284 1754 489 1807 ὑδάτων
520 1755 720 1825 πλήθει
749 1756 1052 1825 τρεφόμενα
1079 1758 1169 1809 καὶ
1190 1756 1547 1825 αὐξανόμενα,
1576 1758 1653 1819 είς
1686 1756 1782 1826 τὴν

1896 840 2125 894 Domino
2166 839 2233 893 de
2282 838 2521 893 fontibus
2570 835 2830 891 Israel".
2863 855 2882 885 ι
2940 835 3067 890 "are
3118 850 3280 903 porro
3331 849 3470 905 aqua

1896 931 2061 985 fuerit
2092 931 2328 999 Spiritus
2369 937 2610 991 sanctus,
2638 926 2693 979 in
2731 925 2970 982 Ecclesia
3016 926 3109 980 Dei
3142 927 3469 990 scaturiens,

1893 1032 1947 1078 et
2008 1036 2177 1089 aquas
2244 1020 2486 1074 viventes
2565 1017 2871 1081 instillans,
2942 1016 3100 1069 modo
3156 1031 3222 1069 ex
3285 1014 3469 1073 Veteri

1898 1114 2284 1178 Testamento,
2348 1113 2508 1165 modo
2564 1126 2628 1164 ex
2697 1123 2833 1164 nova
2881 1116 2938 1163 et
3002 1106 3315 1177 evangelica
3370 1108 3468 1162 do-

1891 1205 2086 1259 ctrina.

1963 1295 2126 1349 Vsus.
2176 1294 2377 1357 18,19.
2436 1311 2456 1344 σ
2486 1293 2590 1348 Sed
2640 1293 2881 1362 aperiam
2930 1292 2985 1347 in
3039 1292 3312 1348 montibus
3365 1292 3468 1347 ﬂu-

1887 1389 2055 1451 mina,
2087 1398 2141 1442 et
2186 1389 2238 1441 iu
2273 1387 2451 1441 medio
2483 1402 2798 1455 camporum
2850 1386 3050 1439 l‘outes.
3102 1384 3322 1439 Faciam
3372 1383 3470 1437 de-

1887 1490 2088 1534 sertum
2120 1480 2171 1533 in
2206 1480 2425 1548 paludes
2466 1492 2754 1546 aquarum,
2784 1484 2837 1530 et
2866 1476 3136 1529 sitientem
3173 1484 3372 1527 terram
3410 1473 3465 1527 iu

1888 1572 2256 1641 aquaduclus.
2294 1570 2497 1624 Ponam
2533 1570 2583 1621 in
2631 1577 2772 1621 terra
2817 1568 3078 1637 inaquosa
3127 1566 3384 1629 cedrum,
3412 1576 3470 1619 et

1888 1663 2111 1725 buxum,
2159 1670 2215 1713 et
2262 1671 2518 1731 myrtum,
2564 1670 2620 1712 et
2661 1673 2998 1727 cupressum,
3044 1667 3098 1712 et
3134 1657 3463 1726 ροιιιιΙηηι.»

1888 1751 2012 1807 liae
2045 1752 2248 1816 omnia,
2278 1766 2395 1822 qua:
2428 1750 2636 1804 nonnisi
2678 1750 2729 1802 in
2766 1764 3029 1818 aquarum
3058 1751 3212 1819 capia
3243 1748 3468 1803 aluntur

208 1842 379 1895 ιίκόνα
408 1845 794 1915 περιείληπται
842 1845 950 1898 τῶν
983 1847 1041 1898 tv
1073 1850 1139 1917 τῇ
1195 1848 1491 1916 Ἐκκλησία
1524 1847 1616 1899 τοῦ
1646 1848 1776 1900 Θεοῦ

1882 1852 1936 1896 et
1977 1852 2326 1907 accrescunt,
2357 1842 2421 1894 ad
2455 1841 2866 1895 similitudinem
2910 1841 3213 1895 animarum
3258 1841 3311 1893 in
3363 1838 3465 1893 Ec-

208 1934 435 1987 ιύθαλῶν
468 1934 680 2005 ψυχῶν,
708 1936 815 1989 ἀπὸ
844 1936 1212 2009 πολυπληθίας
1234 1937 1391 1991 θείων
1423 1939 1515 1991 καὶ
1551 1938 1782 2007 λογικῶν

207 2024 400 2077 ὑδάτων
433 2028 517 2089 είς
551 2026 685 2095 ὕψος
715 2028 1056 2099 ἐπηρμένων.
1100 2030 1229 2082 Ὅτε
1260 2029 1357 2099 μὲν
1378 2026 1470 2082 οὖν
1504 2032 1629 2092 τοὺς
1657 2048 1785 2101 καρο

207 2115 331 2177 ποὺς
368 2115 465 2185 τῆς
515 2115 841 2186 Ἐκκλησίας
877 2115 1122 2185 βουλεται
1159 2119 1508 2188 παραστῆσαι
1535 2120 1562 2170 ὁ
1603 2119 1779 2186 λόγος,

207 2202 360 2256 ιίκὸνι
394 2205 599 2275 χρῆται
628 2205 831 2270 ἐλαίας,
865 2204 899 2275 ἢ
928 2206 1186 2274 φοίνικος,
1216 2206 1249 2277 ἢ
1284 2207 1548 2277 ἀμπέλου·
1597 2210 1684 2260 ὅτε
1725 2210 1782 2261 δὲ

206 2304 258 2345 ro
281 2293 501 2356 εὐθαλὲς
531 2295 626 2347 καὶ
652 2295 962 2365 διηρμένον,
988 2297 1181 2367 νεαρόν
1200 2314 1259 2349 τε
1281 2298 1375 2351 καὶ
1394 2299 1649 2369 ἀκμαῖον,
1671 2298 1781 2353 τῶν

206 2382 258 2433 ιν
285 2385 348 2452 τῇ
408 2384 708 2455 Ἐκκλησίᾳ⁵
740 2386 1157 2457 προκοπτόντων
1196 2388 1365 2458 δηλοῖ,
1409 2392 1473 2459 τῇ
1508 2390 1615 2441 τῶν
1647 2408 1782 2464 προσ

204 2473 487 2543 λεχθέντων
518 2475 705 2542 φυτῶν
736 2478 1103 2547 συνεχρήσατο
1127 2478 1315 2531 είκόνι·
1341 2478 1377 2532 ἃ
1408 2480 1507 2533 οὐκ
1537 2480 1712 2545 ἄλλως
1745 2481 1777 2553 ἢ

205 2560 258 2627 ἐξ
282 2562 487 2616 ὑδάτων
517 2564 757 2637 πλήθους
780 2566 874 2620 καί⁸
903 2566 1006 2636 γῆς
1027 2568 1242 2640 ἑδραίας
1267 2570 1360 2623 καὶ
1394 2571 1621 2641 μονίμου
1651 2589 1778 2626 συν-

207 2652 441 2708 ίστασθαι
470 2657 740 2725 πέφυκεν·
777 2658 808 2710 δ
851 2657 913 2728 δὴ
957 2660 1050 2711 καὶ
1082 2660 1203 2712 ἀντὶ
1244 2661 1549 2732 παραδόξου
1583 2664 1778 2736 παρεί-

204 2744 375 2815 ληφεν,
404 2747 454 2798 εί
482 2748 544 2799 tv
566 2750 633 2817 τῇ
664 2746 874 2820 ἀνύδρῳ
902 2750 997 2802 καὶ
1016 2749 1304 2823 καταξήρῳ
1340 2753 1435 2806 καὶ
1465 2753 1670 2825 δειλαίᾳ
1703 2758 1775 2827 γῇ

206 2834 455 2906 τοσαύτην
500 2837 712 2901 ὑδάτων
742 2838 1006 2910 χορηγίαν
1055 2839 1271 2893 ἔσεσθαι
1302 2844 1657 2914 ἐπήγγελται,
1701 2845 1778 2909 ὼς

205 2926 413 2980 τοιαῦτα
444 2927 746 3001 βλαστῆσαι
771 2928 937 2998 φυτὰ,
966 2932 1127 2985 ὁποῖα
1156 2932 1517 2987 κατείλεκται.
1546 2935 1651 2987 Τδν
1675 2936 1776 2987 αὺ-

205 3016 285 3071 τὸν
314 3018 368 3071 δὲ
387 3020 593 3089 τρόπον
621 3017 841 3077 ἔσεσθαι
866 3022 960 3077 καὶ
988 3022 1080 3076 ἐπὶ
1117 3023 1215 3095 τῆς
1248 3024 1417 3079 πάλαι
1448 3028 1656 3097 ἐρήμου
1683 3028 1778 3080 καὶ

205 3107 417 3179 ἀνύδρου
450 3111 557 3181 γῆς
590 3109 700 3164 τῶν
735 3111 901 3165 πάλαι
924 3112 1236 3184 ἀλλοφύλων
1260 3116 1353 3171 καὶ
1381 3115 1554 3170 ἀθέων
1586 3117 1771 3171 ἐθνῶν·

1884 1931 2045 1986 clcsia
2093 1933 2183 1988 Dei
2224 1931 2567 1997 ﬂorentium,
2609 1946 2728 1998 quae
2769 1947 2833 1984 ex
2867 1932 3171 1985 divinarum
3203 1940 3257 1985 et
3293 1932 3462 1982 ratio-

1885 2024 2140 2078 nabilium
2195 2038 2458 2091 aquarum
2508 2022 2838 2076 abundantia
2887 2023 2940 2075 in
2978 2022 3145 2074 altum
3192 2035 3466 2074 excreve-

1882 2124 2041 2179 runt,
2086 2122 2437 2182 usurpantur.
2489 2112 2622 2166 Cum
2678 2112 2841 2180 igitur
2910 2110 3188 2179 Scriptura
3253 2109 3466 2165 fructus

1882 2204 2136 2259 Ecclesia:
2168 2213 2564 2273 repraesentare
2591 2202 2761 2269 cupit,
2809 2204 3041 2269 imagine
3085 2203 3256 2256 utitur
3282 2202 3462 2265 oliva»,

1880 2303 1974 2348 aut
2010 2293 2235 2363 palmae,
2276 2300 2371 2349 aut
2414 2292 2574 2357 vitis;
2622 2308 2743 2346 cum
2796 2306 2926 2347 vero
2960 2290 3276 2359 ﬂorentem,
3325 2292 3461 2346 sub-

1880 2384 2084 2451 limem,
2131 2394 2379 2454 vegetum
2422 2394 2478 2439 et
2521 2399 2837 2455 prosperum
2882 2397 3095 2450 eorum,
3122 2384 3213 2454 qui
3258 2383 3311 2440 in
3356 2383 3465 2438 Er-

1878 2478 2046 2531 clesia
2086 2478 2414 2546 proficiunt,
2462 2485 2663 2531 statum
2726 2477 3030 2547 signiﬁcat,
3077 2478 3462 2546 praedictarum
3562 2534 3565 2537 γ

1878 2569 2135 2622 arborum
2167 2568 2519 2623 similitudine
2562 2568 2751 2633 utitur,
2780 2583 2899 2636 quae
2930 2570 3145 2623 nonnisi
3191 2585 3257 2623 ex
3288 2584 3458 2638 aqua-

1879 2661 2199 2728 runi‘cOpia
2252 2669 2415 2728 atque
2462 2658 2513 2712 in
2563 2668 2705 2713 terra
2748 2662 2902 2713 lirma
2950 2660 3230 2729 solidaque
3277 2662 3459 2715 consi-

1879 2758 2025 2803 stere
2064 2750 2238 2803 solent
2266 2768 2279 2803 :
2307 2751 2451 2819 quod
2490 2765 2623 2804 sane
2672 2765 2769 2819 pro
2808 2766 2868 2805 re
2906 2752 3168 2818 stupenda
3209 2760 3261 2805 et
3293 2753 3460 2807 mira-

1877 2838 1969 2891 bili
2015 2838 2318 2907 usurpavit,
2359 2838 2502 2907 quod
2541 2837 2796 2892 videlicet
2846 2840 2899 2892 iu
2950 2840 3235 2908 inaquosa,
3280 2840 3457 2908 arida,

1878 2939 1932 2985 et
1973 2930 2170 2985 misera
2212 2940 2393 2996 terra,
2438 2941 2644 2985 tantam
2686 2929 2805 2985 fore
2859 2945 3120 3000 aquarum
3170 2932 3457 2986 abundan-

1879 3021 2008 3074 tiam
2053 3021 2395 3092 polliceatur,
2424 3033 2483 3076 ut
2517 3024 2652 3078 tales
2702 3025 2959 3085 arbores,
3008 3022 3195 3092 quales
3224 3037 3453 3079 enume-

1880 3123 2092 3178 rantur,
2127 3114 2374 3182 prol‘erre
2408 3114 2607 3170 valeat.
2647 3114 2847 3170 Eodem
2876 3124 3054 3168 autem
3096 3114 3259 3169 modo
3292 3130 3458 3170 even-

207 3199 458 3270 τοσαύτην
499 3200 613 3273 γὰρ
654 3204 981 3273 γενήσεσθαι
1024 3206 1117 3259 καὶ
1156 3208 1243 3259 ἐπ’
1284 3207 1431 3279 αὐτῷ
1476 3210 1776 3282 μεταϐολὴν

1879 3213 2056 3258 turum
2088 3205 2218 3259 dicit
2264 3205 2317 3260 in
2371 3206 2459 3259 illa
2493 3206 2623 3258 olim
2670 3206 2881 3259 deserta
2922 3213 2977 3259 et
3020 3206 3278 3275 inaquosa
3324 3207 3456 3260 alie-

205 3290 521 3361 προφητεύει
543 3294 625 3357 είς
650 3293 872 3358 ἔνδειξιν
902 3296 1002 3366 τῆς
1034 3298 1301 3370 σωτηρίου
1330 3299 1664 3368 εὐεργεσίας.

269 3611 287 3643 ‹
314 3594 427 3647 Ἵνα
448 3594 604 3650 ἴδωσι
628 3596 722 3650 καὶ
746 3594 935 3664 γνῶσι,
965 3596 1058 3650 καὶ
1075 3596 1369 3667 ὲννοήσωσι
1394 3596 1487 3650 καὶ
1513 3596 1775 3649 ἐπίστων-

202 3700 281 3739 ται
301 3686 435 3757 ἅμα,
465 3688 554 3741 δτι
586 3687 704 3760 χεὶρ
729 3688 932 3761 Κυρίου
962 3687 1181 3758 ιποίησε
1205 3687 1396 3753 ταῦτα,
1430 3688 1523 3741 καὶ
1561 3690 1589 3741 ὁ
1619 3689 1771 3756 ἅγιος

201 3775 283 3831 τοῦ
327 3778 550 3851 Ἰσραὴλ
595 3778 921 3844 κατέδιιξεν.
959 3797 978 3830 ι
1024 3779 1086 3832 El
1138 3778 1247 3849 γὰρ
1296 3779 1369 3849 μὴ
1401 3778 1533 3841 Θεὸς
1572 3774 1639 3849 ἦν
1678 3780 1771 3833 καὶ

201 3865 307 3938 χεὶρ
338 3868 573 3941 Κυρίου,
607 3870 640 3939 ἡ
669 3867 757 3922 διὰ
780 3867 889 3922 τῶν
922 3869 1233 3922 ἀποστόλων
1262 3867 1426 3923 αὑτοῦ
1456 3868 1555 3940 τὴν
1579 3869 1772 3921 τοσαύ-

200 3971 287 4027 την
318 3959 619 4031 μεταϐολὴν
662 3961 718 4013 tv
750 3962 864 4023 τοῖς
896 3959 1102 4013 ἔθνεσιν
1136 3960 1471 4031 εἰργασμένη
1492 4000 1506 4021 ,
1546 3960 1662 4023 πῶς
1704 3960 1770 4013 ἂν

200 4047 525 4119 συνέστησαν
558 4050 615 4101 tv
642 4052 707 4120 τῇ
734 4049 967 4121 τοσαύτῃ
991 4050 1098 4103 τῶν
1130 4050 1298 4103 ἐθνῶν
1338 4050 1543 4121 ἐρημίᾳ
1575 4050 1771 4121 ἐκκλη-

201 4137 301 4191 σίαι
327 4139 493 4203 Θεοῦ,
516 4140 610 4194 καί
639 4140 706 4192 τὰ
739 4142 795 4193 ὲν
831 4141 967 4211 αὐτῇ
1000 4140 1191 4208 λογικά
1229 4140 1395 4194 ὕδατα
1433 4140 1769 4210 πληθύνοντα

200 4228 457 4297 πανταχοῦ
491 4229 612 4298 γῆς,
636 4228 711 4292 ὡς
734 4230 1092 4301 γεωργεῖσθαι
1116 4230 1221 4282 τῶν
1254 4230 1515 4301 πρότερον
1548 4232 1769 4301 ἐρήμων

199 4314 279 4368 καλ
300 4318 593 4388 ἀνημέρων
616 4317 783 4371 ἐθνῶν
801 4319 897 4382 τὰς
924 4318 1099 4389 ψυχὰς
1122 4319 1198 4389 τῷ
1223 4319 1320 4388 τῆς
1343 4320 1649 4382 θεοσεὸείας
1680 4319 1767 4371 λό-

198 4420 290 4475 γῳ,
334 4408 497 4475 φύειν
538 4424 597 4461 τε
630 4411 723 4462 καὶ
774 4409 952 4481 ὑψηλὰ
997 4413 1089 4463 καὶ
1118 4412 1362 4482 μετέωρα
1391 4410 1762 4481 βλαστήμαται

1875 3314 2065 3352 narum
2106 3310 2162 3352 et
2193 3299 2481 3369 impiarum
2529 3298 2769 3367 gentium
2817 3306 2961 3351 terra
2996 3314 3009 3350 :
3042 3312 3167 3351 nam
3217 3308 3273 3351 ut
3308 3298 3455 3351 salu-

1877 3398 1992 3443 tare
2029 3389 2350 3443 beneﬁcium
2394 3390 2683 3459 exprimat,
2726 3398 2930 3443 tantam
2971 3388 3024 3443 in
3062 3389 3151 3445 illa
3191 3388 3307 3445 {ore
3333 3406 3452 3445 mu-

1875 3482 2130 3535 tationem
2164 3476 2513 3536 vaticinatur.

1945 3571 2108 3627 νεεδ.
2133 3573 2223 3627 20.
2264 3591 2283 3624 ι
2315 3574 2385 3629 Ut
2434 3574 2654 3628 videant
2698 3582 2754 3627 et
2804 3582 3171 3645 cognoscant,
3213 3583 3270 3627 et
3301 3574 3452 3641 cogl-

1871 3670 1985 3717 tent
2012 3674 2064 3719 et
2095 3666 2265 3719 sciant
2292 3664 2487 3727 simul,
2528 3666 2781 3733 quoniam
2834 3680 3027 3719 manus
3057 3667 3267 3720 Domini
3323 3666 3450 3721 fecit

1871 3756 2008 3821 lucc,
2052 3766 2106 3811 et
2153 3766 2373 3812 sanctus
2408 3756 2569 3813 Israel
2600 3758 2860 3813 ostendit.
2887 3775 2907 3809 ι
2952 3755 3067 3812 Nisi
3113 3760 3258 3813 enim
3307 3758 3453 3816 Deus

1871 3856 1924 3901 et
1963 3864 2155 3904 manus
2206 3851 2416 3903 Domini
2466 3858 2634 3912 esset,
2675 3864 2795 3917 quae
2848 3864 2943 3917 per
2991 3848 3269 3917 apostolos
3320 3865 3450 3905 suos

1869 3947 2074 3993 tantam
2121 3941 2173 3994 in
2214 3942 2464 4009 gentibus
2496 3942 2849 3995 mutationem
2901 3940 3131 4005 induxit,
3175 3944 3449 4009 quomodo

1872 4032 1923 4085 in
1957 4042 2109 4087 tanto
2155 4034 2392 4102 gentium
2440 4033 2657 4086 deserto
2708 4030 2965 4085 Ecclesia!
3012 4031 3109 4085 Dei
3158 4031 3447 4085 constitis-
3540 4022 3564 4039 ⁶

1869 4130 2023 4184 sent,
2068 4134 2122 4177 et
2173 4123 2530 4178 rationabiles
2574 4120 2693 4191 ejus
2738 4137 2889 4191 aqme
2934 4123 3134 4193 ubique
3181 4130 3447 4176 terrarum

1870 4211 2093 4282 largiter
2143 4223 2486 4274 manaSsent,
2539 4214 2611 4267 ita
2662 4224 2720 4266 ut
2780 4214 2884 4267 illa:
2944 4215 3070 4267 olim
3120 4216 3348 4269 deserta:
3392 4224 3449 4270 et

1870 4302 2102 4357 immites
2132 4306 2367 4373 gentium
2418 4306 2626 4368 animae,
2670 4305 2771 4375 piae
2823 4306 3099 4376 religionis
3142 4306 3307 4361 verbo
3348 4324 3447 4361 ex-

1870 4393 1973 4447 coli
2014 4405 2258 4463 possent,
2302 4411 2366 4450 ac
2409 4397 2585 4451 celsas
2628 4398 2997 4465 sublimesque
3031 4399 3243 4467 plautas
3289 4400 3451 4453 emit-

198 4497 283 4549 καὶ
304 4499 369 4550 τὰ
397 4499 505 4569 μὲν
533 4499 625 4551 ἐπὶ
645 4500 749 4568 γῆς
777 4500 1143 4571 ὲρῤιζωμένα,
1173 4501 1315 4570 λέγω
1340 4502 1403 4571 δὴ
1439 4503 1497 4554 ὲν
1524 4502 1602 4571 τῷ
1634 4502 1764 4572 θνη-

1878 4493 1985 4539 lere
2011 4505 2026 4541 :
2056 4502 2285 4557 quarum
2315 4490 2435 4542 alite
2478 4490 2531 4542 in
2568 4498 2734 4556 terra,
2765 4491 2974 4544 scilicet
3016 4492 3068 4545 in
3106 4493 3319 4545 mortali
3358 4494 3451 4546 hu-

198 4589 269 4660 τῷ
294 4593 385 4644 καί
418 4590 751 4661 ἀνθρωπίνῳ
787 4592 908 4662 βίῳο
937 4592 1003 4644 τὰ
1038 4592 1095 4645 δὲ
1123 4594 1201 4655 είς
1233 4592 1365 4661 ὕψος
1405 4594 1760 4663 ἐπαιρόμενα,

198 4676 380 4742 ὥςκαί
430 4680 596 4752 μέχρι
623 4682 720 4751 τῆς
777 4681 1049 4751 βασιλείας
1097 4683 1204 4735 τῶν
1246 4684 1486 4753 οὐρανῶν
1534 4685 1767 4737 ἐκτείνε-

200 4767 332 4833 σθαι,
366 4772 534 4825 κάκεῖ
554 4769 652 4833 τὰς
685 4770 885 4823 ἑαυτῶν
916 4772 1153 4843 ἀναρτᾷν
1176 4773 1427 4837 ὲλπίδας;
1459 4775 1547 4827 Διὸ
1581 4781 1764 4843 φυτοῖς

199 4859 406 4914 εὐώδεσι
434 4860 534 4913 καὶ
565 4861 641 4923 είς
682 4860 812 4929 ὕψος
843 4862 1172 4933 ἐπηρμένοις
1201 4863 1656 4936 παραϐέὸληνται.

267 5050 285 5083 ι
325 5031 567 5102 Ἑγγίζει
602 5035 636 5105 ἡ
678 5037 854 5105 κρίσις
886 5035 1070 5106 ὑμῶν,
1104 5034 1251 5104 λέγει
1294 5036 1497 5108 Κύριος
1543 5041 1570 5091 ὁ
1610 5040 1760 5103 Θεός·

202 5119 417 5190 ήγγισαν
453 5125 509 5178 αἱ
542 5123 725 5193 βουλαὶ
760 5127 932 5197 ὑμῶν,
964 5127 1109 5195 λέγει
1142 5130 1169 5180 ὁ
1206 5127 1455 5196 βασιλεὺς
1494 5130 1708 5183 Ἰακώϐ.
1742 5149 1759 5181 ι

1872 4593 2136 4647 manaque
2162 4580 2295 4645 vita,
2335 4582 2543 4636 radices
2587 4597 2848 4649 posuere;
2894 4583 3014 4637 aliae
3052 4593 3182 4639 vero
3230 4600 3445 4639 sursum

1870 4682 2067 4724 ereetaa
2112 4682 2282 4736 sunt,
2327 4673 2399 4725 ita
2452 4685 2508 4726 ut
2548 4675 2613 4727 ad
2676 4690 2847 4743 usque
2900 4691 3126 4743 regnum
3185 4676 3445 4730 cmlorum
3526 4682 3531 4687 '

1870 4766 2311 4829 estenderentur,
2359 4776 2520 4833 atque
2556 4766 2626 4819 ibi
2671 4781 2820 4835 spem
2868 4782 3023 4820 suam
3082 4766 3450 4834 reponerent?

1871 4856 2222 4921 quamobrem
2300 4856 2739 4913 suaveolentibus
2795 4874 2858 4913 ac
2911 4858 3222 4914 celsissimis
3285 4859 3447 4911 arbo-

1870 4948 2021 5000 ribus
2048 4960 2446 5017 comparantur.

1943 5038 2106 5093 Vsus.
2133 5040 2221 5094 21.
2260 5060 2278 5091 ι
2308 5041 2716 5110 Appropinquat
2738 5040 2999 5117 judicium
3028 5052 3287 5098 vestrum.
3313 5039 3444 5093 dicit

1866 5128 2119 5185 Dominus
2173 5132 2361 5186 Deus:
2410 5134 2912 5203 appropinquarunt
2962 5135 3184 5189 consilia
3238 5142 3442 5199 vestra,

212 5210 620 5284 Ἀναπολόγητοι
654 5216 760 5285 γάρ
789 5220 951 5279 ἐστε,
989 5218 1173 5287 φησὶν,
1208 5212 1253 5269 ὦ
1289 5219 1685 5290 εἰδωλολάτραι,
1718 5222 1766 5273 οἱ

1878 5220 1994 5274 iicit
2037 5237 2131 5275 rex
2169 5222 2353 5277 Jacob.
2382 5243 2399 5274 ι
2447 5226 2841 5281 lnexcusabiles
2873 5228 3072 5296 quippe
3103 5228 3252 5289 estis,
3281 5226 3377 5289 ait,
3408 5242 3442 5280 ο

207 5302 329 5367 μιτά
364 5306 467 5375 τὴν
505 5306 771 5377 τοσαύτην
798 5308 953 5378 χάριν
985 5308 1081 5378 τὴν
1112 5309 1181 5361 τὰ
1221 5310 1455 5363 τοσαῦτα
1500 5329 1770 5383 κατεργα-

206 5393 453 5465 σαμένην,
487 5398 552 5465 τῇ
603 5396 843 5466 πολυθέῳ
874 5399 1324 5467 ἑναπομείναντες
1354 5401 1550 5471 πλάνῃ,
1581 5402 1653 5471 μὴ
1685 5404 1768 5454 tv-

206 5482 500 5551 νοήσαντες,
530 5486 602 5549 ὡς
626 5488 746 5557 χεὶρ
770 5483 836 5555 ἦν
848 5487 1061 5557 ἀληθῶς
1088 5489 1220 5541 Θεοῦ
1246 5490 1278 5558 ή
1308 5490 1373 5543 τά
1392 5492 1622 5544 τοσαῦτα
1648 5509 1771 5545 κατ-

208 5577 550 5649 εργαζομένη,
591 5581 689 5631 καὶ
734 5579 860 5649 πρὶν
920 5580 1167 5648 γενέσθαι
1204 5583 1589 5654 μαρτυραμένη
1617 5624 1630 5648 ,
1684 5584 1765 5637 ὅτι

209 5670 360 5718 ταῦτα
386 5670 554 5725 ἔσται.

273 5761 309 5792 "
345 5764 465 5830 Cap.
497 5784 597 5831 xu,
634 5782 775 5822 vers.
806 5766 885 5822 l3.
964 5768 1006 5798 τ’
1046 5765 1182 5821 Psal.
1216 5784 1379 5832 LXV“,
1415 5768 1500 5821 ξιτ.

1863 5312 2201 5378 ἰάοιοιοῑιτο,
2255 5318 2347 5383 qui
2408 5326 2527 5384 post
2580 5326 2783 5370 tantam
2836 5319 3073 5385 taliaque
3125 5325 3438 5384 operantem

1864 5406 2112 5473 gratiam,
2144 5408 2195 5461 iu
2243 5408 2533 5460 multorum
2573 5410 2849 5462 numinum
2890 5424 3072 5462 errare
3117 5410 3437 5464 mansislis:

1871 5511 1975 5550 non
2019 5500 2350 5568 cogitantes,
2396 5516 2613 5553 manum
2655 5500 2747 5554 Dei
2798 5517 2918 5555 esse
2962 5516 3079 5569 qua:
3126 5512 3231 5553 tam
3273 5499 3438 5556 multa

1870 5588 2072 5655 edidit,
2119 5601 2171 5647 et
2220 5602 2504 5661 antequam
2557 5593 2780 5659 ﬂerent,
2826 5595 2939 5648 hac
2979 5594 3150 5645 futura
3196 5607 3419 5661 praman

1874 5680 2042 5733 liavit.
