4128 6294
709 340 811 396 381

1399 327 1664 385 EUSEBII
1701 322 2163 383 CxESARlENSlS
2198 319 2347 379 OPP.
2387 319 2563 375 PARS
2601 319 2686 374 ΙΙΙ.
2726 349 2794 364 -
2831 313 3236 372 EXEGETICA.

3814 307 3912 364 ὅτε

708 460 1010 536 quempiam
1054 467 1106 510 et
1143 457 1280 526 apud
1325 456 1567 511 homines
1606 454 1874 507 inﬁrmum
1919 449 2256 508 contristavit

2360 442 2410 493 ιν
2437 439 2738 510 ἀνθρώποις
2798 436 3082 504 ἐλύπησεν,
3109 431 3232 485 οὔτε
3275 428 3393 483 τινὰ
3431 427 3539 480 τῶν
3594 426 3913 496 ἐπηρμένων

709 569 966 624 unquam,
1007 566 1180 621 neque
1222 551 1384 604 ullum
1408 563 1472 602 ex
1510 545 1884 614 arrogantibus
1911 553 1965 595 et
2009 541 2255 610 superbis

707 646 928 699 adortus
957 653 1034 698 est
1065 661 1078 695 :
1113 642 1205 696 sed
1256 654 1372 694 sese
1399 639 1646 692 omnibus
1679 649 1896 705 prorsus
1950 632 2255 688 hominibus

710 745 1044 790 mansuetum
1083 745 1133 787 et
1165 731 1412 785 humilem
1449 729 1610 784 corde
1643 725 1885 780 exhibuit
1913 743 1926 779 :
1953 739 2074 779 cum
2116 722 2257 776 veri-

708 836 822 881 tate
847 836 1022 880 autem
1054 835 1102 879 et
1144 823 1329 878 ﬁducia
1361 821 1609 875 omnibus
1639 819 1885 886 aperiens
1923 831 2009 876 ea,
2037 830 2158 883 quae
2188 814 2255 868 ad

711 917 806 971 Di-i
835 915 1090 984 judicium
1129 913 1459 979 spectabant,
1502 924 1606 963 non
1641 908 1788 978 prius
1823 905 2068 968 cessavit,
2095 918 2255 974 quam

710 1006 844 1062 lucis
891 1007 1059 1060 instar
1105 1003 1498 1072 splendesceret
1539 1013 1635 1068 per
1695 998 2143 1053 resurrectionem
2187 1010 2255 1048 ex

709 1097 952 1158 mortuis,
993 1110 1152 1164 quam
1182 1093 1523 1163 propheticus
1561 1105 1738 1145 sermo
1781 1089 1867 1143 bis
1902 1087 2094 1143 verbis
2123 1085 2255 1141 sub-

709 1188 988 1249 ludicavit,
1027 1205 1047 1238 ι
1077 1184 1472 1255 Resplendebit,
1510 1191 1567 1236 et
1594 1197 1698 1236 non
1739 1188 2067 1234 conteretur.
2097 1196 2116 1230 ι
2168 1177 2256 1230 Si-

706 1280 921 1347 quidem
965 1278 1111 1332 illum
1166 1285 1442 1332 conterere
1483 1283 1538 1329 et
1582 1273 1922 1341 exstinguere
1978 1267 2260 1325 tentabant

708 1373 776 1435 li,
813 1370 901 1437 qui
949 1384 1134 1425 necem
1165 1369 1262 1438 ipsi
1291 1365 1459 1420 moliti
1486 1375 1610 1420 sunt
1636 1383 1650 1420 :
1681 1363 1878 1419 etenim
1918 1362 1971 1417 id
2003 1361 2254 1416 universo

705 1462 986 1516 hominum
1031 1459 1211 1530 generi
1259 1467 1445 1513 natura
1499 1457 1775 1526 proprium
1823 1463 1938 1518 est,
1989 1463 2049 1507 ut
2085 1461 2257 1506 morte

708 1559 1042 1604 conteratur.
1065 1547 1133 1601 At
1165 1562 1269 1599 non
1311 1545 1458 1599 illum
1495 1558 1642 1599 mors
1676 1543 1962 1605 contrivit,
1996 1542 2089 1596 sed
2121 1557 2256 1595 unus

705 1657 916 1706 eorum,
943 1639 1030 1708 qni
1056 1655 1085 1692 a
1115 1637 1307 1693 sterqu
1337 1637 1507 1699 fuere,
1540 1636 1695 1690 morti
1734 1634 1979 1705 superior
2018 1634 2256 1688 evasisse

705 1733 825 1798 jure
853 1731 1149 1786 declaratur
1176 1747 1203 1782 a
1234 1730 1512 1798 prophetia
1539 1727 1747 1801 dicente
1787 1743 1801 1781 :

786 1823 944 1877 Vens.
977 1821 1030 1876 ι.
1071 1840 1090 1873 ι
1120 1820 1532 1890 Resplendebit,
1571 1829 1626 1874 et
1651 1834 1754 1873 non
1789 1827 2118 1880 conteretur,
2160 1816 2258 1870 do-

707 1929 808 1969 nec
844 1923 1011 1981 ponat
1058 1913 1114 1968 in
1153 1923 1294 1969 terra
1351 1911 1647 1978 judicium;
1687 1921 1741 1964 et
1781 1911 1833 1962 in
1886 1909 2104 1963 nomine
2144 1907 2259 1977 ejus

709 2014 893 2075 gentes
934 2005 1243 2073 sperabunt.
1291 2024 1307 2055 ι
1340 2004 1602 2070 Quocirca
1647 2011 1767 2071 post
1813 2001 2258 2055 resurrectionem

711 2110 775 2149 ex
813 2097 1034 2150 mortuis
1060 2136 1076 2161 ,
1099 2096 1236 2151 lucis
1283 2096 1456 2151 instar
1496 2097 1548 2149 in
1586 2106 1698 2150 toto
1727 2095 1857 2148 orbe
1891 2092 2260 2160 resplendeus,

710 2200 816 2239 non
844 2187 994 2255 prius
1030 2186 1291 2250 cessavit,
1322 2203 1478 2255 quam
1529 2187 1581 2242 in
1629 2197 1770 2241 terra
1823 2196 1876 2240 et
1921 2187 1970 2238 in
2018 2184 2259 2240 Ecclesia

706 2292 804 2330 sua
854 2277 1088 2344 regimen
1147 2279 1486 2347 scjndicium
1545 2281 1846 2348 ordinaret,
1901 2279 2043 2349 quod
2095 2277 2254 2334 etiam

711 2366 983 2433 discipulis
1008 2367 1119 2422 suis
1146 2370 1387 2424 tradidit.

781 2458 946 2513 Vsus.
985 2459 1039 2516 5.
1069 2475 1091 2510 ε
1123 2458 1213 2514 Sic
1236 2461 1367 2515 dicit
1399 2461 1652 2518 Dominus
1677 2462 1834 2528 Deus,
1870 2465 1960 2532 qui
1996 2463 2124 2520 fecit
2150 2479 2260 2520 cm-

713 2547 843 2613 lum,
870 2557 923 2604 et
957 2551 1240 2616 ﬂxitillud,
1268 2552 1357 2620 qui
1393 2553 1624 2606 ﬁrmavit
1657 2563 1898 2618 terram,
1944 2565 1999 2610 et
2041 2570 2159 2623 qua:
2206 2557 2258 2610 in

711 2640 824 2704 ipsa
854 2650 996 2703 sunt,
1024 2643 1114 2711 qui
1144 2643 1232 2696 dat
1267 2641 1447 2697 ﬂatum
1473 2644 1671 2713 populo
1703 2660 1801 2699 suo
1833 2647 1885 2700 in
1909 2661 1994 2713 ea,
2019 2657 2070 2700 et
2098 2646 2261 2716 spiri-

710 2739 824 2783 tum
859 2731 1190 2786 calcantibus
1238 2747 1374 2788 eam.
1409 2753 1430 2788 ι
1478 2736 1772 2790 Admodum
1821 2749 2257 2808 consequenter:

712 2836 836 2874 nam
865 2837 1000 2891 opus
1026 2831 1235 2877 estnos
1269 2825 1514 2880 ediscere
1553 2841 1618 2880 ex
1661 2829 1812 2896 cujus
1855 2843 2080 2896 persona
2117 2827 2260 2883 dicta

709 2914 819 2964 sint
858 2928 976 2980 qum
1005 2912 1071 2967 de
1107 2912 1320 2968 Christo
1352 2915 1770 2984 prmmittuntur.
1799 2918 1931 2982 Quia
1959 2919 2101 2972 enim
2127 2933 2259 2973 eon-

712 3001 892 3056 l‘ertim
942 3002 1100 3057 initio
1141 3005 1354 3058 dixerat
1407 3007 1747 3074 propheticus
1792 3023 1991 3071 sermo,
2038 3027 2056 3059 ι
2092 3007 2261 3063 Jacob

713 3107 847 3160 puer
871 3108 1043 3157 meus,
1093 3097 1378 3164 suscipiam
1424 3111 1544 3150 eum
1581 3113 1593 3147 :
1625 3096 1782 3151 Israel
1833 3098 2034 3153 electus
2086 3115 2257 3164 meus,

716 3184 948 3252 suscepit
979 3199 1102 3239 eum
1139 3187 1315 3239 anima
1344 3201 1459 3240 mea
1491 3205 1504 3239 :
1533 3187 1649 3241 dedi
1689 3188 1931 3256 spiritum
1963 3203 2136 3244 meum
2170 3206 2261 3242 su-

716 3289 814 3336 per
836 3288 991 3336 eum;
1031 3293 1049 3325 ι
1082 3289 1182 3327 nec
1206 3275 1529 3329 indicaverat
1555 3277 1675 3345 quis
1715 3278 1826 3331 lucc
1848 3277 2107 3344 dixisset,
2160 3279 2256 3331 bu-

715 3364 800 3431 ius
846 3362 1077 3416 vaticinii
1134 3373 1406 3418 auctorem
1454 3363 1563 3432 jam
1626 3370 1927 3420 necessario
1959 3369 2203 3420 enuntiat
2242 3381 2254 3418 :

717 3452 1058 3518 quamobrem
1088 3453 1378 3522 subjungit,
1413 3471 1435 3505 ι
1468 3454 1558 3508 Sic
1585 3455 1714 3507 dicit
1735 3455 1988 3510 Dominus
2021 3457 2157 3510 Deus
2187 3475 2200 3510 :
2237 3476 2255 3508 ι

716 3541 830 3610 ipse
858 3542 1052 3611 quippe
1077 3554 1210 3605 erat,
1237 3545 1326 3612 qui
1357 3545 1596 3612 etprima
1621 3546 1858 3612 protulit,
1896 3556 1950 3599 et
1984 3547 2260 3614 sequentia

713 3633 928 3700 adjecit.
953 3633 1206 3699 Quamvis
1231 3635 1372 3689 enim
1403 3645 1495 3689 vo‘s
1521 3637 1782 3700 homines,
1819 3636 2076 3691 invisibili
2109 3647 2162 3690 et
2186 3638 2265 3690 in-

713 3739 984 3793 corporea:
1018 3725 1104 3778 Dei
1137 3727 1447 3779 substantia:
1471 3727 1709 3779 videndae
1756 3742 1913 3794 pares
1947 3742 2048 3779 non
2106 3726 2262 3789 sitis;

714 3827 772 3870 at
803 3817 956 3886 hujus
983 3816 1111 3870 tanti
1138 3815 1256 3870 coeli
1293 3817 1710 3886 magnitudinem
1765 3817 2133 3885 speculantes,
2167 3834 2264 3871 vo-

716 3907 918 3962 biscum
947 3916 1187 3975 reputate
1219 3915 1449 3974 quantus
1477 3908 1716 3976 qualisve
1740 3910 1809 3962 sit
1845 3909 1906 3969 is.
1938 3910 2026 3976 qui
2061 3919 2263 3962 tantam

721 3997 837 4052 ﬁxit
867 3999 1092 4062 molem,
1140 3998 1260 4052 hinc
1295 4007 1489 4052 terram
1538 3999 1704 4068 ipsam
1761 3999 2108 4068 respicientes
2133 4043 2148 4066 ,
2203 4015 2268 4054 ac

719 4091 1135 4155 considerantes,
1189 4100 1404 4160 quanta,
1457 4107 1614 4159 quam
1679 4092 1972 4146 immobilis
2009 4108 2036 4144 a
2071 4092 2267 4146 saeculo

721 4184 936 4236 fundata
977 4192 1030 4234 et
1060 4197 1153 4234 ceu
1203 4183 1467 4236 radicibus
1507 4183 1713 4235 ﬁrmata
1753 4187 1861 4245 sit,
1896 4183 1967 4235 ita
2000 4192 2150 4236 utne
2184 4182 2264 4235 vel

719 4271 982 4325 tantillum
1029 4279 1339 4334 moveatur;
1398 4272 1625 4340 cogitate
1685 4275 1846 4340 quam
1891 4271 2268 4325 inenarrabilis

720 4364 889 4415 virtus
919 4364 985 4415 sit
1018 4362 1150 4426 ejus,
1188 4363 1274 4428 qui
1311 4362 1542 4414 ﬁrmavit
1579 4377 1732 4426 eam,
1779 4372 1832 4417 et
1876 4365 1944 4415 ita
1984 4364 2265 4418 fecundam

721 4453 1095 4519 fructuumque
1149 4451 1378 4504 feracem
1431 4455 1703 4517 condidit,
1764 4462 1822 4506 ut
1863 4463 1939 4507 tot
1984 4456 2260 4522 animalia,

723 4552 799 4594 tot
823 4543 1029 4608 plantas
1064 4540 1318 4606 proferat.
1360 4540 1404 4593 ls
1425 4555 1571 4608 ergo,
1603 4544 1691 4610 qui
1729 4552 1929 4595 tantam
1963 4544 2265 4611 pulchritu-

721 4633 895 4682 dinem
928 4643 980 4681 ct
1014 4639 1210 4681 tantam
1238 4631 1425 4682 molem
1452 4633 1708 4692 condidit,
1740 4633 1998 4688 Dominus
2035 4648 2088 4689 et
2128 4638 2268 4688 Deus

721 4722 1111 4781 universorum,
1145 4722 1300 4772 etiam
1332 4736 1414 4785 ea,
1449 4738 1564 4791 qua:
1586 4725 1832 4794 superius
1857 4727 1996 4779 dicta
2027 4738 2171 4792 sunt,
2201 4728 2266 4783 de

723 4812 937 4866 Christo
972 4813 1366 4878 prmnnntiavit.

792 4928 947 4983 Vens.
978 4927 1089 4983 6-7.
1130 4947 1148 4979 ι
1193 4930 1300 4998 Ego
1336 4930 1585 4982 Dominus
1617 4930 1753 4985 Deus
1779 4936 1959 4985 vocavi
2006 4942 2055 4985 te
2103 4934 2154 4986 in
2179 4931 2270 5001 jn-

720 5021 864 5073 stitia
900 5037 912 5070 :
947 5031 999 5073 et
1032 5023 1423 5088 appreheudam
1455 5037 1664 5074 [mnium
1690 5032 1830 5076 tuam
1859 5065 1874 5086 ,
1915 5035 1967 5077 et
2005 5025 2269 5077 corrobo—

723 5115 854 5164 rabo
876 5119 953 5174 te,
981 5122 1031 5163 et
1060 5113 1175 5164 dedi
1210 5123 1260 5166 te
1301 5115 1352 5164 in
1383 5122 1757 5166 testamentum
1800 5116 2014 5183 generis
2037 5157 2051 5179 ,
2089 5116 2137 5168 in
2183 5116 2264 5168 lu-

721 5219 834 5255 cem
863 5206 1118 5272 gentium,
1148 5213 1204 5256 ut
1243 5204 1479 5272 aperires
1507 5205 1689 5256 oculos
1724 5220 2020 5268 caecorum,
2055 5218 2108 5260 et
2137 5207 2268 5259 edu-

723 5311 871 5347 ceres
916 5298 1118 5348 viuctos
1159 5311 1225 5350 ex
1270 5295 1498 5348 vinculis
1533 5305 1585 5348 et
1635 5311 1697 5348 es
1731 5297 1886 5348 domo
1914 5296 2169 5349 custodiae
2219 5305 2270 5349 et

723 5388 966 5439 sedentes
993 5389 1044 5439 in
1073 5389 1326 5441 tenebris.
1369 5406 1386 5438 ι
1429 5386 1521 5439 llis
1561 5386 1844 5454 compellat
1893 5402 2014 5439 eum
2041 5426 2057 5451 ,
2111 5402 2267 5454 quem

727 5479 966 5542 superius
1010 5493 1230 5544 puerum
1258 5494 1410 5531 suum
1445 5477 1573 5528 dixit
1595 5517 1608 5541 ,
1635 5476 1719 5528 cui
1749 5492 1802 5528 se
1830 5476 2076 5543 spiritum
2111 5489 2267 5528 suum

726 5569 967 5622 daturum
992 5584 1109 5624 esse
1135 5569 1366 5623 dicebat.
1418 5566 1598 5623 Primo
1642 5579 1815 5621 autem
1858 5569 2029 5635 ipsum
2078 5571 2128 5619 iu
2175 5568 2264 5635 ju-

725 5659 864 5710 suitiu
902 5669 1052 5712 vocnt
1115 5662 1443 5713 vocationem
1472 5660 1589 5729 ejus
1622 5673 1715 5725 pro
1754 5661 2010 5727 dignitate
2037 5659 2267 5723 etjusti-

724 5754 793 5805 tia
823 5766 1081 5819 peragens
1114 5766 1126 5801 :
1162 5751 1348 5807 deinde
1398 5765 1519 5806 vero
1565 5765 1621 5806 se
1662 5766 1875 5805 manum
1920 5751 2036 5816 ejus
2074 5766 2267 5818 τρυε-ε-

2291 1737 2333 1791 Β

2356 533 2448 584 καὶ
2475 529 2835 600 ὑπερηφάνων
2867 523 3120 598 μετῆλθεν
3153 521 3287 592 πρὸς
3312 520 3554 580 ἅπαντας
3579 518 3634 570 δὲ
3668 519 3794 580 τοὺς
3827 519 3914 570 ἀν-

2357 618 2607 690 θρώπους
2662 617 2834 690 πρᾶός
2864 632 2923 667 τε
2955 610 3020 684 ἦν
3050 611 3144 665 καὶ⁵
3174 607 3422 671 ταπεινὸς
3457 610 3522 677 τῇ
3557 605 3788 675 καρδίᾳο
3823 605 3915 659 σὺν

2356 705 2580 775 ἀληθείᾳ
2616 704 2672 756 δὲ
2719 705 2811 756 κα)⁸
2863 699 3140 773 παρρησίᾳ
3191 701 3302 760 τοῖς
3335 699 3465 750 πᾶσι
3507 693 3916 749 διαστέλλωντὰ

2359 795 2599 867 περὶτῆς
2621 793 2713 846 τοῦ
2742 792 2875 846 Θεοῦ
2905 793 3155 862 κρίσεως,
3173 789 3266 841 καὶ
3281 789 3343 841 οὒ
3371 787 3627 858 πρότερόν
3659 802 3725 854 γε
3751 783 3916 839 ἐπαύ-

2360 886 2509 952 σατο,
2546 886 2580 958 ἦ
2615 885 2788 955 φωτὸς
2816 884 2970 954 δίκην
3008 879 3280 950 ἐκλάμψαι
3313 879 3399 931 διὰ
3449 879 3546 949 τῆς
3592 880 3655 931 ὲκ
3711 876 3916 947 νεκρῶν

2358 966 2724 1040 ἀναστάσεως,
2760 977 2825 1046 ἢν
2853 977 2880 1029 6
2925 969 3254 1045 προφητικδς
3285 970 3440 1036 λόγος
3468 969 3685 1040 ᾐνίξατο
3727 966 3912 1027 είπὼν.

2364 1089 2382 1121 ι
2423 1067 2749 1139 Ἀναλάμψει
2783 1067 2876 1119 καὶ
2906 1067 2967 1118 οὐ
3009 1062 3423 1135 Θραυσθήσεται.
3463 1079 3482 1112 ι
3541 1059 3783 1130 Θραῦσαι
3821 1058 3916 1128 μὲν

2358 1161 2466 1231 γάρ
2497 1159 2674 1222 αὑτὸν,
2703 1156 2797 1210 καὶ
2821 1154 3119 1210 ἀποσϐέσαι
3165 1150 3516 1221 πεπείρανται
3544 1150 3592 1202 ei
3625 1148 3720 1200 τὸν
3761 1147 3915 1202 θάνα-

2356 1269 2447 1306 τον
2481 1249 2627 1320 αὐτῷ
2657 1246 3158 1307 κατασκευάσαντες
3180 1259 3193 1273 ·
3225 1242 3346 1295 ἐπεὶ
3369 1243 3462 1294 καὶ
3487 1242 3592 1293 πᾶν
3619 1239 3682 1292 τὸ
3730 1239 3921 1308 θνητὸν

2357 1343 2510 1410 γένος
2563 1339 2772 1407 θανάτῳ
2831 1334 3160 1407 θραύσεσθαι
3214 1330 3474 1401 πέφυκεν.
3526 1329 3662 1383 Ἀλλ’
3713 1327 3777 1381 οὐ
3829 1327 3922 1381 καὶ

2359 1432 2518 1485 αὑτὸν
2564 1430 2850 1501 ἔθραυσενο
2891 1427 3047 1497 μόνος
3083 1425 3139 1476 δὲ
3181 1423 3286 1475 τῶν
3314 1421 3372 1487 ἐξ
3422 1419 3615 1492 αίῶνος
3641 1413 3724 1482 εἷς
3768 1411 3920 1481 οὗτος

2359 1522 2584 1577 θανάτου
2608 1521 2864 1591 κρείττων
2894 1515 3239 1585 ἀποφανθεὶς.
3273 1511 3493 1575 εἰκότως
3523 1512 3626 1564 ὑπὸ
3645 1507 3747 1579 τῆς
3783 1522 3919 1579 προ-

2359 1613 2581 1684 φητείας
2621 1608 3036 1682 μεμαρτύρηται
3066 1605 3348 1675 φησάσης·

2436 1806 2452 1837 ι
2507 1782 2831 1854 Ἀναλάμψει
2854 1782 2946 1834 καῖ
2980 1781 3040 1835 οὐ
3065 1778 3476 1851 θραυσθήσεται,
3499 1776 3604 1838 huc
3628 1775 3696 1829 ἂν
3736 1774 3802 1846 θῇ
3829 1774 3919 1829 lrr‘.

2360 1878 2456 1946 τῆς
2493 1876 2596 1947 γῆς
2635 1875 2834 1948 κρίσιν,
2873 1875 2965 1926 καὶ
2992 1873 3083 1924 ἐπὶ
3105 1871 3182 1941 τῷ
3216 1871 3436 1940 ὀνόματι
3481 1867 3641 1922 αὐτοῦ
3669 1867 3798 1936 ἔθνη
3833 1867 3918 1920 ιλ-

2361 1968 2558 2021 πιοῦσι.
2592 1987 2609 2016 ι
2640 1967 2728 2020 Διὸ
2756 1966 2848 2020 καὶ
2899 1963 3034 2034 μετά
3083 1964 3181 2034 τὴν
3230 1964 3294 2014 ὲκ
3342 1959 3545 2032 νεκρῶν
3607 1959 3914 2018 ἀνάστασιν,

2361 2058 2533 2126 φωτὸς
2561 2057 2714 2126 δίκην
2734 2057 2813 2117 είς
2847 2054 3022 2107 πάντα
3045 2053 3134 2106 τὸν
3153 2051 3353 2120 κόσμον
3380 2047 3679 2118 ἐκλάμψας,
3707 2048 3769 2099 οὐ
3788 2045 3917 2116 πρό-

2360 2164 2515 2217 τερον
2578 2145 2868 2204 επαύσατο,
2923 2140 3343 2212 ῆδιατάξασθαι
3397 2137 3487 2191 ἐπὶ
3521 2137 3617 2208 τῆς
3659 2135 3764 2204 γῆς
3823 2135 3917 2204 τὴν

2361 2237 2487 2306 περὶ
2514 2235 2612 2304 τῆς
2628 2232 2948 2301 Ἑκκλησίας
2981 2230 3142 2282 αὑτοῦ
3163 2228 3421 2298 διοίκησίν
3442 2244 3497 2279 τε
3518 2229 3611 2280 καὶ
3636 2227 3838 2297 κρίσιν,
3855 2227 3918 2296 ἣν

2359 2331 2470 2390 τοῖς
2499 2323 2660 2379 αὐτοῦ
2699 2323 2979 2394 παρέδωκε
3026 2321 3312 2391 μαθηταῖς.

2435 2433 2453 2466 r
2492 2414 2647 2468 Οὕτω
2694 2413 2838 2480 λέγει
2867 2410 3066 2482 Κύριος
3091 2413 3120 2464 ό
3153 2410 3286 2473 Θεὸς
3309 2411 3337 2462 6
3375 2411 3604 2479 ποιήσας
3636 2407 3728 2460 τὸν
3762 2408 3922 2478 οὐραν-

2361 2507 2468 2570 νὸν,
2503 2506 2598 2559 καὶ
2627 2504 2799 2575 πήξας
2841 2503 3019 2567 αὐτὸν,
3051 2504 3078 2553 6
3108 2499 3411 2570 περειῦσας
3443 2501 3538 2569 τὴν
3572 2499 3696 2568 γῆν,
3723 2500 3817 2553 καὶ
3856 2496 3922 2552 τὰ

2361 2600 2418 2650 ἑν
2450 2599 2607 2668 αὐτῇ,
2641 2597 2734 2649 καὶ
2759 2595 2931 2657 διδοὺς
2958 2593 3120 2663 πνοὴν
3148 2593 3224 2662 τῷ
3254 2592 3369 2662 λαῷ
3393 2592 3468 2661 τῷ
3497 2592 3580 2642 ἐπ’
3607 2591 3795 2660 αὐτῆς,
3832 2593 3922 2643 καὶ

2361 2689 2421 2742 τὸ
2452 2690 2667 2758 πνεῦμα
2699 2689 2810 2750 τοῖς
2842 2685 3103 2738 πατοῦσιν
3146 2684 3333 2752 αὑτήν.
3372 2701 3390 2734 ι
3440 2681 3648 2754 Σφόδρα
3702 2681 3923 2734 ἀκολούο

2360 2779 2467 2841 θως
2487 2795 2500 2809 ο
2533 2777 2636 2847 χρὴ
2667 2776 2772 2847 γὰρ
2799 2761 2958 2845 ἡμᾶς’
2973 2773 3160 2844 μαθεῖν
3187 2776 3248 2824 ὲκ
3277 2773 3419 2834 τίνος
3448 2771 3738 2842 προσώπου
3770 2768 3836 2841 ἦν
3857 2771 3924 2824 τὰ

2360 2871 2486 2940 περὶ
2510 2868 2743 2939 Χριστοῦ
2777 2865 3163 2938 προλεχθέντα.
3204 2863 3416 2934 Ἐπειδὴ
3461 2863 3567 2932 γὰρ
3595 2862 3807 2933 ἀθρόως
3827 2866 3922 2915 ἑπ-

2361 2960 2548 3014 έϐαλεν
2577 2961 2605 3011 ὀ
2632 2957 2960 3028 προφητικὸς
2986 2956 3136 3023 λόγος
3159 2958 3216 3007 ἐν
3247 2956 3385 3023 ἀρχῇ
3427 2951 3590 3005 είπὼν
3614 2993 3626 3015 ,
3667 2970 3689 3003 s
3734 2952 3922 3006 Ἰακὼϐ

2294 3059 2335 3114 C
2366 3053 2394 3102 6
2427 3054 2550 3112 παῖς
2586 3067 2706 3118 μου.
2738 3047 3091 3116 ἀντιλήψομτι
3127 3044 3287 3096 αὑτοῦ
3315 3060 3327 3073 ο
3368 3042 3580 3113 Ἰσραὴλ
3609 3045 3638 3097 ἡ
3667 3042 3923 3104 ἐκλεκτός

2370 3160 2490 3212 μου,
2559 3139 2905 3209 προσεδέξατο
2951 3136 3109 3189 αὐτὸν
3163 3138 3196 3206 ἡ
3246 3135 3390 3205 ψυχή
3445 3151 3584 3204 μου·
3643 3133 3822 3187 ἔδωκα
3866 3133 3924 3186 τδ

2367 3230 2581 3300 πνεῦμά
2611 3246 2708 3298 μου
2733 3229 2816 3280 ἐπ’
2850 3227 3008 3280 αὐτόν
3029 3245 3041 3257 ·
3080 3244 3097 3275 ι
3119 3225 3200 3288 τίς
3229 3224 3282 3277 δὲ
3313 3221 3378 3294 ἦν
3405 3225 3432 3276 ὁ
3479 3220 3650 3277 ταῦτα
3693 3221 3922 3294 εἰρηκὼς

2334 3324 2425 3393 ,οὐ
2460 3320 2819 3393 προεδίδαξεν,
2854 3315 3161 3386 ἀναγκαίως
3188 3316 3280 3369 ἐπὶ
3316 3315 3410 3368 τοῦ
3445 3314 3707 3385 παρόντος
3739 3316 3921 3368 διασα-

2367 3415 2455 3481 φεῖ
2477 3414 2565 3464 τὸν
2595 3410 2762 3463 ταῦτα
2792 3409 3180 3461 τεθεσπικότα·
3214 3406 3292 3458 διὸ
3347 3406 3592 3477 ἐπιφέρει
3621 3405 3682 3456 τὺ
3704 3443 3720 3467 ,
3771 3424 3791 3455 ι
3824 3402 3922 3458 οὕ-

2366 3520 2472 3566 τως
2505 3499 2622 3554 εἷπε
2651 3499 2851 3572 Κύριος
2886 3503 2912 3551 6
2938 3499 3066 3560 Θεός
3086 3515 3099 3527 ·
3147 3517 3164 3548 ι
3218 3495 3377 3558 αὐτὸς
3407 3496 3513 3565 γὰρ
3534 3490 3601 3564 ἦν
3638 3496 3666 3546 6
3687 3493 3757 3545 τὰ
3781 3493 3922 3563 πρῶ-

2367 3609 2432 3644 τα
2462 3589 2715 3661 εἰρηκὼς,
2748 3590 2840 3641 καὶ
2895 3587 2961 3638 τά
2994 3585 3116 3654 ἑξῆς
3145 3584 3542 3651 ἐπιλεγόμενος.
3578 3582 3640 3633 Εί
3681 3580 3790 3651 γὰρ
3834 3581 3922 3633 καὶ

2374 3680 2604 3750 μάλιστα
2625 3679 2697 3748 μὴ
2723 3672 2821 3730 οἷοί
2849 3677 2909 3727 τέ
2943 3679 3085 3736 ἐστε,
3123 3675 3305 3743 φησὶν,
3338 3673 3492 3740 ὑμεῖς
3543 3673 3588 3723 oi
3632 3670 3920 3740 ἄνθρωποι,

2369 3773 2467 3842 τὴν
2501 3769 2678 3839 ἀφανῆ
2711 3770 2803 3821 καὶ
2832 3767 3114 3836 ἀσώματον
3152 3764 3334 3816 οὐσίαν
3365 3760 3695 3815 ἐποπτεῦσαι
3743 3759 3909 3813 Θεοῦ*

2371 3863 2483 3914 ἀλλ’
2515 3859 2901 3926 ἀναϐλέψαντες
2945 3859 3022 3918 εἱς
3069 3853 3130 3907 τδ
3159 3853 3382 3924 μέγεθος
3415 3852 3507 3904 τοῦ
3535 3853 3788 3903 τοσούτου
3838 3867 3922 3902 ου’

2376 3949 2555 4022 ρανοῦ,
2603 3945 2885 4016 λογίσασθε
2939 3944 3117 4006 ὁποῖός
3168 3959 3250 4006 τις
3295 3942 3550 4011 τυγχάνει
3600 3942 3628 3990 6
3677 3941 3925 3993 τοσοῦτον

2377 4037 2600 4108 μέγεθος
2651 4033 3077 4104 διαπηξάμενοςθ
3121 4030 3254 4082 ἀλλὰ
3310 4031 3404 4083 καὶ
3435 4029 3528 4080 ὲπὶ
3559 4027 3657 4098 τὴν
3695 4027 3798 4096 γῆν
3827 4028 3924 4080 αὑ-

2373 4129 2470 4198 τὴν
2527 4125 2945 4194 ἀποϐλέψαντες,
2983 4123 3153 4189 ὁπόση
3184 4122 3267 4184 τίς
3289 4121 3424 4181 ἐστι,
3454 4118 3548 4170 καὶ
3572 4119 3644 4180 ὡς
3673 4119 3925 4180 ἀκίνητος

2371 4220 2460 4271 τὸν
2497 4217 2779 4286 σύμπαντα
2812 4216 2982 4268 αἰῶνα
3019 4213 3281 4284 ἧδρασται
3309 4210 3668 4282 ἑρριζωμένη,
3710 4211 3808 4261 καὶ
3841 4226 3926 4262 τε·

2375 4305 2759 4376 θεμελιωμένη.
2788 4305 2861 4368 ὡς
2893 4304 3109 4375 μηδαμῆ
3141 4300 3402 4372 μηδαμῶς
3430 4299 3716 4352 κινεῖσθαι·
3749 4302 3927 4369 ὲννοήο

2300 4406 2343 4459 ῃ
2373 4415 2496 4450 σατε
2550 4399 2680 4467 ὅσης
2721 4397 2956 4467 ἀρῤήτου
2994 4395 3223 4466 ὑπάρχει
3263 4392 3540 4461 δυνάμεως
3565 4392 3592 4442 ό
3627 4389 3928 4462 στερεώσας

2374 4487 2555 4556 αὐτὴν,
2581 4487 2799 4556 γόνιμόν
2826 4502 2885 4537 τε
2916 4486 3008 4538 καὶ
3031 4483 3254 4554 καρπῶν
3280 4481 3521 4550 οίστικὴν
3559 4480 3725 4548 αὐτὴν
3763 4481 3929 4550 ἀπερ-

2373 4579 2692 4647 γασάμενος.
2718 4578 2789 4638 ὼς
2811 4575 3046 4628 τοσαῦτα
3083 4573 3194 4637 ζῶα
3221 4572 3312 4625 καὶ
3345 4570 3485 4639 φυτὰ
3511 4569 3924 4640 προϐάλλεσθαι.

2386 4667 2440 4718 '0
2464 4668 2525 4736 δὴ
2555 4663 2644 4719 οὖν
2675 4664 2905 4717 τοσαῦτα
2927 4663 3095 4731 κάλλη
3127 4662 3217 4713 καὶ
3255 4659 3456 4731 μεγέθη
3492 4660 3927 4722 κατασκευάσας,

2377 4756 2574 4827 Κύριος
2597 4757 2688 4808 καὶ
2705 4755 2833 4818 Θεὸς
2856 4754 2960 4806 τῶν
2984 4753 3138 4814 ὅλων,
3165 4744 3316 4812 οὗτος
3335 4749 3402 4801 τὰ
3430 4747 3792 4820 προλεχθέντα
3809 4749 3930 4820 περὶ

2370 4849 2461 4901 τοῦ
2495 4848 2723 4919 Χριστοῦ
2753 4846 3054 4898 ἐθέσπισεν.

2445 4960 2462 4989 ι
2511 4938 2649 5006 Ἐγὼ
2674 4938 2871 5008 Κύριος
2900 4939 2926 4988 6
2952 4933 3078 4996 Θεδς
3111 4933 3340 4986 ὲκάλεσά
3382 4950 3438 4985 σε
3489 4934 3545 4984 ἐν
3594 4931 3930 5002 δικαιοσύνῃ,

2371 5030 2463 5082 καὶ
2487 5030 2743 5100 κρατήσω
2780 5028 2877 5095 τῆς
2905 5025 3082 5095 χειρός
3119 5041 3231 5089 σου,
3271 5025 3363 5076 καὶ
3404 5021 3667 5093 ὲνισχύσω
3715 5038 3798 5084 σε,
3844 5023 3929 5074 καὶ

2370 5121 2543 5172 ἐδωκά
2566 5137 2622 5170 σε
2646 5121 2723 5179 είς
2757 5116 3017 5187 διαθήκην
3048 5115 3252 5184 γένους,
3291 5117 3370 5176 είς
3404 5113 3518 5181 φῶς
3543 5110 3734 5172 ἐθνῶν,
3795 5111 3925 5163 ἀνοῖ-

2341 5238 2347 5245 -
2377 5206 2460 5271 ξαι
2485 5206 2790 5275 ὀφθαλμοὺς
2837 5203 3047 5272 τυφλῶν
3069 5245 3082 5265 ,
3115 5202 3398 5270 ἐξαγαγεῖν
3428 5205 3490 5253 ἐκ
3533 5199 3746 5268 δεσμῶν
3793 5199 3927 5252 δεδε-

2378 5299 2586 5369 μένους,
2639 5298 2730 5349 καὶ
2777 5295 2832 5359 ἐξ
2878 5295 3023 5347 οἴκου
3072 5294 3334 5363 φυλακῆς,
3364 5293 3455 5345 καὶ
3502 5291 3841 5362 καθημένους
3874 5293 3928 5343 ιν

2376 5389 2570 5440 σκότει.
2612 5407 2628 5437 ι
2657 5387 2971 5454 Προσφωνεῖ
3003 5385 3057 5436 δὲ
3085 5384 3255 5436 ταῦτα
3284 5382 3361 5451 τῷ
3401 5381 3656 5452 ἀνωτέρω
3692 5381 3926 5450 λεχθέντι

2373 5480 2518 5530 παιδὶ
2577 5476 2760 5537 αὑτοῦ,
2812 5468 2854 5542 ᾧ
2901 5476 2959 5526 τὸ
3003 5474 3192 5526 ἑαυτοῦ
3235 5473 3445 5542 πνεῦμα
3475 5471 3662 5524 δώσειν
3696 5471 3924 5539 ἐλέγετο.

2375 5569 2595 5638 Πρῶτον
2624 5568 2680 5620 δὲ
2704 5566 2862 5619 αὐτὴν
2893 5566 2949 5616 ὲν
2971 5563 3284 5635 δικαιοσύνῃ
3312 5563 3482 5625 καλεῖ,
3516 5547 3631 5614 κατ’
3667 5562 3822 5626 ἀξίαν
3836 5559 3925 5628 τὴν

2375 5659 2559 5728 κλῆσιν
2591 5656 2750 5711 αὑτοῦ
2776 5656 2865 5709 καὶ
2897 5655 3033 5707 κατά
3065 5656 3124 5706 τὸ
3151 5653 3353 5708 δίκαιον
3400 5652 3748 5723 ποιούμενος·
3793 5651 3909 5704 ἕπει

2375 5767 2440 5804 τα
2474 5749 2764 5816 κρατήσειν
2796 5748 2891 5812 τῆς
2919 5743 3094 5813 χειρὸς
3135 5743 3319 5810 αὑτοῦ,
3343 5745 3434 5800 καὶ
3452 5742 3728 5809 ἐνισχῦσαι
3749 5742 3922 5803 αὐτὸν.
