4128 6294
1145 324 1650 388 ουκιιεκτλκιιι
1689 324 1757 380 lN
1797 322 2054 383 ISAIAH.
2096 352 2165 365 --
2201 321 2350 379 CAP.
2390 322 2547 379 XL".

216 461 318 515 καὶ
361 458 547 532 τρίτον
596 453 900 529 χαριεῖσθαι
947 452 1096 523 αὒτῷ
1140 452 1312 524 δῶρον
1372 450 1561 520 ὥσπερ
1588 465 1639 501 τι
1683 447 1797 515 φῶς

1904 454 2195 499 nensurum
2225 485 2240 509 ,
2279 444 2563 512 ipsumque
2605 438 3082 495 corroboraturnm
3111 480 3125 502 ,
3161 454 3225 493 ac
3252 443 3471 495 tertium

222 550 390 617 μέγα,
413 550 551 603 πᾶσι
582 551 695 610 τοῖς
718 546 924 599 ἔθνεσιν
952 544 1340 612 ἐπαγγέλλεται
1378 543 1547 610 λέγων
1568 558 1580 570 ·
1623 559 1641 591 ι
1688 538 1797 593 Καὶ

219 640 403 692 tam
424 656 485 693 at
518 641 599 701 είς
629 637 891 707 διαθήκην
924 634 1135 704 γένους,
1163 636 1244 696 είς
1286 633 1399 701 φῶς
1423 632 1611 685 ἐθνῶν.
1646 650 1663 682 ι
1690 630 1799 683 Πά-

218 729 319 784 In:
355 730 451 800 ph
477 725 571 782 οὖν
600 728 688 781 διὰ
714 725 995 789 Μωΰσέως
1022 726 1119 795 τὴν
1149 723 1387 777 παλαιὰν
1419 723 1695 793 Διαθήκην
1720 720 1799 789 τῷ

235 820 509 873 Ἰουδαίων
538 818 710 871 ἐδίδου
738 817 849 887 λαῷ
872 834 886 845 ⁸
925 814 1153 869 ἐνταῦθα
1180 814 1235 867 δέ
1272 814 1365 865 τὸν
1396 812 1802 882 προφητευόμε-

220 927 322 964 νον
349 914 429 974 εἰς
457 909 718 979 διαθήκην
760 906 853 961 τοῦ
882 908 1072 976 γένους
1115 905 1224 959 τῶν
1248 905 1567 975 ἀνθρώπων,
1594 904 1688 959 καὶ
1720 906 1801 965 είς

224 1000 351 1070 φῶς
384 1000 549 1054 ἐθνῶν
576 998 916 1069 δωρήσασθαί
943 1013 1133 1069 φησιν·
1164 999 1309 1059 ὅπως
1344 999 1400 1048 ἐν
1437 994 1587 1065 αὑτῷ
1637 1012 1800 1062 φωτι-

220 1090 449 1162 ζόμενοι
471 1091 579 1144 τῶν
608 1089 773 1143 πάλαι
810 1089 910 1152 τὰς
961 1088 1135 1159 ψυχὰς
1187 1088 1397 1157 τυφλῶν
1440 1089 1489 1139 oi
1532 1085 1800 1155 ὀφθαλμοὶ

219 1180 602 1250 διανοίγωνται
631 1183 721 1234 καὶ
748 1180 1090 1233 ἀναϐλέπωσι
1112 1180 1394 1250 διορῶντες
1417 1178 1513 1249 τὴν
1535 1178 1629 1231 τοῦ
1664 1176 1797 1229 Θεοῦ

221 1274 456 1342 γνῶσιν,
488 1273 561 1337 ὡς
594 1273 790 1343 μηκέτι
820 1272 991 1337 ξύλοις
1013 1273 1105 1325 καὶ
1130 1272 1296 1334 λίθοις
1326 1273 1417 1325 καὶ
1445 1269 1669 1340 ἀψύχων
1697 1268 1797 1339 ὕλῃ

220 1364 449 1435 τὴντοῦ
489 1363 625 1418 Θεοῦ
676 1364 838 1435 τιμὴν
886 1363 1193 1432 ἀπονέμειν.
1240 1362 1473 1432 Ἤμελλε
1530 1362 1641 1433 γὰρ
1674 1363 1799 1423 τοὺς

226 1458 441 1526 σειραῖς
465 1455 571 1508 τῶν
591 1455 732 1508 ίδίων
759 1455 1166 1525 ἁμαρτημάτων
1191 1453 1674 1524 κατεσφιγμένους,
1706 1453 1800 1507 καὶ

222 1546 293 1598 ιν
340 1546 515 1614 σκότῳ
550 1561 607 1597 τε
653 1545 747 1597 καὶ
792 1545 957 1615 κακίᾳ
990 1535 1394 1613 πεπεδημένούς
1435 1541 1523 1595 διὰ
1567 1542 1666 1612 τῆς
1705 1542 1798 1595 τοῦ

217 1636 369 1690 θεοῦ
422 1637 641 1707 χάριτος
701 1634 982 1705 ἁμαρτιῶν
1041 1635 1288 1703 ἀφέσεως
1334 1633 1643 1698 καταξιοῦν,
1706 1632 1800 1685 καὶ

219 1724 419 1794 ὥσπερ
454 1727 518 1776 ἐκ
544 1723 927 1793 δεσμωτηρίων
958 1721 1211 1775 ἀπολύειν
1238 1720 1546 1790 ἐλευθέρους
1600 1736 1662 1773 τε
1708 1719 1799 1771 καὶ

221 1814 593 1868 ἀπαλλάττειν
616 1814 712 1883 τῆς
734 1812 826 1865 τοῦ
859 1812 1104 1866 διαϐόλου
1134 1812 1372 1881 εἱρκτῆς.

302 2011 323 2044 ι
372 1988 511 2059 Ἐγὼ
556 1988 755 2059 Κύριος
784 1989 812 2041 ὁ
850 1988 979 2051 Θεός
999 2003 1012 2017 ·
1042 1985 1197 2039 τοῦτό
1228 1984 1328 2056 μοῦ
1378 1985 1493 2038 ἐστι
1522 1982 1581 2037 τὸ
1607 1984 1799 2054 ὄνομα,

221 2081 332 2155 τὴν
364 2082 521 2149 δόξαν
570 2099 668 2151 μου
699 2081 872 2150 ἑτέρῳ
898 2078 959 2133 οὑ
992 2076 1167 2141 δώσω,
1189 2077 1307 2128 οὐδὲ
1330 2075 1428 2139 τὰς
1458 2075 1659 2147 ἀρετάς
1698 2092 1801 2145 μου

220 2176 344 2237 τοῖς
372 2173 641 2241 γλυπτοῖς.
672 2172 751 2224 Τὰ
780 2171 871 2223 ἀπ’
899 2170 1070 2240 ἀρχῆς
1121 2168 1226 2220 ἰδοὺ
1259 2168 1424 2235 ἧκασι
1445 2205 1459 2229 ,
1498 2168 1591 2219 καὶ
1640 2165 1801 2219 καινὰ

219 2263 267 2318 ἃ
287 2262 397 2331 ἑγὼ
426 2262 755 2331 ἀναγγέλλω,
789 2262 882 2313 καὶ
910 2261 1011 2331 πρὸ
1056 2257 1148 2311 τοῦ
1194 2256 1507 2325 ἀναγγεῖλαι
1560 2254 1800 2325 ἐδηλώθη

222 2357 382 2425 ὑμῖν.
419 2376 435 2406 ι
482 2353 793 2423 Ἐπιστῆσαι
816 2352 981 2418 ἀξιον,
1006 2351 1083 2413 ὡς
1114 2351 1212 2403 οὐκ
1242 2350 1447 2419 είρηται
1469 2388 1483 2411 ,
1509 2348 1618 2418 Τὴν
1646 2347 1801 2410 δόξαν

226 2462 341 2514 μου
367 2444 539 2496 οὐδενὶ
574 2442 756 2495 δώσωο
799 2441 1065 2493 δείκνυται
1116 2439 1212 2509 (ἀρ
1238 2439 1266 2491 ὁ
1295 2437 1419 2501 Υἱὸς
1450 2436 1541 2489 τοῦ
1591 2436 1801 2507 Ηατρὸς

217 2536 374 2605 ῐχων
393 2534 490 2604 τὴν
518 2533 701 2599 δόξαν
726 2532 784 2585 τὸ
822 2533 918 2602 μὲν
962 2532 1069 2602 γὰρ
1100 2531 1292 2592 οὐδενὶ,
1346 2529 1680 2601 ἀναιρετικὸν
1734 2523 1802 2598 ἦν

225 2624 433 2686 παντός
453 2640 466 2652 ⁸
490 2620 549 2675 τδ
573 2623 635 2692 δὴ
659 2622 829 2694 ἑτέρῳ
847 2622 920 2693 μὴ
943 2621 1152 2682 δώσειν,
1184 2621 1262 2672 ἐνὶ
1296 2619 1439 2690 μόνῳ
1471 2619 1568 2689 τὴν
1597 2618 1802 2688 συγχώο

221 2731 396 2784 manv
430 2713 747 2783 γεγενῆσθαι
797 2714 1067 2784 ἐμφαίνει,
1117 2710 1317 2781 δηλαδὴ
1345 2711 1421 2781 τῷ
1464 2726 1799 2782 προφητευσ-

222 2808 384 2875 μένῳ
422 2800 587 2867 Οὗτος
611 2803 667 2856 δὲ
686 2800 752 2874 ἦν
788 2804 923 2875 πρὸς
951 2804 1008 2856 ὂν
1038 2803 1253 2871 ἐλέγετο
1276 2819 1289 2833 ·

304 3001 326 3032 ι
377 2980 637 3035 Ἐκάλεσά
700 2998 758 3033 σε
810 2980 868 3033 έν
909 2979 1238 3050 δικαιοσύνῃ,
1274 2980 1367 3031 καὶ
1406 2980 1660 3050 κρατήσω
1706 2979 1802 3049 τῆς

222 3074 417 3145 χειρός
446 3091 556 3137 σοι),
593 3074 686 3126 καὶ
717 3071 980 3142 ἐνισχύσω
1006 3088 1085 3135 σε,
1113 3073 1205 3125 καὶ
1232 3071 1403 3123 ἐδωκά
1430 3088 1486 3123 σε
1517 3074 1593 3133 είς
1617 3070 1802 3141 διαθή-

224 3184 337 3237 κην
372 3168 577 3234 γένους,
608 3168 686 3228 είς
715 3166 828 3233 φῶς
858 3165 1043 3219 ἐθνῶν.
1082 3183 1101 3217 ι
1138 3165 1237 3218 Διά
1272 3164 1472 3217 τούτων
1499 3165 1577 3229 δὲ,
1623 3160 1796 3233 οἶμαι,
1827 3147 1869 3205 C

224 3259 343 3314 τῶν
386 3259 553 3326 λόγων
608 3257 677 3311 τά
726 3259 851 3327 ἔθνη
902 3258 1077 3310 πάντα
1116 3257 1395 3320 παιδεύει,
1440 3256 1642 3327 μηδένα
1700 3257 1798 3325 μὲν

224 3349 358 3407 θεὸν
406 3352 590 3422 ὑμνεῖν
622 3350 730 3403 τῶν
758 3352 923 3403 πάλαι
953 3351 1360 3421 ὀνομαζομένων
1398 3351 1577 3411 αὐτοῖς
1624 3350 1759 3402 θεῶν
1782 3366 1795 3378 ·

231 3444 399 3513 μόνον
443 3443 498 3494 δὲ
554 3444 646 3497 τὸν
690 3443 923 3513 Χριστὸν
970 3442 1063 3495 τοῦ
1099 3441 1233 3494 Θεοῦ
1260 3442 1349 3495 καὶ
1380 3443 1469 3494 τὸν
1509 3442 1798 3511 πέμψαντα

226 3535 400 3586 αὐτὸν
432 3533 647 3604 Πατέρα
673 3533 932 3598 δοξάζειν.

304 3667 324 3699 ι
372 3648 674 3719 ’Υμνήσατε
698 3647 776 3716 τῷ
805 3646 992 3718 Κυρίῳ
1018 3645 1183 3716 ὕμνον
1218 3647 1427 3699 καινόν·
1460 3649 1492 3717 ἡ
1529 3647 1670 3717 ἀρχὴ
1712 3648 1802 3699 αύ-

223 3740 349 3793 τοῦ.
404 3759 422 3790 ι
454 3739 620 3793 Τοῦτό
648 3756 779 3810 φησι
806 3740 999 3811 χρῆναι
1030 3742 1199 3792 ποιεῖν
1228 3742 1433 3801 πάντας
1460 3739 1796 3809 ἀνθρώπους.

232 3851 255 3884 ι
290 3830 549 3893 Δοξάξετε
605 3831 666 3884 τὸ
700 3831 870 3901 ὄνομα
904 3831 1065 3884 αὑτοῦ
1096 3832 1187 3883 ἀπ’
1222 3832 1390 3901 ἄκρου
1447 3832 1548 3899 τῆς
1599 3834 1719 3902 γῆς,
1751 3832 1801 3883 οἱ

223 3923 650 3985 καταϐαίνοντες
674 3922 769 3993 τὴν
793 3921 1086 3985 θάλασσαν,
1116 3923 1211 3975 καὶ
1244 3923 1496 3984 πλέοντες
1527 3923 1716 3993 αὐτὴν,
1745 3925 1801 3975 ai

223 4015 391 4085 νῆσοι
419 4016 511 4066 καὶ
540 4015 590 4067 οί
624 4013 997 4076 κατοικοῦντες
1029 4014 1225 4077 αὑτάς·
1261 4033 1279 4065 ι
1300 4014 1375 4075 ὡς
1432 4016 1539 4067 ἀπὺ
1562 4015 1661 4083 τῆς
1707 4015 1801 4066 τοῦ

224 4105 473 4177 Χριστοῦ
528 4104 892 4177 προσηγορίας
955 4106 1293 4176 Χριστιανῶν
1349 4107 1447 4175 τὴν
1512 4106 1803 4176 σύμπασαν

225 4197 644 4267 πεπληρῶσθαι.
678 4199 967 4268 ’Δντικρυς
991 4199 1115 4259 τοὺς
1146 4196 1473 4259 ἀποστόλους
1498 4197 1591 4249 τοῦ
1617 4196 1801 4266 Σωτῆ-

227 4304 331 4362 po;
367 4289 517 4357 ήμῶν
548 4287 847 4359 σημαίνων,
889 4287 983 4350 οὓς
1032 4288 1183 4359 παρὰ
1215 4287 1311 4357 τὴν
1365 4287 1639 4341 θάλασσαν
1691 4285 1801 4340 εἶδε

226 4379 524 4449 βάλλοντας
547 4378 951 4449 ἀμφίϐληστρον
975 4380 1053 4441 είς
1080 4379 1176 4449 τὴν
1206 4378 1506 4431 θάλασσαν·
1531 4375 1669 4449 ἦσαν
1696 4380 1802 4451 γὰρ

1902 536 2001 603 ipsi
2054 534 2255 588 douqu
2306 534 2665 594 collaturum,
2722 542 2775 587 et
2838 547 2937 586 ceu
2996 532 3171 586 lucem
3221 548 3472 603 magnam

1899 626 2149 680 omnibus
2177 626 2427 693 gentibus
2455 624 2761 677 oblaturum
2787 638 2909 677 esse
2934 624 3239 691 pollici-tur,
3264 624 3472 687 dicens,

1905 735 1925 769 ι
1957 716 2025 771 Ει
2053 716 2172 770 dedi
2208 728 2257 769 te
2284 717 2333 769 in
2375 726 2753 771 testamentum
2782 717 3019 784 generis,
3050 716 3103 768 in
3134 716 3311 770 lucem
3342 731 3475 786 gen-

1900 807 2052 859 tium.
2097 823 2116 855 ι
2149 804 2287 859 Olim
2321 806 2501 873 itaque
2532 812 2638 873 ‘pcr
2681 804 2917 873 Moysem
2952 802 3118 858 Vetus
3158 802 3475 859 Testamen-

1902 905 2010 950 tum
2043 894 2265 949 Judaico
2293 895 2489 965 populo
2519 897 2703 950 dedit:
2742 897 2829 949 hic
2873 907 3053 949 autem
3099 911 3247 960 eum,
3284 896 3376 965 qui
3413 897 3469 950 itt

1900 987 2177 1055 prophetia
2202 985 2373 1039 fertur
2403 988 2455 1039 in
2489 996 2871 1040 testamentum
2914 986 3127 1055 generis
3170 988 3474 1047 hominum,

1898 1086 1954 1132 et
1996 1080 2046 1130 in
2079 1078 2249 1131 lucem
2278 1079 2515 1146 gentium
2552 1077 2790 1129 dandum
2840 1078 2949 1140 ait;
2982 1087 3040 1131 ut
3076 1092 3144 1132 eo
3182 1076 3475 1131 illuminatl

1902 1180 2089 1221 eorum
2115 1165 2279 1231 oculi,
2310 1168 2400 1234 qui
2434 1166 2562 1219 olim
2590 1177 2765 1220 mente
2787 1168 2912 1221 ca‘ci
2932 1169 3471 1236 erantaperircntur.

1901 1273 1967 1312 ac
2003 1269 2215 1326 recepto
2248 1258 2362 1311 visu
2397 1257 2490 1311 Dei
2529 1259 2891 1328 cognitionem
2926 1271 3386 1327 assequerentur;
3415 1268 3476 1314 ut

1900 1364 1969 1404 ne
1999 1350 2140 1404 ultra
2190 1349 2374 1417 lignis,
2414 1348 2686 1418 lapidibus
2730 1357 2784 1403 et
2823 1349 3241 1403 inauimatnrum
3291 1363 3474 1403 rerum

1900 1440 2143 1494 materia:
2189 1439 2281 1492 Dei
2326 1438 2584 1491 honorent
2625 1439 2981 1491 ascriberent.
3019 1437 3351 1493 Atenimeos
3379 1439 3473 1508 qui

1901 1540 2245 1601 peccatorum
2263 1542 2483 1583 suorum
2508 1527 3282 1598 vinculisconstringebantur,
3310 1538 3477 1598 atque

1902 1622 1955 1676 in
1982 1620 2221 1677 tenebris
2249 1629 2305 1674 et
2329 1620 2549 1674 malitia
2598 1621 2949 1688 compedibus
2998 1630 3177 1684 erant,
3230 1635 3327 1690 per
3374 1620 3473 1676 Del

1901 1713 2133 1782 gratiam
2158 1720 2499 1779 peccatorum
2550 1711 2700 1785 venia
2735 1711 3033 1765 donaturus
3056 1751 3070 1775 ,
3102 1725 3203 1765 ceu
3238 1727 3308 1766 ex
3345 1727 3473 1766 car—

1828 1810 1872 1871 Β
1900 1817 2022 1856 cere
2064 1802 2263 1857 liberos
2291 1793 2604 1865 soluturus,
2639 1815 2705 1855 ac
2736 1816 2766 1857 e
2799 1800 2999 1855 diaboli
3055 1803 3303 1858 custodia
3349 1817 3474 1859 ere-

1902 1904 2092 1966 pturus
2121 1902 2257 1948 erat.

1974 1990 2138 2044 Vsus.
2162 1989 2277 2045 8-9.
2308 2006 2329 2041 ι
2352 1986 2465 2058 Ego
2494 1987 2756 2043 Dominus
2779 1986 2921 2042 Deus
2948 2005 2963 2043 :
2997 1988 3097 2044 hoc
3117 1987 3247 2044 mihi
3277 2003 3475 2045 nomen

1902 2091 2003 2148 est,
2034 2093 2086 2136 et
2113 2082 2340 2151 gloriam
2374 2097 2548 2135 meam
2579 2080 2735 2136 alteri
2765 2097 2868 2136 non
2899 2081 3061 2145 dabo,
3092 2097 3267 2153 neque
3293 2081 3474 2137 virtu-

1904 2180 1982 2225 tes
2009 2186 2159 2225 meas
2198 2169 2561 2238 sculptilibus.
2598 2170 2729 2236 Quae
2758 2185 2787 2223 a
2835 2171 3105 2240 principio
3141 2186 3272 2227 ecce
3311 2184 3478 2227 vene-

1902 2272 2047 2329 runt,
2085 2273 2138 2314 et
2170 2274 2304 2315 nova
2345 2274 2464 2331 quae
2496 2276 2595 2330 ego
2617 2262 2911 2327 annuntio,
2949 2271 3002 2315 et
3047 2270 3338 2331 antequam
3374 2278 3476 2317 an-

1902 2353 2214 2407 nuntientur
2255 2352 2526 2405 declarata
2579 2360 2705 2403 sunt
2740 2351 2919 2404 vobis.
2978 2368 2997 2401 ι
3051 2351 3477 2408 Animadvertas

1900 2445 2060 2497 velim
2112 2458 2216 2496 non
2276 2442 2480 2496 dictum
2530 2440 2717 2504 fuisse,
2774 2440 3004 2509 gloriam
3060 2456 3235 2495 meam
3269 2443 3477 2499 nemini

1900 2536 2039 2589 dabo
2066 2550 2078 2585 :
2123 2549 2243 2587 nam
2272 2531 2465 2586 Filium
2492 2530 2663 2586 Patris
2691 2532 2917 2601 gloriam
2968 2533 3170 2587 habere
3192 2541 3477 2588 ostensum

1900 2635 2021 2689 est;
2052 2625 2193 2693 quod
2236 2624 2378 2678 enim
2417 2624 2618 2677 nemini
2656 2626 2833 2687 detur,
2882 2624 2931 2677 id
2954 2625 3248 2693 quemlibet
3290 2626 3477 2680 exclu-

1900 2717 2017 2778 dit;
2048 2715 2189 2783 quod
2224 2724 2402 2768 autem
2436 2714 2592 2766 alteri
2628 2729 2732 2767 non
2760 2714 2938 2777 detur,
2974 2715 3100 2768 hinc
3144 2716 3235 2769 uni
3297 2716 3475 2770 solum

1900 2822 2214 2860 concessam
2247 2805 2417 2860 fuisse
2438 2806 2765 2870 declaratur,
2794 2806 3005 2860 scilicet
3032 2806 3104 2869 ei,
3135 2807 3226 2876 qui
3257 2806 3312 2861 in
3348 2822 3478 2875 pro-

1901 2896 2077 2965 phetia
2110 2894 2300 2948 fertur.
2341 2894 2439 2949 llic
2480 2910 2640 2961 porro
2687 2908 2805 2949 erat
2848 2896 2935 2949 cui
2969 2897 3296 2952 dicebatur:

1969 2987 2194 3042 «νοεονὶ
2218 2999 2266 3041 te
2286 2989 2337 3041 in
2354 2988 2644 3055 justitia,et
2661 2989 3056 3057 apprehendam
3077 3006 3291 3044 manum
3309 3001 3477 3060 tuaxr,

1904 3078 2268 3133 corroborabo
2303 3090 2373 3142 te,
2402 3089 2458 3132 et
2490 3079 2608 3131 dedi
2644 3088 2692 3131 te
2723 3080 2774 3131 in
2810 3088 3192 3134 testamentum
3235 3084 3475 3152 generis,

1904 3169 1956 3221 in
1986 3168 2157 3223 lucem
2196 3170 2462 3239 gentium.
2500 3187 2518 3220 ι
2552 3167 2646 3222 His
2669 3184 2861 3237 porro,
2897 3180 2955 3224 ut
2986 3173 3198 3226 instituo
3220 3214 3237 3239 ,
3263 3189 3477 3229 sermo-

1903 3257 2062 3311 nibus
2116 3268 2303 3327 gentes
2350 3273 2537 3311 omnes
2581 3260 2785 3320 erudit,
2833 3275 2902 3313 ne
2935 3260 3093 3313 deum
3146 3262 3310 3316 ullum
3339 3264 3482 3319 cele-

1904 3350 2062 3402 brent
2104 3364 2323 3412 eorum,
2370 3350 2460 3418 qui
2496 3350 2622 3403 olim
2672 3351 2811 3418 apud
2852 3365 2947 3405 eas
2983 3353 3057 3405 dii
3105 3356 3477 3423 vocabantur;

1903 3441 1995 3493 sed
2044 3439 2217 3494 solum
2266 3441 2543 3494 Christum
2570 3441 2700 3506 Dei,
2735 3452 2789 3496 et
2828 3440 3077 3510 Patrem,
3108 3446 3199 3515 qui
3233 3447 3380 3503 misit
3416 3448 3480 3502 il-

1907 3530 2037 3593 lum,
2078 3531 2246 3600 gloria
2278 3530 2529 3593 alliciant.

1974 3642 2136 3697 Vens.
2176 3644 2259 3698 l0.
2322 3661 2339 3695 ι
2379 3643 2605 3697 Cantate
2656 3643 2884 3699 Domino
2931 3647 3204 3701 canticum
3257 3664 3477 3715 novum,

1904 3735 2237 3804 principatus
2267 3741 2401 3802 ejus.
2440 3754 2459 3787 ι
2501 3733 2556 3789 id
2590 3738 2659 3789 ab
2693 3738 2948 3792 omnibus
2998 3739 3305 3795 hominibus
3343 3758 3482 3811 pra:-

1904 3828 2156 3880 standiun
2184 3828 2279 3881 ait.
2322 3844 2339 3875 ι
2378 3826 2692 3881 Gloriiicate
2723 3843 2918 3882 nomen
2959 3828 3077 3896 ejus
3127 3832 3195 3884 ab
3238 3842 3482 3888 extremo

1908 3926 2087 3978 terrae,
2115 3916 2205 3983 qui
2234 3916 2562 3969 descenditis
2593 3916 2643 3968 iu
2671 3932 2851 3980 mare,
2886 3928 2938 3971 et
2969 3920 3235 3989 navigatis
3280 3922 3478 3989 ipsum,

1906 4007 2097 4061 insulae
2120 4016 2174 4060 et
2208 4008 2540 4061 habitatores
2576 4022 2763 4061 earum
2793 4023 2807 4058 :
2842 4026 2862 4059 ι
2898 4008 2975 4062 ita
3015 4018 3129 4063 uta
3154 4010 3354 4065 Christi
3390 4029 3483 4067 no-

1906 4099 2090 4162 mine,
2131 4098 2387 4151 universa
2432 4106 2573 4151 terra
2618 4095 2942 4151 Christianis
2994 4100 3195 4168 repleta
3246 4103 3336 4154 sit.
3383 4100 3481 4158 His

1905 4205 2069 4259 porro
2103 4192 2381 4258 apostolos
2425 4187 2733 4242 Servatoris
2768 4191 2938 4243 nostri
2984 4192 3264 4259 perspicue
3311 4194 3481 4261 signi-

1907 4284 2067 4345 ﬁcat,
2109 4296 2246 4350 quos
2293 4282 2358 4334 ad
2410 4280 2559 4333 littus
2597 4280 2761 4333 maris
2794 4279 2928 4332 \‘idit
2966 4279 3231 4349 iacientes
3279 4296 3393 4340 rete
3428 4286 3483 4340 in

1906 4391 2096 4429 mare:
2135 4383 2291 4428 erant
2333 4373 2477 4426 enim
2533 4374 2876 4442 piscatores;
2928 4374 3289 4444 similiterque
3324 4378 3479 4432 alios.

225 4473 439 4532 ἁλιεῖς·
474 4469 671 4539 ὁμοίως
696 4470 751 4522 δὲ
786 4470 1026 4532 καὶτοὺς
1060 4469 1297 4533 λοιπούς.
1344 4472 1404 4521 Οί
1447 4470 1599 4522 αὐτοὶ
1636 4470 1691 4522 δὲ
1723 4468 1802 4523 οὖ-

1910 4466 1971 4519 lli
2008 4479 2137 4518 vero
2170 4465 2270 4532 ipsi
2303 4478 2451 4517 mare
2484 4473 2730 4517 nostrum
2760 4466 3322 4536 circumnavigautes,
3368 4486 3485 4524 tuo-

226 4578 339 4624 τοι,
372 4561 462 4611 καὶ
492 4562 589 4628 τὴν
619 4558 738 4611 καθ’
770 4560 915 4628 ἡμεῖς
946 4558 1323 4628 περιπλέοντες
1356 4559 1641 4620 θάλατταν,
1681 4561 1801 4612 τοτέ

234 4652 338 4721 μὲν
367 4652 420 4701 ἐν
444 4652 561 4711 ταῖς
585 4650 765 4718 νήσοις
796 4649 1088 4718 ἐκήρυττον
1122 4648 1179 4699 τὸ
1209 4647 1555 4715 Εὑαγγέλιον,
1602 4649 1721 4701 τοτὲ
1747 4649 1803 4700 δὲ

226 4741 499 4796 διέϐαινον
550 4740 802 4793 ἐπέκεινα
833 4740 1068 4802 Σπανίας
1114 4756 1174 4791 τε
1207 4739 1299 4791 καλ¹
1345 4739 1590 4802 Ἰταλίας,
1616 4739 1691 4801 ὡς
1746 4740 1804 4793 ὲν

228 4835 403 4902 ὀλίγῳ
433 4831 610 4901 χρόνῳ
628 4833 722 4884 καλ.
737 4831 903 4901 αὐτὴν
928 4829 1309 4899 βασιλεύουσαν
1342 4829 1496 4881 πόλιν
1518 4831 1803 4901 πληρῶσαι

230 4926 337 4994 τῆς
357 4924 449 4976 τοῦ
480 4922 713 4992 Χριστοῦ
731 4922 1092 4984 διδασκαλίας.
1124 4923 1232 4975 Καὶ
1254 4921 1425 4983 ἄλλως
1447 4921 1565 4974 δὲοὶ
1589 4924 1686 4993 τὴν
1709 4924 1803 4975 τοῦ

233 5016 577 5085 ἀνθρωπίνου
606 5013 719 5083 βίον
742 5012 1014 5066 θάλασσαν
1040 5014 1381 5083 ἐμπλέοντες,
1412 5014 1503 5066 καὶ
1531 5017 1663 5067 πᾶσι
1693 5018 1805 5079 τοῖς

235 5109 448 5161 εθνεσιν
475 5110 533 5158 ἐν
565 5106 753 5175 μέσαις
804 5110 919 5168 ταῖς
970 5105 1281 5175 ἐκκλησίαις
1333 5106 1693 5176 κηρύττοντες
1745 5107 1807 5159 τὸ

235 5199 568 5265 Εὕαγγέλιον
588 5196 674 5250 διὰ
702 5196 811 5248 τῶν
835 5196 1203 5266 προκειμένων
1224 5197 1503 5265 δηλοῦνται
1524 5215 1536 5227 ·
1569 5198 1688 5250 ἐπεὶ
1712 5205 1807 5251 καὶ

236 5292 396 5343 αὐτοὶ
432 5289 521 5342 τδν
549 5289 730 5341 καινὸν
751 5287 782 5340 ὖ
791 5305 920 5357 μνον
945 5289 1089 5359 πάσῃ
1114 5289 1475 5358 κατήγγελλον
1500 5294 1565 5361 τῇ
1599 5295 1689 5361 γῇ,
1713 5292 1807 5344 καὶ

236 5379 545 5451 ἀνθρώποις
572 5381 631 5432 ἐν
656 5380 845 5449 μέσαις
862 5381 976 5440 ταῖς
997 5379 1310 5449 ἐκκλησίαις
1334 5398 1403 5449 κη
1413 5381 1689 5451 ρύττοντες
1715 5384 1808 5435 καὶ

1911 4559 1978 4612 do
2024 4559 2077 4611 in
2144 4556 2337 4610 insulis
2371 4556 2719 4624 Evangelium
2760 4558 3162 4625 praedicabant;
3225 4563 3383 4615 modo
3427 4564 3482 4617 in

1910 4649 2221 4721 Hispaniam
2260 4658 2314 4701 et
2358 4648 2563 4701 Italiam
2608 4649 2978 4715 trajiciebant;
3020 4652 3089 4704 ita
3127 4661 3186 4706 ut
3214 4653 3364 4707 brevi
3398 4672 3483 4709 re-

1909 4745 2051 4812 giam
2084 4743 2257 4812 ipsam
2294 4741 2483 4795 urbem
2513 4742 2757 4797 doctrina
2783 4743 2984 4798 Christi
3020 4745 3313 4814 replerent.
3360 4748 3484 4803 Alio

1911 4836 2041 4889 item
2104 4835 2296 4898 modo,
2337 4834 2563 4887 indicari
2609 4836 2861 4889 videntur
2904 4835 2975 4901 ii,
3015 4839 3105 4905 qui
3145 4837 3197 4891 in
3235 4838 3485 4895 humana

1910 4929 2037 4981 vita:
2065 4926 2199 4979 mari
2226 4927 2566 4995 navigantes,
2601 4927 2738 4995 apud
2762 4942 2951 4981 omnes
2982 4938 3170 4997 gentes
3198 4929 3251 4983 in
3286 4933 3486 4987 mediis

1912 5020 2156 5075 ecclesiis
2190 5018 2543 5089 Evangelinm
2592 5020 2959 5087 praedicabant
2990 5037 3002 5073 :
3044 5021 3485 5092 quandoquidem

1912 5123 1966 5166 et
1995 5112 2096 5181 ipsi
2126 5113 2382 5182 hymnum
2412 5126 2611 5163 novum
2655 5126 2749 5179 per
2778 5126 2991 5164 omnem
3038 5122 3239 5165 terram
3276 5129 3488 5168 annuu-

1917 5204 2159 5268 tiabant,
2184 5214 2238 5256 et
2273 5203 2324 5255 in
2350 5202 2525 5255 medio
2555 5202 2909 5255 ecclesiarum
2948 5202 3252 5257 hominibus
3291 5208 3490 5271 praedi-

1915 5296 2114 5347 cabant
2146 5306 2197 5347 ct
2231 5296 2521 5347 docebant.
2554 5314 2570 5343 ι
2619 5294 2681 5346 Et
2721 5296 3051 5348 habitatores
3083 5311 3291 5350 earum.
3334 5315 3353 5348 ι
3394 5296 3492 5351 llis

1917 5384 2187 5452 significat
2220 5400 2333 5444 eos,
2370 5386 2461 5452 qui
2490 5386 2541 5436 iu
2570 5386 2817 5438 ecclesiis
2850 5400 3026 5439 conus
3054 5396 3239 5455 agunt.

235 5472 593 5536 διδᾰσκοντες.
613 5490 632 5523 ι
658 5471 767 5523 Καὶ
798 5472 846 5522 οἱ
867 5471 1240 5533 κατοικοῦντες
1260 5472 1427 5535 αὐτάς
1446 5489 1459 5502 ·
1488 5490 1507 5523 ι
1534 5474 1658 5535 τοὺς
1679 5475 1736 5527 ἐν
1750 5474 2200 5544 ταῖίέκκλησίαις
2224 5475 2618 5545 συναγομένους
2636 5477 2827 5529 τοῦτον
2845 5478 3125 5547 ἐμφαίνων
3148 5478 3238 5531 τδν
3262 5481 3487 5551 τρόπον.

312 5604 332 5638 ι
376 5586 736 5659 Εύοράνθητι,
771 5586 992 5657 ἔρημος,
1058 5587 1152 5639 καί
1189 5587 1245 5640 al
1270 5587 1447 5657 κῶμαι
1482 5588 1649 5657 αὐτῆς
1681 5606 1692 5619 ο
1731 5610 1747 5641 ο
1777 5590 1811 5661 ἢ

238 5679 381 5734 κατά
410 5682 529 5747 τοὺς
558 5678 782 5742 λοιποὺς
811 5681 1167 5754 ἐρμηνευτέις,
1200 5700 1217 5731 ι
1249 5684 1342 5735 καὶ
1368 5681 1547 5744 πόλεις
1574 5683 1758 5752 αὐτῆς.
1796 5704 1813 5735 ι

1994 5592 2156 5648 Vsus.
2180 5594 2265 5647 ll.
2295 5613 2316 5646 ι
2350 5594 2552 5647 [αξιοι-ο
2586 5596 2883 5650 desertum.
2912 5606 2965 5647 et
2995 5598 3099 5651 vici
3131 5600 3286 5665 ejus;
3317 5619 3334 5651 ι
3371 5604 3487 5657 sive

1928 5687 2217 5740 secundum
2248 5685 2479 5754 reliquos
2510 5688 2858 5755 interpretes,
2899 5707 2916 5741 ι
2949 5700 3001 5743 et
3029 5692 3273 5749 civitates
3296 5695 3433 5755 eius.
3460 5716 3482 5748 ι
