4128 6294
710 366 805 420 59f

1370 357 1639 415 EUSEBII
1676 358 2151 415 CIESARIENSIS
2186 357 2263 413 0F

2379 357 2556 413 PARS
2592 357 2682 414 Ill.
2723 390 2792 404 --
2828 357 3237 414 ΕΧΕΕΕΤΙΕΑ.

3819 362 3934 418 3:32

711 477 888 532 Multa:
929 475 1121 544 quippe
1162 476 1324 531 urbes
1371 476 1664 530 secundum
1702 476 1911 532 diversa
1950 477 2069 532 vita:
2102 477 2256 531 insti-

2363 477 2554 530 Πολλαὶ
2582 479 2690 549 γάρ
2719 477 2900 542 πόλεις
2935 477 3072 531 κατὰ
3096 477 3193 538 τὰς
3241 472 3524 546 διαφόρους
3576 473 3844 540 πολιτείας
3869 478 3934 528 ὲν

713 579 823 623 tuta
865 570 918 622 in
959 566 1202 624 Ecclesia
1243 569 1335 623 Dei
1395 568 1796 636 intelliguntur,
1851 578 1908 622 ut
1963 568 2015 622 in
2060 569 2262 621 visione

710 655 924 729 Egypti
954 661 1284 713 declaratum
1307 668 1412 722 est,
1447 661 1536 713 ubi
1569 660 1865 724 dicebatur,
1894 662 2135 730 quinque
2167 675 2260 713 ur-

711 749 806 800 bes
843 749 894 800 in
926 747 1159 818 Egypto
1193 747 1325 810 fore.
1355 763 1473 814 quae
1505 747 1684 816 lingua
1703 749 2054 803 Chattanitide
2082 749 2263 818 loque-

712 849 920 893 rentur.
961 859 979 890 s
1023 840 1168 893 Villae
1201 847 1254 890 et
1300 837 1633 892 habitatores
1675 839 1865 892 Ccdar.
1914 837 2264 893 laetabuntur

710 929 801 995 qui
840 928 1081 982 habitant
1125 927 1370 991 Petram,
1413 927 1478 980 de
1519 929 1724 982 vertice
1761 929 2021 982 montium
2063 927 2262 982 clama-

711 1020 862 1072 bunt.
895 1037 912 1069 ι
947 1019 1118 1074 Cedar
1157 1019 1208 1072 in
1235 1020 1475 1073 ulteriOri
1521 1021 1715 1072 Arabia
1744 1020 1844 1072 sita
1881 1029 1964 1074 est
1995 1022 2058 1073 ad
2087 1030 2263 1073 extre~

712 1123 858 1160 mum
886 1108 1083 1161 deserti
1107 1148 1121 1172 ,
1153 1121 1310 1176 quam
1362 1108 1542 1162 dicunt
1581 1111 1822 1163 obtinere
1866 1113 2258 1162 Saracenorum

713 1207 946 1264 gentem.
984 1196 1077 1250 His
1105 1212 1293 1254 omnes
1320 1200 1517 1253 deserti
1558 1207 1612 1253 et
1654 1198 1837 1253 finium
1883 1209 2038 1252 terra:
2077 1199 2261 1252 incolat

709 1289 1080 1358 significantur
1105 1331 1119 1351 ,
1154 1292 1224 1345 ita
1251 1301 1307 1344 ut
1339 1291 1670 1346 rationabilis
1699 1293 1784 1345 illa
1829 1291 1917 1344 Dei
1961 1289 2138 1343 lrctitia
2169 1306 2261 1357 per

710 1381 907 1435 Christi
939 1382 1167 1452 gratiam
1200 1383 1266 1436 ad
1289 1399 1387 1438 nos
1419 1400 1584 1452 usque
1609 1395 1930 1453 perventura
1969 1385 2057 1439 sit.
2105 1382 2258 1436 Petra

711 1487 840 1527 vero
868 1477 997 1528 urbs
1023 1475 1263 1543 qntedam
1305 1473 1600 1531 Palestina:
1623 1486 1726 1541 est,
1759 1475 2148 1544 superstitiosis
2181 1477 2257 1526 vi-

712 1563 792 1617 ris
833 1564 1021 1632 plena,
1055 1575 1110 1618 et
1165 1565 1215 1617 in
1256 1567 1578 1634 profundum
1621 1567 1871 1620 diabolici
1919 1566 2119 1620 erroris
2166 1566 2257 1618 de-

711 1671 890 1710 mersa
920 1674 934 1708 :
961 1657 1110 1724 cujus
1155 1658 1281 1713 item
1330 1659 1532 1713 incolas
1576 1660 1764 1730 gratiae
1817 1667 2091 1712 Consortcs
2145 1655 2259 1710 fore

711 1746 1150 1810 dicitltisverbis,
1185 1765 1203 1798 ι
1227 1747 1571 1801 Ιδιριτιὺιιηιιιι·
1594 1751 1682 1812 qui
1709 1745 2199 1801 habitantPetram.
2234 1764 2251 1795 ι

2361 573 2433 640 τῇ
2472 568 2766 642 Ἐκκλησία
2784 570 2877 623 τοῦ
2901 568 3034 621 Θεοῦ
3057 565 3414 627 ἐπινοοῦνται,
3439 565 3513 628 ὡς
3534 564 3806 617 ἐδείκνυτο
3832 565 3934 618 καὶ

2362 663 2420 713 ἐν
2450 664 2513 730 τῇ
2542 661 2729 732 ὁράσει
2756 662 2852 732 τῆς
2894 659 3186 728 Αἰγύπτου,
3233 658 3289 709 ἐν
3410 656 3659 725 ἐλέγοντο
3707 655 3936 709 ἔσεσθαι

2364 752 2521 805 πέντε
2570 751 2748 814 πόλεις
2803 755 2860 804 ἐν
2893 750 3147 819 Αἰγύπτῳ
3186 746 3439 801 λαλοῦσαι
3490 745 3556 817 τῇ
3605 745 3819 818 γλώσσῃ
3857 747 3937 817 τῇ

2361 842 2684 896 Χανανίτιδι.
2731 861 2750 894 ι
2791 841 3070 904 Ἐπαύλεις
3107 839 3199 893 καὶ
3224 842 3272 892 ot
3313 839 3686 901 κατοικοῦντες
3712 839 3936 911 Κηδάρ.

2363 934 2837 1004 Εὑςρανθήσονται
2875 935 2923 986 οἱ
2955 931 3333 994 κατοικοῦντες
3359 931 3590 1002 Πέτραν,
3619 932 3710 984 ἀπ’
3752 932 3936 1002 ἄκρου

2361 1025 2467 1077 τῶν
2529 1025 2697 1094 ὀρέων
2750 1023 3020 1093 βοήσουσι.
3059 1041 3078 1074 ι
3147 1021 3210 1074 ’Π
3250 1021 3442 1092 Κηδάρ
3465 1021 3520 1074 δὲ
3545 1021 3793 1074 ἐπέκεινα
3824 1019 3938 1090 τῆς

2375 1114 2627 1186 Ἀραείας
2647 1115 2901 1184 τυγχάνει
2927 1115 3020 1166 ἐπὶ
3047 1112 3148 1183 τῆς
3185 1112 3419 1182 ἐσχάτης
3443 1113 3667 1182 ἐρήμου,
3691 1112 3781 1164 καὶ
3801 1128 3936 1164 κατ·

2362 1207 2502 1275 έχειν
2527 1207 2656 1274 φασὶ
2700 1205 2760 1257 τὸ
2789 1203 2898 1256 τῶν
2926 1203 3255 1274 Σαρακηνῶν
3291 1203 3463 1270 γένος.
3518 1205 3596 1255 Δι’
3616 1195 3690 1254 ὧν
3720 1206 3748 1255 ό
3768 1200 3938 1270 λόγος

2363 1295 2624 1366 ἐϐουλήθη
2651 1295 2858 1358 πάντας
2889 1295 3015 1356 τοὺς
3062 1294 3159 1358 τὰς
3187 1295 3424 1365 ἐρήμους
3462 1293 3556 1346 καὶ
3603 1292 3671 1345 τά
3721 1293 3940 1362 ἔσχατα

2360 1387 2458 1454 τῆς
2484 1386 2584 1454 γῆς
2627 1384 2906 1447 οἰκοῦντας
2931 1383 3185 1452 δηλῶσαι,
3208 1384 3281 1447 ὼς
3306 1384 3404 1453 τῆς
3429 1383 3524 1436 τοῦ
3546 1382 3679 1436 Θεοῦ
3702 1383 3938 1454 λογικῆς

2359 1474 2695 1545 εὐφροσύνης
2723 1475 2810 1528 διὰ
2835 1474 2933 1542 τῆς
2952 1474 3044 1526 τοῦ
3079 1473 3312 1546 Χριστοῦ
3341 1474 3558 1545 χάριτος
3600 1473 3691 1526 καὶ
3730 1474 3938 1545 μέχρις

2359 1566 2390 1632 ἡ
2401 1564 2514 1633 μῶν
2549 1565 2771 1632 φθάνειν
2798 1563 3110 1635 μελλούσης.
3145 1564 3252 1617 Καὶ
3278 1562 3460 1633 Πέτρα
3488 1564 3544 1616 δέ
3574 1566 3658 1626 τίς
3686 1565 3798 1616 ἐστι
3823 1563 3938 1616 πόα

2359 1653 2441 1715 λις
2467 1655 2826 1723 Παλαιστίνης
2854 1653 3256 1724 δεισιδαιμόνων
3289 1655 3518 1724 ἀνδρῶν,
3543 1655 3640 1726 καὶ
3665 1654 3826 1725 πολλῇ
3857 1656 3935 1724 τῇ

2359 1743 2532 1814 πλάνῃ
2577 1747 2642 1814 τῇ
2697 1745 2978 1814 δαιμονικῇ
3033 1743 3458 1815 βεδαπτισμένη·
3513 1739 3580 1811 ἧς
3615 1744 3707 1797 καὶ⁸
3754 1743 3936 1813 αὐτῆς

711 1834 875 1903 Cujus
905 1836 1171 1890 sermonis
1202 1837 1480 1890 veritatem
1508 1838 1619 1905 ipse
1649 1851 1826 1887 rerum
1862 1845 2084 1888 eventus
2110 1848 2257 1887 com-

2363 1834 2479 1896 τοὺς
2505 1833 2746 1895 ἐνοίκους
2779 1836 2875 1903 τῆς
2901 1834 3118 1903 χάριτος
3143 1831 3540 1903 μεταλήψεσθαι
3574 1848 3702 1900 φησι
3725 1831 3929 1898 λέγων·

711 1927 978 1992 probavit,
1007 1943 1127 1981 cum
1183 1928 1232 1981 in
1271 1928 1382 1995 ipsa
1439 1928 1772 1982 Petrensiutn
1825 1926 2064 1986 civitate,
2107 1935 2162 1979 et
2205 1925 2257 1977 in

711 2033 840 2085 agro
886 2019 1029 2086 ejus,
1076 2032 1280 2073 necnon
1329 2019 1379 2071 io
1432 2017 1804 2072 solitudinibus
1845 2015 2258 2079 Saracenorum,

710 2107 909 2160 Christi
940 2107 1189 2161 Ecclesia
1234 2108 1430 2161 nostris
1477 2107 1800 2177 temporibus
1856 2107 2087 2160 fundatae
2129 2105 2256 2159 sint.

710 2197 857 2252 Alias
891 2214 1015 2253 vero
1044 2200 1213 2254 Cedar
1236 2200 1504 2270 significat
1536 2204 1798 2262 tenebras,
1841 2213 2022 2252 eorum
2055 2212 2242 2260 causa.

708 2287 799 2354 qui
861 2303 890 2340 a
939 2289 1174 2343 tenebris
1227 2291 1291 2344 ad
1347 2291 1721 2343 anuuutiatam
1774 2290 2019 2357 gentibus
2087 2287 2256 2341 lucem

711 2377 955 2432 translati
1005 2391 1148 2434 sunt.
1191 2379 1312 2434 Pari
1357 2381 1541 2433 lautitia
1582 2378 1886 2433 alliciendos
1930 2379 2007 2432 ait
2047 2393 2139 2432 eos
2166 2377 2257 2447 qui

709 2469 1237 2525 inltahitantPctrant
1272 2490 1284 2525 :
1326 2492 1342 2521 ι
1380 2470 1533 2524 Petra
1561 2482 1734 2523 autem
1760 2467 2208 2524 eratChristus“.
2234 2485 2253 2519 ι

2363 1943 2381 1974 ‹
2420 1923 2896 1994 Εύτρρανθήσονται
2923 1926 2971 1975 ot
3007 1922 3280 1985 οἰκοῦντες
3303 1923 3533 1992 Πέτραν.
3564 1941 3582 1972 ι
3617 1919 3828 1973 Τούτων
3869 1920 3938 1974 δὲ

2355 2013 2463 2067 τῶν
2490 2014 2659 2082 λόγων
2680 2015 2777 2084 τὴν
2801 2013 3054 2083 ἀλήθειαν
3076 2015 3110 2083 ἡ
3138 2011 3223 2066 διὰ
3261 2012 3371 2065 τῶν
3405 2011 3740 2084 πραγμάτων
3762 2009 3940 2064 ἐκδα-

2363 2123 2446 2169 σις
2483 2104 2840 2167 ἐπιστώσατο,
2889 2105 3219 2176 Ἐκκλησιῶν
3260 2102 3492 2175 Χριστοῦ
3521 2104 3612 2156 καὶ
3643 2105 3727 2157 ἐπ’
3755 2101 3939 2173 αὐτῆς

2360 2198 2460 2267 τῆς
2486 2197 2732 2268 Πετρέων
2771 2196 2996 2258 πόλεως,
3023 2196 3162 2250 κατά
3181 2212 3238 2248 τε
3268 2195 3363 2265 τὴν
3385 2193 3566 2264 χώραν
3589 2192 3756 2262 αὐτῆς
3774 2234 3786 2248 .
3827 2194 3937 2246 καὶ

2361 2290 2418 2340 ἐν
2439 2289 2557 2350 ταῖς
2589 2289 2814 2358 ἐρήμοις
2840 2287 2894 2338 δὲ
2921 2287 3027 2339 τῶν
3048 2284 3376 2357 Σαρακηνῶν
3398 2284 3515 2337 καθ’
3551 2285 3696 2352 ἐμᾶς
3730 2283 3939 2347 αὐτοὺς

2365 2378 2680 2448 ἱδρυμένων.
2713 2378 2819 2429 Καὶ
2845 2377 3016 2440 άλλως
3068 2375 3125 2429 δὲ
3176 2375 3362 2446 Κηδάρ
3397 2373 3753 2446 ἑρμηνεύεται
3799 2387 3940 2426 σκο-

2363 2468 2590 2538 τασμὸς,
2623 2467 2708 2520 διὰ
2737 2468 2863 2530 τοὺς
2902 2465 3299 2537 μεταϐαλόντας
3334 2467 3442 2520 ἀπὸ
3485 2465 3579 2519 τοῦ
3618 2464 3936 2535 σκοτασμοῦ

711 2559 886 2613 ἐπἰτδ
931 2561 1364 2631 κατηγγελμένον
1399 2561 1512 2630 φῶς
1557 2563 1665 2622 τοῖς
1697 2559 1921 2611 ἔθνεσιν.
1974 2554 2454 2628 Εὐφρανθήσεσθαι
2489 2558 2518 2609 ό
2570 2556 2723 2624 λόγος
2773 2556 2905 2625 φησὶ
2949 2556 3040 2608 κα)⁸
3084 2554 3206 2618 τοὺς
3254 2552 3635 2617 κατοικοῦντας
3671 2553 3766 2625 τὴν
3821 2553 3939 2607 Πέ-

708 2668 844 2724 τραν
871 2653 1100 2724 ὁμοίως
1135 2674 1152 2705 ι
1187 2655 1246 2706 ’Π
1271 2653 1325 2706 δὲ
1355 2654 1531 2724 Πέτρα
1566 2648 1632 2722 ἦν
1668 2654 1696 2705 ό
1737 2650 1985 2722 Χριστός.
2030 2667 2049 2701 ι

789 2745 944 2797 \‘nns.
978 2744 1065 2808 12,
1094 2746 1176 2798 15.
1207 2763 1222 2793 ι
1265 2745 1470 2798 Dabunt
1504 2745 1608 2797 Deo
1626 2744 2123 2810 gloriamzvirtutes
2145 2740 2260 2810 ejus

712 2834 768 2888 in
800 2835 991 2889 insulis
1023 2835 1362 2888 nuntiabunt.
1401 2852 1419 2886 ι
1461 2833 1534 2887 Ita
1571 2844 1622 2886 et
1664 2833 1913 2900 superius
1946 2831 2281 2896 dicebatur,’

716 2941 737 2976 ι
775 2925 944 2994 Supra
990 2935 1223 2979 montem
1257 2925 1528 2980 excelsum
1579 2926 1840 2984 ascende.
1885 2922 1973 2992 qui
2033 2937 2263 2991 evange-

711 3015 843 3070 lizas
873 3016 1042 3070 Sion:
1077 3018 1248 3070 exalta
1300 3018 1351 3070 in
1389 3015 1696 3070 fortitudine
1725 3029 1909 3070 vocent
1951 3023 2097 3069 tuam
2119 3053 2134 3081 ,
2169 3014 2261 3083 qui

712 3108 1048 3176 cvangelizas
1073 3105 1388 3161 Jerusalem.
1425 3123 1444 3156 ι

789 3217 806 3248 ‹
852 3198 1102 3251 Dominus
1157 3195 1294 3250 Deus
1335 3196 1664 3250 exercituum
1689 3195 1990 3264 egredletur
2012 3237 2026 3260 ,
2050 3207 2104 3250 et
2133 3211 2264 3250 con-

715 3305 852 3351 teret
891 3292 1105 3353 bellum,
1169 3286 1423 3341 excitabit
1479 3287 1686 3348 zelum,
1745 3295 1798 3340 et
1865 3286 2115 3340 clamabit
2171 3302 2262 3339 su-

715 3399 810 3453 per
877 3380 1116 3435 inimicos
1169 3391 1293 3431 suos
1335 3391 1456 3428 cum
1525 3374 1852 3430 fortitudine.
1910 3394 1929 3426 ι
1985 3376 2101 3430 Non
2149 3377 2264 3430 sine

712 3491 871 3530 causa
920 3475 1059 3527 enim
1109 3473 1236 3539 ipsis
1287 3471 1476 3524 bellum
1534 3469 1778 3522 illaturus
1828 3478 1944 3530 est;
1999 3469 2090 3521 sed
2121 3478 2265 3535 post-

713 3581 871 3634 quam
928 3578 1140 3617 eausam
1197 3562 1335 3614 illam
1389 3560 1636 3628 protulit,
1686 3561 1735 3613 id
1789 3574 1976 3629 magna
2008 3573 2134 3611 voce
2175 3561 2265 3610 de-

713 3654 958 3715 clarabit,
991 3663 1048 3704 ttt
1107 3651 1263 3704 docet
1315 3651 1397 3703 bis
1447 3647 1644 3713 verbis,
1679 3667 1696 3698 ι
1730 3647 1894 3703 Tacui
1924 3664 1937 3699 :
1976 3664 2096 3699 num
2125 3661 2264 3701 sem-

713 3759 810 3814 per
834 3741 1054 3795 tacebo?
1089 3761 1108 3792 ι
1147 3740 1278 3793 Nam
1307 3742 1430 3793 dum
1459 3739 1530 3792 illi
1567 3741 1826 3794 scelerate
1857 3749 1911 3791 et
1937 3739 2093 3806 impie
2122 3752 2255 3806 age-

714 3843 870 3897 rent,
904 3834 1168 3901 patienter
1192 3829 1368 3883 ferens
1405 3829 1523 3892 ille,
1563 3829 1812 3897 ipsosque
1862 3828 2264 3896 longanimitate

719 3939 816 3977 Sua
843 3922 1096 3982 tolerans,
1131 3936 1300 3989 neque
1330 3920 1608 3974 cenfestim
1641 3920 1774 3973 iram
1801 3931 1852 3974 et
1888 3924 2142 3973 ultionem
2186 3921 2266 3973 itt-

715 4014 926 4076 fcrcus,
962 4012 1188 4067 tacebat.
1239 4012 1302 4065 Et
1355 4011 1487 4064 alias
1544 4019 1785 4079 tempore
1844 4012 2107 4080 passionis
2155 4026 2265 4064 suae

714 4107 837 4159 dum
866 4103 1149 4157 calumniis
1176 4103 1523 4172 impeteretur
1559 4105 1802 4167 tacebat,
1857 4113 1907 4157 et
1964 4118 2081 4155 cum
2133 4101 2264 4157 falsa

719 4195 1027 4249 testimonia
1058 4194 1292 4256 audiret,
1321 4193 1448 4246 nihil
1477 4194 1844 4260 respondebat.
2063 4264 2068 4269 ι

789 4284 948 4339 Vsus.
988 4285 1076 4349 14,
1114 4284 1236 4337 15.‹
1262 4283 1426 4338 Tacui
1476 4299 1491 4336 :
1543 4299 1664 4336 num
1693 4298 1905 4351 semper
1943 4285 2166 4344 tacebo,
2212 4290 2266 4335 et

715 4374 1036 4431 sastinebo?
1086 4375 1240 4427 Sicut
1273 4376 1489 4441 pariens
1531 4376 1796 4442 patienter
1829 4375 1929 4442 egi.
1975 4374 2265 4426 Dimovcbo

2357 2784 2360 2786 ν
2437 2757 2456 2790 t
2497 2735 2732 2788 Δὼσουσι
2757 2732 2833 2802 τῷ
2853 2731 2972 2801 Θεῴ
2986 2727 3170 2795 δόξαν·
3199 2728 3298 2793 τὰς
3317 2729 3515 2800 ἀρετάς
3538 2727 3701 2781 αὑτοῦ
3723 2729 3779 2779 ὲν
3805 2733 3940 2792 ταῖς

2365 2833 2546 2901 νήσοις
2575 2823 2949 2898 ἀναγγελοῦσι.
2987 2843 3004 2874 ι
3040 2823 3193 2875 υῦτω
3217 2822 3271 2874 δὲ
3293 2822 3385 2874 καὶ
3407 2819 3659 2891 ἀνωτέρω
3689 2818 3936 2885 ἐλέγετοο

2371 2937 2390 2969 r
2443 2915 2558 2970 Ἐπ’
2605 2916 2726 2986 ὅρος
2792 2911 2992 2983 ὑψηλὸν
3053 2909 3321 2979 ἀνάϐηθι,
3366 2909 3395 2960 ό
3450 2905 3940 2976 εὐαγγελιζόμενος

2368 3003 2532 3057 Σιώψ
2563 3001 2772 3071 ῦψωσον
2804 3003 2870 3070 τῇ
2913 2999 3057 3068 ἰσχύϊ
3101 2997 3199 3068 τὴν
3230 2997 3410 3067 φωνήν
3439 3011 3552 3060 σου,
3592 2994 3621 3045 ό
3643 2993 3936 3060 εὐαγγελι-

2371 3095 2430 3160 ζό
2436 3109 2593 3164 μενος
2635 3091 3002 3164 Ἰερουσαλήμ.
3036 3108 3053 3140 ι

2443 3204 2462 3235 ι
2515 3183 2716 3255 Κύριος
2748 3185 2776 3236 ὸ
2803 3181 2931 3244 Θεὸς
2977 3180 3084 3232 τῶν
3127 3177 3405 3248 δυνάμεων
3437 3175 3788 3242 ἐξελεύσεται,
3831 3175 3942 3228 καὶ

2367 3274 2642 3346 συντρίψει
2689 3274 2938 3343 πόλεμον,
2961 3273 3212 3340 ἐπεγερεῖ
3237 3268 3415 3338 ζῆλον,
3443 3268 3533 3320 καὶ
3555 3266 3803 3336 βοήσεται
3831 3267 3943 3319 ἐπὶ

2363 3371 2490 3432 τοὺς
2533 3367 2756 3437 ἐχθροὺς
2800 3361 2965 3417 αὐτοῦ
3018 3361 3131 3431 μετ’
3171 3358 3369 3430 ἰσχύος.
3407 3377 3425 3409 ι
3461 3357 3536 3411 Οὐ
3581 3357 3688 3428 γὰρ
3718 3356 3941 3423 ἀλόγως

2365 3459 2559 3520 αὐτοὺς
2594 3456 2920 3525 πολεμήσειε
2965 3451 3098 3504 ἀλλὰ
3134 3448 3271 3521 μετὰ
3313 3447 3405 3502 τοῦ
3441 3446 3539 3518 τὴν
3567 3446 3744 3500 αἰτίαν
3788 3445 3942 3510 ἐξει-

2307 3557 2324 3567 ”
2364 3555 2484 3604 πεῖν
2516 3549 2609 3602 καὶ
2644 3545 2851 3618 μεγάλῃ
3039 3541 3268 3612 φανερὸν
3294 3541 3528 3610 ποιήσει,
3559 3538 3626 3608 ῆν
3660 3538 3750 3590 καὶ
3782 3536 3943 3591 διδά-

2366 3660 2484 3695 σκει
2506 3641 2706 3708 λέγων’
2744 3656 2761 3688 t
2785 3633 3114 3704 Ἐσιώπησα·
3151 3631 3224 3701 μὴ
3257 3631 3350 3684 καὶ
3377 3630 3462 3683 ἀεὶ
3496 3630 3877 3698 σιωπήσομαις
3911 3648 3933 3679 ι

2377 3735 2464 3785 Ἐν
2493 3730 2599 3801 γάρ
2631 3727 2708 3798 τῷ
2740 3724 3074 3796 παρανομεῖν
3107 3721 3298 3783 αὐτους
3337 3719 3430 3772 καὶ
3462 3717 3694 3777 ἀσεϐεῖν,
3752 3716 3942 3780 ἀνεξι-

2366 3822 2549 3877 κακῶν
2583 3821 2674 3873 καὶ
2731 3818 2908 3887 φέρων
2961 3813 3160 3873 αὐτοὺς
3221 3812 3284 3879 τῇ
3332 3807 3494 3862 αὑτοῦ
3556 3805 3937 3876 μακροθυμίᾳ,

2371 3916 2502 3987 μηδὲ
2537 3910 2872 3982 παραχρῆμα
2934 3906 3031 3976 τὴν
3065 3903 3231 3974 ὀργὴν
3283 3901 3466 3962 αὐτοῖς
3510 3902 3727 3966 ἐπάγων
3766 3898 3937 3949 ἐσιὼ-

2372 4023 2527 4076 πησε.
2582 4003 2689 4055 Καὶ
2737 4000 2909 4062 ἄλλως
2945 3997 3001 4049 δὲ
3039 3995 3179 4048 κατὰ
3221 3993 3310 4046 τὸν
3357 3991 3544 4063 καιρὸν
3579 3988 3672 4043 τοῦ
3725 3987 3939 4051 πάθους

2364 4096 2547 4159 αὑτοῦ,
2591 4088 3082 4160 συκοφαντούμενος
3130 4084 3358 4147 ἐσιώπα,
3414 4083 3506 4135 καὶ
3549 4081 3936 4152 ψευδομαρτυ-

2369 4189 2623 4260 ρούμενος
2655 4184 2802 4237 οὐδὲν
2822 4181 3155 4252 ἁπεκρίνατο

2438 4299 2455 4330 ι
2496 4275 2803 4346 Ἐσιώπησα
2824 4290 2836 4303 ·
2877 4272 2951 4342 μὴ
2985 4272 3071 4323 ἀεὶ
3123 4267 3489 4335 σιωπήσομαι.
3515 4262 3608 4316 καὶ
3634 4260 3934 4330 άνὲξομαις

2375 4369 2526 4438 Ὠςὴ
2574 4367 2827 4419 τίκτουσα
2881 4360 3242 4431 ἐκαρτέρησα.
3287 4357 3561 4423 Ἑκστήσω
3582 4351 3676 4405 καὶ
3712 4350 3934 4420 ξηρανῶ

718 4479 774 4520 et
830 4465 1115 4520 arefaciam
1168 4465 1377 4519 simul:
1415 4466 1658 4518 desertos
1707 4466 1896 4517 faciam
1949 4479 2159 4518 montes
2212 4473 2263 4516 et

2367 4461 2511 4530 ἆμα’
2551 4456 2820 4528 ἐρημώσω
2853 4453 2954 4522 ὅρη
2989 4451 3081 4504 καὶ
3109 4450 3346 4520 βουνους,
3380 4445 3473 4498 καὶ
3524 4442 3701 4496 πάντα
3736 4440 3936 4541 χόρτον

714 4557 896 4619 colles,
933 4565 987 4611 et
1010 4570 1170 4610 omne
1220 4554 1397 4608 fenum
1429 4571 1613 4609 eorum
1645 4557 1948 4608 exsit-cabo.
1980 4556 2040 4607 Et
2065 4569 2257 4622 ponam

714 4645 927 4701 ﬂumina
962 4645 1014 4699 in
1054 4644 1253 4698 insulas
1279 4683 1295 4709 ,
1341 4654 1394 4697 et
1428 4657 1615 4714 stagna
1653 4643 1979 4706 art-faciam;
2015 4662 2032 4694 ι
2079 4642 2264 4694 videli-

715 4747 801 4792 cet
831 4738 1149 4801 doctrinam,
1178 4751 1295 4804 quae
1325 4735 1427 4790 illis
1462 4736 1586 4789 olim
1615 4735 1896 4789 fluviorum
1927 4734 2099 4786 instar
2139 4747 2264 4800 sup-

715 4831 1071 4902 peditabatur.

787 4916 947 4975 Vsus.
986 4918 1071 4973 16.
1118 4937 1136 4968 s
1172 4918 1236 4971 Et
1264 4919 1454 4973 ducam
1490 4934 1660 4973 czecos
1694 4919 1745 4971 in
1784 4918 1865 4970 via
1889 4957 1903 4980 ,
1946 4933 2105 4986 quam
2152 4931 2256 4970 non

717 5020 994 5068 noverunt.
1027 5019 1074 5064 et
1115 5011 1165 5061 in
1193 5010 1419 5072 semitis,
1446 5025 1577 5075 quas
1607 5009 1952 5079 ignorabant,
1982 5005 2258 5059 ambulare

716 5119 809 5160 eos
852 5103 1063 5158 faciam.
1117 5103 1351 5155 Reddam
1409 5102 1514 5156 illis
1561 5105 1809 5155 tenebras
1861 5103 1912 5154 in
1971 5101 2176 5158 lucem.
2210 5107 2265 5153 et

719 5205 955 5246 tortuosa
985 5197 1034 5245 itt
1069 5206 1288 5249 reCIam.
1321 5192 1444 5247 ΙΙωο
1477 5196 1632 5247 verba
1665 5192 1874 5255 faciam,
1909 5201 1958 5245 et
1988 5207 2092 5244 non
2116 5193 2266 5241 dere-

720 5284 952 5352 linquant
992 5299 1102 5338 eos.
1147 5305 1163 5334 ι
1198 5283 1424 5349 Quinam
1459 5284 1511 5337 hi
1553 5296 1734 5338 essent
1775 5285 2020 5351 superius
2062 5281 2267 5342 docuit,

719 5378 782 5430 de
809 5391 1028 5445 persona
1064 5377 1257 5430 (λιιι-ἱδιὶ
1287 5378 1487 5438 dicens,
1523 5395 1540 5427 t
1576 5376 1698 5428 [)t‘tii
1731 5388 1781 5428 te
1807 5376 1856 5428 iu
1885 5382 2258 5428 testamentum

720 5469 962 5533 generis,
1002 5468 1054 5519 in
1093 5471 1261 5519 lucem
1310 5478 1548 5534 gentium
1572 5506 1586 5529 ,
1625 5477 1680 5519 ut
1711 5468 1920 5533 aperias
1949 5465 2132 5519 oculo<
2160 5479 2262 5516 cte-

720 5572 924 5608 cornm.
961 5573 980 5607 ι
1026 5555 1131 5607 llos
1160 5557 1338 5623 itaque
1381 5557 1520 5624 ipsos
1547 5555 1669 5607 olint
1699 5568 1867 5608 (tecos
1895 5555 1948 5607 in
1989 5554 2257 5624 gentibus,

721 5663 822 5731 ιιι-τι
859 5661 963 5698 nott
991 5654 1250 5699 noverant
1287 5647 1368 5700 via
1418 5646 1691 5700 aminlarc
1722 5661 1778 5701 se
1812 5646 2074 5701 facturum
2109 5643 2261 5715 polli-

696 5749 698 5756 ί
791 5759 833 5789 ῖδ
867 5758 880 5811 ι
913 5757 1037 5811 Cor.
1076 5774 1129 5813 τ.
1168 5757 1217 5811 4,

2366 4549 2540 4603 αὐτῶν
2579 4545 2815 4618 ξηρινῶ.
2864 4544 2975 4596 Καὶ
3007 4541 3157 4612 θήσω
3190 4539 3463 4607 ποταμοὺς
3487 4537 3565 4598 εἰς
3597 4535 3809 4604 νήσους,
3833 4531 3938 4586 καὶ

2363 4644 2454 4714 ἕλη
2487 4640 2731 4711 ξηρανῶ·
2781 4656 2799 4688 ι
2826 4633 2924 4696 τὰς
2957 4632 3122 4687 πάλαι
3171 4629 3428 4699 ποταμῶν
3465 4626 3618 4696 δίκην
3659 4638 3934 4694 χορηγου-

2367 4732 2529 4803 μένας
2557 4730 2738 4790 αύτοίς
2765 4723 3134 4785 διδασκαλίας.

2433 4929 2450 4961 ι
2489 4909 2596 4963 Καὶ
2647 4907 2759 4972 ἄξω
2787 4902 3017 4972 τυφλοὺς
3046 4903 3102 4954 ἐν
3150 4900 3252 4970 ὁδῷ
3385 4898 3486 4951 οὐκ
3535 4895 3796 4964 ἔγνωσαν,
3830 4894 3928 4948 καὶ

2359 5001 2574 5073 τρίϐους
2624 4999 2689 5060 ἃς
2742 4996 2843 5047 οὐκ
2887 4994 3124 5064 ᾔδεισαν,
3158 4991 3399 5059 πατῆσαι
3453 4989 3663 5058 ποιήσω
3707 4985 3932 5047 αὐτούς.

2364 5095 2579 5162 Ποιήσω
2612 5091 2797 5150 αὐτοῖς
2823 5087 2883 5138 τὸ
2929 5086 3116 5146 σκότος
3143 5085 3220 5145 εἰς
3249 5081 3384 5150 φῶς,
3412 5080 3506 5133 καὶ
3542 5079 3608 5132 τὰ
3632 5076 3818 5131 σκολιὰ
3845 5079 3934 5140 εἰς

2366 5183 2594 5235 εὐθεῖαν.
2619 5179 2805 5232 Ταῦτα
2828 5177 2894 5228 τά
2936 5176 3154 5246 ῥήματα
3187 5173 3415 5242 ποιήσω,
3450 5170 3543 5223 καὶ
3563 5170 3662 5220 οὐκ
3695 5169 3936 5233 ἐγκατα-

2367 5275 2535 5342 λείψω
2567 5269 2779 5330 αὐτούς.
2825 5287 2842 5318 ι
2874 5266 3026 5328 Τίνες
3048 5265 3104 5318 δὲ
3134 5260 3271 5335 ἦσαν
3306 5256 3450 5314 οὗτοι
3478 5259 3680 5322 ἐδίδαξε
3703 5256 3791 5309 διὰ
3817 5257 3936 5309 τῶν

2366 5364 2689 5436 ἔμπροσθεν,
2719 5359 2883 5412 εἰπὼν
2916 5360 2993 5420 εἰς
3026 5356 3314 5426 πρόσωπον
3334 5352 3426 5406 τοῦ
3458 5350 3690 5424 Χριστοῦ
3715 5367 3727 5380 ·
3771 5369 3789 5402 ι
3827 5349 3934 5402 Ἔ-

2364 5455 2512 5509 δωκά
2540 5471 2599 5506 σε
2634 5454 2712 5514 εἰς
2739 5450 2998 5522 διαθήκην
3034 5449 3242 5517 γένους,
3288 5447 3366 5507 είς
3411 5444 3524 5512 φῶς
3566 5441 3752 5506 ἐθνῶν,
3781 5442 3935 5494 ἀνοῖ-

2368 5546 2454 5610 ξαι
2498 5543 2805 5615 ὀφθαλμοὺς
2854 5541 3086 5611 τυφλῶν.
3126 5559 3144 5592 ι
3211 5536 3445 5599 Τούτους
3488 5535 3550 5606 δὴ
3588 5529 3682 5588 οῦν
3734 5533 3934 5596 αὐτοὺς

2367 5640 2492 5700 τοὺς
2524 5635 2691 5691 πάλαι
2720 5632 2946 5703 τυφλοὺς
2979 5634 3036 5688 ἐν
3065 5633 3175 5695 τοῖς
3207 5628 3436 5693 ἔθνεσιν,
3460 5626 3526 5680 ἣν
3559 5624 3633 5698 μὴ
3665 5622 3936 5692 ἐπεγίνωο
