4128 6294
188 352 289 415 335
1108 350 1613 412 SOMMENTARIA
1652 348 1721 404 IN
1761 347 2023 403 ISAIAM.
2064 376 2133 388 —-
2171 347 2323 405 CAP.
2364 346 2525 405 XLII.
3354 343 3461 399 σοι

198 490 317 529 σκον
339 470 455 525 ὁδὸν
486 469 707 541 βαδίσαι
739 467 984 540 ποιήσειν
1024 465 1439 535 ἐπαγγέλλεται.
1472 463 1641 517 Πόθεν
1666 462 1775 533 γάρ

1897 468 2052 515 :etur.
2081 460 2201 528 Quo
2227 470 2384 531 pacto
2418 460 2562 517 enim
2610 473 2730 514 eam
2778 460 3076 515 secundum
3115 459 3280 515 Deum
3317 460 3462 517 viam

195 568 321 639 ἡμῖν
354 562 645 633 γινώσκειν
670 560 850 631 παρῆν
878 560 975 628 τὴν
994 558 1137 612 κατὰ
1168 557 1301 611 Θεὸν
1327 556 1469 619 ὁδὸν,
1508 556 1541 625 ή
1567 555 1654 607 διὰ
1678 554 1775 624 τῆς

1897 565 2039 606 ιοεοε
2064 560 2397 620 poteramus,
2445 552 2547 609 nisi
2598 566 2696 623 per
2724 552 2963 609 divinam
3018 553 3137 622 ejus
3186 554 3463 623 gratiam?

198 660 345 722 θέίας
373 655 534 710 αὐτοῦ
564 656 818 725 χάριτος;
849 671 867 702 ι
905 653 1125 723 Ποιήσω
1167 652 1346 713 αὐτοῖς
1377 650 1440 702 τὸ
1476 649 1665 711 σκότος
1700 649 1778 710 είς

199 748 313 818 φῶς
337 766 351 781 -
384 768 402 799 ι
442 747 539 809 τὰς
586 742 932 816 προφητικὰς
983 742 1183 813 δηλαδὴ
1228 740 1455 813 Γραφὰς
1505 740 1601 793 καὶ
1654 738 1780 799 τοὺς

203 841 351 911 βίους
393 839 517 899 τοὺς
547 835 653 889 ὑπὸ
684 834 784 904 τῆς
814 833 962 896 θείας
1014 831 1363 894 διδασκαλίας
1413 825 1781 897 ὑποϐαλλομέ-

201 950 325 996 vos;
358 926 683 1000 συνήσεσθαι
730 927 878 996 ἡμᾶς
936 942 1088 995 φησι.
1127 923 1239 995 Τὴν
1274 923 1384 994 γὰρ
1412 922 1633 990 ἄγνοιαν
1685 918 1780 972 τοῦ

199 1022 335 1077 Θεοῦ
358 1018 456 1089 τὴν
487 1017 655 1071 πάλαι
685 1018 807 1080 ταῖς
826 1015 1024 1085 ψυχαῖς
1056 1016 1088 1084 ή
1098 1013 1218 1085 μῶν
1248 1012 1682 1077 ἐπιπολάζουσαν
1702 1010 1783 1073 είς

200 1110 315 1179 φῶς
348 1106 603 1177 γνώσεως
650 1104 1070 1177 μεταϐαλεῖσθαι
1089 1121 1102 1134 ’
1139 1104 1235 1158 καὶ
1275 1103 1344 1157 τὰ
1373 1102 1542 1156 πάλαι
1571 1102 1628 1155 δὲ
1655 1118 1781 1155 σκο-

199 1200 291 1255 λιὰ
318 1203 450 1272 ήμῖν
486 1200 581 1253 καὶ
618 1197 805 1267 ἀσαφῆ
832 1195 1186 1267 νομιζόμενα,
1235 1194 1332 1249 καὶ
1381 1193 1556 1247 ταῦτα
1604 1192 1784 1263 ὁμαλὰ

202 1292 452 1362 ποιήσειν
487 1288 905 1358 ἐπαγγέλλεται.
941 1286 1080 1351 Τοὺς
1110 1290 1172 1340 ὲκ
1200 1286 1504 1359 περιτομῆς
1553 1285 1785 1339 αἰνιττό-

204 1395 386 1451 μενος,
420 1378 584 1449 φησίν
598 1394 611 1407 ·

276 1489 296 1522 ι
329 1471 497 1523 Αὐτοὶ
550 1469 607 1522 δὲ
659 1468 1091 1539 ἀπεστράφησαν
1148 1470 1229 1532 είς
1276 1467 1343 1521 τὰ
1381 1467 1578 1522 ὀπίσω.
1625 1486 1644 1519 ι
1672 1463 1785 1523 Εἶθ’

200 1561 392 1634 ὥσπερ
413 1559 720 1622 ἐπιδεικνὺς
745 1558 928 1621 αὐτοῖς
967 1558 1067 1629 τήν
1110 1557 1221 1610 τῶν
1249 1556 1417 1623 ὲθγῶν
1461 1554 1785 1629 μεταϐολήν,

202 1654 299 1707 καὶ
321 1652 379 1719 ἐξ
402 1652 523 1715 οἵας
552 1650 761 1722 πλάνης
794 1648 1235 1720 μεταϐεϐήκασιν
1263 1651 1344 1712 είς
1390 1648 1507 1718 φῶς
1543 1649 1789 1713 ἐλθόντες

202 1742 312 1796 ἀπὸ
346 1739 443 1794 τοῦ
483 1740 728 1807 σκότους,
787 1737 1153 1803 όνειδιστικῶς
1184 1739 1319 1810 πρὸς
1359 1739 1601 1801 ἐκείνους
1638 1739 1791 1793 εἰδω-

1886 658 1904 693 ι
1941 641 2158 697 Faciam
2183 644 2316 713 ipsis
2364 646 2618 701 tenebras
2677 646 2730 698 in
2786 644 2958 699 lucem
2992 663 3004 698 :
3041 665 3060 696 ι
3118 646 3467 715 propheticas

1885 731 2133 787 videlicet
2162 733 2497 803 Scripturas,
2535 745 2589 789 et
2620 736 2784 788 vitam
2817 735 2986 799 illam,
3011 751 3115 805 qua
3154 738 3334 793 divina
3367 737 3469 794 do-

1883 822 2060 876 ctrina
2090 825 2420 894 suggeritur,
2459 841 2559 881 nos
2589 825 2965 881 intellecturos
2994 841 3117 882 esse
3165 830 3241 881 ait
3304 826 3465 899 igno-

1887 914 2115 968 rantiam
2140 916 2285 971 enim
2319 915 2414 971 Dei
2456 932 2577 987 qua:
2603 916 2735 971 olim
2770 916 2981 973 animas
3026 917 3320 989 obtegebat
3367 933 3471 974 no-

1885 1016 2060 1071 stras,
2111 1008 2165 1061 in
2208 1008 2536 1078 cognitionis
2581 1008 2757 1064 lucem
2797 1010 3081 1065 mutandas
3121 1011 3198 1064 ait
3289 1019 3347 1065 et
3378 1026 3469 1079 ea,

1886 1112 2007 1166 qua:
2032 1097 2162 1153 olim
2194 1114 2227 1159 a
2254 1098 2409 1155 nobis
2438 1110 2679 1155 tortuosa
2702 1110 2755 1155 et
2784 1100 3016 1155 obscura
3048 1115 3169 1156 esse
3196 1101 3468 1171 putaban—

1887 1199 2012 1253 tur.
2065 1203 2125 1244 se
2171 1190 2330 1259 plana
2364 1190 2639 1246 facturum
2692 1190 2981 1262 promittit.
3027 1191 3133 1245 Eos
3164 1202 3342 1247 autem
3376 1193 3471 1264 qui

1884 1298 1950 1338 ex
1985 1283 2409 1339 circumcisione
2436 1290 2564 1339 sunt
2602 1282 2977 1349 subindicans,
3012 1284 3089 1337 ait
3122 1300 3136 1335 :

1960 1461 2128 1517 Vens.
2165 1460 2252 1516 l7.
2282 1480 2299 1511 ι
2334 1458 2437 1530 Ipsi
2466 1468 2643 1514 autem
2675 1459 2927 1515 conversi
2951 1468 3077 1514 sunt
3100 1469 3419 1516 retrorsum.
3445 1480 3464 1512 ι

1889 1552 2093 1608 Deinde
2120 1553 2363 1622 gentium
2405 1551 2793 1619 mutationem,
2831 1561 2889 1607 et
2918 1551 3138 1621 quando
3176 1567 3242 1608 ex
3280 1567 3471 1608 errore

1903 1645 2008 1700 illa:
2038 1646 2273 1699 reducta:
2307 1644 2440 1708 sint,
2471 1659 2537 1698 ex
2575 1642 2813 1699 tenebris
2851 1644 2905 1698 in
2946 1643 3120 1699 lucem
3168 1644 3475 1707 venientes.

1890 1736 2025 1807 ipsis
2040 1736 2240 1807 aperit,
2268 1751 2333 1791 ac
2355 1750 2545 1791 eorum
2576 1733 2936 1790 idololatriam
2965 1736 3322 1807 vituperando
3344 1737 3477 1792 sub-

202 1832 601 1905 λολατροῦντας
622 1830 863 1901 ἐπιλέγει
886 1848 901 1861 ·
945 1849 964 1883 ι
989 1830 1326 1902 Δίσχύνθητε
1349 1870 1365 1894 ,
1392 1832 1443 1884 οἰ
1473 1830 1793 1895 πεποιθότες

1897 1829 2110 1899 iungit:
2177 1846 2195 1880 ι
2232 1826 2633 1883 Confundimini
2664 1828 2757 1899 qui
2794 1829 3067 1884 conﬁditis
3112 1829 3167 1882 in
3216 1828 3480 1899 sculptili-

203 1924 298 1979 ιπὶ
328 1926 444 1988 τοῖς
470 1924 748 1993 γλυπτοῖς,
774 1924 823 1976 oi
856 1922 1101 1992 λέγοντες
1130 1926 1242 1988 τοῖς
1264 1926 1549 1995 χωνευτοῖς
1569 1941 1581 1953 ·
1601 1924 1790 1995 Ὑμεῖς

204 2015 329 2067 ἐστι
371 2012 487 2067 θεοὶ
546 2012 721 2084 ήμῶν.
771 2031 791 2066 ι
828 2012 939 2066 Kal
991 2013 1079 2067 ἵνα
1124 2013 1197 2084 μή
1243 2030 1327 2076 τις
1354 2013 1526 2067 ταῦτα
1552 2013 1791 2084 νομίσειε

202 2104 333 2174 περὶ
363 2103 475 2158 τῶν
518 2102 688 2156 ἐθνῶν
737 2102 1010 2172 λέγεσθαι,
1042 2102 1150 2156 τῶν
1209 2102 1377 2157 πάλαι
1421 2103 1641 2173 τυφλῶν
1696 2105 1792 2158 καὶ

203 2193 441 2263 κωφῶν,
490 2193 806 2263 ἀναγκαίως
852 2194 1111 2265 διασαφεῖ
1162 2197 1256 2249 καὶ
1294 2194 1647 2268 διερμηνεύει
1695 2194 1794 2266 τὴν

202 2287 442 2341 διάνοιαν
489 2286 823 2357 ὲξεπιλέγων
854 2304 867 2318 ’

258 2368 298 2431 ἰ
333 2381 447 2435 Kal
490 2380 572 2445 τίς
597 2381 819 2451 τυφλὸς,
848 2382 964 2436 ἀλλ’
990 2383 1041 2436 οί
1066 2382 1255 2446 παῖδές
1287 2398 1421 2453 μους
1464 2382 1561 2436 καὶ
1596 2382 1789 2453 κωφοὶ,

204 2471 318 2525 ἀλλ’
345 2475 395 2526 οί
424 2473 769 2545 κυριεύοντες
801 2472 1016 2539 αὺτῶνς
1059 2473 1170 2526 Καὶ
1191 2472 1579 2544 ἐτυφλώθησαν
1602 2475 1651 2526 οί
1682 2471 1795 2527 δοῦ-

196 2564 285 2621 λα
318 2564 418 2618 τοῦ
441 2564 599 2620 Θεοῦ.
627 2566 812 2621 Εῖδετε
830 2566 1138 2631 πλεονάκις,
1165 2568 1260 2620 καὶ
1287 2566 1387 2619 οὐκ
1413 2564 1753 2635 ὲφυλάξασθε
1774 2583 1788 2597 ·

205 2656 506 2727 ἡνοιγμένα
532 2656 602 2710 τὰ
636 2650 770 2720 ὦτα,
794 2658 889 2711 καὶ
920 2658 1019 2710 οὐκ
1048 2656 1341 2727 ἠκούσατε.
1371 2656 1577 2729 Κύριος
1600 2658 1629 2711 6
1660 2656 1794 2722 Θεὸς

209 2746 569 2802 ἐϐουλεύσατο
614 2749 701 2803 (va
734 2748 1017 2820 δικαιωθῇ,
1052 2749 1148 2803 καὶ
1185 2748 1466 2822 μεγαλύνῃ
1499 2747 1726 2802 αίνεσιν.
1766 2768 1786 2801 ι

217 2840 403 2913 Ὁρᾷς,
435 2841 517 2895 ὅτι
548 2840 719 2895 ταῦτα
769 2842 945 2896 πάντα
977 2842 1106 2913 περὶ
1143 2837 1240 2894 τοῦ
1281 2840 1411 2894 λαοῦ
1451 2840 1667 2914 εἴρηται
1694 2839 1791 2896 τοῦ

210 2931 273 2985 lx
298 2931 624 3004 περιτομῆς.
644 2951 663 2985 ι
705 2931 838 2987 Ἀλλ’
869 2936 899 2987 6
927 2935 1025 3005 μὲν
1062 2933 1266 3006 Κύριος
1306 2932 1662 2987 ἐϐουλεύσατο
1706 2934 1794 2987 ἵνα

210 3021 477 3095 δικαιώσῃ
503 3022 686 3087 αὑτὸν,
732 3023 819 3078 ῖνα
889 3022 1168 3097 μεγαλύνῃ
1200 3022 1434 3077 αῖνεσιν·
1476 3025 1527 3077 οἱ
1569 3024 1627 3077 δὲ
1676 3023 1794 3078 εδο-

212 3113 487 3186 ξάσθησαν
507 3118 619 3179 τοῖς
643 3115 743 3180 τὰς
765 3116 945 3188 ψυχὰς
982 3115 1165 3171 αὐτῶν
1194 3108 1539 3188 πολεμῶσιν.

286 3320 305 3350 ι
347 3300 464 3354 Kal
492 3295 653 3364 εἶδον,
686 3301 782 3355 καὶ
810 3300 1027 3369 ἐγένετο
1056 3303 1085 3355 6
1126 3300 1254 3365 λαὸς
1301 3303 1795 3374 προνενομευμένος

211 3391 308 3445 καὶ
363 3391 873 3464 διηρπατμένος·ή
917 3392 1025 3463 γὰρ
1063 3394 1232 3461 παγίς
1279 3396 1337 3448 ὲν
1390 3396 1504 3458 τοῖς
1549 3394 1797 3464 ταμείοις

214 3474 516 3552 πανταχοῦ,
546 3483 641 3535 καὶ
668 3482 727 3534 ὲν
750 3481 921 3546 οῖκοις
946 3483 1085 3554 ἅμα.
1111 3483 1254 3537 ὅπου
1304 3483 1547 3557 ἔκρυψαν
1576 3482 1794 3547 αὐτούς.

224 3570 504 3638 Ἐγένοντο
556 3574 636 3636 εἰς
686 3575 981 3647 προνομὴν,
1028 3578 1120 3630 καὶ
1165 3578 1265 3630 οὐκ
1304 3572 1374 3649 ἦν
1411 3577 1799 3650 ἐξαιρούμενος

214 3662 509 3735 ἅρπαγμα,
544 3667 638 3719 καὶ
668 3666 770 3720 οὐκ
796 3662 865 3737 ἦν
904 3668 933 3720 6
978 3669 1173 3737 λέγων,
1213 3669 1455 3734 Ἀπόδος.
1509 3689 1529 3721 ι
1572 3671 1660 3724 Ἐν
1689 3669 1799 3742 γὰρ

213 3756 399 3820 αὐτοῖς
428 3761 541 3822 τοῖς
594 3758 892 3833 λογισμοῖς,
929 3760 1024 3826 οὒς
1054 3761 1345 3833 ἔκρυπτον,
1381 3764 1452 3816 τὰ
1499 3763 1640 3817 κατὰ
1666 3764 1801 3834 Χρι-

214 3846 339 3901 στοῦ
371 3847 768 3921 βουλευόμενοι,
796 3853 855 3905 ἐν
902 3853 1087 3918 αὐτοῖς
1127 3854 1357 3918 ἐκείνοις
1392 3856 1427 3926 ἠ
1467 3855 1589 3909 κατ’
1619 3854 1800 3910 αὐτῶν

212 3937 402 4007 πσγὶς,
441 3939 536 3994 καὶ
557 3940 658 3994 οὐκ
684 3936 753 4012 ἦν
776 3942 807 3995 6
828 3942 1216 4016 ἐξαιρούμενος
1254 3946 1471 4011 αὐτοὺς,
1508 3946 1627 4000 οὐδὲ
1656 3948 1686 4000 6
1714 3946 1801 4000 λέ-

213 4042 346 4095 γων,
400 4029 644 4094 Ἀπόδος.

286 4137 307 4172 ι
346 4120 447 4185 Τίς
480 4124 538 4174 εν
568 4123 717 4194 ὑμῖν,
748 4124 809 4189 ὃς
860 4129 1163 4209 ἑνωτιεῖται
1200 4129 1409 4197 ταῦτα;
1440 4132 1799 4187 εἰσακούσατε
1833 4184 1842 4192 ,

214 4212 293 4277 εἰς
319 4212 393 4266 τὰ
427 4215 787 4287 ιτσερχόμενα.
819 4236 839 4270 ι
875 4219 940 4271 El
965 4220 1023 4273 δέ
1050 4237 1133 4284 τις
1154 4220 1438 4294 ζητήσειεν
1465 4223 1550 4288 τίς
1578 4227 1607 4278 6
1627 4224 1802 4279 ταῦτα

215 4304 455 4380 πράξας,
488 4308 640 4383 εὖροι
664 4310 708 4364 δ’
741 4312 827 4371 ἂν.
853 4314 936 4367 ὅτι
964 4314 1074 4368 οὐδ’
1107 4315 1265 4379 ἄλλος
1280 4316 1482 4371 ἔδωκεν
1500 4319 1700 4383 αὐτοὺς
1722 4321 1802 4383 είς

1895 1920 2017 1987 bus,
2046 1919 2137 1991 qui
2170 1918 2532 1975 oonﬂatilibus
2563 1918 2767 1984 dicitis,
2798 1920 2907 1976 Vos
2935 1918 3070 1975 estis
3109 1920 3186 1975 dii
3216 1921 3412 1976 nostri.
3453 1939 3474 1974 ι

1894 2010 1973 2067 Ne
2003 2027 2134 2069 vero
2165 2013 2288 2083 quis
2315 2020 2532 2082 putaret
2568 2012 2685 2067 hac
2726 2014 2794 2068 de
2823 2012 3077 2081 gentibus
3097 2052 3113 2078 ,
3148 2011 3278 2067 olim
3320 2013 3481 2067 czecis

1895 2116 1950 2162 et
2006 2105 2228 2169 surdis,
2264 2105 2410 2161 dicta
2470 2105 2673 2172 fuisse,
2726 2105 3032 2161 necessario
3060 2114 3298 2161 mentem
3324 2119 3479 2162 suam

1895 2198 2074 2267 aperit
2098 2204 2154 2251 et
2178 2196 2455 2266 explicat,
2484 2196 2600 2252 hac
2629 2196 2897 2266 adjiciens
2928 2214 2944 2251 :

1971 2392 2134 2447 Vsus.
2169 2390 2355 2448 18-21.
2404 2411 2421 2443 ι
2479 2392 2545 2448 Ει
2585 2394 2713 2464 quis
2744 2408 2923 2449 caecus
2950 2434 2966 2457 ,
3016 2394 3118 2449 nisi
3153 2395 3304 2463 pueri
3330 2393 3431 2450 mei
3460 2433 3475 2448 .

1897 2493 1952 2539 et
1982 2484 2103 2555 quis
2136 2487 2355 2550 surdus,
2382 2483 2485 2540 nisi
2520 2485 2614 2555 qui
2661 2485 3011 2541 dominantur
3054 2485 3175 2541 eis?
3199 2486 3266 2542 Et
3300 2486 3481 2542 obcaz-

1896 2576 2002 2629 cati
2028 2584 2155 2630 sunt
2184 2575 2329 2631 servi
2372 2574 2485 2631 Dei.
2520 2573 2740 2631 Vidistis
2766 2591 2929 2646 saepe,
2963 2586 3020 2631 et
3046 2590 3153 2631 non
3202 2577 3427 2632 cavistis
3458 2596 3475 2631 :

1896 2666 2097 2733 apertae
2126 2674 2253 2720 sunt
2284 2681 2469 2729 aures,
2496 2673 2553 2719 et
2602 2681 2709 2721 non
2756 2666 3008 2722 audistis.
3046 2666 3307 2722 Dominus
3332 2665 3477 2721 Deus

1896 2755 2225 2811 deliberavit
2278 2766 2335 2811 ut
2379 2756 2803 2827 jusdllcaretur,
2843 2767 2898 2813 et
2946 2757 3323 2829 magniﬁcaret
3363 2758 3484 2813 lau-

1896 2845 2041 2901 dem.
2076 2864 2097 2899 ι
2139 2846 2304 2903 Vides
2342 2847 2458 2901 haec
2489 2847 2671 2902 omnia
2714 2847 2781 2902 de
2823 2846 3023 2918 populo
3072 2861 3140 2903 ex
3191 2846 3484 2903 circumci-

1903 2938 2056 2994 sione
2080 2937 2226 2993 dicta
2256 2938 2445 2994 fuisse.
2498 2958 2517 2991 ι
2576 2937 2684 2994 Sed
2724 2938 2986 2994 Dominus
3038 2938 3392 3005 deliberavit,
3425 2948 3487 2995 ut

1892 3029 2223 3099 justifiearet
2273 3044 2431 3097 eum,
2483 3037 2541 3085 et
2595 3029 2975 3101 magniﬁcaret
3036 3029 3290 3096 laudem;
3336 3047 3358 3083 ›
3408 3030 3486 3085 ili

1898 3136 2030 3178 vero
2057 3121 2277 3194 gloriati
2312 3131 2443 3177 sunt
2470 3121 2525 3177 in
2556 3120 2647 3186 iis,
2678 3122 2772 3191 qui
2807 3122 3203 3194 impugnabant
3239 3122 3483 3177 animam

1898 3226 2079 3268 suam.

1969 3304 2137 3361 Vens.
2166 3302 2259 3358 22.
2295 3322 2314 3356 ι
2351 3303 2418 3359 Et
2448 3304 2724 3370 viderunt,
2754 3314 2812 3360 et
2858 3302 2963 3359 fuit
3016 3304 3248 3376 populus
3295 3315 3487 3360 vasta-

1902 3409 1987 3456 tus
2040 3408 2206 3471 atque
2259 3401 2503 3469 direptus
2551 3414 2565 3451 :
2612 3398 2843 3469 laqueus
2903 3399 3050 3454 enim
3109 3400 3162 3453 in
3212 3398 3487 3455 cubilibus

1900 3490 2120 3559 ubique,
2146 3499 2202 3545 et
2228 3490 2283 3545 in
2316 3490 2570 3545 domibus
2598 3489 2781 3557 simul,
2816 3488 2906 3544 ubi
2932 3489 3339 3545 absconderant
3365 3502 3484 3543 eos.

1899 3577 2052 3635 Facti
2083 3590 2212 3636 sunt
2237 3580 2293 3635 in
2321 3580 2705 3645 vastationem,
2743 3588 2799 3635 et
2836 3594 2947 3635 non
2981 3589 3102 3636 erat
3139 3579 3230 3649 qui
3268 3590 3488 3635 erueret

1900 3671 2148 3741 rapinam
2186 3682 2285 3726 :et
2325 3684 2433 3725 non
2472 3679 2590 3724 erat
2622 3673 2715 3739 qui
2769 3671 2998 3739 diceret,
3035 3671 3239 3726 Redde.
3295 3688 3317 3722 ι
3350 3669 3485 3725 Nam

1901 3762 2147 3819 occultas
2170 3762 2225 3817 in
2258 3762 2534 3819 mentibus
2582 3762 2696 3818 suis
2726 3762 2945 3818 Christo
2993 3762 3221 3818 insidias
3254 3762 3488 3817 molien-

1902 3862 2004 3921 tes,
2051 3853 2107 3909 in
2147 3853 2338 3910 iisdem
2388 3854 2521 3925 ipsis
2560 3853 2813 3925 laqueum
2845 3854 2948 3910 sibi
3000 3854 3348 3918 invenerunt,
3384 3868 3488 3907 nec

1901 3957 2022 4004 erat
2046 3944 2140 4018 qui
2165 3946 2404 4019 eriperet
2428 3961 2547 4017 eos,
2575 3962 2755 4019 neque
2783 3947 2877 4018 qui
2906 3946 3135 4014 diceret,
3174 3945 3383 4003 Redde.

1973 4132 2139 4188 Vsus.
2169 4133 2261 4188 25.
2310 4151 2331 4186 ι
2369 4131 2503 4200 Quis
2536 4141 2622 4186 est
2674 4134 2729 4187 in
2763 4128 2919 4187 vobis
2941 4171 2957 4196 ,
2998 4130 3089 4200 qui
3119 4132 3237 4186 haec
3262 4129 3449 4185 audiat
3471 4171 3486 4185 .

1903 4227 2208 4283 auscultate
2242 4227 2446 4284 futura.
2493 4248 2513 4283 ι
2564 4226 2623 4283 Si
2673 4226 2795 4297 quis
2847 4234 3029 4282 autem
3074 4234 3321 4296 quaerat,
3363 4225 3489 4294 quis

1903 4317 2018 4371 bzrc
2052 4316 2282 4383 fecerit,
2323 4317 2560 4374 inveniet
2590 4332 2698 4374 non
2745 4314 2912 4372 alium
2966 4314 3115 4386 ipsos
3161 4316 3215 4370 in
3247 4315 3486 4385 praedam

214 4399 523 4473 διαρπαγήν
572 4403 607 4474 ἢ
641 4404 806 4467 αὐτὸς
857 4397 903 4472 ᾧ
951 4406 1269 4477 ήμάρτοσαν
1323 4408 1493 4479 αὐτῷ,
1550 4410 1643 4463 καὶ
1702 4410 1794 4464 οὐκ

1905 4408 2138 4473 dedisse,
2179 4423 2342 4478 quam
2376 4423 2541 4474 eum.
2574 4409 2649 4464 ‘in
2685 4423 2851 4479 quem
2892 4416 3293 4480 peccaverant,
3332 4414 3390 4461 ct
3434 4406 3490 4461 in

217 4492 511 4562 ἠϐούλοντο
531 4495 589 4548 ὲν
611 4497 731 4559 ταῖς
762 4496 903 4560 ὁδοῖς
930 4497 1093 4551 αὑτοῦ
1128 4498 1475 4571 πορεύεσθαι.
1516 4501 1794 4572 Καλούμε-

1905 4500 2063 4567 cuius
2098 4500 2202 4556 viis
2229 4499 2511 4556 ambulare
2546 4507 2863 4557 renuerant.
2917 4498 3051 4554 Nam
3096 4499 3166 4554 ad
3210 4498 3489 4569 cvangeli-

220 4599 297 4636 νοι
320 4584 432 4656 γὰρ
459 4588 539 4649 είς
584 4585 683 4651 τὰς
726 4587 1088 4656 εὐαγγελικὰς
1119 4589 1292 4654 ὀδοὺς,
1338 4592 1437 4662 οὐχ
1488 4593 1794 4663 ὑπήκουον·

1908 4605 2006 4644 cas
2037 4591 2158 4645 vias
2184 4592 2419 4658 evocati,
2455 4606 2560 4646 non
2588 4585 3058 4661 obtemperarunt,
3108 4603 3285 4661 neque
3315 4588 3490 4661 legem

223 4676 337 4729 ἀλλ’
368 4676 487 4731 οὐδὲ
520 4678 737 4735 ἀκούειν
774 4680 963 4753 ήθελον
988 4682 1083 4735 τοῦ
1113 4684 1280 4754 νόμου
1305 4683 1403 4756 τῆς
1437 4686 1647 4757 Καινῆς
1676 4689 1794 4745 Δια-

1904 4683 2037 4739 Novi
2064 4683 2400 4741 Testamenti
2430 4685 2620 4742 audire
2656 4685 2965 4741 voluerunt.

225 4766 419 4839 θήκης-

295 4879 315 4912 ι
350 4860 451 4925 Τις
482 4860 683 4914 εδωκεν
715 4863 796 4926 είς
840 4864 1147 4937 διαρπαγὴν
1183 4864 1398 4929 Ἰακὼϐ,
1441 4866 1535 4919 καὶ
1584 4868 1794 4940 Ἰσραήλ

1977 4853 2143 4909 Vens.
2168 4852 2260 4909 26.
2298 4872 2317 4904 ι
2354 4852 2488 4920 Quis
2520 4852 2672 4908 dedit
2715 4853 2769 4907 in
2800 4851 3159 4921 direptionem
3195 4849 3366 4907 Iacob
3389 4890 3405 4914 ,
3433 4859 3493 4902 et

221 4952 331 5015 τοῖς
371 4950 800 5021 προνομεύουσιν
824 4954 1023 5020 ain-6v;
1062 4955 1198 5025 Οὐχὶ
1229 4958 1258 5009 6
1305 4955 1458 5021 Θεὸς,
1486 4948 1532 5025 ᾧ
1565 4960 1794 5031 ἡμάρτο-

1906 4944 2073 5001 lsrael
2119 4946 2464 5002 vastantibus
2509 4945 2679 5000 eum?
2729 4944 2925 4999 Annon
2952 4943 3095 4998 Deus
3117 4981 3134 5007 ,
3170 4944 3259 4997 cui
3291 4956 3489 5012 pecca-

224 5054 322 5095 σαν
348 5040 522 5113 αὐτῷ,
554 5041 647 5095 καὶ
669 5043 770 5097 οὐκ
794 5043 1077 5099 ἐϐούλοντο
1104 5047 1163 5099 ὲν
1191 5049 1310 5109 ταῖς
1338 5047 1477 5111 ὁδοῖς
1511 5050 1676 5104 αὑτοῦ
1706 5068 1794 5105 πο-

1911 5046 2128 5103 verunt,
2158 5047 2213 5091 et
2237 5036 2528 5092 noluerunt
2558 5036 2613 5091 in
2641 5037 2746 5091 viis
2782 5036 2903 5106 ejus
2947 5035 3230 5091 ambulare
3250 5075 3265 5099 ,
3320 5046 3497 5101 neque

226 5134 501 5202 ρεύεσθαι,
548 5136 669 5191 οὐδὲ
720 5137 941 5190 ἀκούειν
972 5138 1066 5192 τοῦ
1104 5139 1269 5211 νόμου
1325 5140 1522 5206 aia-:66;
1560 5161 1577 5193 ι
1627 5142 1794 5197 Πάλαι

1913 5131 2103 5184 audire
2133 5130 2305 5198 legem
2333 5129 2495 5199 ejus?
2527 5146 2546 5179 ι
2582 5127 2653 5181 At
2678 5130 2822 5184 enim
2856 5127 2985 5182 olim
3018 5127 3237 5197 quidem
3268 5140 3392 5179 cum
3427 5124 3498 5179 ad

228 5225 324 5294 μιν
348 5226 458 5298 γάρ
492 5226 629 5297 πρὸς
668 5228 856 5298 καιρόν
900 5245 1022 5281 τινα
1069 5230 1482 5303 πολεμούμενοι,
1518 5228 1674 5297 αὖθις
1712 5235 1805 5287 άν-

225 5314 531 5386 ελάμϐανον
557 5315 808 5380 ἑαυτούς·
856 5317 932 5382 ὡς
964 5316 1059 5369 καὶ
1092 5318 1189 5390 τὴν
1223 5320 1593 5393 Ἰερουσαλὴμ,
1625 5323 1807 5377 καὶτὸ

224 5407 283 5459 ιν
327 5406 466 5478 αὐτῇ
516 5406 785 5476 βασίλειον
826 5406 1005 5461 αὐτῶν
1036 5413 1386 5466 συνεστάναι·
1445 5412 1538 5466 νῦν
1574 5413 1632 5466 δὲ
1679 5431 1806 5467 κατ-

230 5494 445 5568 ίσχυσεν
480 5498 664 5552 αὐτῶν
692 5502 721 5553 6
755 5500 1009 5569 πόλεμος·
1040 5503 1138 5572 οὐχ
1162 5505 1190 5555 ὁ
1222 5502 1421 5568 ἔξωθεν
1465 5504 1643 5575 μόνος,
1672 5504 1808 5558 ἀλλὰ

230 5589 320 5642 καὶ
348 5591 377 5643 6
401 5588 515 5643 τῶν
538 5590 638 5653 τὰς
657 5591 833 5661 ψυχὰς
863 5592 1044 5645 αὐτῶν
1071 5593 1520 5667 πολιορκούντων.

301 5702 319 5735 ι
349 5684 458 5737 Καὶ
477 5684 763 5753 ἐπήγαγεν
805 5687 893 5739 ἐπ’
942 5687 1141 5750 αὐτοὺς
1173 5685 1341 5757 ὀργὴν
1390 5685 1562 5757 θυμοῦ
1617 5684 1803 5751 αὑτοῦ,

226 5776 315 5829 καὶ
347 5776 679 5846 κατίσχυσεν
700 5776 897 5838 αὐτοὺς
920 5776 1173 5845 πόλεμος,
1208 5778 1305 5832 καὶ
1329 5777 1377 5830 οἱ
1405 5775 1807 5846 συμφλέγοντες

546 5873 821 5935 Parum.
867 5873 983 5933 Gn.
1016 5872 1223 5937 XXIV

1915 5233 2127 5291 tempus
2176 5222 2395 5292 aliquod
2447 5222 2592 5277 bello
2642 5222 3068 5291 impeterentur,
3122 5220 3320 5273 iterum
3356 5218 3497 5271 resi—

1916 5316 2231 5385 piscebant;
2264 5316 2336 5369 ita
2370 5322 2428 5368 ut
2458 5311 2765 5368 Jerusalem
2795 5322 2851 5367 et
2897 5312 3048 5381 regia
3082 5310 3284 5365 ibidem
3317 5307 3497 5376 posita

1915 5408 2274 5470 consisteret;
2302 5425 2444 5464 nunc
2485 5419 2669 5465 autem
2722 5406 2862 5461 bello
2904 5402 3154 5475 oppressi
3190 5410 3349 5464 sunt,
3390 5414 3498 5453 non

1918 5501 2186 5555 exteriore
2246 5509 2496 5569 tantum,
2560 5504 2655 5556 sed
2709 5514 2775 5554 eo
2819 5498 2963 5569 quod
3008 5495 3079 5549 ab
3126 5491 3501 5548 obsidentibus

1918 5593 2131 5647 animas
2160 5607 2288 5647 suas
2314 5593 2674 5649 inferebatur.

1987 5682 2155 5739 Vens.
2188 5684 2279 5740 25.
2322 5703 2340 5736 ι
2394 5683 2461 5739 Ει
2513 5685 2728 5740 induxit
2770 5697 2932 5751 super
2980 5694 3074 5735 eos
3128 5678 3262 5733 iram
3298 5675 3499 5730 luroris

1917 5777 2023 5845 sui,
2057 5786 2111 5834 et
2143 5776 2375 5833 invaluit
2408 5778 2459 5835 in
2494 5793 2587 5835 eos
2619 5779 2820 5842 bellum
2848 5817 2864 5847 ,
2896 5782 2949 5831 et
2984 5773 3075 5845 ιιιί
3105 5768 3501 5828 cmuburebanl
