4128 6294
665 320 771 379 395

1325 312 1587 368 EUSEBII
1627 309 2098 367 CESAIIIENSIS
2134 307 2283 365 OPP.
2327 308 2507 364 PARS
2547 308 2634 364 III.
2675 339 2744 350 --
2781 307 3185 364 EXEGETICA.

3781 312 3894 370 396

667 451 761 489 eos
814 434 865 486 in
917 432 1142 486 circuitu
1177 449 1190 486 :
1224 447 1398 498 neque
1440 441 1803 500 cognoverunt
1849 431 2195 499 uunsquisqm

2322 431 2515 491 αὐτοὺς
2569 430 2780 499 κύκλῳ·
2819 429 2912 483 καὶ
2960 430 3059 481 οὐκ
3116 429 3356 497 ἔγνωσαν
3407 428 3634 490 ἕκαστος
3681 429 3890 491 αὐτῶν,

663 540 870 587 eorum,
903 538 1075 592 neque
1104 524 1339 576 animum
1376 522 1752 575 adhibuerunt.
1791 541 1808 572 ι
1833 520 1944 574 Etsi
1973 523 2115 575 enim
2157 523 2213 583 ii,

661 616 752 682 qui
793 615 930 681 apud
978 629 1070 668 vos
1111 613 1384 675 inﬁdeles,
1413 613 1538 666 caeci
1587 623 1642 667 et
1668 612 1813 665 surdi
1859 612 2033 666 elIecti
2069 625 2212 676 sunt,

659 717 712 758 et
745 705 872 758 talia
916 715 1316 772 perpetrarnnt.
1356 704 1448 756 irae
1494 703 1586 756 Dei
1632 705 1811 756 traditi
1847 705 1989 767 sint;
2033 714 2087 757 at
2123 720 2215 756 vas

660 795 740 847 vel
773 812 914 850 nunc
944 798 1151 848 tandem
1186 795 1398 858 audite;
1441 808 1534 848 vos
1562 796 1701 858 dico,
1743 793 1831 863 qui
1880 796 2212 847 conditorem

657 893 712 936 et
735 895 1031 938 creatorem
1058 895 1290 937 vestrum
1326 899 1428 936 non
1461 885 1750 953 ignorastis
1771 923 1784 944 ,
1817 885 1909 937 sed
1962 886 2054 953 qui
2094 888 2212 954 Opi-

660 974 839 1029 licium
866 977 918 1030 in
956 976 1108 1029 vobis
1137 977 1404 1028 exsistens
1424 1015 1438 1038 ,
1470 975 1675 1028 salvum
1705 986 1760 1029 et
1793 976 2059 1030 incolume
2092 992 2212 1030 ser-

657 1068 844 1121 vastis.

1187 1156 1412 1214 CAPUT
1486 1155 1664 1212 XLIII.

729 1247 887 1302 Vatis.
943 1247 993 1310 Ι,
1042 1255 1095 1300 ιι.
1143 1265 1162 1295 ι
1192 1247 1254 1299 Et
1298 1262 1438 1299 nunc
1474 1247 1552 1300 sic
1575 1248 1703 1300 dicit
1736 1246 1996 1301 Dominus
2029 1259 2169 1302 ueus
2191 1289 2207 1313 ,

651 1340 740 1408 qui
770 1337 898 1392 fecit
938 1349 1006 1400 te,
1041 1338 1229 1398 Jacob.
1261 1347 1316 1392 et
1339 1340 1429 1406 qui
1466 1339 1719 1392 formavit
1763 1349 1837 1402 te,
1873 1337 2032 1393 Israel
2082 1357 2096 1392 :
2135 1338 2211 1394 Ne

653 1434 872 1496 timeas,
900 1434 1154 1500 quoniam
1182 1431 1381 1484 redemi
1412 1441 1463 1483 te
1495 1446 1510 1484 :
1541 1432 1727 1485 vocavi
1763 1440 1815 1484 te
1845 1432 2063 1484 nomine
2092 1441 2204 1495 tuo,

650 1523 797 1578 Meus
821 1539 880 1577 es
928 1533 1002 1576 tu.
1036 1542 1055 1572 υ
1087 1521 1194 1588 Ego
1232 1519 1490 1574 Dominus
1527 1521 1696 1586 Deus,
1730 1520 1819 1589 qui
1860 1520 1960 1574 loci
2005 1530 2058 1574 et
2099 1519 2209 1574 for-

647 1616 785 1665 mavi
818 1622 909 1674 te;
953 1610 1053 1664 feci
1087 1611 1304 1678 quidem
1333 1611 1628 1664 secundum
1666 1611 1901 1663 animam
1954 1609 2020 1663 ad
2073 1609 2208 1662 ima-

646 1706 822 1773 ginem
858 1703 945 1757 Dei
977 1703 1171 1756 l'actam
1202 1719 1216 1766 ;
1257 1700 1481 1755 formavi
1528 1711 1707 1755 autem
1754 1701 2045 1756 secundum
2079 1715 2202 1754 eor-

2316 519 2432 571 οὑδὲ
2464 519 2645 573 ἔθεντο
2673 522 2763 573 ἐπὶ
2790 521 2982 592 ψυχήν.
3021 539 3039 570 ι
3063 521 3249 592 Εἰγάρ
3269 521 3363 574 καὶ
3392 519 3461 573 τὰ
3490 521 3720 590 μάλιστα
3741 523 3789 574 οἱ
3820 524 3894 589 ὲξ

2320 609 2471 678 ὑμῶν
2517 610 2758 673 ἄπιστοι,
2828 612 3016 680 τυψλοὶ
3067 612 3158 664 καὶ
3205 612 3376 680 κωφοὶ
3436 611 3732 681 γενόμενοι,
3785 613 3895 666 καὶ

2317 701 2542 753 τοιαῦτα
2571 701 2898 771 πράξαντες,
2934 706 2998 773 τῇ
3025 704 3159 773 ὀργῇ
3187 701 3282 754 τοῦ
3311 702 3445 755 Θεοῦ
3471 702 3846 774 παρεδόθησαν
3866 719 3886 735 ο

2316 793 2428 843 ἀλλ’
2453 793 2610 863 ὑμεῖς
2633 794 2711 845 ἔτι
2742 795 2833 846 καὶ
2871 793 2965 846 νῦν
2986 792 3252 846 ἀκούσατε
3275 809 3289 822 ’
3321 793 3464 863 ὑμᾶς
3494 792 3551 846 δὲ
3577 793 3716 861 λέγω
3750 794 3890 856 τοὺς

2315 886 2404 936 τὸν
2444 885 2651 938 ἑαυτῶν
2697 885 2924 957 ποιητὴν
2979 885 3070 939 καὶ
3102 885 3345 954 πλάστην
3372 885 3447 955 μὴ
3486 884 3886 954 ἀγνοήσαντες,

2315 978 2447 1031 ἀλλὰ
2481 977 2573 1029 καὶ
2605 978 2664 1028 τὸ
2695 979 2903 1047 ποίημα
2929 976 2989 1029 τὸ
3039 978 3096 1029 ἐν
3121 975 3246 1045 ὑμῖν
3276 975 3368 1026 καὶ
3395 975 3456 1026 τὸ
3485 974 3706 1045 πλάσμα
3735 973 3887 1026 σῶον

2317 1070 2407 1122 καὶ
2435 1067 2711 1121 άλὼϐτπτον
2756 1068 3208 1138 διατηρήσαντας.

2818 1156 3208 1211 ΚΕΦΑΛΑΙΟΝ
3239 1155 3368 1210 ΜΡ.

2387 1273 2404 1302 ι
2439 1252 2546 1305 Καὶ
2569 1251 2662 1304 νῦν
2690 1250 2860 1312 οὕτως
2886 1250 3032 1317 λέγει
3061 1248 3261 1319 Κύριος
3285 1248 3313 1299 ὁ
3335 1245 3466 1309 Θεὸς
3485 1247 3515 1298 ὁ
3543 1247 3768 1316 ποιήσας
3788 1263 3882 1307 σε,

2324 1344 2535 1410 Ἰακὼϐ,
2566 1345 2660 1397 καὶ
2685 1346 2713 1396 ὁ
2747 1343 2958 1405 πλάσας
2997 1358 3076 1403 σε,
3117 1339 3359 1410 Ἰσραήλο
3409 1339 3499 1408 Μή
3553 1337 3738 1406 φοὸοῦ,
3787 1338 3881 1390 ὃτι

2310 1435 2700 1506 ὲλυτρωσάμην
2721 1450 2779 1485 σε
2799 1450 2812 1464 ο
2850 1432 3086 1485 ἐκάλεςιὰ⁵
3117 1448 3176 1483 σε
3203 1430 3263 1482 τὸ
3284 1429 3454 1499 ὄνομά
3486 1445 3610 1481 σου·
3656 1428 3786 1497 ἐμὸς
3820 1424 3885 1479 εἴ

2313 1527 2398 1579 σύ.
2439 1545 2457 1578 ι
2502 1525 2642 1595 Ἐγὼ
2662 1525 2864 1596 Κύριος
2904 1526 2934 1576 ὁ
2961 1523 3092 1585 Θεὸς
3115 1524 3144 1574 ὁ
3177 1523 3406 1591 ποιήσας
3439 1538 3495 1573 σε
3535 1522 3628 1573 καὶ
3662 1521 3884 1585 πλάσας

2311 1636 2370 1671 σε
2395 1636 2408 1648 ·
2446 1621 2677 1688 ποιήσας
2721 1617 2818 1687 μὲν
2859 1616 3000 1669 κατά
3028 1614 3204 1684 ψυχήν
3233 1613 3329 1683 τήν
3357 1613 3473 1666 κατ’
3508 1613 3685 1665 εἰκόνα
3733 1611 3880 1664 Θεοῦ

2312 1707 2682 1778 πεποιημένην
2702 1722 2716 1736 °
2755 1704 2965 1768 πλάσας
2995 1705 3051 1757 δὲ
3087 1703 3230 1756 κατὰ
3263 1702 3325 1754 τὸ
3359 1702 3514 1772 σῶμα
3541 1702 3600 1753 τὸ
3635 1699 3741 1754 άπδ
3764 1699 3882 1768 γῆς

644 1771 768 1867 pus,
807 1797 872 1850 de
908 1807 1054 1849 terra
1103 1802 1453 1864 sumptum,et
1480 1809 1508 1846 a
1542 1809 1625 1848 me
1651 1803 2038 1848 constructum.
2063 1794 2195 1847 San-

2305 1771 2624 1869 lquekv‘xat
2640 1771 2739 1849 in?
2783 1795 2917 1866 ἐμοῦ
2941 1793 3318 1864 πεπλασμένον
3339 1810 3350 1822 ·
3389 1771 3580 1864 λῦτρον
3603 1793 3740 1862 ὑπὲρ
3767 1791 3879 1861 τῆς

644 1889 970 1958 guinemque
1026 1901 1201 1941 meum
1240 1887 1292 1939 in
1345 1887 1575 1955 pretium
1624 1900 1720 1953 pro
1762 1885 1935 1938 salute
1983 1887 2204 1940 tradens

641 1989 757 2045 tua,
789 1980 991 2034 redemi
1027 1989 1098 2042 te,
1125 1989 1178 2032 et
1209 1977 1390 2032 vocavi
1424 1987 1476 2031 te
1509 1994 1523 2031 :
1559 1990 1741 2030 verum
1777 1978 1941 2031 etiam
1989 1986 2041 2032 te
2083 1993 2204 2046 pos-

639 2073 933 2128 sessionem
984 2084 1153 2124 meam
1197 2067 1388 2132 elIeci;
1440 2069 1514 2121 ita
1563 2076 1621 2124 ut
1667 2077 1721 2122 tu
1770 2067 1901 2121 milii
1951 2067 2198 2137 populus,

639 2177 739 2230 ego
777 2161 870 2214 tibi
902 2160 1038 2214 Deus
1058 2172 1251 2214 essem.
1276 2155 1498 2212 Conllde
1524 2157 1713 2226 igitur,
1747 2165 1825 2210 tot
1853 2171 1882 2208 ο
1909 2169 1993 2210 me
2017 2155 2204 2224 digna-

638 2261 725 2304 tus
755 2249 927 2312 bonis,
975 2258 1030 2303 et
1057 2263 1118 2302 ea
1153 2262 1258 2316 qua
1299 2246 1485 2315 jussus
1517 2261 1576 2300 es
1605 2247 1687 2299 via
1725 2247 1950 2300 incede:
1980 2245 2201 2301 ﬁducia—

636 2358 742 2411 que
780 2342 970 2412 plenus
1015 2340 1267 2396 omnibus
1315 2355 1413 2410 per
1449 2337 1636 2393 orbem
1675 2337 1927 2407 gentibus
1962 2339 2197 2404 pradica

637 2430 1003 2502 evangelicum
1029 2442 1358 2485 sermonem.
1383 2425 1640 2492 Quamvis
1666 2425 1809 2479 enim
1845 2424 1984 2494 ignis
2004 2425 2198 2477 ardens

636 2522 896 2591 eruperit,
931 2520 1181 2589 quamvis
1208 2532 1381 2587 aquae,
1413 2516 1662 2585 quamvis
1697 2515 1916 2569 ﬂumina
1970 2514 2198 2568 inunda-

638 2610 833 2672 verint,
857 2610 970 2664 haec
1007 2607 1138 2662 nihil
1173 2617 1220 2660 te
1247 2606 1459 2667 ladem,
1491 2606 1634 2674 quod
1664 2618 1763 2672 ego
1789 2613 1965 2657 tecum
1999 2602 2196 2671 ubique

636 2702 758 2756 sim.
811 2699 945 2754 Nam
983 2698 1109 2753 illud
1164 2699 1280 2753 sine
1327 2697 1609 2752 mendacio
1651 2694 1949 2760 enuntiavi,
2007 2711 2026 2746 ι
2057 2693 2197 2749 Ecce

634 2807 732 2862 ego
755 2791 1030 2845 vobiscum
1069 2805 1186 2844 sum
1218 2803 1390 2857 usque
1419 2788 1484 2840 ad
1520 2786 2046 2843 consummationem
2086 2799 2192 2839 sat:-

634 2884 740 2938 culi
783 2884 850 2934 ".
880 2901 899 2932 ι

705 2975 867 3028 Vens.
923 2973 978 3028 5.
1022 2989 1041 3022 ι
1069 2969 1135 3026 Εῑ
1185 2986 1230 3025 SI
1276 2970 1556 3025 transieris
1582 2984 1677 3038 per
1733 2983 1954 3038 aquam,
2016 2977 2190 3023 tecum

2306 1887 2575 1957 σωτηρίας
2624 1886 2685 1938 τὸ
2733 1884 2970 1956 ἐμαυτοῦ
3001 1883 3270 1956 παραδοὺς
3299 1879 3452 1953 αἷμα,
3481 1882 3876 1952 ὲλυτρωσάμην

2305 1995 2363 2030 σε
2389 1978 2482 2030 καὶ
2507 1977 2741 2031 ὲκάλεσά
2784 1994 2843 2031 σε
2865 1993 2878 2008 ο
2914 1975 3049 2030 ἀλλὰ
3091 1976 3185 2028 καὶ
3224 1973 3411 2044 κτῆμα
3450 1971 3642 2026 ἑαυτοῦ
3677 1973 3875 2041 ἐποιη-

2304 2072 2482 2141 σάμην
2507 2086 2566 2124 σε
2587 2087 2600 2100 °
2639 2070 2779 2123 ὥστε
2809 2064 2946 2122 εἶναι
2973 2069 3071 2138 μὲν
3096 2085 3152 2120 σε
3173 2068 3303 2136 ἐμὸν
3332 2066 3480 2130 λαὸν,
3515 2065 3656 2135 κάμὲ
3679 2063 3736 2118 δὲ
3760 2063 3873 2118 σοῦ

2300 2160 2462 2216 αὑτοῦ
2493 2161 2645 2216 Θεόν.
2686 2160 2888 2232 Θάρσει
2914 2158 3224 2230 τοιγαροῦν,
3259 2156 3525 2211 τοσούτων
3559 2159 3683 2226 παρ’
3728 2155 3872 2226 tum?

2300 2252 2724 2322 κατηξιωμένος.
2767 2253 2861 2303 καὶ
2903 2250 3084 2320 βάδιζε
3111 2249 3207 2319 τὴν
3246 2248 3363 2302 ὁδὸν
3410 2248 3479 2318 ἢν
3522 2246 3869 2316 ἑκελεὺσθης,

2276 2343 2516 2415 ’θαρσῶν
2554 2359 2612 2395 τε
2656 2343 2894 2413 κήρυττε
2919 2342 3032 2404 τοῖς
3083 2336 3393 2408 ἁπανταχοῦ
3426 2337 3529 2407 γῆς
3569 2335 3744 2389 ἔθνεσι
3771 2332 3872 2387 τω

2297 2431 2648 2504 εὐαγγελικδν
2699 2433 2876 2501 λόγον.
2909 2431 3027 2485 Κᾶν
3060 2432 3166 2504 γὰρ
3197 2429 3306 2502 πῦρ
3347 2429 3542 2499 φλέγον
3571 2427 3718 2498 ἐπίῃ,
3757 2425 3872 2480 κᾶν

2298 2525 2484 2592 ὕδατα,
2513 2525 2618 2579 κᾶν
2654 2524 2886 2593 ποταμοὶ
2937 2521 3296 2586 ὲπικλύζωσιν
3322 2537 3334 2549 ·
3395 2519 3546 2572 οὐδέν
3591 2533 3652 2570 σε
3693 2515 3872 2570 ταῦτα

2295 2616 2544 2688 λυπήσει,
2580 2615 2668 2669 διὰ
2700 2615 2761 2668 τὸ
2801 2616 2900 2684 ἐμὲ
2931 2615 3027 2667 σὺν
3073 2613 3156 2665 σοὶ
3179 2611 3451 2683 πανταχοῦ
3477 2607 3633 2666 εἶναι.
3669 2607 3873 2679 Ἀψευ-

2293 2706 2400 2770 δῶς
2457 2707 2566 2778 γάρ
2595 2705 3016 2776 άπηγγειλάμην
3058 2704 3140 2768 τὸ,
3180 2721 3198 2754 ι
3244 2701 3370 2757 Ἰδοὺ
3413 2703 3523 2772 ἐγὼ
3554 2700 3668 2773 μεθ’
3707 2699 3872 2772 ὑμῶν

2295 2798 2409 2868 είμι
2439 2797 2544 2860 ’ἐως
2565 2797 2660 2867 τῆς
2681 2795 2985 2858 συντελείας
3018 2793 3110 2847 τοῦ
3136 2792 3348 2856 αἰῶνος.
3381 2811 3401 2844 ι

2369 2993 2390 3027 ι
2422 2975 2531 3028 Καὶ
2551 2973 2647 3028 ὲάν
2677 2972 2955 3045 διαϐαίνῃς
2983 2971 3048 3024 δι’
3074 2971 3283 3037 ὓδατος,
3316 2970 3454 3042 μετὰ
3478 2969 3572 3023 σοῦ
3601 2970 3735 3038 είμι,
3758 2981 3864 3023 και

642 3079 785 3129 sum,
821 3073 876 3118 et
917 3061 1138 3117 ﬂumina
1183 3075 1290 3116 non
1327 3061 1576 3129 operient
1624 3070 1675 3114 te
1705 3075 1721 3114 :
1755 3069 1812 3115 et
1834 3061 1879 3114 si
1911 3059 2193 3114 transieris

2296 3065 2528 3135 ποταμοὶ
2571 3064 2632 3118 οὐ
2681 3061 3038 3132 συγκλύσουσί
3087 3078 3146 3114 σε
3169 3076 3185 3090 ⁸
3238 3060 3334 3114 καὶ
3387 3061 3483 3114 ἐὰν
3524 3059 3734 3132 διέλθῃς
3765 3059 3864 3113 διὰ

635 3169 730 3222 per
756 3153 956 3223 ignem,
987 3166 1091 3206 non
1125 3151 1480 3215 combureris,
1511 3150 1724 3203 llannna
1766 3164 1870 3203 non
1909 3149 2193 3204 comburet

2297 3157 2486 3227 πυρὸς,
2517 3156 2576 3209 οὐ
2613 3155 2689 3227 μή
2727 3153 3095 3224 κατακαυθῇς,
3131 3151 3260 3221 φλὸξ
3279 3153 3340 3206 οὐ
3389 3152 3718 3208 κατακαύσει
3751 3167 3814 3204 σε

638 3257 722 3312 te;
753 3245 877 3314 quia
923 3259 1022 3313 ego
1059 3243 1315 3299 Dominus
1361 3243 1501 3298 Dens
1557 3251 1680 3296 tuus
1732 3252 1955 3295 sanctus
2002 3241 2189 3304 Israel,

637 3337 852 3392 salvans
876 3345 946 3390 te.
975 3333 1098 3389 Feci
1127 3333 1600 3389 commutationem
1632 3342 1777 3386 tuam
1801 3329 2114 3401 Egyptum,
2137 3340 2192 3385 et

634 3425 958 3494 Ethiopiam
983 3435 1038 3478 et
1073 3426 1301 3495 Syenem
1336 3439 1435 3492 pro
1473 3433 1548 3477 te.
1581 3442 1599 3474 ι
1658 3423 1732 3476 Ita
1759 3425 1957 3493 quippe
1989 3425 2191 3491 pretiu-

635 3531 728 3571 sus
777 3517 904 3569 milii
953 3515 1121 3581 fuisti,
1187 3522 1335 3568 tanta
1396 3515 1446 3567 in
1499 3525 1790 3582 conspectu
1847 3528 1968 3568 meo
2021 3514 2189 3583 gloria

633 3607 864 3660 donatus
892 3620 970 3671 es,
994 3615 1049 3660 et
1073 3618 1242 3673 usque
1262 3604 1398 3658 adeo
1426 3604 1586 3659 dilexi
1620 3616 1694 3668 te,
1726 3615 1784 3658 ut
1806 3604 1949 3660 salus
1988 3605 2186 3668 divina,

634 3711 755 3766 qua:
777 3710 873 3765 per
905 3707 954 3750 te
979 3696 1230 3750 omnibus
1261 3695 1574 3750 hominibus
1600 3707 1750 3763 parta
1783 3705 1866 3749 est
1885 3737 1901 3759 ,
1929 3709 2098 3763 usque
2121 3695 2188 3749 ad

633 3798 871 3841 extrema
929 3797 1085 3840 terra:
1142 3787 1473 3855 pertingeret
1511 3805 1524 3839 :
1561 3794 1618 3840 et
1664 3796 1722 3840 ut
1782 3786 1857 3838 illi
1909 3786 2188 3840 hominum

632 3878 1146 3947 superstitiosissimi
1207 3878 1446 3948 Egyptii
1481 3893 1574 3946 per
1607 3886 1657 3930 te
1698 3877 1978 3931 vocatione
2001 3877 2190 3946 digna-

633 3980 844 4026 rentur.
880 3970 983 4023 Per
1013 3969 1295 4041 [Egyptios
1335 3972 1499 4038 igitur
1534 3970 1940 4038 superstitiosos
1970 3978 2026 4023 et
2067 3968 2184 4022 ido-

632 4059 858 4115 lolatras
897 4074 1087 4114 omnes
1145 4061 1446 4130 designavit
1477 4077 1490 4113 :
1521 4075 1614 4128 per
1644 4058 1929 4130 Ethiopas
1961 4069 2017 4114 et
2051 4061 2187 4130 Sye-

630 4165 776 4216 nem,
803 4165 898 4205 eos
926 4152 1017 4221 qui
1044 4139 1284 4205 extrema
1313 4162 1471 4205 terra:
1499 4159 1697 4205 nostra:
1718 4151 2044 4207 incolebant.
2077 4150 2186 4206 Nec

634 4240 988 4305 ignorandum
1028 4248 1113 4294 est
1152 4255 1274 4294 esse
1330 4241 1616 4308 quamdam
1662 4239 2003 4295 Sabaitarum
2049 4257 2182 4311 gen-

627 4338 757 4392 tem,
811 4331 950 4383 unde
995 4328 1298 4384 Salomonis
1342 4340 1583 4399 tempore
1635 4331 1819 4400 regina
1872 4331 2014 4386 Saba
2068 4348 2183 4400 pro-

627 4419 768 4476 fecta
800 4429 903 4475 est.

697 4597 859 4651 Vens.
906 4597 960 4664 4,
1018 4599 1069 4652 5.
1129 4617 1146 4648 ι
1175 4613 1249 4653 ex
1293 4615 1398 4667 quo
1444 4601 1777 4656 honorabilis
1814 4601 1990 4657 factus
2023 4617 2080 4657 es
2130 4604 2180 4656 in

629 4698 913 4754 conspectu
942 4704 1082 4753 meo,
1112 4689 1437 4757 gloriﬁcatns
1478 4704 1556 4755 es,
1586 4699 1642 4744 et
1671 4707 1773 4758 ego
1811 4692 1970 4746 dilexi
1997 4701 2049 4745 te
2079 4711 2093 4746 :
2127 4703 2181 4745 et

625 4776 764 4830 dabo
795 4779 1038 4832 homines
1068 4796 1163 4848 pro
1192 4788 1266 4841 te,
1291 4789 1346 4835 et
1377 4781 1643 4848 principes
1695 4796 1794 4850 pro
1841 4783 2015 4851 rapite
2065 4792 2175 4836 tuo.

626 4863 703 4917 Ne
731 4867 940 4926 timeas,
972 4868 1223 4933 quoniam
1257 4880 1430 4922 tecum
1460 4885 1597 4924 sum.
1630 4871 1708 4924 Ab
1741 4872 1953 4926 oriente
1979 4872 2173 4926 ducam

623 4970 806 5010 semen
869 4967 1036 5021 tuum,
1096 4969 1149 5012 et
1198 4960 1265 5013 ab
1312 4961 1593 5014 occidente
1646 4963 1989 5032 congregatio
2048 4973 2115 5017 te.
2154 4984 2173 5014 ι

624 5044 815 5101 Multos
864 5048 999 5102 ﬁlius
1049 5067 1076 5101 ιι
1134 5066 1218 5105 me
1263 5051 1557 5105 secundum
1613 5050 1776 5106 Deum
1841 5056 2075 5125 genitos,
2123 5056 2174 5108 in

623 5137 826 5190 celesti
887 5156 999 5192 mea
1043 5143 1261 5194 civitate
1321 5143 1705 5212 congregabo,
1775 5144 2026 5214 ipsosque
2083 5160 2165 5213 pe:

621 5239 802 5279 aerem
837 5229 1086 5281 sublimes
1117 5247 1298 5298 agam,
1334 5231 1487 5298 quasi
1522 5232 1768 5287 volucres
1798 5236 1992 5294 ventis.
2023 5236 2173 5291 vide-

623 5312 747 5370 licet
784 5320 1039 5387 angelicis
1063 5322 1351 5376 virtutibus
1376 5333 1728 5377 sustentatos.

690 5477 738 5511 "
765 5479 949 5535 .‘ilatth.
984 5499 1168 5544 χκνιιι,
1197 5486 1290 5538 ‘20.

2292 3244 2375 3298 ὅτι
2403 3243 2512 3312 ἐγὼ
2543 3243 2744 3314 Κύριος
2773 3245 2802 3295 ὁ
2827 3241 2957 3306 Θεός
2984 3258 3078 3295 σου
3108 3244 3137 3296 ὀ
3159 3242 3314 3312 ἅγιος
3341 3240 3579 3313 Ἰσραὴλ,
3601 3243 3631 3294 ὁ
3663 3239 3862 3304 σώζοι·

2293 3355 2374 3392 σε.
2424 3337 2684 3407 Ἐποίησα
2715 3333 2968 3405 ἄλλαγμα
3007 3333 3408 3403 σουΔτγυπτον
3447 3333 3540 3386 καὶ
3569 3328 3860 3386 Αἰθιοπίαν

2291 3430 2383 3484 καὶ
2399 3429 2602 3500 Συήνην
2628 3425 2738 3496 (38)
2764 3426 2904 3497 ὑπὲρ
2926 3425 3041 3479 σοῦ.
3056 3443 3074 3476 ι
3099 3424 3254 3479 Οὕτω
3277 3423 3385 3496 γάρ
3402 3422 3532 3494 παρ’
3553 3422 3672 3492 ἐμοὶ
3692 3421 3857 3490 Tife-

2288 3534 2384 3582 νας
2407 3517 2606 3588 τίμιος,
2654 3517 2749 3570 καὶ
2784 3515 2956 3580 οὕτως
3001 3515 3239 3570 ἐναντίον
3273 3532 3374 3587 μου
3417 3512 3723 3584 ὲδοξάσθής,
3756 3512 3858 3566 καὶ

2289 3611 2458 3674 οὕτως
2485 3610 2747 3680 ἠγάπησά
2780 3627 2860 3672 σε.
2891 3610 2964 3673 ὼς
2985 3610 3078 3663 καὶ⁵
3112 3609 3270 3680 μέχρι
3303 3608 3410 3662 τῶν
3451 3607 3714 3679 ὲσχατιῶν
3742 3605 3857 3676 γῆς

2291 3701 2493 3770 φθάσαι
2515 3699 2612 3770 τὴν
2632 3699 2718 3752 διὰ
2754 3698 2847 3751 σοῦ
2874 3700 3038 3753 πᾶσιν
3069 3697 3374 3770 ἀνθρώποις
3421 3694 3854 3769 προξενουμένην

2289 3791 2430 3845 κατὰ
2451 3790 2593 3843 ’Θεὸν
2632 3789 2933 3860 σωτηρίαν
2987 3790 3080 3842 καὶ
3125 3787 3201 3852 ὡς
3250 3787 3447 3851 αὐτοὺς
3483 3786 3591 3838 τῶν
3634 3785 3853 3839 πάντων

2288 3880 2588 3953 άνθρώταυν
2612 3879 3201 3949 δεισιδαιμονεστάτους
3242 3877 3569 3946 Αίγυπτίους
3618 3876 3713 3945 τῆς
3756 3873 3854 3929 διὰ

2291 3970 2382 4023 σοῦ
2416 3970 2656 4040 κλήσεως
2685 3967 3104 4038 καταξιωθῆναι.
3154 3968 3251 4020 Διά
3288 3967 3386 4037 μὲν
3423 3961 3516 4019 οὖν
3551 3963 3657 4018 τῶν
3685 3965 3853 4031 Δίγυ-

2290 4063 2458 4114 πτίων
2505 4063 2711 4124 πάντας
2735 4059 2951 4130 ᾐνίξατο
2981 4060 3108 4122 τοὺς
3148 4059 3542 4129 δεισιδαίμονας
3572 4057 3665 4112 καὶ
3692 4056 3852 4109 είΰω-

2286 4151 2564 4222 λολάτρας,
2595 4150 2682 4203 διὰ
2723 4149 2779 4202 δὲ
2810 4150 2908 4220 τῆς
2937 4148 3221 4212 Αἰθιοπίας
3249 4148 3343 4201 καὶ
3379 4149 3567 4218 Σοῖνης
3597 4147 3719 4208 τοὺς
3748 4143 3852 4214 μὲ-
3943 4181 3950 4184 -

2285 4259 2374 4314 χρι
2403 4243 2509 4295 τῶν
2534 4241 2800 4311 ὲσχατιῶν
2831 4241 2928 4310 τῆς
2964 4240 3089 4293 καθ’
3116 4241 3261 4310 ἡμᾶς
3287 4238 3608 4308 οἰκουμένης
3637 4235 3851 4289 οἰκοῦν-

2285 4350 2400 4395 τας.
2447 4332 2660 4394 Ίστὲον,
2695 4333 2770 4394 ὡς
2817 4331 2932 4384 ἔστι
2980 4330 3258 4383 Σαϐαῖτῶν
3311 4328 3478 4392 ἔθνος,
3522 4327 3644 4381 ὅθεν
3691 4326 3850 4396 βασί-

2217 4424 2260 4479 D
2288 4423 2443 4477 λισσα
2474 4425 2620 4478 Σαϐὰ
2674 4424 2934 4494 ἐπεδήμει
2983 4423 3120 4492 κατὰ
3161 4423 3286 4485 τοὺς
3335 4420 3672 4492 Σολομῶντος
3713 4418 3851 4489 χρό-

2287 4532 2427 4576 νους.

2360 4622 2377 4653 ι
2427 4603 2541 4669 ‘A'p‘
2567 4597 2626 4656 οὗ
2643 4603 2855 4672 ἔντιμος
2877 4603 3059 4669 ἐγένου
3082 4598 3316 4652 ἐναντίον
3346 4599 3502 4668 ἐμοῦ,
3533 4595 3844 4666 ἐδοξάσθής,

2285 4695 2374 4748 καὶ
2417 4694 2526 4763 ὲγὼ
2561 4711 2617 4746 σε
2667 4694 2949 4762 ἠγάπησα.
2988 4693 3094 4745 Καὶ
3138 4689 3292 4743 δώσω
3336 4688 3650 4758 ἀνθρώπους
3699 4687 3848 4758 ὑπὲρ

2285 4785 2398 4848 σοῦ,
2435 4788 2526 4839 καὶ
2547 4786 2810 4857 ἄρχοντας
2845 4785 2985 4854 ὑπὲρ
3007 4785 3102 4855 τῆς
3127 4781 3362 4852 κεφαλῆς
3386 4798 3499 4833 σου.
3536 4781 3624 4850 Μή
3648 4778 3842 4848 φοδοῦ,

2283 4877 2361 4929 ὅτι
2401 4879 2538 4947 μετά
2581 4876 2673 4930 σοῦ
2719 4878 2852 4946 εἰμι.
2903 4877 3016 4928 Ἀπ’
3063 4873 3334 4928 ἀνατολῶν
3374 4872 3487 4936 ἄξω
3525 4870 3584 4924 τὸ
3621 4870 3847 4940 σπέρμα

2283 4984 2396 5031 σου,
2421 4969 2512 5021 καὶ
2540 4969 2648 5022 ἀπὸ
2675 4967 2890 5036 δυσμῶν
2919 4964 3126 5029 συνάξω
3152 4981 3232 5017 σε.
3271 4981 3292 5016 ι
3316 4961 3492 5017 Πολλά
3513 4961 3674 5013 τέκνα
3697 4960 3848 5013 κατὰ

2281 5058 2411 5112 Θεὸν
2433 5060 2696 5128 γεννήσας
2726 5056 2935 5122 συνάξω
2961 5059 3040 5121 εἰς
3061 5057 3157 5126 τὴν
3189 5053 3503 5126 ὲπουράνιόν
3537 5069 3638 5122 μου
3663 5049 3843 5114 πόλιν,

2283 5150 2586 5221 μετεώρους
2611 5151 2805 5213 αὐτοὺς
2829 5147 3106 5202 ἀναλαϐὼν
3127 5148 3192 5202 δι’
3208 5149 3367 5217 άέρος
3388 5146 3575 5216 ὥσπερ
3602 5143 3844 5214 πτηνοὺς

2278 5239 2497 5311 ἀνέμοις
2518 5239 3032 5310 ὑποκουφιζόμενος,
3067 5239 3208 5306 λέγω
3239 5238 3304 5308 δὴ
3334 5236 3643 5304 ἀγγελικαῖς
3685 5233 3829 5290 δυνά.

2281 5349 2452 5400 μεσιν.

692 5640 1143 5721 (ἦθδῖθηέιηζδῆ
1161 5648 1224 5697 8d
1251 5656 1490 5721 θξξτεψε
1517 5641 1729 5721 ιεαὲβιξ
1755 5646 1944 5709 βοείων
1969 5646 2343 5717 Συήνη.Σοήνη
2401 5658 2448 5703 et
2501 5649 2656 5717 Σοῖνη
2693 5647 2885 5703 dicitur
2925 5648 3064 5716 apud
3117 5643 3438 5716 Origenem,
3480 5645 3846 5703 Atuanasiun

618 5722 671 5765 et
705 5713 861 5778 alios,
894 5725 950 5767 ut
977 5716 1027 5767 in
1059 5714 1334 5769 Athanasii
1371 5717 1514 5770 edito
1547 5713 1868 5768 monuimus.
