4128 6294
219 310 329 368 597

1150 310 1651 370 COMMENTARIA
1692 310 1759 367 lN
1802 306 2059 364 ISAIAM.
2102 335 2167 345 —-
2204 302 2360 362 CAP.
2402 302 2586 358 XLIII.

3383 297 3491 357 398

308 450 326 480 ι
377 428 519 502 Ἑρῶ
560 430 641 501 τῷ
676 430 870 503 saepe,
908 432 1060 499 Ἀγε,
1110 432 1203 484 καὶ
1252 430 1329 501 τῷ
1366 430 1500 491 λιδὶ,
1535 430 1690 494 Ἄγε,
1734 426 1808 499 μὴ

1988 423 2155 477 νεκε.
2198 422 2252 474 6.
2301 440 2320 472 ι
2350 420 2532 475 Dicam
2565 416 2826 488 aquiloni,
2859 415 3003 485 Age;
3035 421 3087 468 et
3118 421 3327 477 austro,
3358 412 3491 481 Age,

221 520 440 576 πώλυεο
468 522 567 590 ἀγε
594 524 724 586 τοὺς
763 521 909 585 υἱούς
937 538 1040 592 μου
1076 522 1185 577 ἀπὸ
1222 522 1321 592 τῆς
1366 520 1667 591 πόρρωθεν,
1720 518 1809 571 καὶ

221 612 331 675 τάς
363 610 669 683 θυγατέρας
700 630 804 683 μου
838 614 933 667 ἀπ’
962 614 1147 683 ἄκρων
1176 612 1277 683 τῆς
1304 612 1427 680 γῆς.
1457 631 1476 662 ι
1520 609 1661 677 Ἐγὼ
1694 610 1803 679 γάρ

221 704 350 765 ταῖς
375 702 697 770 ἀγγελικαῖς
731 703 990 775 δυνάμεσι
1029 703 1185 757 τοῦτο
1206 705 1379 756 ποιεῖν
1402 701 1705 773 προσ-τάξω,
1728 699 1815 753 διά

222 793 295 846 τὸ
322 793 491 863 ἐμοὺς
523 789 664 846 εἶναι
687 796 838 859 υἱοὺς
877 797 971 849 καὶ
1005 795 1311 866 θυγατέρας
1357 794 1498 865 ἐμὰς
1544 792 1613 845 δι’
1663 792 1817 863 ὑμῶν

225 884 544 955 σπαρέντας
573 888 667 939 καὶ
694 887 1151 958 ἀναγεννηθέντας
1168 888 1225 940 ἐν
1247 888 1314 957 τῇ
1346 886 1452 957 ἐμῇ
1495 883 1812 955 Ἐκκλησία.

309 993 329 1027 ι
362 975 580 1038 Πάντας
631 977 747 1029 ὅσοι
800 976 1182 1046 ἐπικέκληνται
1227 975 1305 1046 τῷ
1352 975 1574 1045 ὀνόματι
1633 991 1751 1044 μου.
1791 991 1810 1023 ι

225 1065 409 1119 Πόθεν
440 1066 497 1119 δέ
525 1065 748 1120 ἄλλοθεν
775 1066 981 1137 ὑπέστη
1016 1065 1076 1118 τὺ
1119 1064 1459 1135 Χριστιανῶν
1491 1063 1661 1134 θνομα
1686 1064 1720 1133 ἢ
1751 1064 1818 1116 ἐκ

224 1156 333 1227 τῆς
363 1156 461 1209 τοῦ
489 1157 724 1228 Χριστοῦ
754 1155 1156 1228 προσηγορίαςς
1192 1155 1352 1219 αὐτὸς
1376 1154 1433 1207 δέ
1461 1149 1528 1224 ἦν
1554 1157 1583 1207 ὁ
1604 1153 1692 1207 διὰ.
1722 1150 1817 1205 τοῦ

226 1247 517 1316 προφήτου
545 1244 716 1299 ταῦτα
753 1244 1042 1311 θεσπίζων.
1092 1264 1110 1296 ι
1152 1246 1239 1298 Ἐν
1268 1244 1376 1315 γάρ
1422 1246 1488 1315 τῇ
1531 1244 1661 1315 δόξῃ
1714 1260 1817 1313 μου

227 1336 615 1392 κατεσκεύασα
652 1337 835 1401 αὐτὸν,
865 1338 958 1390 καὶ
1008 1336 1217 1389 ἐπλασα
1250 1334 1430 1399 αὑτὸν,
1463 1337 1556 1387 καὶ
1588 1334 1816 1405 ἐποίησα

229 1428 418 1491 αὑτὸν,
464 1428 737 1482 ἄπλαστον
782 1428 909 1481 ὅντα
940 1429 1053 1491 τοῖς
1080 1428 1322 1497 τρόποις.

312 1537 333 1569 ι
365 1519 477 1572 Καὶ
505 1519 774 1589 ἐξήγαγον
819 1518 947 1572 λαὸν
996 1518 1217 1587 τυφλὸν,
1247 1519 1343 1571 καὶ
1368 1517 1636 1589 ὀφθαλμοί
1678 1518 1815 1569 εἰσιν

227 1610 499 1673 ὡσαύτως
528 1610 740 1678 τυφλοὶ,
782 1611 875 1663 καὶ
925 1610 1097 1679 κωφοὶ
1124 1609 1192 1663 τά
1216 1602 1331 1663 ὦτα
1356 1608 1588 1679 [χοντες.
1632 1609 1814 1662 Πάντα

226 1702 302 1752 τὰ
338 1695 467 1763 ἔθνη
493 1699 834 1770 συνήχθησαν
867 1700 1003 1769 ἅμα,
1032 1700 1127 1753 καὶ
1156 1700 1576 1771 συναχθήσονται
1617 1700 1813 1771 ἄρχον-

1916 515 2026 570 noli
2054 513 2359 584 prohibere.
2397 513 2510 582 Age
2538 510 2677 563 lilios
2713 521 2862 561 meos
2897 507 2964 559 de
2992 515 3135 559 terra
3168 514 3397 565 remota,
3437 512 3495 557 et

1918 607 2054 662 ﬁlias
2080 620 2227 659 meas
2257 604 2325 658 ab
2341 601 2601 658 extremis
2625 612 2803 655 terrm.
2842 618 2861 649 ι
2911 598 3021 666 Ego
3045 598 3188 651 enim
3217 595 3493 666 angelicas

1918 702 2149 754 virtutes
2167 697 2280 751 limo
2305 709 2467 765 agere
2495 692 2803 763 pmipiam
2824 731 2839 756 ,
2872 689 3002 759 quia
3036 688 3127 742 lilii
3157 688 3263 742 mei
3286 696 3341 741 et
3365 685 3491 741 lilia:

1918 805 2049 846 mete
2103 798 2252 851 sunt,
2302 802 2399 857 per
2432 801 2526 840 vos
2564 784 2667 839 sati
2700 792 2754 837 et
2805 782 3104 852 regenerati
3150 780 3204 835 in
3250 777 3495 834 Ecclesia

1918 895 2033 937 mea
2042 918 2057 933 .

1993 970 2154 1026 Vens.
2200 971 2253 1025 7.
2300 992 2318 1021 ι
2354 969 2572 1035 Omnes,
2602 977 2873 1039 quotquot
2904 966 3079 1020 vocati
3110 974 3237 1019 sunt
3270 962 3493 1019 nomine

1917 1079 2057 1120 tneo.
2083 1082 2102 1117 ι
2140 1062 2294 1118 Unde
2318 1061 2669 1117 constitutum
2703 1070 2785 1115 est
2805 1058 3245 1114 Christianorum
3273 1070 3494 1123 nomen,

1920 1156 2021 1211 nisi
2061 1169 2126 1208 ex
2166 1154 2367 1210 Christi
2408 1152 2671 1207 nomine?
2700 1151 2818 1221 Ipse
2864 1160 3046 1204 autem
3084 1158 3228 1215 erat,
3258 1149 3352 1218 qui
3394 1163 3496 1218 per

1918 1248 2237 1318 prophetam
2269 1248 2385 1301 hate
2413 1244 2835 1299 vaticinabatur.
2870 1261 2889 1294 ι
2914 1242 2970 1296 ln
2998 1242 3173 1311 gloria
3202 1241 3349 1295 enim
3372 1254 3492 1294 mea

1915 1337 2057 1391 edidi
2086 1351 2233 1402 eum,
2284 1345 2339 1389 et
2376 1336 2506 1389 tinxi
2537 1350 2685 1398 eum,
2735 1344 2792 1389 et
2839 1334 2942 1391 feci
2994 1348 3145 1398 eum,
3181 1352 3201 1385 ι
3268 1331 3493 1389 minime

1918 1429 2096 1482 ﬁctum
2130 1429 2392 1483 moribus.

1990 1519 2153 1575 Vitas.
2206 1517 2261 1585 8,
2302 1518 2355 1574 9.
2407 1538 2425 1571 ι
2450 1517 2514 1573 Et
2547 1517 2711 1573 eduxi
2735 1516 2988 1586 populum
3012 1530 3242 1585 saccum,
3275 1524 3331 1571 et
3348 1514 3494 1572 oculi

1915 1622 2038 1666 sunt
2068 1612 2274 1681 pariter
2316 1610 2467 1677 casei,
2500 1620 2553 1663 et
2592 1609 2739 1664 surdi
2791 1623 2951 1663 aures
3002 1608 3226 1663 habent.
3275 1604 3483 1664 Omnes

1914 1710 2100 1773 gentes
2120 1710 2467 1771 congregatas
2492 1709 2618 1755 sunt
2654 1700 2836 1768 simul,
2864 1709 2918 1756 et
2959 1699 3185 1755 coibunt
3217 1701 3496 1771 principes

228 1790 406 1855 τες’ὲξ
428 1789 627 1845 αὐτῶν.
665 1811 707 1847 ιη
734 1788 835 1843 Διά
864 1792 973 1861 γάρ
1002 1790 1111 1843 τῶν
1150 1790 1522 1845 ἀποστολικῶν
1554 1791 1808 1862 σπερμά-

1915 1771 1976 1849 ex
1999 1793 2130 1849 eis.»
2154 1793 2258 1849 Per
2282 1792 2578 1863 apostolica
2602 1794 2802 1863 quippe
2825 1793 3035 1847 semina
3073 1802 3127 1847 et
3156 1807 3257 1862 per
3285 1793 3496 1847 doctri-

227 1896 347 1934 των
397 1882 490 1934 καὶ
526 1881 626 1951 τῆς
680 1880 1028 1944 διδασκαλίας
1076 1880 1257 1934 αὐτῶν
1308 1879 1703 1951 μεταϐαλόντες
1760 1882 1811 1934 οῖ

227 1972 404 2027 πάλαι
426 1973 617 2043 τυφλοὶ
645 1974 738 2026 καὶ
761 1973 957 2041 κωφοὶ,
988 1972 1331 2045 συνήχθησαν
1353 1975 1434 2037 εἰς
1455 1974 1554 2045 τὴν
1588 1972 1815 2043 Ἐκκλη-

231 2063 365 2119 σίαν
393 2062 487 2117 τοῦ
517 2063 653 2118 Θεοῦ
674 2082 687 2094 ·
720 2065 821 2136 ήδη
843 2064 899 2118 δὲ
931 2066 1026 2118 καὶ
1069 2065 1330 2137 ἄρχοντες
1375 2064 1436 2129 ἐξ
1466 2063 1646 2118 αὐτῶν
1686 2064 1813 2118 τού-

226 2169 348 2207 των
383 2154 491 2207 τῶν
518 2155 690 2209 ἐθνῶν
722 2157 815 2209 ἐπὶ
842 2155 932 2208 τὸν
963 2155 1089 2208 λαὸν
1118 2152 1213 2207 τοῦ
1246 2153 1381 2207 Θεοῦ
1419 2155 1773 2225 κατέστησαν.

314 2266 336 2297 s
367 2248 465 2309 Τις
496 2247 787 2315 ἀναγγελεῖ
827 2248 1037 2313 ταῦτα;
1073 2248 1107 2318 ἢ
1141 2246 1207 2301 τά
1238 2246 1298 2312 ἐξ
1330 2247 1506 2318 ἀρχῆς
1536 2248 1621 2311 τίς
1647 2248 1815 2316 ἀναγ-

225 2333 386 2402 γελεῖ
409 2335 569 2403 ύμῖνς
617 2335 994 2404 ’Δγαγέτωσαν
1024 2336 1155 2398 τοὺς
1183 2335 1465 2408 μάρτυρας
1493 2337 1694 2402 αὐτῶν,
1720 2338 1815 2391 καὶ

227 2422 701 2495 δικαιωθήτωσαν,
746 2426 842 2478 καὶ
895 2426 1306 2490 ἀκουσάτωσαν,
1358 2427 1451 2480 καὶ
1506 2426 1815 2483 εἰπάτωσαν

232 2513 438 2585 ἀληθῆ.
466 2514 692 2568 Γένεσθέ
718 2532 809 2586 μοι
847 2516 1145 2589 μάρτυρες,
1176 2518 1269 2570 καὶ
1293 2517 1406 2585 ἐγὼ
1453 2518 1686 2591 μάρτυς,
1729 2518 1815 2573 λέ-

232 2620 326 2675 τιι
356 2604 558 2676 Κύριος
583 2606 612 2656 0
636 2604 789 2668 Θεὸς,
824 2607 918 2660 καὶ
949 2608 979 2659 0
1012 2608 1139 2669 παῖς
1166 2623 1293 2677 μου,
1314 2607 1374 2661 ὃν
1398 2607 1750 2680 ἐξελεξάμην.
1789 2627 1808 2661 a

249 2696 466 2767 ’καιδὴ
491 2696 646 2765 κάγὼ
672 2700 701 2750 ὁ
734 2696 868 2760 Θεὸς
908 2698 1116 2768 μάρτυς
1162 2699 1340 2753 αὐτῶν
1376 2701 1700 2769 γενήσομαι,
1720 2701 1814 2754 καὶ

228 2786 265 2839 ὀ
294 2788 424 2849 παῖς
459 2803 561 2856 μου
586 2786 645 2839 ὃν
673 2785 1003 2857 ἐξελεξάμην
1026 2804 1040 2817 ⁸
1075 2787 1205 2859 περὶ
1229 2782 1291 2842 οῦ
1312 2788 1571 2860 ἀνωτέρω
1593 2788 1776 2857 ἔλεγεν
1795 2806 1808 2820 ’

238 2894 262 2929 ς
306 2875 438 2930 Ἰδοὺ
467 2878 495 2929 ό
516 2880 642 2940 παῖς
666 2895 788 2948 μου,
817 2878 875 2931 ὃν
903 2878 1151 2949 ᾑρέτισα,
1173 2880 1201 2932 ό
1223 2878 1474 2943 ἐκλεκτός
1498 2897 1621 2951 μου,
1645 2896 1814 2950 προσ-

232 2965 455 3031 εδέξατο
504 2968 668 3021 αὐτὸν
718 2971 753 3038 ἡ
785 2968 928 3041 ψυχή
959 2987 1083 3041 μου.
1115 2989 1134 3021 ι
1180 2969 1321 3038 Ἐγὼ
1364 2970 1543 3025 τοίνυν
1572 2971 1732 3035 αὐτὸς
1784 2973 1815 3025 0

1916 1900 2038 1939 nam
2068 1899 2257 1941 eorum
2307 1884 2539 1949 mutati,
2574 1883 2666 1953 qui
2697 1883 2827 1939 olim
2856 1882 2986 1938 caeci
3027 1895 3091 1938 et'
3118 1883 3267 1939 surdi
3316 1893 3494 1947 erant,

1914 1978 2223 2048 congregati
2254 1985 2383 2031 sunt
2419 1977 2472 2030 in
2510 1975 2749 2031 Ecclesia
2781 1975 2873 2031 Dei
2905 1994 2921 2030 :
2946 1974 3175 2046 jamque
3216 1974 3496 2059 principes

1913 2076 1979 2123 ex
2034 2069 2228 2123 iisdem
2290 2068 2549 2139 gentibus
2602 2068 2656 2123 in
2730 2068 2985 2138 populum
3050 2069 3143 2123 Dei
3203 2070 3491 2125 constituti

1914 2172 2060 2217 sunt.

1988 2252 2146 2307 Vens.
2190 2251 2343 2309 9-H.
2386 2270 2406 2303 ι
2435 2250 2567 2319 Quis
2598 2252 2941 2306 annuntiabit
2971 2252 3083 2306 lucc
3108 2290 3123 2317 ,
3175 2261 3230 2306 et
3278 2265 3399 2321 qua:
3424 2255 3492 2305 ab

1916 2346 2073 2403 initio
2101 2345 2225 2414 quis
2267 2345 2547 2400 enarrabit
2580 2344 2778 2401 vobis?
2804 2345 3089 2398 Adducant
3131 2352 3296 2398 testes
3341 2359 3492 2412 suos,

1913 2437 2369 2509 ctjustilicentur.
2405 2444 2463 2491 et
2491 2436 2715 2493 audiant
2744 2443 2799 2491 et
2828 2436 3013 2489 dicant
3039 2447 3159 2505 quze
3184 2448 3314 2488 vera
3343 2442 3488 2489 sunt.

1916 2531 2098 2585 Estote
2130 2530 2262 2584 mihi
2302 2540 2510 2592 testes,
2566 2538 2619 2583 et
2674 2542 2773 2599 ego
2831 2528 3004 2592 testis,
3048 2527 3182 2581 dicit
3232 2525 3491 2581 Dominus

1917 2622 2091 2682 Deus.
2120 2629 2175 2675 et
2209 2636 2342 2689 puer
2373 2635 2546 2687 ineius,
2595 2634 2755 2690 quem
2805 2618 2964 2690 elegi.
2996 2639 3015 2671 ι
3071 2618 3338 2685 Quoniam
3390 2634 3493 2691 ego

1915 2712 2055 2767 Deus
2086 2714 2241 2767 testis
2279 2716 2465 2766 eorum
2502 2726 2597 2767 ero
2618 2751 2633 2776 ,
2663 2720 2719 2767 et
2745 2728 2879 2781 puer
2911 2728 3085 2779 meus,
3119 2728 3280 2783 quem
3316 2711 3490 2786 elegi;

1914 2804 1981 2857 de
2008 2818 2115 2872 quo
2138 2804 2389 2872 superius
2419 2803 2636 2858 dicebat
2662 2844 2677 2866 ,
2726 2820 2745 2855 ι
2774 2804 2913 2859 Ecce
2954 2819 3090 2874 puer
3113 2818 3265 2859 meus
3286 2845 3302 2870 ,
3328 2821 3491 2877 quem

1913 2895 2075 2967 elegi,
2105 2896 2313 2951 electus
2338 2909 2511 2958 meus,
2538 2894 2780 2965 suscepit
2802 2909 2924 2949 eum
2950 2897 3129 2951 anima
3156 2910 3295 2952 mea.
3326 2915 3347 2949 ι
3382 2897 3495 2967 Ego

1916 2988 2096 3057 itaque
2128 2988 2245 3057 ipse
2277 2988 2440 3051 Deus,
2482 2997 2535 3041 et
2563 2986 2653 3043 hic
2684 3003 2820 3055 puer
2855 2987 3066 3043 electus
3111 3003 3296 3056 meus,
3337 2990 3491 3045 testi—

196 3118 199 3121 Α
230 3058 396 3122 Θεὸς,
430 3058 525 3111 καὶ
554 3058 584 3110 0
619 3062 746 3123 παῖς
782 3056 934 3124 οὗτος
960 3063 989 3114 0
1016 3061 1272 3124 ἐκλεκτός
1318 3079 1443 3133 μου,
1481 3062 1811 3135 μαρτυρήσω

1917 3056 2123 3136 licabor
2151 3056 2390 3135 testibus
2437 3079 2612 3145 meis,
2665 3078 2811 3149 quod
2861 3078 3117 3134 nimirum
3156 3077 3410 3136 Salvator
3437 3081 3493 3136 in

230 3150 350 3211 τοῖς
375 3149 527 3216 ἐμοῖς
558 3148 791 3219 μάρτυσι
812 3165 826 3178 ·
865 3149 894 3203 δ
924 3149 990 3220 δὴ
1015 3151 1111 3203 καὶ
1135 3150 1368 3221 όΣωτὴρ
1388 3152 1447 3204 ἐν
1461 3150 1813 3221 Εὑαγγελίοις

230 3238 431 3307 ἐδήλου
462 3237 638 3306 λέγων
657 3256 671 3269 ο
706 3257 727 3290 ι
756 3241 851 3302 Ὃς
884 3239 977 3293 ἐάν
1007 3240 1319 3315 ὁμολογήσῃ
1350 3244 1409 3295 ἐν
1441 3242 1565 3312 ἐμοὶ
1608 3241 1813 3313 ἔμπροο

232 3328 367 3383 σθεν
400 3329 507 3383 τῶν
532 3329 852 3401 ἀνθρώπων,
878 3332 1196 3401 ὁμολογήσω
1237 3332 1393 3401 κάγὼ
1422 3335 1480 3388 ὲν
1521 3334 1669 3405 αὐτῷ
1712 3335 1811 3405 εμ-

233 3418 478 3489 προσθεν
508 3420 605 3473 τοῦ
633 3421 844 3489 Πατρός
883 3440 984 3493 μου
1012 3422 1107 3475 τοῦ
1142 3425 1200 3476 ἐν
1236 3426 1349 3488 τοῖς
1388 3425 1655 3496 οὐρανοῖς.
1694 3427 1813 3479 ’Ίνα

228 3508 411 3579 γνῶτε
458 3511 553 3563 καὶ
599 3511 948 3583 πιστεύσητε,
1001 3514 1096 3566 καὶ
1137 3514 1353 3585 συνῆτε,
1401 3515 1484 3567 ὅτι
1534 3515 1647 3583 ἐγώ
1673 3518 1807 3586 ειμι.

297 3622 319 3654 ι
364 3602 711 3673 Ἐμπροσθέν
741 3621 842 3674 μου
873 3605 971 3657 οὐκ
987 3605 1201 3673 ἐγένετο
1220 3605 1379 3671 ἀλλος
1405 3607 1556 3672 Θεὸς,
1582 3609 1674 3661 καὶ
1694 3609 1810 3679 μετ’

228 3693 339 3765 ἐμὲ
367 3694 464 3745 οὐκ
496 3693 627 3746 ἔστι.
652 3712 669 3744 ι
705 3694 777 3746 Τὸ
807 3694 916 3767 γὰρ
936 3697 1107 3750 αῐτιον
1132 3697 1232 3767 τῆς
1255 3698 1350 3750 τοῦ
1379 3698 1615 3770 Χριστοῦ
1658 3716 1810 3770 παρ-

224 3783 423 3844 ουσίας
451 3785 545 3835 καὶ
577 3785 675 3855 τῆς
708 3785 818 3837 τῶν
865 3787 1183 3841 ἀποστόλων
1217 3788 1384 3842 αὐτοῦ
1412 3792 1494 3854 εἰς
1542 3791 1720 3845 πάντα
1742 3790 1813 3845 τὰ

228 3872 371 3945 ιθνη
413 3875 711 3946 μαρτυρίας
739 3875 888 3930 οὐδὲν
925 3878 1111 3949 ἕτερον
1151 3874 1242 3950 ἦν,
1272 3881 1307 3950 ἢ
1342 3881 1403 3932 τὸ
1440 3882 1671 3952 κηρῦξαι
1711 3884 1811 3953 τὴν

228 3963 336 4017 τοῦ
367 3964 499 4017 Θεοῦ
522 3966 741 4033 γνῶσιν,
773 3968 866 4020 καὶ
902 3968 1001 4040 τὴν
1036 3971 1115 4033 εις
1158 3961 1319 4027 αὑτοῦ
1354 3973 1555 4038 πίστιν,
1590 3975 1685 4027 καὶ
1711 3974 1811 4045 τὴν

229 4058 373 4127 περὶ
400 4057 563 4110 αὑτοῦ
598 4057 811 4113 σύνεσιν
860 4063 969 4123 τοῖς
1002 4063 1130 4133 πρὶν
1176 4064 1473 4128 ἀσυνέτοις,
1506 4066 1599 4119 καὶ
1644 4068 1808 4119 ἀσυν-

226 4147 434 4211 θέτοις,
464 4148 557 4201 καὶ
597 4149 865 4213 ἀπίστοις,
906 4153 1000 4204 καὶ
1037 4154 1095 4204 ἐν
1126 4154 1369 4224 ἀγνωσία
1408 4151 1557 4209 οὖσιν
1602 4156 1765 4210 αὑτοῦ
1794 4174 1806 4186 ’

222 4238 309 4301 ὡς
338 4237 426 4291 διά
476 4239 633 4293 τοῦτο
662 4242 991 4310 τυφλώττειν
1019 4247 1145 4306 τοὺς
1182 4245 1284 4315 τῆς
1333 4246 1569 4310 διανοίας
1612 4248 1810 4317 ὀφθαλ-

226 4329 395 4399 μοὺς,
430 4330 523 4381 καὶ
546 4332 671 4401 περὶ
694 4332 793 4403 τὴν
818 4334 1024 4406 πλάνην
1048 4336 1147 4405 τῆς
1183 4334 1343 4389 ἀθέου
1369 4338 1807 4407 εῖδωλολατρείας

1916 3171 2223 3243 Evangeliis
2247 3170 2565 3227 declarabat
2588 3170 2675 3225 his
2716 3170 2918 3236 verbis,
2958 3188 2977 3221 ι
3008 3167 3327 3241 Quicunque
3357 3184 3495 3226 con-

1916 3264 2154 3321 litebltur
2199 3279 2285 3319 me
2326 3277 2509 3318 coram
2560 3261 2897 3326 hominibus,
2942 3260 3247 3315 conﬁtebor
3292 3271 3347 3316 et
3394 3275 3499 3331 ego

1913 3372 2036 3413 eum
2066 3372 2249 3412 coram
2280 3355 2444 3412 Patre
2472 3368 2615 3419 meo,
2648 3354 2738 3423 qui
2771 3355 2825 3408 in
2859 3352 3015 3406 ctelis
3041 3359 3126 3405 est
3152 3350 3221 3402 ".
3252 3368 3270 3401 ι
3291 3369 3397 3402 -ι
3424 3349 3496 3406 Ut

1913 3450 2275 3523 cognoscatis,
2291 3459 2343 3505 et
2360 3448 2595 3504 credatis
2621 3455 2676 3501 et
2706 3442 3036 3513 intelligatis,
3060 3441 3184 3511 quia
3204 3456 3303 3510 ego
3315 3456 3490 3496 sum.»

1986 3542 2151 3597 Vens.
2196 3542 2283 3595 {2.
2332 3560 2351 3591 ι
2381 3542 2520 3594 Ante
2545 3553 2630 3592 me
2668 3551 2775 3591 non
2813 3536 2916 3590 fuit
2945 3534 3085 3589 Deus
3110 3533 3269 3597 alius,
3296 3542 3350 3589 et
3375 3542 3497 3601 post

1915 3650 2000 3690 me
2034 3650 2141 3689 non
2165 3635 2288 3689 erit.
2322 3653 2341 3685 ι
2372 3630 2505 3685 Nam
2531 3629 2733 3686 Christi
2760 3630 3031 3682 adventus
3055 3664 3071 3689 ,
3110 3634 3165 3678 et
3196 3624 3495 3679 testimonii

1916 3741 2013 3796 per
2043 3724 2320 3795 apostolos
2366 3724 2486 3793 ejus
2522 3736 2617 3792 per
2666 3734 2855 3775 omnes
2888 3728 3077 3789 gentes
3122 3716 3352 3771 exliibiti
3386 3730 3492 3769 non

1915 3826 2135 3887 propter
2164 3816 2309 3871 aliud
2340 3824 2479 3875 erat.
2512 3829 2672 3883 quam
2706 3821 2765 3865 ut
2797 3810 3158 3879 pmdicawnt
3192 3808 3285 3863 Dei
3310 3810 3495 3878 cogni-

1916 3910 2144 3972 tionem,
2188 3906 2345 3961 t‘idem
2378 3905 2431 3959 in
2465 3920 2611 3970 eum,
2642 3915 2697 3959 et
2740 3903 3155 3977 intelligentiam
3219 3900 3361 3969 ejus,
3404 3901 3491 3961 iis,

1912 4004 2003 4071 qui
2034 4002 2183 4070 prius
2215 4000 2560 4069 insipientes,
2592 3996 2881 4051 inordinati
2910 4035 2925 4060 ,
2973 4003 3029 4049 et
3059 3992 3301 4047 inlideles
3334 4004 3491 4044 erant

1912 4106 2074 4165 atque
2125 4096 2177 4147 in
2256 4090 2563 4163 ignorantia
2635 4087 2759 4158 ejus
2820 4086 3223 4149 versabantur;
3293 4085 3365 4135 ita
3433 4094 3492 4135 ut

1912 4194 2199 4256 propterea
2249 4182 2445 4235 mentis
2493 4181 2666 4235 oculis
2705 4179 3041 4240 caecutirenI,
3091 4186 3145 4229 et
3190 4178 3244 4229 in
3302 4188 3493 4229 errore

1913 4277 2089 4344 impia:
2113 4271 2429 4327 idololatria
2457 4272 2846 4325 volutarentur.
2880 4288 2900 4322 ι
2933 4268 3047 4339 Ego
3078 4267 3237 4331 Deus,
3287 4276 3344 4320 et
3384 4280 3489 4319 non

1912 4378 1995 4419 est
2042 4372 2238 4434 prmter
2294 4376 2380 4416 me
2431 4360 2702 4416 Salvator.
2751 4377 2771 4409 ι
2837 4357 2969 4411 Nam
3024 4372 3145 4411 cum
3214 4370 3379 4409 unum
3419 4357 3490 4409 sit

220 4419 509 4527 αλῖῖσθαι.
552 4440 571 4472 ι
616 4423 755 4492 Ἐγὼ
783 4426 987 4489 όΘ-δς,
1036 4431 1129 4479 καὶ
1154 4429 1253 4480 οὐκ
1296 4415 1408 4481 ἔστί
1451 4429 1626 4499 παρὲξ
1671 4431 1805 4500 ἐμοῦ

1915 4415 2264 4527 principium.
2330 4469 2433 4507 una
2494 4452 2657 4507 fuerit
2696 4460 2751 4505 et
2787 4450 2998 4514 deitas,
3060 4461 3293 4517 quacum
3336 4461 3462 4499 assu

223 4507 445 4572 αὔξων.
469 4530 489 4561 a
510 4511 655 4573 Μιᾶς
669 4514 774 4587 γὰρ
801 4514 965 4585 οὔσης
992 4517 1184 4588 ἀρχῆς,
1206 4518 1303 4587 μία
1332 4520 1414 4589 εἴη
1449 4520 1514 4571 ἂν
1540 4522 1571 4588 ἡ
1593 4520 1801 4590 θεότης,

222 4593 265 4673 ᾗ
293 4602 887 4672 συμπαραλαμϐάνεται
930 4608 1018 4659 καὶ
1050 4610 1083 4676 η
1118 4608 1211 4659 τοῦ
1258 4610 1591 4677 Μονογενοῦς
1638 4610 1802 4663 αὑτοῦ

222 4690 483 4760 θωλογια

311 4904 335 4937 ‹
380 4888 518 4956 Ἐγὼ
562 4892 859 4961 ἀνήγγειλα
906 4896 999 4945 καὶ
1030 4896 1236 4949 ἔσωσα·
1278 4897 1550 4960 ὡνείδισα,
1583 4900 1677 4951 καὶ
1710 4898 1813 4953 οὐκ

1912 4552 2087 4603 mitur
2126 4547 2399 4619 Unigeniti
2458 4546 2575 4615 ejus
2615 4543 2903 4609 theologia.

1997 4902 2144 4943 qsas.
2190 4907 2275 4938 ω.
2340 4903 2358 4935 ι
2389 4888 2500 4952 Ego
2529 4889 2852 4935 annunttau
2898 4888 2952 4936 et
3001 4876 3205 4930 salvavi
3242 4892 3254 4925 :
3286 4887 3486 4942 expro-

220 4972 303 5047 ἦν
351 4980 407 5029 ἐν
460 4980 586 5048 ὑμῖν
622 4982 916 5053 ἀλλότριος.
977 4986 1165 5055 Ὑμεῖς
1209 4987 1332 5057 ἐμοὶ
1373 4990 1666 5059 μάρτυρες,
1719 4991 1811 5042 καὶ

1915 4982 2085 5043 bravi,
2112 4987 2167 5032 et
2192 4991 2297 5031 non
2323 4984 2443 5029 erat
2468 4976 2519 5027 in
2550 4973 2705 5028 vobis
2727 4971 2955 5025 alienus.
2998 4966 3105 5021 Vos
3136 4966 3265 5021 mihi
3300 4976 3485 5029 testes,

226 5069 352 5137 ἐγὼ
376 5071 573 5141 Κύριος
599 5076 630 5126 0
654 5074 886 5137 Θεὸς’ἐτι
911 5079 1005 5130 an”
1030 5078 1233 5149 ἀρχῆς·
1266 5079 1359 5133 καὶ
1385 5080 1485 5133 οὐκ
1510 5081 1655 5133 ἐστιν
1680 5085 1708 5133 0
1739 5086 1801 5135 ἐκ

1915 5082 1963 5128 et
1999 5087 2099 5143 ego
2126 5070 2388 5125 Dominus
2427 5069 2567 5121 Deus
2606 5066 2771 5120 etiam
2818 5064 2885 5115 ab
2926 5060 3083 5115 initio
3114 5076 3128 5109 :
3156 5067 3211 5112 et
3256 5072 3363 5112 non
3406 5066 3490 5111 est

226 5160 435 5231 χειρῶν
470 5181 571 5232 μου
605 5163 1008 5236 ἐξαιρούμενος.
1037 5169 1278 5239 Ποιήσω,
1308 5172 1398 5222 καὶ
1419 5171 1502 5234 τίς
1535 5172 1803 5241 ἀποστρέ-

1915 5167 2000 5236 qui
2028 5168 2095 5218 de
2125 5162 2373 5217 manibus
2416 5160 2550 5213 meis
2577 5166 2759 5213 eruat.
2785 5153 3028 5216 Faciam,
3058 5159 3112 5207 et
3135 5150 3256 5219 quis
3282 5156 3490 5202 avertet

224 5252 331 5323 ψει
379 5253 541 5317 αὐτός
573 5272 592 5304 s
633 5254 720 5315 Ὠς
772 5256 879 5326 γὰρ
920 5258 1127 5327 μάρτυς
1170 5258 1333 5320 αὐτὸς
1374 5258 1607 5326 ἐλέγετο,
1653 5260 1747 5311 καὶ
1776 5262 1805 5311 0

1915 5256 2109 5311 illud?»
2137 5253 2350 5309 Etenim
2390 5262 2443 5305 ut
2498 5251 2653 5305 testis
2698 5249 3000 5308 dicebatur,
3050 5253 3105 5296 et
3136 5256 3271 5311 puer
3323 5255 3481 5309 quem

223 5343 367 5404 sttui;
396 5343 453 5395 ὃν
483 5344 797 5410 ἐξελέξατο·
826 5347 967 5399 οῦτω
994 5349 1086 5400 καὶ
1118 5348 1251 5411 Θεος
1283 5347 1469 5413 σώζων
1500 5352 1585 5422 εἴη
1606 5350 1672 5404 ἂν
1704 5352 1803 5405 αύ-

1915 5350 2183 5417 elegerat;
2216 5348 2286 5401 ita
2335 5355 2389 5397 et
2433 5346 2546 5411 ipse
2569 5356 2784 5411 quoque
2828 5340 2969 5393 Deus
3003 5336 3250 5391 Salvator
3299 5331 3484 5384 fuerit.

223 5431 344 5496 τός.
394 5434 597 5489 Ὲάνδέ
626 5435 780 5507 λέγῃ,
815 5454 835 5488 t
870 5438 980 5493 Kal.
1018 5440 1118 5492 οὐκ
1166 5438 1280 5494 ἐστι
1333 5441 1506 5512 παρὲξ
1533 5442 1666 5514 ἐμοῦ
1702 5440 1807 5495 σώ-

1915 5438 2062 5504 Quod
2104 5438 2149 5494 si
2186 5436 2349 5498 dicat,
2387 5452 2406 5486 ι
2446 5433 2511 5489 Et
2555 5448 2661 5489 non
2701 5442 2785 5487 est
2812 5441 3006 5501 prater
3040 5442 3122 5481 me
3162 5423 3432 5485 Salvator.
3459 5438 3483 5473 a

223 5673 276 5703 τ’
310 5669 490 5733 Hatth.
530 5694 587 5743 ι,
612 5678 703 5733 3‘2.
