4128 6294
700 315 806 369 899
1431 313 1698 372 EUSEBII
1736 307 2208 374 CESARIENSIS
2246 319 2394 376 OPP.
2439 321 2617 378 PARS
2651 323 2734 378 Ill.
2774 353 2841 364 —
2879 322 3284 382 EXECETICA.
3809 329 3923 384 400

698 445 802 484 non
833 439 1007 480 tamen
1037 436 1198 496 negat
1225 442 1474 496 puerum,
1502 444 1658 497 quem
1692 429 1868 498 elegit,
1899 430 2235 486 Salvatorem
2275 439 2318 494 Α

2291 439 2318 494 \
2350 435 2478 500 ζων,
2519 457 2536 490 ι
2579 441 2677 494 οὐκ
2708 442 3065 515 ἀπαγορεύων
3089 444 3179 496 τὸν
3203 445 3427 517 Σωτῆρα
3453 440 3590 499 εἶναι
3615 446 3706 499 τὸν
3736 450 3921 505 παῖδα

693 535 812 578 esse
842 535 855 571 :
888 520 1058 587 ipsum
1109 519 1254 573 enim
1305 517 1640 576 Salvatorem
1692 521 1940 589 agnoscit
1982 521 2069 576 hic
2120 537 2244 591 pro-

2349 523 2407 587 6v
2434 524 2730 591 ἐξελέξατο,
2762 530 2907 584 τοῦτ’
2934 530 3001 585 ἂν
3037 533 3208 585 εἴποι·
3237 527 3342 586 οἶδε
3368 532 3495 602 γοῦν
3525 535 3684 589 αὐτὸν
3730 538 3924 609 Σωτῆ-

689 614 865 681 plieta,
897 625 1018 664 cum
1049 611 1125 664 ait
1154 629 1167 664 :
1199 629 1217 661 ‹
1251 611 1314 664 Et
1346 611 1523 665 mittet
1550 610 1657 665 illis
1695 611 1952 667 Dominus
1995 612 2241 670 Salvato-

2352 630 2421 684 ρα
2441 616 2470 667 6
2501 616 2690 688 παρὼν
2717 621 3002 691 προφήτης
3035 622 3094 674 ἐν
3117 617 3200 686 οἷς
3222 640 3354 693 φησι
3375 641 3388 654 ⁸
3421 643 3439 674 t
3472 624 3581 678 Καὶ
3622 627 3925 682 ἀποστελεῖ

687 719 799 757 rem
865 702 956 771 qui
1002 701 1234 757 salvabit
1275 716 1386 756 eos.
1413 719 1431 753 ι
1487 700 1592 755 Pro
1634 701 1722 754 illo
1761 711 1960 766 autem,
2009 722 2027 755 ι
2056 719 2249 773 capro-

2349 703 2530 768 αὐτοῖς
2563 705 2765 778 Κύριος
2805 710 3051 782 Σωτῆρα,
3088 712 3147 776 ὃς
3171 713 3332 767 σώσει
3376 715 3593 780 αὐτούς.
3625 735 3644 768 ι
3679 719 3821 772 Ἀντὶ
3855 719 3921 774 δὲ

681 795 855 858 hravi,
888 814 906 847 ι
939 795 1128 866 reliqui
1160 808 1350 849 omnes
1374 793 1720 863 interpretes,
1752 812 1770 844 ι
1793 803 1846 848 et
1864 796 2049 850 audire
2075 796 2227 860 feci,»

2335 790 2448 856 τοῦ,
2478 812 2496 844 ι
2531 795 2802 861 ὠνείδισα,
2845 817 2862 848 ι
2896 800 2944 852 of
2969 799 3144 854 λοιποὶ
3176 801 3508 874 ἐρμηνευταὶ
3536 806 3748 871 πάντες,
3781 811 3921 863 «καὶ

679 887 950 941 dixerunt.

2332 880 2611 950 ήκούτισα,
2655 903 2674 935 ι
2712 887 2979 958 είρήκασι.

749 975 913 1030 \‘sss.
973 975 1152 1030 1H7.
1211 974 1342 1030 «Sic
1397 977 1527 1032 dicit
1581 979 1836 1036 Dominus
1904 978 2083 1039 Deus.
2140 982 2232 1049 qui

2407 990 2426 1020 ι
2449 973 2634 1038 υῦτως
2657 974 2804 1044 λέγει
2828 977 3032 1050 Κύριος
3065 981 3095 1032 6
3133 979 3284 1046 Θεὸς,
3305 984 3335 1035 6
3359 982 3712 1056 λυτρούμενος
3739 987 3915 1058 ὑμᾶς.

677 1066 890 1120 redimit
923 1081 1035 1131 vos,
1063 1066 1292 1122 Sanetus
1317 1066 1518 1123 Israel:
1545 1069 1772 1140 Propter
1811 1087 1904 1127 vos
1933 1073 2138 1127 mittam
2169 1074 2222 1127 in

2339 1066 2367 1117 6
2398 1064 2589 1133 ’Δγιος
2617 1067 2711 1120 τοῦ
2747 1069 2998 1140 Ἰσραήλ·
3053 1071 3274 1125 Ἕνεκεν
3319 1073 3470 1144 ὑμῶν
3505 1077 3784 1130 ἀποστελῶ
3826 1081 3919 1142 εις

673 1155 997 1228 Babylonem
1025 1175 1039 1212 :
1070 1167 1126 1214 et
1149 1161 1423 1215 suscitabo
1446 1160 1714 1231 fugientes
1741 1179 1952 1228 omnes,
1988 1175 2042 1220 et
2069 1165 2231 1220 Chan

2331 1155 2644 1220 Βαϐυλῶνα,
2678 1157 2772 1211 καὶ
2800 1159 3048 1230 ἐπεγερῶ
3066 1159 3364 1230 φεύγοντας
3387 1163 3612 1230 πάντας,
3641 1167 3733 1220 καὶ
3761 1168 3917 1222 Χαλ-

671 1247 771 1303 δεὲ
824 1251 876 1303 in
932 1249 1158 1306 navibus
1220 1251 1538 1309 vincientur.
1598 1253 1712 1324 Ego
1773 1255 2032 1310 Dominus
2088 1257 2228 1311 Deus

2328 1246 2463 1300 δαίοι
2496 1249 2554 1302 ἐν
2604 1249 2809 1313 πλοίοις
2852 1251 3184 1323 δεθήσονται.
3223 1253 3363 1324 Ἐγὼ
3393 1256 3595 1327 Κύριος
3650 1260 3678 1311 6
3714 1259 3851 1325 Θεὸς
3883 1263 3918 1314 6

670 1349 893 1395 sanctus
920 1352 1120 1408 vester,
1153 1343 1495 1410 qui-ostendi
1521 1343 1687 1399 Israel
1738 1361 1914 1416 regem
1965 1358 2222 1402 vestrum.

2329 1336 2481 1404 ἅγιος
2505 1339 2676 1409 ὑμῶν,
2698 1341 2727 1392 6
2760 1341 3076 1407 καταδείξας
3095 1343 3310 1416 Ἰσραὴλ
3343 1346 3564 1416 βασιλέα
3593 1348 3764 1419 ὑμῶν.
3793 1350 3916 1404 Οὖ-

672 1431 763 1486 Sic
787 1433 920 1487 dicit
950 1433 1222 1496 Dominus,
1251 1435 1340 1504 qui
1375 1438 1468 1489 dat
1489 1438 1543 1490 in
1572 1439 1708 1491 mari
1738 1440 1901 1505 viam,
1933 1441 2055 1494 etin
2089 1455 2222 1509 aqua

2326 1444 2432 1491 τως
2464 1429 2610 1499 λέγει
2637 1431 2837 1503 Κύριος
2866 1435 2896 1486 6
2947 1433 3123 1500 διδοὺς
3157 1438 3215 1488 ἐν
3248 1435 3491 1510 Θαλάσσῃ
3521 1439 3660 1503 ὁδὸν,
3713 1442 3802 1495 καὶ
3845 1446 3915 1496 ὲν

669 1524 971 1579 vehementi
1016 1526 1300 1580 semitam:
1327 1527 1420 1596 qui
1471 1528 1658 1583 eduxit
1698 1545 1892 1586 currus
1928 1540 1984 1585 et
2012 1533 2222 1600 equits-

2328 1517 2477 1572 ὕδατι
2495 1522 2697 1594 ίσχυρῷ
2714 1524 2957 1594 τρίδον,ὁ
2976 1526 3255 1596 ἐξαγαγὼν
3271 1529 3488 1601 ἅρματα
3505 1533 3596 1584 καὶ
3618 1534 3778 1587 τππον
3803 1537 3911 1590 καὶ

669 1624 802 1680 tum,
835 1625 890 1670 et
937 1616 1329 1681 multitudinem
1386 1619 1658 1673 robustam
1691 1622 1820 1676 :sed
1855 1622 2219 1690 dormierunt,

2325 1611 2480 1682 δχλον
2532 1615 2774 1686 ίσχυρόν·
2814 1617 2928 1669 ἀλλ’
2978 1619 3369 1692 ἐκοιμήθησαν,
3420 1624 3514 1676 καὶ
3547 1624 3646 1678 οὐκ
3672 1626 3912 1698 ἀναστή-

666 1716 720 1759 et
763 1722 869 1762 non
913 1717 1226 1777 resurgent;
1273 1710 1529 1766 exstincti
1561 1721 1688 1766 sunt
1718 1722 1775 1766 ut
1806 1713 1970 1768 litunn
2020 1714 2224 1768 exstin-

2329 1719 2534 1768 σονται,
2587 1706 2919 1778 ἐσσέσθησαν
2943 1708 3016 1772 ὡς
3050 1710 3192 1763 λίνον
3244 1711 3590 1784 ἐσϐεσμένον.
3622 1734 3642 1766 ι
3692 1715 3749 1770 '0
3773 1717 3906 1781 νοῦι,

664 1808 829 1853 ctum.
852 1817 872 1853 ι
904 1798 1102 1856 Horum
1136 1815 1324 1856 sensus
1370 1802 1458 1858 hic
1493 1815 1576 1858 est
1622 1822 1636 1858 :
1669 1804 1806 1860 Olim
1858 1806 2074 1875 quidem
2125 1802 2216 1858 Ju-

2321 1793 2430 1848 τῶν
2459 1798 2832 1867 προκειμένων
2858 1799 3095 1864 τοιοῦτός
3116 1803 3233 1854 ἐστι
3256 1818 3270 1832 ·
3302 1802 3477 1857 Πάλαι
3505 1805 3606 1874 μὲν
3631 1806 3728 1870 τάς
3755 1807 3907 1878 ἐμὰς

665 1885 824 1945 daico
868 1891 1062 1961 populo
1096 1892 1356 1948 beneficia
1399 1893 1598 1948 contuli
1630 1909 1733 1949 :ac
1779 1911 1937 1959 eum,
1973 1905 2036 1950 ut
2074 1894 2220 1963 ipsos

2322 1886 2640 1956 εὐεργεσίας
2688 1893 2944 1961 παρεῖχον
2987 1890 3065 1960 τῷ
3118 1891 3386 1947 Ἰουδαίων
3418 1894 3562 1949 ἔθνει
3584 1913 3598 1927 ·
3631 1897 3907 1953 παιδεύων

661 1982 980 2052 castigarem
1014 1992 1070 2038 et
1098 1984 1164 2038 ad
1192 1983 1382 2038 bonam
1408 1997 1642 2040 mentem
1671 1987 2006 2053 reducerem,
2042 1985 2214 2056 Baby-
2250 2032 2289 2058 η

2272 2033 2289 2058 ι
2325 1978 2424 2048 μέν
2450 1977 2646 2049 αὐτοὺς
2673 1981 2767 2032 καὶ
2799 1982 3162 2050 σωφρονίζων,
3197 1984 3553 2048 Βαϐυλωνίοις
3582 1988 3902 2058 παρέδωκα,

661 2071 822 2128 loniis
853 2074 1212 2139 tradidissem,
1242 2090 1350 2130 non
1377 2075 1468 2130 diu
1493 2087 1676 2146 postea
1708 2093 1803 2133 eos
1833 2093 1862 2131 a
1893 2077 2214 2146 Babylonica
2251 2069 2291 2088 ¹“’

2277 2069 2291 2085 ’
2317 2069 2417 2122 οὐκ
2448 2070 2528 2132 είς
2559 2069 2766 2141 μακρὸν
2806 2071 3120 2144 ἐλευθέρους
3149 2075 3326 2144 ἀνῆκα
3365 2077 3464 2147 τῆς
3493 2078 3572 2140 είς
3602 2078 3907 2136 Βαϐυλῶνα

661 2165 973 2234 captivitate
997 2165 1195 2221 liberos
1226 2166 1431 2231 dimisi,
1474 2178 1660 2239 utpote
1697 2168 1840 2225 Deus
1872 2179 1924 2223 et
1958 2168 2215 2225 Dominus

2318 2159 2712 2229 αἰχμαλωσίας,
2743 2161 2838 2215 ἅτε
2867 2161 2999 2226 Θεὸς
3020 2162 3096 2216 ὢν
3121 2165 3212 2218 καὶ
3241 2165 3442 2237 Κύριος
3471 2166 3580 2219 τῶν
3603 2167 3754 2221 ὅλων.
3783 2170 3907 2224 A6-

659 2257 1052 2313 universorum.
1069 2257 1321 2326 Ipsosque
1348 2256 1686 2330 Babylonios,
1708 2260 1797 2330 qui
1820 2268 2004 2314 contra
2029 2256 2214 2314 Hiero-

2318 2244 2441 2308 τούς
2465 2262 2525 2298 τε
2553 2244 2924 2312 Βαόυλωνίους
2946 2249 3072 2314 τοὺς
3099 2252 3423 2318 ἐπιστάντας
3447 2258 3514 2326 τῇ
3546 2255 3903 2329 Ἰερουσαλὴμ

657 2348 924 2419 solymam
955 2349 1280 2421 irruperant,
1325 2360 1568 2406 extorres
1597 2351 1729 2415 feci;
1764 2352 1834 2405 ita
1862 2362 1921 2405 ut
1957 2351 2210 2412 Chaldci.

2317 2335 2648 2400 ἀναστάτους
2685 2338 2939 2410 ἐποίησα,
2974 2341 3050 2404 ὡς
3097 2344 3190 2396 καὶ
3225 2347 3370 2415 φυγῇ
3414 2347 3721 2416 χρήσασθαι
3762 2349 3905 2413 τοὺς

657 2442 748 2511 qui
794 2456 956 2511 penes
984 2456 1082 2496 eos
1115 2452 1309 2505 erant,
1363 2442 1416 2496 in
1471 2442 1647 2512 fugam
1697 2457 1756 2496 se
1807 2451 2101 2508 verterent,
2150 2457 2214 2496 ac

2317 2431 2447 2500 παρ’
2479 2431 2658 2492 αὐτοῖς
2684 2431 3006 2497 Χαλδαίους.
3052 2433 3306 2506 δεσμίους
3325 2454 3383 2490 τε
3411 2437 3722 2509 ἀπαχθῆναι
3741 2455 3903 2504 τινας

656 2532 872 2602 quidam
905 2548 1092 2589 eorum
1120 2534 1282 2590 vincti
1313 2534 1380 2588 ab
1397 2533 1518 2587 aliis
1546 2547 1605 2586 se
1631 2532 1942 2588 fortioribus
1973 2533 2025 2587 in
2047 2547 2212 2586 naves

2316 2519 2515 2583 αὐτῶν,
2543 2521 2748 2586 πλοίοις
2767 2523 3134 2595 ἐμϐληθέντας
3153 2527 3212 2581 ἐν
3239 2530 3305 2598 τῇ
3339 2530 3469 2600 παρ’
3487 2531 3671 2594 αὐτοῖς
3698 2530 3880 2586 om

653 2624 1051 2694 conﬁcerentur
1095 2626 1145 2680 in
1172 2626 1306 2680 mari
1335 2625 1434 2680 sibi
1475 2623 1777 2693 adiacente.
1825 2621 1950 2678 Haec
1979 2637 2080 2694 ego
2108 2622 2208 2678 feci

2317 2629 2406 2687 σῃ,
2431 2615 2519 2684 ὑφ’
2551 2615 2750 2686 ἐτέρων
2796 2615 2960 2668 τινῶν
3000 2615 3225 2688 δυνάμει
3257 2620 3660 2691 κραταιοτέρων
3684 2622 3894 2679 αὐτῶν.

654 2714 820 2784 Deos,
843 2727 900 2771 ut
930 2731 1150 2786 regnum
1183 2732 1356 2772 meum
1391 2715 1696 2771 hominibus
1739 2718 2099 2770 ostenderem.

2315 2707 2498 2761 Ταῦτα
2543 2708 2651 2780 γὰρ
2682 2707 2792 2777 ἐγὼ
2823 2708 3199 2780 διεπραξάμην
3247 2709 3276 2761 6
3329 2709 3479 2776 Θεὸς,
3532 2711 3741 2776 δεικνὺς
3784 2711 3900 2787 τὴν

2314 2800 2452 2871 ἐμὴν
2476 2799 2751 2870 βασιλείαν
2775 2800 3099 2872 ἀνθρώποις.

722 2890 884 2946 Vsus.
941 2890 1029 2957 18,
1094 2890 1180 2948 l9.
1251 2891 1374 2948 «Ne
1425 2892 1778 2948 memineritis
1820 2893 2059 2962 priorum
2091 2932 2106 2956 ,
2151 2904 2207 2948 et

2387 2909 2406 2941 s
2427 2890 2515 2961 Μὴ
2547 2892 2911 2963 μνημονεύετε
2959 2892 3026 2946 τά
3054 2893 3266 2964 πρῶτα,
3314 2893 3409 2947 καὶ
3452 2893 3520 2948 τά
3557 2895 3758 2966 ἀρχαία
3804 2895 3895 2968 μὴ

654 2991 832 3038 vetera
867 2997 936 3036 ne
979 2982 1310 3053 recogitetis.
1361 2982 1499 3037 Ecce
1539 2997 1639 3054 ego
1689 2983 1830 3040 facio
1873 2998 2028 3046 nova,
2085 2999 2206 3054 quae

2313 2981 2704 3051 συλλογίζεσθε.
2741 2983 2870 3036 Ἰδοὺ
2915 2983 3026 3052 ἐγὼ
3058 2985 3196 3037 ποιῶ
3228 2985 3410 3050 καινὰ,
3438 2985 3475 3040 ἃ
3497 2984 3592 3038 νῦν
3616 2986 3889 3052 ἀνατελεῐ,

653 3090 794 3129 nunc
825 3075 1094 3138 orientur,
1122 3083 1178 3126 et
1209 3074 1550 3144 cognoscetis
1593 3088 1676 3128 ea.
1703 3093 1724 3127 ι
1767 3073 1967 3130 lndicat
2019 3090 2205 3131 rursus

2310 3075 2404 3126 καὶ
2455 3073 2727 3142 γνώσεσθε
2774 3075 2930 3128 αὑτά.
2960 3095 2978 3127 ι
3037 3076 3197 3146 Δηλοτ
3230 3076 3288 3130 δέ
3321 3076 3484 3130 πάλιν
3532 3077 3632 3148 τὴν
3664 3079 3722 3130 ἐν
3765 3081 3894 3144 τοῖς

653 3164 945 3221 Eeclesiam
1013 3165 1063 3218 in
1118 3164 1370 3234 gentibus
1423 3164 1886 3232 constituendam,
1937 3181 2058 3235 qua
2111 3165 2201 3222 Dei

2309 3163 2484 3217 ἔθνεσι
2531 3165 2941 3236 συστησομένην
3001 3166 3344 3236 Ἐκκλησίαν,
3386 3168 3509 3237 ἥτις
3563 3166 3764 3240 ἔρημος
3805 3165 3893 3241 ἦν

647 3256 954 3326 cognitione
981 3269 1144 3310 vacua
1170 3264 1308 3318 erat,
1342 3263 1625 3325 antequam
1660 3256 1937 3312 adveniret
1955 3257 2203 3314 Christus

2307 3255 2441 3310 Θεοῦ
2463 3254 2713 3323 γνώσεως
2739 3256 2866 3327 πρὶν
2897 3256 3225 3327 ἐπιδημῆσαι
3252 3257 3344 3311 τὸν
3365 3259 3597 3330 Χριστὸν
3619 3260 3713 3313 τοῦ
3740 3261 3888 3316 Θεοῦ

650 3347 764 3411 Dei,
796 3345 885 3415 qui
906 3345 1055 3411 dixit,
1091 3363 1109 3396 ι
1137 3344 1246 3415 Ego
1266 3359 1384 3398 sum
1418 3348 1524 3398 via.
1567 3344 1631 3399 Et
1671 3344 1867 3400 faciam
1898 3347 1949 3402 in
1983 3350 2200 3405 deserto
2227 3373 2272 3433 ο

2257 3374 2272 3432 Ξ
2306 3345 2398 3399 τὸν
2426 3346 2678 3399 εἰπόντα·
2721 3365 2740 3398 t
2779 3346 2919 3415 Ἐγώ
2955 3349 3070 3416 είμι
3095 3349 3128 3416 ἡ
3169 3347 3306 3412 ὁδός.
3337 3350 3448 3403 Καὶ
3481 3351 3692 3421 ποιήσω
3718 3338 3775 3402 ἐν
3802 3353 3887 3422 τῇ

646 3439 809 3501 viam,
843 3447 897 3491 et
924 3436 976 3491 in
1007 3438 1264 3505 inaquoso
1286 3434 1524 3490 llumia.
1555 3455 1575 3488 ι
1616 3434 1814 3491 Verum
1856 3437 1911 3492 in
1945 3438 2056 3502 illo,
2088 3439 2198 3506 ait,

2305 3438 2495 3510 ἐρήμῳ
2529 3437 2665 3502 ὁδὸν,
2712 3438 2805 3490 καὶ
2831 3439 2890 3490 ἐν
2922 3441 2987 3509 τῇ
3022 3437 3233 3510 ἀνύδρῳ
3265 3438 3558 3510 ποταμούς.
3584 3459 3604 3492 ι
3652 3441 3788 3492 Ἀλλ’
3817 3443 3888 3495 ἐν

642 3529 908 3600 quondam
940 3529 1152 3582 deserto
1181 3529 1319 3583 viam
1344 3527 1558 3594 faciam,
1577 3529 2024 3599 quemadmodum
2053 3533 2200 3601 prius

2306 3528 2511 3600 ἐκείνῃ,
2537 3527 2687 3597 φησὶ,
2722 3529 2788 3597 τῇ
2835 3527 3000 3581 πάλαι
3032 3528 3223 3598 ἐρήμῳ
3266 3528 3382 3582 ὁδὸν
3422 3531 3651 3600 ποιήσω,
3685 3529 3887 3602 ὥσπερ

645 3624 700 3678 in
741 3621 873 3676 mari
905 3619 1092 3674 Rubro
1138 3618 1260 3676 feci.
1312 3619 1508 3674 Fluunt
1542 3636 1703 3692 porro
1749 3620 2055 3677 divinorum
2091 3623 2202 3678 elo-

2305 3618 2398 3670 καὶ
2431 3618 2692 3690 πρότερον
2724 3618 2814 3670 ἐπὶ
2838 3617 2935 3687 τῆς
2976 3617 3240 3690 Ἐρυθρᾶς
3265 3619 3540 3698 πεποίηκα
3577 3619 3884 3690 θαλάσσης.

647 3715 897 3785 quiorum
935 3710 1157 3766 ﬂumina
1210 3727 1278 3767 ex
1315 3713 1560 3768 doctrina
1610 3713 1783 3768 sancti
1839 3712 2095 3783 Spiritus,
2144 3716 2199 3770 in

2318 3709 2524 3762 Ῥέουσι
2555 3708 2612 3760 δὲ
2647 3708 2742 3761 καὶ
2789 3708 3022 3778 ποταμοὶ
3049 3707 3205 3761 θείων
3226 3707 3419 3776 λογίων
3442 3709 3508 3762 ἐκ
3531 3708 3887 3774 διδασκαλίας

643 3803 732 3859 illa
785 3804 912 3857 olim
945 3802 1238 3872 lnaquosa;
1270 3803 1727 3872 quemadmodum
1783 3812 1840 3858 et
1883 3805 1984 3859 sub
2017 3804 2201 3876 lloyse

2303 3798 2457 3866 ἁγίου
2485 3797 2798 3868 Πνεῦματος
2827 3800 2905 3860 είς
2943 3797 3041 3868 τὴν
3070 3796 3241 3850 πάλαι
3283 3797 3528 3867 ἄνυδρον,
3565 3798 3641 3863 ὡς
3664 3800 3757 3853 καὶ
3777 3800 3885 3854 ἐπὶ

643 3898 697 3951 in
745 3897 956 3951 deserto
999 3894 1215 3948 flumina
1266 3905 1620 3959 emanarunt:
1675 3897 1769 3950 sed
1825 3895 1934 3950 illic
1982 3897 2197 3965 quidem

2304 3889 2578 3952 Μωῦσέως
2621 3888 2881 3961 ἐρῤευσαν
2909 3890 2967 3942 ἐν
3004 3891 3071 3959 τῇ
3097 3890 3287 3962 ἐρήμῳ
3320 3890 3583 3960 ποταμοί·
3604 3890 3732 3946 ,ἀλλ’
3755 3892 3885 3946 ἐκεῖ

641 4002 915 4057 corporeae
936 4001 1092 4054 aqua:
1118 3996 1292 4049 erant,
1335 3995 1392 4039 et
1430 3996 1622 4041 natura
1665 4000 1760 4040 sua
1792 3984 1946 4040 ﬂuxa:
1986 3995 2042 4040 et
2069 4001 2195 4042 cor-

2307 3983 2402 4052 μὲν
2455 3981 2644 4045 ὓδατος
2698 3978 3028 4050 σωματικοῦ,
3082 3981 3313 4052 ῥευστῆς
3350 3982 3536 4046 οὐσίας
3582 3983 3730 4046 ὄντος
3775 3984 3883 4044 ια).

641 4091 844 4151 ruptae;
890 4093 1036 4134 nunc
1085 4087 1262 4132 autem
1305 4077 1414 4132 Deo
1456 4077 1918 4142 subministrante,
1965 4077 2198 4132 rationa-

2304 4072 2566 4144 φθαρτῆς,
2596 4072 2716 4124 νυνὶ
2752 4071 2810 4124 δέ
2849 4072 2914 4124 ἐκ
2944 4071 3042 4141 τῆς
3073 4069 3255 4124 ἐνθέου
3288 4071 3550 4142 χορηγίας
3597 4072 3693 4125 τοῦ
3732 4072 3884 4142 λογι-

640 4173 762 4228 bllis
797 4181 853 4227 et
877 4169 1172 4238 spiritualis
1199 4169 1591 4240 aquaallnmina
1623 4177 1862 4223 manant.

1536 4185 1591 4222 na
1623 4177 1862 4223 manant.
2305 4159 2402 4215 κοῦ
2436 4161 2531 4213 καὶ
2555 4159 2924 4230 πνευματικοῦ
2957 4159 3166 4223 ὕδατος.

711 4260 875 4315 Vsus.
908 4258 1001 4315 v20.
1042 4275 1060 4309 ι
1086 4256 1412 4312 Benedicent
1439 4257 1566 4310 mihi
1595 4257 1780 4312 bestiae
1804 4257 1938 4326 agri,
1969 4259 2192 4324 sirenes,

2379 4274 2398 4306 ι
2426 4252 2789 4323 Εὐλογήσουσί
2825 4269 2892 4322 με
2919 4251 2989 4305 τὰ
3027 4251 3190 4324 θηρία
3230 4250 3324 4306 τοῦ
3361 4252 3554 4322 ἀγροῦ,
3601 4256 3876 4326 σειρῆνες,

638 4364 692 4406 et
723 4352 844 4406 filiae
871 4349 1230 4404 strutbionum
1265 4366 1279 4404 :
1313 4349 1440 4418 quia
1473 4347 1593 4404 deli
1639 4349 1692 4402 in
1729 4349 1942 4404 deserto
1974 4364 2194 4418 aquam,

2301 4346 2394 4399 καὶ
2424 4344 2716 4417 θυγατέρες
2743 4343 3015 4416 στρουθῶν
3034 4362 3050 4376 ο
3094 4346 3176 4399 ὅτι
3218 4336 3394 4400 ἔδωκα
3420 4349 3478 4400 ἐν
3497 4349 3564 4418 τῇ
3593 4348 3779 4420 ἐρήμῳ
3803 4347 3878 4401 ῦ-

641 4441 934 4497 et‘ﬂumina
972 4441 1025 4494 in
1052 4442 1336 4508 inaquosa,
1370 4442 1436 4494 ad
1470 4439 1764 4508 potandum
1808 4456 1975 4510 genus
2019 4456 2193 4494 meum

2299 4436 2429 4507 δωρ,
2458 4437 2552 4489 καὶ
2605 4435 2882 4505 ποταμοὺς
2912 4438 2969 4489 ἐν
2992 4438 3056 4506 τῇ
3109 4435 3343 4508 ἀνύδρῳ,
3377 4439 3594 4491 ποτίσαι
3622 4439 3683 4492 τὺ
3713 4439 3880 4507 γένος

639 4535 888 4588 electum.
920 4552 939 4584 ι
971 4531 1218 4587 Efferaue
1247 4533 1460 4595 anima,
1493 4529 1948 4586 fluminis-virtute
1969 4545 2194 4586 conver-

2303 4543 2404 4596 μου
2435 4527 2496 4580 τὸ
2526 4526 2795 4580 ἐκλεκτόν.
2817 4546 2835 4578 ι
2869 4529 2932 4580 Δί
2965 4527 3382 4599 ἀπηγριωμέναι
3410 4528 3578 4599 ψυχαὶ
3611 4528 3880 4600 μεταϐλη-

639 4637 732 4688 sae,
772 4640 803 4677 a
851 4623 1024 4678 ferino
1074 4621 1168 4677 illo
1215 4634 1361 4677 statu
1409 4623 1797 4688 mutabuntur;
1849 4623 1921 4677 ita
1969 4633 2027 4677 ut
2069 4623 2196 4692 ipsa:

2301 4618 2548 4688 θήσονται
2570 4617 2671 4686 τῆς
2702 4617 2996 4688 θηριώδους
3023 4618 3408 4682 καταστάσεως
3439 4620 3504 4672 ἐκ
3524 4619 3624 4688 τῆς
3648 4619 3739 4671 τοῦ
3769 4635 3878 4671 πο-

645 4716 767 4771 i'era:
790 4714 1112 4770 benedicant
1170 4716 1325 4769 milii.
1376 4714 1526 4781 Quod
1563 4715 1608 4768 si
1655 4715 1814 4769 etiam
1849 4714 2052 4769 Sirena:
2077 4715 2192 4768 fue-
2223 4719 2267 4774 D

2246 4720 2267 4773 )
2293 4708 2466 4780 ταμοῦ
2500 4708 2780 4777 δυνάμεως
2811 4706 3202 4772 ἀλλωωθεῖσαι,
3226 4708 3302 4772 ὡς
3323 4709 3518 4772 αὐτοὺς
3549 4709 3708 4762 πάλιν
3739 4711 3876 4775 τοὺς

641 4811 766 4872 rint,
808 4808 1076 4877 voluptats
1114 4817 1168 4860 et
1189 4806 1473 4861 diabolicis
1510 4805 1735 4860 canticis
1765 4805 2038 4858 hominum
2070 4807 2180 4857 ani-

2289 4803 2460 4874 θῆρας
2481 4800 2764 4869 εὐλογῆσαι
2789 4815 2873 4868 με.
2910 4799 2972 4851 Εἰ
2991 4798 3047 4851 δὲ
3070 4797 3161 4852 καὶ
3193 4800 3445 4871 Σειρῆνες
3463 4795 3624 4872 ἦσαν,
3658 4800 3876 4868 θέλγου-

639 4916 755 4956 mas
804 4901 1169 4954 demulcentes
1202 4937 1219 4963 ,
1281 4897 1509 4968 poeticis
1575 4896 1903 4950 carminibus
1960 4895 2188 4964 eleganti

2291 4907 2377 4944 σαι
2409 4890 2567 4961 ἡδονῇ
2594 4889 2688 4942 καὶ
2713 4888 2921 4958 ᾅσμασι
2948 4886 3279 4958 δαιμονικοῖς
3305 4889 3540 4952 τάςιτῶν
3563 4889 3872 4961 ἀνθρώπων

637 5007 884 5049 termone
910 4991 1278 5056 concinnatis;
1311 4990 1414 5043 ille
1455 4991 1616 5042 etiam
1651 4989 1941 5042 immutatae
1970 4988 2192 5042 benedi-

2289 4981 2463 5051 ψυχὰς
2497 4983 2554 5033 ἐν
2591 4979 2826 5047 ποιητῶν
2866 4975 3177 5048 πλάσμασιν
3215 4979 3441 5050 εὐεπείᾳ
3477 4980 3651 5049 λόγων
3701 4999 3871 5036 κεκο-

638 5094 760 5140 cent
811 5085 988 5139 mihi:
1024 5085 1350 5151 insnperque
1426 5079 1546 5134 tiliae
1608 5079 2006 5143 struthionum;
2077 5078 2190 5131 sive

2294 5072 2620 5142 σμημιενοις⁸
2653 5070 2788 5123 ἀλλά
2818 5073 2911 5123 καὶ
2943 5064 3102 5124 αὗται
3125 5071 3521 5141 μεταϐαλοῦσαι
3553 5072 3872 5144 εὑλογήσουο

638 5177 928 5230 secundum
959 5174 1195 5242 reliquos
1213 5173 1560 5242 interpretes,
1583 5191 1600 5220 ι
1626 5171 2099 5225 etstrutliocameli
2122 5185 2137 5231 ;
2166 5189 2183 5220 ι

2296 5164 2346 5215 σί
2381 5181 2448 5233 με
2469 5180 2481 5193 ο
2525 5163 2604 5216 ἔτι
2643 5179 2705 5231 γε
2744 5161 2846 5232 μὴν
2878 5163 2971 5215 καὶ
3011 5163 3304 5234 θυγατέρες
3335 5164 3638 5236 στρουθῶν·
3664 5164 3696 5235 ἢ
3722 5167 3869 5220 κατά

637 5275 823 5334 estque
853 5266 978 5318 illud
1029 5265 1227 5318 animal
1281 5267 1330 5318 in
1368 5264 1658 5318 solitudine
1702 5273 1756 5315 et
1791 5263 2019 5317 desertis
2060 5262 2192 5317 locis

2292 5256 2414 5318 τοὺς
2455 5255 2672 5317 λοιποὺς
2724 5253 3081 5324 ἑρμηνευτάς,
3145 5273 3162 5303 ι
3192 5256 3285 5306 καὶ¹
3319 5255 3804 5328 στρουθοκάμηλοι,
3843 5277 3863 5308 ι

639 5360 863 5424 degens;
905 5358 1044 5425 quod
1085 5366 1140 5410 et
1184 5357 1356 5425 ipsum
1411 5356 1476 5408 ad
1536 5353 1998 5408 mansuetudinem
2037 5355 2194 5407 redu-

2291 5341 2427 5405 ζῶον
2443 5345 2500 5396 ὲν
2516 5343 2770 5415 ἐρημίαις
2795 5343 2887 5395 καὶ
2914 5343 3116 5414 χώραις
3141 5345 3412 5413 ἀοικήτοις
3439 5344 3740 5414 γινόμενον,
3769 5346 3868 5397 καὶ

637 5458 803 5509 rtnm,
838 5448 960 5501 mihi
980 5449 1086 5502 Deo
1115 5448 1430 5502 benedicere
1453 5447 1758 5500 docebitur.
1787 5443 1986 5497 Herum
2011 5454 2187 5497 autem

2291 5435 2419 5487 αὐτὸ
2448 5434 2726 5506 ήμερωθὲν
2761 5435 3000 5502 εὐλογεῖν
3036 5435 3135 5504 ἐμὲ
3175 5437 3265 5488 τὸν
3296 5434 3430 5489 Θεὸν
3466 5435 3864 5507 μαθηθήσεται.

637 5554 795 5593 causa
834 5541 934 5592 erit
961 5556 1098 5609 aqua
1129 5540 1241 5604 illa,
1270 5553 1429 5609 quam
1473 5539 1525 5591 in
1552 5541 1769 5593 deserto
1805 5536 1947 5600 dedi,
1976 5549 2184 5590 necnon

2291 5528 2503 5581 Τούτων
2523 5528 2579 5579 δὲ
2608 5528 2778 5580 αἴτιον
2801 5528 2948 5581 ἔσται
2969 5529 3027 5580 τὸ
3048 5529 3137 5580 ὑπ’
3170 5528 3302 5598 ἐμοῦ
3323 5528 3471 5581 δοθὲν
3501 5532 3556 5581 ὲν
3578 5531 3642 5598 τῇ
3671 5529 3867 5598 ἐρήμῳ

635 5631 909 5684 fluminum
946 5630 998 5684 in
1024 5631 1308 5686 solitudine
1336 5630 1663 5685 manantium
1693 5631 1772 5684 vis
1811 5637 1860 5684 et
1892 5628 2064 5698 COllla.

2295 5617 2455 5688 ὕδωρ,
2492 5620 2582 5671 καὶ
2615 5618 2773 5688 ἡτῶν
2808 5619 3064 5689 ποταμῶν
3090 5617 3316 5689 δύναμις
3346 5619 3453 5675 τῶν
3485 5623 3542 5673 ἐν
3574 5621 3639 5690 τῇ
3669 5619 3867 5692 ἐρήμῳ

2293 5712 2383 5778 ρευ
2395 5709 2614 5763 πάντων.
