4128 6294
210 389 294 443 ‘Ol
1113 383 1619 443 COMHENTARIA
1657 383 1724 439 ΙΝ
1762 381 1764 436 ἶ

1868 381 2020 439 .IAII.
2058 412 2129 423 —
2164 378 2322 436 CAP.
2364 375 2546 432 XLIV.

3340 366 3449 422 402

275 527 293 559 ι
322 508 456 562 Λαόν
486 525 591 580 μου
615 509 676 563 ὃν
696 507 1165 579 περιεποιησάμην
1183 505 1283 571 τὰς
1300 505 1501 579 ἀρετάς
1528 522 1630 577 μου
1656 504 1764 575 διη-

1947 501 2106 557 Vens.
2158 500 2251 565 2|,
2296 498 2388 555 22.
2445 516 2462 547 ι
2496 492 2755 563 Populum
2790 505 2967 546 meum
2989 503 3149 559 quem
3182 484 3449 580 acquisivi

209 599 403 669 γέῖσθαι
426 617 441 629 ·
470 601 534 654 οὺ
582 598 679 653 νῦν
708 599 944 653 trama
976 614 1058 662 σε,
1100 596 1316 661 Ἰακὼϐ,
1356 597 1479 651 οὐδὲ
1515 596 1772 651 κοπιάσαι

1875 605 1932 651 ιιι
1961 594 2190 649 virtutes
2224 606 2372 647 meas
2399 595 2651 643 narraret
2689 602 2702 638 :
2736 599 2839 637 non
2873 596 3017 636 nunc
3061 578 3247 634 vocavi
3278 586 3331 632 te
3355 574 3454 633 Ja-

210 707 260 743 σε
284 691 531 762 ἐποίησα,
568 689 802 763 Ἰσραήλ.
827 709 847 742 ι
872 691 935 745 Ei
959 689 1058 760 μὲν
1085 688 1193 762 γὰρ
1221 688 1386 761 θῆρες
1404 689 1454 742 οι
1476 689 1655 761 ἀγριοι.
1680 688 1764 741 καὶ

1873 687 1996 750 cob.
2033 700 2209 756 neque
2235 685 2489 740 laborare
2517 690 2570 735 te
2594 678 2716 742 feci,
2741 676 2926 732 Israel.
2956 694 2976 728 ι
3027 672 3254 729 Etiamsi
3302 670 3448 727 enim

210 782 436 853 σειρῆνες
463 780 559 835 καὶ
591 783 648 835 αί
680 780 981 854 θυγατέρες
1006 780 1116 834 τῶν
1149 779 1425 852 στρουθῶν
1447 780 1772 851 εὐλογήσου-

212 872 257 925 σί
290 890 351 943 με
375 891 386 903 ·
416 874 480 927 σὺ
500 873 581 939 δὲ,
621 872 836 937 Ἱακὼδ,
872 874 1024 928 οὐδὲν
1056 872 1293 927 τοιοῦτον
1324 872 1623 945 διεπράξωο
1658 870 1771 925 ἀλλ’

207 964 314 1018 οὐδὲ
340 963 577 1039 ἠξίωσας
602 965 704 1036 ἐμὲ
729 964 1122 1029 ἐπικαλεῖσθαι,
1154 982 1172 1016 ι
1194 964 1493 1036 ὲκοπιάθης
1515 983 1534 1016 i
1562 964 1620 1019 δὲ
1648 984 1665 1016 ι
1693 965 1773 1028 είς

208 1056 313 1126 ἐμὲ,
337 1073 355 1106 i
381 1056 523 1111 κατά
570 1058 663 1112 τὸν
692 1058 1007 1130 Σύμμαχον,
1036 1056 1215 1112 καίτοι
1242 1056 1377 1128 ἐμοῦ
1406 1058 1480 1129 μὴ
1507 1058 1768 1129 ποιήσαν-

208 1144 288 1209 τος
316 1161 373 1197 σε
397 1147 683 1201 κοπιάσαι.

273 1339 291 1371 ι
320 1322 427 1376 Οὐκ
443 1324 683 1394 ἦνεγκάς
710 1343 797 1395 μοι
827 1324 1075 1397 πρόσατά
1097 1343 1191 1380 σου
1220 1325 1321 1397 τῆς
1345 1324 1771 1396 ὁλοκαρπὼσεὼς

209 1428 311 1478 σου,
332 1415 447 1468 οὐδὲ
469 1417 529 1469 ὲν
546 1420 669 1481 ταῖς
699 1417 909 1483 θυσίαις
935 1436 1027 1473 σου
1054 1419 1311 1486 meum
1340 1436 1408 1488 με
1429 1435 1442 1449 ·
1482 1419 1581 1472 οὐκ
1619 1418 1769 1472 ἐδού-

207 1501 340 1557 λωσά
370 1522 425 1557 σε
456 1507 515 1559 ὲν
538 1506 772 1572 θυσίαις,
803 1509 924 1563 οὐδὲ
945 1508 1179 1578 ἔγκοπον
1211 1510 1442 1581 ἐποίησά
1464 1526 1523 1564 σε
1546 1511 1605 1563 ὲν
1625 1508 1770 1561 λιϐά-

208 1610 292 1665 vo.
317 1614 335 1646 ι
371 1597 562 1661 Ὅπως
590 1598 687 1652 καὶ
714 1600 772 1651 ὲν
790 1602 904 1663 τοῖς
933 1600 1311 1672 προκειμένοις
1338 1602 1402 1670 τῇ
1427 1600 1640 1672 ἐρήμῳ,
1675 1599 1769 1652 καὶ

208 1687 308 1748 τοῖς
329 1686 383 1738 ὲν
412 1688 549 1758 αὐτῇ
578 1688 789 1761 Θηρίοις
812 1690 1031 1759 ἀγαθῶν
1072 1691 1293 1754 ἐλπίδας
1321 1690 1727 1761 εὐαγγελίζεται
1750 1708 1763 1720 ·

207 1777 282 1832 τὸν
309 1778 361 1831 δὲ
387 1779 514 1833 λαὸν
536 1782 630 1835 τὸν
660 1783 723 1836 ὲκ
756 1785 1054 1857 περιτομῆς
1091 1787 1180 1840 ἐπ’
1211 1784 1488 1849 ἀσεῦείαις
1532 1784 1763 1855 stensi,

204 1871 256 1923 ὃν
281 1873 365 1926 καὶ
396 1871 595 1927 Ἰακὼδ
655 1875 812 1929 καλεῖ
834 1875 928 1928 νῦν
971 1877 1064 1931 καὶ
1100 1876 1314 1948 Ἰσραήλ
1333 1893 1345 1907 ·
1377 1876 1549 1940 οὕτως
1580 1876 1763 1942 ἁπλῶς

209 1959 370 2031 ξηροῖς
388 1963 647 2034 ὀνόμασιν
677 1961 800 2019 οὕτε
830 1965 1013 2020 δοῦλον
1035 1966 1220 2029 αὑτοῦ,
1254 1965 1377 2021 οὔτε
1410 1967 1663 2021 ἐκλεκτὸν
1690 1970 1765 2020 εί-

206 2049 328 2114 πὼν,
353 2053 484 2125 ὅπερ
506 2055 683 2109 ἐποίει
710 2056 804 2110 ἐπὶ
830 2056 923 2109 τοῦ
946 2057 1252 2127 κρείττονος
1273 2058 1569 2129 τάγματος.

272 2255 438 2308 ιΟῦδὲ.
486 2257 708 2326 ἐκτήσω
762 2276 850 2329 μοι
894 2259 1158 2330 ἀργυρίου
1204 2259 1475 2330 θυμίαμα,
1530 2261 1650 2315 οὐδὲ
1704 2262 1766 2315 τὸ

208 2345 356 2418 στέαρ
386 2348 492 2400 τῶν
530 2348 734 2403 θυσιῶν
765 2366 858 2404 σου
892 2350 1246 2422 ἐπεθύμησα”
1286 2351 1422 2404 ἀλλὰ
1450 2354 1508 2406 ὲν
1540 2355 1659 2417 ταῖς
1702 2354 1765 2407 ἁ-

209 2438 445 2508 μαρτίαις
474 2457 571 2493 σου
600 2442 868 2513 προέστης
887 2460 1010 2512 μου,
1033 2443 1129 2497 καὶ
1162 2445 1218 2496 ἐν
1246 2447 1363 2508 ταῖς
1392 2444 1624 2505 ἀδικίαις
1648 2462 1762 2498 σου.

218 2526 344 2595 Ἐγώ
373 2532 505 2601 εἰμι,
540 2531 654 2600 ἐγώ
684 2535 819 2603 εἰμι,
871 2536 900 2587 ὁ
928 2534 1224 2603 ἐξαλείφων
1259 2535 1357 2599 τὰς
1412 2538 1639 2606 ἀνομίας
1672 2554 1764 2591 σου

201 2617 371 2672 ινεκεν
404 2623 559 2693 ἐμοῦ,
595 2624 813 2689 καὶτὰς
844 2625 1117 2697 ἁμαρτίας
1146 2645 1260 2686 σου.
1291 2628 1385 2681 καὶ
1418 2629 1479 2681 οὐ
1516 2630 1588 2699 μὴ
1628 2647 1763 2699 μνη-

210 2710 477 2784 σθήσομαι.
512 2716 585 2768 Σὺ
637 2716 695 2769 δὲ
732 2717 1016 2790 μνήσθητι,
1075 2721 1167 2772 καὶ
1209 2720 1504 2791 κριθῶμεν.
1539 2742 1557 2773 ι
1610 2721 1764 2793 Καλὴ

209 2799 302 2870 γὰρ
326 2803 357 2871 ἡ
391 2804 579 2875 μνήμη
606 2805 717 2857 τῶν
743 2807 1019 2880 προτέρων
1048 2810 1461 2882 ἁμαρτημάτων
1483 2811 1550 2864 δι’
1576 2811 1763 2883 ἐξομο-

208 2890 458 2961 λογήσεως
507 2896 952 2970 ὲξηγορευμένη’
995 2900 1076 2953 διὸ
1138 2901 1425 2973 ἐπιφέρει’
1482 2903 1649 2970 «Λέγε
1699 2907 1763 2958 σὺ

210 2984 402 3052 πρῶτος
429 2987 528 3051 τὰς
555 2989 831 3060 ἁμαρτίας
884 3008 1000 3057 σου,
1057 2992 1144 3046 ἵνα
1193 2994 1488 3065 δικαιωθῇς
1508 3011 1521 3025 ο
1558 3015 1575 3047 ι
1606 2994 1763 3049 τοῦτο

210 3076 305 3148 γὰρ
332 3079 493 3133 ποιῶν
512 3081 850 3154 δικαιωθήσῃ
874 3099 889 3113 ⁸
929 3085 1119 3155 ἐπειδὴ
1164 3086 1373 3149 δίκαιος
1418 3085 1583 3140 αὑτοῦ
1630 3105 1761 3141 κατ-

215 3169 393 3241 ήγορος
418 3174 476 3225 ὲν
504 3175 869 3246 πρωτολογίᾳ.

276 3279 291 3309 ι
315 3261 374 3314 υί
404 3265 641 3335 πατέρες
671 3264 821 3335 ὑμῶν
852 3265 1078 3335 πρῶτοι,
1117 3268 1211 3321 καὶ
1238 3270 1287 3322 οἱ
1319 3270 1579 3341 ἄρχοντες
1611 3271 1763 3341 ὑμῶν

209 3348 462 3422 ὴνόμησαν
486 3359 569 3419 είς
606 3354 725 3426 ἐμέ.
759 3357 868 3411 Καὶ
905 3358 1133 3429 ἐμίαναν
1161 3361 1211 3412 οί
1257 3361 1514 3432 ἄρχοντες
1539 3364 1606 3415 τὰ
1635 3364 1766 3430 ἆγιά

213 3456 317 3507 μου.
359 3443 463 3497 Καὶ
499 3446 678 3500 ἔδωκα
727 3446 987 3503 ἀπολέσαι
1023 3448 1236 3516 Ἰακὼϐ,
1287 3452 1377 3505 καὶ
1414 3452 1629 3523 Ἰσραὴλ
1685 3456 1764 3517 εἰς

211 3528 507 3605 ὁνειδισμόν.
538 3556 557 3589 ι

695 3608 1090 3663 ΚΕΦΔΔΑῘΟΝ
1122 3613 1254 3665 MA'.

276 3710 293 3740 ι
330 3693 436 3748 Νῦν
464 3696 520 3751 δὲ
557 3698 1018 3763 ἄκουσον,’1ακὼ6
1049 3704 1077 3754 ὁ
1109 3706 1236 3768 παῖς
1273 3722 1393 3775 μου,
1419 3707 1760 3779 καὶΊσραὴλ,

208 3779 259 3833 ὃν
284 3783 625 3861 ἐξελεξάμην.
652 3812 670 3843 i
704 3795 803 3846 Διά
830 3794 1033 3849 τούτων
1079 3798 1168 3851 τὸν
1195 3800 1353 3870 χορὸν
1398 3798 1552 3868 αὖθις
1588 3805 1678 3858 τὸν
1710 3807 1765 3859 ἀ-

210 3879 499 3939 ποστολικδν
530 3885 903 3941 ἀ-ποκαλείται.

274 3993 290 4024 ι
312 3974 460 4029 Οὕτω
487 3976 639 4045 λέγει
660 3977 862 4049 Κύριος
906 3983 936 4034 ὁ
965 3981 1098 4047 Θεὸς
1144 3985 1173 4037 ὁ
1217 3987 1450 4055 ποιήσας
1500 4004 1581 4051 σε,
1612 3990 1703 4042 καὶ
1736 3993 1764 4044 ὁ

210 4065 399 4133 πλάσας
444 4088 502 4124 σε
551 4070 617 4123 ἐκ
646 4070 888 4135 κοιλίαςο
924 4074 1045 4128 Ἔτι
1075 4075 1389 4150 βοηθηθήσῃ
1412 4096 1425 4108 ·
1471 4081 1545 4152 μὴ
1574 4082 1761 4149 φοϐοῦ,

209 4157 319 4219 παῖς
353 4174 451 4227 μου
485 4157 705 4222 Ἰακὼ6,
736 4161 827 4213 καὶ
846 4161 1199 4234 ἡγαπημὲνος
1244 4166 1476 4239 Ἰσραὴλ,
1503 4170 1562 4223 ὃν
1584 4170 1762 4237 ἐξελε-

208 4242 383 4314 ξάμην.
417 4250 539 4303 Ὅτι
574 4250 684 4317 ἐγὼ
713 4249 868 4304 δώσω
898 4251 1043 4324 ὕδωρ
1073 4256 1131 4307 ὲν
1169 4256 1310 4326 δίψει
1332 4261 1440 4321 τοῖς
1464 4262 1764 4333 πορευομέ-

206 4352 302 4400 νοις
328 4341 381 4391 ὲν
406 4341 643 4412 ἀνύδρῳ.
672 4342 917 4414 ἐπιθήσω
935 4346 993 4397 τὸ
1019 4345 1235 4417 πνεῦμά
1271 4367 1371 4420 μου
1395 4352 1486 4403 ἐπὶ
1517 4352 1575 4405 τὸ
1597 4353 1763 4425 σπέρ-

209 4442 275 4495 μα
307 4447 413 4495 σου,
455 4434 554 4487 καὶ
584 4433 682 4497 τὰς
712 4433 960 4504 εὐλογίας
1008 4455 1111 4508 μου
1153 4440 1243 4492 ἐπὶ
1290 4440 1359 4494 τὰ
1399 4443 1563 4496 τέκνα
1597 4461 1709 4497 σου.
1738 4464 1758 4497 i

1875 777 2112 833 futurum
2138 778 2229 842 sit,
2262 786 2321 831 ut
2343 782 2587 845 agrestes
2612 770 2765 835 fere,
2809 768 3030 831 sirenae,
3060 776 3116 820 et
3150 765 3273 820 tiliae
3300 773 3450 820 stru-

1875 872 2116 925 tliionum
2174 867 2498 924 benedicant
2551 863 2719 928 milii;
2774 872 2831 917 tu
2865 874 3019 928 sane,
3078 857 3271 925 Jacob,
3309 854 3457 911 nihil.

1870 962 2048 1018 simile
2079 960 2253 1016 fecisti
2281 976 2297 1024 ;
2326 959 2421 1014 sed
2451 970 2630 1027 neque
2666 954 2920 1025 dignatus
2950 966 3011 1007 es
3044 965 3132 1007 me
3158 950 3446 1012 invocare.

1876 1073 1894 1106 ι
1933 1052 2303 1121 defatigatus»
2373 1058 2553 1105 autem
2613 1064 2633 1100 ι
2681 1062 2743 1102 es
2795 1047 2849 1100 in
2911 1058 3033 1109 me,
3075 1060 3094 1095 ι
3150 1040 3447 1099 secundum

1870 1145 2293 1217 Symmachum,
2346 1141 2562 1199 etiamsi
2608 1155 2710 1211 ego
2753 1144 2863 1194 u'on
2903 1147 2957 1193 te
2998 1137 3249 1192 laborare
3300 1132 3451 1190 fece-

1870 1241 1992 1293 ritu.

1940 1331 2101 1385 Vens.
2139 1329 2230 1385 25.
2288 1347 2308 1380 ι
2338 1327 2455 1382 Νοιι
2503 1323 2749 1381 obtulisti
2787 1321 2922 1378 mibi
2963 1321 3095 1378 oves
3139 1315 3446 1373 holocauin

1869 1424 1945 1477 lui
1980 1439 1993 1475 :
2023 1436 2198 1493 neque
2227 1423 2279 1475 in
2309 1420 2598 1476 sacrificiis
2626 1420 2733 1475 tuis
2762 1414 3081 1489 gloriﬁcain
3120 1426 3206 1466 me
3226 1449 3244 1476 ,
3272 1423 3450 1474 neque

1866 1516 2076 1571 servire
2101 1525 2154 1569 te
2179 1514 2281 1569 feci
2316 1513 2373 1568 in
2407 1514 2667 1580 victimis,
2700 1523 2878 1581 neque
2909 1507 3150 1562 laborem
3181 1504 3277 1559 tibi
3306 1516 3449 1573 pra.

1868 1606 1956 1660 bui
1982 1605 2036 1659 in
2065 1604 2243 1659 tliure.
2271 1621 2291 1655 ι
2323 1599 2789 1669 Quemadmodum
2822 1597 2912 1654 bic
2937 1592 3258 1658 solitudini,
3287 1589 3448 1645 feris-

1866 1714 1973 1769 que
2026 1711 2147 1751 eam
2205 1694 2569 1749 incolentibus
2623 1694 2890 1747 honorum
2941 1701 3092 1758 spem
3135 1682 3447 1744 annuntiat,

1866 1788 2235 1860 populumque
2278 1801 2345 1841 ex
2378 1783 2804 1841 circumcisione
2850 1782 2917 1837 de
2962 1778 3243 1847 impietate
3285 1789 3448 1831 coar-

1866 1882 2001 1955 guit,
2031 1895 2191 1950 quem
2219 1893 2364 1933 nunc
2386 1877 2556 1934 Iacob
2587 1890 2642 1933 et
2662 1874 2832 1932 Israel
2865 1882 3173 1942 nuncupat;
3208 1870 3279 1924 ita
3310 1867 3449 1924 sim-

1864 1973 2079 2044 pliciter
2099 1972 2267 2027 allato
2283 1970 2401 2040 ejus
2430 1970 2669 2035 nomine,
2694 1983 2793 2023 nec
2814 1982 3053 2032 servum,
3078 1980 3177 2020 nec
3207 1963 3447 2019 electum
3488 2009 3491 2012 ι

1869 2074 2025 2119 vocat
2075 2064 2270 2130 illum,
2308 2065 2451 2134 quod
2498 2072 2679 2117 tamen
2740 2061 2805 2116 de
2854 2057 3219 2131 pmstantiori
3253 2054 3450 2113 ordine

1868 2156 2096 2226 loquens
2121 2158 2397 2211 observat.

1939 2249 2104 2304 νεεδ.
2158 2248 2349 2303 24-26.
2408 2247 2633 2317 «Neque
2662 2254 2889 2315 argento
2923 2243 3103 2300 emisti
3144 2240 3275 2296 milii
3323 2238 3441 2311 tliy-

1867 2340 2091 2407 miama,
2146 2342 2321 2412 neque
2361 2340 2574 2409 adipem
2619 2339 3015 2395 sacrificiorum
3064 2344 3284 2390 tuorum
3313 2348 3446 2388 cou-

1869 2434 2083 2503 cupivi;
2117 2435 2209 2488 sed
2241 2434 2293 2488 in
2326 2432 2564 2502 peccatis
2589 2434 2696 2486 tuis
2717 2439 2846 2485 ante
2892 2444 2980 2484 me
3023 2427 3253 2491 stetisti,
3285 2433 3338 2481 et
3390 2424 3444 2479 iu

1869 2524 2251 2593 iniquitatibus
2287 2526 2415 2579 tuis.
2450 2524 2562 2595 Ego
2597 2538 2737 2587 sum,
2774 2535 2875 2593 ego
2914 2536 3035 2575 sum
3059 2563 3073 2587 ,
3136 2519 3225 2587 qui
3287 2516 3446 2572 deleo

1868 2617 2184 2685 iniquitates
2210 2624 2334 2670 tuas
2362 2629 2584 2684 propter
2618 2629 2727 2680 me,
2756 2623 2811 2668 et
2840 2622 3066 2683 peccata
3099 2622 3225 2676 tua;
3257 2617 3313 2665 et
3338 2625 3445 2662 nou

1870 2708 2220 2764 recordabor.
2292 2706 2371 2761 'l‘u
2432 2718 2614 2761 autem
2670 2714 2965 2766 memento,
3023 2714 3079 2757 et
3136 2702 3447 2771 iudicemur

1867 2800 2047 2853 simul.
2083 2814 2217 2856 nom
2276 2814 2468 2864 quurps
2516 2815 2614 2854 εει·
2672 2812 3031 2852 ινιιιςτιιιοιιωι
3093 2808 3445 2850 reccnowl

1867 2906 2105 2947 Ill-IIIOBIA
2159 2907 2265 2947 CUI
2308 2904 2663 2947 CONFESSIONE
2716 2905 3018 2945 CONJIIXCTA
3058 2906 3072 2942 2
3114 2897 3449 2958 quapropter

1868 2984 2050 3048 infert,
2085 3002 2105 3036 ι
2133 2982 2227 3038 Dic
2251 2993 2308 3038 tu
2337 2984 2549 3053 primus
2576 2993 2798 3052 peccata
2830 2996 2943 3046 tua,
2968 2991 3025 3035 ut
3049 2980 3368 3050 justiliceris
3391 2999 3403 3034 :
3423 2999 3440 3029 ι

1870 3074 1922 3127 id
1977 3090 2146 3145 agens
2190 3073 2623 3144 justiticaberis;
2678 3075 2805 3143 quia
2856 3074 3033 3142 justus
3074 3073 3127 3126 in
3180 3071 3448 3141 principio

1791 3185 1833 3241 ο
1866 3165 2138 3220 sermonis
2174 3173 2463 3219 accusator
2486 3174 2572 3219 est
2597 3164 2702 3219 sui.

1937 3254 2103 3311 Vens.
2149 3254 2242 3319 27,
2291 3254 2384 3310 28.
2440 3273 2460 3306 ι
2493 3254 2685 3310 Patres
2721 3254 2889 3309 vestri
2924 3253 3109 3322 primi,
3156 3263 3211 3308 et
3245 3252 3445 3322 princi-

1867 3362 1961 3415 pes
1993 3346 2160 3402 vestri
2204 3346 2391 3415 inique
2419 3353 2650 3416 egerunt
2680 3346 2733 3399 in
2776 3360 2887 3399 me.
2938 3345 3004 3399 Et
3029 3344 3444 3399 contaminave-

1868 3448 1993 3489 runt
2025 3437 2296 3506 principes
2324 3447 2515 3491 sancta
2566 3448 2707 3490 mea.
2766 3434 2832 3490 Et
2881 3436 3001 3490 dedi
3060 3436 3112 3490 in
3163 3435 3444 3490 interitum

1866 3527 2055 3590 Jacob,
2078 3537 2129 3582 et
2160 3525 2328 3583 Israel
2373 3529 2427 3582 in
2465 3526 2838 3596 Opprobrium.
2863 3546 2883 3579 ι

2428 3617 2656 3674 CAPUT
2693 3617 2875 3673 XLIV.

1935 3712 2095 3767 VERS.
2156 3712 2205 3767 Ι.
2257 3729 2277 3763 ι
2310 3709 2463 3766 Nunc
2494 3723 2674 3769 autem
2701 3712 2849 3777 audi,
2880 3709 3051 3767 Iacob
3090 3724 3225 3780 puer
3269 3723 3440 3771 meus.

1864 3816 1919 3861 et
1970 3803 2161 3868 Israel,
2221 3818 2382 3874 quem
2438 3803 2595 3874 elegi.
2628 3823 2648 3858 δ
2702 3802 2797 3860 llis
2846 3803 3042 3858 iterum
3088 3800 3446 3871 apostolicum

1865 3898 2095 3952 chorum
2125 3905 2338 3951 evocat.
2520 3880 2523 3883 ἰ

1938 3988 2101 4043 Vens.
2168 3986 2224 4049 2,
2286 3987 2342 4040 3.
2402 4006 2420 4037 ι
2454 3984 2546 4040 Sic
2598 3985 2729 4040 dicit
2784 3985 3047 4039 Dominus
3110 3984 3253 4039 Deus
3285 4024 3301 4048 ,
3352 3984 3445 4053 qui

1866 4079 1997 4134 fecit
2022 4087 2096 4143 te,
2130 4077 2183 4134 et
2221 4077 2479 4133 formavit
2519 4087 2570 4132 te
2597 4077 2667 4133 de
2704 4087 2939 4132 ventre:
2972 4077 3163 4130 Adhuc
3220 4074 3448 4131 habebis

1866 4173 2162 4237 auxilium;
2193 4171 2300 4226 noli
2334 4180 2597 4236 metuere,
2625 4185 2763 4239 puer
2793 4184 2946 4224 meus
2970 4166 3157 4231 Jacob,
3176 4177 3231 4223 et
3251 4167 3448 4223 dilecte

1866 4262 2054 4327 Israel,
2084 4278 2245 4333 quem
2279 4263 2439 4334 elegi.
2482 4261 2619 4329 Quia
2658 4277 2760 4332 ego
2810 4261 2951 4315 dabo
3003 4274 3200 4329 aquam
3248 4258 3301 4313 in
3354 4259 3446 4314 siti

1867 4355 1953 4410 bis
1983 4357 2075 4425 qui
2120 4353 2404 4409 ambulant
2436 4354 2489 4408 in
2540 4354 2828 4422 inaquosa,
2867 4351 3142 4420 imponam
3194 4350 3445 4420 spiritum

1868 4463 2046 4502 meum
2076 4462 2238 4516 super
2264 4460 2448 4501 semen
2506 4454 2692 4510 tuum,
2743 4452 2797 4498 et
2845 4442 3251 4497 benedictioues
3297 4458 3447 4495 meas

206 4519 291 4573 Διὰ
308 4522 410 4594 γὰρ
441 4524 537 4578 τοῦ
572 4525 884 4596 Πνεῦματος
910 4526 1003 4581 τοῦ
1029 4527 1185 4596 ἁγίου
1210 4532 1271 4584 τὸ
1298 4532 1511 4600 λογικὸν
1544 4538 1637 4588 καὶ
1673 4538 1761 4604 γό-

1868 4549 2028 4602 Super
2071 4533 2213 4587 filios
2249 4543 2387 4587 tuos.
2421 4551 2438 4583 i
2493 4531 2627 4586 Nam
2690 4547 2785 4600 per
2845 4531 3108 4599 Spiritum
3167 4541 3444 4593 sanctum,

207 4623 360 4676 νιμον,
395 4615 486 4665 καὶ
526 4614 897 4683 πνευματικὸν
930 4614 1074 4687 ὕδωρ
1108 4621 1173 4688 τῇ
1206 4619 1417 4691 ἀνύδρῳ
1446 4624 1538 4674 καὶ
1568 4624 1762 4695 ἐρήμῳ

207 4701 509 4772 χορηγήσειν
541 4703 760 4772 ἧμελλε.
786 4703 1015 4775 Σπέρμα
1034 4707 1090 4760 δὲ
1111 4708 1216 4762 τῶν
1233 4710 1540 4764 ἀποστόλων
1556 4715 1609 4765 αἱ
1647 4714 1764 4768 Ἐκ-

166 4832 176 4843 .
207 4788 401 4861 κλησίαι
436 4793 534 4847 τοῦ
566 4793 722 4858 Θεοῦ,
772 4796 955 4849 καὶτὰ
998 4799 1162 4853 τέκνα
1203 4800 1381 4854 αὐτῶν
1411 4804 1458 4853 οἱ
1489 4804 1760 4875 πανταχοῦ

207 4880 293 4949 γῆς
322 4885 409 4936 καὶ
454 4888 515 4938 ὲν
548 4888 679 4939 πᾶσι
708 4890 819 4952 τοῖς
852 4888 1026 4942 ἔθνεσι
1055 4889 1143 4943 διὰ
1186 4891 1280 4944 τοῦ
1326 4894 1639 4964 Πνεύματος
1666 4898 1757 4950 τοῦ

208 4972 342 5039 ἁγίου
373 4977 824 5047 ἀναγεννηθέντες
850 4996 863 5009 ·
900 4980 948 5032 οἳ
975 4982 1069 5033 καὶ

274 5084 290 5115 ι
327 5067 687 5129 ’Ᾱνατελοῦσι,
714 5088 732 5120 ι
776 5072 960 5141 φησὶν,
1004 5091 1022 5123 ι
1055 5072 1157 5125 ἀνὰ
1202 5073 1364 5143 μέσον
1410 5075 1600 5141 ὕδατος
1635 5079 1761 5150 χόρ-

210 5169 303 5217 τον,
352 5162 438 5212 καὶ
487 5160 570 5223 ὡς
626 5159 741 5213 ἰτέα
777 5162 871 5214 ἐπὶ
902 5164 1215 5233 παραρρέον
1254 5164 1417 5238 ὕδωρ.
1447 5187 1463 5218 i
1513 5170 1621 5222 Καὶ
1677 5174 1763 5223 ὲν-

211 5246 359 5301 ταῦθα
382 5251 433 5303 δὲ
456 5251 559 5320 τὴν
591 5250 736 5303 ἰτέαν
765 5250 1041 5324 παρέλαϐε
1067 5256 1157 5308 διὰ
1182 5257 1241 5309 τὸ
1262 5256 1510 5322 ἀειθαλὲς
1526 5261 1620 5313 καί
1649 5279 1765 5314 νεα-

216 5335 291 5402 ρὸν
318 5339 401 5391 τοῦ
429 5340 624 5409 φυτοῦ,
661 5342 740 5402 εἰς
776 5343 1117 5413 παράστασιν
1163 5346 1256 5399 τοῦ
1289 5346 1524 5418 πλήθους
1549 5350 1655 5404 τῶν
1679 5352 1765 5405 λο-

214 5428 357 5489 γικῶν
398 5431 604 5485 ὑδάτων
636 5431 748 5485 τῶν
796 5434 854 5485 ὲν
891 5436 957 5504 τῇ
1000 5435 1294 5507 Ἐκκλησία
1336 5438 1499 5491 αὑτοῦ
1538 5442 1764 5511 ρευσάν-

216 5530 322 5571 των.

275 5604 460 5676 «οὗτος
487 5616 627 5685 ὲρεῖ,
679 5612 788 5666 Τοῦ
812 5613 946 5668 Θεοῦ
980 5617 1114 5685 εἰμι,
1164 5618 1258 5669 καὶ
1311 5612 1464 5682 οὗτος
1511 5620 1761 5690 βοήσεται

222 5695 293 5750 ἐπὶ
320 5702 388 5773 τῷ
424 5705 647 5775 ὀνόματι
692 5704 907 5768 Ἰακὼϐ,
957 5707 1049 5759 καὶ
1085 5708 1266 5777 ἕτερος
1300 5709 1590 5779 ἐπιγράφει
1621 5713 1761 5782 χειρὶ

220 5788 372 5853 αὐτοῦ,
424 5796 523 5850 Τοῦ
556 5795 699 5851 Θεοῦ
730 5795 864 5866 εἰμι,
904 5799 990 5851 καὶ
1033 5798 1124 5853 ἐπὶ
1163 5802 1240 5871 τῷ
1288 5800 1503 5870 ἀνάματ,
1549 5803 1759 5874 Ἰσραὴλ

1872 4625 2266 4687 rationabilem,
2302 4623 2590 4679 fecundam
2620 4634 2674 4677 et
2714 4624 3055 4693 spiritualem
3088 4639 3286 4693 aquam
3326 4624 3445 4677 ina-

1866 4732 2050 4786 quosze
2081 4728 2136 4770 et
2172 4716 2449 4770 solitudini
2477 4714 2804 4783 elargiturus
2849 4714 3232 4771 erat.~Semeu
3265 4727 3447 4771 autem

1868 4797 2238 4877 apostolorum
2283 4817 2409 4861 sunt
2442 4806 2698 4861 Ecclesia:
2739 4806 2868 4873 Dei;
2907 4806 3003 4860 lilii
3051 4818 3181 4861 Vero
3233 4822 3446 4873 eorum,

1867 4907 2127 4967 quotquot
2159 4900 2210 4951 in
2242 4900 2489 4952 universa
2525 4908 2668 4952 terra
2708 4906 2764 4952 et
2808 4898 2859 4951 iu
2910 4897 3166 4953 omnibus
3194 4897 3447 4969 gentibus

1868 5006 1964 5058 per
1992 4989 2255 5059 Spiritum
2281 4999 2529 5044 sanctum
2556 4989 2862 5060 regenerati
2892 5000 3017 5043 sunt
3042 5008 3056 5044 :
3089 4991 3180 5059 qui

1939 5082 2100 5137 Vens.
2155 5083 2211 5146 4.,
2245 5082 2619 5148 «Producent,
2660 5082 2757 5146 ait,
2818 5083 2869 5136 in
2926 5082 3106 5137 medio
3158 5098 3312 5152 aqua:
3370 5083 3449 5137 le—

1869 5188 2017 5233 nmn,
2052 5181 2104 5225 et
2139 5172 2280 5225 sicut
2309 5173 2448 5226 salix
2478 5174 2542 5226 ad
2573 5188 2768 5241 aquam
2808 5173 3088 5228 liuentem.
3118 5193 3137 5226 ι
3179 5174 3278 5229 llic
3304 5192 3445 5244 quo~

1866 5280 1969 5333 que
1995 5264 2212 5319 salicem
2257 5268 2490 5319 assumit
2542 5268 2611 5321 ob
2662 5267 2897 5321 virorem
2946 5279 3002 5321 et
3041 5268 3443 5336 juvenilitatcut

1868 5355 2109 5421 arboris;
2162 5356 2230 5408 ad
2282 5356 2667 5412 declarandam
2724 5358 3128 5413 rationabilium
3181 5374 3445 5428 aquarum

1867 5446 1918 5501 in
1950 5447 2193 5501 Ecclesia
2216 5448 2338 5518 ejus
2364 5452 2703 5505 manantium
2731 5452 2968 5523 copiam.

1939 5620 2102 5677 Vl-ZRS.
2133 5623 2189 5677 5.
2235 5620 2369 5677 «Hic
2396 5624 2560 5691 dicet,
2596 5625 2686 5680 Dei
2719 5640 2870 5691 sum;
2902 5636 2957 5682 et
2990 5627 3079 5681 ιιίε
3112 5626 3370 5682 clamabit
3392 5604 3447 5681 iu

1871 5715 2089 5768 nomine
2117 5714 2313 5780 Jacob,
2336 5725 2390 5769 et
2422 5716 2563 5769 alius
2586 5718 2858 5773 describct
2902 5719 2956 5772 in
3006 5735 3169 5773 manu
3203 5736 3325 5782 sua,
3354 5718 3445 5772 Dei

1871 5822 2011 5871 sum,
2042 5818 2095 5863 et
2139 5807 2191 5861 in
2234 5808 2454 5866 nomine
2507 5809 2671 5865 Israel
2724 5810 3002 5867 clamabit.
3032 5831 3049 5865 I
3087 5813 3156 5867 Se
3192 5811 3445 5867 lsraclctzi
