4128 6294
739 411 842 466 603
1398 403 1658 462 EUSBBII
1697 397 2164 457 CESARIENSIS
2199 395 2348 451 OPI’.
2390 391 2565 447 PARS
2599 390 2683 445 Ill.
2721 421 2785 433 —
2822 385 3234 444 EXEGETICA.
3857 379 3960 435 60’s

739 545 858 586 esse
878 525 1154 597 gloriando
1178 525 1341 581 dicet.
1371 522 1550 578 Mirari
1586 519 1741 589 plane
1784 529 1838 573 et
1883 527 2106 586 stupere
2151 515 2292 571 subit
2320 516 2365 573 Α

2324 516 2365 573 Α
2394 508 2711 579 βοήσεται.»
2769 503 3027 574 Σεμνὺνει
3071 500 3259 554 ἐαυτὸν
3315 497 3486 566 λέγων
3533 490 3672 600 sive:
3724 492 3954 600 Ἰσραήλ.

741 618 1180 688 propheticorum
1211 628 1521 672 sermonum
1565 611 1696 676 vim,
1742 618 1796 666 et
1843 623 2006 680 quam
2053 623 2184 664 vere
2213 609 2288 662 rei

2391 596 2676 666 Θαυμάσαι
2707 595 2764 647 δὲ
2795 593 2911 646 ἔστι
2934 593 3029 646 καὶ
3056 588 3464 659 καταπλαγῆναι
3493 584 3707 688 άληθῶς
3731 584 3962 688 ¹τῶν

738 672 988 764 idem
1021 715 1076 761 et
1121 704 1574 776 'complementum
1624 672 2046 772 perceperimus.
2077 699 2208 754 Nam
2237 700 2290 754 in

2389 683 2743 756 προφητικῶν
2765 682 2935 751 λόγων
2959 679 3205 749 δύναμιν,
3233 694 3310 741 ως
3332 678 3514 738 αὑτοῖς
3538 673 3717 745 έργοις
3731 673 3803 783 ,τὰ
3825 672 3963 783 dat:-

739 797 1204 870 persecutionibus
1236 763 1420 851 nostro
1457 804 1697 862 tempore
1739 792 2042 856 concitatis,
2099 794 2291 846 multos

2386 776 2693 845 τελέσματα
2723 773 3152 845 παρειλήφαμεν.
3209 769 3300 822 Ἑν
3350 766 3481 836 γοῦν
3505 768 3618 868 τοξς
3660 763 3777 870 καθ’

736 853 1148 960 exalienigenis
1202 884 1446 957 gentibus
1501 853 1755 949 vidimus,
1806 883 1897 954 qui
1977 853 2288 938 sanctorum

2387 867 2581 928 αὑτοὺς
2621 863 2933 934 γενομένοις
2962 862 3220 932 διωγμοῖς
3263 857 3488 921 πολλοὺς
3513 855 3622 910 τῶν
3648 853 3961 923 ἀλλοφύλων

736 983 974 1035 virorum
999 947 1241 1034 vnomin'a
1322 985 1682 1046 usurparent;
1725 975 1862 1030 alius
1920 976 2117 1044 quippe
2167 988 2289 1029 sese

2387 958 2558 1012 ἐθνῶν
2589 954 2953 1026 ἐθεασάμεθα,
2988 949 3686 1060 προαρπάἱονῗαςὶεαῖηοεὶ
3721 947 3819 1060 ,εἷς

737 1069 994 1125 Jacobum
1023 1037 1500 1138 appellabat,alius
1517 1063 1792 1129 lsraelem,
1817 1037 1956 1118 alius
1977 1037 2284 1124 Jererniam,

2385 1052 2554 1119 άγίων
2585 1048 2792 1120 ἀνδρῶν
2833 1044 3222 1116 προσηγορίας,
3254 1037 3329 1096 ὧν
3349 1043 3378 1095 6
3407 1043 3504 1112 μέν
3534 1039 3723 1094 ἑαυτὸν
3763 1037 3959 1138 Ἰακὼξ

738 1161 827 1214 hic
878 1157 1089 1222 Isaiam,
1142 1157 1246 1213 iste
1287 1153 1557 1210 Danielem
1585 1172 1598 1207 :
1624 1154 1821 1208 etenim
1848 1155 1932 1208 his
1973 1153 2073 1208 sibi
2117 1151 2287 1204 ascri-

2385 1140 2588 1201 ἐκάλει,
2621 1140 2714 1192 καὶ
2759 1137 2944 1208 ἕτερος
2988 1133 3222 1206 Ἰσραὴλ,
3251 1131 3407 1195 ἄλλος
3445 1131 3501 1184 δέ
3543 1129 3827 1201 Ἰερεμίαν,
3858 1128 3961 1230 καὶ

739 1253 848 1319 ptis
874 1249 1196 1309 nominibus.
1234 1249 1300 1303 ad
1349 1246 1662 1317 martyrium
1688 1259 1786 1316 pro
1813 1246 1923 1300 Deo
1953 1243 2285 1298 subeundum

2395 1231 2620 1284 Ἡσαΐαν
2669 1231 2874 1301 ἕτερος,
2905 1227 2997 1280 καὶ
3053 1224 3247 1296 Δανιὴλ
3278 1222 3439 1278 πάλιν
3493 1222 3652 1285 ἄλλος
3672 1239 3688 1252 ·
3732 1222 3961 1273 τοιαῦτα

738 1310 860 1393 cum
888 1339 1081 1393 fiducia
1103 1347 1157 1394 et
1185 1310 1870 1393 constantiaaccedebant.
1901 1330 2026 1398 Qua:
2053 1328 2284 1399 prophe-

2382 1318 2511 1387 γοῦν
2545 1316 2973 1386 ἐπιγραφόμενοι
3017 1313 3255 1384 ὀνόματα
3286 1311 3378 1365 ἐπὶ
3422 1312 3483 1364 τὸ
3534 1310 3829 1382 μαρτύριον
3861 1310 3957 1363 τοῦ

741 1429 814 1484 tia
866 1428 1092 1493 indicat,
1147 1429 1270 1483 dum
1318 1427 1392 1482 ait
1431 1446 1443 1481 :
1473 1445 1492 1478 ι
1517 1425 1614 1479 llic
1644 1425 1807 1486 dicet,
1833 1422 1922 1477 Dei
1956 1436 2094 1486 sum,
2117 1427 2170 1473 et
2199 1419 2284 1472 hic

2403 1408 2515 1463 ὒεοῦ
2551 1411 2647 1462 σὺν
2673 1406 2853 1477 πολλῷ
2880 1406 3070 1476 θάρσει
3107 1405 3201 1457 καὶ
3245 1402 3523 1474 παρρησία
3547 1402 3853 1499 παρῄεσαν.
3891 1400 3960 1499 ’ἑ
4029 1401 4033 1405 ’

738 1517 995 1573 clamabit
1039 1519 1091 1570 in
1131 1519 1344 1573 nomine
1383 1516 1569 1582 Jacnb,
1605 1516 1742 1570 alios
1771 1517 1820 1568 iu
1863 1527 2021 1567 manu
2068 1527 2163 1565 sua
2195 1511 2286 1563 de-

2380 1499 2444 1571 δὴ
2473 1500 2810 1569 σημαίνουσα
2844 1495 3202 1569 ήπροφητεία
3225 1493 3386 1563 φησίν
3407 1508 3421 1522 °
3457 1510 3476 1544 ε
3503 1484 3672 1553 υῦτος
3690 1492 3822 1558 ἐρεῖ,
3848 1488 3957 1582 T65

741 1607 964 1670 scribet.
1004 1607 1095 1662 Dei
1141 1623 1279 1672 sum,
1312 1617 1367 1663 et
1396 1606 1536 1661 alius
1565 1607 1616 1661 in
1650 1606 1863 1662 nomine
1893 1602 2055 1658 Israel
2096 1601 2286 1656 clama-

2391 1590 2525 1644 Θεοῦ
2546 1587 2681 1660 εἶμι,
2711 1591 2807 1642 καὶ
2826 1583 2978 1650 οὗτος
3005 1587 3255 1658 βοήσεται
3277 1583 3371 1636 ἐπὶ
3393 1581 3470 1653 τῷ
3485 1582 3707 1652 ὀνόματι
3738 1579 3954 1672 Ἰακὼϐ,

743 1698 842 1755 bit.
865 1718 886 1752 ο
1268 1671 1271 1672 ν
2381 1683 2478 1735 καὶ
2511 1680 2666 1744 ἄλλος
2696 1679 2988 1750 ἐπιγράφει
3020 1679 3086 1748 τῇ
3116 1676 3258 1748 χειρὶ
3284 1672 3474 1737 αὑτοῦ,
3518 1672 3653 1726 Θεοῦ
3694 1674 3831 1743 εἰμι,
3859 1671 3958 1725 καὶ

2381 1772 2539 1836 ἄλλος
2570 1774 2662 1825 ἐπὶ
2689 1771 2766 1842 τῷ
2793 1771 3015 1840 ὀνόματι
3059 1767 3274 1840 Ἰσραὴλ
3303 1766 3573 1838 βοήσεται.
3601 1785 3620 1817 ι

810 1869 970 1926 Vsus.
1003 1874 1054 1934 6,
1094 1873 1149 1930 7.
1175 1891 1194 1924 ι
1224 1873 1312 1928 Sic
1337 1876 1409 1926 ait
1442 1873 1600 1936 Deus,
1637 1887 1725 1926 rex
1753 1870 1930 1936 Israel,
1953 1879 2008 1925 et
2030 1870 2118 1940 qui
2150 1869 2281 1922 libe-
2317 1855 2357 1908 Β

2324 1855 2357 1908 Β
2461 1882 2479 1914 ι
2508 1862 2695 1926 οὑτως
2729 1863 2877 1930 λέγει
2904 1863 2932 1914 6
2960 1859 3093 1923 Θεὸς
3119 1861 3147 1913 6
3180 1858 3425 1929 βασιλεὺς
3459 1855 3692 1927 Ἰσραήλ,
3721 1855 3817 1910 καὶ
3857 1856 3954 1925 ῥυ-

739 1965 878 2019 ravit
899 1966 1068 2034 ipsum
1101 1964 1355 2020 Dominus
1396 1965 1628 2020 Sabaoth
1667 1984 1680 2019 :
1710 1963 1819 2034 Ego
1842 1963 2063 2031 primus,
2097 1969 2152 2015 et
2184 1973 2284 2029 ego

2387 1957 2615 2027 σάμενος
2636 1955 2795 2008 αὑτὸν
2820 1953 2952 2016 Θεὸς
2981 1949 3206 2004 Σαϐαὼθ
3227 1966 3241 1980 ·
3289 1947 3428 2018 Ἐγὼ
3460 1948 3694 2018 πρῶτος,
3723 1949 3820 2001 καὶ
3844 1943 3955 2016 ἐγὼ

737 2065 863 2125 post
887 2055 1000 2110 hac
1031 2071 1046 2106 :
1072 2065 1270 2124 praeter
1297 2071 1382 2110 me
1406 2065 1614 2110 nonest
1642 2055 1803 2109 Dens.
1835 2052 1966 2119 Quis
1991 2053 2128 2106 sicut
2150 2050 2287 2122 ego?

2387 2046 2525 2117 μετὰ
2551 2044 2724 2098 ταῦτα
2745 2062 2757 2073 ·
2807 2042 2946 2113 πλὴν
2973 2039 3109 2111 ἐμοῦ
3152 2041 3252 2093 οὑκ
3287 2037 3400 2092 ἐστι
3429 2037 3580 2102 Θεός.
3635 2038 3733 2101 Τίς
3765 2038 3953 2109 ὥσπερ

739 2145 880 2209 Stet,
911 2156 1086 2208 vocet,
1138 2147 1419 2200 aununtiet
1473 2156 1528 2200 et
1570 2155 1834 2215 pra-paret
1881 2145 2008 2199 mihi
2039 2157 2054 2196 :
2085 2160 2149 2199 ex
2175 2158 2284 2214 quo

2384 2132 2526 2203 ἐγὼ;
2559 2133 2765 2204 Στήτω,
2803 2132 2897 2186 καὶ
2936 2129 3236 2215 καλεσάτω,
3286 2129 3381 2185 καὶ
3409 2127 3802 2196 άναγγειλάτω,
3861 2128 3955 2180 καὶ

738 2235 841 2290 feci
871 2236 1137 2290 hominem
1185 2237 1237 2290 in
1271 2236 1522 2292 saeculum
1561 2211 1585 2290 S
1615 2211 1946 2303 etvventura,
1995 2211 2282 2304 antequam

2382 2223 2722 2293 ἑτοιμασάτω
2762 2237 2884 2290 μοι’
2943 2219 3036 2288 ἀφ’
3065 2211 3126 2272 οὑ
3169 2218 3398 2288 ἐποίησα
3429 2217 3710 2290 ἄνθρωπον
3742 2219 3824 2281 εἰς
3863 2217 3955 2270 τὸν

735 2326 890 2392 fiant,
941 2327 1259 2383 annuntient
1305 2328 1480 2384 vobis.
1511 2347 1531 2381 ι
1574 2328 1728 2381 Dicat
1775 2329 1919 2382 enim
1953 2329 1998 2381 si
2036 2327 2158 2396 quis
2202 2335 2285 2382 est

2382 2314 2572 2377 αἰῶνα,
2609 2315 2702 2368 καί
2728 2313 2796 2366 τὰ
2826 2312 3164 2384 ἐπερχόμενα
3187 2311 3293 2383 πρὸ
3320 2310 3414 2364 τοῦ
3439 2309 3611 2364 ἐλθεῖν
3631 2310 3955 2380 ἀναγγειλά-

736 2414 901 2480 Dens,
934 2415 1073 2485 quod
1115 2425 1484 2487 quantumque
1532 2429 1668 2486 opus
1717 2432 1870 2470 suum
1919 2416 2177 2471 exhibeat
2230 2414 2282 2468 in

2382 2421 2559 2459 τωσαν
2589 2404 2736 2475 ὑμῖν.
2761 2423 2781 2456 ι
2815 2403 3031 2472 Λεγέτω
3053 2401 3163 2473 γὰρ
3188 2401 3242 2453 ετ
3260 2401 3344 2464 τίς
3386 2402 3503 2455 ἐστι
3534 2399 3686 2464 Θεὸς,
3867 2399 3955 2472 ξρ-

735 2505 1009 2560 nniverso.
1036 2485 1168 2560 Nam
1187 2507 1232 2561 si
1261 2485 1409 2562 unus
1426 2516 1507 2563 est
1531 2485 1783 2572 mundus,
1803 2506 2022 2576 ipseque
2042 2506 2281 2573 ejusdem

2381 2514 2475 2565 γον
2499 2494 2690 2549 ἐαυτοῦ
2721 2495 2987 2548 δείκνυσιν
3012 2495 3070 2546 ἐν
3112 2492 3192 2564 τῷ
3241 2491 3422 2547 παντί.
3451 2491 3516 2544 Ei
3547 2489 3656 2562 γὰρ
3687 2485 3770 2554 εἷς
3795 2492 3825 2544 6
3858 2491 3950 2544 κό-

740 2605 968 2659 ιιειυη,
999 2595 1208 2665 sibique
1225 2612 1446 2665 prorsus
1468 2598 1820 2668 conjunctus;
1847 2613 1982 2652 unus
2013 2611 2143 2651 sane
2167 2597 2283 2666 ejus

2384 2605 2536 2658 σμος,
2565 2587 2660 2641 καὶ
2682 2579 2836 2650 οὗτος
2865 2582 3134 2656 συμφυής,
3163 2581 3257 2635 καὶ
3281 2581 3443 2645 αὐτὸς
3470 2579 3646 2651 ἐαυτῷ
3671 2581 3956 2651 συνημμέ-

735 2684 913 2753 opifex
943 2686 1123 2741 fuerit.
1155 2685 1260 2743 Sed
1285 2687 1371 2741 hic
1401 2701 1463 2741 ex
1494 2687 1861 2756 magnitudine
1888 2698 1942 2742 et
1987 2685 2282 2756 pulchritu-

2381 2697 2488 2743 νος,
2518 2674 2598 2742 εἷς
2632 2679 2698 2732 ἂν
2741 2678 2949 2746 γένοιτο
3007 2676 3101 2730 καὶ
3135 2677 3162 2728 6
3195 2673 3382 2727 τούτου
3411 2673 3760 2745 δημιουργός.
3813 2671 3953 2726 Ἀλλ’

735 2775 862 2831 dine
895 2785 1280 2839 creaturarum,
1311 2787 1493 2847 utpote
1547 2778 1784 2833 universi
1840 2778 2108 2845 conditor,
2155 2793 2279 2832 cou-

2379 2763 2534 2834 οὑτος
2565 2771 2629 2822 ἐκ
2663 2766 2924 2839 μεγέθους
2959 2766 3052 2821 καὶ
3079 2763 3339 2834 καλλονῆς
3375 2763 3707 2834 κτισμάτων,
3746 2759 3836 2817 οἶα
3859 2762 3955 2818 τοῦ

734 2867 980 2935 spicitur.
1021 2867 1172 2934 Quod
1207 2869 1252 2924 si
1299 2869 1420 2938 quis
1451 2868 1614 2923 alium
1660 2869 1904 2933 inducat,
1933 2871 2097 2923 alium
2151 2871 2279 2924 item

2381 2859 2580 2922 παντὸς
2604 2856 2979 2928 γενεσιουργὸς
3000 2854 3304 2926 θεωρεῖται.
3329 2854 3390 2906 Εἰ
3413 2853 3469 2906 δέ
3501 2870 3587 2916 τις
3607 2854 3816 2923 είσάγοι
3847 2853 3957 2908 ἐτε-

735 2959 863 3016 huic
894 2959 1122 3014 similem
1153 2961 1404 3015 mundum
1433 2962 1716 3026 ostendat;
1744 2970 1801 3015 at
1852 2975 1957 3015 non
2004 2971 2091 3016 est
2145 2961 2282 3016 alius

2383 2966 2496 3021 ρον,
2544 2947 2804 3001 δεικνύτω
2823 2947 3061 2999 τοιοῦτον
3084 2945 3281 3015 ὁμοίως
3325 2943 3527 3014 κόσμον
3587 2944 3771 3016 ἓτερον
3811 2961 3956 3017 παρ-

736 3049 989 3114 mundus,
1039 3059 1232 3120 preter
1283 3063 1438 3115 eum,
1488 3066 1648 3121 quem
1715 3052 2074 3121 conspicimus
2105 3067 2122 3105 :
2151 3066 2282 3124 ergo

2384 3039 2538 3102 ιστάς
2558 3057 2570 3067 ·
2598 3038 2710 3092 ἀλλ’
2750 3037 2850 3089 οὑκ
2878 3035 3021 3089 ἐστιν
3049 3034 3234 3106 ἐτερος
3262 3032 3411 3103 παρά
3437 3031 3529 3086 τὸν
3559 3031 3834 3103 ὁρώμενον
3865 3034 3957 3088 n6-

736 3153 839 3194 nec
871 3139 1008 3196 alius
1055 3141 1195 3197 Deus
1234 3151 1335 3195 est.
1370 3142 1428 3196 Si
1479 3143 1602 3212 quis
1637 3157 1767 3198 vero
1795 3144 1887 3205 sit.
1915 3161 1934 3195 ι
1959 3140 2100 3208 Stet,
2126 3161 2146 3198 ι
2197 3121 2278 3198 in-
2304 3184 2346 3212 ,η

2327 3184 2346 3204 η
2383 3147 2549 3201 σμον·
2581 3128 2700 3183 οὑδὲ
2727 3126 2858 3191 Θεὸς
2883 3127 2989 3196 ἄρα
3027 3123 3208 3196 ἐτερός
3234 3125 3401 3175 ἐστιν.
3436 3123 3500 3176 El
3533 3121 3592 3176 δέ
3624 3139 3734 3212 τις,
3769 3142 3797 3212 ι
3817 3123 3957 3195 Στή-

737 3184 839 3194 ..-ν
871 3184 1008 3196 -..-..
1055 3184 1195 3197 νυ..-
1236 3184 1335 3195 ν-..
1373 3184 1428 3196 υ.
1521 3184 1602 3198 ...υ
1646 3184 1766 3198 .-.ν
1795 3184 1887 3205 υ...
1917 3184 1934 3195 .
1960 3184 2100 3208 νη..
2127 3184 2144 3198 ,

737 3231 875 3299 quit,
913 3230 1176 3297 primum;
1204 3231 1256 3284 id
1296 3244 1378 3286 est
1407 3184 1777 3288 exsistentlam
1827 3233 2079 3288 ostendat
2103 3247 2275 3298 suam,
2304 3184 2347 3242 Ο

2327 3184 2347 3241 ³
2378 3184 2477 3286 τὼ,
2503 3237 2521 3271 ι
2552 3219 2704 3290 φησι,
2727 3184 2883 3270 τοῦτο
2916 3184 3132 3287 πρῶτον
3147 3232 3158 3244 -
3180 3184 3324 3283 λέγω
3343 3213 3407 3285 δή
3429 3212 3528 3284 τήν
3554 3184 3749 3266 ἑαυτοῦ
3782 3184 3957 3280 me.

733 3321 948 3389 etquod
983 3319 1035 3373 in
1065 3307 1363 3375 substantia
1413 3321 1692 3386 subsistat,
1722 3321 1970 3390 quodque
1995 3321 2050 3375 in
2078 3335 2140 3376 se
2167 3335 2280 3375 ma-

2379 3329 2460 3366 τω
2487 3308 2751 3380 ὕπαρξιν·
2795 3308 2877 3362 ὅτι
2913 3308 2973 3360 τέ
3005 3308 3152 3360 ἐστιν
3192 3307 3253 3360 ἐν
3281 3305 3466 3368 οὐσίας
3503 3305 3816 3370 ὑποστάσει,
3851 3307 3947 3360 καὶ

737 3418 864 3463 neat
900 3417 956 3464 et
986 3417 1088 3464 stet
1116 3426 1131 3464 :
1157 3409 1348 3465 deinde
1395 3425 1577 3465 vocem
1626 3413 1877 3467 emittens
1906 3410 2277 3466 rationabilem

2376 3402 2458 3455 ὅτι
2491 3401 2574 3470 ἐφ’
2600 3400 2772 3470 ἐαυτῷ
2801 3399 2952 3470 μένει
2979 3398 3073 3452 καὶ
3091 3397 3320 3467 ἐστηκεν
3339 3414 3353 3427 ·
3379 3395 3568 3450 ἔπειτα
3587 3395 3771 3470 φωνήν
3791 3398 3954 3468 ἀφεὶς

734 3517 800 3555 ac
840 3501 948 3556 Deo
987 3499 1228 3571 dignam,
1276 3502 1579 3568 annuntiet,
1609 3517 1727 3572 qua
1777 3511 1960 3572 postea
2012 3502 2187 3556 futura
2223 3502 2275 3554 in

2377 3492 2598 3562 λογικήν
2623 3490 2718 3544 καὶ
2747 3487 2864 3560 Θεῷ
2892 3488 3226 3563 πρέπουσαν,
3260 3487 3630 3557 ἀναγγειλάτω
3647 3488 3770 3544 τίνα
3798 3489 3953 3544 Im:

737 3590 938 3645 mundo
987 3589 1126 3655 sint;
1159 3601 1255 3644 aut
1294 3605 1412 3660 quae
1438 3591 1564 3646 olim
1593 3600 1709 3647 eta
1748 3592 2009 3662 principio
2045 3592 2278 3662 contige-

2375 3581 2442 3635 τά
2472 3582 2608 3652 μετὰ
2629 3579 2800 3635 ταῦτα
2814 3579 3151 3652 γενησόμενα
3165 3580 3221 3632 ἐν
3248 3578 3325 3649 τῷ
3348 3577 3448 3651 βίῳ
3474 3578 3606 3650 (39)·
3625 3578 3661 3651 ἢ
3681 3579 3752 3634 τὰ
3781 3579 3951 3634 πάλαι

733 3687 880 3743 runt,
929 3692 996 3733 ex
1045 3693 1152 3748 quo
1211 3677 1481 3735 hominem
1539 3681 1592 3733 in
1638 3688 1778 3735 terra
1814 3681 2180 3749 posui,usque
2211 3681 2276 3733 ad

2377 3672 2436 3738 ἐξ
2485 3673 2658 3746 ἀρχῆς
2690 3672 3019 3738 ὑποστάντα,
3067 3671 3161 3742 ἀφ’
3203 3663 3265 3725 οὗ
3296 3671 3388 3725 τὸν
3425 3670 3709 3743 ἄνθρωπον
3744 3671 3952 3744 ἐθέμην

736 3780 970 3836 praesens
1029 3777 1256 3836 tempus.
1324 3767 1461 3823 Hinc
1503 3768 1646 3823 enim
1730 3783 2098 3839 agitoscemus,
2157 3784 2278 3823 eum

2377 3764 2468 3816 ἐπὶ
2497 3763 2595 3834 τῆς
2624 3762 2726 3836 γῆς
2763 3763 2924 3834 μέχρι
2970 3762 3064 3817 τοῦ
3099 3762 3360 3835 παρόντος
3403 3763 3616 3834 χρόνου.
3668 3763 3802 3818 ’Δπὺ
3840 3764 3951 3836 γὰρ

735 3857 920 3913 ἱειιιιεε
949 3858 1112 3913 verbo
1135 3859 1497 3912 constituisse.

2377 3855 2565 3909 τούτου
2597 3854 2937 3925 γνωσόμεθα,
2973 3855 3054 3908 ὃτι
3082 3853 3310 3926 ἔστησεν
3331 3853 3469 3908 αὑτὰ
3503 3854 3664 3925 λόγῳ.

805 3947 966 4004 Vens.
995 3947 1140 4003 8-10.
1185 3964 1202 3998 t
1225 3946 1396 4002 Nolite
1421 3947 1700 4015 abscondi,
1747 3946 1908 4002 nolite
1935 3963 2142 4002 errare.
2168 3947 2280 4002 Au-

2454 3965 2473 3998 ι
2501 3947 2591 4016 Μή
2640 3942 3149 4016 παρακαλύπτεσθε,
3191 3944 3324 4016 μηδὲ
3372 3943 3665 3999 πλανᾶσθε.
3711 3947 3827 3998 οὐκ
3853 3938 3948 4000 ἀπ’

732 4050 838 4091 non
869 4037 936 4090 ab
979 4037 1131 4090 initio
1161 4039 1483 4102 attendistis,
1517 4047 1571 4092 et
1603 4035 1916 4092 aunnntiavi
1968 4036 2160 4091 vobis?
2182 4035 2277 4092 Te-

2376 4038 2548 4108 ἁρχῆς
2580 4034 2938 4106 ήνωτίσασθε,
2971 4035 3064 4089 καὶ⁵
3091 4036 3399 4107 ἀπήγγειλα
3451 4035 3618 4106 ὑμίν;
3655 4035 3948 4107 Μάρτυρες

731 4137 843 4181 stes
881 4141 974 4180 vos
999 4128 1152 4190 estis,
1185 4142 1310 4182 num
1338 4129 1409 4184 sit
1432 4129 1569 4185 Deus
1593 4137 1785 4199 prater
1803 4143 1906 4183 tne.
1930 4128 1994 4182 Et
2017 4137 2144 4183 tunc
2171 4143 2277 4184 non

2377 4128 2532 4198 ὑμεῖς
2553 4128 2710 4208 ἐστε..
2729 4128 2777 4179 εί
2807 4125 2922 4179 ἔστι
2947 4125 3077 4190 Θεὸς
3107 4126 3246 4198 πλὴν
3270 4125 3424 4198 ἐμοῦ.
3445 4126 3554 4180 Καὶ
3582 4126 3683 4180 οὑκ
3706 4128 3949 4198 ἥκουσαν

609 4237 614 4246 -
732 4214 1018 4270 audierunt
1064 4217 1154 4286 qui
1215 4215 1421 4286 fingunt
1463 4228 1520 4273 et
1566 4218 1859 4289 sculpuut:
1898 4232 2085 4273 ouines
2131 4231 2232 4272 van

2375 4215 2494 4268 τότε
2519 4216 2568 4268 oi
2586 4215 2910 4280 πλάσσοντες
2935 4215 3029 4269 καὶ
3059 4216 3108 4268 οἱ
3135 4215 3449 4285 γλὺςοοντες,
3475 4216 3676 4281 πάντες
3703 4217 3945 4288 μάταιοι,

730 4306 821 4376 qui
869 4307 1072 4362 faciunt
1115 4309 1379 4364 desideria
1426 4323 1544 4374 sua,
1571 4323 1690 4380 qua:
1717 4324 1821 4364 non
1850 4309 2146 4380 proderunt
2172 4308 2273 4364 eis.

2377 4305 2654 4368 ποιοῦντες
2683 4306 2752 4360 τὰ
2775 4305 3085 4377 καταθύμια
3119 4306 3320 4370 αὑτῶν,
3365 4306 3401 4361 ἃ
3430 4309 3530 4361 οὑκ
3556 4307 3829 4381 ὠφελήσει
3851 4310 3945 4365 αὑ-

731 4396 838 4451 Sed
860 4397 1251 4452 confundeutur
1273 4398 1365 4467 qui
1418 4399 1583 4454 Deum
1627 4397 1904 4470 eﬂingunt,
1945 4410 1999 4454 et
2025 4399 2276 4468 sculpuut

2375 4396 2517 4459 τούς.
2565 4395 2699 4449 Ἀλλ’
2735 4397 3179 4468 αἰσχυνθήσονται
3223 4399 3274 4451 oi
3313 4398 3644 4463 πλάσσοντες
3664 4398 3819 4466 Θεὸν,
3853 4400 3946 4454 καὶ

729 4501 919 4542 omnes
949 4486 1213 4540 inutilia.a
1250 4487 1362 4541 Non
1393 4489 1461 4543 ab
1510 4489 1685 4554 initio,
1722 4491 1916 4560 inquit,
1942 4489 2012 4544 ita
2061 4489 2190 4556 fuit;
2224 4491 2276 4545 id
2307 4516 2350 4572 ι)

2312 4516 2350 4572 D
2377 4487 2667 4558 γλύφοντες
2694 4489 2891 4553 πάντες
2917 4488 3188 4559 ἀνωφελῆ.
3215 4508 3236 4542 ι
3269 4489 3382 4544 Οὑκ
3420 4491 3514 4543 ἀπ’
3538 4491 3736 4562 ἀρχῆς,
3787 4493 3942 4565 φησι,

729 4585 818 4630 est
876 4589 1000 4631 ante
1049 4577 1229 4631 diluvii
1282 4586 1544 4649 tempora,
1581 4595 1702 4634 cum
1760 4581 1943 4635 animo
1974 4581 2272 4648 expertium

2379 4578 2620 4632 τουτέστι
2650 4578 2755 4649 πρὸ
2775 4578 2882 4632 τῶν
2910 4578 3003 4633 τοῦ
3033 4579 3415 4650 κατακλυσμοῦ
3441 4580 3668 4652 χρόνων,
3701 4580 3824 4635 καθ’
3851 4582 3947 4649 οὓς

728 4666 1136 4723 simulacrorum
1183 4667 1319 4723 fabri
1355 4670 1590 4725 nondum
1629 4681 1831 4726 essent.
1866 4671 2079 4741 Vosque
2113 4680 2277 4726 testes

2381 4670 2497 4722 οὑδὲ
2521 4670 2570 4722 oi
2623 4670 2730 4724 τῶν
2757 4670 2977 4742 ἀψύχων
3034 4670 3232 4736 ξοάνων
3254 4671 3500 4736 τέκτονες
3542 4673 3805 4746 ὑπῆρχον.
3833 4676 3944 4731 Καὶ

729 4759 885 4820 estis.
934 4759 1188 4822 nondum,
1239 4758 1444 4814 scilicet
1471 4761 1621 4815 initio
1665 4761 1904 4817 mortalis
1935 4762 2080 4826 vitae,
2117 4760 2278 4815 exsti-

2378 4755 2580 4810 τούτων
2605 4757 2760 4829 ὑμεῖς
2791 4758 3083 4830 μάρτυρες,
3107 4761 3182 4820 ὼς
3211 4760 3312 4814 οὑκ
3337 4755 3476 4831 ἦσαν
3522 4761 3665 4829 τότε,
3706 4763 3852 4834 λέγω
3878 4765 3940 4838 δὴ

729 4847 859 4902 tisse
885 4848 1206 4903 conﬂatores
1231 4850 1636 4919 sculptoresque
1688 4852 1944 4916 deorum;
1979 4867 2105 4907 cum
2137 4850 2276 4906 scul-

2381 4847 2519 4901 κατὰ
2551 4848 2648 4913 τὰς
2679 4849 2851 4920 ἀρχὰς
2883 4851 2980 4920 τῆς
3016 4849 3110 4904 τοῦ
3146 4851 3341 4922 θνητοῦ
3375 4851 3490 4923 βίου
3518 4856 3852 4923 συστάσεως,
3891 4859 3941 4912 οἱ

726 4937 902 5008 ptoria
932 4937 1247 5009 fabrilisque
1276 4956 1367 4996 ars
1393 4940 1530 5009 apud
1567 4941 1808 4997 homines
1845 4942 2079 4997 nondum
2122 4955 2275 5010 repe-

2379 4937 2703 5001 πλάσσοντες
2733 4939 2826 4992 καὶ
2855 4938 3145 5010 γλύφοντες
3194 4941 3369 5008 θεοὺς,
3416 4942 3569 4998 οὔπω
3616 4945 3939 5021 γλυπτικῆς,

727 5025 948 5112 riretur.
2378 5028 2498 5081 οὑδὲ
2526 5028 2826 5100 πλαστικῆς
2855 5031 3047 5102 τέχνης
3077 5034 3135 5087 ἐν
3178 5032 3485 5106 ἀνθρώποις
3525 5037 3937 5112 εὑρισκομένης.

799 5111 961 5167 Vsus.
998 5115 1176 5171 H-l'i.
1210 5137 1228 5168 ε
1255 5117 1315 5172 Et
1358 5133 1544 5174 omnes
1567 5120 1705 5173 unde
1729 5119 1854 5174 facti
1897 5131 2020 5174 sunt
2047 5136 2274 5177 exarue-

2452 5121 2598 5174 «Καὶ
2627 5121 2828 5184 πάντες
2865 5120 2985 5199 ὅθεν
3015 5123 3259 5192 ἐγένοντο
3285 5124 3674 5198 ἐξηράνθησαν.
3705 5132 3802 5184 καὶ

728 5213 874 5268 runt,
893 5215 947 5259 et
978 5207 1122 5260 surdi
1167 5210 1233 5262 ab
1272 5211 1578 5265 hominibus
1626 5222 2017 5281 congregemur
2061 5227 2271 5276 omnes,

2379 5212 2468 5280 φοὶ
2498 5214 2604 5266 άπο
2626 5212 2922 5284 ἁνθρώταυν
2943 5214 3360 5288 συναχθήτωσαν
3383 5217 3601 5285 πάντες,
3625 5221 3720 5274 καὶ
3750 5223 3938 5295 στησά-

726 5304 784 5350 et
808 5305 954 5352 stent
974 5299 1151 5364 simul,
1179 5299 1580 5356 confundantur
1607 5313 1661 5356 et
1691 5304 2014 5358 erubescant
2067 5305 2226 5359 simul
2254 5321 2270 5358 :

2374 5319 2548 5357 τωσαν
2579 5303 2713 5374 ἅμα.
2759 5304 2854 5357 καὶ
2894 5306 3333 5378 ἐντραπήτωσαν,
3375 5310 3467 5362 καὶ
3497 5311 3936 5383 αίσχυνθήτωσαν

725 5389 854 5458 quia
889 5391 1035 5444 acuit
1067 5390 1218 5447 faber
1259 5392 1461 5448 ferrum
1497 5412 1512 5448 :
1540 5393 1686 5448 ascia
1718 5404 1973 5463 operatus
1997 5403 2081 5449 est
2113 5395 2267 5460 illud,

2377 5396 2490 5465 ἅμα
2512 5411 2524 5425 ·
2556 5395 2636 5447 ὅτι
2662 5393 2831 5461 ὢξυνε
2861 5395 3063 5450 τέκτων
3096 5397 3333 5471 σίδηρον,
3369 5401 3658 5472 σκεπάρνῳ
3686 5403 3936 5474 είργάσσμ

725 5485 782 5532 et
806 5479 1073 5535 terebrurn
1098 5483 1334 5538 admovit
1357 5485 1430 5550 ei,
1453 5493 1507 5540 et
1520 5493 1771 5554 operatus
1803 5493 1884 5538 est
1908 5483 2034 5538 illud
2063 5485 2115 5539 in
2146 5485 2271 5539 bra-

2375 5504 2436 5540 το
2463 5488 2614 5553 αὑτὸ,
2647 5489 2741 5540 καὶ
2772 5489 2830 5540 ὲν
2851 5489 3084 5556 τερέτρῳ
3115 5489 3340 5560 ἔστησεν
3376 5491 3527 5553 αὑτὸ,
3562 5493 3655 5546 καὶ
3689 5495 3935 5566 εἰργάσαν-

798 5613 910 5688 (ᾆθ)
932 5612 1051 5688 iam
1085 5612 1137 5668 in
1165 5615 1482 5688 Prmfatiouc
1533 5615 1840 5688 adEusebii
1873 5614 2268 5688 Commentario
2374 5619 2600 5682 mundo,
2635 5622 2749 5673 sive
2777 5633 2874 5688 pro
2907 5618 3216 5688 hominibus
3263 5619 3366 5674 hoc
3396 5621 3449 5675 in
3483 5623 3682 5678 tnundo
3713 5639 3936 5679 versan-

729 5684 784 5737 in
814 5682 1051 5765 Paulinus
1075 5685 1371 5765 perspicuis
1414 5686 1672 5765 exemplis
1705 5687 2264 5765 commonstravimus,
2376 5689 2516 5765 tibus
2541 5707 2553 5740 :
2578 5696 2634 5765 et
2664 5692 2745 5741 sic
2777 5682 3053 5765 intelligas
3075 5691 3436 5765 oportet_ho_c
3462 5690 3580 5765 locu
3606 5692 3779 5765 ἐντῷ
3811 5692 3932 5765 βίῳ,

729 5767 910 5807 vocetn
945 5753 1081 5818 ,ϐίος
1107 5754 1409 5822 frequenter
1461 5755 1530 5809 ab
1592 5753 1819 5810 Eusebio
1868 5755 2110 5824 usurpari
2175 5770 2268 5822 pro
2379 5759 2586 5813 scilicet
2617 5759 2666 5812 in
2693 5757 2907 5820 mundo,
2947 5753 3007 5812 ac
3041 5753 3282 5815 homines
3308 5759 3362 5816 in
3393 5761 3490 5818 hac
3513 5761 3619 5817 vita
3653 5753 3931 5834 negent-'3;
