4128 6294
217 361 318 416 Ulli
1132 357 1636 416 COMMENTARIA
1674 358 1742 415 IN

1869 360 2037 415 “AM.
2068 389 2136 400 —-
2172 358 2327 415 CAP.
2372 356 2525 413 XLV.
3370 356 3478 412 M0

219 478 398 532 τεῦθον
428 479 529 551 ήδη
571 480 822 552 προλέγω
850 480 943 534 καὶ
973 480 1401 553 ἐπαγγέλλομαι,
1431 484 1514 536 ὅτι
1551 485 1650 555 τὴν
1688 485 1767 538 ἰε¹

1891 483 2007 551 ejus
2036 484 2311 539 excidium
2346 498 2373 535 a
2408 481 2719 552 Babyloniis
2749 479 2991 543 factum,
3028 478 3394 532 renovandam
3422 490 3479 533 et

223 568 499 642 ρουσαλὴμ
524 570 663 640 μετὰ
693 570 790 641 τήν
822 569 1047 643 πρώτην
1076 570 1393 643 καθαίρεσιν
1419 573 1515 643 τὴν
1548 574 1653 626 ὑπὸ
1687 573 1765 627 Βα

1894 574 2311 631 restsurandam
2363 581 2682 628 curaturum
2714 586 2878 637 esse;
2919 570 2995 623 ita
3043 581 3099 623 ut
3150 567 3354 625 Iuda-.2
3385 588 3480 625 ur-
3557 634 3561 637 λ

222 658 494 713 ϐυλωνίων
532 660 907 729 γενησομένην
953 661 1403 732 ἁνακαινισθῆναι
1449 665 1683 733 ποιήσω,
1716 662 1767 715 ὼ

1891 668 1987 722 bes
2015 667 2344 729 incoluntur,
2374 674 2429 721 et
2454 680 2580 734 quae
2613 664 2666 718 in
2702 662 2810 718 illis
2845 664 3061 718 deserta
3093 663 3333 728 fuerant,
3374 665 3478 719 ito-

219 747 307 800 καί
338 747 438 811 τὰς
454 748 554 814 τῆς
590 746 845 811 ἰουδαίας
876 748 1059 813 πόλεις
1083 751 1496 822 καωικηθῆναι,
1529 755 1622 806 καὶ
1646 752 1716 806 τὰ
1733 754 1767 806 ιε

1891 775 2009 818 rum
2054 769 2112 814 ut
2164 775 2194 813 a
2248 754 2522 827 principio
2553 756 2935 811 constituenda
2970 756 3102 809 sint.
3132 754 3272 821 Quin
3308 756 3476 809 etiam

218 838 403 901 αὐταῖς
429 838 611 908 ῑρημα
648 838 810 891 πάλιν
834 839 907 902 ὡς
928 839 996 893 τὰ
1014 841 1293 912 απ⁹άρχῆς
1319 844 1597 914 συστῆναι.
1632 844 1767 897 Ἀλλι

1891 852 2111 905 deorum
2155 850 2612 919 multiplicitatem
2637 888 2652 912 ,
2678 863 2799 918 qua:
2845 849 3073 918 abyssus
3105 847 3324 900 malitia:
3381 863 3477 901 vo-

219 929 308 982 καὶ
343 928 444 999 τὴν
474 928 784 994 πολυθεᾙιν,
819 931 914 1001 τῆς
955 931 1155 995 κακίας
1188 933 1421 987 ἄϐυσσον
1454 935 1767 1006 ὀνομαζομέ

1889 940 2367 1007 catur,dcsertam
2414 940 2634 1004 faciam,
2688 955 2753 994 ac
2815 937 3042 993 flumina
3101 939 3476 1010 multiplicita-

217 1037 330 1091 νην,
366 1021 575 1091 ἔρημον
602 1024 945 1093 καταστήσω,
981 1022 1075 1076 καὶ
1099 1024 1227 1087 τοὺς
1257 1027 1534 1097 ποταμοὺς
1570 1027 1669 1097 τῆς
1693 1044 1767 1081 πο

1892 1034 1961 1088 tis
1992 1035 2214 1086 deorum
2245 1072 2260 1096 ,
2305 1048 2427 1101 quae
2471 1047 2639 1100 penes
2680 1030 2933 1085 inimicos
2962 1039 3087 1098 est,
3132 1031 3471 1098 arefaciam;

217 1111 429 1176 λυθεῐας
475 1111 586 1165 τῶν
616 1111 890 1182 πολεμίων
942 1112 1296 1185 ἀποξηρανῶ·
1329 1117 1403 1181 ὡς
1460 1118 1656 1189 μηκέτι
1691 1118 1767 1190 τήι

1890 1125 1961 1177 ita
1992 1134 2050 1177 ut
2080 1123 2319 1194 Babylon
2354 1139 2460 1178 non
2496 1123 2637 1177 ultra
2692 1124 2980 1187 consistat,
3022 1124 3117 1178 sed
3150 1139 3329 1193 neque
3375 1123 3475 1177 llu-

219 1199 508 1256 Βαϐυλῷνα
536 1202 818 1272 συστῆναι,
852 1204 988 1273 μήτε
1015 1203 1141 1267 τοὺς
1163 1208 1440 1276 ποταμοὺς
1463 1210 1634 1279 αὐτῆς
1663 1211 1767 1263 τοὺς

1890 1216 2032 1269 mina
2070 1214 2190 1279 ejus
2214 1253 2229 1278 ,
2278 1215 2327 1269 vi
2363 1216 2726 1270 multitudinis
2757 1215 2987 1269 multum
3027 1214 3281 1270 valentia.
3348 1214 3475 1271 llaec

220 1292 799 1364 πολλὰ-δεδυνημένους
829 1295 888 1347 ἐν
933 1292 1193 1364 πλήθεσιν
1228 1298 1485 1368 ἰσχυροῖς.
1516 1301 1700 1355 Ταῦτα
1731 1303 1767 1354 δὲ

1887 1322 2051 1374 porro
2081 1306 2262 1360 omnia
2300 1322 2557 1377 peragam
2596 1307 2849 1361 ministro
2881 1316 3040 1361 utens
3066 1304 3210 1369 viro.
3238 1306 3330 1376 qui
3360 1308 3477 1376 pri-

219 1386 387 1438 πάντα
407 1385 619 1454 ποιήσω
650 1383 879 1456 διακεινῳ
893 1386 1233 1457 χρησάμενος
1258 1389 1411 1461 ἀνδρί
1430 1391 1536 1444 ’τοῦ
1563 1392 1767 1465 Περσῶε

1888 1412 2006 1451 mus
2053 1397 2337 1453 Persarum
2369 1413 2461 1452 rex
2494 1398 2618 1452 erit.
2653 1398 2807 1465 Quod
2859 1399 2905 1454 si
2956 1414 3094 1468 opus
3144 1399 3219 1454 sit
3271 1414 3471 1457 nomen

214 1476 397 1544 γένους
414 1476 819 1546 βεϐασιλευκότι
840 1476 1057 1547 πρώτῳ.
1086 1478 1217 1531 me
1243 1480 1347 1551 χρὴ
1369 1482 1463 1534 καὶ
1480 1482 1567 1535 ἐπ’
1589 1484 1767 1553 ὀνόμαι

1884 1491 2000 1556 ejus
2028 1491 2338 1560 prOphetiee
2388 1491 2702 1559 significare
2728 1532 2744 1557 ,
2790 1491 2964 1563 Cyrus
2995 1490 3357 1559 appellabitur
3402 1493 3467 1557 is,

214 1582 298 1628 τος
313 1565 686 1636 προφητεῦσαι
708 1565 893 1618 τούτου
906 1568 1003 1636 τήν
1017 1569 1405 1639 προσηγορίαν,
1422 1570 1601 1640 Κῦρος
1616 1571 1767 1642 ὄνομα

1884 1583 1976 1651 qui
2030 1583 2083 1635 in
2134 1582 2390 1636 vaticinia
2441 1582 2636 1646 fertur,
2671 1598 2832 1653 quem
2874 1585 3169 1638 verborum
3221 1600 3471 1641 meorum

212 1658 285 1745 τῷ
328 1656 724 1745 θεσπιζομένῳ,
768 1658 827 1711 δν
871 1664 1248 1730 προστήσομαι
1291 1660 1398 1715 τῶν
1432 1663 1580 1732 ἐμῶν
1610 1664 1767 1733 λόγωι

1886 1676 2194 1728 ministrum
2228 1676 2555 1729 constituam
2588 1692 2602 1740 ;
2630 1676 2773 1745 piam
2803 1675 2905 1744 ipsi
2951 1685 3186 1730 mentem
3233 1676 3425 1732 indens
3456 1718 3472 1743 ,

213 1741 509 1813 ὐπηρέτην,
545 1745 806 1815 φρόνησιν
849 1745 997 1816 αύτῷ
1032 1747 1417 1820 δωρησάμενος
1459 1752 1677 1823 εὐσεϐῆ,
1707 1754 1767 1817 ὼς

1884 1776 1942 1820 ιιι
1977 1767 2107 1819 mihi
2146 1766 2343 1835 placita
2399 1768 2583 1820 omnia
2636 1778 2994 1837 exsequatur,
3046 1783 3111 1821 ac
3161 1768 3467 1826 Jerusalem

216 1836 385 1889 πάντα
417 1835 489 1888 τὰ
510 1837 827 1908 καταθύμιά
859 1854 947 1908 μοι
979 1840 1203 1908 ποιῆσαι
1228 1841 1323 1894 καὶ
1350 1844 1648 1910 προστάξαι
1682 1847 1767 1918 τὴι

1875 1856 2059 1925 jubeat
2109 1859 2379 1925 excitari,
2435 1859 2809 1929 templumque
2857 1859 2976 1929 ejus
3024 1876 3053 1914 a
3099 1860 3473 1919 fundamentis

225 1922 570 1995 Ἰερουσαλήμ
588 1926 1024 1997 οἰκοδομηθῆναι,
1058 1931 1151 1982 καὶ
1180 1931 1269 1983 τὸν
1296 1931 1430 1985 νεὼν
1455 1932 1546 1986 τὸν
1564 1936 1622 1987 ὲν
1642 1936 1777 2006 αὐτῇ
1875 1922 2116 2006 instrui.

216 2012 622 2084 θεμελιωθῆναι.

703 2087 1097 2141 ΚΕΦΑΛΑΙΟΝ
1135 2092 1267 2144 ME’.

2452 2106 2685 2163 CAPUT
2725 2106 2888 2163 XLV.

285 2192 300 2223 ι
335 2174 491 2272 Οῦτω
519 2176 665 2244 λέγει
695 2179 897 2251 Κύριος
923 2183 952 2232 ὁ
982 2181 1114 2244 Θεὸς
1158 2181 1235 2253 τῷ
1284 2185 1487 2256 χριστῷ
1524 2204 1623 2256 μου
1666 2188 1767 2241 Κύ-

1950 2200 2111 2255 Vens.
2148 2202 2196 2255 Ι.
2228 2220 2251 2272 ι
2288 2200 2380 2257 Sic
2416 2201 2545 2255 dicit
2599 2200 2862 2255 Dominus
2909 2199 3051 2257 Deus
3099 2202 3312 2257 christo
3348 2218 3469 2257 meo

217 2279 307 2333 ρῳ,
342 2259 414 2364 pb
461 2268 743 2338 ἐκράτησα
779 2272 879 2339 τῆς
924 2271 1101 2338 δεξιᾶς
1140 2276 1442 2329 ἐπακοῦσαι
1472 2278 1767 2349 ἔμπροσθει

1878 2294 2043 2364 Cyro.
2113 2268 2266 2359 cujus
2318 2293 2654 2362 apprehendi
2709 2294 3016 2360 dexteram,
3072 2307 3129 2349 ut
3180 2295 3464 2364 subjiciam

215 2355 369 2409 αὐτοῦ
398 2357 550 2429 ἔθνη,
604 2363 697 2413 καὶ
735 2363 887 2432 ἰσχὺν
915 2364 1178 2434 βασιλέων
1207 2366 1499 2439 διαρῤήξω.
1559 2372 1767 2436 Ἀνοίξω

1879 2396 2002 2439 ante
2034 2384 2223 2437 faciem
2276 2384 2391 2451 ejus
2434 2395 2645 2454 gentes,
2680 2394 2735 2439 et
2779 2386 2925 2439 vires
2963 2401 3147 2454 regum
3197 2386 3463 2455 frangam.

214 2449 512 2520 ἔμπροσθεν
538 2452 701 2505 αὐτοῦ
729 2453 917 2525 θύρας,
963 2459 1057 2509 καὶ
1102 2458 1285 2520 πόλεις
1330 2462 1391 2512 ού
1442 2462 1767 2529 συγκλείσον·

1879 2478 2130 2545 Aperiam
2166 2492 2352 2531 coram
2383 2492 2449 2530 eo
2481 2485 2688 2545 portas,
2743 2487 2799 2531 et
2852 2476 3017 2531 nrbes
3054 2493 3160 2531 non
3204 2479 3466 2531 clauden-
3564 2544 3567 2547 ἢ

202 2553 317 2593 ται.
359 2559 377 2591 ι
429 2541 659 2609 Ἀγαθὸν
696 2544 752 2595 δὲ
793 2546 1070 2617 ὑπηρέτην
1098 2549 1196 2617 τῆς
1225 2550 1364 2619 ἐμῆς
1401 2548 1592 2621 βουλῆς
1621 2548 1767 2624 εὖροι

1880 2580 1985 2624 tur.
2020 2589 2036 2619 ι
2076 2568 2281 2622 Bonum
2321 2578 2503 2622 autem
2539 2567 2752 2621 consilii
2791 2568 2895 2621 mei
2934 2568 3241 2621 ministrum
3282 2568 3466 2622 inveni

213 2632 295 2684 τὸν
316 2633 726 2703 προδηλωθέντα
749 2637 932 2708 ἄνδρα·
959 2639 1207 2693 ἐντεῦθεν
1241 2642 1340 2711 ήδη
1370 2644 1767 2717 ἐπαγγέλλομαι

1879 2672 2239 2717 memoratum
2268 2664 2440 2714 virum
2470 2678 2481 2713 :
2515 2659 2627 2729 jam
2677 2660 2805 2715 hinc
2836 2659 3099 2730 polliceor
3144 2675 3232 2713 me
3271 2659 3466 2715 dexte-

216 2722 493 2822 xpan‘r'fjastv
533 2723 698 2775 αὐτοῦ
733 2725 832 2794 τῆς
870 2725 1067 2790 δεξιᾶς,
1105 2730 1240 2797 πρὸς
1281 2731 1341 2783 τὸ
1384 2732 1458 2802 μὴ
1507 2739 1767 2806 παρατρέ-

1881 2770 1992 2807 ram
2030 2754 2145 2822 ejus
2196 2754 2663 2820 apprehensurum
2713 2768 2856 2821 esse,
2917 2764 2975 2807 ut
3029 2762 3465 2813 nonevertatur,

214 2807 417 2873 πεσθαι,
448 2810 585 2879 μηδὲ
620 2813 869 2865 νικᾶσθαι
917 2815 1021 2866 ὑπό
1063 2832 1205 2879 τινος
1254 2820 1581 2891 κρείττονος.
1615 2824 1767 2879 Ὑπο-

1882 2861 2060 2913 neque
2101 2855 2391 2913 superetur
2447 2859 2475 2897 a
2535 2846 2792 2915 quopiam
2866 2845 3113 2899 fortiore.
3172 2846 3277 2915 Ipsi
3333 2859 3465 2899 vero

214 2898 384 2951 τάσσω
412 2900 469 2953 δὲ
509 2902 659 2973 αύτῷ
698 2904 923 2957 πλεῖστα
979 2907 1079 2959 ὅσα
1111 2909 1168 2959 ἐν
1198 2912 1313 2971 τοῖς
1362 2910 1567 2975 λοιποῖς
1601 2913 1767 2966 ἔθνεσι

1880 2898 2054 2991 multa
2091 2898 2376 3004 subjiciam
2427 2950 2497 2990 ex
2553 2898 2746 3005 reg‘nm
2809 2898 3047 2991 aliarum
3085 2898 3329 3007 gentium
3379 2938 3463 2991 di-

219 2987 594 3098 βασιλευόντων
618 3011 629 3022 ·
654 2995 721 3047 δι’
748 2996 910 3049 αὑτοῦ
927 2997 982 3049 δὲ
1002 2998 1099 3068 τὴν
1128 3000 1280 3069 ἰσχὺν
1295 3000 1571 3073 διαρρήξω
1597 3004 1767 3075 πάσης

2092 2987 2257 3004 _,,,,,
2558 2987 2569 2989 -
2811 2987 3036 2991 Ἡρη-.
3086 2987 3327 3007 ,νη-η-
3385 2987 3408 2991 _

1882 3030 2065 3083 tione:
2104 3042 2201 3095 per
2231 3027 2409 3093 ipsum
2447 3027 2573 3079 item
2606 3043 2821 3082 omnem
2856 3030 2907 3083 in
2948 3029 3173 3097 reliquis
3209 3029 3464 3098 gentibus

215 3078 300 3151 τῆς
329 3080 383 3134 ἰν
413 3085 529 3147 τοῖς
560 3083 761 3147 λοιποῖς
784 3086 957 3139 ἔθνεσι
983 3088 1331 3152 δυναστείας·
1373 3091 1548 3146 πάντα
1572 3094 1628 3146 δὲ
1660 3096 1767 3148 λεῖα

1880 3120 2177 3192 potentiam
2211 3118 2565 3188 perfringam,
2622 3121 2801 3173 omnia
2849 3121 3009 3189 plana
3046 3128 3101 3175 et
3149 3119 3331 3175 facilia
3364 3135 3461 3188 pa-

217 3172 298 3224 καὶ
325 3174 498 3243 ὁμαλὰ
527 3178 871 3248 καταστήσας
906 3180 1009 3249 πρὸ
1036 3178 1142 3233 τῶν
1173 3182 1333 3234 αὑτοῦ
1384 3185 1578 3251 ποδῶν,
1611 3187 1767 3259 θύρας

1881 3170 2013 3265 rans
2038 3219 2164 3263 ante
2194 3207 2362 3278 pedes
2394 3206 2512 3273 ejus
2538 3228 2550 3261 :
2584 3220 2768 3277 portas
2795 3211 3033 3275 urbium,
3054 3220 3107 3265 et
3147 3210 3293 3278 ipsas
3323 3211 3461 3263 inte-

217 3262 425 3327 πόλεων,
461 3266 557 3318 καὶ
576 3266 745 3331 αὑτὰς
770 3267 897 3331 ὅλας
927 3269 1024 3333 τὰς
1053 3271 1233 3335 πόλεις
1264 3274 1607 3347 ὑποχειρίους
1630 3280 1767 3349 αὐτῷ

221 3353 649 3375 unum.-.”
734 3357 783 3375 ,.
868 3359 879 3375 ρ
976 3360 990 3375 .
1141 3360 1153 3375 .
1293 3364 1305 3375 .
1360 3363 1384 3375 η
1538 3366 1549 3375 .
1595 3366 1615 3375 -

1879 3321 2007 3375 gras
2039 3304 2201 3357 urbes
2231 3300 2283 3353 iu
2315 3315 2505 3353 manus
2528 3300 2646 3370 ejus
2682 3304 2891 3357 tradam
2923 3319 2940 3369 ;
2973 3304 3045 3357 ita
3076 3312 3135 3356 ut
3176 3302 3323 3357 nulla
3358 3302 3458 3372 ipsi

220 3353 510 3421 παραδώσω
531 3371 544 3385 '
579 3358 654 3419 ὡς
680 3357 949 3427 μηδεμίαν
974 3360 1222 3413 ἐναντίαν
1246 3363 1395 3433 αὐτῷ
1429 3366 1699 3431 γενέσθαι.

1879 3353 1927 3375 υ,
1948 3353 2005 3359 __
2044 3353 2129 3357 ___
2152 3353 2195 3355 __

1878 3401 2217 3452 adversetur.

282 3480 299 3513 ι
330 3462 466 3531 Ἐγὼ
499 3464 806 3535 ἔμπροσθέν
834 3484 928 3520 σου
971 3468 1334 3540 πορεύσομαι,
1383 3473 1475 3525 καὶ
1507 3473 1614 3544 ὅρη
1646 3478 1767 3544 ὁμα-

1950 3493 2112 3546 Vsus.
2144 3491 2198 3545 2.
2258 3508 2278 3543 ι
2316 3493 2428 3562 Ego
2462 3496 2587 3545 ante
2624 3496 2675 3540 te
2719 3484 2831 3549 lbo,
2867 3493 2920 3539 et
2956 3491 3169 3538 montes
3215 3480 3460 3551 compla-

216 3550 531 3651 Xub'ﬁdpa;
570 3558 774 3626 χαλκᾶς
806 3558 1101 3629 συντρίψω,
1139 3563 1232 3613 καὶ
1254 3561 1485 3631 μοχλοὺς
1523 3566 1767 3637 σιδηροῦς

1877 3584 2018 3638 nabo
2043 3604 2055 3638 :
2088 3592 2272 3651 portas
2302 3598 2473 3638 aereas
2502 3592 2806 3641 conteram,
2837 3586 2891 3631 et
2909 3584 3091 3632 vectes
3106 3575 3314 3629 ferreos
3334 3590 3461 3629 con-

219 3643 504 3711 συγκλάσω.
553 3665 570 3696 ι
601 3648 711 3701 Καὶ
746 3650 886 3701 εἴποι
928 3648 971 3701 δ’
996 3648 1063 3701 ἄν
1093 3667 1177 3713 τις
1204 3651 1270 3705 τὰ
1309 3653 1451 3706 κατὰ
1476 3656 1567 3707 τὸν
1612 3659 1767 3727 Ζορο-

1876 3643 2131 3744 friugam.
2161 3695 2181 3729 ι
2212 3676 2421 3731 Dixerit
2455 3675 2724 3744 quispiam
2751 3684 2837 3734 ea,
2871 3684 2994 3739 qua-
3027 3679 3271 3738 tempore
3291 3668 3458 3723 Zoro-

216 3733 384 3839 ϐάϐελ,
417 3737 464 3839 ή
493 3738 635 3793 κατὰ
681 3740 862 3813 Κῦρον
910 3744 1195 3815 ίστορικῶς
1228 3748 1514 3818 γενόμενα,
1558 3751 1767 3814 εἰκόνας

1873 3733 2104 3833 babelis,
2151 3767 2236 3823 vel
2286 3768 2438 3839 Cyri,
2474 3733 2640 3836 'quod
2694 3765 2761 3818 ad
2806 3733 3087 3817 historiam
3120 3733 3272 3831 gesta
3307 3768 3455 3823 sunt,

218 3826 301 3929 καὶ
313 3827 568 3929 ’σύμϐολα
584 3832 858 3903 περιέχειν
884 3834 981 3903 τῆς
1011 3835 1265 3905 ἀληθείας
1284 3853 1298 3867 ⁸
1328 3839 1397 3890 τὰ
1424 3839 1481 3892 δὲ
1514 3845 1655 3893 κατὰ
1681 3844 1767 3896 τὸν

1874 3858 2139 3928 imagines
2167 3866 2221 3913 et
2248 3826 2487 3929 symbola
2514 3826 2791 3911 nveritatis
2821 3854 3109 3923 complecti
3140 3869 3155 3919 ;
3199 3867 3320 3922 quae
3359 3869 3455 3908 au-

215 3914 373 4014 άληθῆ
404 3919 610 3991 Κύριον
648 3922 741 3975 καὶ
782 3924 1014 3993 Χριστὸν
1054 3927 1435 3996 πνευματικῶς
1479 3932 1767 4003 πεπληρῶ-

1876 3959 1978 4004 lem
2027 3948 2093 4003 ad
2144 3914 2293 4003 veri.
2323 3947 2530 4001 Domini
2566 3957 2620 4001 et
2661 3945 2865 4000 Christi
2914 3953 3129 4014 tempus
3180 3955 3453 4013 spectant,

216 4006 354 4061 σθαι·
384 4011 458 4073 ὡς
490 4013 577 4063 ἐπ’
611 4013 773 4066 αὐτὸν
812 4014 1010 4084 μᾶλλον
1052 4016 1335 4086 ἀληθεύειν
1360 4018 1452 4072 τὸν
1489 4020 1646 4091 λόγον
1679 4026 1767 4078 τὸν

1871 4040 2222 4111 spiritualiter
2273 4040 2492 4109 impleta
2545 4041 2749 4104 fuisse;
2789 4039 2860 4092 ita
2912 4046 2971 4091 ut
3015 4038 3067 4091 in
3122 4039 3239 4107 ipso
3282 4042 3455 4107 magis

214 4100 483 4203 φήσαντα·
532 4123 550 4155 ι
605 4104 945 4174 Τάδενλέγει
1004 4107 1208 4177 Κύριος
1272 4110 1350 4181 τῷ
1400 4114 1605 4183 χριστῷ
1666 4132 1767 4185 μου

1871 4149 2032 4189 verus
2083 4133 2521 4203 deprehendatur
2564 4145 2769 4196 sermo,
2819 4131 2912 4200 qui
2963 4130 3061 4193 ait,
3098 4148 3115 4179 ι
3157 4128 3279 4185 Haec
3321 4130 3453 4184 dicit

213 4190 383 4295 ἰςύρῳ.
406 4194 597 4247 »Κατὰ
634 4195 742 4267 γὰρ
772 4198 871 4267 τὴν
901 4198 1187 4270 πρόχειρον
1212 4200 1353 4266 λέξιν
1388 4201 1510 4254 οὕτε
1537 4202 1767 4275 Χριστὸς

1873 4226 2131 4282 Dominus
2174 4225 2382 4279 (ιιι-ἰειο
2418 4239 2538 4279 meo
2573 4224 2737 4295 Cyro.
2773 4243 2791 4275 ι
2848 4223 2981 4276 Nam
3016 4223 3312 4277 secundum
3354 4224 3452 4275 ob-

211 4282 278 4336 ὢν
296 4286 385 4339 τοῦ
416 4288 549 4341 Θεοῦ
569 4290 865 4358 φαίνεταιό
892 4294 1115 4365 Περσῶν
1140 4295 1392 4365 βασιλεὺς
1411 4298 1767 4371 οἰκοδομήσας

1870 4320 2010 4374 viam
2033 4318 2347 4383 dictionem,
2389 4332 2563 4387 neque
2611 4316 2854 4387 christus
2906 4315 2999 4369 Dei
3047 4314 3263 4369 videtur
3285 4313 3453 4368 fuisse

339 4382 726 4453 Ἰερουσαλήμ’
772 4384 887 4436 ἀλλ’
924 4385 1042 4438 οὐδὲ
1091 4387 1227 4450 ὅλως
1267 4387 1407 4441 κατὰ
1452 4388 1547 4461 τὴν
1602 4392 1766 4447 αὐτοῦ

1873 4410 2157 4466 Persarum
2197 4410 2287 4463 ille
2327 4425 2449 4474 rex,
2493 4410 2585 4478 qui
2636 4406 3072 4478 HierosOlymam
3115 4407 3449 4469 construxit,

212 4464 343 4573 ςωήν
373 4471 647 4542 προύκοψε
689 4474 783 4544 τῆς
816 4475 1102 4546 οἰκοδομῆς
1147 4478 1207 4531 τὸ
1243 4480 1430 4549 ἔργον
1477 4482 1635 4550 μόνον
1660 4484 1767 4556 γὰρ

1876 4516 2053 4573 neque
2085 4502 2375 4556 admodum
2408 4502 2524 4569 ipso
2558 4502 2772 4556 vivente
2822 4508 3129 4569 promotum
3169 4510 3253 4553 est
3283 4501 3452 4554 aedifi-

211 4556 426 4626 ἦρξαντο
472 4562 584 4614 τῶν
618 4564 881 4633 θεμελίων
931 4567 1069 4619 κατὰ
1112 4570 1237 4631 τοὺς
1279 4570 1477 4633 αὐτοὺς
1510 4573 1766 4642 χρόνους·

1870 4596 2033 4655 cium,
2065 4593 2417 4649 fundamenta
2450 4594 2651 4664 quippe
2686 4604 2896 4648 tantum
2946 4592 3066 4661 ejus
3107 4608 3223 4647 aevo
3248 4608 3451 4661 ponere

212 4644 297 4699 εἴτ’
330 4650 803 4719 ἐπισχεθέντοςτοῦ
830 4653 1015 4724 ἔργου,
1042 4655 1307 4722 διέμεινεν
1334 4658 1537 4730 ἔρημος
1560 4665 1588 4714 ὁ
1608 4663 1767 4727 τόπος

1876 4644 2033 4655 -ε---τι
2065 4644 2417 4649 -η---τ---νηη
2455 4644 2647 4664 -ι--η-
2690 4644 2892 4648 -ψ---ηγ
3110 4644 3147 4647 η
3199 4644 3214 4646 -
3432 4644 3447 4647 ν

1870 4696 2195 4756 coeperunt:
2234 4688 2449 4750 deinde,
2483 4688 2727 4741 cohibito
2785 4700 2969 4755 opere,
3008 4690 3256 4738 desertus
3303 4685 3450 4739 locus

215 4739 473 4847 μέχριτῆς
505 4744 732 4847 ρςαρείου
769 4745 1061 4814 βασιλείας.
1100 4750 1210 4802 Καὶ
1241 4749 1310 4802 τὰ
1344 4752 1469 4821 ἑξῆς
1504 4753 1561 4804 δὲ
1592 4756 1767 4809 ἐπιλε-

1870 4779 2070 4832 mansit
2098 4794 2269 4847 usque
2300 4780 2363 4832 ad
2396 4779 2554 4833 Darii
2584 4794 2831 4847 regnum.
2871 4778 2999 4844 Qua:
3032 4794 3160 4831 vero
3188 4783 3288 4831 sub
3335 4779 3450 4831 ha‘c

212 4827 397 4897 γόμενα
427 4832 626 4901 μᾶλλον
654 4834 731 4903 τῷ
757 4836 1029 4907 Χριστῷῆ
1066 4838 1142 4908 τῷ
1166 4840 1275 4892 τῶν
1303 4842 1529 4912 Περσῶν
1559 4844 1770 4913 βασιλεῖ

212 4915 555 5009 ὲξαρμόσειεν
592 4923 655 4977 ἄν
676 4942 690 4954 '
722 4926 817 4978 καὶ
856 4928 1054 4997 μᾶλλον
1086 4931 1163 5000 τῷ
1202 4933 1452 5003 ἡμετέρῳ
1495 4937 1765 5009 Σωτῆριῆ

212 5005 279 5074 τῷ
305 5008 619 5079 Ζοροϐάϐελ.

1868 4868 2135 4934 feruntur,
2163 4871 2381 4925 Christo
2416 4872 2595 4939 aptius
2630 4886 2790 4941 quam
2828 4870 3115 4923 Persarum
3150 4870 3260 4937 rcgi
3295 4886 3446 4924 com—

1871 4972 2057 5029 petant
2085 4980 2099 5020 :
2132 4964 2411 5031 magisuue
2440 4964 2719 5017 ServMori
2755 4974 2959 5027 nostro,
3006 4980 3170 5031 quam
3206 4964 3448 5018 Zoroba-

1868 5053 1996 5108 beli.

283 5140 299 5170 ι
344 5123 448 5175 Καὶ
480 5124 635 5180 δώσω
663 5145 753 5181 σοι
794 5130 1098 5202 θησαυροὺς
1149 5138 1474 5203 σκοτεινοὺς,
1525 5142 1767 5214 ἀποκρύ-

1943 5146 2103 5201 Vsus.
2140 5149 2192 5201 3.
2244 5168 2264 5199 ‹
2319 5149 2383 5202 Ει
2421 5149 2558 5203 dabo
2608 5150 2703 5204 tibi
2745 5150 3033 5204 thesauros
3078 5150 3444 5221 absconditos,

214 5224 350 5282 φους,
384 5212 640 5283 ἀοράτουι,
681 5216 875 5281 ἁνοίξω
914 5235 1023 5272 σοι’
1062 5220 1147 5274 ἵνα
1191 5223 1352 5293 γνῷς,
1388 5226 1470 5279 ὄτι
1509 5227 1621 5295 ἐγὼ
1651 5212 1765 5281 Κύ-

1869 5237 2117 5304 lateutes,
2151 5240 2392 5294 occultos
2434 5242 2527 5293 tibi
2566 5244 2804 5311 aperiam
2834 5261 2848 5303 ;
2887 5254 2943 5296 ut
2974 5259 3296 5313 cognoscas,
3318 5247 3444 5313 quia

218 5316 315 5401 ριος
351 5304 545 5401 ῷΘεός
595 5323 723 5370 σου,
769 5311 797 5361 ὁ
847 5311 1027 5365 καλῶν
1070 5314 1130 5366 τὸ
1182 5316 1351 5387 ὄνομά
1399 5336 1513 5383 σου,
1563 5323 1591 5373 ὁ
1631 5321 1763 5385 Θεὸς

1869 5343 1969 5395 ego
2015 5328 2268 5385 Dominus
2304 5332 2441 5385 Deus
2495 5343 2636 5396 tuus,
2680 5335 2772 5401 qui
2832 5350 2965 5387 voco
3022 5353 3214 5389 nonicn
3272 5347 3444 5401 tuum,

226 5387 679 5495 ἸσραήλπΕνεκεν
710 5398 804 5452 τοῦ
838 5402 1024 5467 παιδός
1048 5422 1146 5474 μου
1176 5408 1389 5472 Ἰακὼϐ,
1424 5414 1512 5464 καὶ
1547 5413 1763 5485 Ἰσραὴλ

1872 5418 2013 5476 Deus
2052 5422 2260 5476 Israel:
2311 5436 2532 5493 preptcr
2576 5443 2801 5495 puerum
2846 5443 3021 5481 meum
3047 5428 3233 5495 .lacob,
3277 5438 3331 5482 et
3366 5429 3445 5483 ls—

216 5478 298 5587 τοῦ
335 5482 582 5538 ὲκλεκτοῦ
630 5505 752 5556 μου,
784 5489 894 5558 ἐγὼ
922 5493 1137 5547 καλέσω
1176 5514 1237 5549 σε
1273 5498 1350 5568 τῷ
1386 5478 1758 5570 ὀνόματί-σού,

1870 5511 1979 5565 rael
2014 5512 2244 5568 electum
2286 5532 2486 5579 meum,
2519 5534 2619 5587 ego
2652 5521 2859 5573 vocabo
2897 5530 2949 5573 te
2985 5524 3205 5576 nomine
3254 5532 3367 5585 tuo,
3391 5535 3444 5576 et

219 5573 301 5675 sai.
331 5576 684 5649 προσδέξομαί
709 5598 798 5634 σε·
830 5585 895 5637 σὺ
923 5584 980 5637 δὲ
1017 5587 1117 5638 οὐκ
1150 5588 1318 5655 ἔγνως
1351 5609 1439 5659 με.
1473 5613 1491 5645 ι
1531 5595 1668 5659 Τούς
1704 5614 1763 5649 τε

1869 5605 2127 5671 accipiam
2157 5615 2226 5660 te.
2272 5606 2349 5661 Tu
2381 5619 2563 5662 autem
2602 5626 2707 5664 non
2747 5614 3046 5681 cognovisti
3083 5628 3187 5667 me.
3216 5631 3239 5665 ι
3297 5616 3440 5667 Intra

220 5662 334 5767 εἴσω
378 5668 577 5723 τούτων
599 5675 1025 5744 ταμιευομένους
1058 5677 1381 5752 θησαυροὺς,
1413 5687 1635 5755 ἀφανεῖς
1670 5690 1764 5742 καὶ

1869 5695 2027 5751 urbes
2054 5698 2361 5753 reconditos
2395 5701 2695 5767 thesauros,
2729 5707 2955 5759 latentes
3004 5706 3123 5761 illus
3164 5721 3218 5762 et
3269 5708 3441 5762 occulc

223 5750 460 5823 ἀοράτους
494 5763 601 5824 τοῖς
632 5764 913 5837 προτέροις
957 5750 1597 5847 βασιλεῦσιήιιενομένους,
1622 5750 1760 5833 ἰάνα-

1869 5795 1969 5854 tos,
2006 5790 2247 5859 pristinis
2280 5791 2498 5861 regibus
2527 5794 2894 5864 absconditos,
2938 5798 3172 5867 aperiam
3200 5800 3324 5866 tibi;
3381 5811 3438 5853 ut
