4128 6294
703 369 805 429 ιιι

1373 363 1634 422 EUSEBII
1673 365 2139 423 (LESARIENSIS
2174 367 2325 424 OPP.
2369 367 2547 425 PARS
2581 367 2672 424 ΙΙΙ.
2711 400 2778 412 -—
2819 366 3225 426 EXEGETICA.

3818 369 3924 430 ιιι

705 485 839 554 ipsis
860 480 1114 553 operibus
1140 481 1371 547 ediscas,
1394 484 1518 552 quis
1562 497 1662 561 ego
1698 480 1846 547 sim,"
1875 485 1965 553 qui
2013 497 2138 540 ante
2181 495 2243 540 to:

2360 487 2579 540 πετάσω
2609 503 2690 540 σοι
2766 487 2840 550 ὡς
2873 487 2937 540 ἂν
2963 487 3145 551 αὐτοτος
3167 487 3346 559 ἔργοις
3377 485 3566 558 μάθοις
3601 488 3746 552 ὅστις
3793 491 3923 546 ποτὲ

706 587 879 628 annos
909 566 1239 642 ipsissimum
1290 587 1488 626 nomen
1540 572 1688 628 tuum
1743 575 2076 644 propheticis
2109 575 2257 631 Scri-

708 661 885 732 pturis
927 661 1086 726 meis,
1117 662 1274 730 quasi
1305 662 1478 735 cippis
1516 665 1756 728 aeternis,
1799 666 2074 736 insculpsi.
2126 667 2255 723 Sum

704 761 885 805 autem
939 751 1082 805 Deus
1136 749 1326 815 Israel,
1379 752 1523 821 quod
1573 767 1641 807 ne
1681 753 1898 822 ignores
1952 766 2188 823 oportet.
2224 771 2258 811 o

702 840 883 911 Cyre:
925 839 1104 896 omnia
1142 839 1341 910 quippe
1386 838 1503 908 iam
1555 843 1823 899 recensita
1871 847 2081 900 tradam
2115 848 2254 914 tibi;

701 945 809 985 non
847 929 1007 985 aliam
1036 928 1106 983 ob
1147 943 1284 995 rem,
1311 944 1471 1000 quam
1505 941 1727 1003 propter
1757 934 2010 1004 populum
2051 951 2254 1002 meum,

699 1035 863 1088 quem
898 1018 1027 1073 mihi
1053 1017 1191 1089 elegi
1226 1033 1291 1074 ex
1321 1019 1572 1076 omnibus
1600 1023 1874 1093 gentibus,
1903 1025 2050 1098 quod
2074 1035 2258 1096 patres

699 1125 889 1170 eorum
927 1110 982 1165 in
1006 1110 1184 1179 pretio
1211 1110 1463 1168 habeam.

770 1288 935 1345 Vens.
965 1289 1081 1344 5-7.
1151 1307 1173 1342 ι
1226 1291 1488 1359 Quoniam
1543 1307 1647 1364 ego
1698 1293 1958 1350 Dominus
2006 1295 2168 1362 Deus,
2200 1306 2256 1354 et

703 1396 807 1437 non
839 1393 924 1439 est
970 1383 1110 1439 alius
1144 1384 1285 1440 Deus
1317 1395 1662 1459 prater-me.
1694 1387 2048 1445 Corrohoravi
2088 1400 2160 1456 te,
2199 1403 2255 1445 et

699 1490 806 1530 non
830 1476 1125 1548 cegnovisti
1147 1491 1231 1532 me
1258 1493 1272 1542 ;
1301 1487 1359 1532 ut
1382 1490 1710 1548 cognoscant
1739 1481 1828 1548 qui
1855 1479 1924 1536 ab
1947 1493 2068 1536 ortu
2097 1482 2250 1545 solis,

698 1577 756 1621 et
777 1568 870 1638 qui
909 1569 977 1624 ab
1004 1582 1220 1636 occasu,
1253 1569 1379 1640 quia
1439 1586 1546 1626 non
1602 1583 1689 1626 est
1737 1572 1878 1629 Deus
1913 1584 2108 1644 prater
2147 1591 2251 1628 me.

700 1655 811 1728 Ego
841 1657 1095 1714 Dominus
1125 1659 1284 1728 Deus,
1309 1671 1364 1717 et
1397 1678 1503 1718 non
1535 1675 1620 1720 est
1669 1674 1955 1734 praeterea.
2009 1666 2119 1734 Ego
2161 1667 2254 1736 qui

696 1749 987 1817 νεαρξηνί
1027 1748 1220 1814 lucem,
1249 1762 1304 1807 et
1325 1754 1415 1823 qui
1443 1753 1545 1810 ieci
1573 1756 1842 1823 tenebras,
1872 1758 1962 1828 qui
1994 1757 2133 1814 iacio
2153 1773 2250 1828 pa-

2358 580 2406 630 ei
2413 597 2472 648 μι
2492 580 2521 632 6
2541 577 2647 649 πρὸ
2669 579 2935 632 τοσούτων
2954 579 3090 632 ἐτῶν
3111 580 3365 650 ὀνομαστὶ
3383 578 3481 651 τὴν
3515 580 3615 650 σὴν
3646 596 3921 651 προσηγο-

2359 671 2482 740 ρίαν
2511 674 2632 734 ταῖς
2661 672 3026 741 προφητικακ
3062 687 3163 741 μου
3186 671 3450 742 Γμφαῖς,
3487 671 3675 744 ῶσπερ
3700 672 3757 724 ἐν
3786 673 3924 744 στή-

2356 759 2476 822 λαις
2497 759 2754 823 αίωνίοις,
2784 759 3110 832 ἐγχαράξας.
3137 760 3267 831 Είμὶ
3303 760 3360 815 δέ
3391 763 3422 815 6
3449 761 3582 825 Θεὸς
3624 760 3862 834 Ἰσραὴλ,
3887 761 3923 817 δ

2359 853 2623 922 προσήκει
2657 854 2750 905 καὶ
2782 852 2841 906 σέ
2872 854 2946 923 μὴ
2985 855 3229 922 ἀγνοεῖν,
3289 847 3336 907 ὧ
3375 852 3558 927 Κῦρεο
3593 854 3768 908 πάντα
3810 853 3924 926 γὰρ

2353 943 2424 997 τά
2455 943 2816 1014 προλεχθέντα
2844 943 3138 1016 χαριοῦμαι
3168 963 3250 999 σοι
3285 947 3346 1000 οὐ
3373 946 3462 1000 διά
3492 965 3545 1001 τι
3567 947 3773 1019 ἕτερον,
3803 947 3923 1002 ἀλλ’

2355 1035 2540 1088 ἕνεκεν
2586 1033 2682 1088 τοῦ
2727 1035 2863 1106 ἐμοῦ
2905 1035 3070 1101 λαοῦ,
3112 1037 3172 1090 ὃν
3221 1038 3445 1109 ἐμαυτῷ
3483 1037 3814 1111 ἐξελεξάμην
3860 1041 3922 1108 ἐξ

2354 1125 2608 1177 ἁπάντων
2638 1123 2749 1178 τῶν
2793 1124 2961 1180 ἐθνῶν
2992 1127 3079 1180 διὰ
3109 1125 3204 1198 τὴν
3239 1126 3372 1199 πρὸς
3399 1128 3524 1192 τοὺς
3550 1128 3794 1200 meper;
3824 1129 3925 1184 αὑ-

2353 1213 2461 1267 τῶν
2488 1216 2668 1285 τιμήν.

2431 1324 2451 1357 ι
2482 1303 2606 1361 Ὀτι
2637 1304 2748 1376 ἐγὼ
2778 1306 2980 1379 Κύριος
3003 1309 3032 1361 6
3058 1307 3209 1373 Θεὸς,
3249 1310 3343 1364 καὶ
3360 1311 3461 1364 οὐκ
3485 1310 3630 1366 ἔστιν
3655 1312 3736 1366 ἔτι
3781 1313 3927 1387 πλὴν

2356 1396 2493 1467 ἐμοῦ
2513 1397 2665 1462 Θεός.
2709 1398 2997 1470 Ἐνίσχυσά
3019 1417 3099 1465 σε,
3125 1403 3219 1455 καὶ
3232 1401 3332 1456 οὐκ
3349 1402 3495 1474 ᾕδεις
3511 1417 3599 1476 με’
3618 1405 3706 1458 ενα
3719 1405 3927 1474 γνῶσιν

2355 1490 2403 1541 οἱ
2433 1489 2527 1542 ἀπ’
2539 1488 2810 1544 ἀνατολῶν
2831 1489 2978 1561 ἡλίου
3005 1493 3099 1545 καὶ
3119 1493 3168 1545 oi
3192 1492 3300 1546 άπδ
3324 1494 3563 1564 δυσμῶν,
3592 1495 3674 1548 ὅτι
3689 1497 3794 1550 οὐκ
3804 1496 3926 1553 ἐστι

2353 1579 2486 1645 Θεὸς
2509 1580 2649 1652 πλὴν
2673 1583 2826 1652 ἐμοῦ.
2867 1581 3010 1652 Ἐγὼ
3052 1583 3256 1657 Κύριος
3285 1587 3314 1639 6
3339 1585 3494 1650 Θεὸς,
3513 1587 3616 1640 ’καὶ
3643 1587 3748 1641 οὐκ
3773 1586 3928 1643 ἐστιν

2350 1667 2451 1722 ἐτι.
2498 1668 2639 1737 Ἐγὼ
2668 1672 2697 1724 6
2727 1673 3139 1738 κατασκευάσας
3163 1659 3298 1743 φῶς,
3331 1674 3426 1729 καὶ
3447 1677 3680 1747 ποιήσας
3708 1677 3926 1743 σκότος,

2352 1757 2382 1810 6
2426 1757 2596 1811 ποιῶν
2631 1759 2871 1830 είρήνην,
2911 1753 3234 1827 καὶκτίζων
3280 1763 3444 1818 κακά.
3482 1762 3626 1832 Ἐγὼ
3657 1763 3865 1836 Κύριος
3891 1766 3928 1820 6

697 1854 836 1906 cem,
871 1849 925 1894 et
951 1856 1077 1897 creo
1101 1843 1263 1899 mala.
1310 1844 1424 1916 Ego
1469 1846 1727 1902 Dominus
1777 1848 1938 1914 Deus,
1989 1850 2080 1918 qui
2107 1848 2243 1905 iacio

2346 1847 2501 1913 Θεὸς,
2534 1850 2564 1902 6
2583 1849 2752 1904 ποιῶν
2785 1850 2962 1905 πάντα
2981 1851 3174 1905 ταῦτα.
3215 1871 3236 1905 ι
3277 1851 3364 1919 Ἐξ
3387 1853 3566 1908 αὐτῶν
3585 1853 3696 1926 γὰρ
3715 1853 3928 1909 τούτων

698 1931 810 1987 ὕεια
835 1934 1035 1991 omnia.
1061 1953 1080 1987 ι
1120 1933 1194 1990 Es
1225 1936 1310 1992 his
1331 1937 1461 2006 ipsis
1485 1939 1737 2008 operibus
1776 1939 2019 1996 ediscent
2051 1956 2069 2006 ;
2122 1956 2245 1995 cum

694 2024 838 2080 enim
867 2040 1135 2083 aerumnas
1155 2027 1348 2097 populo
1372 2042 1491 2082 meo
1511 2031 1579 2084 ad
1606 2031 2015 2086 conversionem
2047 2041 2102 2086 et
2130 2031 2242 2086 dis-

696 2116 954 2184 ciplinam
1009 2117 1253 2189 inﬂigere
1297 2135 1434 2191 opus
1470 2131 1611 2187 erat,
1661 2122 1898 2178 inimicis
1933 2123 2106 2194 ipsum
2138 2134 2249 2178 tra-

695 2208 827 2274 didi,
857 2210 1010 2279 quasi
1042 2211 1275 2268 tenebris
1304 2222 1360 2267 et
1388 2212 1482 2268 ire
1511 2213 1805 2283 impietatis
1828 2229 1993 2269 causa
2019 2214 2240 2269 dedens.

691 2295 826 2353 Cum
853 2310 1030 2354 autem
1060 2301 1238 2357 denuo
1291 2317 1614 2360 conversum
1665 2314 1721 2360 et
1766 2306 1833 2359 ad
1884 2305 2160 2360 meliorem
2190 2321 2250 2359 se

694 2389 900 2463 frugem
921 2393 1289 2462 recipientem,
1319 2394 1580 2450 reducere
1604 2409 1740 2464 opus
1768 2404 1878 2460 est,
1906 2410 2249 2465 consequen-

692 2490 776 2538 ter
810 2484 964 2553 pacis
994 2485 1342 2556 omniumque
1395 2485 1659 2541 bonorum
1719 2485 1898 2543 lumen
1951 2485 2081 2556 ipsis
2115 2486 2246 2544 oriri

691 2584 924 2644 oportet.
963 2576 1010 2630 Α
1060 2591 1146 2632 me
1175 2578 1372 2646 quippe
1423 2585 1479 2632 et
1521 2577 1698 2631 iumen
1727 2587 1782 2632 et
1805 2592 1925 2647 qua:
1954 2577 2022 2632 ad
2057 2591 2245 2648 pacem

692 2673 938 2733 spectant
968 2667 1149 2724 omnia
1179 2666 1696 2734 subministrantur;
1724 2667 1932 2737 judicio
1961 2670 2088 2725 item
2126 2686 2246 2727 meo

692 2755 828 2810 ultio
857 2771 1070 2827 quoque
1103 2758 1394 2814 inducitur.
1431 2760 1774 2830 Quapropter
1802 2760 1946 2816 hanc
1973 2779 2003 2816 a
2037 2778 2122 2818 me
2143 2763 2243 2818 do-

688 2842 920 2898 etrinam
942 2847 1126 2914 accipe
1155 2862 1172 2913 ;
1199 2861 1283 2900 me
1299 2847 1509 2902 scilicet
1534 2855 1590 2901 et
1610 2829 1753 2902 lucis
1791 2848 2145 2915 conditorem,
2188 2860 2245 2907 et

690 2933 840 3002 pacis
879 2932 1185 3006 largitorem
1226 2951 1367 3003 esse,
1411 2937 1771 3007 similiterque
1811 2941 2151 2996 tenebrarum
2189 2954 2246 2998 et

689 3034 874 3077 eorum
905 3037 1024 3091 qua:
1054 3021 1227 3079 tristia
1254 3033 1590 3094 reputantar,
1615 3041 1736 3097 qua:
1764 3042 1863 3096 pro
1893 3029 2051 3086 malis
2077 3045 2244 3102 penes

691 3108 888 3164 multos
926 3110 1230 3166 habentur:
1265 3121 1322 3166 et
1351 3123 1530 3168 tamen
1557 3113 1750 3168 horum
1779 3127 1968 3172 auctor
2006 3133 2106 3190 ego
2135 3119 2242 3174 dici

2354 1938 2686 2010 μαθήσονται
2723 1941 2833 1995 τῶν
2874 1941 3083 2013 ἐργων·
3120 1944 3210 1998 δτε
3247 1945 3344 2016 μέν
3386 1945 3494 2017 γάρ
3533 1944 3756 2017 λυπηρὰ
3782 1946 3926 2017 χρῆν

2353 2028 2650 2097 ἐπαγαγεῖν
2682 2028 2761 2099 τῷ
2791 2029 2911 2102 ἐμῷ
2941 2030 3056 2102 λαῷ
3089 2033 3390 2105 ἐπιστροφῇ
3423 2035 3517 2087 καὶ
3541 2033 3784 2104 παιδείᾳ,
3808 2036 3924 2098 τοῖς

2351 2116 2627 2187 πολεμίοις
2638 2119 2800 2173 αὐτὸν
2814 2119 3072 2186 ἐξέδωκα,
3095 2120 3282 2195 ὥσπερ
3297 2123 3474 2194 σκότῳ
3485 2124 3576 2177 καί
3588 2123 3729 2196 ὀργῇ
3741 2140 3922 2197 παρα-

2347 2206 2469 2270 δοὺς
2489 2206 2651 2261 αὑτὸν
2662 2207 2768 2262 τῶν
2786 2209 3148 2280 ἀσεϐημάτων
3158 2213 3336 2284 χάριν·
3353 2215 3442 2267 ὅτε
3451 2214 3531 2282 δέ,
3561 2215 3716 2285 φησι,
3733 2214 3923 2268 λοιπὸν

2350 2299 2752 2371 ἐπιστρέψαντα
2783 2302 2878 2355 καὶ
2907 2303 3258 2376 ὠφελημένον
3293 2307 3556 2378 προσήκει
3585 2306 3880 2362 άναλαδεῐν
3900 2349 3920 2373 ,

2348 2388 2638 2443 ἀκόλουθον
2670 2389 2739 2444 ἂν
2769 2392 2855 2464 εἴη
2885 2393 3002 2460 φῶς
3033 2396 3258 2467 εἰρήνης
3296 2397 3392 2450 καὶ
3434 2398 3652 2454 πάντων
3695 2399 3924 2468 ἀγαθῶν

2347 2480 2656 2534 ἀνατέλλειν
2669 2483 2758 2535 ἐπ’
2773 2483 2956 2538 αὐτόν.
2983 2485 3072 2553 Ἐξ
3091 2485 3228 2558 ἐμοῦ
3255 2488 3364 2559 γὰρ
3379 2487 3441 2542 τὸ
3455 2487 3572 2558 φῶς
3598 2495 3921 2563 χορηγεῖται

2346 2571 2442 2626 καὶ
2471 2571 2540 2627 τὰ
2562 2573 2662 2644 τῆς
2679 2574 2904 2646 εἰρήνης
2919 2576 3095 2632 πάντα
3108 2592 3125 2609 ο
3143 2579 3322 2649 κρίσει
3349 2578 3408 2633 δέ
3421 2581 3488 2651 τῇ
3501 2581 3607 2653 ἐμῇ
3625 2582 3721 2636 καὶ
3734 2581 3805 2636 τά
3819 2583 3924 2656 τῆς

2344 2663 2513 2735 ὀργῆς
2547 2664 2829 2734 ἐπάγεται.
2873 2665 3072 2739 Διόπερ
3105 2666 3281 2740 δόγμα
3294 2671 3424 2742 παρ’
3444 2669 3580 2742 ἐμοῦ
3594 2672 3754 2727 τοῦτο
3772 2673 3918 2744 μάν-

2345 2753 2473 2809 θανε
2494 2772 2507 2785 ·
2540 2755 2617 2820 ὡς
2639 2757 2748 2829 ἄρα
2770 2755 2884 2826 ἐγὼ
2915 2759 3077 2823 αὐτὸς
3098 2761 3193 2814 καὶ
3219 2761 3395 2830 φωτός
3421 2764 3538 2834 είμι
3561 2764 3923 2838 δημιουργὸς,

2346 2848 2676 2920 καὶείρήνης
2703 2851 2959 2922 χορηγὸς,
2977 2851 3178 2922 ὁμοίως
3208 2853 3268 2907 δέ
3304 2856 3398 2908 καὶ
3431 2856 3656 2920 σκότους
3688 2858 3785 2911 καὶ
3804 2858 3920 2912 τῶν

2345 2935 2712 3007 νομιζομένων
2735 2937 2994 3010 λυπηρῶν
3011 2957 3023 2969 ·
3054 2940 3198 3012 άπερ
3229 2943 3374 2997 κακά
3400 2947 3512 3007 τοῖς
3535 2945 3750 3010 πολλοῖς
3773 2942 3919 3002 εἶναι

2345 3029 2675 3099 νενόμισται,
2707 3023 2783 3085 ὧν
2809 3033 3038 3104 ποιητὴς
3061 3032 3129 3090 ἂν
3148 3032 3415 3105 λεχθείην,
3447 3035 3624 3108 κρίσει
3645 3037 3831 3113 δικαίᾳ
3847 3039 3922 3093 τά

2347 3122 2656 3195 κατάλληλα
2684 3127 2794 3189 τοῖς
2828 3124 2999 3192 ἀξίοις
3034 3125 3276 3196 ἐπάγων.
3303 3128 3368 3182 Et
3403 3129 3582 3183 τοίνυν
3613 3129 3727 3200 ἐγὼ
3757 3131 3919 3199 Θεὸς,

688 3198 918 3265 valeam,
951 3199 1098 3270 justo
1121 3200 1327 3272 judicio
1356 3203 1654 3272 promerita
1688 3205 1918 3274 singulis
1952 3208 2236 3265 inducens.

2345 3215 2437 3268 irai.
2457 3216 2558 3269 οὐκ
2581 3215 2695 3269 ἐστι
2725 3215 2862 3288 πλὴν
2889 3215 3023 3286 ἐμοῦ
3038 3216 3245 3290 ἕτερος,
3274 3221 3303 3273 6
3325 3220 3494 3274 ποιῶν
3511 3198 3684 3274 ταῦτα

690 3291 752 3346 βξ
779 3293 961 3362 itaque
985 3307 1087 3365 ego
1124 3294 1286 3361 Deus,
1312 3304 1366 3350 et
1390 3310 1496 3349 non
1519 3304 1600 3350 est
1625 3305 1822 3363 praeter
1850 3313 1934 3354 me
1963 3299 2124 3364 alius,
2148 3303 2238 3371 qui

691 3383 806 3438 hcc
856 3383 1037 3438 omnia
1090 3383 1303 3453 iaciat;
1346 3384 1561 3441 etiamsi
1606 3388 1881 3441 contraria
1934 3389 2239 3458 videantur,

685 3479 924 3527 attamen
955 3481 1147 3528 natura
1181 3487 1276 3527 sua
1311 3475 1587 3529 contraria
1624 3490 1731 3530 non
1769 3488 1915 3532 sunt.
1951 3477 2080 3534 Nam
2123 3497 2241 3551 qua:

689 3559 826 3615 mala
872 3574 905 3616 a
954 3575 1040 3616 tne
1077 3559 1244 3632 indigi
1281 3563 1682 3628 existimantur,
1725 3579 1789 3620 ea
1831 3581 1964 3623 sane
1999 3570 2241 3625 maxime

688 3649 971 3706 conferunt
1009 3652 1076 3706 ad
1111 3652 1398 3708 utilitatem
1432 3664 1490 3708 et
1519 3654 1750 3710 salutem
1791 3671 2002 3724 eorum,
2030 3661 2123 3729 qui
2156 3660 2241 3716 his

686 3737 757 3793 ad
782 3755 967 3796 sanam
991 3749 1224 3798 mentem
1255 3741 1610 3798 reducuntur.

759 3827 920 3886 ναις.
948 3829 1003 3887 8.
1046 3849 1067 3884 ι
1115 3831 1348 3888 Latetur
1395 3833 1591 3888 ctelum
1643 3834 1898 3905 desuper,
1954 3847 2011 3892 et
2069 3839 2242 3895 nubes

687 3919 890 3975 stillent
920 3921 1180 3991 justitiam
1207 3941 1221 3976 :
1256 3923 1532 3993 aperiatur
1565 3935 1732 3991 terra,
1764 3937 1819 3981 et
1841 3929 2107 3996 germinet
2139 3931 2239 3985 ηιίοε

687 4013 1058 4076 sericordiam,
1104 4023 1160 4068 et
1189 4013 1452 4080 justitiam
1497 4017 1632 4071 oriri
1679 4017 1848 4076 faciat
1899 4021 2082 4076 sitnul.
2125 4021 2240 4093 Ego

686 4117 805 4156 sunt
862 4104 1144 4172 Dominus,
1194 4111 1284 4178 qui
1339 4115 1518 4170 creavi
1577 4124 1647 4170 te.
1700 4137 1718 4169 ι
1774 4117 2236 4184 Quemadmodum

683 4195 827 4249 enim
863 4207 1073 4269 tempus
1095 4204 1222 4258 olim
1251 4205 1373 4270 fuit,
1404 4224 1525 4263 cum
1559 4213 1788 4268 nubibus
1819 4215 2086 4281 mandavi,
2129 4234 2149 4268 ι
2179 4227 2237 4270 ιιι

684 4301 789 4342 non
819 4289 1061 4358 pluerent
1084 4308 1247 4364 super
1279 4298 1489 4354 vineam
1524 4301 1794 4371 pluviam;
1829 4324 1848 4357 ι
1883 4306 1955 4361 ita
1986 4315 2041 4362 et
2090 4323 2234 4364 nunc

682 4392 785 4468 suo
824 4388 1064 4452 tempore
1111 4386 1524 4445 rationabilibns
1574 4393 1810 4449 nubibus
1847 4396 1984 4451 meis
2043 4398 2238 4468 praeci-

683 4467 849 4537 piam,
893 4479 952 4524 ut
983 4487 1088 4528 non
1121 4477 1373 4534 sensilem
1409 4495 1625 4549 aquam,
1662 4485 1757 4538 sed
1778 4467 2234 4553 justitiamidesu-

683 4572 777 4626 per
809 4574 875 4614 ex
903 4562 1012 4618 alto
1039 4564 1245 4622 stillent
1275 4570 1361 4637 iis,
1393 4571 1485 4641 qui
1519 4572 1831 4631 inhabitant
1864 4587 2091 4634 terram.

754 4649 918 4704 Vens.
949 4654 1002 4718 9,
1034 4655 1121 4710 i0.
1159 4676 1178 4709 ι
1210 4657 1347 4728 Quid
1373 4663 1568 4718 melius
1604 4667 1901 4737 properavi
1948 4680 2007 4724 ut
2057 4670 2228 4726 lutum

679 4739 863 4811 ﬁguli?
891 4743 1026 4800 Num
1052 4748 1142 4816 qui
1177 4758 1315 4816 arat,
1351 4755 1526 4809 arabit
1572 4766 1774 4812 terram
1819 4767 1932 4814 tota
1949 4761 2230 4818 dielNum

679 4831 820 4888 dicet
840 4835 1010 4891 lutum
1057 4837 1240 4908 ﬁgulo,
1283 4842 1422 4910 Quid
1469 4845 1623 4912 iacis,
1669 4849 1929 4916 quoniam
1959 4866 2066 4904 non
2097 4868 2227 4922 ope-

679 4923 851 5014 raris,
873 4940 1044 4997 neque
1069 4929 1234 4986 habes
1263 4948 1453 4990 manus
1477 4936 1500 4990 ?
1530 4935 1664 4992 Num
1695 4941 1975 5009 respondit
2002 4941 2228 5014 ilgmen-

681 5018 792 5066 tum
825 5011 998 5070 lictori
1027 5019 1285 5086 suo?Qui
1316 5023 1447 5078 dicit
1505 5028 1667 5094 patri,
1712 5028 1850 5096 Quid
1887 5011 2228 5101 generahis?

678 5107 734 5154 et
756 5102 945 5192 matri,
974 5103 1113 5169 Quid
1147 5109 1371 5175 paries?
1403 5131 1422 5164 ι
1479 5112 1645 5178 Quasi
1674 5131 1768 5171 eos
1802 5119 2105 5190 alloquens,
2134 5123 2225 5192 qui

680 5188 981 5245 universali
1006 5193 1078 5246 illi
1105 5195 1458 5264 providentia:
1504 5213 1560 5256 et
1603 5188 2059 5265 administrationi
2092 5188 2226 5266 coin-

679 5279 970 5348 tradicunt,
1002 5283 1076 5336 ait
1100 5303 1112 5338 :
1134 5283 1222 5341 Va:
1249 5289 1339 5356 qui
1367 5294 1696 5349 contradicit
1731 5295 1907 5353 lictori
1937 5315 2056 5354 suo.
2090 5299 2225 5356 Nam

675 5373 890 5438 quando
913 5375 1262 5445 castigatione
1286 5390 1340 5434 et
1366 5385 1722 5441 conversione
1749 5402 1881 5457 opus
1901 5400 2039 5458 erat,
2074 5391 2230 5448 Jeru-

677 5458 844 5514 salem
874 5464 1028 5531 quasi
1056 5475 1246 5522 testam
1280 5471 1529 5527 contrivi.
1583 5484 1638 5530 et
1690 5479 1942 5547 templum
1990 5482 2226 5538 inimicis

679 5558 731 5600 ct
773 5549 1011 5608 hostibus
1043 5556 1276 5626 tradidi;
1320 5576 1439 5615 cum
1482 5574 1664 5620 autem
1715 5577 1835 5636 post
1875 5569 2223 5630 suﬂicientem

682 5639 885 5694 illatam
920 5659 1152 5712 poenam,
1205 5651 1593 5708 humanitatem
1641 5657 1895 5716 cahibere
1945 5667 2216 5731 oportuit;

688 5740 808 5787 tunc
838 5743 890 5789 et
922 5737 1170 5807 tcinplutu
1219 5752 1271 5798 et
1320 5745 1506 5802 urbem
1557 5749 1796 5816 pristinis
1857 5758 2224 5821 prrstantiura

2345 3304 2446 3358 κᾶν
2472 3306 2693 3360 ἐναντία
2722 3303 2866 3362 εἶναι
2905 3307 3058 3380 δοκῇ,
3091 3309 3192 3363 οὐκ
3224 3308 3354 3364 δντα
3374 3313 3442 3382 τῇ
3472 3309 3632 3381 φύσει
3666 3312 3910 3371 ἐναντία.

2354 3396 2504 3453 Ἐπεὶ
2535 3397 2629 3452 καὶ
2653 3397 2720 3452 τὰ
2747 3398 3072 3470 νομιζόμενα
3093 3401 3186 3454 ὑπ’
3206 3399 3340 3470 ἐμοῦ
3369 3401 3915 3470 ἐπάγεσθαικακὰτά

2345 3485 2575 3557 μέγιστα
2609 3487 2986 3558 συμδάλλοιντ⁹
3015 3490 3084 3543 ἂν
3129 3490 3264 3562 πρὸς
3293 3492 3562 3562 ὠφέλειαν
3602 3495 3696 3548 καὶ
3732 3511 3914 3570 σωτη-

2342 3579 2463 3650 ρίαν
2487 3577 2596 3633 τῶν
2625 3579 2693 3633 δι’
2727 3578 2903 3633 αὐτῶν
2935 3582 3434 3654 σωφρονιζομένων.

2416 3863 2434 3894 ι
2466 3845 2834 3916 Εὐφρανθήτω
2871 3849 2901 3900 6
2942 3847 3169 3921 οὐρανος
3207 3849 3434 3914 ἄνωθεν,
3475 3851 3570 3904 καὶ
3602 3852 3659 3906 ai
3688 3850 3911 3921 νεφέλαι

2339 3935 2656 4005 ῥανάτωσαν
2699 3936 3070 4011 δικαιοσύνην·
3109 3941 3446 3998 άνατειλάτω
3474 3944 3509 4014 ή
3533 3946 3628 4015 γῆ,
3661 3944 3755 3998 καὶ
3784 3942 3912 4014 βλα-

2341 4025 2594 4094 στησάτω
2635 4026 2784 4092 ἔλεος
2802 4069 2817 4092 ,
2875 4029 2968 4083 καὶ
3015 4030 3360 4104 δικαιοσύνην
3401 4033 3734 4089 άνατειλάτω
3763 4034 3906 4108 ἅμα.

2350 4114 2490 4182 Ἐγώ
2510 4118 2626 4188 είμι
2652 4118 2855 4191 Κύριος
2881 4121 2911 4174 6
2933 4123 3122 4188 κτίσας
3150 4139 3232 4178 σε.
3266 4124 3528 4197 ι”Ωσπερ
3547 4126 3656 4200 γάρ
3681 4122 3753 4199 ἦν
3782 4144 3912 4183 και-

2339 4203 2430 4274 ρός
2463 4222 2615 4270 ποτε,
2663 4208 2751 4261 ὅτε
2791 4211 2914 4273 ταῖς
2952 4211 3203 4281 νεφέλαις
3243 4214 3595 4288 ἐνετειλάμην
3627 4235 3647 4269 r
3686 4216 3784 4272 τοῦ
3829 4218 3905 4291 μὴ

2339 4296 2524 4366 βρέξαι
2548 4299 2629 4362 εἰς
2657 4299 2747 4353 τὸν
2762 4299 3058 4372 ἀμπελῶνα
3090 4303 3263 4369 ὑετὸν,
3291 4324 3311 4357 ι
3339 4305 3484 4360 οὕτω
3502 4307 3597 4361 νῦν
3620 4309 3763 4364 κατὰ
3785 4327 3908 4365 και-

2341 4387 2429 4456 ρὸν
2453 4389 2572 4452 ταῖς
2622 4391 2780 4461 ἐμαῖς
2810 4391 3058 4460 νεφέλαις
3096 4393 3339 4464 λογικαίς
3367 4396 3554 4464 οὔσαις
3580 4402 3906 4472 προστάσσω

2341 4477 2414 4548 μὴ
2442 4477 2698 4551 αἰσθητὸν
2729 4480 2891 4553 ὕδωρ,
2926 4483 3065 4538 ἀλλὰ
3097 4485 3197 4557 τὴν
3225 4486 3570 4561 δικαιοσύνην
3597 4491 3806 4548 ἄνωθεν
3842 4493 3905 4560 ἐξ

2338 4566 2502 4636 ὕψους
2516 4569 2816 4642 ἐπιραίνειν
2845 4577 2956 4637 τοῖς
2978 4576 3076 4647 τὴν
3107 4578 3208 4649 γῆν
3220 4579 3446 4635 οἰκοῦσι.

2413 4677 2430 4709 ι
2449 4659 2605 4712 Ποῖον
2635 4661 2840 4732 βέλτιον
2874 4668 3253 4724 κατεσκεύασα
3277 4670 3354 4735 ὡς
3384 4672 3554 4744 πηλὸν
3576 4676 3902 4747 κεραμέωςς

2455 4750 2484 4802 6
2510 4751 2779 4822 ἀροτριῶν
2802 4756 3117 4827 ἀροτριάσει
3143 4759 3241 4832 τὴν
3269 4761 3374 4833 γῆν
3398 4763 3524 4836 δλην
3536 4765 3902 4840 τὴνήμέρανξ

2333 4839 2556 4936 ἢδη-ἐρεῖ
2569 4843 2598 4895 6
2616 4844 2784 4913 πηλὸς
2802 4847 2880 4917 τῷ
2897 4853 3146 4921 κεραμεῖ,
3165 4853 3230 4906 Τί
3248 4857 3438 4920 ποιεῖς,
3455 4857 3538 4911 δτι
3551 4858 3651 4912 οὐκ
3667 4859 3902 4936 ἐργάζῃ,

2333 4929 2451 5026 ούδέ
2468 4930 2612 5026 exet;
2637 4937 2825 5006 χεῖρας
2846 4940 2967 5011 ςΜή
2983 4941 3408 5016 ἀποκριθήσεται
3431 4947 3493 5001 τὸ
3518 4929 3745 5021 πλάσμα
3766 4929 3906 5026 πρδς

2334 5022 2423 5074 τὸν
2436 5022 2715 5078 πλάσαντα
2732 5028 2860 5080 αὐτό
2880 5045 2894 5094 ;
2914 5031 2970 5084 '0
2992 5031 3163 5104 λέγων
3187 5035 3264 5108 τῷ
3282 5039 3467 5110 πατρὶ,
3485 5041 3551 5095 Τί
3578 5022 3862 5113 γεννήσεις
3880 5064 3897 5113 ;

2336 5121 2428 5174 καὶ
2440 5124 2506 5193 τῇ
2526 5123 2784 5193 μητρὶ,Τί
2810 5124 3019 5192 ὼδίνεις
3039 5147 3053 5195 ;
3081 5130 3167 5194 '0;
3185 5133 3295 5205 γάρ
3311 5132 3446 5206 πρὸς
3457 5134 3904 5206 τοὺςάντιλὲγον-

2328 5229 2426 5276 τας
2452 5216 2519 5284 τῇ
2545 5214 2770 5269 καθόλου
2805 5219 3028 5292 προνοίᾳ
3057 5239 3117 5274 τε
3146 5222 3239 5275 καὶ
3263 5223 3525 5295 διοικήσει
3545 5227 3740 5296 φησίν·
3763 5228 3902 5282 υύαὶ

2329 5304 2357 5354 6
2387 5304 2680 5374 ἀντιλέγων
2711 5307 2790 5378 τῷ
2829 5308 3092 5366 πλάσαντι
3121 5313 3302 5369 αὐτόν.
3341 5315 3471 5369 Ὅτε
3511 5316 3610 5388 μέν
3631 5318 3742 5389 γάρ
3771 5337 3902 5375 παι-

2328 5393 2493 5459 δείας,
2529 5398 2619 5450 καὶ
2647 5400 2980 5474 ἐπιστροφῆς
3023 5405 3183 5476 χρεία
3207 5400 3296 5476 ἦν,
3337 5406 3431 5460 καὶ
3474 5408 3770 5482 συνέτριψα
3798 5411 3902 5483 τὴν

2342 5487 2694 5561 Ἰερουσαλὴμ
2730 5491 2806 5555 ὡς
2837 5492 3123 5566 ὄστρακον,
3162 5499 3256 5551 καὶ
3285 5499 3379 5552 τὸν
3417 5500 3545 5554 ναὸν
3567 5501 3782 5574 ἐχθροῖς
3806 5505 3903 5558 καὶ

2340 5575 2615 5646 πολεμίοις
2657 5581 2976 5652 παρέδωκα·
3022 5585 3113 5638 ὅτε
3151 5585 3211 5639 δέ
3257 5587 3419 5642 πάλιν
3469 5590 3574 5662 χρὴ
3620 5590 3761 5660 μετὰ
3798 5591 3904 5664 τὴν

2336 5668 2514 5720 αὐτῶν
2546 5671 2793 5744 αὐτάρκη
2845 5676 3112 5744 παιδείαν,
3141 5677 3209 5732 τά
3239 5680 3340 5750 τῆς
3374 5679 3782 5754 φιλανθρωπίας
3814 5684 3904 5739 ἐν-

2331 5758 2625 5829 δηξαπθαι,
2657 5764 2773 5818 τότε
2813 5765 3052 5835 βελτίονα
3085 5769 3177 5824 τοῦ
3221 5771 3486 5842 προτέρου
3521 5773 3902 5831 κατεσκεύασα
