4128 6294
264 396 367 453 413

1188 396 1689 455 (ΞΟᾹΙΜΕΝΤΑΒΙΑ
1725 396 1795 453 ιΝ
1830 394 2089 455 lSAIAI.
2128 426 2197 438 —
2233 394 2385 452 CAP.
2426 392 2591 451 XLV.

3416 395 3522 449 6M

261 513 350 565 τὸν
385 510 527 565 νεὼν
566 516 665 567 καὶ
695 514 793 585 τὴν
840 512 1013 577 πόλιν,
1044 512 1121 577 ὡς
1156 513 1323 584 πηλὸν
1352 513 1637 585 κεραμέως
1670 530 1842 586 μετα-

1948 510 2263 566 coustrnxi:
2300 523 2421 580 qua
2472 508 2600 562 olim
2652 505 2885 561 contrita
2923 506 3163 568 fueran,
3200 520 3299 561 ceu
3347 507 3519 563 lutum

264 598 438 656 ὄαλὼν
464 600 566 656 καὶ
604 603 1051 673 ἀνανεωσάμενος
1080 604 1149 657 τά
1181 604 1349 659 πάλαι
1386 606 1838 677 ουντετριμμένα.

334 707 355 743 ι
390 692 515 744 ’Ότι
533 691 684 745 οὓτω
706 691 852 758 λέγει
880 690 1083 762 Κύριος
1102 693 1130 744 6
1148 690 1303 755 Θεὸς,
1333 693 1363 745 6
1392 692 1582 760 ’Δγιος
1607 690 1841 762 Ἰσραὴλ,

259 781 290 836 6
321 781 557 853 ποιήσας
591 781 664 834 τὰ
688 781 1026 852 ἐπερχόμενα
1049 799 1062 811 ⁸
1106 783 1448 855 Ἐρωτήσατέ
1479 799 1546 853 με
1581 782 1709 852 περὶ
1736 782 1845 835 τῶν

262 872 389 926 υίῶν
417 890 547 943 μου,
578 873 675 949 καὶ
704 873 962 944 περὶτῶν
994 874 1170 946 ἔργων
1194 873 1303 926 τῶν
1322 872 1520 944 χειρῶν
1549 889 1651 943 μου
1677 872 1845 925 ἐντεί-

261 962 420 1016 λασθέ
462 979 582 1032 μοι.
622 982 641 1013 ι
674 962 1018 1017 Παιᾶυέσθω
1046 961 1338 1034 τοιγαροῦν
1365 964 1474 1026 πᾶς
1499 961 1785 1034 ἄνθρωπος
1814 965 1844 1016 6

259 1056 365 1110 ἀπὸ
400 1055 508 1125 γῆς
537 1055 768 1126 ληφθεὶς
820 1055 911 1110 καὶ
971 1054 1130 1125 σῶμα
1184 1052 1385 1122 γεῶδες
1438 1052 1842 1124 περικείμενος,

261 1146 427 1217 πηλοῦ
470 1164 531 1200 τε
575 1148 746 1219 μηδὲν
782 1146 1053 1218 διαφέρων
1083 1145 1383 1217 παραθέσει
1422 1143 1516 1198 τοῦ
1560 1144 1844 1207 κτίσαντος

259 1236 439 1301 αὐτὸν,
473 1239 553 1309 μὴ
584 1237 789 1309 τολμᾷν
826 1241 947 1301 ταῖς
979 1236 1073 1290 τοῦ
1104 1235 1240 1290 Θεοῦ
1272 1235 1600 1305 διοικήσεσιν
1631 1233 1842 1288 ἀντιλὲ-

257 1344 391 1397 γειν,
425 1328 565 1399 μηδὲ
589 1327 1045 1400 καταμέμφεσθαι
1074 1327 1173 1397 τῆς
1197 1328 1451 1401 προνοίας
1472 1328 1599 1391 τοὺς
1630 1326 1843 1395 λόγους.

258 1418 449 1473 Πολλοὶ
481 1420 597 1492 γάρ
626 1421 763 1473 είσιν
795 1420 845 1472 οί
877 1418 1304 1489 φιλεγκλήμονες
1350 1417 1625 1473 αἰτιᾶσθαι
1660 1417 1844 1472 εἰωθό-

256 1525 345 1573 τες
365 1549 383 1578 ,
417 1510 535 1563 Καὶ
564 1510 621 1564 τί
653 1509 761 1582 γὰρ
776 1512 1068 1580 ἀναγκαῖον
1089 1506 1156 1581 ἦν
1174 1510 1274 1581 τήν
1305 1510 1480 1581 ἀρχὴν
1508 1510 1588 1572 είς
1618 1509 1709 1562 τὸν
1730 1508 1842 1579 βίον

258 1601 583 1673 ταιρελθεῐνς
622 1600 867 1670 λέγοντες
885 1618 898 1631 ·
932 1600 1030 1654 Διὰ
1060 1602 1112 1653 τί
1154 1600 1211 1654 δὲ
1243 1600 1416 1653 ταῦτα
1466 1601 1663 1654 οὑτωσὶ
1701 1600 1845 1669 γίνε-

258 1710 385 1761 rat;
422 1694 491 1749 Τί
523 1694 586 1749 δέ
630 1695 740 1748 τῶν
775 1693 1030 1749 τοιούτων
1063 1688 1131 1765 ἦν
1164 1693 1358 1764 χρεία;
1410 1692 1517 1747 εδει
1561 1692 1669 1764 γὰρ
1702 1691 1843 1745 οὕτω

255 1785 608 1856 γεγενῆσθαι.
642 1784 801 1841 ’Δλλὰ
822 1784 1031 1849 τούτοις
1055 1784 1337 1857 πρόκειται
1356 1784 1417 1837 τὸ
1438 1802 1456 1836 ι
1480 1783 1618 1838 Οὐαί
1626 1826 1638 1839 .
1678 1784 1843 1855 Ἐρω-

257 1876 456 1948 τήσατί
499 1893 573 1947 με
603 1876 733 1947 περὶ
776 1875 887 1931 τῶν
918 1877 1050 1929 υίῶν
1080 1892 1207 1946 μου,
1243 1875 1337 1929 καὶ
1378 1874 1637 1946 περὶτῶν
1663 1874 1841 1946 ἔργων

257 1966 363 2021 τῶν
400 1967 612 2041 χειρῶν
664 1984 766 2039 μου
807 1967 1116 2021 ἐντείλασθέ
1152 1984 1275 2038 μοι·
1320 1985 1340 2019 ι
1387 1967 1487 2037 τῆς
1529 1966 1626 2037 μὲν
1650 1966 1842 2035 νοερᾶς

260 2060 351 2112 καὶ⁵
378 2059 613 2131 λογικῆς
636 2060 821 2123 οὐσίας
848 2058 938 2113 διὰ
956 2059 1066 2112 τῶν
1098 2058 1229 2113 υἱῶν
1248 2058 1584 2131 δηλουμένης
1600 2075 1614 2088 ·
1652 2057 1761 2110 τῶν
1785 2056 1841 2109 δὲ

257 2147 347 2203 ταῦ
376 2150 593 2221 κόσμου
623 2148 806 2221 μερῶν
840 2149 929 2203 διὰ
959 2149 1069 2204 τῶν
1096 2150 1273 2221 ἔργων
1304 2148 1413 2203 τῶν
1445 2148 1646 2222 χειρῶν
1673 2148 1839 2202 αὐτοῦ

262 2241 710 2312 παρισταμένων.

332 2372 353 2405 ι
392 2352 543 2421 Ἐγὼ
570 2353 806 2425 ἐποίησα
824 2354 929 2424 γῆν
960 2353 1057 2407 καὶ
1085 2352 1367 2425 ἄνθρωπον
1394 2354 1482 2407 επ*
1507 2353 1701 2423 αὺτῆςο
1730 2351 1842 2421 ἐγὼ

258 2444 324 2512 τῇ
359 2442 509 2515 χειρί
543 2460 646 2515 μου
676 2443 983 2514 ἐστερέωσα
1008 2444 1099 2497 τὸν
1130 2443 1388 2515 οὐρανὸν.
1422 2442 1532 2513 ἐγὼ
1563 2445 1697 2496 πᾶσι
1729 2445 1843 2507 τοῖς

258 2532 481 2605 ἄστροις
501 2532 877 2605 ἐνετειλάμην.
911 2553 930 2585 ι
953 2534 1086 2587 Τίνα
1107 2529 1200 2588 οὖν
1221 2533 1334 2603 ἔχοι
1352 2532 1586 2587 ἐνταῦθα
1605 2532 1839 2605 ulmi/tv;

262 2622 418 2676 Ποῖον
448 2622 514 2676 δέ
543 2623 640 2693 οὐχ
676 2624 963 2696 ὑπεραίρει
996 2624 1213 2689 κάλλος,
1242 2624 1275 2695 ἢ
1306 2614 1455 2679 ποῖον
1486 2625 1547 2678 οὐ
1578 2624 1841 2678 καλύπτει

266 2711 531 2783 pineo“
562 2714 625 2767 Τί
650 2714 708 2767 δέ
738 2714 860 2785 οὐχὶ
881 2715 1239 2786 συμϐαλεῖται
1266 2715 1436 2770 ταῦτα
1478 2716 1615 2787 πρός
1647 2732 1712 2784 γε
1740 2716 1842 2787 τήν

263 2802 357 2857 τοῦ
380 2804 651 2875 παρόντος
690 2804 957 2877 κόσμησιν
1002 2807 1097 2861 καὶ
1146 2806 1281 2877 πρὸς
1312 2807 1403 2862 τὸν
1436 2809 1494 2861 ἐν
1533 2807 1843 2879 ἀνθρώποις

272 2894 508 2969 βιωφελῆ
534 2895 678 2967 mou;
707 2896 816 2969 Γῆν
848 2899 945 2969 μέν
979 2898 1090 2970 γὰρ
1116 2898 1346 2968 ἐποίησα
1372 2900 1473 2953 οὐκ
1498 2899 1721 2971 ἔρημον,
1755 2900 1845 2952 ού-

268 2986 322 3041 δέ
349 2988 623 3061 ἄχρηστον
655 2992 917 3059 στοιχεῖον
938 3006 952 3019 ·
976 2991 1290 3063 οἰκητήριον
1312 2990 1371 3045 δέ
1400 2990 1721 3062 ἀνθρώπων.
1752 2990 1845 3043 Διὸ

269 3080 455 3136 καὶτὰ
476 3078 640 3134 λοιπὰ
660 3079 776 3146 ζῶά
804 3097 864 3135 τε
892 3080 986 3135 καὶ
1017 3081 1162 3151 φυτὰ
1184 3082 1266 3147 είς
1298 3084 1492 3155 χρῆσιν
1518 3082 1611 3135 καὶ
1640 3082 1846 3153 ὑπηρε-

1874 1856 1915 1911 Β

1946 600 2118 672 ﬁguli,
2151 600 2218 654 ad
2250 599 2526 653 meliorem
2560 596 2789 651 formam
2822 597 3091 651 reducens
3120 604 3175 649 et
3218 610 3517 654 renovatis.

2014 688 2176 744 Vsus.
2212 688 2294 741 tl.
2351 686 2661 753 «Quoniam
2722 685 2803 739 sic
2852 684 2985 747 dicit
3030 684 3299 740 Dominus
3356 686 3521 753 Deus,

1945 778 2178 834 Sanctus
2211 778 2396 845 Israel,
2435 779 2527 847 qui
2577 776 2708 831 fecit
2756 787 2985 832 ventura
3019 794 3033 831 :
3064 777 3404 848 [interrogate
3437 794 3526 835 me

1943 872 2009 926 de
2039 872 2161 927 ﬁliis
2192 874 2348 939 meis,
2383 871 2519 927 etde
2535 872 2791 941 operibus
2816 886 3073 926 manuum
3107 887 3351 928 mearum
3384 888 3526 944 pra-

1943 965 2108 1033 cipite
2175 966 2375 1019 mihi.s
2430 963 2725 1019 Erudiatur
2774 964 2959 1033 itaque
3014 964 3194 1034 quivis
3245 964 3408 1021 homo
3456 964 3527 1021 de

1945 1067 2088 1111 terra
2133 1068 2403 1125 sumptus,
2454 1064 2509 1111 et
2555 1065 2774 1111 terreno
2822 1056 3043 1111 indutus
3091 1071 3345 1127 corpore,
3385 1058 3527 1114 nihil

1942 1148 2197 1203 diﬁ‘erens
2218 1164 2247 1201 a
2280 1148 2391 1202 luto
2420 1148 2463 1202 si
2494 1163 2614 1201 cum
2650 1157 2905 1203 creatore
2926 1164 3025 1204 suo
3051 1160 3418 1218 comparetur,
3454 1164 3526 1207 ue

1944 1245 2137 1295 audeat
2167 1241 2257 1295 Dci
2294 1241 2685 1309 dispensationi
2726 1241 3133 1305 contradicere,
3180 1258 3355 1313 neque
3400 1258 3529 1314 pro-

1943 1332 2195 1387 videntia:
2228 1333 2493 1387 ratiOnem
2540 1332 2783 1402 culpare.
2826 1332 2961 1388 Nam
2991 1336 3143 1389 multi
3175 1336 3390 1405 queruli
3423 1336 3527 1391 ho-

1944 1424 2116 1479 tnines
2166 1434 2313 1490 sunt,
2349 1423 2441 1493 qui
2494 1424 2775 1479 criminari
2824 1436 2881 1479 et
2924 1438 3153 1495 arguere
3190 1425 3395 1482 audent
3441 1425 3529 1482 his

1945 1519 2125 1572 verbis
2171 1536 2184 1571 :
2235 1515 2375 1584 Quid
2433 1530 2660 1571 necesse
2708 1514 2809 1571 fuit
2854 1530 2887 1571 a
2932 1516 3202 1587 principio
3244 1517 3311 1571 ad
3360 1516 3528 1571 vitam

1947 1610 2115 1664 transi
2128 1610 2226 1665 re?
2256 1608 2363 1665 Cur
2395 1609 2512 1663 haec
2548 1607 2639 1663 tali
2671 1609 2834 1665 modo
2861 1608 3216 1665 conduntur?
3243 1606 3385 1675 Quid
3427 1609 3529 1663 hu-

1940 1702 2174 1771 jnsmodi
2230 1702 2393 1757 rebus
2450 1700 2631 1769 Opus?
2686 1714 2809 1755 nam
2876 1701 2979 1757 hoc
3030 1699 3147 1754 ﬁeri
3197 1701 3359 1755 modo
3427 1714 3531 1770 par

1945 1806 2083 1850 erat.
2134 1795 2329 1849 Verum
2381 1794 2448 1848 ad
2497 1807 2592 1849 eos
2638 1803 2849 1862 spectat
2889 1794 3041 1856 illud,
3086 1811 3105 1845 ι
3132 1791 3246 1849 Vat.
3299 1790 3531 1847 Interro-

1941 1896 2064 1958 gnte
2091 1900 2178 1941 me
2207 1886 2274 1949 de
2312 1884 2437 1940 ﬁliis
2463 1886 2618 1949 meis,
2650 1877 2709 1941 et
2735 1888 2803 1941 de
2823 1887 3079 1957 operibus
3108 1898 3367 1943 manuum
3404 1900 3522 1941 me-

1944 1996 2097 2035 arum
2131 1978 2411 2049 pratcipite
2458 1978 2612 2033 mibi.
2642 1998 2662 2031 ι
2706 1977 2967 2033 Filiorum
3000 1979 3222 2034 nomine
3252 1978 3532 2035 intellectu

1942 2072 2171 2145 praedita
2234 2079 2289 2127 et
2348 2071 2695 2127 rationabilis
2762 2072 3071 2128 substantia
3142 2071 3530 2143 signiﬁcatur;

1941 2164 2197 2233 Operibos
2226 2172 2408 2218 autem
2436 2179 2689 2218 manuum
2724 2162 2842 2235 ejus
2868 2205 2883 2231 ,
2918 2164 3101 2220 mundi
3133 2173 3316 2235 partes
3348 2164 3533 2221 decla-

1945 2266 2153 2311 rantur.

2015 2347 2181 2404 Vens.
2214 2346 2305 2402 12.
2344 2346 2489 2417 «Ego
2519 2345 2620 2401 feci
2661 2358 2884 2412 terram,
2928 2356 2984 2403 et
3027 2347 3301 2402 hominem
3335 2347 3388 2402 in
3419 2362 3483 2404 ea
3512 2368 3528 2405 :

1942 2455 2044 2513 ego
2076 2454 2239 2495 manu
2288 2455 2408 2509 mea
2442 2439 2649 2493 ﬁrmavi
2690 2440 2912 2505 coelum,
2942 2454 3045 2511 ego
3087 2440 3345 2497 omnibus
3369 2442 3533 2497 astris

1944 2532 2218 2588 mandavi.
2251 2550 2272 2585 ι
2329 2531 2594 2600 Quaenam
2654 2532 2819 2604 igitur
2871 2532 2963 2588 hic
3014 2532 3271 2602 culpandi
3319 2533 3573 2589 causa?‘

1944 2624 2168 2694 Qualem
2206 2624 2666 2695 pulchritudinem
2710 2640 2818 2679 non
2871 2630 3118 2695 superat,
3172 2633 3269 2679 aut
3314 2624 3532 2695 qualem

1946 2717 2375 2789 magnitudinem
2432 2731 2538 2771 non
2588 2716 2766 2787 operit
2817 2723 2874 2772 et
2932 2716 3191 2773 excedit?
3245 2715 3533 2786 Quomodo

1944 2808 2061 2865 hac
2092 2824 2196 2864 non
2227 2808 2585 2865 conferantur
2616 2808 2683 2863 ad
2714 2808 3001 2879 prasentis
3040 2809 3226 2863 mtmdi
3255 2817 3530 2876 ornatum,

1943 2909 2001 2956 et
2030 2901 2097 2956 ad
2128 2900 2469 2956 commodam
2498 2898 2780 2955 hominum
2814 2901 3028 2955 vitam?
3069 2899 3299 2955 Terram
3331 2901 3533 2972 quippe

1944 3005 2051 3045 non
2086 2989 2358 3045 desertam
2392 2990 2651 3059 condidi,
2702 3005 2880 3061 neque
2932 2991 3123 3047 inutile
3157 2982 3530 3058 elementum;

1946 3082 2042 3138 sed
2068 3081 2122 3136 in
2149 3080 2481 3136 domicilium
2536 3081 2867 3139 hominibus.
2921 3081 3265 3153 Quapropter
3323 3082 3533 3154 reliqua

271 3169 387 3223 σίαν
416 3167 727 3241 ἀνθρώποις
767 3186 829 3222 τε
876 3169 1299 3239 παρεσκεύασα·
1351 3171 1580 3243 οὐρανόν
1604 3187 1664 3224 τε
1688 3172 1840 3223 ἐστε-

1946 3173 2223 3238 animalia,
2267 3182 2324 3230 et
2374 3173 2587 3245 plantas
2626 3174 2694 3229 ad
2731 3188 2890 3230 usum
2930 3185 2986 3230 et
3016 3175 3385 3231 ministerium
3433 3175 3534 3231 ho-

272 3258 472 3329 ρέωσα,
498 3259 777 3331 κοσμήσας
797 3259 1046 3331 ἄστροιςο
1088 3257 1168 3324 οἷς
1200 3260 1551 3333 ἐνετειλάμην
1580 3260 1842 3316 εὔτακτον

1944 3267 2183 3323 minibus
2226 3265 2536 3338 apparavi:
2585 3266 2899 3339 caelumque
2947 3266 3203 3331 ﬁrmavi,
3254 3275 3309 3322 et
3358 3265 3534 3341 astris

270 3348 707 3421 καὶέναρμόνιον
748 3350 1017 3404 ποιεῖσθαι
1066 3350 1165 3423 τὴν
1199 3351 1441 3423 κίνησιν·
1484 3352 1561 3416 ὠς
1587 3353 1709 3406 τοτέ
1744 3352 1842 3424 μὲν

1944 3359 2207 3416 exornavi
2238 3376 2255 3414 :
2302 3359 2505 3429 quibus
2547 3360 2781 3430 praecepi
2814 3368 2873 3413 ut
2909 3358 3181 3413 concinuo
3218 3366 3276 3412 et
3316 3359 3533 3413 harmo-

269 3439 483 3508 φαίνειν
523 3439 637 3501 τοῖς
673 3438 766 3491 ἐπὶ
802 3440 900 3509 τῆς
934 3442 1059 3510 γῆς,
1094 3441 1216 3494 τοτέ
1244 3441 1300 3497 δέ
1332 3436 1471 3496 εἶναι
1514 3444 1593 3505 εις
1619 3446 1839 3513 σημεῖα,

270 3528 361 3583 καὶ
403 3529 489 3593 εἰς
527 3529 775 3600 καιροὺς,
821 3531 917 3583 καὶ
966 3533 1047 3595 είς
1090 3532 1326 3605 ἡμέρας,
1360 3534 1457 3588 καὶ
1504 3534 1700 3605 μῆνας,
1746 3535 1844 3589 καὶ

270 3616 571 3683 ἐνιαυτούς.

343 3791 361 3822 ι
404 3771 549 3841 Ἐγὼ
591 3772 788 3843 ήγειρα
831 3774 994 3827 αὐτὸν
1036 3774 1174 3845 μετὰ
1213 3774 1559 3848 δικαιοσύνης
1596 3776 1841 3848 βασιλέα,

271 3861 362 3915 καὶ
390 3863 564 3917 πᾶσαι
603 3864 659 3917 al
696 3863 805 3917 όδοὶ
845 3864 1009 3918 αὐτοῦ
1047 3864 1271 3919 εὐθεῖαι.
1300 3858 1468 3929 Οὗτος
1499 3868 1843 3939 οἰκοδομήσει

270 3950 368 4025 τήν
411 3953 564 4009 πόλιν
609 3972 735 4027 μου,
766 3957 862 4009 καὶ
901 3955 999 4027 τὴν
1041 3958 1416 4028 αίχμαλωσίαν
1452 3960 1544 4014 τοῦ
1582 3960 1712 4015 λαοῦ
1741 3979 1841 4031 μου

273 4041 609 4115 ἐπιστρέψει,
641 4044 702 4097 οὐ
736 4045 871 4116 μετὰ
894 4046 1120 4118 λύτρων,
1151 4047 1273 4100 οὐδέ
1312 4050 1450 4117 μετὰ
1481 4048 1691 4118 δώρων,
1722 4044 1842 4103 εἷπε

272 4129 473 4203 Κύριος
504 4131 783 4187 Σαϐαὼθ.»
805 4134 939 4188 Τίνα
963 4135 1019 4188 δέ
1042 4134 1230 4190 τοῦτον
1256 4136 1290 4207 ή
1319 4139 1499 4205 malev;
1537 4138 1594 4192 ’0
1630 4138 1730 4210 μέν
1758 4156 1843 4204 τις

272 4224 388 4295 ἐρεῐ
405 4222 497 4274 τὸν
522 4219 631 4275 τῶν
653 4222 877 4295 Περσῶν
910 4223 1131 4294 βασιλέα
1167 4225 1371 4298 Κῦρον,
1401 4222 1463 4283 οὗ
1494 4229 1589 4282 καὶ
1618 4228 1707 4282 διὰ
1735 4229 1843 4283 τῶν

273 4312 583 4385 ἔμπροσθεν
631 4314 1034 4384 ἐμνημόνευσεν
1080 4317 1110 4370 6
1155 4315 1347 4386 λόγος’
1381 4318 1457 4383 ὡς
1506 4319 1633 4391 περὶ
1677 4319 1842 4374 αὑτοῦ

272 4404 526 4474 λέγεσθαι
549 4406 631 4467 τὸ,
670 4425 689 4456 ι
722 4406 898 4461 Πᾶσαι
921 4408 977 4461 αῑ
997 4407 1105 4462 όδοὶ
1136 4408 1302 4463 αὐτοῦ
1335 4408 1557 4477 εὐθεῖαι,
1590 4430 1609 4463 ι
1636 4411 1669 4483 ή
1703 4411 1845 4466 κατά

1942 3454 2069 3509 nico
2098 3459 2256 3531 motu
2296 3450 2697 3521 procederent;
2731 3464 2856 3505 cum
2897 3442 2959 3504 ut
2990 3458 3199 3505 terram
3232 3445 3528 3504 incolenti-

1943 3544 2044 3601 bus
2068 3546 2333 3612 lucerent,
2367 3552 2480 3599 tum
2509 3551 2569 3597 ut
2592 3551 2775 3599 essent
2796 3543 2848 3598 in
2872 3543 3053 3613 signa,
3080 3540 3135 3596 in
3177 3550 3444 3610 tempora,
3474 3537 3531 3594 in

1944 3637 2081 3705 dies,
2118 3651 2335 3693 menses
2360 3645 2417 3692 et
2445 3649 2640 3693 annos.

2014 3794 2181 3850 Vsus.
2212 3793 2298 3850 l3.
2336 3812 2354 3845 ι
2379 3792 2494 3864 Ego
2516 3791 2746 3847 excitavi
2772 3806 2897 3848 eum
2930 3806 3055 3848 cum
3078 3789 3292 3861 iustitia
3324 3806 3528 3864 regem,

1943 3898 1998 3943 et
2036 3902 2227 3943 omnes
2268 3888 2369 3941 viae
2406 3885 2528 3954 ejus
2569 3896 2755 3942 recta.
2797 3884 2900 3940 Hic
2928 3884 3220 3940 aediﬁcabit
3250 3885 3530 3941 civitatem

1944 3994 2156 4043 meam,
2204 3987 2254 4034 el
2306 3978 2677 4047 captivitatem
2737 3978 2919 4049 populi
2965 3977 3071 4033 mei
3115 3980 3377 4043 reducet,
3418 3992 3531 4033 non

1944 4073 2135 4141 pretio.
2188 4085 2369 4141 neque
2414 4069 2750 4135 muneribus,
2798 4069 2880 4123 ait
2920 4069 3181 4136 Dominus
3216 4066 3477 4123 Sabaoth.
3504 4086 3527 4121 ι

1944 4164 2113 4232 Quem
2158 4171 2251 4217 aut
2278 4161 2494 4231 qualem
2528 4160 2619 4216 hic
2661 4160 2966 4215 memorat?
3008 4158 3215 4231 Cyrum
3238 4158 3531 4214 Persarum

1946 4271 2166 4325 regem,
2226 4255 2371 4309 dicet
2416 4252 2733 4323 quispiam,
2779 4251 2936 4321 cujus
2991 4250 3044 4305 in
3098 4249 3535 4319 pracedentibus

1945 4347 2226 4413 meminit;
2284 4348 2359 4402 ita
2406 4355 2467 4399 ut
2515 4350 2581 4400 de
2625 4343 2719 4399 illo
2770 4342 3089 4407 diceretur,
3146 4355 3383 4397 tomnes
3430 4339 3548 4395 γεω

1946 4440 2062 4510 ejus
2103 4446 2343 4501 rectaen
2404 4438 2519 4492 sive
2566 4437 2861 4492 secundum
2915 4434 3346 4506 Symmachum,
3414 4432 3531 4488 «Et

273 4496 361 4551 τὸν
388 4496 703 4599 Σύμμαχον,
738 4515 758 4547 ι
790 4496 899 4552 Καὶ
927 4498 1104 4563 πάσας
1130 4500 1229 4564 τὰς
1250 4500 1400 4565 ὁδοὺς
1428 4501 1593 4556 αὐτοῦ
1616 4503 1840 4556 εὐθυνῶ.

1948 4496 2136 4590 omnes
2176 4496 2296 4587 vias
2339 4529 2458 4599 eius
2506 4538 2683 4586 rectas
2720 4496 3057 4585 faciam.'Et
3107 4527 3195 4583 hic
3234 4496 3531 4583 aediﬁcabit

273 4588 383 4643 Kal.
409 4584 563 4652 οὗτος
583 4588 922 4660 οίκοδομήσει
948 4589 1046 4660 τὴν
1074 4592 1228 4646 πόλιν
1262 4610 1384 4663 μου.
1420 4612 1438 4645 ι
1471 4594 1707 4665 Δυνάμει
1732 4594 1841 4667 γὰρ

275 4680 435 4742 αὐτὸς
467 4674 535 4750 ἦν
565 4680 595 4732 6
629 4679 727 4750 τὴν
759 4680 915 4734 πόλιν
944 4681 1304 4752 οίκοδομήσας
1330 4684 1428 4754 τὴν
1468 4684 1841 4755 Ἰερουσαλήμ,

274 4769 359 4823 διὰ
388 4769 483 4823 τοῦ
520 4771 917 4841 συγχωρεῖσθαι
946 4774 1058 4835 τοῖς
1082 4771 1353 4827 ἐθέλουσιν
1372 4775 1579 4829 ἀνιέναι
1608 4776 1717 4829 ἀπὸ
1746 4780 1845 4848 τῆς

278 4859 611 4924 Βαϐυλῶνος,
642 4862 734 4915 καὶ
764 4862 1068 4936 ἀνεγείρειν
1094 4863 1183 4917 τὸν
1204 4865 1387 4918 τόπον.
1409 4866 1573 4920 Τοῦτς
1604 4868 1844 4940 ἐπλήρου

275 4950 415 5005 κατὰ
463 4950 562 5021 τὴν
617 4953 857 5023 ἱστορίαν
910 4956 939 5007 6
991 4953 1252 5025 δηλωθεὶς
1294 4955 1518 5026 Περσῶν
1570 4955 1839 5025 βασιλεύς.

278 5042 471 5106 Ἄλλος
495 5041 540 5094 δ’
575 5041 641 5095 ἂν
662 5043 805 5097 εἴποι
832 5043 1007 5099 ταῦτα
1040 5044 1291 5115 λέγεσθαι
1323 5047 1450 5118 περὶ
1480 5047 1574 5100 τοῦ
1607 5047 1844 5117 Ζοροδά-

278 5134 389 5199 6ελ,
411 5132 491 5196 δς,
518 5132 628 5187 ἀπὸ
652 5132 745 5187 τοῦ
780 5134 1056 5205 βασιλικοῦ
1096 5136 1284 5205 γένους
1309 5137 1649 5209 ὁρμώμενος,
1679 5134 1748 5210 ἦν
1779 5140 1844 5194 ἐκ

278 5225 449 5298 φυλῆς
473 5224 643 5279 Ἰούδα
675 5225 771 5279 καὶ
795 5228 897 5297 τῆς
930 5227 1023 5280 τοῦ
1050 5227 1210 5282 Δαυῖδ
1240 5228 1507 5299 διαδοχῆς.
1557 5228 1715 5282 Ἀλλὰ
1748 5230 1842 5282 καὶ

278 5315 374 5386 τὴν
420 5314 531 5369 τῶν
571 5312 757 5387 ψυχῶν
788 5316 1160 5387 αἰχμαλωσίαν
1188 5319 1347 5390 μόνος
1395 5321 1425 5371 6
1460 5320 1694 5390 Χριστὸς
1740 5319 1843 5373 ἁπ-

280 5402 529 5479 ιστρεψε,
552 5409 651 5479 τῆς
675 5407 994 5480 δαιμονικῆς
1012 5410 1214 5482 πλάνης
1232 5410 1600 5483 ἐλευθερώσας
1620 5413 1715 5465 καὶ
1731 5413 1843 5466 δου-

280 5494 423 5559 λείας
441 5513 455 5527 ⁸
497 5498 592 5552 καὶ
626 5495 787 5551 τοῦτο
812 5497 1046 5569 ἔπραξεν
1076 5500 1137 5553 οὐ
1175 5501 1314 5571 μετὰ
1337 5501 1567 5573 λύτρων,
1595 5504 1715 5557 οὐδὲ
1748 5521 1843 5575 με-

280 5581 343 5635 τὰ
378 5580 595 5654 δώρων·
646 5585 676 5638 ὃ
713 5584 777 5641 δὴ
806 5587 900 5639 καὶ
933 5586 1173 5642 διδάσκει
1215 5591 1245 5641 6
1283 5588 1603 5655 ’Δποστολος
1638 5593 1837 5649 εἰπών·

290 5689 308 5721 ι
339 5670 531 5744 Χάριτί
557 5675 681 5728 ἐστε
714 5677 1061 5748 σεσωσμένοι.
1107 5698 1125 5731 ι

350 5781 369 5814 ι
397 5762 553 5821 Uitam
590 5763 740 5832 λέγει
776 5764 977 5837 Κύριος
1020 5766 1244 5824 Σαδαὼθ
1331 5770 1644 5826 Ἐκοπίασεν
1673 5772 1836 5842 Afyw

1944 4628 2218 4683 civitatem
2251 4640 2450 4681 meam.
2478 4644 2497 4677 ι
2547 4623 2682 4678 Nam
2715 4624 2805 4679 hic
2834 4624 3067 4694 quadam
3100 4623 3310 4677 ratione
3338 4622 3530 4677 civita-

1944 4728 2051 4775 tem
2071 4718 2500 4788 Hierosolymam
2530 4716 2847 4782 aediﬁcavit,
2880 4715 3005 4786 quia
3029 4714 3296 4771 volentem
3338 4729 3529 4785 quem‘

1945 4827 2051 4881 que
2092 4810 2364 4881 permisit,
2419 4808 2691 4881 Babylone
2747 4806 3059 4878 proﬁcisci,
3110 4818 3163 4862 et
3210 4807 3386 4863 locum
3438 4822 3526 4861 re-

1945 4913 2214 4958 staurare.
2234 4900 2379 4966 llazc,
2404 4900 2701 4955 secundum
2734 4899 3041 4964 historiam,
3072 4906 3403 4953 memoratus
3431 4913 3526 4952 rex

1947 4992 2237 5049 Persarum
2293 4992 2558 5060 implevit.
2611 4991 2765 5046 Alius
2814 5005 2945 5047 vero
2988 4991 3255 5061 quispiam
3304 4990 3524 5057 dixerit,

1949 5087 2065 5142 haec
2106 5086 2171 5140 de
2202 5082 2535 5140 Zorobabele
2567 5083 2695 5150 dici,
2727 5083 2818 5153 qui
2861 5098 2928 5138 ex
2964 5085 3108 5152 regia
3139 5082 3310 5152 stirpe
3340 5083 3527 5136 oriun-

1950 5178 2071 5242 dus,
2102 5192 2165 5232 ex
2208 5177 2348 5232 tribu
2384 5176 2519 5231 Juda
2562 5185 2617 5231 et
2651 5190 2716 5231 ex
2759 5176 3107 5231 successione
3133 5175 3353 5229 Davidls
3382 5185 3521 5229 erat.

1946 5268 2059 5325 lmo
2110 5284 2239 5324 vero
2290 5269 2439 5324 solus
2485 5267 2736 5323 Christus
2792 5269 3095 5323 animarum
3157 5267 3523 5335 captivitatem

1948 5363 2181 5423 reduxit,
2246 5372 2410 5431 atque
2460 5378 2491 5415 a
2550 5362 2855 5415 datmonum
2918 5374 3105 5414 errore
3158 5358 3525 5427 servituteque

1946 5454 2201 5509 liberavit
2238 5472 2251 5507 :
2298 5453 2461 5522 idque
2492 5452 2644 5517 fecit,
2690 5468 2795 5507 non
2843 5452 3019 5522 pretio
3061 5466 3127 5505 ac
3169 5450 3481 5503 muneribus
3507 5466 3521 5479 ·

1946 5545 2092 5616 quod
2130 5546 2298 5601 etiam
2341 5548 2498 5601 docet
2530 5545 2840 5615 Apostolus,
2874 5546 3094 5601 dicens:
3117 5562 3136 5596 ι
3161 5543 3349 5599 Gratia
3387 5541 3522 5597 salvi

1950 5639 2079 5694 facti
2110 5638 2262 5694 estis.
2294 5657 2313 5691 ι

1956 5830 1959 5831 ν
2024 5771 2188 5831 Vens.
2216 5773 2301 5830 Η.
2336 5791 2354 5829 ι
2385 5773 2477 5831 Sic
2516 5774 2649 5832 dicit
2685 5774 2943 5832 Dominus
2973 5773 3209 5830 Sabaoth
3241 5790 3251 5826 :
3283 5769 3519 5827 Laborav
