4128 6294
657 354 762 409 MSS

1321 350 1408 409 ΕΠ
1418 349 1589 407 SEBll
1625 348 2096 407 CAESARIENSIS
2128 346 2224 404 ΟΡ

2326 346 2504 402 PARS
2542 346 2634 403 ill.
2672 375 2739 387 -—
2779 337 3192 399 EXEGETICA.

3772 331 3879 385 416

656 481 734 524 ut
762 471 1042 539 Egyptus,
1088 478 1143 522 et
1184 468 1475 537 negotiatio
1508 464 1844 535 EthiOpum,
1889 477 1941 520 et
1990 464 2209 519 Sahaiiu

2325 478 2463 524 πτος.
2495 461 2589 516 καὶ
2626 458 2864 530 ἐμπορία
2890 455 3181 513 Αἰθιόπων,
3215 451 3309 505 καὶ
3344 449 3394 503 oi
3424 449 3672 517 Σαοαεὶμ
3692 445 3885 517 ἄνδρες

656 562 757 614 viri
796 560 989 614 excelsi
1032 559 1097 613 ad
1132 570 1182 613 te
1210 556 1533 623 transibunt,
1567 566 1622 610 et
1649 556 1743 610 tibi
1775 556 1919 611 servi
1949 564 2129 621 erunt,
2161 565 2217 608 et

655 661 776 721 post
806 661 855 705 te
886 660 1175 719 sequentur
1217 648 1381 703 vincti
1421 647 1687 701 manicis:
1714 655 1771 701 et
1803 648 2113 702 transibunt
2148 647 2213 700 ad

658 752 709 795 te
735 784 749 807 ,
788 752 837 794 et
875 743 1174 796 adorabunt
1202 749 1290 803 te;
1326 748 1378 794 et
1406 739 1458 793 in
1499 747 1550 792 te
1574 740 1939 808 precabuntur
1964 757 1977 792 :
2004 741 2128 807 quia
2162 738 2215 791 iu

666 843 715 887 te
749 834 887 888 Deus
911 844 1013 900 est,
1041 843 1094 886 et
1121 847 1223 886 non
1249 840 1330 885 est
1354 830 1493 885 Deus
1528 840 1726 900 praeter
1766 839 1837 884 te.
1868 848 1886 881 ι
1930 828 2216 900 Egyptum

664 928 739 979 ait
768 925 1079 979 idololatria:
1116 937 1302 977 errore
1341 920 1635 982 laborasse,
1680 920 1894 991 quando
1926 920 2137 974 diabolo
2164 928 2220 974 et

660 1017 928 1071 ministris
964 1015 1080 1083 ejus
1128 1014 1462 1069 daemonibus
1505 1012 1747 1082 subjecta
1787 1022 1944 1066 erat:
1981 1020 2217 1065 attamen

660 1124 691 1163 a
743 1109 927 1164 labore
980 1106 1332 1161 recreandam
1382 1102 1668 1173 Egyptum
1720 1114 1841 1156 esse
1893 1099 2214 1170 pollicetur:

659 1214 765 1269 qua
814 1207 977 1254 totum
1018 1196 1332 1251 idololatria
1385 1209 1555 1264 genus
1597 1193 1915 1248 suhlndicat.
1968 1209 1988 1244 ι
2018 1190 2082 1244 Et
2115 1189 2215 1246 Sa-

659 1290 803 1343 baim
838 1290 938 1342 viri
976 1286 1195 1343 excelsi.
1230 1305 1249 1339 a
1291 1285 1453 1353 Queis
1496 1286 1801 1356 significare
1843 1284 2053 1338 videtur
2094 1284 2219 1337 bar-

658 1380 817 1436 baras
852 1381 1106 1449 quasdam
1151 1379 1519 1447 immanesque
1553 1386 1763 1447 gentes,
1792 1386 2033 1430 extrema
2065 1386 2221 1432 terra:

661 1471 973 1536 incolentes,
1008 1485 1146 1539 quas
1174 1469 1389 1525 Christo
1428 1470 1672 1524 subditas
1708 1468 1824 1523 fore
1858 1468 2218 1534 vaticinatur;

661 1578 836 1632 quare
871 1564 1084 1619 subdit:

729 1822 899 1889 Vitas.
923 1825 1005 1889 l5,
1038 1826 1124 1880 16.
1164 1844 1181 1878 ι
1205 1826 1270 1881 Ει
1306 1836 1427 1897 post
1461 1835 1511 1881 te
1536 1832 1829 1895 sequentur
1856 1823 2022 1879 vincti
2053 1822 2219 1876 mani-

659 1918 757 1971 cis.
798 1916 875 1970 Tu
911 1918 1054 1971 enim
1102 1934 1162 1972 es
1204 1918 1364 1983 Dens,
1408 1916 1844 1980 etnescivimus,
1876 1914 2017 1968 Deus
2056 1911 2220 1966 isracl

662 2008 921 2063 salvator.
952 2007 1362 2064 Coufundentnr
1385 2018 1439 2064 et
1469 2006 1789 2063 erubescent
1824 2020 2009 2060 omnes
2039 2006 2223 2060 adver-

661 2100 789 2155 sarii
831 2101 990 2169 ejus:
1041 2109 1096 2155 et
1136 2100 1485 2155 ambu!abuut
1525 2100 1578 2153 in
1614 2097 1950 2154 confusione.
1996 2096 2224 2152 lnnova-

661 2193 791 2246 mini
836 2194 903 2246 ad
942 2208 1044 2260 me,
1083 2192 1290 2247 insulae.
1320 2211 1339 2243 ι
1386 2190 1665 2257 Quomodo
1706 2190 2021 2245 confusione
2054 2199 2107 2243 et
2136 2204 2225 2257 pu-

660 2285 790 2338 dore
837 2285 1023 2353 repleti
1077 2286 1207 2350 sint,
1256 2298 1488 2349 omnes,
1534 2283 1625 2351 qui
1678 2282 1845 2335 variis
1895 2279 2224 2349 temporibus

659 2374 954 2429 adversarii
988 2375 1157 2440 luere,
1213 2375 1419 2444 ipsique
1468 2372 1649 2443 populi
1700 2387 1765 2425 es
1816 2372 2225 2425 circumcisione

661 2474 817 2533 atque
864 2479 929 2519 es
979 2466 1227 2531 gentibus
1271 2466 1541 2527 universi,
1592 2464 1680 2533 qui
1727 2472 1911 2517 contra
1968 2462 2226 2517 ecclesias

661 2556 777 2622 t‘jllS
860 2557 1284 2623 persecutionem
1346 2557 1687 2621 excitarunt,
1760 2554 1890 2623 ipsis
1963 2554 2223 2624 operibus

663 2647 835 2714 magis
873 2662 1032 2715 quam
1080 2662 1326 2702 sermone
1363 2647 1687 2701 declaratur.

732 2734 893 2791 Vsus.
934 2738 1015 2791 l7.
1084 2738 1294 2793 «Israel
1359 2738 1597 2792 salvatur
1646 2753 1674 2791 a
1728 2736 1988 2801 Domino,
2051 2736 2225 2792 salute

664 2836 862 2881 mli-rna
908 2847 919 2881 :
964 2845 1067 2883 non
1122 2829 1538 2890 coniundentur.
1587 2843 1761 2897 neque
1786 2828 2107 2883 erubescent
2137 2842 2226 2881 us-

663 2935 767 2987 que
796 2921 846 2972 in
876 2935 1156 2974 aeternum.
1184 2940 1200 2973 ι
1242 2920 1364 2976 llaec
1392 2935 1552 2989 porro
1579 2919 1908 2989 coniunctim
1941 2927 2126 2987 postea
2160 2920 2225 2970 de

664 3013 935 3079 apostolis,
978 3012 1255 3080 discipulis
1288 3020 1343 3065 et
1398 3012 1747 3080 evangelistis
1780 3011 2081 3064 Salvatoris
2124 3024 2223 3063 ne-

2317 552 2507 623 ὑψηλοὶ
2556 552 2649 604 sui.
2683 551 2742 604 σε
2779 548 3142 619 διαϐήσονται,
3187 543 3281 596 καὶ
3312 542 3395 595 σοὶ
3428 540 3641 593 ἔσονται
3684 535 3884 597 δοῦλοι,

2316 642 2411 695 καὶ
2434 642 2609 694 ὀπίσω
2636 658 2729 694 σου
2762 637 3181 707 ἀκολουθήσουσι
3209 632 3479 704 δεδεμένοι
3504 628 3883 701 χειρονιτὲδαιις⁸

2316 735 2409 787 καὶ
2432 733 2772 803 διαϐήσονται
2797 731 2932 802 πρὸς
2958 728 3036 785 σὲ.
3064 726 3158 779 καὶ
3190 722 3621 797 προσκυνήσουσί
3647 736 3761 774 σοι’
3791 721 3887 774 καὶ

2316 826 2374 877 ὲν
2419 826 2501 878 σοὶ
2544 821 2956 895 προσεύξονται·
3002 821 3083 873 ὅτι
3134 820 3193 871 εν
3224 815 3308 869 σοὶ
3348 817 3377 870 ό
3415 814 3549 878 Θεός
3595 815 3734 877 ἐστι,
3787 812 3887 864 καὶ

2317 917 2417 969 οὐκ
2455 915 2566 968 ἔστι
2598 914 2731 977 Θεὸς
2765 912 2902 982 πλὴν
2936 908 3051 964 σοῦ.
3091 928 3110 960 ι
3151 908 3422 975 Αιγυπτον
3451 903 3509 958 δέ
3553 918 3685 972 φησι
3722 918 3886 954 κεκο·

2320 1006 2569 1060 πιακέναι
2608 1002 2696 1056 διὰ
2729 1005 2828 1074 τῆς
2861 999 3240 1069 είδωλολάτρου
3276 990 3503 1065 πλάνης,
3536 991 3775 1063 ὁπηνίκα
3809 989 3888 1060 τῷ

2316 1095 2545 1167 διαϐόλῳ
2574 1095 2667 1149 καὶ
2692 1096 2805 1157 τοῖς
2833 1093 2961 1164 περὶ
2982 1091 3142 1145 αὐτὸν
3177 1087 3392 1158 δαίμοσι
3429 1086 3683 1154 πονηροῖς
3717 1098 3888 1137 κατα-

2317 1184 2636 1239 δεδούλωτοο
2678 1182 2817 1253 πλὴν
2848 1180 2963 1235 ἀλλ’
2992 1182 3139 1251 ὅμως
3168 1174 3624 1231 διαναπαύσεσθαι
3664 1172 3762 1227 τοῦ
3791 1173 3888 1225 κό-

2321 1294 2423 1329 που
2460 1276 2559 1345 τὴν
2593 1273 2865 1343 Αἴγυπτον
2904 1269 3325 1339 ἐπαγγέλλεταιτ
3372 1266 3440 1319 δι’
3486 1265 3655 1335 αὐτῆς
3684 1265 3795 1316 πᾶν
3828 1263 3888 1316 τό

2319 1368 2419 1437 τῆς
2463 1364 2899 1437 είδωλολατρείας
2946 1362 3099 1430 γένος
3135 1358 3520 1428 αἰνιττόμενος.
3574 1374 3593 1407 ι
3634 1356 3746 1408 Καὶ
3783 1355 3888 1407 Σα-

2320 1456 2488 1528 ϐαεὶμ
2516 1458 2701 1529 ἄνδρες
2724 1454 2935 1527 ὑψηλοί.
2974 1473 2993 1506 ι
3020 1454 3096 1505 Δι’
3122 1446 3197 1507 ὧν
3219 1450 3501 1522 σημαίνειν
3520 1447 3663 1501 ἔοικε
3683 1445 3892 1518 βάρϐα-

2323 1549 2392 1620 ρά
2431 1566 2551 1603 τινα
2580 1550 2674 1603 καὶ
2705 1550 2971 1619 ἀνήμερα,
3004 1546 3100 1600 καὶ
3136 1547 3195 1597 ὲν
3222 1546 3335 1608 τοις
3371 1541 3624 1609 ἐξωτάτω
3657 1542 3760 1611 τῆς
3784 1540 3890 1609 γῆς

2320 1639 2572 1693 οἰκοῦντα
2592 1639 2719 1709 εθνη
2738 1656 2752 1670 ·
2777 1638 2813 1694 ἀ
2838 1638 2903 1710 δὴ
2932 1637 3237 1693 δουλεύσειν
3264 1636 3345 1709 τῷ
3362 1635 3584 1708 Χριστῷ
3607 1633 3855 1697 θεσπίζει
3871 1649 3886 1663 °

2322 1729 2403 1783 διὸ
2427 1730 2697 1798 ἑπιλέγει’

2396 1861 2414 1891 ι
2449 1841 2557 1895 Καὶ
2576 1841 2749 1894 ὀπίσω
2782 1857 2875 1894 σου
2900 1838 3317 1909 ἀκολουθήσουσι
3338 1837 3607 1909 δεδεμένοι
3636 1834 3889 1907 χειροπε-

2319 1935 2456 1997 δαις.
2497 1932 2571 1986 Σὺ
2604 1930 2713 2002 γάρ
2748 1927 2798 1984 εἶ
2839 1932 2991 1995 Θεὸς,
3023 1933 3116 1984 καὶ
3142 1931 3242 1984 οὐκ
3271 1929 3513 2001 ᾔδειμεν,
3556 1930 3585 1982 ό
3629 1927 3763 1991 Θεὸς
3793 1925 3887 1980 τοῦ

2333 2022 2549 2094 Ἰσραὴλ
2588 2024 2793 2094 σωτήρ.
2829 2021 3285 2093 Αίσχυνθήσονται
3327 2019 3422 2074 καὶ
3456 2018 3887 2089 ἐντραπήσονται

2321 2113 2521 2176 πάντες
2571 2114 2618 2166 oi
2670 2112 3027 2181 ἀντικείμενοι
3080 2110 3247 2180 αύτῷ.
3294 2110 3390 2163 καὶ
3436 2109 3793 2180 πορεύσονται
3828 2108 3887 2159 ὲν

2322 2201 2569 2273 αἰσχύνῃ.
2640 2198 3039 2267 Ἐγκαινίζεσθε
3098 2199 3233 2271 πρὸς
3278 2200 3371 2268 μὲ,
3419 2198 3592 2268 νῆσοι.
3636 2215 3655 2249 ι
3698 2197 3887 2258 Ὅπως

2322 2293 2380 2345 δὲ
2418 2290 2868 2366 κατῃσχύνθησαν
2922 2291 3016 2345 καὶ
3066 2290 3441 2362 ὲνετράπησαν
3483 2289 3763 2355 πάπεςηοί
3791 2304 3889 2340 κα-

2324 2381 2391 2435 τά
2410 2384 2630 2453 καιροὺς
2656 2380 3032 2451 ἀντικείμενοι,
3052 2380 3202 2432 αύτοί
3229 2396 3287 2430 τε
3312 2380 3360 2432 οἱ
3385 2379 3447 2430 ὲκ
3472 2379 3772 2448 περιτομῆς
3793 2375 3889 2430 καὶ

2322 2471 2429 2524 τῶν
2447 2471 2613 2523 ὲθνῶν
2646 2471 2845 2532 πάντες
2872 2470 2920 2522 οἱ
2947 2470 3070 2532 τοὺς
3093 2467 3233 2521 κατά
3255 2471 3354 2538 τῆς
3380 2466 3702 2536 Ἐκκλησίας
3722 2464 3889 2519 αὐτοῦ

2320 2562 2591 2632 διωγμοὺς
2624 2550 2935 2628 ἐξάψαντες,
2960 2560 3164 2623 παντὸς
3183 2560 3340 2627 λόγου
3368 2557 3565 2628 μᾶλλον
3595 2559 3631 2629 η
3657 2556 3750 2611 διά
3778 2556 3887 2611 τῶν

2324 2650 2500 2722 ἔργων
2530 2650 2801 2722 μαρτυρία
2827 2650 3169 2721 παρίστησιν.

2399 2760 2418 2792 ε
2469 2741 2681 2813 Ἰσραὴλ
2707 2741 2935 2806 σώζεται
2979 2741 3083 2795 ὑπὸ
3105 2738 3305 2811 Κυρίου
3336 2738 3606 2810 σωτηρίαν
3635 2736 3885 2791 αἰώνιον·

2322 2834 2422 2886 ούκ
2473 2831 2934 2903 αίσχυνθήσονται,
2977 2831 3097 2883 οὐδὲ
3152 2832 3225 2900 μὴ
3274 2830 3607 2899 ὲντραπῶσιν
3644 2829 3750 2892 ἕως
3794 2827 3889 2882 τοῦ

2325 2923 2517 2987 αἰῶνος
2543 2924 2643 2978 ἔτι.
2681 2942 2700 2976 ι
2728 2925 2837 2977 Καὶ
2860 2923 3031 2976 ταῦτα
3060 2922 3116 2975 δὲ
3141 2920 3445 2979 ἀκολούθως
3468 2919 3733 2989 συνῆπται
3762 2920 3889 2991 περὶ
3934 2962 3945 2973 .

2324 3015 2431 3069 τῶν
2472 3015 2782 3070 ἀποστόλων
2827 3016 2922 3069 καὶ
2950 3013 3203 3086 μαθητῶν
3238 3013 3331 3065 καὶ
3366 3010 3761 3080 εύαγγελιστῶν
3792 3010 3889 3065 τοῦ

666 3103 763 3155 stri
807 3104 1100 3157 dicuntur:
1133 3104 1231 3174 ipsi
1280 3117 1511 3173 namque
1559 3112 1716 3156 erant
1759 3101 1916 3165 Israel
1966 3101 2089 3165 ille,
2133 3100 2221 3169 qui

2326 3106 2575 3177 Σωτῆρος
2596 3105 2751 3178 ἡμῶν
2768 3122 2781 3137 ⁸
2806 3105 2961 3161 αὐτοὶ
2986 3106 3092 3175 γάρ
3110 3099 3250 3175 ἦσαν
3267 3104 3295 3156 ό
3318 3101 3617 3172 σωζόμενος
3650 3102 3886 3175 ’ῐσραήιλο

666 3194 835 3247 salute
883 3195 1155 3250 donatur:
1195 3210 1257 3248 ac
1307 3210 1492 3249 eorum
1545 3209 1705 3262 opera
1760 3193 2073 3262 plerumque
2110 3206 2222 3246 me-

671 3294 889 3339 morata:
938 3285 1121 3339 insula:
1172 3295 1436 3339 renovatae
1486 3295 1629 3340 sunt.
1684 3272 1848 3338 Erant
1893 3294 2070 3338 autem
2122 3284 2225 3338 illa:

672 3375 761 3428 Dei
822 3374 1063 3430 ecclesia:
1123 3392 1241 3446 quae
1309 3390 1405 3431 ceu
1471 3376 1604 3429 muri
1668 3376 1790 3431 vita:
1860 3376 2056 3429 malitia
2108 3392 2224 3429 am-

666 3466 907 3521 biuutur.

739 3557 898 3612 Vens.
931 3558 1018 3621 l8,
1045 3556 1132 3613 l9.
1175 3577 1193 3608 ι
1218 3555 1469 3617 δῖοόίιιίι
1504 3558 1784 3623 Dominus,
1815 3558 1907 3627 qui
1957 3556 2085 3613 fecit
2112 3571 2223 3613 cas-

670 3648 777 3701 lum
812 3667 825 3703 :
870 3642 969 3703 iste
1005 3649 1165 3714 Deus,
1205 3650 1293 3719 qui
1318 3650 1555 3705 ostendit
1584 3659 1806 3715 terram,
1842 3659 1895 3704 et
1924 3649 2051 3704 fecit
2079 3664 2221 3713 eain,

671 3741 781 3811 ipse
825 3742 1070 3796 distinxit
1110 3756 1252 3796 eam.
1304 3740 1417 3795 Non
1462 3740 1657 3795 frustra
1702 3741 1828 3795 fecit
1869 3756 2005 3803 eam,
2042 3740 2135 3795 sed
2170 3748 2228 3793 ut

669 3832 1003 3887 habitaretur
1033 3833 1313 3903 plasmavit
1353 3848 1494 3887 eam.
1552 3832 1663 3902 Ego
1703 3846 1818 3887 sum
1853 3829 2123 3894 Dominus,
2171 3840 2227 3885 et

672 3939 776 3979 non
808 3935 889 3978 est
923 3924 1077 3978 alius.
1102 3944 1121 3977 ι
1176 3924 1269 3979 llis
1297 3926 1538 3989 docetur,
1585 3938 1687 3977 non
1735 3922 2087 3994 ignorandum
2130 3937 2228 3976 no-

672 4016 795 4081 bis,
850 4015 1120 4069 hominum
1181 4031 1346 4085 genus
1406 4031 1599 4086 magno
1648 4016 1788 4084 apud
1848 4015 2225 4069 universorum

676 4106 955 4161 Dominum
998 4106 1161 4161 Deum
1213 4108 1263 4159 in
1307 4107 1510 4161 honore
1554 4107 1790 4161 habitum
1837 4119 1957 4161 esse
2003 4124 2015 4159 :
2060 4119 2230 4175 quare

674 4197 843 4264 ipsqu
881 4196 1100 4251 salutari
1145 4198 1424 4252 vocatione
1458 4198 1707 4268 dignatus
1734 4206 1841 4261 est,
1871 4211 2079 4251 necnon
2109 4210 2229 4250 om-

2328 3200 2422 3253 καὶ
2471 3198 2539 3251 δι’
2588 3196 2765 3251 αὑτῶν
2801 3195 3246 3265 ἀνεκαινίσθησαν
3279 3194 3335 3246 αἱ
3367 3192 3620 3256 πολλάκις
3666 3192 3757 3246 διά
3780 3194 3892 3246 τῶν

2326 3291 2631 3364 ἔμπροσθεν
2668 3288 2985 3361 δηλωθείσαι
3039 3288 3211 3357 νῆσοι.
3242 3280 3411 3339 Δῦται
3437 3284 3493 3337 δὲ
3523 3280 3660 3355 ἦσαν
3695 3285 3892 3338 isi-tx-

2326 3384 2544 3455 κλησίαι
2586 3382 2681 3435 τού
2711 3380 2845 3435 Θεοῦ
2869 3379 2945 3443 ὼς
2978 3379 3071 3431 ἐπὶ
3096 3376 3368 3447 θαλάσσης
3394 3376 3758 3447 κυκλούμεναι
3787 3376 3893 3431 ὑπὸ

2324 3474 2427 3545 τῆς
2457 3474 2550 3528 τοῦ
2581 3473 2695 3543 βίου
2722 3471 2941 3534 κακίας.

2400 3583 2418 3615 ι
2452 3562 2639 3626 υΰτως
2656 3561 2801 3629 λέγει
2832 3558 3032 3630 Κύριος
3075 3558 3102 3609 ὁ
3138 3558 3368 3629 ποιήσας
3395 3556 3486 3610 τὸν
3510 3555 3736 3626 οὐρανόν
3755 3573 3767 3585 ·
3807 3550 3894 3609 οὗ·

2322 3673 2414 3720 τος
2442 3658 2471 3709 ό
2497 3655 2628 3717 Θεὸς
2670 3656 2699 3707 ὁ
2736 3650 3057 3716 καταδείξας
3097 3651 3194 3721 τὴν
3242 3653 3367 3721 γῆν,
3401 3650 3493 3703 καὶ
3525 3650 3760 3719 ποιήσας
3794 3650 3891 3703 αύ-

2325 3749 2445 3819 τὴν,
2492 3746 2652 3809 αὐτὸς
2693 3743 2943 3817 διώρισεν
2982 3743 3169 3815 αὑτήν.
3210 3742 3323 3796 Οὐκ
3348 3743 3429 3805 είς
3458 3740 3612 3794 κενὸν
3638 3741 3894 3811 ἐποίησεν

2328 3840 2517 3911 αὐτὴν,
2544 3838 2679 3892 ἀλλά
2712 3835 3077 3890 κατοικεῖσθαι
3124 3834 3354 3888 ἔπλασεν
3390 3835 3577 3905 αύτήν.
3614 3832 3755 3901 Ἐγώ
3779 3834 3895 3904 ειμι

2329 3931 2554 4002 Κύριος,
2588 3928 2682 3982 καὶ
2706 3928 2807 3982 οὐκ
2845 3927 2991 3982 ἐστιν
3030 3926 3132 3981 ἐτι.
3170 3946 3189 3977 ι
3240 3926 3489 3981 Διδάσκει
3512 3923 3601 3978 διὰ
3633 3923 3838 3977 τούτων
3866 3924 3903 3977 ό

2329 4020 2486 4089 λόγος
2517 4019 2591 4091 μὴ
2619 4020 2854 4088 ἀγνοεῖν,
2906 4018 2981 4081 ὡς
3026 4017 3273 4088 μεγάλως
3300 4016 3584 4087 τετίμηται
3626 4014 3781 4086 παρά
3817 4012 3902 4085 τῷ

2329 4113 2544 4166 πάντων
2574 4110 2804 4182 δεσπότῃ
2837 4109 2956 4181 Θεῷ
2996 4109 3058 4163 τὸ
3096 4108 3204 4162 τῶν
3240 4106 3541 4181 ἀνθρώπων
3578 4106 3768 4176 γένος’
3816 4104 3898 4159 διὸ

2330 4203 2541 4273 καὶτῆς
2575 4202 2818 4274 κλήσεως
2850 4201 3009 4265 αὐτὸς
3031 4200 3131 4269 τῆς
3160 4198 3425 4271 σωτηρίου
3448 4197 3777 4269 κατηξίωσε,
3802 4198 3901 4251 καὶ

674 4289 831 4343 nibus
876 4289 972 4351 iis,
1021 4304 1139 4357 quae
1177 4288 1229 4341 in
1272 4289 1518 4371 praesenti
1572 4288 1852 4357 prophetia
1908 4288 2224 4357 promittun-

2332 4295 2543 4348 πάντων
2572 4293 2681 4347 τῶν
2702 4292 2790 4347 διά
2823 4293 2923 4363 τῆς
2946 4290 3224 4363 παρούσης
3254 4290 3588 4364 προφητείας
3621 4290 3899 4360 ἐπηγγελ-

677 4390 779 4435 tur.
838 4380 1293 4446 Quemadmodum
1341 4374 1483 4434 enim
1552 4381 1748 4433 malum
1798 4380 1865 4433 ad
1916 4378 2224 4448 angelorum

2333 4388 2525 4459 μένων.
2554 4388 2763 4458 ’Ὠσπερ
2786 4385 2894 4457 γὰρ
2926 4385 3019 4438 τὸν
3048 4384 3273 4457 οὐρανὸν
3304 4385 3384 4446 είς
3413 4381 3692 4453 διατριϐὴν
3733 4382 3901 4451 ἀγγέ-

674 4479 1087 4537 sauctorumque
1115 4470 1395 4539 spirituum
1428 4470 1754 4525 domicilium
1788 4473 2113 4531 necessario,
2144 4480 2229 4523 at-

676 4576 781 4629 que
834 4561 896 4613 ad
940 4561 1171 4615 universi
1216 4571 1464 4615 ornatum
1514 4561 1802 4625 constitui;
1849 4563 1919 4615 ita
1974 4569 2029 4615 et
2078 4571 2231 4615 teme

678 4657 995 4706 elementum
1024 4694 1038 4719 ,
1086 4668 1188 4707 non
1238 4653 1288 4706 iu
1322 4668 1514 4705 vanum
1568 4667 1740 4721 neque
1795 4652 2057 4706 inutiliter
2102 4667 2231 4706 con-

679 4744 818 4807 didi;
865 4742 956 4797 scd
1009 4744 1181 4813 ipsum
1228 4743 1294 4797 ad
1345 4743 1706 4798 habitaculum
1753 4754 1809 4799 et
1854 4744 2231 4798 commoratio-

681 4851 799 4888 nem
859 4849 1086 4899 eorum,
1140 4837 1228 4905 qui
1299 4836 1370 4889 ibi
1434 4836 1736 4890 rationabili
1790 4836 1949 4889 modo
2004 4850 2229 4889 conver-

681 4927 845 4979 satuii
904 4937 1099 4991 erant,
1154 4928 1451 4991 adornavi,
1522 4928 1610 4995 qui
1670 4940 1801 4981 sane
1861 4925 2233 4995 cognoscendo

682 5018 807 5075 Deo.
862 5033 925 5071 ac
979 5019 1221 5087 religiose
1247 5020 1471 5073 vivendo
1503 5033 1660 5088 pares
1711 5027 1883 5081 erant,
1935 5028 2118 5087 utpote
2166 5018 2231 5070 ad

684 5108 966 5176 imaginem
1002 5107 1094 5161 Dei
1133 5110 1353 5165 conditi.
1402 5110 1554 5163 Sicut
1604 5110 1764 5177 igitur
1801 5110 1971 5179 angeli
2008 5110 2059 5162 in
2095 5108 2233 5163 uelo

686 5200 909 5253 ministri
945 5200 1033 5252 Dei
1071 5211 1233 5267 sunt;
1283 5203 1354 5254 ita
1392 5212 1445 5255 et
1480 5202 1723 5254 homines
1757 5201 1806 5253 in
1840 5212 1981 5255 terra
2013 5200 2112 5254 Sull
2142 5200 2235 5254 Dei

684 5308 810 5344 cura
846 5293 1061 5356 degunt.

760 5383 911 5435 Vtzus.
956 5382 1041 5434 9.0.
1114 5400 1136 5435 ι
1169 5381 1281 5435 Non
1360 5382 1413 5436 in
1464 5370 1778 5437 abscondito
1832 5382 2039 5436 locutus
2090 5396 2232 5443 sum,

686 5486 855 5539 neque
887 5473 936 5524 in
968 5472 1083 5525 loco
1112 5470 1273 5526 ἡαπ-νει)
1304 5476 1605 5529 tenebroso.
1638 5473 1749 5528 Non
1783 5474 1890 5527 dixi
1926 5475 2114 5528 semini
2146 5472 2236 5526 Ja-

690 5563 806 5623 (συῒ),
847 5560 1047 5615 Vanum
1080 5565 1323 5630 qumritc.
1366 5564 1473 5634 Ego
1508 5581 1647 5631 sunt,
1681 5580 1778 5635 ego
1807 5582 1922 5619 sum
1954 5566 2235 5628 Dominus,

694 5654 782 5720 qui
843 5654 1029 5722 loquor
1088 5655 1390 5719 justitiam,
1454 5667 1505 5711 ct
1570 5658 1827 5711 annuntio
1877 5660 2175 5712 veritatem.
2216 5679 2228 5701 ι

698 5746 955 5808 Quoniam
1014 5750 1153 5799 cuitu
1202 5750 1374 5801 munis
1424 5759 1587 5815 tetra,
1652 5759 1704 5803 et
1759 5749 1844 5817 qui
1904 5750 1955 5803 in
2012 5767 2070 5803 ira
2115 5760 2233 5802 sunt

2329 4482 2434 4533 λων
2471 4480 2567 4534 καὶ
2600 4479 2921 4549 πνευμάτων
2952 4476 3119 4545 ἀγίων
3151 4473 3460 4541 ἀναγκαίως
3480 4473 3897 4545 ὑπεστησάμην,

2329 4571 2421 4623 καὶ
2451 4571 2532 4633 εἱς
2560 4569 2762 4640 κόσμον
2787 4566 2880 4620 τοῦ
2909 4566 3129 4628 παντὸς,
3171 4564 3262 4617 τὸν
3301 4563 3463 4618 αὐτὸν
3490 4564 3689 4634 τρόπον
3722 4565 3813 4617 καὶ
3838 4564 3904 4616 τὸ

2328 4660 2427 4730 τῆς
2459 4663 2561 4730 γῆς
2591 4660 2849 4729 στοιχεῖον
2896 4658 2996 4711 ούκ
3040 4658 3119 4719 είς
3153 4655 3319 4726 ἀργὸν
3355 4655 3464 4708 οὐδ’
3503 4657 3581 4718 εἰς
3625 4655 3900 4727 ἄχρηστον

2329 4750 2729 4803 κατεσκεύασα*
2770 4748 3082 4819 οἰκητήριον
3113 4746 3169 4799 δὲ
3194 4745 3326 4799 αὐτὸ
3358 4746 3451 4798 καὶ
3476 4745 3754 4816 διατριϐὴν
3789 4747 3894 4799 τῶν
3998 4750 4004 4755 ’

2332 4844 2388 4894 ἐν
2420 4841 2567 4910 αύτῷ
2621 4839 2849 4908 λογικῶς
2892 4838 3260 4890 πολιτεύεσθαι
3305 4835 3603 4906 μελλόντων
3640 4838 3878 4905 είργασάι

2336 4948 2458 5000 μην,
2492 4932 2539 4984 οἳ
2580 4931 2671 4984 καὶ
2702 4930 2833 4983 Θεὸν
2869 4929 3064 4982 είδέναι
3092 4929 3185 4983 καὶ⁴
3216 4926 3482 4989 θεοσεϐῶς
3521 4926 3668 4996 βιοῦν
3700 4922 3803 4981 οἷοί
3834 4945 3889 4981 τε

2329 5018 2485 5091 ἦσαν,
2522 5024 2614 5076 ἆτε
2661 5025 2779 5076 κατ’
2824 5022 3002 5074 εἰκόνα
3028 5022 3162 5074 Θεοῦ
3202 5021 3572 5091 πεποιημένοι.
3606 5022 3815 5092 Ὠσπερ
3848 5023 3891 5075 δ’

2335 5112 2426 5168 οὖν
2453 5117 2508 5166 ἐν
2538 5112 2752 5183 οὐρανῷ
2777 5112 2995 5179 ἄγγελοι
3021 5111 3320 5181 λειτουργοὶ
3338 5111 3494 5163 Θεοῦ.
3524 5109 3667 5163 οὕτω
3690 5114 3785 5164 καὶ
3805 5114 3894 5165 ἐπὶ

2340 5207 2439 5277 γῆς
2465 5206 2653 5276 ἄνδρες
2682 5204 2759 5273 τῷ
2791 5204 2908 5274 Θεῴ
2942 5204 3322 5275 μεμελημὲνοι.

2414 5404 2432 5435 ε
2461 5386 2574 5437 Ούκ
2607 5387 2663 5437 ὲν
2689 5385 2867 5454 κρυφῇ
2900 5382 3185 5451 λελάληκα,
3218 5378 3336 5432 οὐδὲ
3364 5379 3421 5430 ὲν
3457 5377 3603 5445 τόπῳ
3639 5376 3743 5446 γῆς
3772 5394 3890 5431 σκο-

2339 5477 2516 5547 τεινῷ.
2552 5478 2663 5531 Οὐκ
2689 5473 2818 5530 εἶπα
2850 5475 2925 5546 τῷ
2958 5475 3226 5544 σπέρματι
3263 5468 3452 5524 Ἰακώϐ
3474 5487 3487 5500 σ
3518 5470 3758 5523 Μάταιον
3804 5470 3894 5539 ζη-

2342 5571 2558 5639 τήσατε.
2595 5566 2733 5634 Ἐγώ
2751 5569 2886 5636 εἰμι,
2913 5564 3022 5632 ἐγώ
3040 5566 3154 5634 εἰμι
3183 5561 3406 5632 Κύριος,
3433 5562 3461 5612 ὁ
3490 5557 3668 5611 λαλῶν
3689 5558 3893 5611 δικαιο-

2344 5659 2527 5729 σύνην,
2556 5660 2645 5712 καὶ
2681 5657 3020 5725 ἀναγγέλλων
3055 5655 3326 5725 ἀληθειαν.
3366 5672 3383 5703 ι
3426 5651 3574 5704 Ἐπεὶ
3610 5651 3718 5721 γὰρ
3752 5653 3892 5704 πᾶσα

2346 5752 2376 5818 ἡ
2404 5752 2469 5818 γῆ
2500 5749 2589 5803 καὶ
2626 5751 2670 5801 οἱ
2714 5750 2767 5800 ἐν
2797 5749 2930 5818 αύτῇ
2966 5748 3163 5809 πάντες
3187 5745 3458 5814 ἄνθρωποι
3495 5741 3613 5812 ἐμοὶ
3644 5742 3768 5804 εἰσι,
3809 5739 3895 5794 διὰ
