4128 6294
217 322 310 377 ξιτ

1136 315 1636 372 (ΣΟΜΜΕΝΤΛΒΙΛ
1678 314 1743 368 ΙΝ
1784 314 2042 370 lSAIAM.
2081 346 2142 356 -—
2190 316 2343 371 CAP.
2386 317 2548 373 XLV.

3372 323 3473 377 H8

215 438 383 501 τοῦτο,
425 439 583 507 φησὶ,
636 438 760 500 τοὶες
808 436 1043 506 ἐμαυτοῦ
1095 436 1288 504 λόγους
1326 438 1423 489 οὐκ
1469 436 1626 488 εἴασα
1660 435 1781 507 κρύ‹

1898 436 2167 500 homines,
2211 438 2316 490 mei
2358 446 2516 500 sunt;
2567 438 2711 503 ideo,
2762 438 2956 508 mquit,
2998 438 3162 493 verba
3203 455 3320 494 mea
3369 458 3475 497 non

216 530 456 593 πτεσθαι,
491 528 603 581 οὐδ’
638 527 825 595 ὥσπερ
856 528 913 579 ὲν
944 528 1117 598 σκότῳ
1145 526 1506 589 λανθάνοντας
1528 543 1541 555 ·
1577 528 1655 589 εἰς
1682 544 1787 594 φα-

217 621 363 693 νερὸν
391 620 451 674 δὲ
471 618 724 688 ἀγαγὼν,
748 620 909 671 πᾶσιν
938 619 1187 689 ἥπλωσα,
1222 618 1299 680 ὼς
1322 620 1487 671 πᾶσιν
1522 616 1697 670 ἔθνεσι
1728 619 1788 668 τὸ

218 715 474 783 σωτήριον
501 710 842 781 κηρυχθῆναι
866 710 1210 778 Εὑαγγέλιον.
1250 711 1508 780 Ἀντικρυ
1532 710 1589 762 δὲ
1618 707 1787 762 ταῦτα

221 804 354 874 μόνῳ
379 801 455 871 τῷ
478 800 824 871 εὐαγγελιγῲ
860 800 1086 871 ἁρμόζοι
1112 798 1179 853 ἂν
1208 799 1541 871 κηρύγματι.
1574 800 1655 853 Τὰ
1678 799 1787 870 γὰρ

218 894 487 956 Μωῦσέως
517 892 680 961 λόγια
700 893 751 946 εί
770 910 852 955 τις
873 890 1142 956 ἐξετάζειν
1166 890 1356 954 ὲθέλοι,
1388 891 1537 961 εὖροι
1562 892 1628 945 ἂν
1648 891 1787 944 αύτά

216 976 385 1049 κρυφῆ
414 976 615 1047 λελαλη
626 977 760 1047 μένα
779 994 792 1007 ·
817 976 1029 1048 γλώττῃ
1057 976 1155 1046 μὲν
1192 974 1453 1045 Ἐϐραΐδι,
1471 978 1786 1047 χαρακτῆρ-

218 1087 265 1121 σι
292 1069 347 1121 δὲ
388 1067 657 1131 ίδιάζουσι
701 1068 796 1121 καὶ
840 1066 914 1138 μὴ
940 1066 1359 1137 γνωριζομένοις
1404 1066 1557 1137 παρά
1599 1068 1781 1120 πᾶσιν.

226 1157 376 1211 ’Δλλά
403 1158 501 1211 καὶ
530 1158 590 1211 εῐ
614 1175 698 1221 τις
726 1158 1024 1228 ὲννοήσοιεν
1045 1158 1101 1208 ὲν
1126 1156 1254 1228 ποίᾳ
1275 1158 1465 1228 ἐρήμῳ
1491 1158 1581 1210 καὶ
1601 1158 1785 1228 ἀϐάτῳ

218 1248 302 1301 καὶ
333 1248 547 1318 ἀνύδρῳ
586 1250 614 1301 ό
645 1246 920 1308 Μωῡσέως
948 1245 1164 1317 ἐξεδόθη
1194 1248 1375 1317 νόμος,
1414 1247 1564 1318 εὖροι
1594 1248 1659 1301 ἂν
1689 1250 1785 1301 αὐ-

210 1340 298 1393 τὸν
354 1341 413 1392 ιν
467 1338 626 1408 τόπῳ
683 1338 785 1408 γῆς
826 1336 1085 1407 σκοτεινῷ
1137 1336 1517 1407 λελαλημένον.
1567 1340 1639 1389 Oti
1678 1340 1783 1408 μὴν

215 1431 400 1500 δμοίως
433 1431 531 1483 καὶ
594 1429 655 1481 τὸ
698 1426 1026 1496 Εὑαγγέλιον
1068 1426 1160 1481 τοῦ
1196 1427 1452 1497 Χριστοῦ.
1504 1446 1523 1479 ι
1558 1429 1653 1491 Είς
1681 1431 1781 1482 πᾶ-

214 1536 304 1574 σαν
338 1539 356 1571 )
394 1519 527 1588 γοῦν
562 1538 582 1569 ι
613 1518 708 1589 τὴν
741 1516 845 1586 γῆν
895 1515 1114 1587 ἐξῆλθεν
1167 1516 1196 1567 ὁ
1243 1516 1476 1585 φθόγγος
1506 1518 1614 1571 τῶν
1650 1519 1783 1571 ἀπο-

215 1610 401 1664 στόλων
436 1609 627 1672 αὐτοῦ,
663 1608 759 1662 καὶ
799 1610 877 1671 είς
908 1609 975 1661 τὰ
996 1608 1209 1678 πέρατα
1239 1609 1338 1678 τῆς
1366 1610 1687 1679 οἰκουμένης
1715 1608 1781 1661 τά

215 1701 420 1773 ῥήματα
437 1700 640 1754 αὐτῶν.
669 1720 686 1751 ι
710 1698 946 1769 Παντοίςι
969 1699 1023 1751 δὲ
1056 1700 1149 1752 καὶ
1173 1699 1410 1770 γλώττῃ,
1436 1704 1585 1771 πασῃ
1607 1704 1779 1771 φωνῇ,

1894 526 2101 580 occulta
2167 542 2341 598 neque
2407 529 2460 582 in
2531 529 2771 585 tenebris
2802 530 3038 595 latentia
3092 530 3340 602 reliqui:
3380 534 3476 589 sed

1894 618 2074 686 palam
2126 618 2380 685 eﬂ'erens,
2419 622 2671 676 omnibus
2726 632 2850 676 nota
2905 621 3055 688 feci;
3104 624 3177 677 ita
3227 634 3284 677 ut
3332 627 3480 679 salu-

1896 718 2009 764 tare
2051 710 2404 783 Evangelium
2455 712 2709 768 omnibus
2766 714 3018 783 gentibus
3068 716 3475 783 praedicaretur.

1896 799 2019 855 Haec
2062 818 2215 866 sane,
2264 815 2322 858 ut
2369 806 2547 875 palam
2589 816 2693 872 est,
2729 808 3057 875 evangelicae
3100 809 3474 876 prtedicationi

1893 902 2103 949 tantum
2141 900 2487 953 conveniant.
2532 898 2665 953 Nam
2689 899 2889 969 Moysis
2915 901 3126 971 eloquia
3155 902 3197 955 si
3234 904 3355 971 quis
3382 918 3479 957 ex-

1892 989 2127 1055 pendere
2159 991 2309 1054 velit,
2358 1006 2419 1044 ea
2453 991 2666 1046 occulte
2700 992 2911 1060 prolata
2946 992 3339 1061 deprehendat,
3375 993 3477 1048 lle-

1894 1080 2075 1134 braica
2106 1080 2315 1137 scilicet
2365 1082 2584 1152 lingua,
2637 1085 3051 1139 cbaract’eribus
3103 1087 3356 1154 propriis,
3391 1100 3478 1141 ne-

1818 1216 1825 1223 .
1891 1186 1997 1239 que
2040 1173 2182 1239 apud
2218 1187 2411 1227 omnes
2456 1176 2709 1245 cognitis.
2760 1175 3068 1242 Quinetiam
3102 1178 3147 1232 si
3188 1177 3316 1245 quis
3360 1192 3479 1246 per-

1892 1261 2090 1327 pendat
2129 1278 2234 1330 qua
2284 1263 2336 1316 in
2381 1264 2695 1331 solitudine,
2739 1282 2901 1336 quam
2947 1267 3088 1320 invia
3124 1280 3177 1320 et
3212 1268 3472 1337 inaquosa

1890 1350 1973 1404 lex
2004 1351 2201 1422 Moysis
2246 1354 2446 1406 tradita
2497 1354 2680 1421 fuerit,
2736 1358 2897 1424 plane
2959 1358 3201 1412 inveniat
3240 1372 3361 1412 eam
3416 1360 3469 1411 in

1889 1441 2010 1496 luco
2056 1451 2213 1497 terra:
2261 1445 2547 1499 tenebroso
2591 1448 2995 1515 pronuntiatam
3030 1447 3218 1503 fuisse.
3267 1447 3335 1501 At
3362 1464 3469 1503 non

1891 1533 2009 1602 pari
2064 1535 2223 1588 modo
2273 1534 2623 1603 Evangelium
2651 1535 2850 1592 Christi
2882 1555 2896 1593 :
2930 1554 3055 1592 nam
3107 1558 3125 1590 ι
3157 1539 3208 1593 in
3253 1553 3471 1594 omnem

1893 1634 2091 1678 terram
2124 1625 2294 1678 exivit
2338 1640 2504 1679 sonus
2538 1626 2906 1695 apostolorum
2944 1627 3100 1696 ejus,
3143 1639 3199 1683 et
3248 1630 3299 1683 in
3337 1628 3474 1684 lines

1895 1717 2043 1770 orbis
2077 1727 2233 1770 tcer
2265 1716 2431 1771 verba
2468 1732 2655 1771 eorum
2678 1719 2743 1772 ⁸ο.
2773 1738 2791 1769 ι
2839 1718 3103 1774 Omnibus
3149 1730 3331 1775 autem
3367 1720 3472 1773 litt-

213 1793 545 1862 χαρακτῆρσί
588 1809 647 1844 τε
687 1793 802 1853 τοῖς
836 1789 956 1843 καθ’
988 1791 1216 1844 ἕκαστον
1249 1791 1400 1856 ἔθνος
1428 1792 1781 1865 παραδέδοται

1898 1808 2037 1875 guis,
2080 1808 2224 1862 omni
2277 1823 2430 1872 voce,
2479 1808 2925 1878 cbaracterisque
2962 1811 3298 1880 singularum
3343 1828 3472 1883 gen-

209 1884 280 1947 είς
310 1882 634 1949 ἐξάκουστον
660 1884 790 1936 πᾶσι
816 1883 928 1944 τοῖς
945 1880 1171 1935 ἔθνεσιν.

277 2080 296 2114 ι
334 2061 643 2133 Συνάχθητε
686 2063 780 2115 καὶ
824 2062 1013 2131 ἦκετε³
1043 2057 1401 2129 βουλεύσασθε
1436 2059 1572 2129 ἅμα,
1597 2058 1647 2111 οἱ
1674 2073 1779 2110 σω·-

212 2153 412 2222 ζόμενοι
447 2152 557 2205 ἀπὸ
584 2152 691 2205 τῶν
714 2152 903 2206 ἐθνῶν.
935 2151 1048 2205 Οὐκ
1070 2150 1313 2219 ἔγνωσαν
1352 2152 1402 2203 οί
1445 2149 1691 2222 αἴροντες
1716 2148 1779 2201 τὸ

213 2239 353 2303 ξύλον
401 2240 631 2310 γλύμμα
672 2240 871 2303 αὐτῶν,
923 2241 1018 2292 καὶ
1076 2240 1122 2292 οί
1174 2239 1597 2310 προσευχόμενοι
1643 2238 1778 2309 πρὸς

212 2330 375 2393 θεοὺς,
402 2330 453 2383 οἶ
481 2332 543 2384 οὐ
571 2331 853 2396 σώζουσιν.
875 2332 935 2385 El
952 2331 1359 2400 ἀναγγελοῦσιν,
1382 2332 1776 2399 ὲγγισάτωσαν,

213 2420 292 2473 ἵνα
317 2421 514 2489 γνῶσιν
537 2421 673 2492 ἅμα.
708 2441 727 2473 ι
750 2420 1019 2493 Πρὼτους
1046 2422 1142 2492 μὲν
1170 2421 1299 2492 γὰρ,
1326 2422 1509 2492 φησὶν,
1537 2421 1776 2485 ἐκείνους

214 2509 615 2582 ἀπκαλεσάμην
655 2510 745 2564 διὰ
772 2511 867 2565 τοῦ
895 2512 1250 2580 εὐαγγελικοῦ
1278 2511 1659 2583 κηρύγματος,
1686 2513 1777 2565 καὶ

215 2597 436 2669 πρώτοις
462 2601 649 2664 αὐτοῖς
671 2601 768 2673 τὴν
794 2602 1069 2672 βασιλείαν
1098 2602 1207 2654 τῶν
1237 2602 1479 2675 οὐρανῶν
1512 2603 1779 2673 ἐπηγγει-

213 2688 397 2760 λάμην,
436 2689 625 2762 ὥσπερ
669 2692 892 2763 μισθοὺς
934 2694 1033 2763 τῆς
1074 2695 1153 2756 εἰς
1184 2693 1285 2762 ἐμὲ
1324 2692 1562 2755 πίστεως
1592 2693 1777 2757 αὐτοῖς

213 2778 648 2852 ὑπισχνούμενον,
686 2783 822 2854 πρὸς
871 2784 933 2836 τὸ
971 2782 1045 2855 μὴ
1078 2783 1296 2852 νομίσαι
1317 2782 1513 2847 αὐτοὺς
1542 2784 1634 2836 ἐπὶ
1668 2802 1775 2854 μα-

218 2870 339 2941 ταίῳ
365 2871 653 2928 θεοσεὸεἶν.
684 2874 775 2926 Διὸ
803 2873 896 2927 καὶ
923 2874 1068 2945 ζωὴν
1094 2873 1311 2928 αἰώνιον
1338 2873 1772 2946 ἐπηγγειλάμην,

213 2961 296 3014 καὶ
335 2962 513 3029 ἀγαθά
567 2983 586 3015 ι
628 2962 665 3017 ἃ
706 2964 979 3035 ὀφθαλμὸς
1019 2965 1121 3017 οὐκ
1165 2961 1292 3029 εἶδε,
1333 2984 1352 3015 ι
1391 2965 1485 3017 καὶ
1519 2964 1587 3017 τὰ
1624 2963 1771 3033 ἑξῆς.

224 3051 362 3105 Ἐπεὶ
390 3052 444 3105 δὲ
491 3054 625 3118 Θεός
663 3056 774 3123 εἰμι
804 3054 977 3107 λαλῶν
1007 3054 1348 3126 δικαιοσύνην
1382 3057 1475 3108 καὶ⁵
1506 3054 1772 3123 ἀναγγέλ-

214 3143 309 3196 λων
335 3145 609 3217 ἀλήθειαν,
655 3146 795 3199 κατά
826 3147 917 3199 τὸν
948 3147 1047 3217 τῆς
1081 3146 1424 3217 δικαιοσύνης
1449 3146 1624 3213 λόγον,
1660 3146 1775 3217 μετ’
1806 3147 1847 3205 C

214 3233 433 3298 ὶκείνους
470 3237 680 3299 πάντας
712 3235 1032 3307 ἀνθρώπους
1067 3237 1204 3307 πρὸς
1242 3238 1475 3307 ἐμαυτὸν
1514 3237 1775 3289 ἀνεκαλε-

215 3322 376 3393 σάμην
394 3343 407 3355 ·
438 3328 532 3379 καὶ
568 3325 816 3379 ἐντεῦθεν
844 3327 945 3396 ἥδη
974 3328 1085 3389 τοῖς
1109 3328 1241 3379 πᾶσι
1274 3326 1527 3397 κηρύττω
1567 3326 1739 3395 λέγων
1758 3344 1772 3357 ο

220 3431 236 3463 ι
268 3414 562 3487 Συνάχθητε
609 3418 703 3469 καὶ
736 3417 922 3487 ἥκετε,
957 3415 1314 3486 βουλεύσασθε
1346 3416 1483 3486 ἆμα,
1524 3419 1573 3470 οἱ
1607 3416 1776 3480 σωζό-

217 3519 349 3570 μενοι
381 3506 484 3559 ἀπὸ
506 3507 617 3559 τῶν
646 3506 833 3560 ἐθνῶν.
874 3524 892 3557 ι
936 3506 1099 3576 Ὁρᾷς
1149 3506 1297 3568 ὅπως
1345 3508 1473 3569 τοὺς
1529 3508 1637 3561 ἀπὸ
1666 3507 1775 3560 τῶν

214 3596 365 3649 ἐθνῶν
417 3597 775 3667 βουλομένους
830 3595 1099 3660 σώζεσθαι.
1144 3595 1549 3667 προσκαλεῖται.
1603 3615 1623 3649 ι
1681 3598 1776 3662 Τίς

213 3689 429 3742 ἀκουστά
450 3689 671 3758 εποίησε
702 3686 875 3740 ταῦτα
915 3687 1009 3739 ἀπ’
1043 3685 1255 3757 ἀρχῆςς
1294 3703 1312 3736 ι
1336 3684 1635 3753 γνώσονται
1668 3686 1776 3759 γὰρ

214 3780 362 3847 ἐγγὺς
400 3781 680 3851 γενόμενοι
721 3779 811 3832 τὸν
844 3776 1097 3848 ἀληθινὸν
1130 3776 1283 3839 Θεὸν,
1320 3772 1379 3830 οὗ
1415 3776 1556 3847 μέγα
1581 3776 1777 3848 δεῖγμα

212 3869 299 3937 τῆς
329 3870 575 3940 θεότητος
611 3868 706 3922 τοῦ
740 3867 1110 3940 προφητεῦσαι
1157 3866 1331 3920 ταῦτα
1364 3867 1452 3920 διὰ
1484 3866 1595 3921 τῶν
1628 3867 1777 3938 ἐμῶν

214 3960 508 4029 προφητῶν,
548 3960 645 4013 καὶ
684 3960 747 4011 τὸ
780 3959 875 4013 ἀπ’
911 3958 1085 4029 ἀρχῆς
1115 3957 1448 4025 ἀπαγγεῖλαι
1489 3957 1664 4010 ταῦτα
1697 3960 1777 4021 είς

212 4048 298 4112 τὰς
326 4051 485 4113 ἀκοὰς
507 4051 685 4122 ἡμῶν.
718 4069 736 4101 ι
772 4049 905 4103 Τότε
936 4049 1211 4119 ἀνηγγέλη
1244 4049 1391 4118 ὑμῖν,
1408 4048 1550 4117 Ἐγὼ
1568 4050 1597 4101 ό
1621 4050 1773 4116 Θεὸς,

213 4140 296 4193 καὶ
325 4141 420 4195 οὐκ
448 4142 595 4195 ἐστιν
628 4141 783 4205 ἄλλος
826 4140 966 4212 πλὴν
998 4137 1154 4211 ἐμοῦ.
1194 4160 1212 4190 ι
1246 4139 1489 4207 Παγίδας
1530 4140 1776 4203 ἱστάντες

210 4236 309 4296 τοῖς
346 4235 435 4287 ἐπὶ
470 4235 571 4305 τῆς
596 4235 701 4306 γῆς
731 4236 779 4287 oi
807 4233 1078 4304 ἀλιτήριοι
1106 4232 1359 4302 δαίμονες
1379 4275 1392 4296 ,
1422 4233 1493 4285 τά
1518 4234 1618 4303 τῆς
1651 4235 1778 4287 ἐαυ-

211 4324 529 4398 τῶνὰπάτης
559 4327 897 4397 ἐργαστήρια
918 4328 1235 4396 συγκροτεῖν
1264 4324 1614 4389 ἐσπούδαζον,
1646 4326 1778 4379 ὑπο-

212 4421 497 4490 κρινόμενοι
534 4422 631 4476 καὶ
657 4420 719 4473 τὸ
750 4418 947 4472 εἰδέναι
977 4419 1046 4472 τὰ
1078 4416 1336 4487 μέλλοντα
1368 4417 1463 4469 καὶ
1499 4418 1777 4486 ἀπαγγέλ-

213 4478 312 4561 λειν
346 4478 479 4564 αὺτά
514 4510 775 4564 δύνασθαι
810 4511 921 4572 τοῖς
943 4478 1181 4561 ἐθέλουσι
1217 4507 1428 4577 μαθεῖν,
1468 4478 1774 4577 μέχρικαι-
1809 4478 1850 4531 D

219 4601 300 4670 ροῦ
333 4603 729 4658 διατετελέκασι
777 4602 1232 4672 συναρπάζοντες.
1278 4603 1597 4673 Χρηστήρια
1645 4601 1774 4667 γοῦν

219 4691 343 4743 κατά
386 4708 444 4743 τε
481 4693 663 4754 πόλεις
723 4692 817 4744 καὶ
866 4691 1071 4761 χώρας,
1109 4690 1521 4761 ψευδωμαντείαί
1553 4707 1612 4742 τε
1634 4686 1774 4761 ἦσαν

222 4784 467 4852 πανταχοῦ
503 4785 596 4837 καὶ
626 4784 991 4853 κληδονισμοὶ,
1024 4785 1119 4835 καὶ
1157 4782 1563 4853 νεκυομάντεις,
1604 4784 1698 4837 καὶ
1725 4786 1775 4837 οἱ

221 4871 494 4938 φωνοῦντες
527 4876 592 4926 ὲκ
618 4873 742 4941 γῆς,
770 4871 1198 4943 ὲγγαστρίμυθοί
1230 4890 1287 4925 τε
1323 4874 1416 4926 καὶ
1443 4873 1773 4944 ἀλφιτομάν-

220 4977 333 5024 τεις,
356 4965 443 5017 καὶ
465 4964 796 5029 ἁπαξαπλῶς
818 4964 1065 5033 ψευστῶν
1087 4966 1180 5018 καὶ
1201 4966 1449 5034 φενάκων
1474 4966 1615 5035 ἡὺφ’
1634 4967 1771 5037 ἡλίῳ

222 5053 534 5125 πεπλήρωτο.
597 5073 616 5104 ι
669 5056 885 5117 Δίκαιος
943 5057 1034 5109 καὶ
1086 5057 1267 5127 σωτὴρ
1311 5057 1410 5109 οὐκ
1456 5057 1569 5109 ἐστι
1599 5056 1772 5127 παρὲξ

223 5143 357 5212 ἐμοῦ.
385 5168 402 5198 ι
452 5147 743 5201 Ἐθέσπισα
772 5148 828 5200 δὲ
852 5149 947 5201 καὶ
975 5152 1251 5219 προεῖπον,
1286 5150 1407 5201 ἐπεὶ
1464 5148 1669 5211 δίκαιός
1699 5151 1770 5201 εἰ-

226 5251 276 5303 μι
308 5242 392 5289 καὶ
422 5240 633 5311 Σωτὴρ,
687 5240 876 5310 διόπερ
920 5240 1060 5292 κατά
1098 5240 1188 5292 τὸν
1238 5239 1329 5292 τοῦ
1368 5239 1575 5293 δικαίου
1614 5239 1769 5308 λόγον

226 5321 381 5375 πάντα
430 5325 498 5377 τὰ
540 5327 668 5398 ἔθνη
714 5327 863 5380 καλῶ
902 5330 981 5390 εἰς
1014 5328 1110 5398 τὴν
1144 5332 1272 5400 παρ’
1312 5331 1434 5399 ἐμοὶ
1475 5330 1766 5400 σωτηρίαν.

233 5410 372 5482 Ὁρᾷς
402 5416 542 5480 ὅπως
578 5418 863 5470 καθολικὸν
891 5419 950 5471 τὸ
974 5419 1231 5489 κήρυγμα
1274 5424 1405 5473 πᾶσι
1446 5425 1557 5483 τοῖς
1594 5420 1772 5474 ἔθνεσι

227 5507 581 5574 nunt-inst;
630 5510 717 5563 Ἑν
749 5510 956 5574 τούτοις
992 5508 1050 5564 εὖ
1096 5512 1240 5581 μάλα
1274 5514 1372 5584 τῆς
1419 5514 1505 5567 διὰ
1536 5514 1773 5567 Χριστοῦ

289 5704 325 5735 ⁵⁸
350 5708 480 5765 Pal.
516 5729 673 5776 xvttt,
714 5712 765 5765 ὅ.
841 5712 881 5743 ⁸⁸
908 5713 921 5765 l
951 5712 1077 5768 Cor.
1113 5728 1170 5777 tt,
1204 5715 1256 5766 υ.

1897 1892 2030 1946 tium
2065 1893 2316 1949 traditum
2350 1906 2457 1961 est,
2490 1904 2550 1950 ut
2592 1897 2643 1951 ln
2668 1900 2904 1952 omnium
2938 1901 3177 1968 gentium
3222 1901 3466 1955 auditum

1884 1985 2113 2039 veniret.

1962 2076 2121 2130 Vsus.
2152 2076 2340 2141 21,22.
2381 2096 2400 2130 ι
2435 2077 2851 2150 Congregamini
2877 2088 2932 2135 et
2955 2081 3134 2135 venite
3161 2097 3175 2133 :
3200 2082 3469 2139 consulite

1887 2168 2075 2231 simul,
2128 2170 2225 2239 qui
2284 2168 2570 2224 salvamini
2618 2171 2685 2226 de
2727 2174 2999 2241 gentibus.
3046 2170 3164 2227 Non
3200 2188 3470 2245 cognove-

1890 2267 2040 2322 runt,
2077 2259 2170 2328 qui
2194 2268 2437 2328 portant
2467 2260 2671 2330 lignum
2701 2263 3037 2331 sculpturam
3074 2278 3251 2329 suam,
3290 2274 3344 2318 et
3372 2266 3464 2335 qui

1887 2359 2187 2416 precantur
2218 2352 2348 2405 deos
2400 2365 2508 2405 non
2543 2351 2843 2409 salvantes.
2891 2353 2947 2407 Si
2983 2354 3341 2419 annuntient,
3375 2372 3470 2412 ac-

1884 2438 2101 2502 cedant,
2154 2449 2214 2493 ut
2264 2451 2603 2510 cognoscant.
2648 2442 2829 2498 simul.
2868 2463 2886 2495 ι
2919 2445 3153 2509 Etenim,
3189 2446 3297 2511 ait,
3352 2448 3463 2517 pri-
3572 2515 3575 2518 γ

1888 2544 2035 2582 mum
2071 2528 2194 2584 illos
2223 2545 2322 2600 per
2343 2533 2714 2602 evangelii-am
2756 2536 3199 2605 praedicationem
3250 2540 3463 2598 vocavi.

1885 2619 2127 2688 ipsisque
2174 2622 2367 2690 primis
2426 2638 2653 2693 regnum
2698 2626 2960 2681 caalorum
3006 2628 3268 2696 promisi,
3310 2632 3462 2697 quasi

1878 2708 1944 2767 in
1977 2713 2279 2767 mercedem
2319 2728 2509 2768 eorum
2556 2730 2685 2786 erga
2742 2731 2828 2771 me
2878 2716 3001 2771 lldei
3043 2717 3355 2786 pollicitus;
3407 2730 3467 2775 ut

1883 2818 1951 2856 ne
1982 2812 2173 2872 putent
2196 2819 2254 2859 se
2282 2803 2482 2859 frustra
2515 2806 2657 2875 piam
2689 2808 3004 2877 religionem
3035 2810 3262 2863 sectari.
3286 2809 3467 2878 Quare

1883 2896 2052 2950 vitam
2087 2906 2346 2951 aeternam
2379 2901 2625 2968 promisi,
2655 2912 2709 2956 et
2738 2901 2879 2955 bona
2912 2921 2930 2953 ι
2963 2918 3084 2971 quae
3119 2902 3312 2958 oculus
3354 2917 3461 2957 n0n

1882 3002 2023 3055 vidit
2046 3001 2114 3066 εί,
2160 3020 2180 3053 ι
2224 3012 2279 3055 et
2308 3010 2526 3057 caetera.
2558 3003 2824 3070 Quoniam
2888 3020 3019 3061 vero
3052 3005 3193 3061 Deus
3234 3022 3354 3062 sum
3386 3008 3466 3063 lo-

1882 3121 2056 3175 quens
2079 3107 2371 3177 justitiam,
2404 3116 2459 3162 et
2486 3110 2818 3164 annuntians
2850 3112 3163 3178 veritatem,
3197 3127 3295 3183 pro
3321 3115 3462 3182 aequi

1880 3224 1935 3267 et
1968 3213 2095 3267 boni
2146 3215 2381 3279 ratione,
2424 3225 2544 3283 post
2591 3215 2712 3269 illos
2750 3216 3038 3271 universos
3082 3221 3246 3272 etiam
3291 3219 3466 3274 homi-

1879 3331 1976 3370 nes
2018 3316 2085 3370 ad
2146 3332 2232 3370 me
2284 3317 2514 3381 vocavi:
2577 3329 2633 3372 et.
2687 3318 2798 3386 jam
2862 3319 2986 3373 hinc
3029 3322 3283 3376 omnibus
3324 3337 3465 3391 pra:-

1879 3415 2001 3469 dico
2045 3433 2061 3470 :
2123 3432 2141 3464 ι
2184 3414 2603 3485 Congregamini
2673 3428 2728 3470 et
2793 3419 3013 3477 venite.
3061 3421 3329 3476 consulite
3382 3422 3463 3476 si-

1880 3505 2012 3567 mul,
2072 3506 2165 3573 qui
2227 3505 2513 3559 salvamini
2575 3506 2643 3561 de
2682 3508 2953 3576 gentibus.
2995 3527 3014 3561 ι
3073 3508 3463 3581 Viden',qtto-

1879 3597 2040 3649 modo
2075 3596 2198 3650 illos
2236 3612 2303 3651 ex
2338 3596 2614 3666 gentibus,
2658 3600 2748 3667 qui
2797 3598 3026 3654 salutem
3060 3613 3338 3671 exeptent,
3368 3605 3464 3658 ad-

1881 3687 2079 3741 vocet?
2110 3706 2128 3737 ι
2177 3686 2312 3752 Quis
2349 3692 2529 3744 audita
2578 3689 2707 3744 fecit
2753 3691 2865 3744 lucc
2910 3689 2979 3742 ab
3020 3691 3219 3747 initio?
3255 3712 3274 3745 ι
3324 3694 3459 3748 Cum

1877 3781 2023 3834 enim
2066 3780 2224 3849 juxta
2266 3784 2619 3847 accesserint,
2664 3797 2850 3836 verum
2905 3784 3074 3837 Deum
3106 3794 3459 3855 cognoscent,

1877 3872 2033 3940 cujus
2066 3872 2287 3925 deitatis
2321 3886 2577 3942 maguum
2616 3884 2995 3939 argtnnentum
3024 3873 3155 3926 illud
3203 3881 3287 3927 est
3316 3879 3458 3943 quod

1877 3964 1993 4017 haec
2025 3979 2122 4032 per
2170 3963 2462 4032 prophetas
2504 3978 2633 4017 suos
2684 3964 3097 4031 praenuntiarit,
3135 3974 3192 4017 et
3236 3965 3305 4019 ab
3351 3965 3458 4020 inla

1880 4054 1955 4106 tio
1995 4054 2047 4106 id
2088 4053 2154 4106 ad
2195 4066 2357 4106 aures
2404 4062 2623 4105 nostras
2676 4049 3061 4104 declaraverit.
3106 4070 3124 4100 ι
3162 4049 3316 4105 Tunc
3360 4066 3461 4105 an-

1879 4145 2188 4198 nuntiatum
2237 4152 2322 4198 est
2357 4143 2533 4209 vobis,
2580 4141 2689 4211 Ego
2739 4140 2913 4205 Deus,
2944 4150 2999 4195 et
3044 4156 3148 4194 non
3202 4149 3288 4195 est
3320 4141 3461 4195 alius

1878 4247 2077 4305 praeter
2106 4248 2217 4290 me.
2252 4253 2271 4285 ι
2300 4233 2369 4288 lis
2401 4235 2491 4303 qui
2529 4234 2583 4286 in
2621 4244 2765 4286 terra
2797 4241 2922 4285 sunt
2951 4230 3176 4298 laqueos
3202 4242 3461 4300 parantes

1877 4327 2151 4381 daemones
2176 4326 2423 4396 maligni,
2456 4325 2660 4378 fraudis
2684 4322 3021 4393 fallaciaeque
3047 4338 3159 4377 snze
3187 4322 3456 4378 omcinam

1879 4418 2173 4473 admovere
2202 4418 2545 4486 satagebant,
2597 4430 2657 4470 se
2696 4414 2878 4469 futura
2933 4428 3093 4468 nosse
3137 4414 3459 4469 simulantes

1877 4525 1940 4564 ac
1978 4523 2137 4577 posse
2168 4524 2229 4563 se
2284 4509 2369 4560 illa
2420 4507 2712 4561 enuntiare
2749 4507 2834 4569 iis,
2861 4505 2952 4575 qui
2990 4506 3235 4559 ediscere
3268 4504 3454 4569 velint,

1878 4614 2028 4656 certo
2080 4612 2321 4671 tempore
2368 4600 2569 4655 multos
2611 4598 2734 4652 dnlo
2784 4599 3285 4652 circumvenerunt.
3320 4594 3455 4649 Nam

1878 4696 1928 4748 in
1972 4695 2196 4748 urbibus
2227 4703 2281 4748 et
2317 4693 2629 4756 regionibus
2655 4691 2899 4751 oracula,
2929 4690 3295 4743 divinationes
3327 4689 3455 4743 item

1878 4785 2046 4846 falsae,
2084 4784 2287 4852 ubique
2327 4792 2507 4843 erant,
2544 4782 2929 4843 ominationes,
2968 4788 3365 4840 necromantes,
3403 4790 3458 4831 et

1874 4876 1965 4945 qui
2000 4890 2067 4927 ex
2100 4886 2245 4928 terra
2284 4873 2665 4943 loquebantur,
2697 4874 3117 4945 engastrimytlti
3151 4914 3165 4937 ,
3216 4873 3459 4938 alphito-

1879 4978 2109 5029 mantes,
2150 4967 2265 5020 sive
2307 4967 2397 5035 qui
2430 4982 2459 5020 e
2488 4966 2682 5020 farinis
2713 4966 3177 5030 vaticinabantur,
3209 4975 3373 5033 atque
3400 4973 3458 5020 ut

1876 5058 2187 5111 summatim
2222 5058 2423 5120 dicant,
2476 5057 2830 5112 mendacibus
2867 5067 2922 5110 et
2955 5056 3343 5126 impostoribus
3378 5072 3458 5108 ιἰτη

1877 5148 2129 5216 plebatur
2174 5148 2345 5202 orbis.
2396 5168 2412 5199 ι
2447 5147 2637 5202 Justus
2681 5157 2733 5202 et
2779 5148 3016 5201 salvator
3055 5162 3159 5201 non
3200 5156 3285 5200 est
3322 5162 3457 5212 pra:-

1878 5250 1960 5293 ler
1998 5255 2104 5294 me.
2147 5258 2164 5290 ι
2201 5239 2543 5293 Vaticinatus
2574 5256 2691 5293 sum
2725 5249 2779 5293 et
2807 5239 3055 5308 praedixi,
3090 5239 3347 5307 quoniam
3372 5238 3455 5307 jn-

1874 5341 1992 5385 stus
2018 5342 2073 5383 et
2102 5330 2353 5384 Salvator
2398 5346 2539 5394 sum,
2571 5330 2693 5384 ideo
2720 5331 3015 5384 secundum
3049 5328 3324 5395 aequitatis
3366 5343 3453 5380 ra-

1875 5424 2074 5476 tionem
2108 5438 2297 5477 omnes
2337 5434 2525 5493 gentes
2576 5423 2642 5475 ad
2674 5437 2825 5486 cam,
2860 5436 2980 5490 quae
3018 5436 3185 5490 penes
3218 5436 3303 5474 tne
3342 5431 3448 5483 est,

1874 5512 2104 5569 salutem
2153 5528 2341 5570 evoco.
2401 5512 2585 5569 Viden‘
2639 5514 2910 5583 quomodo
2942 5525 3284 5565 communem
3323 5526 3449 5580 gen-
