4128 6294
677 305 783 360 M9

1342 301 1608 359 EUSEBII
1642 302 2112 361 CESARIENSIS
2147 303 2300 360 OPP.
2341 303 2516 358 PARS
2555 303 2644 360 III.
2684 335 2751 346 —
2791 304 3194 362 EXEGET.C.\.

3783 305 3886 360 420

678 419 818 472 tibus
863 416 1116 470 omnibus
1163 415 1600 485 medicationem
1654 417 1981 471 annuntiat?
2027 417 2081 470 In
2117 432 2221 486 quo

2323 417 2540 487 χάριτος
2565 418 2765 470 κατίδοι
2797 435 2880 480 τις
2907 418 2973 472 ἂν
3003 418 3062 469 τὸ
3087 417 3332 487 μέγεθος,
3363 418 3440 480 είς
3473 419 3679 480 πάντας
3702 417 3885 489 διῆκον

675 507 829 575 plane
865 505 1082 562 Chrisli'
1115 507 1310 576 gratiae
1364 508 1784 574 magnitudinem
1837 507 2017 562 videas
2043 550 2057 571 ,
2106 523 2225 576 quae

676 598 742 650 ad
790 611 979 652 omnes
1029 597 1321 666 terrigenas
1368 599 1666 665 pervadat:
1729 599 1927 652 atenim
1979 599 2224 652 universa

673 698 812 741 terra
839 701 936 756 per
963 688 1122 742 Iidem
1151 687 1205 742 In
1234 701 1379 751 eum,
1410 687 1478 742 ad
1507 689 1737 744 salutem
1765 698 1822 744 et
1849 690 2038 755 vitam,
2070 691 2224 759 quasi

673 794 872 848 sagcna
911 788 1091 848 capta,
1125 777 1357 833 deducta
1389 787 1495 833 est.

743 867 903 923 Vitas.
932 865 1023 931 23,
1074 865 1162 922 24.
1199 884 1220 918 ι
1269 866 1373 921 Per
1400 868 1777 937 memetipsum
1818 869 1966 938 iuro,
2018 869 2076 926 Si
2119 885 2224 926 non

670 957 983 1026 egrediatur
1023 956 1090 1012 de
1118 970 1215 1011 ore
1243 969 1363 1013 meo
1389 957 1602 1026 Iustitia
1627 975 1642 1014 :
1673 974 1952 1015 sermones
1982 962 2084 1016 mei
2117 974 2223 1016 non

671 1055 1006 1103 avertentur.
1055 1065 1076 1100 ι
1121 1046 1224 1114 Qui
1281 1061 1588 1111 sermones,
1641 1050 1743 1105 nisi
1785 1053 1936 1120 queis
1972 1051 2221 1118 dicebat,

675 1152 697 1187 ε
739 1136 1125 1192 Convertiminl
1159 1138 1226 1192 ad
1258 1151 1360 1202 me,
1397 1148 1452 1194 et
1495 1140 1857 1207 salvahimini,
1902 1143 1994 1212 qui
2028 1143 2095 1198 ab
2130 1156 2225 1198 ex-

673 1233 845 1280 tremo
887 1234 1048 1282 terra
1094 1227 1266 1282 estis:
1322 1229 1449 1297 quia
1507 1230 1639 1286 mihi
1699 1232 2013 1288 curvabitur
2063 1247 2225 1289 omne

671 1330 842 1384 genu,
886 1323 942 1371 et
976 1317 1179 1386 iurabit
1224 1320 1399 1374 omnis
1445 1319 1621 1386 lingua
1672 1335 1768 1390 per
1811 1322 2013 1378 Deum:
2062 1341 2081 1376 ι
2117 1338 2221 1378 non

671 1403 976 1461 Judcorum
1015 1413 1240 1473 tantum,
1277 1409 1374 1464 sed
1411 1409 1574 1463 etiam
1606 1411 1934 1484 reliquarum
1962 1415 2222 1483 gentium,

669 1511 780 1567 quo
808 1497 942 1552 nihil
971 1497 1180 1553 beatius
1221 1499 1400 1555 fuerit.
1450 1499 1727 1572 Hujusque
1758 1504 2050 1574 prophetia
2074 1519 2225 1560 com-

671 1585 994 1653 plementum
1043 1587 1098 1642 in
1138 1587 1339 1643 Christi
1389 1588 1601 1646 Domini
1655 1595 1882 1648 adventu
1933 1593 2052 1649 fuit.
2096 1589 2224 1649 Post

669 1675 818 1730 illum
849 1676 1012 1740 enim,
1055 1680 1236 1749 populi
1265 1695 1456 1736 omnes
1499 1682 1550 1736 in
1585 1681 1701 1752 elus
1741 1681 1984 1740 Ecclesia
2023 1699 2118 1756 per
2149 1694 2223 1739 to-

2323 510 2449 572 τοὺς
2496 509 2656 572 ὄντας
2715 509 2806 561 ἐπὶ
2845 510 2943 578 τῆς
2999 511 3130 578 γῆς·
3199 510 3584 580 σεσαγήνευται
3636 508 3744 579 γὰρ
3795 511 3884 565 διὰ

2326 601 2558 664 πίστεως
2589 600 2685 671 τῆς
2709 602 2788 664 είς
2810 600 2970 654 αὑτὸν
3001 601 3081 663 είς
3115 601 3382 672 σωτηρίαν
3404 601 3496 653 καὶ
3521 599 3665 670 ζωὴν
3685 602 3719 670 ἠ
3747 599 3887 672 σύμ-

2324 705 2472 743 mea
2498 706 2592 760 γη.

2397 903 2416 936 ι
2453 885 2586 939 Κατ’
2604 886 2840 956 ἐμαυτοῦ
2871 887 3072 957 ὀμνύω,
3114 888 3178 941 Ei
3215 887 3289 959 μὴ
3314 887 3650 954 ἐξελεύσεται
3689 888 3754 940 ἐκ
3785 886 3883 940 τοῦ

2325 976 2589 1047 στόματός
2608 993 2708 1047 μου
2736 977 3047 1049 δικαιοσύνη
3068 996 3080 1010 ·
3101 979 3151 1032 oi
3180 979 3325 1047 λόγοι
3359 995 3460 1050 μου
3486 980 3586 1032 ούκ
3610 980 3884 1049 ἀποπρα-

2323 1068 2600 1137 φήσονται.
2635 1086 2654 1118 ι
2693 1068 2842 1122 Ποῐοι
2884 1069 2940 1122 δέ
2984 1069 3147 1137 λόγοι,
3173 1071 3205 1140 ἢ
3234 1070 3301 1122 δι’
3329 1063 3404 1124 ὧν
3433 1069 3650 1138 ἔλεγεν·
3690 1087 3710 1120 ι
3733 1069 3883 1122 Ἐπι-

2323 1155 2594 1225 στράφητε
2623 1157 2760 1226 πρὸς
2787 1157 2875 1226 μέ,
2909 1159 3001 1212 καὶ
3020 1158 3322 1230 σωθήσεσθε
3344 1161 3393 1212 οἱ
3421 1160 3516 1212 ἀπ’
3535 1160 3759 1229 ἐσχάτου
3786 1159 3885 1229 τῆς

2321 1243 2426 1313 γῆς
2447 1261 2460 1274 ·
2495 1245 2575 1297 δτι
2615 1245 2738 1316 ἐμοὶ
2791 1246 2995 1316 κάμψει
3041 1251 3148 1303 πᾶν
3187 1251 3334 1318 γόνυ,
3376 1251 3472 1304 καὶ
3491 1251 3703 1321 ὀμεῖται
3735 1253 3884 1306 πᾶσα

2321 1334 2540 1404 γλῶσσα
2577 1337 2667 1390 τὸν
2693 1336 2860 1402 Θεόν;
2905 1358 2924 1389 ι
2967 1339 3100 1412 Οὐχὶ
3137 1340 3198 1394 τὸ
3239 1341 3503 1395 Ἰουδαίων
3542 1342 3724 1412 μόνον,
3751 1342 3882 1396 ἀλλὰ

2321 1425 2539 1478 καὶτῶν
2569 1427 2769 1480 λοιπῶν
2788 1427 2978 1494 ἐθνῶν,
3007 1411 3503 1503 οἶδ’μακαριὼτερον
3713 1431 3780 1485 ἃν
3799 1434 3884 1501 γέ-

2322 1531 2484 1569 νοιτο.
2514 1517 2622 1570 Καὶ
2646 1518 2849 1589 ταύτης
2879 1519 2937 1573 δὲ
2966 1521 3064 1591 τῆς
3097 1523 3428 1593 προφητείας
3447 1523 3508 1576 τδ
3534 1523 3879 1593 ἀποτέλεσμα

2321 1606 2621 1678 ἐπληροῦτο
2667 1611 2732 1680 τῇ
2788 1608 2882 1663 τοῦ
2930 1610 3177 1682 Σωτῆρος
3229 1612 3384 1682 ἡμῶν
3426 1612 3598 1682 Ἰησοῦ
3644 1614 3880 1686 Χριστοῦ

2323 1699 2606 1769 παρουσίᾳ·
2628 1698 2744 1769 μεθ’
2773 1702 2837 1772 ἢν
2870 1704 2928 1754 ἐν
2956 1705 3022 1773 τῇ
3055 1702 3347 1776 Ἐκκλησία
3379 1704 3541 1759 αὑτοῦ
3577 1708 3645 1776 τῇ
3676 1705 3798 1759 καθ’
3827 1707 3880 1758 δ-

672 1775 784 1821 ιυπι
819 1768 1003 1822 orbem
1030 1763 1360 1840 congrégati,
1392 1771 1499 1826 Deo
1527 1773 1580 1826 in
1620 1774 1889 1843 precando
1927 1787 2100 1845 genua
2125 1774 2221 1831 ﬂe-

2320 1763 2418 1859 λης
2464 1763 2574 1858 τῆς.
2594 1763 2914 1863 οἰκουμένης
2945 1763 3142 1858 πᾶντες
3184 1763 3252 1848 οἱ.
3282 1763 3736 1867 σύγκροτούμένοι
3764 1796 3881 1850 λαοὶ

668 1864 820 1912 ctere
861 1857 1206 1914 didicerunt:
1251 1863 1355 1917 etsi
1412 1862 1464 1917 id
1517 1863 1686 1918 Judaei
1743 1863 2049 1922 faciendum
2101 1881 2223 1922 esse

669 1948 939 2016 ignorent.
986 1968 1005 2001 ι
1060 1950 1125 2005 Et
1148 1949 1371 2020 jurablt.
1424 1970 1444 2005 ι
1482 1951 1613 2008 Nam
1658 1955 1749 2022 qui
1784 1969 1871 2010 me
1912 1954 2080 2011 Deum
2121 1970 2221 2010 no-

671 2023 954 2094 verunt‘in
993 2042 1243 2096 omnibus
1270 2043 1540 2113 gentibus,
1569 2045 1761 2115 quavis
1800 2046 1980 2116 lingua
2025 2054 2077 2102 et
2103 2059 2220 2101 ser-

672 2143 869 2194 mone,
901 2131 1015 2187 sive
1061 2130 1312 2200 barbaro,
1365 2135 1478 2192 sive
1531 2134 1739 2203 Greco,
1796 2138 1849 2193 in
1901 2139 2223 2207 juramentis

669 2231 758 2274 me
801 2219 854 2274 in
904 2230 1090 2276 testem
1148 2234 1444 2291 assument,
1501 2229 1591 2296 qui
1641 2243 1825 2283 eorum
1871 2231 2026 2285 dictis
2060 2231 2218 2286 fidem

679 2306 897 2364 faciam.

741 2501 904 2560 νω.
933 2505 1024 2560 25.
1067 2525 1086 2558 ι
1117 2505 1332 2574 Dicens,
1358 2508 1570 2564 Iustitia
1605 2520 1660 2566 et
1679 2510 1846 2583 gloria
1887 2513 1952 2567 ad
1978 2528 2100 2568 eum
2129 2530 2220 2568 ve-

670 2592 850 2659 nient,
891 2603 945 2648 et
977 2595 1374 2652 confundentur
1427 2613 1615 2654 omnes
1654 2601 1744 2669 qui
1781 2611 2033 2672 separant
2079 2617 2161 2659 se.
2192 2622 2212 2656 ι

667 2679 863 2740 Omnes
889 2686 1162 2740 hominum
1187 2689 1414 2744 virtutes
1440 2690 1601 2744 talem
1629 2694 2005 2748 nanciscentur
2025 2693 2212 2749 linem:

667 2782 722 2826 et
755 2773 931 2827 omnis
966 2773 1223 2828 fortitudo
1261 2773 1536 2831 hominum
1557 2817 1572 2842 ,
1615 2779 1704 2846 qui
1735 2795 1832 2849 pro
1867 2781 2062 2848 pietate
2094 2796 2220 2836 con-

667 2873 1042 2928 certaverunt,
1102 2865 1169 2919 ad
1218 2865 1392 2935 ipsum
1451 2871 1709 2922 accedet:
1762 2879 1922 2939 atque
1974 2881 2103 2927 tunc
2143 2872 2216 2926 illi

670 2953 901 3007 fructum
935 2952 1202 3016 laborum,
1249 2963 1304 3008 et
1355 2957 1572 3010 virtutis
1616 2960 1892 3027 praemium
1930 2961 2216 3031 accipient.

739 3037 903 3098 Vna.
935 3040 1026 3094 26.
1065 3060 1085 3093 ι
1116 3043 1159 3094 Α
1193 3044 1418 3098 Domino
1438 3045 1901 3114 justilicabuntur,
1931 3059 1984 3104 et
2013 3052 2066 3104 in
2109 3051 2218 3106 Deo

669 3129 1061 3200 gloriﬁcabitur
1082 3146 1244 3187 omne
1268 3146 1449 3188 semen
1480 3133 1708 3190 llliorutn
1741 3135 1921 3191 Israel.
1960 3157 1980 3190 ι
2008 3139 2073 3195 Et
2098 3142 2218 3198 vide

673 3218 828 3284 mihi,
857 3233 1062 3286 quaso,
1098 3222 1365 3276 sermonis
1405 3234 1713 3278 accuratam
1760 3227 2063 3284 rationem:
2110 3246 2216 3286 non

665 3309 808 3362 enim
840 3326 860 3358 ι
889 3307 1072 3375 Israel,
1119 3328 1139 3361 ι
1184 3310 1350 3377 dixit,
1405 3327 1612 3381 neque,
1663 3331 1684 3364 ι
1736 3329 1918 3372 semen
1949 3315 2153 3387 Israel;
2191 3339 2211 3372 ι

667 3399 762 3452 sed
795 3411 974 3452 semen
1012 3398 1242 3454 [Iliorum
1275 3400 1461 3456 Israel.
1489 3403 1610 3458 Filii
1644 3419 1805 3473 porro
1846 3404 2012 3464 Israel
2058 3418 2217 3465 erant

668 3488 826 3557 primi
863 3489 1122 3544 salutaris
1151 3491 1424 3561 Evangelii
1449 3508 1744 3563 praecones,
1773 3513 2003 3568 quorum
2029 3515 2214 3555 semen

666 3588 722 3630 et
752 3580 1149 3633 successionem
1196 3580 1403 3648 iustitia
1437 3592 1489 3638 el
1543 3585 1707 3656 gloria
1749 3589 2050 3644 donandatn
2097 3605 2216 3647 esse

671 3667 894 3722 dicitur.

1217 3760 1447 3819 CAPUT
1482 3763 1669 3822 .XLVI'.

746 3848 903 3906 Vnus.
944 3853 997 3909 l.
1041 3871 1061 3904 ι
1094 3852 1298 3910 Cecidit
1336 3855 1450 3923 Bel,
1479 3861 1742 3914 contritus
1769 3873 1850 3917 est
1882 3864 2080 3934 Dagon.
2115 3864 2216 3921 Fa-

667 3949 752 3996 cta
784 3951 912 3996 sunt
955 3944 1226 4013 sculptilia
1273 3962 1456 4003 mrum
1499 3949 1553 4004 in
1604 3951 1804 4008 bestias
1833 3963 1890 4009 et
1926 3957 1977 4009 in
2002 3955 2216 4023 jumem

673 4041 749 4088 ta.
781 4051 800 4084 ι
839 4033 930 4088 Bel
962 4034 1160 4089 idolum
1191 4049 1328 4104 erat,
1379 4041 1458 4094 sic
1502 4055 1532 4094 a
1564 4041 1765 4098 Grzecis
1807 4046 2032 4112 dictum,
2060 4061 2208 4102 eum-

672 4122 818 4186 dem,
845 4131 904 4177 ut
930 4123 1100 4191 aiunt,
1125 4139 1285 4195 quem
1313 4129 1417 4199 ipsi
1446 4129 1730 4187 Saturnum
1754 4136 2033 4205 appellant,
2056 4153 2215 4208 quem

673 4219 826 4268 tanta
861 4213 1158 4272 stoliditate
1187 4228 1400 4275 veteres
1425 4222 1694 4288 colebant,
1729 4235 1786 4280 ut
1811 4228 1910 4297 ipsi
1934 4230 2214 4286 carissima

673 4301 776 4356 sibi
801 4303 1128 4373 iugularem,
1163 4323 1227 4362 ac
1259 4322 1542 4368 sescentas
1575 4314 1708 4370 alias
1748 4317 2024 4375 hominum
2062 4323 2217 4378 victi-

2321 1880 2450 1947 γόνυ
2477 1880 2675 1936 κλίνειν
2693 1883 2772 1954 τῷ
2794 1884 2912 1955 Θεῷ
2933 1887 2988 1938 ἐν
3019 1887 3134 1951 ταῖς
3161 1890 3486 1958 προσευχαῖς
3505 1887 3878 1958 ἐδιδάχθησαν,

2320 1972 2494 2026 καίτοι
2563 1974 2828 2028 Ἰουδαίων
2870 1975 3029 2029 τοῦτο
3083 1979 3254 2031 ποιεῖν
3305 1979 3405 2032 οὐκ
3441 1977 3672 2033 εἰδότων.
3719 1996 3738 2030 ι
3771 1978 3880 2030 Καὶ

2319 2062 2550 2132 ὀμεῖται.
2584 2081 2604 2115 ι
2641 2064 2702 2118 Ol
2741 2063 2850 2134 γὰρ
2887 2065 2986 2135 ἐμὲ
3032 2065 3122 2119 τὸν
3151 2066 3283 2121 Θεὸν
3319 2067 3629 2136 ἐπιγνόντες
3661 2069 3722 2122 ἐν
3747 2069 3878 2123 πᾶσι

2317 2154 2428 2214 τοῖς
2463 2151 2638 2206 ἔθνεσι
2673 2153 2758 2207 διὰ
2791 2153 3044 2217 παντοίας
3068 2154 3316 2225 γλώσσης
3358 2156 3452 2209 καὶ
3478 2157 3713 2228 ὁμιλίας,
3750 2155 3878 2228 βαρ-

2319 2242 2485 2316 ϐάρου
2535 2261 2593 2297 τε
2645 2245 2738 2298 καὶ
2795 2244 3108 2316 Ἑλληνικῆς
3158 2248 3217 2300 ἐν
3254 2250 3366 2312 τοῖς
3389 2249 3572 2320 ὅρκοις
3607 2249 3710 2319 ἐμὲ
3743 2249 3881 2320 μάρ-

2316 2352 2453 2408 τυρα
2497 2337 2934 2410 παραλήψονται,
2984 2337 3298 2409 βεϐαιοῦντα
3362 2339 3462 2402 τὰς
3515 2339 3724 2394 ἑαυτῶν
3791 2341 3879 2392 πί-

2319 2441 2480 2488 στεις.

2391 2531 2410 2563 ι
2443 2513 2663 2580 Δέγωνο
2697 2514 3016 2585 Δικαιοσύνη
3056 2515 3150 2568 καὶ
3201 2515 3326 2579 δόξα
3371 2516 3507 2588 πρὸς
3543 2517 3708 2570 αὑτὸν
3736 2515 3876 2587 ἣξει.

2317 2601 2410 2656 καὶ
2462 2603 2905 2674 αίσχυνθήσονται
2943 2605 3140 2670 πάντες
3171 2609 3219 2660 οἱ
3256 2607 3577 2679 διορίζοντες
3602 2607 3816 2672 αύτούς.
3854 2626 3872 2659 ι

2316 2691 2493 2745 Πᾶσαι
2519 2694 2575 2746 αἱ
2607 2695 2664 2748 ἐν
2681 2693 2986 2766 ἀνθρώποις
3006 2696 3194 2768 ἀρεταὶ
3224 2698 3372 2761 τέλος
3398 2698 3529 2751 αὐτὸ
3549 2695 3753 2764 ἕξουσι,
3786 2699 3880 2751 καὶ

2317 2784 2466 2836 πᾶσα
2503 2784 2655 2853 ἰσχὺς
2676 2783 2975 2856 ἀνθρώπων
3001 2787 3108 2839 τῶν
3131 2788 3268 2860 ὑπὲρ
3293 2787 3598 2853 θεοσεϐείας
3620 2788 3881 2858 ἀγωνισαο

2319 2871 2493 2942 μένων
2532 2873 2666 2942 πρὸς
2687 2874 2848 2927 αὑτὸν
2881 2874 3174 2940 ἐλεύσεται,
3216 2878 3310 2931 καὶ
3350 2878 3441 2931 τὸν
3471 2877 3580 2932 τῶν
3620 2879 3880 2950 καμάτων

2317 2960 2527 3031 καρπὸν
2554 2963 2655 3032 τήν
2684 2979 2743 3015 τε
2775 2963 3004 3035 ἀμοιϐὴν
3028 2967 3126 3037 τῆς
3152 2967 3352 3039 ἀρετῆς
3380 2967 3662 3039 λήψονται.

2391 3068 2411 3100 ι
2432 3050 2775 3122 Ἆπδκυρίου
2791 3053 3250 3127 δικαιωθήσονται,
3281 3056 3375 3110 καὶ
3400 3059 3458 3111 ἐν
3483 3057 3562 3129 τῷ
3591 3057 3710 3129 Θεῷ
3739 3059 3881 3113 ἐνιδο-

2320 3136 2640 3209 ξασθήσεται
2661 3142 2767 3195 πᾶν
2781 3141 2842 3195 τὸ
2859 3143 3075 3214 σπέρμα
3105 3144 3213 3198 τῶν
3227 3145 3357 3198 ulth
3371 3145 3602 3217 Ἰσραήλ.
3615 3165 3633 3197 ι
3654 3146 3770 3200 Καὶ
3784 3145 3879 3201 θέα

2315 3225 2415 3294 τὴν
2432 3226 2712 3298 ἀκρίϐειαν
2726 3228 2822 3282 τοῦ
2849 3230 3005 3298 λόγου
3020 3249 3036 3262 ο
3055 3233 3117 3286 οὐ
3131 3234 3240 3306 γὰρ
3264 3253 3282 3286 ι
3304 3234 3398 3287 τὸν
3431 3235 3642 3307 Ἰσραὴλ
3663 3255 3682 3287 ι
3701 3231 3873 3300 εἶπεν,

2314 3313 2436 3366 οὐδὲ
2484 3332 2504 3366 ι
2541 3316 2603 3368 τὸ
2640 3317 2858 3388 σπέρμα
2910 3319 3141 3391 Ἰσραὴλ,
3178 3340 3197 3372 s
3253 3322 3386 3376 ἀλλὰ
3415 3323 3478 3376 τὸ
3517 3324 3736 3395 σπέρμα
3768 3323 3877 3378 τῶν

2316 3403 2445 3458 υίῶν
2485 3406 2718 3478 Ἰσραήλ.
2757 3408 2873 3461 Υἱοὶ
2904 3409 2958 3462 δὲ
3006 3411 3221 3483 Ἰσραὴλ
3263 3413 3551 3483 ἐτύγχανον
3585 3417 3636 3468 ol
3673 3414 3881 3486 πρῶτοι

2316 3497 2552 3566 κήρυκες
2575 3499 2669 3550 τοῦ
2693 3499 2958 3569 σωτηρίου
2983 3501 3330 3570 Εὑαγγελίου,
3362 3497 3436 3558 ὧν
3460 3505 3524 3559 τὸ
3539 3508 3756 3578 σπέρμα
3785 3509 3876 3562 καὶ

2315 3579 2412 3650 τὴν
2450 3581 2698 3654 διαδοχὴν
2742 3585 3188 3658 δικαιωθήσεσθαι
3221 3594 3314 3646 καὶ
3343 3593 3761 3666 δοξασθήσεσθαι
3801 3596 3873 3650 εί-

2319 3686 2502 3744 ρηται.

2803 3768 3191 3823 ΚΕΦΔΛΑΙΟΝ
3235 3772 3384 3838 Μετ’.

2390 3868 2411 3902 ι
2444 3851 2645 3907 Ἐπεσε
2695 3855 2821 3927 Βὴλ,
2887 3861 3167 3933 συνετρίϐη
3223 3861 3434 3932 Δαγὼν.
3502 3862 3746 3932 Ἐγένετο
3808 3867 3874 3921 τὰ

2315 3941 2528 4010 γλυπτὰ
2551 3946 2729 4001 αὐτῶν
2761 3951 2841 4014 εἰς
2863 3950 3024 4022 θηρία
3046 3953 3226 4007 καὶτὰ
3244 3956 3432 4026 κτήνη.
3463 3974 3483 4007 s
3517 3955 3626 4026 Βὴλ
3655 3955 3875 4010 εἴδωλον

2313 4027 2404 4104 ἦν,
2432 4035 2568 4106 ὅπερ
2600 4038 2852 4110 Ἕλληνες
2882 4041 3023 4095 οὕτω
3053 4043 3306 4098 καλοῦσι·
3342 4045 3732 4117 ἑρμηνεύοντες
3777 4050 3872 4103 αύ-

2313 4125 2405 4178 τὺν
2435 4123 2571 4181 εἶναι
2621 4129 2711 4182 τὸν
2749 4133 2880 4202 παρ’
2910 4134 3093 4198 αὐτοῖς
3125 4134 3454 4206 καλούμενον
3492 4137 3717 4208 Κρόνον,
3745 4141 3872 4211 περὶ

2313 4213 2373 4268 δν
2398 4215 2567 4280 οὕτως
2595 4211 2733 4289 ἦσαν
2755 4222 2805 4272 οἱ
2836 4221 3053 4276 παλαιοὶ
3081 4225 3422 4295 ἐπτοημένοι,
3466 4226 3542 4289 ὡς
3567 4229 3871 4297 κατασφάτ-

2314 4321 2425 4358 τειν
2452 4307 2647 4373 αὐτοὺς
2690 4309 2756 4362 τὰ
2806 4311 3012 4364 ἑαυτῶν
3046 4313 3295 4380 φίλτατα,
3334 4317 3428 4369 καὶ
3469 4316 3633 4381 ἄλλας
3676 4321 3871 4390 μυρίας

673 4404 789 4444 mas
821 4390 924 4459 ipsi
953 4394 1201 4449 omnibus
1228 4397 1278 4450 in
1305 4398 1438 4454 locis
1471 4385 1746 4459 offerrent.
1779 4407 1959 4478 Dagon
1995 4411 2120 4466 item
2149 4412 2216 4467 si-

2317 4394 2751 4468 ὰνθρωποθυσίας
2780 4401 2928 4471 αὐτῷ
2957 4402 3097 4455 κατὰ
3128 4403 3303 4460 πάντα
3333 4405 3495 4458 τόπον
3524 4385 3864 4480 προσερέεπιν.

677 4478 974 4535 mnlacrum
1009 4495 1126 4537 erat
1162 4486 1610 4557 alienigenarum,
1644 4495 2077 4554 Ascalonitarum
2112 4503 2213 4557 sci-

671 4565 798 4620 licet
837 4577 893 4623 et
923 4569 1286 4631 Gazensium:
1330 4593 1464 4647 quos
1501 4584 1586 4637 ubi
1621 4588 1900 4653 speciatim
1949 4605 2215 4646 memora-

669 4656 765 4720 vit,
795 4659 986 4715 deinde
1016 4665 1311 4731 generatim
1353 4670 1419 4721 dc
1449 4673 1696 4728 omnibus
1733 4677 1930 4746 ubique
1958 4665 2060 4735 diis
2101 4684 2214 4740 haec

670 4747 950 4819 subiungit
987 4770 1000 4805 :
1033 4771 1052 4804 ι
1088 4752 1249 4808 Facta
1277 4769 1404 4812 sunt
1434 4763 1693 4833 sculptilia
1724 4783 1906 4824 eorum
1938 4773 1989 4825 in
2020 4774 2214 4832 bestias

667 4846 723 4891 et
753 4837 806 4892 in
829 4839 1086 4908 iumenta.
1137 4864 1155 4896 ι
1188 4845 1339 4911 Quod
1372 4849 1554 4906 videre
1591 4865 1675 4907 est
1706 4858 1758 4910 in
1808 4870 1915 4913 tota
1947 4861 2211 4933 Egypto,

668 4927 756 4982 ubi
787 4931 968 4985 omnia
1018 4931 1250 4991 ferarum
1289 4953 1352 4993 ac
1378 4940 1735 5008 jumentorum
1775 4964 1968 5018 genera
1998 4927 2214 5009 οἶνοωέ

670 5021 912 5074 venerari
946 5021 1140 5078 solent.

739 5193 899 5248 Vsss.
932 5194 987 5250 2.
1024 5216 1042 5248 ι
1082 5197 1317 5257 Portatis
1353 5220 1417 5258 ea
1457 5207 1690 5278 alligata,
1721 5213 1874 5282 quasi
1905 5229 2041 5270 onus
2067 5217 2208 5272 labo-

668 5286 828 5349 ranti,
861 5286 1149 5355 deficienti,
1173 5301 1233 5345 et-
1261 5293 1496 5359 sitienti;
1542 5314 1638 5351 nec
1663 5302 1854 5356 valenti
1890 5304 2047 5359 simul
2082 5309 2209 5374 :qni

670 5383 773 5425 non
808 5386 1059 5442 poterunt
1090 5380 1286 5436 salvari
1314 5400 1342 5436 a
1379 5388 1534 5440 bello.
1587 5389 1689 5458 Ipsi
1737 5405 1864 5447 vero
1892 5398 2085 5465 captivi
2117 5400 2186 5452 ab

671 5461 812 5516 «lucti
863 5478 1006 5523 sunt.
1043 5488 1061 5521 ι
1109 5470 1230 5526 Haec
1290 5477 1462 5542 reipsa
1517 5481 1715 5534 nostris
1761 5488 2085 5551 temporibus
2142 5489 2208 5541 ad

673 5548 900 5606 litteram
925 5570 1218 5613 evenerunt
1257 5579 1272 5615 :
1303 5579 1366 5618 ac
1415 5569 1706 5623 secundum
1762 5548 2085 5645 intelligendi
2123 5593 2206 5630 ra-

673 5641 869 5697 tionem
908 5661 1092 5717 grave,
1129 5651 1316 5709 durum
1347 5665 1400 5709 et
1453 5657 1772 5717 diabolicum
1818 5641 1987 5734 onus,
2039 5668 2205 5724 idolo-

2314 4482 2502 4553 Δαγὼν
2526 4487 2582 4540 δὲ
2610 4489 2702 4540 καὶ
2722 4489 2851 4541 αὐτὸ
2878 4489 3061 4552 ξόανον
3088 4485 3156 4561 ἦν
3180 4491 3288 4545 τῶν
3315 4491 3622 4560 ἀλλοφύλων
3642 4495 3754 4547 τῶν
3773 4498 3868 4566 τὴν

2326 4578 2632 4633 Ἀσκάλωνα
2682 4581 2776 4633 καὶ
2823 4581 2920 4650 τὴν
2945 4580 3120 4646 Γάζαν
3149 4582 3462 4638 οἰκούντων·
3498 4587 3590 4638 καὶ
3617 4587 3682 4658 δὴ
3720 4603 3869 4659 μερι-

2313 4668 2420 4732 κῶς
2435 4669 2633 4722 τούτων
2649 4672 3025 4742 μνημονεύσας
3051 4674 3080 4724 ό
3111 4672 3283 4741 λόγος,
3306 4673 3430 4745 ἑξῆς
3445 4675 3866 4748 καθολικώτερον

2313 4761 2437 4831 περὶ
2457 4763 2670 4815 πάντων
2692 4762 2800 4814 τῶν
2823 4765 3129 4835 ἁπανταχοῦ
3151 4766 3571 4836 θεοποιουμένων
3587 4769 3835 4839 ἐπιφέρει
3851 4787 3862 4797 ·

2317 4866 2334 4898 ι
2381 4849 2624 4918 Ἐγένετο
2653 4852 2719 4904 τὰ
2750 4853 2960 4920 γλυπτὰ
2985 4855 3158 4908 αὐτῶν
3181 4858 3259 4920 εἰς
3289 4856 3453 4928 θηρία
3495 4859 3586 4910 καὶ
3609 4860 3799 4930 κτήνη.
3842 4877 3861 4910 s

2311 4940 2419 4993 Καὶ
2449 4942 2620 4994 ταῦτα
2658 4943 2716 4996 δέ
2751 4946 2865 4997 ἐστι
2899 4945 3018 4996 καθ’
3043 4945 3170 5017 ὅλης
3197 4948 3422 5001 συνιδεῖν
3454 4952 3550 5018 τῆς
3569 4951 3862 5019 Αἰγύπτου,

2311 5027 2435 5082 ἔνθα
2487 5032 2700 5084 πάντων
2746 5031 2949 5104 θηρίων
2994 5038 3084 5088 καὶ
3139 5021 3351 5108 κτηνῶν
3392 5039 3546 5105 γένος
3587 5040 3763 5093 σέϐειν
3791 5041 3864 5106 ὡς

2311 5117 2462 5183 θεοὺς
2493 5121 2734 5175 εἰώθασι.

2385 5248 2405 5279 ι
2439 5231 2632 5304 Alpe-re
2654 5234 2793 5286 αὐτὰ
2816 5237 3210 5310 καταδεδεμένα
3238 5240 3313 5304 ὡς
3339 5243 3554 5313 φορτίον
3580 5248 3862 5312 κοπιῶντι,

2313 5321 2673 5406 ἐκλελυμένῳ,
2715 5327 2808 5379 καὶ
2833 5330 3107 5392 πεινῶντι,
3143 5332 3244 5386 οὐκ
3285 5334 3520 5404 ἰσχύοντι
3545 5337 3680 5406 ἅμα,
3723 5339 3775 5391 οἶ
3802 5341 3861 5394 ού

2309 5405 2625 5477 δυνήσονται
2649 5411 2887 5482 σωθῆναι
2916 5415 3025 5470 ἀπὸ
3051 5417 3307 5491 πολέμου.
3336 5422 3568 5478 Αύτοὶδὲ
3587 5405 3856 5499 aqua)»

2311 5513 2404 5589 tot“
2414 5499 2674 5570 ήχθησαν.
2702 5523 2720 5554 s
2741 5505 2922 5561 Ταῦτα
2935 5508 2990 5562 δὲ
3003 5511 3187 5577 αὐτοῖς
3200 5513 3380 5584 ἔργοις
3393 5517 3512 5570 καθ’
3531 5520 3676 5589 ἡμᾶς
3690 5519 3856 5588 ἐπλη-

2315 5586 2469 5679 ροῦτο
2495 5593 2628 5660 πρὸς
2646 5593 2812 5661 λέξιν,
2846 5599 2938 5650 καὶ
2960 5603 3100 5655 κατὰ
3122 5601 3358 5658 διάνοιαν
3382 5606 3438 5659 δὲ
3629 5586 3724 5662 καὶ
3745 5586 3839 5664 δυσ

2311 5674 2627 5750 ϐἀστακτον,
2649 5685 2742 5738 καὶ
2758 5685 3057 5743 διαϐολικὸν
3075 5694 3291 5761 φορτίον
3305 5699 3422 5760 ταῖς
3446 5697 3550 5749 τῶν
3561 5697 3852 5769 ἀνθρώπω.
