4128 6294
74 82 511 391 τ

1101 328 1604 388 (ΣΟΜΜΕΝΤΛΜΑ
1638 327 1701 383 ΙΝ
1740 325 1770 380 11

1879 324 1996 380 ΑΜ.
2022 323 2258 379 -ΟΑΡ,
2305 319 2515 376 XLVII.
3355 316 3461 371 429.

186 454 377 525 ψυχαῖς
420 456 515 525 τῆς
561 455 945 525 είδωλολάτρου
1000 454 1205 524 πλάνης
1254 454 1503 508 ἐπέκειτο
1574 455 1761 508 πάλαι.

1874 464 1987 503 rum
2004 446 2209 502 scilicet
2225 444 2450 507 erroris.
2471 443 2751 497 hominum
2775 438 3299 508 animisimpositum
3321 452 3460 494 erat.

257 565 277 596 ι
330 546 585 599 Ἀκούετέ
621 565 743 617 μου,
791 542 939 609 οἶκος
979 548 1196 608 Ἰακὼὸ,
1243 548 1336 601 καὶ
1374 549 1478 600 πᾶν
1510 548 1571 600 τὸ
1603 534 1765 601 κατά-

187 640 369 692 λοιπον
398 640 494 692 τοῦ
555 639 794 711 Ἰσραὴλ,
846 642 895 692 οἱ
954 642 1236 713 αίρόμενοι
1277 644 1342 695 ἐκ
1386 643 1617 705 κοιλίας,
1672 646 1766 697 καὶ

188 731 568 802 παιδευόμενοι
603 734 667 784 ἐκ
702 732 916 785 παιδίου
967 734 1071 797 ἓως
1114 736 1320 803 γήρως.
1380 754 1398 785 ι
1456 736 1596 788 Ἀλλ’
1640 735 1764 789 οὔτε

202 821 392 876 Ἰακὼῦ
406 825 605 887 αὐτοὺς
625 825 798 888 καλεῖ,
818 826 941 879 οῡτε
980 828 1196 899 Ἰσραὴλ
1228 828 1504 899 ὀνομάζει,
1531 826 1679 883 οἷκον
1710 831 1767 885 δὲ

186 915 346 969 αὑτὸν
388 917 546 986 μόνον
572 917 668 969 τοῦ
705 916 897 971 Ἰακὼϐ
924 918 1015 972 διά
1039 922 1141 990 τῆς
1173 922 1315 974 κατά
1360 923 1539 992 σάρκα
1569 922 1767 975 οίκειό-

184 1022 365 1077 τητος,
406 1010 498 1061 καὶ
525 1007 871 1063 κατάλοιπον.
898 1010 1093 1064 ὡσανεὶ
1127 1012 1466 1083 περίττευμα
1483 1015 1575 1067 καὶ
1590 1014 1767 1085 τρύγα

184 1101 279 1156 τοῦ
344 1102 579 1173 Ἰσραήλ.

261 1210 281 1243 ε
340 1192 484 1261 Ἑγὼ
514 1193 650 1264 είμι,
686 1194 781 1245 καὶ
809 1194 915 1257 ἕως
933 1194 1000 1247 ἂν
1033 1197 1455 1268 καταγηράσητε
1486 1199 1598 1267 ἐγώ
1625 1200 1765 1269 εἰμι,

187 1284 299 1353 ἐγὼ
326 1286 594 1357 ἀνέχομαι
630 1285 806 1357 ὑμῶν,
845 1286 956 1354 ἐγὼ
991 1287 1246 1360 ἐποίησα,
1291 1290 1385 1343 καὶ
1416 1291 1526 1359 ἐγὼ
1556 1292 1764 1363 ἀνήσω,

184 1377 298 1446 ἐγὼ
320 1379 691 1449 ἀναλήψομαι,
739 1381 834 1432 καὶ
870 1379 1029 1433 σώσω
1061 1380 1228 1451 ὑμᾶς,
1276 1383 1394 1436 Τίνι
1437 1401 1504 1455 με
1548 1386 1765 1455 ὡμοιώ-

187 1486 352 1533 σατες
392 1471 582 1533 Ἴδετε,
633 1471 992 1541 τεχνάσασθε,
1039 1477 1087 1527 οἱ
1132 1474 1496 1546 πλανώμενοι,
1532 1481 1581 1531 οἱ
1629 1497 1767 1549 συμ-

186 1560 508 1632 6αλλόμενοι
543 1564 764 1633 χρυσίον
816 1564 881 1617 ἐκ
915 1568 1243 1638 μαρσυπίου,
1293 1570 1385 1621 καὶ
1418 1570 1682 1641 ἀργύριον
1708 1573 1767 1625 ἐν

184 1652 353 1722 ζυγιῖγ
394 1656 682 1724 στήσουσιν
720 1656 779 1709 ἐν
815 1657 1039 1727 σταθμῷ
1065 1659 1159 1711 καὶ
1193 1660 1597 1731 μισθωσάμενοι
1629 1681 1765 1735 χρυ-

185 1743 372 1812 σοχόον
426 1743 691 1813 ἐποίησαν
744 1746 1112 1817 χειροποίητα,
1148 1747 1242 1799 καὶ
1288 1748 1559 1818 κύψαντες
1599 1768 1766 1821 προσ-

1946 537 2106 592 Vens.
2131 536 2185 591 5.
2214 534 2411 587 Audite
2431 548 2537 597 me,
2573 531 2770 586 domus
2798 528 2989 592 Jacob,
3017 538 3075 583 et
3108 541 3300 583 omnes
3334 529 3463 582 reli-

1867 629 2009 697 quit
2040 626 2336 695 lsrael,qui
2383 623 2670 694 portamini
2702 636 2767 677 ex
2801 630 2978 687 utero,
3007 630 3062 676 et
3101 618 3391 673 erudimini
3432 634 3464 672 α

1868 718 2094 788 parvulo
2127 732 2300 785 usque
2352 716 2421 769 ad
2480 723 2872 768 senectutem.»
2914 710 3022 766 Sed
3069 724 3247 781 neque
3291 707 3465 765 Iacob

1871 814 2016 881 ipsos
2043 820 2219 870 vocat,
2260 820 2433 877 neque
2475 806 2644 861 Israel
2670 809 2948 869 nominat;
2980 802 3074 857 sed
3123 801 3465 857 solummodo

1868 904 2089 956 domum
2116 900 2301 964 Jacoh,
2333 899 2405 952 ob
2433 898 2629 971 carnis
2656 897 3061 967 cognationem,
3093 904 3147 951 et
3180 893 3461 963 reliquias,

1870 994 2076 1050 scilicet
2110 1005 2575 1063 supervacaneum
2605 990 2982 1061 quidpiam,et
3011 988 3195 1043 faecem
3228 988 3460 1043 lsraelis.

1944 1176 2231 1237 Venet-7.
2249 1195 2267 1227 ι
2292 1175 2402 1246 Ego
2427 1190 2570 1241 sum,
2603 1184 2659 1230 et
2690 1176 2863 1231 donec
2878 1172 3177 1229 senescatis
3191 1186 3291 1242 ego
3306 1187 3462 1227 sum:

1869 1284 1969 1342 ego
1998 1270 2277 1325 sustinebo
2323 1284 2444 1335 vos,
2488 1283 2587 1337 ego
2623 1266 2747 1332 Ieci,
2780 1276 2836 1320 et
2887 1280 2989 1335 ego
3025 1265 3317 1326 dimittam,
3362 1281 3467 1333 ego

1872 1364 2163 1433 suscipiam
2196 1372 2251 1416 et
2292 1362 2514 1415 salvabo
2546 1374 2663 1414 vos.
2699 1359 2798 1414 Cui
2835 1373 2920 1411 me
2950 1357 3342 1412 assimilastis?
3376 1358 3467 1412 Vi-

1871 1457 2015 1518 dete,
2050 1454 2360 1522 excogitate
2388 1452 2481 1521 qui
2521 1451 2742 1510 erratis.
2776 1459 2829 1503 et
2866 1448 2956 1517 qui
2984 1447 3245 1502 confertis
3272 1462 3464 1501 aurum

1870 1556 1935 1594 cx
1976 1541 2280 1609 marsupio,
2330 1550 2386 1593 et
2418 1547 2704 1608 argentum
2754 1540 2804 1591 in
2854 1547 3054 1591 statera
3093 1556 3103 1589 :
3136 1546 3379 1590 Statuenl
3413 1536 3466 1590 in

1871 1633 2133 1703 pondere,
2158 1643 2211 1687 et
2240 1632 2611 1686 conilucentes
2634 1628 2937 1692 auriﬁcem,
2970 1627 3216 1683 fecerunt
3245 1628 3469 1699 simula-

1872 1739 1988 1789 cra,
2011 1733 2066 1778 et
2097 1724 2422 1778 inclinantes
2449 1737 2509 1777 se
2539 1721 2773 1776 adorant
2830 1720 2941 1774 illa.
2973 1718 3193 1774 Tollunt
3239 1722 3469 1775 humero

184 1835 442 1888 κυνοῦσιν
478 1836 682 1899 αὐτοῖς.
727 1838 985 1908 Αίρουσιν
1014 1839 1148 1892 αὐτὸ
1200 1841 1293 1893 ἐπὶ
1333 1841 1426 1894 τοῦ
1458 1843 1633 1913 ὤμου,
1671 1846 1765 1897 καὶ

1874 1826 1923 1871 et
1955 1815 2255 1871 ambulant.
2289 1814 2346 1869 Si
2393 1830 2521 1871 vero
2554 1822 2760 1882 ponant
2802 1811 2932 1866 illud
2964 1813 3015 1865 in
3048 1812 3166 1867 loco
3197 1826 3321 1877 suo,
3345 1827 3465 1865 ma-

187 1926 530 1998 πορεύονται.
590 1928 717 1981 Ἐἀν
743 1927 799 1981 δὲ
827 1927 993 1983 θῶσιν
1022 1931 1155 1984 αὐτὸ
1183 1934 1275 1986 ἐπὶ
1316 1932 1410 1986 τοῦ
1453 1936 1621 1989 τόπου
1664 1937 1764 1989 αύ-

186 2016 299 2082 τοῦ,
355 2019 532 2089 μένει,
580 2020 643 2072 ού
679 2020 755 2091 μὴ
784 2020 980 2093 κινηθῇ
1002 2038 1015 2051 ·
1047 2024 1143 2077 καὶ
1170 2022 1229 2087 ὃς
1264 2024 1361 2077 ἐὰν
1409 2024 1580 2107 βοήσῃ
1630 2028 1769 2098 πρὸς

186 2110 371 2175 αὐτὸν,
420 2111 483 2163 οὐ
525 2109 602 2180 μὴ
644 2111 939 2183 είσακούση
964 2130 977 2143 ·
1011 2114 1121 2167 ἀπὸ
1164 2116 1353 2168 κακῶν
1400 2116 1461 2169 ού
1498 2116 1571 2188 μὴ
1618 2117 1769 2193 σώσῃ

186 2200 368 2264 αὐτόν.
412 2220 430 2251 ι
478 2200 668 2267 Ὑμεῖς
702 2200 760 2253 δὲ
787 2199 1075 2268 λογίσασθε
1120 2205 1201 2267 εἰς
1228 2205 1345 2257 οἵαν
1375 2205 1768 2259 ἐκπεπτώκατε

187 2287 486 2359 θεομαχίαν
520 2290 617 2342 καὶ
667 2288 1025 2355 δυσσέϐειαν,
1077 2292 1448 2364 τολμήσαντες
1500 2296 1769 2367 όμοιῶσαί

192 2397 257 2451 με
292 2383 411 2445 τοῖς
440 2380 517 2453 μὴ
544 2377 662 2435 οὖσι
717 2380 862 2447 θεοῖς
881 2423 896 2447 ,
932 2384 1027 2437 καὶ
1058 2384 1233 2439 οὐδενὶ
1265 2388 1409 2458 λόγῳ
1452 2387 1639 2442 θέσθαι
1669 2390 1771 2459 τὴν

190 2473 324 2542 ἐμὴν
353 2471 592 2540 θεότητα
616 2491 628 2503 ·
664 2474 904 2545 ἰσότιμον
925 2474 985 2528 δέ
1016 2494 1085 2547 με
1108 2476 1324 2532 ἔσεσθαι
1347 2482 1414 2550 τῇ
1441 2479 1637 2551 ἀψύχῳ
1668 2480 1769 2553 ὕλῃ

190 2566 569 2622 ἀνσπλάσασθε
597 2582 611 2596 ⁸
650 2569 873 2639 χρυσίον
921 2568 1014 2622 καὶ
1059 2570 1323 2643 ἀργύριον
1380 2572 1446 2625 ὲκ
1493 2573 1770 2644 συμϐολῆς

194 2659 592 2729 συναγαγόντες
616 2699 631 2723 ,
662 2660 756 2712 καὶ
782 2659 873 2713 διὰ
920 2661 1119 2733 χειρῶν
1160 2662 1517 2737 ἀνθρωπίνων
1549 2666 1771 2719 ἀνειδω-

192 2753 579 2824 λοτυοιήσαντις
615 2770 629 2783 ’
675 2748 757 2816 οἷς
790 2754 884 2807 καὶ
912 2760 1241 2826 προσκυνεῖν
1280 2758 1381 2811 οὐκ
1422 2758 1768 2829 αίσχύνεσθε,

198 2845 327 2913 μήτε
362 2844 624 2915 βαδίζειν,
663 2846 798 2917 μήτε
847 2847 1116 2901 κινεῖσθαι
1149 2849 1399 2911 δυνατοῖς
1425 2846 1598 2914 οὖσιν,
1655 2851 1771 2905 ἀλλ’

195 2935 275 2987 ἐπ’
302 2933 472 3005 ὤμων
504 2936 861 3007 φερομένοις,
903 2937 998 2989 καλ⁸
1044 2938 1134 3007 ὑφ’
1181 2937 1383 3010 ἐτέρων
1413 2937 1772 3009 ὠθουμένοις,

197 3026 284 3079 καὶ
319 3027 446 3097 μήτ’
480 3026 731 3091 ἀκούειν,
778 3030 905 3100 μήτ’
952 3030 1149 3094 αὐτοὺς
1199 3029 1393 3095 σώζειν
1432 3032 1771 3104 δυναμένοις.

1871 1918 1982 1971 net,
2012 1923 2117 1961 non
2154 1906 2492 1962 movebitur:
2513 1914 2567 1961 et
2592 1905 2637 1960 si
2673 1906 2798 1975 quis
2823 1903 3141 1959 clamaverit
3169 1905 3235 1957 ad
3267 1904 3469 1973 ipsum,

1869 2014 1975 2055 non
2013 2000 2310 2055 exaudiet:
2344 2016 2373 2053 a
2424 1998 2581 2053 malis
2644 2014 2751 2054 non
2796 1996 3051 2052 liberabit
3111 2012 3258 2053 eum.
3295 2016 3313 2049 υ
3354 1995 3468 2053 Vos

1869 2107 1995 2146 vere
2024 2090 2257 2159 cogitate
2291 2090 2345 2145 in
2373 2100 2635 2160 quantam
2684 2089 2779 2144 Dei
2811 2088 3152 2143 inimicitiam
3190 2099 3245 2142 et
3273 2090 3471 2158 impie-

1872 2193 2037 2237 tatem
2067 2181 2404 2247 decideritis,
2451 2182 2577 2237 dum
2620 2182 2707 2246 iis,
2741 2180 2831 2250 qui
2887 2195 3015 2238 vere
3042 2182 3115 2235 dii
3170 2197 3276 2237 non
3314 2194 3463 2245 sunt,

1871 2290 1957 2329 me
2004 2275 2240 2330 similem
2280 2274 2483 2340 facere,
2527 2283 2584 2329 et
2623 2274 2882 2329 deitatem
2934 2289 3109 2329 meam
3136 2273 3290 2329 nihili
3327 2289 3465 2343 pen-

1868 2366 1998 2421 dere
2027 2366 2143 2421 ausi
2192 2366 2361 2433 estis;
2408 2382 2470 2422 ac
2500 2366 2796 2421 commenti
2830 2366 2967 2421 estis
3014 2381 3101 2422 me
3154 2367 3469 2421 inanimatae

1871 2461 2118 2514 materia:
2143 2474 2327 2529 parem
2361 2473 2486 2514 esse
2518 2474 2533 2510 :
2566 2473 2759 2513 aurum
2801 2468 2857 2513 et
2889 2468 3175 2530 argentum
3204 2472 3273 2512 ex
3305 2468 3468 2529 pacto

1870 2561 2287 2622 congregantes,
2341 2552 2734 2622 hominumque
2794 2551 3048 2606 manibus
3097 2551 3240 2627 idola
3298 2550 3468 2606 fabri-

1873 2654 2061 2700 cantes
2090 2663 2101 2697 :
2128 2660 2249 2715 qua:
2300 2646 2532 2699 adorare
2566 2659 2672 2700 non
2722 2644 3082 2711 erubescitis;
3115 2661 3241 2697 eum
3284 2655 3464 2700 tamen

1873 2752 2049 2808 neque
2101 2736 2403 2802 ambulare,
2466 2750 2643 2805 neque
2683 2749 2745 2790 se
2783 2735 2903 2791 loco
2942 2750 3165 2790 movere
3207 2735 3425 2790 valeant
3450 2778 3464 2802 ,

1872 2829 1969 2884 sed
1998 2828 2245 2884 humeris
2286 2836 2589 2900 gestentur,
2621 2836 2678 2883 et
2709 2827 2779 2882 ab
2830 2827 2952 2881 aliis
3002 2836 3271 2898 agantur;
3306 2828 3378 2882 ita
3409 2840 3468 2883 ut

1874 2935 2051 2991 neque
2080 2921 2324 2985 audiant,
2376 2936 2553 2991 neque
2582 2906 2708 2975 sese
2747 2920 2890 2974 tueri
2940 2921 3173 2989 possint.
3234 2919 3329 2975 llis
3381 2937 3473 2977 me

1875 3028 2091 3084 quoque
2124 3012 2355 3069 similem
2396 3026 2517 3068 esse
2543 3011 2859 3084 fcegitastis,
2889 3020 3079 3083 utpote
3123 3014 3322 3069 animis
3367 3014 3472 3071 ob-

199 3115 412 3181 τούτοις
441 3117 632 3188 ὅμοιον
660 3118 804 3189 κάμὲ
838 3114 979 3174 εἶναι
1005 3119 1324 3189 ἐλογίσασθε
1348 3160 1365 3186 ,
1415 3119 1492 3185 ὡς
1536 3120 1636 3186 τὰς
1666 3121 1771 3192 ψυ-
1799 3158 1843 3219 c
1876 3106 2088 3163 εεοείί-

198 3210 291 3280 κάς
316 3212 729 3283 πεπηρωμένοι-

268 3322 287 3355 (
324 3304 623 3376 Μνήσθητε
647 3304 842 3367 ταῦτα,
864 3306 958 3359 καὶ
969 3306 1282 3374 στενάξατε.
1300 3309 1704 3379 Μετανοήσατε,
1722 3312 1771 3363 oi

200 3396 437 3467 πεπλανη
448 3397 601 3468 μένοι
616 3414 629 3428 ³
654 3400 1018 3471 ἐπιστρέψατε
1037 3402 1104 3471 τῇ
1125 3400 1343 3473 καρδία,
1372 3402 1466 3455 καὶ
1497 3402 1772 3473 μνήσθητε

200 3486 262 3541 τά
279 3489 637 3560 πρότεραάπὺ
663 3490 757 3545 τοῦ
773 3491 988 3556 αίῶνοςο
1010 3493 1093 3545 ὅτι
1120 3493 1232 3561 ἐγώ
1258 3495 1373 3564 εἰμι
1394 3496 1423 3547 ὁ
1458 3494 1592 3557 Θεὸς
1612 3534 1627 3558 ,
1677 3495 1773 3548 καὶ

198 3579 291 3631 οὐκ
316 3579 464 3633 ἐστιν
495 3579 581 3634 ἔτι
633 3580 774 3653 πλὴν
812 3581 948 3653 ἐμοῦ
970 3599 983 3613 ·
1018 3584 1367 3652 ἀναγγέλλων
1402 3584 1668 3657 πρότερον
1704 3584 1775 3638 τά

200 3668 392 3741 ισχατα
412 3672 546 3744 πρὶν
562 3672 945 3741 γενέσθαι·καὶ
958 3674 1074 3746 ἅμα
1086 3676 1461 3748 συνετελέσθη.
1487 3696 1506 3728 ι
1532 3677 1706 3731 Τοῦτο
1716 3678 1774 3731 δὲ

207 3778 452 3833 μεγιστον
461 3762 775 3835 ἀνθρώποις
789 3764 1087 3837 μαρτύριον
1096 3765 1184 3818 διὰ
1196 3766 1304 3820 τῶν
1317 3766 1556 3836 ἐμαυτοῦ
1570 3783 1777 3837 προφη-

203 3853 303 3909 τῶν
340 3855 794 3928 ¹ιιιαρεστησάμην,
831 3854 902 3910 τά
948 3856 1210 3927 μέλλοντα
1255 3856 1542 3921 θεσπίσας,
1578 3859 1672 3911 καὶ
1707 3857 1773 3911 τὰ

206 3951 427 4019 μακροῖς
450 3948 682 4019 ὕστερον
704 3949 915 4020 χρόνοις
934 3948 1276 4020 γενησόμενα
1299 3949 1488 4003 εἰπών’
1512 3948 1550 4004 ἃ
1581 3950 1675 4003 καὶ
1706 3951 1773 4003 δι’

202 4034 367 4109 ῑργων
393 4037 700 4105 ἐξετέλεσα.
727 4057 746 4090 ι
763 4039 875 4093 Καὶ
884 4034 1033 4092 εἶπα·
1052 4040 1253 4110 Πᾶσαή
1270 4040 1430 4112 βουλὴ
1465 4056 1567 4111 μου
1584 4040 1775 4111 στήσε-

199 4146 281 4183 ται
304 4170 321 4195 ,
346 4132 442 4184 καὶ
457 4132 641 4186 πάντα
660 4132 761 4186 ὅσα
791 4129 1149 4203 βεϐούλευμαι
1170 4133 1396 4203 ποιήσω.
1432 4152 1449 4183 ι
1478 4132 1589 4186 Καὶ
1617 4128 1775 4195 αὖθις

201 4214 490 4269 ἐπιτελὲσω
540 4218 654 4280 τοῖς
686 4213 897 4269 ἐπιοῦσι
946 4217 1177 4287 χρόνοις.
1210 4217 1319 4269 Καὶ
1349 4217 1529 4270 πάντα
1556 4219 1655 4270 ὅσα
1684 4216 1774 4287 βε-

202 4305 486 4379 ϐούλευμαι
533 4310 628 4363 καὶ
667 4307 843 4381 ὥρισα
871 4349 887 4373 ,
941 4310 1227 4381 ἀραρότως
1255 4312 1585 4379 γενήσεται,
1638 4308 1773 4380 ἐμοῦ

203 4397 343 4461 τέλος
364 4399 731 4470 ἐπιθὴσαντος
755 4404 869 4463 τοῖς
898 4400 1138 4471 ἐμαυτοῦ
1167 4400 1345 4470 λόγοις
1369 4417 1380 4429 ·
1415 4402 1503 4454 ὅτε
1531 4401 1627 4454 καὶ
1658 4400 1775 4472 βού-

1947 3290 2113 3345 Vitas.
2145 3288 2302 3344 8-10.
2339 3308 2357 3341 ι
2397 3286 2726 3344 Mementote
2753 3286 3005 3354 istorum,
3025 3296 3082 3343 et
3109 3286 3467 3358 ingemiscite.

1876 3382 2261 3438 Paenitentiam
2308 3382 2454 3452 agite
2479 3380 2572 3449 qui
2602 3379 2819 3435 erratis.
2862 3378 3256 3435 Convertimini
3282 3381 3470 3447 corde,

1876 3488 1928 3529 et
1958 3484 2292 3531 mementote
2344 3474 2588 3544 priorum
2647 3486 2677 3525 a
2727 3471 2973 3527 saeculo:
3011 3472 3139 3542 quia
3190 3486 3292 3541 ego
3344 3487 3468 3527 sum

1876 3568 2037 3631 Deus.
2056 3576 2113 3622 et
2138 3581 2245 3621 non
2263 3576 2346 3621 est
2370 3564 2510 3620 alius
2544 3572 2743 3635 praeter
2772 3579 2861 3619 me
2884 3581 2899 3618 :
2926 3564 3257 3619 annuntians
3283 3565 3469 3621 novis-

1876 3662 2012 3715 sima
2052 3668 2343 3729 antequam
2396 3658 2543 3723 sint;
2586 3667 2643 3712 et
2684 3655 2843 3712 simul
2888 3655 3255 3726 complentur.
3296 3674 3318 3708 ι
3354 3654 3471 3711 Iloc

1883 3752 2178 3806 maximum
2243 3750 2554 3805 hominibus
2608 3748 2978 3805 testimonium
3030 3760 3128 3818 per
3172 3748 3470 3817 prophetas

1879 3857 2031 3897 meos
2063 3842 2290 3910 praebui,
2350 3858 2473 3898 cum
2509 3841 2689 3896 futura
2726 3840 3051 3896 vaticinatus
3082 3855 3223 3903 sum,
3254 3849 3312 3895 et
3344 3855 3472 3911 qua

1878 3936 2150 3992 diuturnis
2189 3945 2378 4006 postea
2408 3934 2746 4003 temporibus
2771 3942 3001 3990 ventura
3031 3943 3192 3990 erunt
3215 3934 3469 4004 praedixi,

1879 4029 2502 4097 etoperibusexseeutus
2524 4044 2667 4082 sum.
2688 4046 2706 4080 ι
2734 4027 2798 4082 Et
2821 4027 2953 4093 dixi,
2978 4025 3151 4083 Omne
3175 4025 3465 4082 consilium

1880 4137 2059 4177 meum
2092 4121 2281 4187 stabit,
2311 4131 2367 4176 et
2398 4120 2581 4176 omnia
2630 4133 2971 4188 quaecunque
3037 4109 3333 4174 deliberavi
3381 4117 3467 4173 fa-

1878 4212 2038 4280 ciam;
2079 4231 2098 4266 ι
2125 4224 2289 4283 atque
2328 4212 2525 4267 iterum
2549 4227 2613 4267 ea
2642 4211 2928 4281 complebo
2948 4211 3000 4266 in
3034 4211 3229 4267 futuris
3260 4220 3471 4283 tempo-

1881 4304 2061 4372 ribus;
2111 4316 2167 4360 et
2206 4319 2541 4375 quaecunque
2595 4303 2893 4360 deliberavi
2944 4319 3008 4359 ac
3054 4303 3299 4371 decrevi,
3341 4318 3468 4358 con-

1879 4408 2137 4471 gruenter
2167 4399 2438 4464 evenient,
2468 4413 2556 4453 me
2584 4396 2749 4451 dictis
2776 4396 2912 4451 meis
2940 4397 3100 4450 linem
3139 4404 3193 4451 et
3222 4394 3463 4464 comple-

204 4488 354 4560 λομαι
377 4529 393 4552 ,
446 4490 541 4544 διὰ
570 4490 667 4545 τοῦ
706 4492 891 4545 καλεῖν
934 4493 1061 4555 τοὺς
1108 4492 1348 4563 ἐμαυτοῦ
1376 4492 1652 4563 ὑπηρέτας
1700 4493 1769 4546 δι’

1881 4502 2119 4545 mentum
2147 4500 2415 4546 statuente
2438 4510 2450 4545 :
2476 4492 2637 4559 idque
2656 4505 2765 4559 quo
2785 4499 3032 4558 tempore
3078 4488 3309 4551 lubebit.
3336 4502 3468 4543 evo-

205 4580 354 4653 ἁέρος
382 4581 717 4652 φερομένους
746 4581 949 4653 ὀρνέων
976 4582 1071 4635 καὶ
1102 4582 1368 4636 πετεινῶν
1405 4582 1561 4653 δίκην
1582 4598 1595 4611 ο
1627 4583 1770 4652 λέγω

204 4667 263 4739 δὴ
291 4672 388 4733 τάς
412 4669 715 4738 ἀγγελικὰς
740 4671 996 4741 δυνάμεις
1018 4673 1112 4725 καὶ
1141 4672 1210 4727 τά
1235 4672 1583 4743 λειτουργικὰ
1612 4674 1775 4727 πνεύ-

210 4776 341 4827 ματα
368 4760 436 4815 τὰ
464 4763 548 4825 εἰς
572 4761 848 4816 διακονίαν
875 4763 1335 4835 ἀποστελλόμενα.

275 4905 292 4937 ι
328 4887 525 4943 Καλῶν
575 4886 685 4941 ἀπὸ
735 4887 1007 4941 ἀνατολῶν
1044 4889 1323 4951 πετεινὺν,
1382 4891 1476 4942 καὶ
1525 4891 1633 4944 ἀπὸ
1674 4890 1777 4961 γῆς

209 4977 477 5050 πόρρωθεν
500 4996 513 5007 ·
555 4977 685 5050 περὶ
706 4970 783 5031 ὧν
817 4977 1177 5050 βεϐούλευμαι
1207 4979 1479 5050 ἐλάλησα·
1513 4980 1607 5032 καὶ
1638 4980 1776 5050 ἠγα-

209 5085 313 5136 γον,
350 5070 540 5123 ἐκτισα
576 5068 669 5121 καὶ
694 5070 954 5140 ἐποίησα.
996 5070 1241 5139 Ἤγαγον
1272 5070 1435 5124 αὐτὸν
1456 5114 1471 5134 ,
1507 5071 1601 5124 καὶ
1642 5070 1780 5125 εύώ-

208 5161 344 5216 δωσα
406 5164 505 5235 τὴν
543 5160 661 5216 ὁδὸν
705 5161 891 5215 αὐτοῦ.
937 5162 1229 5217 Ἀκούσατέ
1260 5181 1383 5233 μου,
1422 5165 1471 5216 οί
1502 5163 1776 5217 ἀπολωλε-

211 5252 354 5314 κότες
378 5253 474 5325 τὴν
503 5252 755 5323 καρδίαν,
796 5254 847 5304 οί
878 5251 1092 5323 μακρὰν
1122 5253 1231 5305 ἀπὸ
1265 5253 1363 5322 τῆς
1402 5252 1771 5323 δικαιοσύνης.

216 5341 441 5410 Ἥγγισα
466 5342 569 5412 τὴν
594 5342 939 5413 δικαιοσύνην
974 5359 1096 5411 μου,
1131 5344 1224 5395 καὶ
1247 5345 1347 5412 τὴν
1376 5344 1647 5413 σωτηρίαν
1672 5344 1772 5414 τὴν

212 5436 328 5503 παρ’
352 5434 487 5504 ἐμοῦ
502 5435 567 5487 οὗ
596 5432 860 5503 βραδυνῶ.
891 5432 1109 5487 Δέδωκα
1141 5436 1200 5485 ἐν
1225 5434 1360 5486 Σιὼν
1390 5436 1662 5504 σωτηρίαν
1695 5434 1773 5505 τῷ

222 5521 426 5595 Ἰσραὴλ
455 5528 535 5588 είς
554 5524 822 5595 δόξασμα.
868 5544 886 5575 ι

708 5637 1099 5690 ΚΕΦΑΛΑΙΟΝ
1132 5638 1260 5691 ΜΖ’.

283 5763 296 5793 ι
335 5744 644 5815 Κατάδηθι,
690 5746 910 5800 κάθισον
945 5749 1036 5800 ἐπὶ
1067 5749 1164 5817 τὴν
1196 5748 1319 5817 γῆν,
1376 5748 1636 5819 παρθένος
1678 5747 1771 5799 θυ-

1882 4597 2013 4639 cans
2062 4585 2338 4638 ministros
2370 4598 2539 4645 meos,
2593 4583 2684 4652 qui
2736 4582 2919 4635 avium
2963 4580 3352 4651 volucrumque
3384 4580 3467 4632 in-

1881 4686 1996 4731 star
2025 4690 2121 4743 per
2153 4691 2333 4731 aerem
2392 4674 2673 4735 feruntur;
2735 4672 3008 4742 angelicas
3042 4672 3168 4726 dico
3214 4672 3462 4730 virtutes,

1879 4765 2445 4835 etadministratorios
2466 4764 2689 4834 spiritus
2716 4805 2731 4829 ,
2768 4764 2821 4818 in
2853 4764 3211 4818 ministerium
3244 4762 3413 4817 misso
3447 4802 3462 4816 .

1950 4878 2117 4935 Vens.
2144 4880 2333 4933 Il-II’).
2371 4900 2388 4929 ι
2428 4880 2638 4933 Vocaus
2673 4880 2741 4931 ab
2768 4879 2982 4933 oriente
3010 4877 3309 4941 volucrem,
3342 4886 3397 4931 et
3434 4894 3463 4929 a

1882 4982 2024 5026 terra
2056 4973 2369 5043 longinqua,
2394 4972 2459 5027 de
2485 4972 2683 5042 quibus
2722 4969 3015 5025 deliberavi
3058 4969 3270 5024 locutus
3296 4984 3413 5022 sum
3448 4986 3462 5023 :

1880 5076 1935 5117 et
1963 5067 2183 5129 adduxi,
2222 5067 2401 5120 crcavi
2432 5075 2485 5119 et
2516 5065 2640 5119 feci.
2680 5064 2813 5117 Duxi
2859 5077 3006 5125 eum,
3049 5071 3105 5116 et
3142 5076 3461 5130 prosperum

1883 5158 1980 5211 feci
2016 5159 2119 5212 iter
2150 5159 2285 5225 ejus.
2345 5160 2541 5213 Audite
2596 5173 2682 5212 me
2706 5156 2796 5225 qui
2857 5154 3097 5225 periistis
3145 5156 3331 5216 corde,
3369 5155 3459 5222 qui

1882 5250 2037 5318 longe
2072 5251 2205 5305 estis
2235 5266 2261 5301 a
2291 5250 2518 5320 iustitia.
2561 5249 2793 5303 Admovi
2839 5248 3107 5317 justitiam
3162 5262 3360 5309 meam,
3406 5258 3460 5299 et

1877 5344 2129 5407 salutem,
2159 5358 2278 5411 qua:
2305 5359 2333 5396 a
2364 5359 2446 5397 me
2468 5353 2571 5407 est,
2602 5359 2706 5395 non
2733 5341 2948 5395 tardare
2979 5340 3196 5393 faciam.
3239 5338 3365 5391 Dedi
3400 5338 3451 5391 in

1878 5437 2005 5490 Sion
2042 5436 2267 5490 salutem
2301 5436 2484 5490 Israeli
2526 5438 2577 5487 in
2606 5433 2853 5504 gloriam.
2904 5451 2922 5483 ι

2426 5637 2655 5693 CAPUT
2716 5635 2921 5690 XLVII.

1953 5751 2113 5805 Vens.
2148 5752 2246 5802 1.:
2280 5751 2575 5810 Descende.
2617 5752 2746 5807 sede
2796 5766 2958 5822 Super
3019 5759 3245 5807 terram.
3305 5748 3459 5817 virgo
