4128 6294
628 348 733 404 ηδ

1295 343 1564 402 EUSEBII
1602 336 2073 404 CESARIENSIS
2110 338 2256 395 OPP.
2300 337 2480 394 PARS
2520 337 2609 394 III.
2649 369 2716 378 —
2755 335 3167 394 EXEGETICA.

3751 330 3860 384 εει

623 467 730 523 lilia
768 465 1071 536 Babylonis.
1112 483 1130 517 ι
1163 463 1263 519 Hic
1291 480 1389 520 ceu
1426 476 1712 536 personam
1762 464 2046 534 quamdam
2098 476 2177 517 re-

2287 461 2465 529 γάτηρ
2491 457 2824 522 Βαϐυλῶνος.
2867 475 2886 508 ι
2927 453 3429 528 Προσωποποιεῖται
3455 452 3514 506 δὲ
3555 452 3614 506 ἓν
3646 451 3865 522 τούτοις,

620 575 781 629 gnum
808 573 995 613 eorum
1028 557 1335 621 alloquitur,
1372 556 1711 626 quodetiam
1763 555 1924 608 llliam
1964 553 2177 624 Babylo-

2289 550 2386 620 τὴν
2430 548 2706 620 βασιλείαν
2757 549 2956 612 αὐτῶν,
3000 544 3275 616 θυγατέρα
3311 545 3626 610 Βαϐυλῶνος
3658 547 3862 619 ὀνομάρ

622 651 707 705 nis
730 659 929 704 vocat:
965 648 1222 718 virginem
1275 649 1401 700 item
1445 656 1627 710 vocat,
1666 646 1809 716 quod
1855 646 2077 715 virginis
2105 647 2187 699 in-

620 751 754 805 star,
790 740 1121 794 ornamentis
1147 749 1201 793 et
1226 739 1419 793 decore
1453 737 1675 806 fulgeat,
1713 736 2188 808 velitquejnvenis

619 839 674 885 et
712 831 886 900 puella
931 829 1097 884 videri
1153 843 1215 882 ac
1265 829 1588 883 existimari.
1647 828 1782 882 Hinc
1821 843 1963 892 eam,
2000 843 2096 882 ceu
2134 828 2185 882 in

621 921 834 976 sublimi
877 921 992 974 loco
1018 919 1315 984 sedentem,
1357 931 1579 987 surgere
1619 917 1772 985 jubet
1817 931 1881 971 ac
1901 917 1967 972 de
1992 917 2186 972 throno

619 1026 718 1066 suo
748 1009 1090 1072 descendere,
1125 1019 1288 1076 atque
1343 1009 1489 1061 humi
1537 1009 1755 1078 sedere,
1806 1022 1869 1062 ac
1902 1007 2188 1076 turpitudi-

619 1117 740 1156 nem
781 1100 1018 1155 revelare
1061 1115 1236 1169 suam,
1272 1113 1433 1169 quam
1475 1114 1542 1154 ex
1581 1097 1671 1152 illa
1714 1099 1769 1154 in
1800 1099 2038 1154 deterius
2069 1113 2187 1153 mu-

620 1192 820 1248 tatione
850 1193 1102 1260 patietur.

699 1387 852 1427 vns.
885 1372 941 1435 2,
974 1373 1028 1427 5.
1068 1389 1086 1424 ι
1123 1371 1260 1425 Sede
1292 1372 1345 1424 in
1395 1378 1562 1436 terra,
1614 1368 1721 1424 lilia
1754 1367 2126 1424 Chaldaeorum
2167 1382 2182 1420 :

618 1466 805 1535 accipe
837 1464 1055 1527 molam,
1085 1471 1138 1514 et
1170 1461 1309 1516 mole
1353 1458 1608 1517 farinam.
1647 1459 1846 1514 Revela
1879 1457 2184 1527 operimen-

620 1567 733 1610 tum
769 1565 938 1619 tuum,
970 1554 1156 1623 detege
1185 1567 1371 1616 canos,
1405 1552 1612 1606 denuda
1651 1551 1831 1614 tibias,
1891 1549 2056 1604 transl
2088 1545 2185 1600 Ilu-

617 1649 754 1703 vios.
789 1665 808 1699 ι
845 1645 1110 1714 Deposita,
1139 1642 1330 1713 inquit,
1367 1643 1508 1711 regia
1538 1641 1621 1695 illa
1659 1639 1954 1708 voluptate.
1977 1635 2186 1692 ancilla

619 1739 790 1793 instar
811 1751 1124 1791 erumnosa:
1145 1749 1211 1789 ac
1232 1733 1386 1789 mola:
1407 1731 1715 1794 servientis,
1741 1730 1806 1784 ad
1841 1726 2182 1783 serviendum

2285 639 2394 704 ζων
2423 641 2632 710 αὑτήν·
2669 639 2826 694 καλεῖ
2872 640 2931 694 δὲ
2970 638 3138 709 αὐτὴν
3173 638 3269 692 καὶ
3309 638 3610 710 παρθένον,
3661 638 3753 694 διά
3793 641 3856 694 τὲ

2285 730 2614 804 ὡραϊζεσθαι
2641 732 2737 785 καὶ
2771 728 3207 794 καλλωπίζεσθαι
3235 729 3508 801 παρθένου
3530 729 3704 800 δίκην,
3740 729 3855 800 βού-

2284 822 2466 876 λεσθαί
2491 840 2549 876 τε
2571 821 2860 891 φαίνεσθαι
2873 821 3020 886 νέαν,
3045 821 3139 874 καὶ
3166 821 3335 892 κόρην
3360 817 3497 875 εἶναι
3519 820 3854 892 νομίζεσθαι.

2283 909 2397 968 Εῑθ⁹
2427 913 2503 979 ὡς
2535 915 2593 967 ὲν
2627 913 2751 984 ὕψει
2776 913 3114 984 καθημένην,
3147 913 3497 984 διαναστῆναι
3519 913 3656 983 αὐτῇ
3693 928 3860 984 προσ-

2281 1005 2467 1059 τάττει
2491 1005 2589 1058 καὶ
2631 1003 2938 1074 καταϐῆναι
2984 1003 3094 1058 άπὺ
3131 1002 3226 1057 τοῦ
3276 1004 3476 1076 ἑαυτῆς
3499 1004 3710 1076 θρόνου,
3757 1004 3858 1058 καὶ

2283 1094 2612 1165 καθεσθῆναι
2645 1095 2739 1149 ἐπὶ
2773 1095 2872 1166 τῆς
2908 1094 3032 1165 γῆς,
3075 1093 3171 1147 καὶ
3199 1086 3516 1165 ἀποκρύψαι
3537 1095 3736 1165 ἑαυτῆς
3753 1094 3860 1168 τὴν

2282 1185 2683 1257 ἀσχημοσύνην,
2720 1186 2787 1259 ἢν
2801 1186 3045 1240 πείσεται
3075 1189 3137 1240 tat
3162 1186 3260 1258 τῆς
3286 1187 3379 1240 ἐπὶ
3407 1186 3470 1240 τὸ
3489 1190 3668 1259 χεῖρον
3689 1204 3861 1259 μετα-

2283 1277 2444 1349 ϐολῆς

2359 1388 2377 1420 ι
2413 1366 2650 1421 Κάθισον
2678 1368 2760 1430 είς
2795 1364 2895 1436 τὴν
2944 1365 3066 1438 γῆν,
3109 1364 3346 1436 θύγατερ
3371 1363 3650 1418 Χαλδαίων
3680 1382 3694 1395 ο
3720 1363 3855 1420 λάϐε

2286 1459 2468 1530 μύλον,
2518 1458 2710 1514 diem
2765 1456 3010 1529 ἄλευρον.
3081 1456 3449 1526 ’Δποκάλυψαι
3490 1455 3552 1509 τὺ
3611 1453 3856 1509 κατακά-

2282 1551 2471 1622 λυμμά
2503 1567 2622 1611 σου,
2667 1547 3008 1618 άνακάλυψαι
3059 1548 3157 1612 τὰς
3215 1546 3427 1612 πολιάς,
3479 1545 3720 1619 ἀνάσυρε
3751 1546 3854 1613 τὰς

2283 1643 2514 1713 κνήμας,
2544 1639 2758 1711 διάϐηθι
2779 1638 3072 1711 ποταμούς.
3111 1657 3130 1690 ι
3167 1637 3520 1710 ’Δποθεμένψ
3556 1638 3717 1710 φησὶ,
3749 1637 3854 1710 τὴν

2285 1732 2568 1803 βασιλικὴν
2612 1732 2828 1802 εκείνην
2863 1730 3076 1802 τρυφὴν
3096 1769 3111 1793 ,
3151 1729 3488 1802 θεραπαίνης
3517 1731 3715 1801 τρόπον
3747 1746 3851 1784 παι-

617 1829 851 1884 dominia
885 1829 987 1882 tuis
1020 1836 1072 1880 te
1116 1834 1396 1894 apparata.
1453 1823 1796 1889 Acceptaque
1843 1817 2004 1879 mola,
2035 1815 2177 1870 mole

2278 1819 2545 1884 κοπαθοῦς
2565 1837 2709 1884 τινος
2735 1820 2828 1874 καὶ
2852 1818 3184 1890 μυλωθρίδος
3209 1818 3624 1893 παρασκεύασον
3648 1818 3852 1888 σεαυτῇ

618 1921 712 1985 ibi,
743 1919 846 1975 bac
878 1920 1008 1974 dura
1030 1927 1084 1973 et
1106 1917 1370 1972 laboriosa
1409 1912 1669 1970 servitute
1691 1925 1810 1965 cum
1840 1907 2062 1978 pristina
2089 1921 2184 1961 vo-

619 2015 825 2084 luptate
853 2018 1296 2067 commutata.....

686 2274 853 2331 Vsus.
888 2271 942 2331 ϐ.
984 2289 1002 2325 ι
1034 2271 1208 2328 Iratus
1256 2285 1375 2325 sum
1437 2279 1624 2324 contra
1673 2269 1925 2338 populum
1978 2280 2178 2331 meum,

618 2365 998 2421 contaminasti
1051 2363 1420 2418 baereditatem
1448 2375 1641 2415 meam.
1698 2359 1807 2429 Ego
1846 2356 1964 2412 dedi
2011 2369 2106 2410 eos
2127 2355 2180 2410 in

619 2473 835 2514 manum
891 2466 1035 2510 tuam
1065 2471 1081 2510 :
1112 2465 1167 2509 tu
1198 2467 1329 2509 vero
1363 2466 1469 2507 non
1509 2449 1698 2505 dedisti
1748 2449 1828 2502 eis
1877 2445 2181 2501 misericor-

617 2552 784 2606 diam.
822 2568 843 2603 ›
875 2547 1004 2603 Bac
1043 2548 1239 2617 quippe
1271 2554 1401 2601 erat
1431 2541 1709 2612 disciplina
1759 2549 1871 2606 tua,
1910 2551 2015 2608 qua
2056 2551 2182 2592 eru-

619 2643 855 2698 diebaris
879 2655 910 2694 a
945 2639 1210 2710 principio
1247 2635 1526 2706 temporis,
1554 2642 1608 2688 et
1632 2647 1661 2687 a
1682 2631 1966 2702 iuventute
1995 2643 2175 2684 tua....

1147 2789 1375 2846 CAPUT
1409 2786 1615 2843 XLVIII

685 2904 848 2960 Vens.
887 2905 942 2969 I,
969 2903 1026 2958 2.
1059 2922 1078 2955 ι
1113 2902 1309 2958 Audite
1345 2901 1481 2966 hac,
1521 2902 1714 2954 domus
1744 2896 1934 2961 Jacob,
1959 2895 2053 2966 qui
2081 2908 2177 2948 vo-

617 2996 812 3052 carnini
842 2995 1060 3049 nomine
1089 2992 1255 3046 Israel
1275 3032 1290 3056 ,
1335 3000 1386 3044 et
1437 2989 1628 3044 existis
1653 3002 1718 3042 ex
1742 2987 1883 3042 Iuda
1906 3027 1920 3047 .
1949 2985 2041 3054 qui
2088 2985 2176 3056 ju-

618 3087 753 3143 ratis
777 3086 831 3141 in
859 3086 1080 3140 nomine
1104 3083 1316 3137 Domini
1347 3082 1442 3136 Dei
1486 3078 1651 3136 Israel
1672 3121 1688 3147 ,
1715 3078 1812 3149 qui
1854 3075 2180 3132 recordami-

2280 1912 2548 1966 δουλεύειν
2589 1915 2700 1974 τοῖς
2748 1911 2950 1982 ἑαυτῆς
2977 1911 3284 1975 δεσπόταις.
3317 1909 3496 1964 atko
3520 1907 3718 1981 δηλαδὴ
3755 1925 3856 1961 u-

2281 2005 2470 2068 ϐοὖσα,
2512 2007 2572 2059 ὲν
2620 1995 2770 2076 αὑτῷ
2799 2002 3013 2068 άλεσον,
3045 2001 3143 2074 τὴν
3198 2001 3442 2074 σκληρὰν
3485 2000 3712 2072 ταύτην,
3759 2015 3859 2054 και

2282 2097 2540 2150 ἐπίπονον
2569 2095 2811 2167 θητείαν,
2841 2095 2940 2166 τῆς
2969 2094 3135 2149 πάλαι
3165 2096 3376 2166 τρυφῆς
3402 2087 3861 2160 ἀντικαταλλαξορ

2285 2189 2496 2259 μένη...

2356 2297 2374 2329 ι
2413 2278 2776 2350 Παρωξύνθην
2810 2278 2902 2331 ἐπὶ
2925 2275 3003 2346 τῷ
3032 2275 3147 2347 λαῷ
3175 2292 3300 2347 μου,
3340 2275 3569 2346 ἐμίανας
3593 2275 3694 2346 τὴν
3719 2275 3857 2347 πιλη-

2281 2371 2536 2441 ρονομίαν
2562 2387 2683 2440 μου.
2722 2366 2863 2438 Ἐγὼ
2880 2367 3056 2422 ἔδωκα
3075 2367 3271 2431 αὐτοὺς
3297 2367 3378 2430 είς
3402 2367 3501 2440 τὴν
3525 2367 3684 2439 χεῖρά
3713 2383 3806 2422 σου
3837 2381 3852 2396 ⁸

2282 2462 2346 2515 σὺ
2373 2461 2429 2514 δὲ
2457 2461 2556 2514 οὐκ
2588 2461 2796 2524 ἔδωκας
2817 2461 3002 2523 αὐτοῖς
3040 2459 3206 2522 ελεος.
3247 2477 3265 2510 ι
3311 2457 3499 2512 Ταῦτα
3522 2460 3632 2530 γάρ
3662 2457 3755 2512 σοῦ
3781 2452 3857 2531 ἧν

2277 2549 2346 2602 τὰ
2369 2548 2684 2620 μαθήματα,
2717 2548 2752 2604 ἃ
2782 2547 3082 2622 ὶμάνθανες
3115 2548 3175 2613 ἐξ
3202 2547 3378 2620 ἀρχῆς
3408 2549 3637 2622 χρόνων,
3666 2548 3764 2603 καὶ
3785 2550 3856 2603 ιη

2277 2637 2527 2709 νεότητός
2563 2655 2726 2692 σου...

2780 2794 3177 2850 ΚΕΦΔΛΔῙΟΝ
3205 2797 3344 2851 MH'.

2353 2920 2373 2954 ι
2422 2903 2714 2958 Ἀκούσατε
2751 2905 2944 2972 ταῦτα,
2982 2903 3129 2972 οἶκος
3189 2906 3404 2972 Ἰακὼϐ,
3436 2909 3486 2961 οί
3524 2907 3856 2980 κεκλημένοι

2278 2994 2372 3048 ἐπὶ
2414 2995 2494 3066 τῷ
2539 2996 2760 3069 ὀνόματι
2818 2999 3052 3072 Ἰσραὴλ,
3087 3000 3182 3053 καὶ
3216 3000 3275 3066 ἐξ
3317 3001 3485 3055 Ἰούδα
3520 2999 3856 3068 ἐξελθόντες,

2279 3086 2330 3137 οί
2361 3086 2657 3155 ὀμνύοντες
2703 3088 2780 3158 τῷ
2811 3089 3036 3160 ὀνόματι
3065 3090 3267 3161 Κυρίου
3299 3090 3436 3144 Θεοῦ
3485 3091 3721 3163 Ἰσραὴλ,
3756 3109 3856 3164 μι-

618 3179 673 3233 ni
699 3217 716 3244 ,
741 3192 846 3232 non
876 3190 998 3231 cum
1030 3175 1276 3238 veritate,
1308 3185 1480 3240 neque
1517 3186 1640 3226 cum
1669 3169 1879 3239 justitia
1909 3187 1923 3223 :
1959 3168 2050 3238 qui
2084 3166 2177 3222 ad-

2282 3150 2646 3247 μνησκόμενοι
2677 3150 3215 3251 οὐ’μετ”άληθείας,
3261 3181 3381 3235 οὐδὲ
3414 3150 3824 3254 pacabat-artos}
3854 3221 3858 3223 ›

619 3269 836 3323 lneretis
885 3264 1086 3321 nomini
1144 3263 1380 3318 civitatis
1412 3268 1654 3319 sanctae.
1705 3268 1760 3314 et
1803 3271 1965 3327 super
2008 3257 2175 3312 Deum

615 3358 780 3414 Israel
824 3356 1156 3413 constabiliti
1187 3355 1320 3410 estis
1351 3372 1365 3409 :
1400 3353 1662 3407 Dominus
1709 3349 1947 3405 Sabaoth
1978 3363 2174 3404 nomen

616 3450 712 3506 illi.
748 3468 767 3503 ι
805 3449 1095 3520 Postquam
1139 3461 1202 3501 ca
1229 3460 1349 3515 qua:
1378 3442 1632 3513 Babyloni
1660 3480 1677 3506 ,
1718 3456 1783 3496 ac
1814 3440 2006 3495 incolis
2036 3439 2176 3508 regi-

615 3545 823 3612 busque
847 3541 966 3610 eius
993 3551 1256 3594 eventura
1279 3546 1405 3592 sunt
1434 3531 1819 3606 praenuntiavit
1843 3568 1860 3594 ,
1889 3528 2174 3584 Judalcum

615 3634 868 3704 populum
909 3631 1205 3703 praemissis
1235 3628 1414 3684 verbis
1455 3627 1708 3696 coarguit
1750 3624 1937 3678 dicens
1972 3640 1986 3676 :
2021 3619 2174 3686 Quod

616 3738 780 3794 penes
803 3739 888 3779 me
910 3722 1124 3791 iustitia
1158 3722 1270 3787 sit,
1309 3720 1423 3773 haec
1468 3717 1736 3772 Cbaldmis
1769 3712 1996 3769 inferam
2019 3752 2036 3778 ,
2071 3725 2175 3766 non

615 3815 758 3886 quod
781 3825 836 3868 tu
873 3813 1079 3868 auxilio
1105 3813 1304 3882 dignus
1341 3811 1438 3866 sis.
1462 3809 1529 3864 Et
1550 3809 1663 3863 haec
1693 3807 1986 3878 praedicere
2012 3819 2176 3860 occu-

616 3907 735 3976 pavi
762 3944 778 3968 ,
805 3917 1090 3975 antequam
1144 3918 1230 3958 res
1262 3889 1938 3969 eveniant‘fprmscientia
1990 3897 2173 3952 divlna

615 3997 992 4063 vaticinatus;
1016 4005 1075 4049 ut
1097 4003 1381 4064 postquam
1423 3992 1490 4047 ad
1525 4005 1640 4046 rem
1673 4000 1727 4045 et
1773 3990 2056 4044 terminum
2083 3988 2170 4043 de-

617 4088 774 4142 ducta
807 4085 1008 4141 fuerint
1056 4099 1119 4140 ea
1145 4124 1161 4150 ,
1206 4099 1326 4153 qua:
1377 4094 1566 4138 contra
1609 4081 1889 4137 Chaldaeos
1920 4081 2174 4151 praedicta

617 4175 789 4241 fuere,
825 4190 894 4231 ne
922 4177 1114 4231 borum
1149 4187 1369 4230 causam
1397 4174 1464 4229 iis
1487 4213 1505 4240 ,
1529 4188 1667 4244 quos
1700 4176 1832 4230 deos
1868 4173 2171 4237 arbitraris,

615 4266 882 4321 aacribas.

686 4421 851 4478 Vna.
875 4422 984 4477 3-5.
1028 4439 1048 4474 ι
1084 4420 1272 4477 Priora
1296 4421 1474 4477 adhuc
1506 4422 1844 4487 annuntiavi,
1875 4432 1928 4477 et
1977 4437 2044 4477 es
2077 4437 2173 4478 ore

617 4527 740 4567 meo
764 4513 1043 4575 exierunt:
1058 4523 1114 4568 et
1145 4514 1391 4568 auditum
1426 4513 1624 4568 factum
1653 4524 1769 4570 est:
1797 4525 2017 4584 repente
2045 4514 2170 4580 feci,

616 4613 672 4658 et
695 4614 980 4658 venerunt.
1023 4604 1147 4658 Scio
1181 4606 1302 4672 quia
1329 4605 1497 4660 durus
1534 4620 1592 4659 es
1616 4643 1632 4670 ,
1662 4615 1716 4659 et
1743 4621 1939 4659 nervus
1965 4605 2175 4661 Ierreus

617 4693 811 4749 collum
841 4704 1012 4761 tuum,
1036 4705 1088 4749 et
1116 4695 1260 4749 l'rons
1290 4706 1377 4750 tua
1404 4711 1572 4753 :enea.
1620 4697 1682 4751 Et
1723 4698 2034 4751 annuntiavi
2074 4699 2172 4753 tibi

618 4794 819 4852 vetera,
851 4796 1141 4856 antequam
1178 4789 1396 4840 veniant
1440 4789 1491 4841 in
1525 4800 1593 4842 te.
1625 4789 1881 4844 Auditum
1915 4789 2012 4845 tibi
2043 4790 2168 4856 feci,

620 4891 685 4931 ne
714 4877 850 4931 forte
890 4878 1040 4933 dicas
1067 4920 1080 4941 ,
1129 4878 1407 4946 Sculptilia
1443 4888 1496 4932 et
1543 4879 1833 4934 conﬂatilis
1879 4881 2165 4936 mandave-

617 4978 743 5023 runt
772 4969 921 5022 mihi.
957 4988 975 5021 ι
1015 4968 1090 5023 Ne
1125 4970 1263 5026 forte
1303 4972 1463 5024 rebus
1503 4972 1878 5026 evenientibus
1906 5012 1920 5038 ,
1962 4981 2017 5026 te
2055 4974 2171 5042 ipse

621 5059 909 5126 decipiens,
938 5071 1092 5130 putes
1130 5077 1221 5115 eos
1266 5078 1400 5131 quos
1445 5065 1677 5116 errando
1705 5064 1834 5118 deos
1862 5065 2168 5132 arbitraris,

621 5149 732 5203 haec
777 5149 1039 5206 ell'ecisse.
1085 5140 1430 5208 Verum'hazc
1475 5155 1830 5223 praesclentiaa
1877 5173 2010 5213 mere
2061 5173 2167 5213 non

620 5238 814 5303 latent,
853 5251 904 5295 te
937 5258 1001 5296 ne
1042 5260 1106 5297 ex
1141 5245 1223 5298 his
1263 5247 1476 5312 quidem
1507 5248 1687 5301 verbis
1717 5251 1990 5319 quidpiam
2027 5252 2169 5305 utili-

621 5329 744 5383 tatis
809 5343 1182 5402 percepturum
1242 5350 1380 5388 esse.
1442 5337 1820 5392 Verumtamen
1883 5340 2166 5395 clementia

621 5432 792 5476 motus
823 5440 960 5489 inea,
991 5427 1150 5480 etiam
1177 5444 1317 5480 nunc
1348 5428 1632 5494 testilicor,
1666 5445 1728 5484 ac
1770 5434 2029 5486 annuntio
2077 5435 2170 5486 tibi

618 5524 701 5573 ea,
736 5528 851 5581 quae
873 5514 1119 5588 Babyloni
1145 5531 1197 5574 et
1220 5520 1479 5577 Chaldaeis
1510 5529 1563 5578 te
1586 5525 1979 5594 oppugnaturis
2008 5541 2171 5581 even-

621 5612 736 5658 tura
761 5623 904 5661 sunt.

2278 3285 2406 3339 νης-
2447 3271 2542 3323 καὶ
2585 3271 2932 3343 ἀντεχόμενοι
2976 3272 3055 3343 τῷ
3103 3274 3327 3342 ὀνόματι
3371 3275 3472 3345 τῆς
3503 3275 3711 3340 πόλεως
3751 3277 3856 3350 τῆς

2278 3360 2457 3427 ἁγίας,
2482 3363 2598 3421 ,καὶ
2645 3364 2738 3416 ἐπὶ
2777 3363 2856 3434 τῷ
2890 3364 3011 3435 Θεῷ
3055 3366 3272 3437 Ἰσραὴλ
3312 3366 3850 3440 άντιστηριζόμενοι*

2275 3451 2480 3521 Κύριος
2508 3452 2734 3506 Σαϐαὼθ
2774 3454 2946 3526 ϐνομα
2977 3455 3145 3528 αὐτῷ.
3187 3475 3207 3508 ι
3245 3457 3326 3511 Τὰ
3357 3459 3756 3531 ἐπελευσόμενα
3778 3463 3852 3534 τῇ

2275 3540 2572 3607 Βαϐυλῶνι,
2605 3545 2719 3605 τοῖς
2747 3560 2808 3596 τε
2841 3545 3120 3616 οίκήτορσι
3154 3546 3248 3601 καὶ
3293 3550 3406 3612 τοῖς
3439 3547 3716 3618 βασιλεῦσι
3747 3551 3854 3605 αὒ-

2273 3630 2369 3700 τῆς
2401 3632 2870 3703 προαναφωνήσας
2901 3635 2931 3686 ό
2956 3633 3134 3701 λόγος,
3176 3635 3269 3689 τὸν
3301 3636 3410 3691 τῶν
3445 3637 3712 3694 Ἰουδαίων
3740 3640 3856 3696 άπε-

2274 3719 2481 3789 ελέγχει
2521 3719 2646 3774 λαὸν
2683 3721 2773 3774 διὰ
2806 3723 2915 3776 τῶν
2947 3725 3321 3797 προκειμένων
3350 3727 3595 3797 φάσκων,
3637 3731 3721 3784 ὅτι
3760 3731 3855 3788 διὰ

2273 3808 2335 3862 τὸ
2370 3810 2501 3880 παρ’
2533 3810 2657 3880 ἐμοὶ
2694 3810 2901 3866 δίκαιον
2943 3814 3130 3878 ἑπάξω
3159 3816 3332 3870 ταῦτα
3374 3819 3514 3873 κατὰ
3553 3818 3662 3874 τῶν
3702 3821 3847 3876 Χαλ-

2273 3897 2457 3952 δαίωνδ
2481 3900 2542 3953 ού
2570 3901 2676 3972 μὴν
2699 3901 2784 3954 ὅτι
2815 3903 2880 3956 σὺ
2905 3901 3157 3974 βοηθείας
3175 3899 3319 3976 ἦσθα
3349 3905 3516 3972 ἄξιος.
3546 3909 3656 3964 Καὶ
3678 3910 3852 3966 ταῦτα

2275 3991 2560 4062 προλαϐὼν
2610 3995 2870 4064 προεῖπον
2920 3994 3049 4064 πρὶν
3099 3996 3352 4064 γενέσθαι
3403 3998 3474 4052 τὰ
3521 4000 3849 4072 πράγματα,

2274 4083 2578 4155 προγνώσει
2625 4083 2778 4157 θεῖκῇ
2827 4085 3119 4150 θεσπίσας’
3171 4088 3237 4142 ἵν’
3283 4091 3501 4146 ἐπειδάν
3545 4095 3626 4158 είς
3672 4095 3850 4168 πέρας

2273 4173 2434 4245 ἀχθῇ,
2462 4175 2556 4228 καὶ
2589 4174 2654 4229 δι’
2693 4174 2870 4248 ἔργων
2905 4179 3129 4252 χωρήσῃ
3158 4178 3228 4233 τά
3260 4184 3400 4236 κατὰ
3420 4181 3530 4236 τῶν
3561 4183 3848 4243 Χαλδαίων

2272 4264 2742 4405 ἔροὲξορευμένα,
2793 4265 2870 4336 μὴ
2915 4260 2998 4330 οἷς
3042 4267 3284 4338 νομίζεις
3329 4268 3470 4334 θεοῖς
3517 4270 3616 4342 τὴν
3665 4275 3850 4330 αίτίαν

2311 4369 2375 4405 να
2410 4369 2434 4404 ε
2461 4369 2546 4405 ης.

2311 4369 2546 4423 ναυειης.

2349 4457 2368 4491 ι
2407 4440 2487 4493 Τὰ
2514 4441 2758 4513 πρότερα
2784 4440 2863 4495 ἐτι
2895 4443 3210 4514 άνήγγειλα,
3238 4445 3332 4500 καὶ
3360 4447 3424 4500 ὲκ
3449 4446 3546 4500 τοῦ
3579 4449 3849 4521 στόματός

2280 4546 2378 4599 μου
2409 4528 2618 4600 ἐξῆλθε,
2649 4529 2742 4583 καὶ
2774 4531 3037 4584 ἀκουστὸν
3067 4532 3301 4600 ἐγένετοο
3336 4535 3562 4601 ἐξάπινα
3588 4538 3844 4611 ἑποίησα.

2276 4622 2370 4674 καὶ
2412 4621 2632 4691 ἐπῆλθε.
2666 4619 2942 4686 Γινώσκω,
2989 4623 3070 4676 ὅτι
3115 4624 3348 4697 σκληρὸς
3391 4622 3461 4692 εἴ,
3514 4629 3608 4683 καὶ
3649 4630 3844 4702 νεῦρον

2279 4712 2524 4782 σιδηροῦν
2551 4716 2580 4767 ό
2608 4715 2876 4787 τράχηλὸς
2905 4733 3021 4781 σου,
3066 4716 3160 4770 καὶ
3188 4716 3249 4769 τὸ
3291 4719 3538 4788 μέτωπόν
3582 4737 3676 4774 σου
3710 4722 3845 4792 χαλ-

2277 4799 2423 4856 κοῦν.
2450 4803 2561 4855 Καὶ
2582 4804 2880 4873 ἀνήγγειλά
2907 4821 2986 4878 σοι
3015 4805 3238 4870 παλαιά,
3275 4807 3402 4878 πρὶν
3431 4807 3603 4862 ἐλθεῖν
3630 4810 3724 4863 ἐπὶ
3749 4812 3808 4873 σέ
3824 4831 3844 4846 ο

2276 4891 2536 4946 άκουοτόν
2570 4910 2650 4947 σοι
2671 4894 2922 4966 ἐποίησα,
2952 4898 3157 4967 μήποτε
3189 4897 3348 4970 εῖπῃς
3370 4938 3385 4963 ,
3409 4901 3494 4953 ὅτι
3522 4901 3604 4955 Τὰ
3628 4902 3846 4970 γλυπτὰ

2273 4982 2365 5034 καὶ
2394 4981 2462 5035 τὰ
2489 4985 2730 5053 χωνευτά
2769 4985 3066 5040 ἐνετείλατό
3106 5005 3216 5058 μοι.
3250 5008 3267 5040 ι
3300 4990 3526 5061 Μήποτε
3554 4991 3661 5046 τῶν
3695 5011 3844 5067 πρα-

2271 5073 2494 5141 γμάτων
2525 5073 2876 5140 ὲπελθόντων,
2910 5078 3133 5133 ἀπατῶν
3164 5080 3376 5146 σαυτὸν,
3409 5082 3536 5146 τοὺς
3566 5083 3845 5156 πεπλανη-

2274 5162 2448 5232 μένως
2497 5165 2881 5237 νομιζομένους
2930 5185 3010 5222 σοι
3058 5169 3213 5235 θεοὺς
3260 5173 3656 5245 πεποιημένους
3697 5176 3843 5230 αὐτὰ

2269 5255 2566 5325 νομίσειας.
2620 5257 2765 5330 Πλὴν
2816 5262 2907 5313 καὶ
2955 5261 3112 5315 τοῦτο
3160 5263 3260 5334 τὴν
3300 5264 3440 5334 ἐμὴν
3475 5266 3536 5318 οὐ
3585 5265 3840 5322 λανθάνει

2271 5345 2597 5415 πρόγνωσιν,
2630 5349 2689 5401 τὸ
2723 5349 2844 5421 μηδ’
2891 5353 2955 5405 ὲκ
3000 5351 3202 5406 τούτων
3248 5353 3694 5428 ὠφεληθήσεσθαι
3725 5358 3841 5412 τῶν

2267 5435 2459 5504 λόγων,
2507 5437 2698 5509 Ὅμως
2730 5441 2774 5493 δ’
2805 5437 2899 5495 οὖν
2934 5443 3028 5496 ἐπὶ
3060 5444 3158 5515 μὲν
3197 5447 3260 5516 τῇ
3302 5446 3496 5501 ἑαυτοῦ
3527 5447 3840 5522 φιλανθρω-

2267 5529 2385 5599 πίᾳ,
2419 5527 2498 5582 ἔτι
2542 5531 2636 5582 καὶ
2682 5529 2776 5583 νῦν
2822 5533 3190 5607 μαρτύρομαι,
3233 5537 3326 5590 καὶ
3355 5536 3733 5612 διαστέλλομαί
3774 5557 3838 5596 σε

2265 5617 2333 5671 τὰ
2382 5620 2770 5692 συμϐησόμενα
2813 5626 2880 5693 τῇ
2926 5623 3204 5679 Βαϐυλῶνι
3253 5631 3347 5683 καὶ
3392 5633 3502 5694 τοῖς
3549 5631 3841 5700 Χαλδαίοις

2263 5711 2374 5773 τοῖς
2397 5710 2655 5780 μέλλουσί
2695 5731 2751 5766 σε
2783 5717 3052 5770 καταπολε
3063 5721 3202 5788 μεῖν.
