4128 6294
295 306 405 360 415

1190 312 1686 368 COMMENTABIA
1728 315 1791 369 IN
1832 315 2085 373 ISAIAM.
2128 347 2194 357 -—-
2234 319 2385 377 CAP.
2425 321 2657 377 XLVIII.

3436 329 3539 382 426

376 441 397 473 ι
441 423 732 478 Ἠκούσατε
778 427 971 486 πάντα,
1016 427 1107 478 καὶ
1144 426 1299 497 ὑμεῖς
1324 429 1423 481 οὐκ
1454 429 1675 497 ἔγνωτε.
1723 431 1854 482 Ἀλλ¹

2036 432 2199 487 \‘sns.
2233 433 2352 487 6—8.
2390 455 2409 486 ι
2454 436 2694 491 Audistis
2730 436 2935 500 omnia,
2991 446 3045 491 et
3078 452 3173 492 vos
3203 453 3309 493 non
3336 454 3539 512 cogno-

291 516 536 568 ἀκουστά
568 533 645 569 σοι
670 519 899 586 ἐποίησα
931 517 997 569 τά
1026 518 1185 570 καινά
1214 519 1322 573 ἀπὸ
1350 519 1443 573 τοῦ
1480 519 1594 582 νῦν,
1616 521 1651 573 ἃ
1685 520 1866 590 μέλλει

292 606 539 675 γίνεσθαι
560 625 571 636 ·
609 608 701 661 καὶ
725 608 823 660 οὐκ
852 606 1031 671 εἶπας,
1064 610 1176 662 Νῦν
1204 610 1430 678 γίνεται,
1457 610 1551 662 καὶ
1583 611 1643 662 ού
1678 610 1864 676 πάλαι,

294 700 393 752 καὶ
425 700 482 751 ού
516 700 805 770 προτέραις
837 699 1067 774 ἡμέραις
1102 702 1339 770 ἤκουσας
1365 704 1522 757 αὐτά.
1556 705 1646 774 Μὴ
1682 704 1863 773 εἴπης,

290 790 409 844 Ναὶ
454 792 697 859 γινώσκω
736 791 892 844 αὐτὰ.
935 772 1061 845 diu"
1111 793 1303 861 ἔγνως,
1346 794 1455 847 οὔτ’
1500 797 1732 865 ἠπίστω,
1772 796 1860 847 ὅτε

291 884 395 935 ἀπ’
422 886 593 953 ἀρχῆς
626 882 811 952 ήνοιξά
844 900 925 936 σοι
960 883 1025 936 τά
1058 878 1204 937 ὦτα·
1248 885 1417 953 ἔγνων
1458 886 1585 959 γάρ,
1629 888 1709 939 ὅτι
1743 888 1867 940 ἀθε-

289 975 406 1026 τῶν
436 974 731 1045 ἀθετήσεις.
764 975 856 1026 καὶ
884 975 1081 1045 ἄνομος
1111 974 1189 1027 ἔτι
1222 976 1285 1027 ἐκ
1312 977 1518 1040 κοιλίας
1542 977 1807 1049 κληθήσῃ.
1840 996 1858 1029 ο

289 1062 389 1132 Μὴ
431 1062 537 1133 γάρ
572 1059 763 1116 σαυτὸν
803 1063 986 1117 ἀπάτα
1009 1082 1021 1093 ·
1058 1065 1132 1135 μὴ
1169 1064 1316 1133 λέγε,
1351 1067 1432 1119 ὅτι
1478 1069 1569 1120 καὶ
1616 1068 1720 1135 πρὸ
1764 1069 1864 1139 τῆς

289 1154 436 1222 ἐμῆς
461 1154 791 1223 προφητείας
814 1155 1108 1221 ἐγίνωσκες
1140 1156 1279 1209 αὑτά
1295 1174 1307 1186 ·
1332 1156 1495 1211 πόθεν
1511 1160 1618 1229 γάρ
1635 1176 1715 1211 σοι
1734 1176 1865 1230 παρ-

285 1244 362 1314 ῆν
391 1243 559 1297 ταῦτα
594 1240 917 1312 γινώσκειν;
958 1246 1103 1314 Πλὴν
1130 1246 1278 1301 οὐδέν
1310 1264 1369 1301 σε
1404 1250 1469 1303 ὲκ
1496 1250 1697 1304 τούτων
1724 1249 1866 1320 ὡφε-

285 1334 621 1407 ληθήσεσθαι
650 1336 755 1390 τῶν
776 1337 949 1405 λόγων
977 1338 1300 1409 πέπεισμαι.

370 1554 389 1587 ι
430 1536 648 1589 Ἕνεκεν
683 1535 777 1589 τοῦ
808 1534 939 1607 ἐμοῦ
970 1536 1228 1607 ὀνόματος
1256 1535 1414 1604 δείξω
1462 1555 1543 1591 σοι
1572 1537 1662 1592 τὸν
1692 1536 1863 1610 θυμόν

289 1642 417 1694 μου,
448 1628 538 1680 καὶ
568 1628 633 1681 τὰ
666 1625 850 1692 ἔνδοξά
894 1644 992 1697 μου
1034 1627 1222 1691 ἐπάξω
1262 1629 1355 1681 ἐπὶ
1388 1629 1468 1693 σὲ,
1518 1631 1603 1682 ἵνα
1653 1631 1725 1701 μὴ
1778 1630 1863 1695 ἐξ·

283 1716 593 1791 ολοθρεύσω
627 1734 705 1770 σε.
738 1738 757 1770 ι
796 1719 982 1788 Ὅμως
1010 1718 1140 1787 γοῦν
1165 1720 1225 1771 οὐ
1256 1719 1342 1773 διά
1377 1721 1457 1785 σὲ,
1494 1721 1629 1774 ἀλλά
1656 1722 1742 1775 διά
1766 1723 1862 1793 τὴν

284 1810 525 1876 ἐμαυτοῦ
566 1810 967 1882 φιλανθρωπίαν
1012 1809 1258 1864 ἐντεῦθεν
1305 1812 1404 1883 ήδη
1452 1813 1547 1865 καὶ
1594 1817 1857 1884 προεῖπον

282 1901 385 1953 καί
412 1901 656 1965 ὲπὲδειξά
681 1918 763 1954 σοι
790 1902 854 1954 τά
896 1901 1177 1966 μέλλοντα,
1210 1903 1305 1955 καὶ
1332 1903 1421 1955 τὸν
1454 1903 1593 1956 κατά
1630 1902 1738 1956 τῶν
1765 1921 1860 1957 πο·-

279 1987 489 2058 λεμίων
523 1989 782 2059 μέλλοντα
803 1990 1010 2042 ἐπιέναι
1037 1990 1156 2043 ὖλεθ
1166 2008 1277 2063 ρον,
1306 1993 1621 2058 σπουδάζων
1645 1993 1732 2047 διὰ
1759 1994 1861 2047 πά-

285 2097 390 2152 σης
422 2081 744 2150 προφάσεως
779 2080 1012 2152 σωθῆναί
1041 2099 1122 2135 σε.

361 2189 380 2222 ι
428 2172 557 2224 Ἰδοὺ
588 2172 847 2242 πέπραχά
875 2187 933 2222 σε
961 2171 1057 2241 οὖχ
1095 2172 1278 2225 ’ἐνεκεν
1303 2174 1567 2243 ἀργυρίου
1594 2190 1608 2207 ⁸
1648 2174 1858 2242 ἐξειλά-

287 2263 475 2333 μηναδέ
506 2280 565 2315 σε
592 2265 655 2315 ὲκ
686 2263 915 2332 καμίνου
944 2265 1243 2334 πτωχείας·
1275 2265 1459 2319 ἕνεκεν
1492 2268 1626 2338 ἐμοῦ
1649 2271 1858 2339 ποιήσω

286 2371 392 2417 σοι,
426 2353 505 2407 ὅτι
548 2353 609 2406 τὸ
651 2354 781 2423 ἐμὸν
824 2353 992 2423 ὄνομα
1029 2354 1371 2425 βεϐηλοῦται,
1416 2357 1509 2410 καὶ
1558 2358 1655 2428 τὴν
1701 2359 1857 2425 δόξαν

285 2463 388 2515 μου
421 2445 591 2515 ἑτέρῳ
616 2447 673 2499 οὐ
708 2445 880 2502 δώσω.
916 2465 934 2497 ι
972 2448 1082 2517 Οὐχ
1103 2448 1287 2500 ἕνεκεν
1320 2450 1585 2519 ἀργυρίου
1618 2451 1856 2522 ἐπίπρα-

281 2531 412 2590 ὁκὸν
438 2553 525 2588 σε·
560 2536 644 2588 ἐπ’
676 2536 913 2607 ὠφελείᾳ
951 2537 1008 2591 δὲ
1041 2541 1107 2608 τῇ
1140 2542 1205 2609 σῇ
1240 2540 1333 2592 καὶ
1366 2540 1539 2592 ταῦτα
1570 2540 1854 2612 ἔπραττον,

279 2625 359 2688 ὡς
388 2626 454 2679 ἂν
500 2623 686 2677 τοῦτον
716 2626 1105 2697 σωφρονισθείη
1135 2628 1226 2681 τὸν
1267 2628 1497 2698 τρόπον·
1530 2631 1613 2683 ὃτι
1648 2630 1721 2701 μὴ
1752 2632 1852 2702 τὴν

278 2715 371 2769 om
407 2716 581 2783 λόγων
616 2717 708 2769 καὶ
738 2718 1107 2788 παραινέσεων
1138 2719 1381 2783 ὑπεδέξω
1429 2721 1695 2775 παιδείαν.
1732 2723 1855 2785 Τοῖς

276 2806 341 2863 ἃ
383 2808 665 2879 πολεμίοις
711 2810 808 2879 οὐχ
852 2809 1038 2863 ἕνεκεν
1087 2810 1349 2882 ἀργυρίου
1392 2813 1729 2883 ἐπίπρασκόν
1771 2832 1852 2880 σε,

278 2898 416 2954 me
436 2900 547 2953 τῶν
572 2901 678 2953 σῶν
706 2902 1114 2972 ἁμαρτημάτων
1143 2904 1235 2954 καὶ
1264 2903 1630 2973 ἀσεϐημάτων
1656 2904 1815 2975 χάριν

279 2994 401 3056 ui;
440 2992 551 3062 γὰρ
578 2991 869 3063 ἁμαρτίαις
904 2992 1057 3063 ὑμῶν
1096 2993 1391 3065 ὲπράθητε.
1424 2994 1531 3047 Kal
1568 2995 1716 3064 ὅμως
1744 2996 1852 3048 οὐδ’

1971 524 2144 579 vistis.
2180 526 2284 579 Sed
2313 527 2494 580 audita
2529 528 2624 582 tibi
2659 527 2759 582 feci
2796 543 2933 581 nova
2982 529 3049 583 ab
3104 531 3207 584 hoc
3253 540 3533 599 tempore,

1969 630 2088 684 qua:
2121 617 2300 669 futura
2330 629 2472 672 sunt.
2509 619 2574 672 Et
2606 632 2711 673 non
2738 620 2950 685 dixisti,
2980 621 3133 676 Nunc
3161 622 3311 689 fiunt,
3347 634 3401 678 et
3428 641 3536 681 non

1968 707 2095 760 olim
2123 750 2137 770 .
2174 718 2227 762 et
2260 724 2363 763 non
2399 711 2452 763 in
2488 710 2733 779 pristinis
2759 712 2949 767 diebus
2982 713 3177 765 audisti
3209 728 3291 767 ea.
3340 714 3420 770 Ne
3458 716 3540 770 di-

1968 814 2082 865 cas,
2114 800 2286 853 Etiam
2328 816 2597 871 cognosco
2627 818 2708 856 ea.
2742 803 2927 873 Neque
2962 806 3156 858 novisti
3183 844 3198 867 ,
3230 821 3403 876 neque
3430 809 3540 862 sci-

1965 892 2088 943 visti
2115 930 2129 956 ,
2155 893 2369 961 quando
2400 910 2428 947 a
2473 895 2741 963 principio
2772 897 2961 963 aperui
3007 896 3103 949 tibi
3135 911 3294 951 aures
3344 914 3358 951 :
3407 899 3534 951 novi

1966 980 2108 1034 enim
2146 982 2288 1051 quod
2312 986 2677 1055 pmvaricans
2718 986 3184 1053 prrevaricaberis,
3226 997 3281 1041 et
3315 988 3535 1057 iniquus

1965 1075 2138 1129 adhuc
2177 1075 2245 1129 ab
2287 1086 2442 1130 utero
2476 1078 2774 1131 vocaberis.
2815 1096 2833 1129 ι
2870 1076 2949 1131 Ne
2984 1079 3215 1147 teipsum
3248 1079 3486 1149 decipias
3517 1096 3531 1133 :

1968 1180 2035 1220 ne
2063 1166 2210 1221 dicas
2257 1176 2308 1221 te
2339 1168 2502 1221 etiam
2550 1174 2673 1221 ante
2703 1169 3041 1238 pr0phetiam
3074 1184 3247 1224 meam
3287 1169 3400 1226 haec
3427 1173 3539 1227 sci-

1966 1256 2108 1311 visse
2139 1275 2151 1311 :
2183 1271 2305 1310 nam
2355 1257 2497 1312 unde
2546 1258 2642 1313 tibi
2694 1260 2807 1313 haec
2839 1260 3031 1313 notitia
3052 1260 3080 1315 τ
3110 1260 3374 1317 Caeterum
3410 1277 3536 1332 per-

1964 1363 2182 1402 suasum
2217 1349 2391 1405 habeo
2419 1361 2472 1404 te
2502 1364 2571 1405 ex
2604 1350 2752 1406 hisce
2788 1353 2971 1407 verbis
3000 1353 3251 1410 utilitatis
3288 1355 3424 1410 nihil
3448 1370 3538 1412 ae-

1964 1449 2117 1509 cepto
2127 1456 2266 1495 rum.

2036 1532 2199 1587 Vsus.
2237 1531 2288 1587 9.
2322 1552 2340 1585 ι
2375 1532 2606 1603 Propter
2646 1549 2841 1589 nomen
2887 1550 3065 1589 meum
3110 1535 3391 1591 ostendam
3439 1535 3535 1592 tibi

1965 1624 2097 1677 iram
2133 1639 2305 1679 meam
2332 1663 2347 1689 ,
2396 1635 2451 1679 et
2497 1625 2732 1694 gloriosa
2770 1640 2889 1681 mea
2937 1627 3185 1681 inducam
3231 1642 3394 1696 super
3434 1636 3487 1684 te
3513 1670 3531 1696 ,

1965 1725 2025 1768 ut
2072 1731 2177 1770 non
2227 1716 2499 1770 destruam
2554 1726 2624 1771 te.
2683 1735 2700 1767 ι
2741 1718 2994 1771 Attamen
3046 1733 3148 1770 non
3202 1729 3423 1787 propter
3456 1726 3531 1783 te,

1962 1809 2060 1861 sed
2126 1808 2194 1861 ob
2238 1808 2578 1862 clementiam
2629 1824 2801 1864 meam
2857 1810 2967 1878 jam
3025 1810 3151 1865 hinc
3200 1812 3422 1881 praedixi
3476 1819 3534 1868 et

1970 1897 2185 1951 ostendi
2208 1898 2300 1951 tibi
2327 1898 2705 1967 futura,atque
2737 1901 3025 1969 perniciem
3058 1901 3289 1956 inimicis
3310 1904 3414 1957 tuis
3439 1902 3535 1957 ob-

1963 1997 2242 2041 venturam
2277 2007 2291 2043 :
2324 1991 2470 2042 omni
2513 1990 2676 2045 modo
2724 1990 3116 2060 occasioneque
3156 2000 3311 2047 utens
3342 1993 3410 2048 ad
3440 2008 3530 2048 sa-

1960 2077 2127 2131 lutem
2162 2086 2332 2133 tuam.

2034 2166 2193 2221 Vsus.
2222 2168 2309 2231 I0,
2346 2168 2433 2223 ll.
2472 2186 2492 2218 ι
2530 2168 2667 2224 Ecce
2693 2170 2906 2225 vendidi
2947 2179 3020 2235 te,
3047 2186 3155 2226 non
3191 2182 3411 2242 prepter
3438 2190 3531 2228 ar-

1959 2267 2177 2323 gentum
2211 2277 2224 2312 :
2262 2258 2380 2313 erui
2424 2268 2608 2313 autem
2655 2270 2705 2315 te
2746 2262 2813 2315 de
2858 2261 3080 2317 fornace
3110 2266 3475 2319 mendicitatis
3510 2282 3526 2318 :

1958 2358 2175 2417 propter
2207 2366 2290 2405 me
2319 2349 2515 2405 faciam
2554 2354 2669 2417 tibi,
2703 2353 2829 2421 quia
2882 2369 3080 2410 nomen
3125 2371 3300 2409 meum
3344 2359 3529 2427 profa-

1960 2450 2143 2492 natum
2174 2449 2277 2505 est,
2309 2449 2364 2494 ct
2388 2442 2615 2509 gloriam
2640 2457 2813 2495 meam
2846 2440 3001 2495 alteri
3035 2457 3137 2496 non
3166 2443 3324 2498 dabo.
3360 2463 3379 2495 ι
3407 2442 3525 2499 Non

1957 2531 2026 2585 ob
2060 2544 2342 2599 argentum
2401 2534 2618 2587 vendidi
2673 2543 2759 2598 te,
2809 2533 2902 2587 sed
2951 2535 3016 2586 ad
3058 2535 3341 2590 utilitatem
3378 2546 3526 2591 tuam

1956 2620 2009 2674 i‘d
2040 2620 2196 2675 eﬂ'eei
2227 2662 2243 2686 ,
2293 2632 2350 2676 ut
2383 2624 2484 2677 hoc
2520 2625 2675 2679 modo
2708 2626 2775 2677 ad
2822 2640 3008 2678 sanam
3037 2638 3270 2681 mentem
3305 2630 3531 2686 reduca-

1956 2713 2033 2767 ris
2067 2727 2081 2765 :
2117 2714 2374 2782 quoniam
2410 2715 2593 2770 verbis
2622 2724 2677 2770 et
2708 2710 2929 2772 monitis
2976 2716 3193 2771 allatam
3225 2719 3527 2777 institutio-

1956 2816 2078 2854 nem
2140 2816 2245 2856 non
2294 2803 2588 2859 admisisti.
2640 2802 2877 2859 Inimicis
2926 2817 3105 2862 autem
3159 2823 3263 2862 non
3312 2810 3526 2879 argenti

1955 2894 2126 2960 gratia
2158 2894 2372 2948 vendidi
2426 2904 2515 2961 te;
2567 2897 2661 2950 Sed
2710 2906 3055 2965 peccatorum
3091 2909 3144 2952 et
3188 2900 3522 2965 impietatum

1956 2993 2165 3037 tuarum
2197 2999 2357 3039 causa
2392 3002 2405 3037 :
2441 3001 2563 3039 nam
2591 2990 2829 3055 peccatis
2876 2989 3070 3042 vestris
3114 2991 3318 3045 venditi
3369 2997 3525 3048 estis.

278 3084 453 3147 οὕτως
477 3086 621 3138 ὲάσω
654 3085 795 3154 ὑμᾶς
826 3085 939 3147 τοῖς
974 3083 1186 3153 ἐχθροῖς
1213 3084 1501 3138 δουλεύειν·
1535 3084 1667 3138 ἀλλά
1695 3085 1851 3138 πάλιν

1957 3072 2205 3127 Attamen
2256 3088 2323 3127 ne
2375 3074 2449 3128 ita
2498 3077 2714 3143 quidem
2745 3092 2841 3132 vos
2888 3080 3120 3134 inimicis
3166 3083 3371 3136 servire
3404 3098 3529 3153 per-

280 3175 647 3248 λυτρώσομαι,
691 3178 784 3229 καὶ
823 3175 1007 3248 ὥσπερ
1062 3177 1169 3228 ἀπὸ
1204 3178 1432 3247 καμίνου
1483 3177 1754 3247 πτωχείας
1793 3180 1856 3232 ἐκ

280 3268 379 3337 τῆς
422 3268 528 3321 ὑπὸ
560 3269 671 3330 τοῖς
703 3266 1063 3331 Βαϐυλωνίοις
1096 3267 1391 3333 κακώσεως
1438 3266 1593 3333 αὖθις
1639 3270 1853 3323 ὲλευθευ

284 3358 462 3434 pom.

356 3470 375 3503 ι
425 3449 623 3504 Ἀκουέ
655 3468 777 3523 μου,
824 3450 1039 3513 Ἰακὼϐ,
1074 3452 1169 3504 καὶ
1213 3450 1428 3523 Ἰσραὴλ
1453 3450 1510 3505 ὃν
1545 3450 1655 3521 ἑγὼ
1683 3452 1850 3506 καλῶ.

295 3538 437 3609 Ἐγώ
466 3543 585 3610 είμι
626 3521 860 3611 πρῶτος,
878 3539 973 3593 καὶ
999 3538 1108 3608 ἐγώ
1130 3543 1242 3611 εἰμι
1272 3542 1351 3603 είς
1383 3521 1473 3594 τὸν
1498 3542 1687 3605 αίῶνα,
1713 3542 1851 3613 καὶὴ

280 3633 400 3705 χείρ
432 3651 538 3703 μου
565 3631 887 3702 ὲθεμελίωσε
915 3632 1013 3703 τὴν
1042 3636 1165 3704 γῆν,
1202 3633 1295 3686 καὶ
1325 3635 1357 3702 ἡ
1386 3632 1534 3697 δεξιά
1570 3650 1671 3702 μου
1704 3635 1855 3685 ἐστε-

284 3722 452 3793 ρέωσε
499 3722 587 3773 τὸν
633 3720 891 3793 οὐρανόν·
936 3722 1148 3777 καλέσω
1184 3722 1400 3785 αὐτοὺς,
1435 3724 1528 3775 κα)⁹
1568 3725 1851 3794 στήσονται

281 3813 417 3884 ἃμα.
465 3832 484 3865 ι
529 3814 617 3866 Ἐν
653 3814 861 3877 τούτοις
892 3815 1016 3876 τοὺς
1044 3812 1439 3885 κατορθοῦντας
1484 3815 1849 3877 ἀνακαλεῖται,

278 3904 366 3958 διά
397 3904 508 3958 τῶν
550 3904 855 3975 ἔμπροσθεν
888 3904 1105 3974 ἑτέρους
1143 3905 1267 3965 τοὺς
1308 3906 1435 3974 παρ’
1464 3903 1647 3968 αὐτοῖς
1674 3905 1853 3959 διαϐε-

278 3996 579 4067 ϐλημένους
603 3996 891 4065 ὀνομάσας·
926 3994 1039 4047 ἀλλ’
1069 3994 1301 4047 ἐνταῦθα
1320 3998 1433 4058 τοῖς
1454 3996 1721 4064 κρείττοσι
1746 3997 1852 4049 δια-

279 4088 515 4156 λέγεται,
561 4086 655 4151 οὓς
702 4106 722 4138 ι
773 4087 1005 4159 κλητοὺς
1046 4105 1067 4139 ι
1108 4086 1382 4156 ὀνομάζει.
1430 4082 1607 4139 ’Ἦσαν
1644 4086 1752 4157 γὰρ
1793 4089 1853 4152 ἐξ

278 4178 485 4233 ἐκείνου
520 4178 705 4231 πολλοὶ
743 4178 948 4247 κλητοὶ,
983 4176 1154 4243 ὀλίγοι
1204 4176 1261 4228 δὲ
1302 4176 1577 4229 ἐκλεκτοί·
1624 4176 1763 4248 πλὴν
1802 4180 1850 4230 oi

276 4270 617 4341 δηλούμενοι,
648 4269 747 4322 οὐκ
770 4265 907 4341 ἦσαν
939 4267 1184 4320 ἐκλεκτοὶ
1205 4307 1222 4334 ,
1253 4266 1388 4320 ἀλλά
1416 4267 1622 4338 κλητοί.

1960 3163 2199 3228 mittam;
2246 3166 2340 3219 sed
2372 3166 2567 3220 iterum
2604 3169 2864 3222 redimam
2889 3208 2909 3233 ,
2947 3181 3001 3225 et
3025 3211 3040 3234 ,
3075 3186 3169 3226 ceu
3201 3188 3268 3226 ex
3302 3172 3523 3230 fornace

1958 3254 2357 3321 mendicitatis,
2407 3272 2472 3311 ex
2508 3257 2596 3312 illa
2632 3259 2939 3316 calamitate
2969 3262 3294 3333 Babylonica
3330 3267 3524 3322 iterum

1956 3349 2204 3417 eripiam.
3112 3361 3135 3367 “

2024 3438 2192 3496 Vsus.
2223 3440 2311 3502 I2,
2356 3441 2442 3497 I3.
2479 3459 2499 3492 ι
2538 3443 2675 3497 Audi
2706 3458 2814 3509 me,
2850 3443 3016 3501 Iacob
3037 3485 3052 3509 ,
3087 3454 3139 3500 et
3170 3447 3334 3503 fsrael
3365 3462 3523 3518 quem

1952 3544 2053 3600 ego
2082 3546 2235 3586 voco.
2282 3533 2394 3601 Ego
2425 3548 2543 3587 sum
2589 3536 2795 3603 primus
2818 3576 2835 3602 ,
2886 3546 2934 3590 et
2966 3552 3067 3605 ego
3097 3552 3217 3590 sum
3269 3540 3322 3591 in
3350 3555 3526 3595 saecu-

1955 3619 2060 3673 lum
2088 3658 2104 3685 ,
2139 3635 2194 3676 et
2223 3637 2415 3678 manus
2450 3638 2567 3677 mea
2617 3623 2862 3679 fundavit
2912 3634 3112 3679 terram
3144 3667 3159 3692 ,
3210 3637 3265 3682 et
3301 3633 3522 3684 dextera

1954 3727 2073 3766 mea
2124 3712 2357 3767 flrmavit
2404 3714 2598 3769 coelum
2633 3734 2647 3769 :
2686 3719 2894 3770 vocabo
2928 3732 3022 3771 eos
3046 3759 3062 3780 ,
3086 3728 3142 3773 et
3170 3723 3392 3773 stabunt
3446 3722 3525 3775 si-

1955 3807 2085 3858 mul.
2131 3824 2149 3857 ι
2185 3803 2240 3859 In
2273 3808 2357 3861 his
2382 3822 2476 3861 eos
2503 3821 2716 3873 evocat,
2748 3810 2836 3875 qui
2871 3812 3006 3864 bene
3032 3825 3091 3865 se
3130 3822 3354 3880 gerunt,
3380 3823 3524 3881 post-

1951 3906 2114 3959 quam
2148 3895 2199 3947 in
2230 3896 2661 3963 praacedentibus
2689 3899 2825 3952 alios
2850 3939 2864 3963 ,
2910 3900 3001 3967 qui
3032 3902 3171 3967 apud
3208 3902 3353 3970 ipsos
3385 3904 3523 3957 male

1953 3984 2283 4050 audiebant,
2319 3997 2661 4041 evocaverat.
2695 3985 2892 4042 Verum
2926 3991 3011 4044 hic
3053 3993 3522 4055 praestantioribus

1955 4075 2212 4145 loquitur,
2243 4092 2379 4146 quos
2413 4098 2431 4130 ι
2463 4088 2683 4139 vocatos
2722 4098 2741 4131 ι
2778 4081 3035 4150 appellat.
3065 4082 3197 4135 Nam
3236 4094 3362 4139 tunc
3389 4100 3526 4153 quo-

1952 4183 2057 4235 que
2105 4180 2261 4223 erant
2315 4171 2470 4225 multi
2506 4173 2724 4237 vocati,
2762 4174 2921 4240 pauci
2974 4175 3129 4229 electi
3183 4194 3195 4229 :
3254 4170 3524 4232 memora-3

1954 4258 1991 4311 ti
2046 4272 2207 4325 porro
2256 4258 2503 4316 homines
2548 4277 2655 4317 non
2709 4262 2905 4329 electi,
2956 4264 3049 4319 sed
3101 4272 3306 4318 tantum
3344 4267 3521 4321 vocati

1952 4358 2130 4404 erant.

354 4464 373 4497 ι
411 4446 520 4499 Καὶ
543 4447 964 4517 συναχθήσονται
995 4445 1219 4509 πάντες,
1252 4446 1346 4498 καὶ
1378 4445 1719 4499 ἀκούσονται.
1751 4444 1846 4508 Τίς

2021 4439 2186 4496 Vsus.
2236 4443 2321 4497 Η.
2367 4460 2387 4495 ι
2443 4443 2508 4498 Ει
2553 4444 3031 4515 congregabantur
3059 4462 3294 4513 omnes,
3342 4456 3395 4502 et
3425 4462 3522 4501 au-

276 4536 460 4599 αύτοϊς
482 4536 765 4607 ἀνήγγειλε
786 4536 957 4590 ταῦτα
979 4554 992 4601 ;
1026 4555 1043 4588 ι
1087 4536 1173 4599 Ὦς
1197 4536 1305 4606 γὰρ
1327 4536 1563 4607 δεσπότῃ
1586 4534 1850 4605 προστάτ-

277 4644 421 4680 τοντι
451 4626 816 4681 ὑπακούουσιν
861 4629 917 4680 αἱ
957 4627 1335 4699 προλεχθεῖσαι
1376 4626 1667 4695 δυνάμεις’
1710 4626 1847 4679 ἀλλά

278 4720 372 4773 καὶ
411 4718 756 4789 συναχθεῖσαι
807 4720 899 4771 ἐπὶ
939 4720 1003 4771 τὸ
1046 4718 1178 4771 αὐτὸ
1220 4718 1439 4771 ἑστᾶσιν
1485 4716 1846 4786 ἀκουσόμεναι

276 4808 386 4863 τῶν
409 4807 576 4862 αὐτοῦ
607 4808 800 4877 λόγων.
828 4808 998 4863 Τοῦτό
1023 4827 1104 4863 τοι
1136 4810 1321 4881 ἐδήλου
1361 4809 1455 4861 καὶ
1486 4811 1543 4861 ὲν
1574 4809 1717 4879 ἀρχῇ
1747 4811 1846 4879 τῆς

282 4898 465 4968 βίϐλου
492 4899 716 4966 φάσκων
740 4899 769 4950 ὁ
794 4898 968 4967 λόγος,
1003 4918 1021 4951 ι
1061 4903 1277 4962 Ἀκουε,
1306 4900 1520 4971 ούρανὲ,
1546 4900 1638 4952 καὶ
1664 4900 1849 4953 ἐνωτί-

280 4988 398 5052 ζου,
422 4990 457 5059 ἡ
486 4989 579 5059 γῆ,
613 4990 693 5042 ὅτι
716 4988 917 5060 Κύριος
944 4989 1218 5061 ἐλάλησεν.
1262 5010 1280 5042 ι

353 5099 371 5130 ι
396 5079 648 5146 ’Ᾱγαπῶν
673 5096 732 5132 σε
752 5080 980 5151 ἐποίησα
991 5080 1050 5134 τὸ
1070 5080 1280 5153 θέλημά
1298 5099 1391 5135 σου
1422 5081 1513 5134 ἐπὶ
1532 5081 1844 5147 Βαϐυλῶνα,

279 5170 372 5223 τοῦ
428 5166 557 5237 ἆραι
604 5170 824 5241 σπέρμα
868 5171 1168 5225 Χαλδαίων.
1242 5171 1381 5240 Ἐγὼ
1424 5171 1681 5242 ἐλάλησα,
1736 5171 1846 5240 ἐγὼ

283 5257 534 5310 ἐκάλεσα.
574 5259 816 5326 Ἥγαγον
860 5260 1038 5322 αὑτὸν,
1075 5259 1168 5313 καὶ
1198 5259 1449 5313 εύὼδωσα
1476 5260 1573 5332 τὴν
1602 5262 1718 5315 ὁδὸν
1748 5262 1844 5313 αὐ-

282 5347 393 5402 τοῦ.
445 5350 825 5420 Προσαγάγετε
868 5352 1003 5423 πρὸς
1045 5351 1131 5422 μὲ,
1188 5353 1277 5404 καὶ
1325 5352 1590 5406 ἀκούσατε
1634 5353 1840 5407 ταῦτα·

288 5437 397 5491 Οὐκ
427 5440 517 5492 ἀπ’
542 5441 716 5511 ἀρχῆς
756 5441 814 5491 ὲν
840 5444 1019 5511 κρυφῇ
1064 5442 1357 5512 λελάληκα·
1406 5443 1567 5513 ἡνίκα
1608 5444 1841 5510 ἐγένετο,

292 5528 399 5583 iul
438 5531 602 5603 ἤμην.
654 5532 764 5585 Καὶ
792 5532 883 5583 νῦν
926 5532 1127 5604 Κύριος
1171 5532 1373 5605 Κύριος
1411 5533 1715 5604 ἀπέστρεψὲ
1751 5551 1839 5603 με,

347 5738 518 5795 "Isa.
559 5753 620 5803 ι,
657 5739 706 5792 l.

596 5831 871 5891 Parnm.
918 5826 1033 5889 Gtt.
1084 5830 1135 5889 Χ
1152 5830 1315 5891 XIV.

1944 4532 2114 4586 dient.
2143 4534 2273 4600 Quis
2303 4535 2434 4603 ipsis
2467 4534 2580 4589 haec
2610 4536 2990 4590 annuntiavit?
3027 4556 3047 4590 ι
3089 4536 3219 4591 Nam
3251 4539 3521 4607 praedictae

1944 4624 2171 4679 virtutes
2216 4635 2275 4678 ut
2317 4625 2528 4694 jubeuti
2570 4627 2796 4680 Domino
2834 4637 3062 4696 parent;
3092 4631 3220 4695 quin
3250 4630 3414 4682 etiam
3464 4630 3517 4682 in

1948 4731 2113 4770 unum
2143 4728 2505 4788 congregatae,
2530 4726 2678 4771 stant
2708 4726 2766 4771 ut
2789 4717 2909 4787 ejus
2933 4732 3240 4772 sermonem
3272 4721 3515 4773 audiant.

1946 4804 2002 4858 Id
2031 4821 2163 4860 sane
2207 4808 2365 4860 initio
2392 4807 2703 4862 declarabat
2752 4809 2835 4865 his
2882 4809 3095 4873 verbis,
3134 4827 3152 4859 ι
3193 4810 3351 4872 Audi,
3402 4823 3516 4863 c03-

1950 4896 2057 4949 lum
2083 4936 2099 4959 ,
2134 4906 2189 4950 et
2217 4898 2440 4951 auribus
2470 4899 2722 4967 percipe,
2755 4909 2898 4955 terra
2927 4939 2941 4966 ,
2971 4899 3099 4968 quia
3133 4898 3391 4954 Dominus
3441 4901 3523 4957 lo-

1950 4996 2105 5040 cutus
2126 4996 2209 5041 est
2230 4988 2296 5041 3'.
2340 5007 2359 5040 ι

2022 5078 2184 5132 Vens.
2218 5080 2403 5135 15-20.
2448 5098 2467 5132 ι
2510 5081 2747 5153 Diligens
2776 5090 2825 5136 te
2870 5081 2972 5137 feci
3007 5082 3339 5136 voluntatem
3370 5089 3518 5133 tuam

1947 5186 2108 5239 super
2138 5172 2483 5243 Babylonem,
2514 5183 2571 5227 ut
2597 5174 2865 5230 auferrem
2904 5190 3087 5229 semen
3117 5173 3514 5227 Chalda‘orum.

1951 5264 2060 5331 Ego
2094 5264 2305 5319 locutus
2337 5280 2453 5319 sum
2482 5306 2497 5329 ,
2530 5276 2584 5321 et
2617 5281 2717 5335 ego
2746 5266 2955 5320 vocavi.
3010 5264 3223 5318 Adduxi
3268 5278 3391 5317 eum
3416 5303 3430 5324 ,
3462 5274 3519 5316 et

1949 5370 2263 5424 prosperam
2286 5355 2387 5410 feci
2412 5358 2549 5411 viam
2578 5358 2713 5425 ejus.
2744 5358 3007 5411 Adducite
3034 5356 3097 5408 ad
3129 5371 3234 5418 me,
3254 5364 3308 5408 et
3336 5354 3518 5406 audite

1948 5445 2063 5498 haec
2092 5483 2106 5507 ,
2144 5443 2257 5497 Non
2295 5445 2365 5499 ab
2424 5447 2579 5500 initio
2629 5448 2679 5501 in
2731 5447 3047 5501 abscondito
3091 5446 3301 5500 locutus
3346 5458 3463 5496 sum
3498 5459 3513 5496 :

1949 5550 2070 5590 cum
2120 5534 2310 5591 fierent
2335 5576 2350 5603 ,
2382 5537 2453 5592 ibi
2497 5551 2670 5593 eram.
2700 5536 2763 5591 Et
2794 5552 2935 5591 nunc
2972 5538 3229 5591 Dominus
3259 5533 3517 5590 Dominus

3132 5837 3202 5897 Ut
