4128 6294
641 355 745 412 ιιι

1261 337 1526 400 EUSEBII
1559 330 2030 394 CESARIENSIS
2063 327 2212 386 OI’P.
2253 321 2434 382 PARS
2470 321 2556 378 Ill.
2594 349 2666 363 —
2701 311 3106 374 EXEGETICA.

3725 304 3835 366 £28

646 471 840 529 avertit
867 473 1043 530 tne,et
1070 460 1306 530 Spiritus
1335 456 1469 525 eius.
1499 453 1590 509 Sic
1619 452 1746 508 dicit
1778 451 2057 514 Dominus,
2085 445 2174 515 qui

2309 442 2370 495 αἱ
2405 440 2467 493 τὸ
2503 437 2724 508 Πνεῦμα
2765 432 2948 488 αὐτοῦ.
2979 431 3134 485 Οὕτω
3163 426 3309 496 λέγει
3348 420 3572 497 Κύριος,
3601 422 3630 478 δ
3666 425 3845 494 ῥυσά-

645 561 783 617 eruit
815 567 886 621 te,
915 555 1146 610 Sanctus
1174 549 1334 606 lsrael
1367 567 1381 603 :
1423 547 1532 617 ligo
1559 560 1676 604 sum
1722 543 1862 598 Deus
1908 549 2030 594 tuus
2051 578 2068 602 ,
2119 551 2182 590 o-

2287 530 2445 603 μενός
2491 547 2573 592 σε,
2625 529 2807 595 Ἄγιος
2835 521 3076 595 Ἰσραήλ·
3144 518 3285 588 Ἐγώ
3326 518 3510 603 sitne
3554 514 3686 578 Θεός
3721 531 3845 582 σου,

646 602 958 711 alendi-tibi,
987 654 1045 699 ut
1067 642 1336 697 invenires
1359 602 1499 692 viam
1540 637 1593 690 in
1637 648 1741 704 qua
1769 631 2090 686 ambulares.
2123 625 2187 681 Et

2309 620 2489 692 ςέδειχά
2533 635 2615 672 σοι
2650 620 2710 672 τὸ
2748 618 2925 688 εὑρεῖν
2959 630 3017 667 σε
3061 611 3157 682 τὴν
3188 611 3306 665 ὁδὸν
3349 611 3406 663 ἐν
3509 607 3749 680 πορεύσῃ
3787 608 3851 661 ἐν

646 743 690 796 si
723 739 967 794 audisses
998 733 1242 789 mandata
1272 742 1387 782 mea
1413 767 1428 792 ,
1464 726 1653 780 luisset
1684 723 1837 794 quasi
1868 719 2059 775 lluvius
2083 732 2185 787 pax

647 842 760 892 tua.
784 838 840 884 et
867 826 1069 897 iustitia
1101 833 1187 875 tua
1211 815 1474 873 utﬂuctus
1500 815 1672 880 maris
1701 831 1715 868 :
1747 822 1801 868 et
1829 813 2018 866 luisset
2034 805 2185 877 quasi

647 933 810 971 arena
844 895 1022 970 semen
1047 922 1213 970 tuum,
1256 917 1312 960 et
1345 905 1555 960 fruetus
1583 901 1787 955 ventris
1811 899 1886 954 tui
1909 899 2046 954 sicut
2074 895 2190 966 pul-

649 1009 909 1061 visiterra:
941 1020 955 1056 :
992 1014 1165 1068 neque
1191 1009 1332 1051 nunc
1357 990 1826 1053 exterminaberis,
1858 1001 2032 1056 neque
2072 998 2192 1056 per-

651 1096 751 1148 ihit
799 1105 995 1147 nomen
1020 1098 1170 1143 tuum
1220 1087 1274 1141 in
1321 1091 1608 1154 conspectu
1637 1095 1774 1134 nico.
1826 1077 2096 1147 Egredere
2124 1089 2192 1130 ex

645 1184 921 1255 Babylone
944 1219 958 1243 ,
989 1179 1200 1248 fugiens
1223 1192 1252 1231 a
1282 1174 1564 1232 Cbaldcis.
1602 1172 1799 1227 Vocem
1842 1168 2194 1236 iucunditatis

652 1271 963 1328 aunuutiate
1001 1284 1170 1338 usque
1214 1270 1280 1323 ad
1310 1276 1607 1322 extremum
1645 1272 1801 1316 terra:
1831 1279 1846 1315 :
1875 1260 2038 1316 dicite
2060 1298 2075 1323 ,
2109 1258 2195 1312 Li-

652 1365 863 1419 beravit
913 1362 1166 1418 Dominus
1215 1374 1425 1415 servum
1477 1372 1631 1413 suum
1678 1354 1864 1410 Jacob.
1921 1369 1942 1405 τ
1999 1351 2196 1418 Quam-

650 1455 863 1517 obrem.
896 1467 1015 1508 cum
1047 1451 1154 1519 jam
1191 1447 1318 1504 binc
1347 1447 1603 1518 pollicear
1634 1459 1718 1498 me
1744 1459 1847 1497 non
1877 1441 2199 1497 extermina-

657 1555 834 1598 turum
857 1553 916 1597 te
936 1583 952 1608 ,
983 1555 1158 1610 neque
1184 1554 1381 1593 nomen
1410 1547 1561 1592 tuum
1585 1535 1882 1590 deleturum
1916 1545 2057 1594 esse,
2086 1529 2196 1583 dixi

659 1636 754 1690 tibi
779 1673 796 1702 ,
840 1643 896 1690 ut
924 1635 1100 1688 exiret
1125 1630 1192 1685 de
1224 1627 1497 1700 Babylone
1520 1665 1537 1694 ,
1592 1625 1842 1679 dimissus
1869 1637 1934 1676 ac
1962 1621 2097 1675 liber
2128 1618 2197 1672 ab

2285 713 2417 781 αὐτῇ
2471 709 2582 762 Καὶ
2618 709 2666 760 εί
2695 708 2929 778 ἡκούσας
2959 701 3068 756 τῶν
3107 698 3334 752 ἐντολῶν
3370 713 3492 768 μου,
3529 693 3747 762 ἐγένετο
3779 692 3850 745 ἂν

2285 802 2417 854 ὡσεὶ
2449 799 2691 868 ποταμὸς
2729 800 2762 868 ἡ
2803 798 2989 868 εἰρήνη
3033 809 3147 854 σου,
3181 791 3276 844 καὶ
3319 792 3353 860 ή
3392 786 3700 856 δικαιοσύνη
3753 797 3851 836 σου

2286 891 2362 955 ὡς
2388 889 2539 961 κῦμα
2566 887 2840 958 θαλάσσης
2857 904 2871 918 ο
2903 885 2997 939 καὶ
3021 883 3235 951 ἐγένετο
3269 879 3333 935 ἂν
3357 880 3488 932 ὡσεὶ
3515 881 3549 949 ή
3575 877 3756 947 ἄμμος
3786 873 3853 924 τδ

2290 982 2509 1053 σπέρμα
2553 997 2668 1044 σου,
2718 980 2809 1034 καὶ
2850 978 2918 1032 τὰ
2957 977 3150 1045 ἔγγονα
3189 973 3286 1044 τῆς
3328 970 3531 1032 κοιλίας
3572 985 3665 1021 σου
3705 966 3781 1031 ὡς
3815 964 3850 1017 δ

2290 1071 2419 1145 χοῦς
2451 1070 2550 1141 τῆς
2585 1071 2706 1141 γῆς.
2760 1068 2895 1124 οὐδὲ
2935 1066 3030 1122 νῦν
3059 1066 3120 1119 οὐ
3175 1062 3250 1134 μὴ
3298 1059 3707 1132 ἐξολοθρευθῇς,
3738 1057 3850 1110 οὐδ’

2291 1163 2568 1220 ἀπολεῖται
2597 1160 2661 1214 τὸ
2700 1159 2871 1230 ὄνομα
2915 1175 3008 1212 σου
3052 1155 3277 1210 ἐνώπιον
3316 1151 3470 1224 ἐμοῦ.
3519 1148 3741 1215 Ἔξελθε
3784 1149 3854 1201 ἐκ

2293 1254 2625 1318 Βαϐυλῶνος,
2664 1251 2878 1322 φεύγων
2920 1249 3028 1303 ἀπὸ
3075 1248 3182 1301 τῶν
3211 1244 3508 1300 Χαλδαίων.
3543 1242 3731 1312 ⁴’συνὴν
3758 1241 3856 1296 eb-

2242 1365 2246 1369 '
2295 1345 2567 1418 φροσύνης
2597 1341 2950 1410 ὰναγγείλατε
2978 1339 3082 1402 ἐως
3109 1331 3332 1409 ἐσχάτου
3356 1334 3455 1405 τῆς
3478 1333 3607 1404 γῆς·
3642 1331 3853 1400 λέγετε,

2308 1437 2604 1510 Ἐρῤύσατο
2637 1435 2837 1505 Κύριος
2876 1432 2968 1486 τὸν
2994 1430 3179 1484 δοῦλον
3211 1427 3376 1482 αὐτοῦ
3422 1424 3644 1482 Ἰακώᾶ
3683 1443 3702 1476 ι
3737 1424 3857 1477 Διό-

2297 1547 2404 1604 περ
2436 1527 2683 1583 ἐντεῦθεν
2725 1527 2824 1597 ἤδη
2871 1522 3334 1593 ἐπαγγελλόμενος
3373 1517 3449 1591 μὴ
3482 1515 3860 1589 ἐξολοοριῦσαί

2299 1637 2379 1685 σε,
2430 1619 2553 1691 μηδ’
2586 1616 2864 1686 ἐξαλεῖψαι
2901 1615 2963 1668 τὸ
3006 1614 3176 1684 ὀνομα
3208 1629 3324 1675 σου,
3369 1607 3500 1664 είπά
3540 1624 3621 1662 σοι
3653 1605 3859 1673 ἐξιέναι

660 1697 995 1778 inimicorum
1043 1730 1209 1775 metu.
1243 1697 1474 1787 Accepta
1511 1725 1688 1769 autem
1745 1713 1810 1766 ad
1845 1711 2056 1779 propria
2107 1723 2194 1764 re-

2309 1711 2405 1767 ὶπὺ
2432 1709 2766 1772 Βαϐυλῶνος,
2794 1707 2988 1776 ἄφετον
3013 1707 3108 1760 καὶ
3138 1703 3416 1774 ἐλεύθερον
3441 1700 3534 1754 τοῦ
3563 1698 3673 1752 τῶν
3703 1697 3862 1751 πολο-

659 1812 898 1867 vertendi
935 1819 1197 1879 potestate
1227 1847 1244 1873 ,
1296 1821 1365 1861 ne
1409 1805 1598 1874 supine
1638 1812 1693 1856 et
1739 1803 2030 1857 oscitanter
2059 1799 2197 1852 viam

654 1915 876 1974 capesse
900 1940 914 1965 ,
950 1902 1042 1955 sed
1091 1914 1211 1954 cum
1253 1896 1398 1953 omni
1433 1894 1729 1962 diligentia.
1782 1890 1916 1945 Nam
1949 1895 2202 1944 occurret

661 1998 756 2049 tibi
794 2010 894 2049 vos
926 1992 1144 2054 laetitia,
1170 2003 1329 2058 quam
1357 1987 1440 2040 vel
1475 1984 1586 2052 jam
1621 1983 1748 2036 hinc
1781 1980 1970 2034 audias
1996 1995 2011 2036 :
2041 1977 2202 2046 quin-

658 2086 821 2138 etiam
849 2097 1034 2138 omnes
1063 2081 1153 2148 qui
1185 2091 1461 2133 sermones
1495 2088 1642 2128 meos
1680 2070 1990 2135 audierint,
2024 2069 2091 2123 de
2119 2083 2205 2122 sa-

663 2174 772 2227 lute
805 2182 894 2226 tua
927 2186 1028 2225 una
1058 2170 1384 2239 gaudebunt.
1420 2165 1486 2219 Et
1526 2166 1637 2218 hzec
1666 2162 1878 2231 quidem
1912 2160 2203 2212 secundum

660 2264 938 2317 historiam
963 2300 977 2323 ,
1027 2275 1130 2312 non
1187 2256 1389 2310 reditus
1435 2267 1500 2307 ex
1533 2251 1845 2319 captivitate
1880 2246 2206 2317 Babylonica

664 2367 904 2424 tempore
929 2362 1076 2420 gesta
1123 2359 1285 2414 sunt,
1324 2361 1444 2402 cum
1475 2345 1550 2409 ii,
1593 2343 1681 2410 qui
1715 2356 1743 2393 a
1790 2339 1933 2409 Cyro
1960 2349 2014 2392 et
2047 2339 2207 2391 Dario

663 2445 944 2500 Persarum
979 2442 1190 2509 regibus
1218 2438 1465 2492 libertate
1491 2433 1674 2489 donati
1694 2430 1934 2494 fuerant,
1966 2437 2207 2484 reverte-

667 2545 812 2588 runt.
864 2535 939 2586 Ac
968 2531 1257 2586 secundum
1290 2527 1617 2596 intelligendi
1650 2525 1909 2577 rationem
1936 2559 1952 2584 ,
2003 2533 2123 2573 cum
2156 2519 2207 2570 in

670 2626 894 2683 historia
946 2624 1012 2677 ad
1070 2623 1296 2675 litteram
1348 2617 1568 2687 reperiri
1632 2623 1861 2682 nequeat
1914 2621 2065 2681 petra
2122 2609 2208 2662 illa

667 2733 836 2789 aquas
862 2717 1110 2770 eminens
1139 2712 1189 2765 in
1218 2711 1385 2766 reditu
1415 2708 1592 2778 populi
1621 2746 1636 2770 ,
1666 2708 1901 2760 dicemus
1940 2703 1993 2756 in
2023 2702 2086 2755 iis
2121 2701 2210 2770 qui

667 2826 697 2864 a
728 2807 992 2879 spirituali
1018 2804 1325 2872 captivitate
1372 2801 1424 2855 in
1461 2807 1776 2868 perpetuum
1810 2793 2020 2848 liberati
2047 2801 2209 2853 sunt,

668 2903 735 2958 de
762 2899 957 2970 quibus
981 2896 1222 2950 Christus
1249 2893 1498 2955 dicebat,
1549 2909 1568 2940 ι
1609 2886 1990 2956 Evangelizare
2017 2897 2214 2952 paupe-

670 2991 818 3046 ribus
845 2990 989 3042 misit
1016 3001 1118 3050 me,
1150 2983 1440 3053 praedicare
1466 2979 1689 3047 captivis
1719 2976 2080 3030 dimissionem
2097 2972 2165 3036 ⁸⁸,
2189 2990 2208 3022 ι

2303 1803 2440 1874 μίων
2471 1800 2636 1870 φόϐου
2667 1799 2975 1869 γενόμενον.
3027 1794 3220 1850 Λαϐὼν
3255 1794 3312 1848 δέ
3355 1792 3454 1864 τὴν
3481 1789 3730 1856 ἐξουσίαν
3757 1788 3864 1856 τῆς

2299 1893 2378 1954 είς
2418 1888 2486 1944 τὰ
2529 1890 2700 1943 οίκεῐα
2743 1886 3022 1949 ἐπανόδου,
3070 1885 3144 1955 μὴ
3190 1882 3395 1945 ὐπτίως
3441 1879 3571 1952 μηδι
3609 1877 3864 1950 νωχελῶς

2301 1980 2453 2035 ποιοῦ
2487 1980 2584 2052 τὴν
2617 1980 2861 2051 πορείαν,
2889 1979 2986 2031 σὺν
3023 1967 3206 2046 ἁπάσῃ
3236 1975 3294 2028 δέ
3330 1973 3551 2043 σπουδῇ.
3595 1970 3867 2040 ’Δπαντή-

2304 2093 2386 2130 σει
2417 2074 2526 2147 γάρ
2567 2091 2648 2127 σοι
2679 2074 2828 2144 φωνὴ
2872 2069 3226 2142 εὐφροσύνης,
3261 2066 3507 2120 ἐντεῦθεν
3539 2065 3641 2136 ἢδη
3672 2066 3869 2118 ἀκουο-

2308 2170 2490 2240 μένης·
2521 2165 2655 2220 ἀλλὰ
2691 2167 2784 2218 καὶ
2809 2164 3006 2226 πάντες
3032 2163 3082 2215 oi
3121 2160 3230 2214 τῶν
3262 2159 3411 2230 ἐμῶν
3435 2157 3604 2226 λόγων
3635 2156 3864 2210 εέσιούον⁸

2303 2274 2392 2318 τες
2429 2252 2860 2324 συγχαρήσονταί
2907 2268 2998 2303 σου
3042 2253 3108 2320 τῇ
3159 2249 3418 2320 σωτηρίᾳ.
3458 2247 3566 2300 Καὶ
3595 2246 3767 2300 ταῦτα
3808 2244 3868 2299 δέ

2307 2349 2440 2420 πρὸς
2485 2347 2581 2415 μὲν
2620 2345 2859 2414 ἱστορίαν
2901 2342 3000 2395 οὐκ
3035 2339 3334 2412 ἐπληροῦτο
3375 2337 3514 2392 κατὰ
3543 2337 3633 2390 τὸν
3673 2336 3868 2407 χρόνον

2305 2437 2405 2506 τῆς
2437 2433 2544 2487 ἀπὸ
2589 2431 2902 2493 Βαϐυλῶνος
2947 2427 3224 2490 ἐπανόδου,
3265 2425 3372 2480 τῶν
3413 2422 3870 2496 ὴλευθερωμὲνων
3945 2454 3948 2456 ~

2308 2529 2410 2581 ὑπὸ
2443 2526 2621 2596 Κύρου
2652 2526 2744 2578 καὶ
2771 2523 2990 2594 Δαρείου
3029 2520 3135 2574 τῶν
3171 2518 3600 2590 βασιλευσάντων
3630 2519 3687 2570 ἐν
3721 2514 3870 2588 Πέρ-

2310 2632 2446 2678 σαις’
2471 2609 2569 2668 'xa‘t
2595 2613 2730 2682 «pb;
2757 2612 2813 2664 δὲ
2854 2611 3109 2674 διάνοιαν,
3143 2608 3264 2660 ἐπεὶ
3298 2607 3372 2678 μὴ
3406 2607 3520 2660 ἐστι
3553 2606 3690 2677 πρὸς
3721 2603 3870 2669 λέξιν

2310 2702 2483 2772 εὑρεῖν
2521 2703 2579 2754 ἐν
2608 2704 2673 2771 τῇ
2707 2701 2914 2770 ἱστορίᾳ
2942 2698 3146 2770 πέτραν
3184 2696 3394 2750 ὑδάτων
3428 2695 3696 2767 ῥεύσασαν
3728 2692 3872 2749 κατὰ

2307 2791 2407 2860 τὴν
2466 2789 2721 2842 ἐπάνοδον
2781 2787 2874 2842 τού
2923 2786 3074 2852 λαοῦ,
3120 2786 3361 2855 φήσομεν
3419 2782 3549 2851 γοῦν
3601 2786 3711 2846 τοῖς
3768 2781 3873 2853 τῆς

2311 2881 2681 2950 αἰχμαλωσίας
2709 2880 2795 2932 ἀεὶ
2820 2876 3296 2949 ὴλευθερωμένοις,
3339 2876 3464 2945 περὶ
3487 2868 3562 2928 ὧν
3587 2873 3615 2926 δ
3639 2870 3875 2945 Χριστός

2314 2971 2513 3040 ἔλεγεν,
2541 2990 2560 3021 ι
2585 2968 3044 3037 Εὐαγγελίδσασϐαι
3064 2969 3292 3038 πτωχοῖς
3321 2963 3626 3019 ἀπέσταλκε
3653 2980 3740 3034 με,
3774 2981 3875 3036 κη-

669 3094 850 3134 veram
897 3075 1225 3145 deprehendi
1259 3071 1687 3142 promissionem.
1735 3064 1829 3119 llis
1863 3063 2056 3134 quippe
2086 3063 2205 3130 ipsis

2319 3058 2473 3130 ρῦξαι
2499 3057 2856 3128 αἰχμαλώτοις
2885 3059 3095 3125 ἄφεσιν,
3129 3077 3148 3108 ι
3185 3054 3540 3125 ἐπαληθεύειν
3571 3054 3668 3118 τὴν
3694 3056 3874 3123 ἔτατ-

672 3170 996 3241 apostolicus
1035 3181 1100 3219 ex
1145 3178 1267 3217 vera
1303 3172 1450 3230 petra
1499 3170 1654 3229 potus
1693 3156 2021 3210 instillatur:
2060 3172 2078 3204 ι
2115 3155 2212 3206 Pe-

676 3273 756 3316 tra
807 3269 981 3313 autem
1014 3264 1132 3309 erat
1182 3253 1427 3309 Christus
1465 3249 1532 3317 ",
1589 3267 1609 3300 ι
1655 3247 1948 3302 secundum
1982 3245 2214 3314 Aposto-

750 3363 802 3402 11.

750 3363 802 3402 n.

673 3350 906 3493 milites.
937 3435 1026 3489 2i.
1073 3452 1092 3486 ι
1123 3431 1271 3499 Quod
1303 3429 1346 3484 si
1375 3427 1631 3494 sitierint,
1670 3441 1765 3496 per
1792 3425 2063 3479 desertum
2119 3422 2188 3476 du

675 3540 762 3587 cet
795 3543 924 3584 eos:
971 3542 1166 3597 aquam
1203 3539 1268 3580 es
1309 3531 1462 3592 petra
1519 3520 1708 3573 educet
1755 3517 1884 3571 illis.
1928 3517 2217 3570 Scindetur

675 3634 847 3694 petra,
886 3631 938 3675 et
967 3619 1103 3673 liuet
1148 3631 1306 3686 aqua,
1351 3623 1407 3669 et
1464 3613 1610 3667 bibet
1641 3610 1868 3680 populus
1903 3624 2072 3663 meus.
2099 3605 2214 3661 Non

674 3724 758 3770 est
812 3712 1058 3783 gaudium
1112 3707 1310 3777 impiis,
1347 3703 1476 3758 dicit
1528 3702 1803 3756 Dominus.
1839 3718 1858 3751 ι
1896 3699 2104 3753 Etenim
2133 3699 2217 3766 pie

676 3805 956 3875 agentibus
1012 3800 1187 3855 omnis
1225 3813 1255 3852 a
1311 3797 1418 3851 Deo
1469 3794 1617 3848 adest
1652 3792 1922 3859 voluptas,
1968 3789 2218 3860 gaudium

677 3897 1190 3955 etlatitia,vneenon
1227 3885 1554 3948 alia-omnia,
1587 3899 1705 3952 quae
1738 3882 1790 3936 in
1816 3881 2092 3947 promissis
2127 3880 2222 3931 ha-

681 3991 909 4050 bentur,
943 3983 1120 4052 impiis
1163 3994 1289 4036 vero
1329 3977 1472 4032 nulla
1520 3974 1906 4046 promissorum
1947 3970 2086 4025 ratio
2127 3971 2225 4024 ha-

679 4081 858 4134 betur.

1229 4161 1451 4218 CAPUT
1494 4160 1678 4216 XLIX.

748 4258 910 4312 Vsus.
943 4257 993 4309 l.
1033 4273 1052 4307 ι
1081 4254 1275 4307 Audite
1317 4268 1425 4317 me,
1451 4253 1634 4306 insulae
1656 4290 1670 4313 ,
1701 4259 1755 4305 et
1784 4249 2060 4314 attendite,
2092 4262 2221 4314 gen-

2318 3150 2520 3219 γελίαν.
2555 3145 2773 3211 Τούτοις
2793 3147 2899 3220 γὰρ
2928 3150 3106 3211 αὐτοῖς
3135 3149 3193 3200 τδ
3244 3145 3592 3201 ἀποστολικδν
3628 3144 3780 3215 πόμα
3812 3143 3876 3200 σὺ

2317 3244 2381 3295 ἐκ
2404 3241 2502 3310 τῆς
2534 3240 2788 3311 ἀληθινῆς
2817 3239 3015 3309 πέτρας
3041 3238 3296 3310 ἐξομϐρεῖ
3314 3254 3328 3270 ο
3364 3258 3386 3290 ι
3429 3239 3494 3292 Ἦ
3523 3238 3695 3309 πέτρα
3721 3235 3780 3290 δὲ
3802 3228 3877 3310 ἦν

2315 3336 2343 3387 ό
2369 3334 2649 3404 Χριστὸς,›
2687 3332 2824 3383 κατὰ
2852 3330 2942 3383 τὸν
2986 3330 3321 3384 ’Δπόστολον.

2391 3445 2408 3477 ι
2440 3426 2548 3478 Καὶ
2572 3426 2662 3478 ἐὰν
2696 3423 2979 3493 διψήσωσι,
3010 3422 3075 3474 δι’
3103 3423 3309 3494 ἐρήμου
3334 3422 3452 3488 ἄξει
3477 3421 3674 3485 αὐτούς
3691 3438 3704 3452 ·
3729 3419 3877 3494 ὕδωρ

2316 3517 2379 3568 ἐκ
2429 3514 2630 3584 πέτρας
2674 3512 2847 3577 ἐξάξει
2895 3513 3096 3575 αὐτοῖς.
3142 3510 3493 3580 Σχισθήσεται
3537 3512 3733 3580 πέτρα,
3783 3496 3878 3564 ait

2320 3607 2574 3676 ρυήσεται
2619 3603 2782 3672 ὕδωρ,
2834 3603 2926 3654 καὶ
2973 3601 3150 3654 πίεται
3195 3602 3224 3652 ὁ
3273 3601 3396 3662 λαός
3444 3617 3563 3670 μου.
3603 3600 3716 3654 Οὐκ
3761 3598 3878 3652 ἐστι

2318 3696 2545 3765 χαίρειν,
2585 3693 2732 3760 λέγει
2777 3691 2998 3762 Κύριος,
3041 3693 3150 3753 τοῖς
3191 3689 3459 3743 ἀσεϐέσιν.
3513 3708 3532 3740 ι
3578 3686 3878 3743 Εὑσεϐοὗσι

2317 3783 2424 3855 γὰρ
2457 3785 2604 3835 πᾶσα
2634 3783 2890 3854 πάρεστιν
2923 3783 2956 3851 ἡ
2992 3781 3139 3852 παρὰ
3170 3781 3262 3833 τοῦ
3292 3779 3426 3832 Θεοῦ
3456 3779 3634 3850 τρυφὴ
3664 3777 3758 3832 καὶ
3786 3777 3879 3832 σὺ-

2320 3873 2578 3945 φροσύνη,
2621 3874 2712 3926 καὶ
2758 3874 2856 3926 ὅσα
2893 3871 3219 3941 ἐπήγγελται
3265 3869 3444 3939 ἀγαθὰ
3473 3869 3625 3925 ἀλλιι⁸
3671 3873 3781 3934 τοῖς
3819 3866 3878 3924 δέ

2320 3965 2567 4019 ἀσεϐέσιν
2596 3963 2769 4026 οὐδεὶς
2799 3961 2956 4031 λόγος
2987 3962 3120 4033 πρὸς
3148 3962 3217 4016 τὰ
3243 3960 3646 4032 ἐπηγγελμένα.

2820 4160 3207 4218 1(ΕΦᾹΛΛΙΟΝ
3243 4158 3375 4216 ΜΘἌ

2396 4278 2415 4310 ι
2475 4257 2762 4312 Ἀκούσατέ
2806 4273 2926 4327 μου,
2973 4255 3145 4325 νῆσοι,
3181 4254 3274 4307 και
3318 4251 3631 4324 προσέχετε,
3667 4249 3811 4320 ἔθνη.
3855 4265 3876 4300 ι

677 4357 779 4401 tes.
811 4365 830 4399 ι
868 4346 1065 4414 Aperte
1111 4342 1376 4411 significat
1422 4356 1480 4396 se
1511 4356 1614 4393 non
1642 4337 1856 4393 Iudaeos
1887 4340 1938 4392 in
1971 4346 2202 4404 prmsent

2324 4351 2616 4420 Μονονουχὶ
2653 4348 2835 4417 σαφῶς
2863 4347 3314 4417 διαστελλόμενος,
3345 4347 3446 4408 ὅτι,
3480 4345 3556 4414 μὴ
3577 4342 3710 4412 πρὸς
3752 4341 3885 4394 Ἰου-

678 4440 1021 4508 compellare,
1055 4451 1225 4504 neque
1255 4435 1319 4488 ad
1352 4434 1576 4502 quasvis
1606 4432 1790 4485 obvias
1824 4430 2022 4484 insulas
2054 4430 2205 4482 verb:

2326 4442 2499 4504 δαίους
2653 4413 2893 4510 παρόντα
2931 4413 3212 4498 συντείνει,
3253 4435 3374 4504 μηδ’
3426 4413 3501 4496 ὼς
3543 4413 3702 4502 ἔτυχε
3745 4430 3884 4502 πρός

682 4533 877 4592 facere,
912 4527 1001 4579 sed
1037 4524 1100 4576 ad
1127 4534 1312 4591 gentes
1340 4533 1394 4576 et
1425 4523 1490 4575 ad
1539 4522 1629 4575 Dei
1665 4520 1934 4573 Ecclesias
1964 4519 2014 4572 in
2047 4517 2223 4572 medio

681 4621 918 4688 gentium
978 4615 1198 4683 positas.
1253 4613 1588 4681 Quapropter
1639 4610 1931 4665 secundum
1979 4608 2211 4679 Symma-

680 4714 862 4770 chum,
892 4709 972 4761 sic
1009 4707 1203 4773 legitur
1235 4723 1247 4758 :
1281 4721 1298 4754 ι
1320 4703 1511 4757 Audite
1545 4718 1646 4766 me,
1687 4701 1892 4763 insula},
1939 4711 1994 4753 et
2015 4698 2225 4752 anscul-

683 4813 810 4863 tate,
839 4811 1051 4869 gentes.
1085 4819 1103 4850 ι
1144 4798 1282 4865 Quid
1318 4796 1478 4865 igitur
1505 4794 1755 4848 Ecclesiae
1803 4810 1912 4848 suae
1948 4794 2226 4847 declarare

677 4901 912 4959 expetat,
966 4892 1037 4944 ita
1090 4890 1272 4944 Subdit
1310 4904 1322 4939 :
1353 4905 1372 4938 ι
1425 4885 1525 4940 Per
1562 4886 1784 4938 multum
1823 4896 2034 4952 tempus
2062 4884 2225 4937 stabit

685 4981 960 5033 boininus.
996 4999 1014 5030 ι
1047 4981 1121 5032 Ac
1151 4979 1322 5045 primo
1348 4977 1738 5032 observandum
1761 4987 1864 5036 est.
1897 4979 2009 5029 haec
2032 4985 2087 5028 et
2109 4986 2227 5042 qua:

684 5080 864 5137 postea
887 5072 1309 5138 subsequuntur,
1350 5083 1414 5120 ex
1448 5065 1670 5135 persona
1713 5066 1918 5118 Domini
1969 5063 2223 5134 prol‘erri.

683 5161 783 5215 Ubi
813 5163 923 5228 ipse
950 5161 1228 5224 Dominus,
1259 5159 1347 5226 qui
1381 5171 1685 5211 sermonem
1719 5171 1940 5209 exorsus
1975 5165 2078 5219 est,
2109 5168 2227 5221 qnze

684 5253 1007 5318 adjiciuntur
1024 5250 1179 5319 quasi
1211 5250 1273 5302 de
1300 5249 1402 5301 alio
1432 5250 1570 5302 dicta
1600 5248 1838 5300 declarat
1864 5265 1878 5300 :
1923 5248 2029 5299 imo
2064 5247 2224 5299 etiam

685 5356 801 5393 sese
833 5341 1063 5409 genitum
1101 5354 1217 5392 esse
1245 5340 1463 5401 fatetur,
1493 5349 1546 5390 et
1584 5353 1794 5389 servum
1833 5346 2128 5404 nuncupat,
2173 5346 2230 5389 et

688 5431 850 5482 multa
885 5430 1070 5482 aliain
1107 5431 1455 5495 sequentibus
1498 5429 1690 5496 aperit.
1735 5425 1813 5480 Ne
1850 5426 1983 5493 jam,
2030 5429 2226 5496 inquit,

687 5521 809 5573 dum
849 5519 957 5572 haec
991 5519 1233 5588 eloquor,
1264 5523 1544 5575 verborum
1578 5518 1826 5574 elleCtum
1872 5535 1969 5575 vos
2016 5521 2230 5576 visuros

757 5695 800 5725 ”
832 5693 956 5749 Luc.
1002 5713 1070 5761 tv,
1115 5699 1192 5750 PS.
1270 5701 1308 5727 εκ
1349 5699 1509 5752 Ιίῖίιτν.
1547 5716 1597 5763 κ,
1627 5701 1672 5752 ί.

2323 4549 2471 4596 τινας
2518 4531 2836 4602 προχείρους
2879 4529 3175 4598 νοουμένας
3213 4527 3429 4596 νήσους,
3479 4523 3611 4577 ἀλλὰ
3645 4523 3780 4592 πρὸς
3812 4520 3886 4576 τὰ

2322 4623 2446 4694 ἔθνη
2491 4624 2582 4675 καὶ
2627 4623 2725 4684 τὰς
2783 4619 2980 4690 μεταξὺ
3038 4618 3142 4670 τῶν
3195 4617 3360 4669 ἐονῶν
3413 4614 3884 4686 μεσολαϐουμένας

2324 4714 2414 4767 τοῦ
2443 4713 2576 4766 Θεοῦ
2613 4713 2955 4783 Ἐκκλησίας.
2986 4709 3147 4763 Ὅθεν
3177 4709 3270 4761 καὶ
3303 4708 3440 4761 κατὰ
3468 4706 3557 4760 τὸν
3589 4705 3885 4777 Σύμμαχον

2324 4801 2505 4854 τοῦτον
2538 4802 2749 4872 εἴρηται
2775 4801 2864 4852 τὸν
2897 4800 3121 4872 τρόπον,
3171 4817 3188 4850 ι
3235 4797 3524 4851 Ἀκούσατέ
3556 4813 3677 4866 μου,
3708 4799 3882 4866 νῆσοι,

2329 4892 2418 4944 καὶ
2453 4891 2812 4964 ἀκροάσασθε,
2840 4890 2983 4960 ἔθνη.
3030 4910 3048 4942 ι
3083 4889 3146 4942 Τί
3176 4889 3351 4943 τοίνυν
3381 4888 3622 4959 βούλεται
3654 4887 3884 4952 διδάξειν

2328 4983 2422 5052 τὴν
2460 4983 2780 5054 Ἐκκλησίαν
2803 4982 2988 5043 αὑτοῦ,
3007 4982 3264 5050 ἐπιλέγει,
3296 5001 3314 5032 ι
3349 4980 3446 5033 Διὰ
3471 4981 3659 5051 χρόνου
3687 4976 3884 5031 πολλοῦ

2332 5073 2579 5142 στήσεται
2620 5072 2841 5142 Κύριος.
2881 5091 2898 5122 ι
2936 5072 3044 5125 Καὶ
3080 5071 3290 5141 πρῶτον
3320 5068 3692 5139 ἐπιτηρητέον,
3719 5066 3793 5129 ὡς
3820 5067 3888 5119 ἐκ

2331 5160 2618 5231 προσώπου
2656 5160 2749 5212 τοῦ
2792 5161 2992 5231 Κυρίου
3039 5160 3209 5215 ταῦτα
3253 5160 3470 5231 φέρεται
3520 5159 3610 5210 καὶ
3653 5157 3721 5210 τὰ
3757 5157 3887 5227 ἑξῆς

2328 5253 2532 5315 τούτοις
2566 5253 2960 5323 ἐπιφερόμεναο
2989 5253 3044 5305 ἐν
3073 5247 3150 5314 οἷς
3175 5251 3333 5313 αὐτὸς
3362 5253 3391 5304 ό
3421 5249 3514 5302 τοῦ
3545 5249 3704 5317 λόγου
3749 5264 3878 5301 κατι

2330 5343 2496 5412 αρξας
2529 5342 2728 5413 Κύριος
2764 5342 2838 5406 ὡς
2889 5344 3013 5416 ’περὶ
3062 5344 3244 5414 ἐτέρου
3278 5342 3514 5395 διδάσκει
3541 5341 3606 5393 τὰ
3639 5340 3888 5408 ἐπιλεγό-

2335 5449 2497 5501 μενα·
2535 5432 2670 5486 ἀλλὰ
2710 5432 2803 5484 καὶ
2844 5433 3200 5502 γεγεννῆσθαι
3251 5432 3437 5485 ἐαυτὸν
3472 5432 3743 5502 ὁμολογεῖ,
3786 5435 3889 5487 καὶ

2330 5522 2506 5576 δοῦλον
2541 5523 2726 5590 ἑαυτὸν
2766 5523 3035 5593 ὀνομάζει,
3064 5525 3154 5576 καὶ
3182 5525 3278 5578 ὅσα
3308 5523 3440 5579 ἄλλα
3473 5525 3768 5595 παρίστησι
3795 5522 3892 5583 διὰ
