4128 6294
730 361 829 416 451

1359 350 1624 409 nusnnn
1660 348 2128 406 CESARIENSIS
2164 352 2319 412 ore.
2363 354 2545 410 psus
2584 354 2668 411 ιιι.
2709 340 2778 397 —‘—
2815 354 3225 411 EXEGETICA.
3843 357 3949 413 us

726 474 1039 529 credulitate
1091 479 1449 534 manserunt;
1497 478 1658 537 atque
1713 468 1765 521 ln
1815 466 2004 537 primis
2070 465 2269 525 Judaei

2390 472 2602 541 καμὼν,
2657 475 2752 527 καὶ
2805 475 3029 545 μυρίους
3070 473 3268 535 κόπους
3320 472 3614 542 ὑπομείνας
3664 473 3800 545 ὑπὲρ
3847 476 3947 547 τῆς

724 582 890 635 quare
919 566 1072 619 dico:

2392 564 2500 617 τῶν
2534 564 2832 634 ἀνθρώπων
2882 565 3175 637 σωτηρίας,
3210 565 3363 619 οὐδὲν
3409 566 3608 636 ἧνυσα·
3641 567 3691 619 οἱ
3732 566 3946 652 πλείους

722 657 828 729 γὰρ
869 655 1046 708 αὐτῶν
1079 654 1435 724 ὲναπέμειναν
1465 654 1533 723 τῇ
1564 652 1817 725 ἀπιστία·
1849 654 1941 707 καὶ
1972 656 2184 726 πρῶτόν
2214 672 2277 723 γε
2315 664 2374 709 το
2418 655 2683 709 Ἰουδαίων
2712 656 2881 720 ἔθνος·
2913 656 2993 710 διό
3012 671 3186 728 φημι⁶

799 771 957 823 Vnus.
982 769 1102 822 4-5.
1138 786 1157 819 s
1186 766 1311 819 Sine
1336 779 1495 817 causa
1538 764 1797 832 laboravi,
1828 767 1878 820 in
1908 784 2108 823 vanum
2149 780 2204 824 et
2230 771 2281 823 in

725 864 949 917 nihilum
982 860 1097 914 dedi
1148 856 1510 911 fortitudinem
1548 870 1743 910 meam.
1789 858 2079 928 Ptopterea
2128 862 2278 929 iudi—

726 956 867 1008 cium
895 965 1066 1006 meum
1092 964 1119 1001 a
1155 949 1377 1003 Domino
1396 988 1412 1013 ,
1448 959 1501 1003 et
1530 948 1683 1003 lahor
1714 964 1862 1005 mens
1891 950 1943 1003 in
1988 964 2277 1020 conspectu

726 1044 821 1097 Dei
851 1041 975 1096 mei.
1005 1040 1068 1093 l-lt
1098 1053 1239 1093 nunc
1285 1038 1363 1093 sic
1422 1038 1551 1091 dicit
1584 1039 1868 1105 Dominus,
1904 1044 1994 1110 qui
2028 1042 2281 1099 formavit

726 1149 811 1188 me
836 1149 901 1187 ex
938 1140 1092 1184 utero
1123 1144 1334 1184 servum
1365 1128 1489 1191 sibi,
1521 1139 1578 1183 ut
1611 1145 1995 1201 congregarem
2016 1132 2183 1190 Jucob
2214 1137 2277 1189 ad

724 1242 873 1288 eum,
898 1234 952 1279 et
984 1222 1187 1288 Israel;
1218 1222 1591 1291 congregabor
1616 1233 1672 1277 et
1699 1223 2046 1289 glorificahor
2078 1227 2131 1281 in
2158 1244 2280 1283 con-

723 1313 907 1386 sp'ectu
939 1314 1171 1377 Domini,
1200 1320 1255 1368 et
1280 1312 1418 1367 Deus
1449 1328 1600 1368 meus
1633 1315 1737 1369 erit
1767 1317 1899 1371 mihi
1936 1316 2217 1374 fortitudo.
2251 1340 2271 1374 ι

723 1406 948 1464 Etiamsi
975 1407 1117 1461 enim
1149 1403 1391 1459 homines
1421 1418 1525 1458 non
1547 1414 1691 1460 recte
1731 1416 1913 1478 agant,
1952 1424 2051 1465 nec
2091 1424 2156 1464 ex
2199 1410 2278 1465 la-

722 1501 942 1555 horibus
979 1498 1145 1563 meis,
1174 1510 1305 1564 quos
1337 1496 1573 1564 ipsorum
1603 1513 1764 1554 causa
1811 1515 2100 1570 perpessus
2134 1518 2275 1569 sum,

720 1593 934 1661 dignam
967 1589 1253 1643 utilitatem
1281 1588 1589 1657 accipiant;
1627 1598 1682 1641 at
1721 1604 1819 1659 ego
1852 1591 1938 1656 iis,
1968 1608 2087 1661 qua:
2114 1608 2278 1661 penes

721 1699 809 1739 me
840 1690 1017 1746 erant,
1048 1679 1383 1749 perfunctus,
1417 1679 1468 1732 in
1501 1689 1795 1747 conspectu
1831 1680 1922 1736 Dei
1957 1683 2059 1736 mei
2097 1692 2276 1753 pater-

720 1790 843 1829 nam
871 1773 1074 1843 explevi
1118 1771 1446 1827 voluntatem
1482 1788 1496 1826 :
1544 1772 1893 1840 quamobrem
1936 1772 2022 1840 iis,
2069 1775 2158 1843 qui
2206 1790 2272 1830 ex

718 1865 1121 1921 circumcisione
1157 1875 1299 1928 sunt,
1327 1865 1555 1933 primum
1589 1864 1876 1919 salutarem
1910 1874 1963 1920 et
1994 1876 2272 1935 paternam

718 1959 944 2030 gratiam
976 1954 1280 2027 praedicavi.
1316 1952 1450 2008 Nam
1496 1954 1587 2024 qui
1618 1954 1866 2007 formavit
1900 1956 2093 2010 me’ab
2124 1970 2274 2013 utero

719 2066 934 2106 servum
965 2049 1089 2109 sibi.
1124 2056 1178 2101 et
1209 2063 1275 2101 ex
1312 2046 1505 2101 lsraele
1532 2061 1725 2115 corpus
1765 2061 1941 2100 meum
1976 2048 2271 2102 concinna-

712 2144 814 2208 vit,
844 2142 889 2196 is
920 2140 1087 2195 voluit
1119 2148 1176 2192 ut
1201 2138 1332 2205 ipsis
1362 2137 1631 2207 prioribus
1671 2138 1897 2207 gratiam
1932 2152 2103 2192 meam
2137 2157 2273 2209 prae-

715 2235 976 2295 dicarem,
1005 2240 1061 2284 ut
1091 2228 1257 2285 Jacob
1286 2239 1340 2283 et
1369 2228 1535 2283 Israel
1584 2230 1651 2282 ad
1701 2244 1823 2283 eum
1863 2243 2269 2301 congregarem.

714 2323 845 2379 Jure
884 2325 1061 2391 itaque
1100 2320 1212 2376 hmo
1236 2321 1434 2374 monita
1466 2320 1629 2375 tradit
1660 2338 1672 2374 :
1708 2339 1727 2373 ι
1769 2320 1825 2375 ln
1861 2321 1999 2375 viam
2035 2323 2270 2392 gentium

714 2431 783 2471 ne
811 2413 1071 2479 abieritis,
1099 2421 1153 2467 et
1180 2412 1232 2466 in
1266 2412 1537 2467 civitatem
1588 2412 2045 2467 Samaritanorum
2095 2430 2160 2469 ne
2192 2416 2272 2469 in-

717 2506 1030 2561 traveritis:
1063 2504 1135 2558 ite
1166 2505 1343 2575 potius
1376 2505 1442 2559 ad
1481 2518 1630 2565 oves,
1667 2518 1784 2572 qua:
1841 2504 2135 2575 perierunt,
2174 2508 2269 2563 do-

717 2616 835 2654 mus
868 2596 1029 2654 Israel
1054 2596 1118 2650 ".
1157 2614 1175 2647 ι
1209 2595 1352 2650 Patri
1392 2609 1519 2666 ergo
1574 2595 1798 2665 placuit,
1836 2604 1892 2649 ut
1942 2596 2008 2649 ad
2049 2610 2271 2667 congre-

714 2692 947 2763 gandum
979 2688 1143 2743 Jacob
1174 2697 1228 2742 et
1252 2686 1437 2750 Israel,
1487 2686 1555 2741 ad
1599 2686 1843 2741 homines
1872 2687 2159 2741 transitum
2190 2688 2269 2742 fa-

710 2797 916 2845 cerem,
955 2782 1093 2835 unde
1122 2780 1217 2844 ait,
1250 2796 1269 2831 ι
1300 2778 1353 2832 In
1391 2786 1443 2831 te
1473 2776 1761 2847 gloriabor.
1810 2795 1829 2829 ο
1893 2776 2003 2847 Ego
2030 2793 2159 2833 vero
2186 2780 2267 2835 in.

714 2874 1079 2929 credulitatem
1106 2881 1160 2926 et
1186 2871 1436 2926 duritiem
1476 2868 1693 2924 lsraelis
1739 2871 2105 2939 conspicatus,
2152 2870 2264 2938 jam

712 2968 918 3036 pridem
954 2964 1061 3019 dixi
1096 2982 1110 3019 :
1140 2981 1160 3015 σ
1194 2962 1322 3017 Sine
1352 2976 1512 3015 causa
1568 2960 1803 3016 laboravi
1846 2978 1860 3015 :
1898 2961 1949 3014 in
1983 2975 2176 3015 vanum
2211 2970 2265 3017 et

2456 790 2473 821 ι
2509 768 2692 833 Κενῶς
2714 770 2997 833 ἐκοπίασα,
3024 770 3104 832 είς
3132 770 3358 839 μάταιον
3381 770 3475 822 καὶ
3498 770 3574 833 είς
3595 770 3743 823 οὐδὲν
3771 770 3945 823 ἔδωκα

2379 859 2645 931 τὴνίσχὺν
2673 877 2794 930 μου.
2824 861 2923 914 Διά
2938 859 3150 929 τοῦτοή
3197 859 3378 930 κρίσις
3414 878 3515 930 μου
3548 862 3695 930 παρὰ
3735 861 3943 930 Κυρῖῳ,

2378 958 2471 1004 καὶ
2496 953 2525 1003 6
2550 952 2707 1015 πόνος
2730 969 2829 1022 μου
2856 951 3094 1005 ἐναντίον
3116 950 3208 1003 τοῦ
3230 951 3364 1003 Θεοῦ
3396 968 3518 1020 μου.
3547 952 3653 1003 Καὶ
3684 951 3777 1005 νῦν
3807 949 3945 1002 οὕτω

2378 1042 2521 1110 λέγει
2552 1041 2773 1113 Κύριος,
2804 1045 2832 1097 6
2865 1044 3074 1103 πλάσας
3102 1058 3167 1113 με
3202 1044 3265 1094 ὲκ
3298 1043 3507 1105 κοιλίας
3534 1042 3715 1095 δοῦλον
3742 1040 3941 1111 ἐαυτῷ,

2377 1132 2469 1185 τοῦ
2496 1136 2813 1201 συναγαγεῖν
2840 1133 2932 1185 τὸν
2946 1131 3137 1187 Ἰακὼϐ
3171 1131 3308 1204 πρὸς
3344 1132 3527 1196 αὑτὸν,
3576 1132 3667 1185 καὶ
3704 1131 3937 1203 Ἰσραήλ·

2380 1223 2779 1295 συναχθήσομαι
2828 1226 2921 1279 καὶ
2968 1225 3368 1296 δοξασθήσομαι
3424 1224 3663 1277 ἐναντίον
3710 1222 3941 1295 Κυρίου,

2379 1316 2471 1369 καὶ
2504 1318 2531 1368 6
2560 1315 2689 1378 Θεὸς
2740 1333 2839 1384 μου
2881 1315 3033 1370 ἔσται
3082 1334 3170 1386 μοι
3215 1315 3385 1385 ἰσχύς.
3422 1333 3440 1366 ›
3476 1316 3537 1369 Εἰ
3572 1314 3678 1386 γὰρ
3721 1314 3815 1367 καὶ
3864 1314 3943 1385 μὴ

2378 1406 2653 1478 ἅνθρωποι
2689 1406 3019 1478 κατορθῶσι,
3055 1407 3176 1478 μηδ’
3223 1407 3389 1472 ἀξίως
3419 1406 3527 1459 τῶν
3562 1406 3706 1476 ἐμῶν
3738 1405 3939 1467 πόνων,

2375 1492 2449 1551 ὧν
2476 1499 2743 1569 ὑπέμεινα
2774 1498 2841 1551 δι’
2870 1500 3085 1562 αὐτοὺς,
3132 1497 3485 1567 ὠφελοῦνται·
3530 1498 3644 1550 ἀλλ’
3695 1496 3825 1565 ἐγὼ,
3870 1496 3939 1549 τὰ

2376 1592 2505 1661 παρ’
2530 1590 2766 1662 ἐμαυτοῦ
2799 1592 3030 1663 πράξας,
3061 1592 3299 1645 ἐναντίον
3325 1590 3419 1642 τοῦ
3450 1589 3584 1643 θεοῦ
3615 1608 3713 1660 μου
3735 1589 3795 1641 τὸ
3831 1605 3938 1641 1:1-

2302 1708 2347 1767 Β
2374 1683 2557 1753 τρικὸν
2588 1682 2874 1736 ἑτελείωσα
2905 1682 3181 1754 βούλημιν
3215 1681 3296 1735 διὸ
3336 1681 3565 1753 πρώτοις
3596 1684 3778 1745 αὐτοῖς
3809 1682 3939 1750 ἐκή-

2378 1772 2509 1842 ρυξα
2536 1776 2648 1835 τοὶς
2680 1776 2743 1825 ἐκ
2770 1774 3069 1845 περιτομῆς
3095 1773 3193 1845 τὴν
3225 1773 3499 1843 σωτηρίαν
3534 1774 3627 1825 καὶ
3674 1770 3939 1843 πατρικὴν

2371 1862 2551 1934 χάριν.
2591 1862 2649 1915 Ὀ
2673 1863 2781 1934 γάρ
2813 1862 3020 1927 πλάσας
3053 1880 3120 1933 με
3153 1866 3217 1916 ὲκ
3260 1862 3467 1926 κοιλίας
3498 1862 3683 1915 δοῦλον
3733 1862 3932 1932 ἑαυτῷ,

2372 1955 2466 2006 καὶ
2489 1956 2552 2006 ὲκ
2578 1954 2673 2007 τοῦ
2711 1954 2923 2025 Ἰσραὴλ
2942 1954 3001 2007 τὸ
3022 1953 3181 2025 σῶμά
3208 1972 3305 2025 μου
3329 1954 3762 2016 κατασκευάσας,
3790 1953 3938 2025 πρώ-

2370 2062 2481 2108 τοις
2508 2046 2691 2109 αὐτοῖς
2724 2045 2957 2117 κηρῦξαι
2993 2045 3310 2116 βεϐούληται
3342 2044 3439 2115 τὴν
3476 2044 3712 2115 ἐμαυτοῦ
3753 2047 3932 2117 χάριν,

2371 2138 2449 2199 εἰς
2476 2136 2536 2188 τὸ
2582 2139 2904 2204 συναγαγεῖν
2930 2136 3022 2190 τὸν
3067 2136 3256 2191 Ἰακὼϐ
3300 2137 3434 2207 πρὸς
3478 2136 3657 2195 αὐτὸν,
3705 2138 3799 2189 καὶ
3844 2134 3933 2190 τὸν

2383 2227 2614 2298 Ἰσραήλ.
2634 2228 2870 2291 Εἰκότως
2885 2224 2978 2281 οὖν
2996 2230 3252 2299 παραινεῖ
3264 2227 3456 2296 λέγων,
3473 2247 3490 2279 ι
3520 2229 3612 2291 Εἰς
3632 2229 3748 2281 ὁδὸν
3766 2228 3932 2282 ἐθνῶν

2373 2317 2445 2386 μὴ
2481 2315 2771 2385 ἀπέλθητε,
2800 2318 2893 2370 καὶ
2924 2317 3003 2378 εἰς
3050 2316 3203 2369 πόλιν
3247 2316 3597 2387 Σαμαρειτῶν
3639 2317 3712 2387 μὴ
3758 2315 3932 2369 stall.

2370 2406 2499 2476 θητε
2520 2424 2532 2436 ·
2567 2405 2861 2478 πορεύεσθε
2890 2406 2946 2459 δὲ
2979 2406 3179 2477 μᾶλλον
3210 2408 3291 2469 είς
3317 2406 3385 2459 τά
3426 2406 3671 2478 προϐατα
3696 2407 3766 2460 τά
3798 2408 3933 2461 ἀπο-

2368 2496 2572 2553 λωλότα
2611 2500 2760 2552 οἴκου
2819 2500 3051 2571 Ἰσραήλ.
3093 2518 3111 2548 ι
3156 2497 3213 2551 '0
3247 2498 3345 2570 μὲν
3384 2495 3475 2552 οὖν
3515 2500 3702 2571 Πατὴρ
3751 2501 3831 2563 είς
3872 2500 3933 2552 τὸ

2371 2592 2693 2657 συναγαγεῖν
2729 2590 2811 2643 τὸν
2875 2589 3069 2643 Ἰακὼϐ
3116 2591 3211 2643 καὶ
3256 2592 3347 2644 τὸν
3391 2590 3622 2662 Ἰσραὴλ,
3665 2592 3929 2663 ηὐδόκησε

2367 2680 2463 2751 τὴν
2489 2683 2570 2755 εἰς
2614 2681 2933 2751 ἀνθρώπους
2966 2682 3193 2755 πάροδον
3244 2701 3310 2753 με
3341 2683 3689 2755 ποιήσασθαι,
3737 2686 3927 2750 είπὼν,

2373 2789 2392 2823 ι
2442 2753 2527 2824 ’έν
2563 2772 2645 2825 σοὶ
2687 2753 3104 2845 δοξασθήσομαιο
3139 2792 3157 2822 ι
3192 2771 3303 2840 ἐγὼ
3329 2772 3385 2825 δὲ
3414 2753 3513 2844 τὴν
3552 2773 3812 2829 ἀπιστίαν
3840 2772 3930 2826 καὶ

2367 2863 2463 2935 τὴν
2514 2864 2940 2937 σκληροκαρδίαν
2969 2864 3183 2936 θεωρῶν
3209 2864 3302 2917 τοῦ
3342 2865 3581 2937 Ἰσραὴλ,
3629 2861 3783 2919 εἶπον
3828 2864 3926 2936 ἤδη

2368 2956 2652 3027 πρότερον,
2686 2958 2787 3018 δτι,
2822 2976 2839 3007 ι
2874 2955 3060 3019 Κενῶς
3104 2956 3389 3009 ἐκοπίασαο
3419 2958 3498 3018 εἰς
3526 2956 3700 3026 μάτην
3730 2956 3825 3009 καὶ
3852 2956 3927 3018 εις

713 3061 767 3113 in
799 3058 1019 3113 nihilum
1053 3054 1170 3110 dedi
1202 3052 1570 3108 fortitudinem
1603 3067 1795 3106 meam.
1831 3070 1849 3103 ι
1896 3050 1950 3105 In
1976 3052 2095 3105 aliis
2125 3068 2261 3121 quo-

2369 3046 2514 3099 οὐδὲν
2542 3046 2715 3099 ἔδωκα
2752 3047 2851 3117 τὴν
2884 3046 3035 3115 ἰσχύν
3084 3064 3202 3117 μου.
3240 3066 3257 3097 ι
3309 3047 3416 3099 Καὶ
3448 3048 3506 3098 ἑν
3538 3046 3745 3118 ἑτέροις
3785 3043 3927 3099 τοῦτ’

715 3165 819 3219 que
852 3150 1078 3218 idipsum
1115 3145 1354 3200 declarat
1394 3142 1477 3197 his
1505 3143 1683 3197 verbis
1723 3161 1737 3198 :
1770 3161 1788 3193 ι
1821 3142 1949 3209 Quae
1982 3143 2182 3197 utilitas
2214 3144 2265 3196 in

712 3242 970 3312 sanguine
995 3254 1135 3304 meo,
1165 3236 1289 3291 dum
1316 3234 1579 3289 descendo
1620 3236 1671 3287 in
1702 3234 2099 3303 corruptionem
2129 3234 2216 3287 “1'
2242 3250 2261 3284 ι

715 3334 837 3388 Sola
868 3334 1061 3401 quippe
1104 3326 1232 3382 mihi
1266 3340 1351 3393 ea,
1391 3341 1511 3395 ane
1540 3326 1607 3378 ab
1637 3324 1755 3393 ipso
1804 3336 1909 3389 est,
1945 3325 2115 3394 gloria
2146 3338 2264 3379 ser-

714 3437 889 3491 vatur,
909 3434 962 3479 et
987 3426 1097 3491 ipse
1112 3420 1328 3491 quidem
1356 3428 1438 3473 est
1461 3415 1739 3474 fortitudo.
1765 3417 2094 3471 Admiranda
2124 3418 2264 3470 enim

716 3527 771 3572 et
803 3514 1059 3585 stupenda
1090 3514 1205 3583 ejus
1234 3523 1419 3580 opera,
1465 3508 1682 3564 virtutis
1724 3507 1840 3580 ejns
1890 3519 2262 3579 argumentum

714 3621 887 3663 erant.

785 3719 944 3773 Vens.
991 3717 1042 3772 6.
1096 3716 1205 3771 «Et
1235 3715 1370 3769 dixit
1416 3712 1570 3773 mihi.
1625 3712 1872 3783 Magnum
1923 3722 2006 3769 est
2053 3713 2146 3768 tibi
2201 3722 2261 3766 nt

709 3812 920 3865 voceris
970 3823 1104 3878 puer
1162 3822 1332 3870 meus,
1380 3815 1437 3859 ut
1483 3814 1692 3861 statuas
1752 3805 1921 3859 tribus
1967 3802 2153 3868 Iacob,
2210 3813 2265 3859 et

712 3897 1095 3965 dispersionem
1123 3894 1283 3949 Israel
1316 3886 1623 3948 cenvertas.
1654 3911 1673 3944 ι
1707 3890 1836 3947 Nam
1870 3907 2055 3947 revera
2092 3894 2263 3947 innxi-

712 4003 858 4042 mmn
901 3995 1020 4040 erat
1067 3984 1361 4039 Salvatoris
1408 3983 1577 4037 nostri
1630 3969 1785 4052 opus,
1845 3983 1987 4053 quod
2037 3983 2262 4038 formam

712 4078 853 4133 servi
896 4075 1186 4145 acceperit,
1225 4084 1279 4129 et
1317 4075 1602 4128 humanam
1637 4073 2036 4144 generationem
2079 4074 2263 4129 subie-

714 4170 804 4223 rit.
844 4168 1013 4221 Causa
1046 4180 1205 4235 porro
1235 4180 1332 4219 cur
1368 4164 1614 4219 Salvator
1670 4179 1858 4219 servus
1901 4162 2123 4218 effectus
2170 4165 2261 4229 sit,

713 4260 830 4311 lucc
870 4267 1015 4321 erat,
1066 4255 1142 4308 uti
1201 4255 1410 4309 scilicet
1457 4254 1627 4307 tribus
1663 4252 1827 4307 Jacoh
1856 4264 2161 4315 statueret,
2209 4263 2264 4308 et

712 4341 1073 4410 dispersiones
1101 4339 1312 4395 lsraelis
1342 4350 1701 4397 converteret.
1730 4340 1850 4395 Ideo
1881 4340 2008 4409 ipsis
2030 4343 2259 4411 primum

2370 3136 2499 3189 αὐτὸ
2525 3136 2672 3206 δηλοί
2703 3133 2895 3200 εἰπὼν,
2938 3156 2955 3186 ε
2993 3135 3086 3199 Τίς
3118 3134 3351 3205 ὠφέλεια
3384 3137 3441 3187 ὲν
3470 3134 3549 3206 τῷ
3587 3135 3774 3205 αἵματί
3806 3150 3927 3206 μου,

2368 3229 2426 3279 ἐν
2453 3226 2529 3297 τῷ
2558 3226 2902 3281 καταϐαίνειν
2931 3243 2999 3295 με
3027 3228 3106 3290 εἰς
3132 3224 3422 3299 διαφθοράν
3447 3240 3461 3290 ;
3504 3244 3522 3275 ι
3579 3225 3727 3295 Μόνη
3754 3226 3863 3299 γάρ
3893 3227 3927 3296 ἡ

2369 3321 2497 3391 παρ’
2528 3320 2691 3373 αὐτοῦ
2756 3336 2844 3390 μοι
2907 3319 3030 3383 δόξα
3091 3318 3459 3386 πεφύλακται,
3494 3319 3589 3370 καὶ
3628 3318 3791 3380 αὐτὸς
3830 3315 3927 3388 μέν

2366 3411 2513 3462 ἐστιν
2542 3412 2575 3479 ή
2624 3409 2795 3479 ἰσχύς.
2826 3408 2906 3462 Τὰ
2937 3407 3065 3477 γοῦν
3093 3408 3367 3479 θαυμάσια
3410 3408 3502 3460 καὶ
3537 3407 3607 3460 τά
3648 3407 3927 3479 παράδοξα

2364 3500 2501 3572 ἔργα
2536 3501 3023 3573 διεμπεπραγμένα
3068 3486 3169 3571 τῆς
3206 3498 3367 3553 αὑτοῦ
3413 3498 3689 3563 δυνάμεως
3718 3496 3790 3571 ἦν
3821 3516 3925 3553 πα-

2365 3595 2687 3662 ραστατικά.

2442 3727 2459 3759 ι
2498 3709 2606 3762 Kal.
2651 3705 2770 3761 εἶπέ
2806 3726 2924 3779 μοι,
2966 3709 3123 3778 Μέγα
3163 3711 3245 3763 σοί
3278 3712 3393 3763 ἐστι
3436 3710 3527 3764 τοῦ
3567 3708 3833 3779 κληθῆναι
3866 3725 3924 3765 σε

2365 3799 2527 3853 παῖδά
2560 3817 2681 3869 μου,
2720 3800 2813 3853 τοῦ
2858 3803 3047 3871 στῆσαι
3087 3800 3186 3864 τὰς
3227 3802 3395 3869 φυλὰς
3446 3800 3671 3863 Ἰακὼϐ,
3706 3802 3800 3855 καὶ
3830 3802 3925 3868 τὴν

2363 3889 2653 3961 διασπορὰν
2694 3890 2785 3943 τοῦ
2833 3890 3046 3961 Ἰσραὴλ
3093 3892 3435 3962 ἐπιστρέψαι.
3487 3909 3506 3942 ι
3555 3892 3664 3945 Καὶ
3704 3897 3814 3963 γάρ
3852 3890 3922 3954 ὡς

2364 3980 2574 4050 ἀληθῶς
2602 3980 2853 4051 μέγιστον
2886 3981 3041 4053 ἔργον
3061 3982 3153 4036 τοῦ
3178 3983 3425 4053 Σωτῆρος
3450 3984 3604 4055 ἡμῶν
3626 3984 3686 4037 τδ
3716 3982 3922 4055 μορφὴν

2361 4070 2545 4123 δούλου
2583 4069 2899 4137 ἀναλαϐεῖν,
2944 4073 3037 4125 καὶ
3079 4073 3178 4144 τὴν
3208 4074 3264 4125 ἐν
3305 4072 3607 4144 ἀνθρώποις
3638 4074 3920 4145 ὑπομένειν

2363 4158 2631 4229 γέννησιν.
2691 4160 2763 4211 Τὸ
2814 4159 2869 4213 δὲ
2920 4160 3088 4213 αἴτιον
3139 4160 3232 4214 τοῦ
3289 4161 3471 4215 δοῦλον
3534 4162 3783 4231 γενέσθαι
3834 4161 3919 4216 τὸν

2365 4250 2609 4320 Σωτῆρα,
2637 4248 2793 4303 τοῦτο
2816 4245 2901 4321 ἦν·
2920 4250 3062 4320 λέγω
3080 4251 3143 4322 δὴ
3170 4251 3359 4321 στῆσαι
3387 4253 3484 4317 τὰς
3508 4252 3677 4322 φυλὰς
3712 4250 3915 4315 Ἰακὼϐ,

2367 4339 2456 4391 καὶ
2480 4338 2576 4402 τὰς
2597 4339 2893 4411 διασπορὰς
2925 4342 3020 4394 τοῦ
3066 4343 3277 4415 Ἰσραὴλ
3316 4345 3657 4415 ἐπιστρέψαι.
3702 4344 3795 4397 Διὸ
3828 4345 3917 4399 αὐ-

712 4434 1056 4503 praedicabat,
1090 4433 1180 4501 qui
1216 4432 1409 4487 animis
1437 4432 1631 4501 captivi
1662 4443 1837 4496 erant,
1866 4434 2257 4500 dimissionem,

2369 4432 2477 4493 τοῖς
2500 4429 2732 4502 πρώτοις
2753 4432 3067 4502 ἐκήρυττεν,
3108 4420 3469 4504 αἰχμαλώτοις
3490 4432 3605 4488 οὖσι
3629 4435 3726 4499 τὰς
3750 4434 3916 4506 ψυχὰς

714 4532 770 4576 et
796 4523 953 4577 ccecis
980 4523 1128 4576 visus
1154 4522 1570 4575 restitutionem.
1621 4520 1887 4586 Quoniam
1931 4522 2002 4576 illi
2034 4524 2261 4593 gratiam

717 4626 822 4664 non
870 4619 1217 4677 susceperunt
1245 4649 1260 4672 ,
1336 4620 1730 4680 consequenter
1779 4610 1979 4665 dicitur
2026 4622 2207 4681 postea
2246 4632 2261 4667 :

721 4722 741 4755 ι
770 4703 905 4757 Ecce
934 4703 1085 4771 posui
1119 4711 1170 4756 te
1199 4702 1251 4755 in
1285 4711 1663 4757 testamentum
1691 4704 1929 4773 generis,
1982 4704 2034 4758 in
2092 4704 2261 4759 lucem

713 4795 985 4865 gentium;
1040 4802 1097 4846 ut
1148 4793 1223 4846 sis
1270 4792 1322 4846 in
1367 4792 1593 4849 salutem
1640 4808 1810 4865 usque
1859 4794 1926 4847 ad
1961 4802 2261 4849 extremum

714 4898 890 4943 terra‘.
920 4906 938 4939 ι

787 4999 947 5055 Vens.
972 5000 1083 5067 7,8.
1120 5018 1139 5053 ι
1168 4998 1260 5054 Sic
1281 4999 1412 5054 dicit
1439 4998 1717 5067 Dominus,
1741 5001 1830 5073 qui
1854 5001 1996 5056 eruit
2022 5010 2091 5063 te,
2126 5000 2264 5055 Dens

712 5093 899 5147 Israel.
930 5112 948 5144 ι
1011 5094 1127 5161 lpse
1181 5108 1432 5162 namque,
1489 5094 1580 5163 qui
1626 5096 1752 5149 olim
1802 5095 1959 5150 Israel
2009 5096 2151 5151 eruit
2199 5097 2264 5149 de

716 5200 875 5236 manu
926 5182 1331 5253 Egyptiorum,
1390 5184 1537 5238 vobis
1591 5200 1805 5254 quoque
1840 5186 2088 5255 gentibus
2150 5187 2263 5241 ha-e

715 5275 1015 5332 annuntiat.
1047 5284 1101 5329 et
1124 5276 1366 5345 praecipit
1398 5276 1607 5340 dicens,
1660 5293 1679 5327 ι
1711 5277 2057 5331 Sanctificate
2111 5294 2261 5341 eum,

712 5366 801 5433 qui
838 5367 1063 5435 despicit
1103 5368 1340 5421 animam
1390 5383 1575 5434 suam;
1610 5386 1627 5419 ι
1678 5379 1879 5439 quanto
1920 5372 2065 5425 enim
2097 5371 2264 5440 magis

716 5455 803 5509 ille
863 5470 981 5511 sese
1028 5456 1325 5510 humiliavit
1384 5470 1551 5525 usque
1598 5457 1665 5509 ad
1710 5471 1959 5525 mortem,
2006 5470 2061 5515 et
2113 5475 2259 5515 mur-

741 5736 779 5766 ³⁷
818 5734 1004 5790 Matth.
1041 5756 1091 5805 κ,
1130 5742 1177 5806 .‘3,
1203 5746 1253 5797 ο.
1293 5743 1336 5773 ⁸⁸
1368 5740 1504 5795 l’sal.
1545 5756 1689 5805 nix,
1728 5740 1811 5793 10.

2369 4515 2464 4586 τὴν
2492 4514 2705 4585 ἄφεσιν,
2726 4517 2817 4569 καὶ
2842 4516 3060 4585 τυφλοῖς
3088 4513 3205 4571 οὖσι
3232 4520 3332 4587 τὴν
3364 4520 3675 4589 ἀνάϐλεψιν.
3706 4521 3913 4591 Ἐπειδὴ

2372 4606 2445 4677 μὴ
2482 4607 2834 4678 παρεδέχοντο
2862 4609 2959 4678 τὴν
2997 4608 3155 4678 χάριν
3189 4610 3403 4673 ἐκεῖνοι,
3437 4609 3740 4675 ἀκολούθως
3775 4611 3913 4682 εἴρη-

2366 4713 2454 4749 ται
2491 4696 2645 4767 ἑξῆς·
2702 4717 2719 4746 ‹
2763 4698 2894 4751 Ἰδοὺ
2933 4697 3155 4751 τέθεικά
3195 4716 3251 4751 σε
3295 4702 3375 4763 είς
3413 4699 3673 4772 διαθήκην
3709 4701 3912 4770 γένους,

2367 4791 2443 4852 εἰς
2470 4788 2582 4858 φῶς
2618 4788 2786 4842 ἐθνῶν
2805 4828 2821 4854 ,
2855 4789 2946 4843 τοῦ
2977 4786 3110 4843 εἷναί
3137 4806 3194 4843 σε
3222 4792 3300 4855 εἰς
3327 4791 3594 4863 σωτηρίαν
3620 4791 3724 4856 ἕως
3761 4795 3912 4863 ἐσχά-

2366 4898 2457 4933 του
2483 4882 2604 4953 γῆς.
2643 4901 2661 4932 ι

2440 5026 2457 5057 ι
2510 5007 2693 5071 οὕτως
2737 5008 2882 5077 λέγει
2919 5008 3141 5079 Κύριος,
3190 5011 3219 5063 6
3264 5011 3565 5082 ρυσάμενός
3611 5028 3690 5075 σε,
3723 5014 3752 5066 6
3790 5011 3908 5077 Θεὸς

2378 5096 2609 5167 Ἰσραήλ.
2658 5114 2674 5147 ι
2718 5099 2887 5161 Αὐτὸς
2928 5096 3054 5169 γάρ,
3098 5099 3281 5168 φησιν,
3316 5101 3538 5165 ἐκεῖνος,
3578 5104 3605 5155 6
3634 5102 3800 5155 παλαι
3826 5102 3909 5155 τὸν

2378 5185 2589 5258 Ἰσραὴλ
2626 5188 2921 5257 ῥυσάμενος
2958 5190 3020 5241 ἐκ
3052 5191 3232 5261 χειρὸς
3262 5193 3570 5260 Αἰγυπτίων
3590 5233 3605 5255 ,
3630 5193 3791 5257 αὐτὸς
3824 5194 3907 5247 καὶ

2366 5280 2491 5349 ὑμῖν
2521 5283 2633 5343 τοῖς
2662 5280 2837 5333 ἔθνεσι
2874 5283 3045 5336 ταῦτα
3085 5287 3412 5355 προσςτωνεί,
3449 5286 3541 5337 καὶ
3581 5284 3906 5339 διατάττεται

2364 5370 2555 5438 λέγων·
2578 5391 2596 5422 ι
2620 5371 2902 5440 ’Λγιάσατε
2927 5374 3013 5426 τὸν
3033 5374 3353 5442 φαυλίζοντα
3380 5375 3477 5446 τὴν
3500 5376 3675 5445 ψυχὴν
3696 5377 3867 5430 αὐτοῦ·
3882 5395 3898 5427 ι

2361 5460 2480 5513 ὅσον
2495 5459 2600 5531 γάρ
2614 5461 2798 5514 ἑαυτὸν
2814 5463 3136 5517 ἐταπείνωσε
3153 5464 3309 5535 μέχρι
3322 5464 3569 5526 θανάτου.
3587 5468 3678 5520 καὶ
3691 5467 3901 5523 θανάτου
