4128 6294
240 371 345 426 433

1139 359 1652 420 COMMENTARIA
1689 357 1758 413 IN
1801 353 2053 411 ISAIAM.
2092 382 2162 394 -—~
2197 349 2349 406 CAP.
2390 346 2579 404 XLIX.

3397 345 3501 400 65-5

241 485 502 555 σταυροῦ,
530 484 757 538 τοσοῦτο
788 483 943 553 ὑμεῖς
962 480 1124 536 αὐτὸν
1150 480 1449 547 δοξάζετε.ι
1473 479 1577 532 Τὸν
1606 475 1810 547 βδελυσ-

1926 480 2031 527 tem
2057 468 2269 531 crucis,
2303 473 2454 520 tanto
2482 460 2655 531 magis
2699 474 2797 515 vos
2834 460 3007 530 ipsum
3034 460 3321 514 celebrate.
3356 476 3374 509 ι
3399 459 3502 525 Qui

241 579 464 645 σόμενον
505 577 614 630 ὑπὸ
645 572 983 638 τῶνἙθνῶν,
1016 571 1123 625 τῶν
1154 570 1352 625 δούλων
1384 570 1493 623 τῶν
1528 569 1818 641 ἀρχόντων.

241 670 489 731 Βασιλεῖς
532 666 755 735 δψονται
806 664 1000 729 αὑτὸν,
1057 664 1151 718 καὶ
1191 662 1585 733 ἀναστήσονται
1632 661 1823 730 ἄρχον-

239 778 349 824 τες.
392 761 486 813 καὶ
524 745 1009 830 προσκυνήσουσιᾶ
1038 754 1206 825 αὐτῷ,
1246 754 1430 807 ἕνεκεν
1462 754 1699 825 Κυρίου·
1739 752 1822 802 ὅτι

242 852 425 913 πιστός
445 852 602 901 ἐστιν
629 851 657 901 6
676 848 860 917 Ἀγιος
905 847 1140 919 Ἰσραὴλ,
1170 846 1264 899 καὶ
1279 842 1607 915 ἐξελεξάμην
1631 858 1689 895 σε
1713 840 1823 894 τῶν

240 942 439 996 δούλων
467 939 586 991 τῶν
614 940 905 1009 ἀρχόντων·
945 958 963 990 ι
999 938 1141 1007 λέγω
1180 936 1246 1007 δὴ
1284 926 1397 998 τοῖς
1426 936 1677 1006 πονηροῖς
1709 930 1822 984 δαί-

246 1048 433 1103 μοσιν,
474 1032 527 1083 οἱ
590 1029 700 1101 γὰρ
740 1030 818 1083 ἐτι
877 1029 1088 1091 τούτοις
1147 1024 1667 1095 καταδεδουλωμένοι
1732 1021 1821 1075 τὸν

239 1123 470 1193 Χριστὸν
502 1120 606 1175 τοῦ
637 1121 770 1174 Θεοῦ
821 1118 1284 1191 βλασφημοῦνται.
1334 1116 1717 1169 Βδελῦσσονται
1762 1114 1819 1166 δὲ

243 1213 496 1286 σύροντες
547 1215 647 1267 καί
694 1213 1079 1282 χλευάζοντες,
1116 1210 1211 1263 καὶ
1251 1208 1599 1279 φαυλίζοντες
1655 1205 1819 1259 αὑτοῦ

240 1303 329 1356 τὸν
378 1304 637 1357 θάνατον.
688 1302 845 1355 Ἀλλὰ
902 1302 1009 1372 γάρ
1059 1301 1216 1370 ὑμεῖς
1264 1294 1345 1363 οἷς
1399 1299 1600 1367 όλὸγος
1655 1314 1821 1368 προσ-

242 1399 435 1466 φωνεῖ,
479 1396 675 1449 τοῦτον
708 1393 870 1447 αὑτὸν
911 1392 1171 1461 ἁγιάσατε
1207 1389 1537 1455 δοξάζοντες.
1576 1390 1695 1442 ἐπεὶ
1727 1389 1821 1442 καὶ

245 1506 263 1538 ι
305 1489 411 1540 πᾶν
437 1488 577 1555 γόνυ
613 1484 819 1556 κάμψει
849 1483 995 1553 αὐτῷ
1037 1482 1372 1553 ἐπουρανίων
1398 1481 1494 1534 καὶ
1527 1481 1816 1547 ἐπιγείων,

239 1580 331 1632 καὶ
361 1577 759 1648 καταχθονίων,
792 1578 885 1630 καὶ
914 1577 1062 1629 πᾶσα
1101 1575 1321 1644 γλῶσσα
1347 1572 1817 1643 ἐξομολογήσεται,

188 1708 191 1709 ν
238 1671 316 1723 ὅτι
340 1669 548 1740 Κύριος
587 1667 791 1739 Ἰησοῦς
814 1669 1046 1739 Χριστὸς
1073 1669 1151 1729 είς
1174 1667 1329 1732 δόξαν
1360 1665 1499 1719 Θεοῦ
1518 1657 1756 1736 Πατρδς,
1795 1685 1813 1717 ι

237 1761 361 1815 ὃταν
399 1760 535 1832 ἔλθῃ
583 1762 640 1814 ἐν
675 1764 741 1831 τῇ
788 1760 913 1831 δόξᾳ
953 1759 1046 1812 τοῦ
1081 1759 1293 1829 Πατρός
1320 1756 1484 1812 αὑτοῦ
1537 1756 1674 1827 μετὰ
1709 1757 1819 1809 τῶν

1923 572 2007 618 est
2056 557 2442 616 abominationi
2490 554 2774 625 gentibus,
2837 551 3011 607 servis
3038 550 3360 620 principum.
3397 549 3510 604 Re-

1923 669 2018 723 ges
2080 651 2339 705 videbunt
2388 661 2550 711 eum,
2603 654 2661 699 et
2708 652 3034 713 consurgent
3087 641 3410 712 principes:
3449 652 3507 696 et

1923 746 2223 799 adorabunt
2281 755 2403 796 eum
2451 747 2671 808 propter
2721 735 3034 797 Dominum,
3064 735 3187 802 quia
3226 732 3398 787 ﬁdelis
3422 742 3508 787 est

1926 834 2159 890 Sanctus
2202 830 2387 895 lsrael.
2414 840 2469 885 et
2500 828 2635 898 elegi
2678 835 2731 881 te
2764 840 2792 878 a
2822 825 2994 881 servis
3021 823 3362 892 principum;
3396 840 3415 874 ι
3453 822 3505 877 id

1921 934 2032 989 est,
2069 922 2426 993 malignorum
2462 918 2764 973 daemonum
2798 933 2812 970 :
2866 929 2989 968 nam
3013 913 3050 967 ii
3079 914 3173 983 qui
3198 912 3266 966 ab
3293 912 3423 981 ipsis
3449 911 3505 965 in

1921 1016 2239 1074 servitutem
2272 1010 2472 1067 redacti
2495 1016 2645 1072 sunt,
2673 1008 2725 1063 in
2750 1007 3026 1063 Christum
3061 1005 3152 1060 Dei
3190 1005 3505 1074 blasphema

1922 1110 2064 1164 dicta
2089 1104 2391 1176 proferunt.
2421 1101 2597 1170 Ipsum
2644 1108 2823 1154 autem
2864 1098 3252 1153 abominationi
3281 1096 3501 1160 habent,

1923 1196 2294 1257 traducentes,
2350 1192 2642 1246 irridentes
2695 1204 2757 1243 ac
2807 1188 3208 1257 vilipendentes
3266 1198 3503 1243 mortem

1920 1289 2056 1355 ejus.
2082 1286 2151 1339 At
2182 1300 2301 1350 vos,
2333 1298 2470 1353 quos
2502 1296 2683 1337 sermo
2713 1280 3020 1351 compellat,
3048 1279 3296 1334 eumdem
3326 1280 3503 1349 ipsum

1921 1377 2259 1434 sanctiﬁcate
2306 1386 2362 1432 et
2395 1374 2565 1447 gloria
2594 1373 2812 1439 aﬂicite,
2856 1371 3240 1442 quoniam'ipsi
3295 1391 3314 1423 ι
3341 1389 3505 1427 omne

1921 1486 2061 1538 genu
2111 1470 2361 1524 ﬂectetur
2402 1466 2702 1521 caelestium
2727 1505 2741 1529 ,
2787 1466 3130 1520 terrestrium
3169 1476 3221 1520 et
3257 1464 3492 1519 inferno-

1922 1577 2041 1615 rum
2071 1600 2086 1625 ,
2116 1571 2169 1615 et
2194 1559 2370 1614 omnis
2412 1558 2591 1627 lingua
2638 1556 2985 1612 conﬁtebitur
3043 1557 3169 1627 quia
3243 1557 3504 1613 Dominus

1920 1652 2075 1707 Jesus
2106 1651 2354 1708 Christus
2386 1652 2439 1704 in
2477 1650 2647 1721 gloria
2682 1657 2765 1704 est
2793 1650 2884 1705 Dei
2922 1649 3101 1705 Patris
3128 1648 3197 1714 ⁸³,
3233 1667 3252 1701 ι
3287 1652 3503 1720 quando

1921 1745 2171 1799 venietin
2199 1743 2368 1815 gloria
2399 1741 2583 1797 Patris
2599 1742 2679 1797 sui
2705 1756 2828 1796 eum
2856 1740 3063 1811 angelis
3095 1738 3231 1810 ejus,
3263 1752 3316 1795 et
3346 1742 3501 1795 sede-

240 1851 483 1919 ἀγγέλων
505 1827 837 1915 etiamin”).
872 1827 1071 1921 καθίσῃ
1113 1827 1214 1904 tat
1240 1849 1428 1920 θρόνου
1456 1847 1613 1918 δόξης
1648 1849 1810 1902 αὑτοῦ

1922 1837 1999 1891 hit
2021 1838 2071 1891 in
2108 1837 2306 1891 throno
2330 1836 2516 1907 gloriae
2549 1834 2665 1902 ejus
2688 1834 2938 1904 judicans
2962 1835 3113 1888 vivos
3142 1842 3198 1889 et
3233 1844 3494 1888 mortuos.

240 1941 433 2009 κρίνων
457 1940 672 2006 ζῶντας
697 1942 791 1993 καὶ
809 1940 1035 2012 νεκρούς
1051 1958 1064 1970 ·
1088 1940 1208 1994 τότε
1230 1940 1336 2014 γάρ
1360 1940 1558 2004 πάντες
1582 1958 1815 2010 προσκυ-

238 2032 490 2101 νήσουσιν
516 2032 668 2101 αὑτῷ
704 2033 887 2085 ’ἕνεκεν
912 2032 1116 2104 Κυρίου
1145 2030 1241 2087 τοῦ
1276 2033 1487 2103 Πατρός
1519 2030 1705 2095 αὑτοῦ,
1736 2032 1815 2084 ὅτι

240 2123 423 2186 πιστός
456 2123 609 2175 ἐστιν
640 2123 669 2175 ό
690 2123 879 2190 ’Δγιος
904 2122 1135 2194 ’Ἰσραὴλ
1172 2126 1201 2176 6
1243 2122 1596 2193 ἐκλεξάμενος
1631 2122 1812 2175 αὐτόν.

251 2211 391 2265 ’Δντί
419 2212 477 2265 δὲ
509 2212 630 2277 τοῦ,
670 2233 689 2264 ι
736 2214 843 2267 Καὶ
874 2212 1202 2285 ἐξελεξάμην
1240 2231 1389 2279 σε,,ι
1428 2216 1457 2267 6
1499 2214 1812 2285 Σύμμαχος,

244 2321 262 2353 ι
308 2303 729 2370 Ἐξελέξατόσε,
761 2323 780 2355 ι
808 2306 1014 2376 εἴρηκε.
1044 2305 1229 2359 Ταῦτα
1260 2306 1360 2376 μὲν
1384 2301 1477 2360 οῦν
1500 2308 1611 2369 τοῖς
1640 2305 1815 2360 ἔθνεσι

238 2397 636 2466 παραδέδοταιο
671 2397 741 2449 τὰ
796 2397 853 2450 δὲ
890 2397 1247 2468 ἐπιλεγόμενα
1302 2400 1382 2462 εἰς
1440 2396 1605 2453 αὑτοῦ
1650 2399 1817 2469 πρόσ-

237 2503 380 2541 ωπον
403 2487 500 2541 τοῦ
530 2488 783 2559 Σωτῆρος
811 2488 1139 2552 θεσπίζεται’
1166 2483 1209 2557 ᾧ
1230 2489 1323 2543 καί
1356 2508 1486 2561 φησι
1516 2489 1575 2543 τὸ
1594 2489 1815 2560 Πνεῦμα

238 2576 298 2629 τὸ
327 2580 669 2649 προφητικὸν
708 2584 771 2633 ἐκ
812 2580 1097 2650 προσώπου
1128 2582 1221 2635 τοῦ
1260 2583 1509 2655 Πατρός·
1555 2602 1573 2635 ι
1623 2583 1816 2654 Καιρῷ

238 2663 408 2737 δεκτῷ
450 2670 736 2739 ἐπήκουσά
779 2687 906 2735 σου,
942 2671 1035 2724 καὶ
1066 2672 1122 2723 ἐν
1155 2673 1338 2744 ἡμέρᾳ
1382 2675 1653 2745 σωτηρίας
1698 2676 1817 2729 ἐϐο-

240 2757 416 2827 ήθησά
457 2776 562 2812 σοι.
614 2779 633 2812 ι
687 2762 901 2830 Σφόδρα
957 2762 1013 2816 δὲ
1082 2763 1407 2833 θαυμαστῶς
1462 2765 1677 2836 εἴρηται
1731 2769 1813 2830 τὸ,

246 2867 263 2899 ι
308 2850 499 2922 Καιρῷ
537 2852 711 2923 δεκτῷ
743 2853 1023 2925 ἐπήκουσά
1054 2871 1146 2907 σου
1168 2872 1183 2885 '
1229 2876 1246 2906 ι
1278 2851 1431 2920 οὗτος
1467 2857 1525 2910 δὲ
1558 2854 1625 2929 ἦν
1655 2860 1682 2911 ὁ
1715 2859 1815 2929 τῆς

241 2939 588 3004 ἀναστάσεως
609 2941 773 2995 αὐτοῦ
804 2944 1013 3015 χρόνος.
1046 2945 1202 2998 Κατὰ
1232 2945 1329 3016 μὲν
1355 2946 1462 3019 γὰρ
1499 2946 1589 2999 τὸν
1626 2950 1814 3023 autem

240 3029 328 3081 τοῦ
386 3031 597 3095 πάθους
643 3034 937 3105 ἀνεϐόησεν
992 3037 1021 3088 6
1067 3036 1259 3108 Σωτὴρ
1308 3028 1510 3091 εἰπών·
1567 3058 1585 3090 ι
1645 3041 1811 3107 Ἠλεὶ,

1919 1928 2069 1982 Tune
2099 1928 2241 1981 enim
2274 1942 2466 1982 omnes
2508 1926 2684 1997 ipsum
2713 1927 3041 1993 adorabunt,
3069 1935 3291 1997 propter
3317 1925 3501 1981 Demi.

1919 2035 2044 2074 num
2097 2019 2312 2074 Patrem
2341 2018 2458 2088 ejus
2481 2059 2497 2085 ,
2533 2019 2657 2087 quia
2686 2018 2861 2075 ﬁdelis
2882 2031 2963 2074 est
3015 2020 3249 2075 Sanctus
3306 2020 3497 2087 Israel,

1916 2112 2007 2183 qui
2034 2112 2195 2182 elegit
2222 2127 2368 2167 eum.
2403 2111 2509 2167 Pro
2535 2111 2625 2165 illo
2659 2119 2892 2178 autenm
2926 2112 2991 2166 Et
3013 2112 3149 2183 elegi
3180 2120 3253 2178 te,
3287 2130 3304 2164 ι
3340 2109 3500 2181 Sym~

1919 2205 2143 2260 machus
2176 2206 2361 2271 habet,
2403 2223 2421 2257 ι
2450 2203 2625 2273 Elegit
2652 2212 2723 2258 te.
2764 2221 2783 2255 ι
2848 2203 2975 2258 llaec
3024 2203 3206 2273 itaque
3244 2204 3499 2275 gentibus

1917 2298 2118 2353 tradita
2168 2309 2333 2364 sunt;
2372 2311 2493 2367 qua:
2550 2309 2681 2350 vero
2728 2293 3113 2363 subjiciuntur,
3160 2295 3225 2348 de
3266 2308 3497 2363 persona

1918 2390 2223 2446 Salvatoris
2277 2389 2717 2460 prmnuntiantur
2746 2404 2759 2440 :
2793 2387 2878 2441 cui
2920 2386 3085 2441 etiam
3140 2386 3499 2454 propheticus

1918 2484 2153 2553 Spiritus
2192 2500 2255 2537 ex
2288 2496 2518 2552 persona
2554 2479 2735 2533 Patris
2767 2478 2864 2544 ait,
2931 2497 2948 2529 ι
2972 2477 3239 2546 Tempore
3270 2487 3497 2545 accepto

1916 2577 2165 2630 exaudiri
2194 2586 2264 2636 te.
2325 2575 2466 2628 etin
2504 2573 2593 2627 die
2640 2571 2836 2626 salutis
2884 2570 3062 2638 adjuvi
3127 2579 3244 2623 te.)
3300 2568 3495 2623 Mirum

1916 2681 2097 2722 autem
2130 2668 2182 2721 in
2213 2669 2428 2722 modum
2463 2667 2689 2730 dicitur,
2731 2684 2749 2716 ι
2783 2664 3051 2732 Tempore
3073 2673 3298 2733 accepto
3327 2676 3498 2717 exau-

1916 2761 2021 2814 divi
2065 2764 2151 2823 te:
2186 2778 2204 2812 ι
2257 2758 2386 2812 illud
2427 2773 2591 2827 porro
2643 2768 2763 2811 erat
2816 2767 3028 2825 tempus
3078 2754 3501 2811 resurrectionis

1914 2851 2053 2921 ejus.
2105 2849 2238 2903 Nam
2293 2850 2567 2921 passionis
2626 2859 2872 2919 tempore
2917 2849 3173 2903 clamavit
3234 2845 3495 2903 servator

1915 2944 2000 2999 his
2042 2944 2262 3000 verbis:
2298 2962 2317 2995 ι
2342 2944 2442 3009 Eli,
2478 2944 2598 3010 Eli,
2644 2945 2769 2999 lima
2807 2944 3204 2999 sabachthani?
3237 2963 3256 2997 ι
3286 2944 3336 2998 id
3374 2956 3500 3010 est,

1922 3037 2104 3092 «Deus
2159 3052 2336 3101 meus,
2396 3038 2537 3090 Deus
2605 3052 2788 3101 meus,
2851 3045 2909 3088 ut
2962 3034 3093 3104 quid
3160 3034 3493 3103 dereliquisti

254 3120 431 3225 :‘llls‘t'
471 3122 610 3194 λιειά
649 3126 1009 3197 σαϐαχθανεί’
1070 3148 1089 3181 ι
1134 3131 1402 3193 τουτέστι,
1460 3150 1479 3183 ι
1536 3132 1637 3186 Θεέ
1688 3151 1810 3205 μου,

1919 3145 2005 3183 me
2049 3129 2177 3183 “ii
2229 3128 2536 3196 Quinetiam
2573 3138 2825 3197 precatur
2856 3127 2940 3181 his
2984 3125 3161 3180 verbis
3204 3143 3217 3179 :
3265 3143 3283 3177 ι
3312 3126 3494 3190 Pater,

239 3210 335 3265 Θεέ
374 3231 496 3283 μου,
532 3215 620 3268 ἵνα
654 3216 708 3269 τί
742 3235 807 3289 με
839 3220 1226 3287 ἐγκατέλιπες;
1262 3242 1281 3274 ι
1336 3224 1495 3277 Ἀλλὰ
1527 3225 1621 3279 καὶ
1646 3242 1814 3296 προσ-

241 3302 451 3372 εὗχεται
502 3306 710 3374 λέγων·
774 3327 793 3360 ι
855 3311 1057 3384 Πάτερ,
1097 3316 1146 3365 εί
1199 3314 1456 3379 δυνατὸν,
1498 3316 1814 3387 παρελθέτω

241 3391 330 3445 ἀπ’
357 3395 491 3459 ἐμοῦ
538 3396 599 3449 τὸ
639 3399 898 3469 ποτήριον
935 3401 1124 3455 τοῦτο’
1172 3422 1190 3453 ι
1224 3400 1322 3457 εἷθ’
1360 3406 1437 3469 ὼς
1484 3406 1813 3461 ἀνανεύοντα

239 3480 325 3534 τὸν
366 3484 590 3557 Πατέρα
632 3487 799 3558 ἐώρα,
832 3491 1113 3561 ἐπήγαγε·
1153 3513 1171 3544 ι
1204 3494 1405 3565 Πάτερ,
1446 3498 1494 3549 εἰ
1537 3497 1609 3568 μὴ
1652 3498 1811 3550 δυνα-

236 3571 323 3624 τδν
346 3576 639 3645 παρελθεῖν
665 3580 815 3644 αὐτὸ,
842 3582 1125 3653 γενηθήτω
1145 3584 1203 3638 τὸ
1231 3572 1441 3657 Θέλημά
1465 3605 1580 3643 σου.
1616 3609 1635 3639 ι
1664 3589 1807 3641 Ταύ-

236 3679 329 3735 την
364 3663 457 3721 οὖν
492 3668 593 3741 τὴν
626 3672 791 3743 εὐχὴν
839 3676 918 3737 είς
958 3676 1150 3747 καιρὸν
1202 3678 1488 3749 δεχόμενος
1527 3683 1555 3733 6
1592 3681 1802 3753 Πατὴρ,

240 3758 372 3825 μετά
408 3760 470 3814 τὺ
489 3761 663 3826 πάθος
698 3763 790 3816 καὶ
829 3766 966 3835 μετά
1001 3768 1101 3836 τὴν
1132 3770 1213 3832 είς
1234 3770 1380 3841 ᾅδου.
1397 3772 1643 3837 κάθοδον,
1684 3790 1807 3825 και-

239 3848 325 3920 ρὸν
361 3850 461 3921 τῆς
498 3853 846 3918 ἀναστάσεως
878 3858 1042 3911 αὐτοῦ
1080 3860 1295 3924 δεικνύς
1353 3880 1489 3933 φησι
1528 3864 1664 3934 πρὸς
1710 3866 1807 3917 αὑ-

234 3940 339 3992 τόν’
385 3960 405 3993 ι
443 3944 638 4016 Καιρῷ
683 3945 855 4018 δεκτῷ
884 3949 1163 4021 ἐπήκουσά
1203 3970 1318 4019 σου,
1359 3973 1378 4006 ι
1422 3956 1515 4008 καὶ
1554 3956 1623 4009 τὰ
1654 3956 1802 4027 ἑξῆς.

241 4048 258 4081 ι
279 4032 384 4086 Καὶ
416 4034 628 4090 ἑπλασά
663 4053 743 4100 σε,
780 4040 872 4092 καὶ
900 4040 1079 4095 ἔδωκά
1112 4060 1171 4097 σε
1203 4047 1285 4109 εἰς
1309 4046 1575 4118 διαθήκην
1606 4046 1798 4111 ἐθνῶν,

233 4121 321 4175 τοῦ
360 4127 703 4198 καταστῆσαι
735 4130 834 4200 τὴν
872 4132 997 4203 γῆν,
1033 4135 1127 4188 καὶ¹
1162 4134 1567 4209 κληρονομῆσαι
1602 4138 1805 4210 κληροι·

233 4216 419 4284 νομίας
455 4219 718 4290 ἐρήμους.
769 4241 788 4273 ›
828 4223 1085 4280 Τοιαῦται
1110 4227 1167 4281 δὲ
1198 4223 1339 4299 ἦσαν
1378 4231 1434 4283 αἱ
1476 4229 1585 4283 τῶν
1629 4229 1804 4285 ἀθέων

1916 3220 1959 3275 si
2014 3219 2269 3290 possibile
2316 3229 2420 3285 est,
2486 3228 2731 3274 transeat
2790 3235 2817 3273 a
2870 3234 2955 3273 n-e
3010 3218 3150 3272 calix
3193 3218 3297 3272 iste
3338 3218 3421 3283 ἰς
3467 3239 3487 3271 ι

1915 3312 2108 3369 deinde
2139 3322 2195 3367 ut
2225 3312 2557 3366 abnuentem
2598 3311 2812 3365 Patrem
2846 3311 3003 3377 vidit,
3039 3312 3113 3365 ait
3142 3329 3155 3365 :
3183 3330 3201 3363 ι
3241 3310 3419 3374 Pater,
3449 3314 3493 3365 si

1914 3421 2021 3458 non
2056 3415 2231 3474 potest
2258 3405 2348 3461 hic
2379 3408 2637 3470 transire,
2674 3408 2770 3461 ﬂat
2800 3410 3048 3461 voluntas
3075 3416 3163 3460 tua
3190 3409 3260 3457 θ’.
3288 3425 3307 3459 ι
3345 3406 3497 3461 Haut:

1914 3497 2094 3565 itaque
2135 3500 2439 3551 orationem
2479 3497 2546 3553 ad
2586 3508 2801 3568 tempus
2856 3500 3132 3568 accipiens
3162 3498 3349 3560 Pater,
3374 3511 3499 3569 post

1911 3589 2237 3659 passionem,
2292 3600 2341 3644 et
2374 3599 2501 3660 post
2521 3590 2843 3645 descensum
2889 3591 2942 3643 in
2979 3590 3251 3645 infernum
3276 3634 3291 3651 ,
3319 3591 3494 3659 ipsum

1913 3684 2341 3737 resurrectionis
2402 3684 2521 3753 ejus
2577 3694 2795 3751 tempus
2847 3684 3201 3753 signiﬁcans,
3257 3682 3329 3735 ait
3379 3682 3494 3747 illi,

1918 3792 1937 3825 ι
1962 3774 2227 3843 Tempore
2251 3785 2474 3844 accepto
2498 3776 2753 3830 exaudivi
2784 3787 2855 3840 te,
2881 3794 2899 3827 ι
2932 3786 2984 3829 et
3003 3785 3220 3831 caetera.
3252 3794 3270 3826 ‹
3296 3775 3360 3828 Et
3378 3775 3491 3830 for-

1914 3865 2058 3918 mavi
2083 3876 2153 3929 te,
2172 3874 2227 3920 et
2255 3866 2375 3921 dedi
2397 3875 2447 3920 te
2461 3868 2513 3921 in
2538 3876 2918 3921 testamentum
2934 3867 3196 3937 gentimn,
3214 3877 3273 3920 ut
3290 3868 3497 3924 consti-

1914 3964 2097 4010 tueres
2126 3964 2351 4022 terram,
2383 3964 2439 4011 et
2461 3958 2771 4025 possideres
2799 3958 3144 4013 harreditates
3173 3960 3435 4015 desertas.
3468 3979 3488 4014 ι

1914 4045 2073 4101 Tales
2099 4058 2262 4103 erant.
2297 4048 2606 4117 impiorum,
2641 4059 2699 4104 et
2726 4050 2910 4104 multis
2931 4050 3248 4105 numinibus
3277 4054 3494 4106 dedito-

1914 4154 2034 4192 rum
2078 4138 2353 4192 hominum
2416 4142 2631 4205 auimm,
2683 4143 2911 4197 desertzn
2964 4158 2994 4196 a
3045 4142 3181 4208 Deo,
3250 4160 3315 4198 ac
3365 4160 3494 4201 vere

1919 4248 1938 4279 ι
1968 4231 2279 4294 ἀεθῑιύοιιο,
2306 4250 2324 4282 ι
2362 4233 2659 4287 secundum
2696 4234 2938 4305 reliquos
2967 4235 3293 4306 interpretes

234 4308 321 4359 καὶ
346 4309 627 4364 πολυθέων
663 4312 852 4383 ψυχαὶ,
880 4314 1077 4388 ἔρημοι
1104 4318 1239 4372 Θεοῦ
1279 4320 1373 4373 καὶ
1396 4319 1610 4392 ἀληθῶς
1641 4341 1661 4372 ι
1693 4320 2058 4392 ἠφανισμέναι
2096 4340 2143 4387 ,ι
2184 4322 2328 4376 κατὰ
2356 4326 2482 4388 τοὺς
2510 4324 2751 4390 λοιπούς.

306 4468 324 4539 ι
352 4452 596 4520 Λέγοντα
614 4456 726 4517 τοῖς
750 4456 806 4506 ἐν
827 4455 1067 4527 δεσμοῖς,
1086 4457 1382 4523 Ἐξέλθετε,
1406 4461 1501 4514 καὶ
1520 4464 1630 4525 τοῖς
1655 4462 1712 4514 ἐν
1732 4459 1810 4531 τῷ

1982 4462 2145 4517 Vens.
2191 4462 2246 4518 9.
2307 4482 2326 4514 ι
2353 4426 2635 4521 Dicentem
2685 4466 2753 4522 iis
2797 4469 2891 4538 qui
2925 4470 3092 4526 vineti
3123 4480 3272 4538 sunt,
3308 4472 3491 4539 Exite.

235 4538 428 4602 σκότει,
458 4544 924 4615 ἀνακαλυφθῆναι.
952 4567 970 4597 ι
993 4579 1062 4588 --
1083 4568 1101 4598 ι
1131 4544 1314 4619 Ἷὶμεν
1339 4550 1447 4621 γάρ
1482 4569 1611 4605 ποτε
1634 4553 1799 4605 τέκνα

232 4630 409 4716 όργῆς,
433 4634 531 4686 καὶ
547 4628 688 4705 ἦμέν
714 4653 842 4689 ποτε
874 4638 1080 4702 σκότος·
1111 4639 1206 4693 νῦν
1230 4640 1286 4694 δὲ
1319 4641 1433 4709 φῶς
1455 4646 1513 4696 ἐν
1536 4644 1742 4716 Κυρίῳ.
1776 4664 1793 4696 ι

234 4715 649 4787 Εὐαγγελῐζεται
679 4725 803 4786 τοὺς
839 4725 946 4777 τῶν
989 4730 1270 4805 προετέρων
1308 4730 1543 4802 δεσμῶν,
1579 4715 1672 4785 καὶ
1704 4735 1798 4786 τοῦ

235 4809 492 4880 προτέρου
524 4812 745 4877 σκότους
770 4814 1269 4888 ἠλευθερωμένους,
1294 4819 1486 4889 λέγων·
1521 4842 1539 4873 ι
1592 4824 1679 4877 Ἑν
1705 4824 1802 4878 πά-

235 4912 348 4963 σαις
392 4903 517 4964 ταῖς
547 4902 683 4963 ὁδοῖς
726 4904 1175 4977 βοσκηθήσονται,
1216 4901 1406 4965 καὶέν
1440 4914 1638 4978 πάσαις
1679 4919 1801 4979 ταῖς

233 4988 427 5059 τρίϐοις
466 4994 503 5063 ἡ
535 4994 673 5065 νομὴ
726 4997 924 5051 αὐτῶν.
991 5018 1011 5052 ι
1068 5001 1205 5053 Ὀδοὶ
1237 5000 1293 5054 δὲ
1344 5004 1438 5056 καὶ
1482 5005 1678 5076 τρίϐοι,
1733 5006 1799 5070 ἃς

232 5078 515 5139 διώδευσαν
546 5086 596 5138 oi
629 5087 794 5141 πάλαι
825 5091 919 5144 τοῦ
952 5092 1086 5146 Θεοῦ
1118 5094 1333 5167 ἄνδρες,
1370 5098 1425 5148 αί
1456 5097 1799 5152 θεόπνευστοί

236 5171 333 5225 εἰσι
368 5174 617 5247 Γραφαὶ.
650 5179 721 5241 ,ἐν
755 5174 843 5243 αἷς
888 5182 1200 5254 βοσκόμενοι
1229 5188 1277 5239 οἰ
1325 5186 1424 5256 τῆς
1467 5189 1797 5258 ἐπαγγελίας

234 5263 499 5333 τυχόντες,
524 5268 623 5337 τῆς
661 5268 842 5322 ἐνθέου
875 5272 968 5324 καὶ
999 5273 1221 5345 λογικῆς
1256 5279 1461 5349 τροφῆς
1498 5279 1798 5333 ἀπολαύου-

239 5368 333 5420 σιν,
366 5356 577 5429 ἀγαθὴν
614 5360 786 5431 νομὴν
830 5362 1035 5435 ταύτην
1069 5367 1381 5438 εὑράμενοι,
1417 5372 1510 5423 καὶ
1537 5370 1606 5423 τὰ
1649 5371 1794 5444 ἑξῆς.

304 5550 323 5585 ι
363 5537 436 5589 Οὐ
472 5539 841 5603 πεινάσουσιν,
887 5544 1006 5596 οὐδὲ
1046 5545 1388 5617 διψήσουσιν,
1414 5550 1535 5602 οὐδὲ
1571 5553 1798 5617 πατάξει

238 5624 419 5693 αὐτοὺς
446 5631 476 5683 6
508 5631 752 5701 καύσων,
786 5634 891 5687 οὐδ’
933 5637 962 5689 6
991 5637 1155 5706 ἥλιος.
1195 5640 1332 5693 Ἀλλ’
1358 5644 1385 5695 6
1417 5644 1582 5698 ἐλεῶν
1609 5646 1801 5709 αὐτοὺς

1906 4562 1961 4608 et
1991 4554 2054 4607 iis
2086 4555 2175 4623 qui
2213 4556 2560 4624 intenebris,
2601 4570 2659 4612 ut
2701 4562 3012 4617 revelentur
3105 4605 3119 4621 .
3159 4583 3178 4615 ι
3212 4594 3284 4605 —
3311 4584 3331 4617 ι
3361 4566 3493 4619 Era-

1909 4661 2029 4699 mus
2058 4646 2201 4701 enim
2232 4649 2523 4717 aliquando
2560 4650 2653 4703 lilii
2687 4652 2782 4706 ine
2804 4692 2819 4716 ,
2862 4663 2918 4708 et
2945 4670 3162 4711 eramus
3198 4657 3493 4728 aliquando

1909 4737 2179 4804 tenebrze;
2217 4755 2357 4793 nunc
2404 4752 2585 4795 autem
2634 4743 2727 4797 lux
2780 4744 2833 4798 in
2887 4745 3115 4801 Domino
3168 4749 3237 4802 ’³.
3270 4760 3295 4800 ι’
3343 4749 3490 4804 Bona

1909 4830 2096 4882 nuntia
2140 4832 2347 4899 profert
2405 4834 2470 4887 iis
2510 4837 2603 4901 qui
2647 4850 2712 4889 ex
2771 4837 3020 4905 pristinis
3076 4839 3181 4893 illis
3240 4840 3489 4904 vinculis,

1908 4934 2081 4988 exque
2135 4923 2329 4987 priscis
2394 4925 2632 4978 tenebris
2665 4925 2818 4980 liberi
2877 4941 3203 4994 evaserant,
3250 4931 3433 4985 (“Ct'tls
3474 4952 3487 4986 :

1914 5028 1932 5060 ι
1963 5010 2017 5064 In
2043 5014 2293 5069 omnibus
2316 5016 2417 5069 viis
2447 5027 2761 5085 pascentur,
2813 5027 2880 5073 et-
2912 5021 2963 5073 in
2997 5022 3253 5076 munibus
3283 5026 3493 5079 semitis

1908 5116 2106 5171 pascua
2141 5120 2350 5161 eorum.
2390 5127 2407 5158 ι
2461 5109 2574 5162 Viae
2605 5111 2921 5179 semita-que
2972 5127 3110 5180 quas
3160 5116 3494 5183 pertransiit-

1908 5209 2028 5251 rttnt
2061 5198 2132 5251 illi
2173 5198 2302 5252 olim
2366 5198 2457 5253 Dei
2517 5199 2644 5265 viri,
2693 5212 2821 5254 sunt
2877 5203 3175 5272 Scriptum:
3224 5207 3491 5260 divinitus

1902 5292 2203 5361 inspiratat,
2288 5292 2376 5346 ubi
2402 5306 2686 5363 pascentes
2739 5296 2798 5359 li,
2840 5298 2930 5364 qui
2978 5299 3245 5365 promissa
3281 5310 3488 5363 tenent.

1898 5383 2081 5437 divino
2108 5396 2161 5438 et
2192 5385 2499 5440 rationabili
2527 5387 2650 5440 cibo
2675 5387 2947 5454 fruuntur,
2981 5389 3098 5445 ίιωο
3119 5390 3258 5445 bona
3288 5407 3488 5461 pascua

1898 5475 2066 5539 nacti,
2097 5487 2149 5530 et
2178 5486 2394 5531 caetera.

1969 5567 2135 5622 Vens.
2174 5567 2256 5621 ιο.
2323 5588 2341 5621 ι
2372 5568 2487 5623 Non
2520 5571 2796 5637 esurient,
2838 5588 3012 5641 neque
3050 5574 3275 5644 sitient,
3313 5591 3490 5647 neque

1909 5659 2179 5725 percutiet
2200 5676 2293 5715 eos
2322 5670 2505 5727 mstus,
2534 5678 2711 5733 neque
2740 5665 2842 5720 sol.
2893 5664 3000 5722 Sed
3045 5668 3137 5737 qui
3192 5671 3487 5726 miseretur

299 5846 343 5881 "
372 5848 558 5925 i‘hiiip.
598 5870 661 5925 ιι,
696 5855 779 5912 10.
857 5860 899 5893 ⁹⁰
930 5861 1120 5922 Matth.
1162 5882 1327 5935 tm”,
1364 5868 1448 5926 ἀΰ.
1524 5871 1565 5907 ’¹
1600 5869 1789 5928 Μιιῑιίι.

1915 5891 1982 5942 t't,
2028 5878 2117 5937 59.
2197 5884 2240 5915 ”
2283 5881 2411 5940 ibid.
2458 5883 2547 5939 4‘2.
2626 5885 2672 5918 ”
2706 5886 2907 5959 Epltes.
2964 5907 3023 5960 ll,
3055 5896 3107 5961 ὃς
3143 5912 3193 5966 v,
3226 5901 3274 5953 8.
