4128 6294
263 358 367 417 ιω

1148 358 1649 416 ΟΟΜΜΕΝΤΔΙΠΑ
1690 356 1758 414 IN
1797 356 2054 414 ISAIAM.
2112 388 2163 399 —-
2204 357 2355 416 CAP.
2398 356 2584 416 XLIX.

3398 358 3505 416 ‘38

263 491 363 547 ρας
390 474 572 547 αᾶτην
600 472 966 545 ἀναξητείτω·
1002 473 1245 527 ἀκουέτω
1276 474 1331 527 δὲ
1356 473 1451 526 τοῦ
1479 472 1614 527 Θεοῦ
1654 472 1839 542 λέγον-

1942 475 2272 530 Ιαιειίηοηιιη
2314 474 2530 544 regione
2578 469 2894 543 perquirat;
2943 469 3038 524 sed
3090 466 3281 523 audiat
3336 467 3504 525 Deum

260 581 352 629 τος
374 567 548 638 αὑτῇ-

336 676 355 707 ι
409 656 546 711 Ἰδοὺ
571 657 665 711 ἐπὶ
703 655 812 709 τῶν
846 655 1042 727 χειρῶν
1091 673 1191 727 μου
1234 638 1603 727 εζωγρᾶφησά
1632 672 1723 708 σου
1770 671 1839 708 τα

260 748 438 817 τείχη,
480 758 581 800 και
611 746 839 799 ἐνώπιόν
876 764 978 817 μου
1012 743 1174 799 τίδιὰ
1205 748 1423 811 παντός.
1463 768 1481 799 ι
1514 749 1704 819 Χεῐρες
1730 746 1837 816 γὰρ

261 841 339 904 ὡς
378 839 601 909 ἀληθῶς
649 837 783 891 Θεοῦ
832 840 931 910 τὴν
976 838 1229 910 τοιαύτην
1270 840 1609 911 οἰκοδομοῦσι
1663 839 1835 904 πόλιν,

266 930 470 1002 μᾶλλον
512 930 574 983 δὲ
618 928 964 983 διατυποῦσιν
996 928 1164 1000 αὐτὴν
1212 930 1305 983 καὶ
1350 930 1835 1003 διαζωγράφουσιν,

263 1022 453 1090 ῶσπερ
478 1022 538 1073 ὲν
573 1020 795 1083 πίνακος
824 1024 1027 1091 γραφῇ,
1064 1022 1158 1073 καὶ
1187 1020 1602 1092 διαχαράττουσι
1625 1021 1723 1091 τὴν
1750 1020 1840 1073 θέ-

265 1130 349 1165 σιν
377 1114 476 1166 καὶ
503 1112 632 1175 τοὺς
659 1115 854 1177 τύπους
876 1113 976 1181 τῆς
1004 1112 1144 1165 κατὰ
1166 1112 1300 1165 Θεοῦ
1330 1112 1601 1176 πολιτείας
1638 1114 1695 1165 ὲν
1720 1116 1838 1176 ταῖς

264 1204 371 1258 τῶν
403 1204 714 1276 ἀνθρώπων
739 1205 936 1274 ψυχαῖς
970 1202 1329 1274 συνεστώσης.
1363 1205 1428 1257 Ὃ
1467 1204 1529 1275 δὴ
1561 1204 1653 1256 καὶ
1680 1204 1840 1266 αὐτὸς

262 1296 361 1363 τῆς
413 1295 616 1349 ἑαυτοῦ
657 1294 863 1357 πόλεως
904 1294 1214 1364 οἰκοδόμος,
1251 1295 1451 1364 δηλαδὴ
1499 1296 1528 1348 ὁ
1566 1294 1660 1348 τοῦ
1703 1293 1839 1347 Θεοῦ

265 1386 457 1454 Λόγος,
501 1386 766 1447 ἐδίδασκε,
797 1386 989 1453 λέγων,
1026 1404 1045 1437 ι
1099 1385 1222 1439 Ἐπὶ
1251 1386 1349 1455 τὴν
1388 1386 1593 1458 πέτραν
1635 1386 1841 1439 οἰκοδο-

267 1478 427 1547 μήσω
461 1494 568 1548 μου
601 1478 698 1548 τὴν
740 1477 1082 1547 Ἐκκλησίαν,
1114 1478 1209 1531 καὶ
1239 1478 1408 1543 πύλαι
1438 1477 1565 1548 ᾅδου
1594 1478 1656 1533 ού
1707 1494 1839 1529 κατ-

264 1566 492 1638 ισχύσου
500 1585 586 1620 σιν
612 1567 797 1637 αὐτῆς.
813 1586 831 1619 ι

340 1675 359 1708 ι
402 1658 515 1711 Καὶ
543 1657 679 1727 ταχὺ
707 1656 1105 1730 οἰκοδομηθήσῃ
1146 1658 1235 1729 ὑφ’
1267 1654 1344 1713 ὧν
1385 1655 1716 1732 καθῃρέθης.
1748 1660 1842 1714 καὶ

266 1746 314 1801 ,τί
359 1746 750 1817 ἐρημώσαντες
795 1763 855 1799 σε
899 1748 1268 1813 ἐξελεύσονται
1318 1751 1381 1803 ὲκ
1416 1749 1531 1803 σοῦ.
1576 1770 1596 1802 ι
1633 1751 1841 1822 Ὥσπερ

263 1836 373 1907 γὰρ
444 1836 687 1890 Ἰουδαῖοι
743 1838 841 1907 τῆς
897 1838 1266 1911 καθαιρέσεως
1322 1839 1492 1909 αὐτῆς
1553 1840 1839 1907 γεγόνασιν

265 1925 451 1985 αἴτιοι,
486 1925 629 1978 οὕτω
654 1925 815 1997 πάλιν
842 1926 901 1994 ἐξ
931 1928 1099 1997 αὐτῆς
1126 1923 1263 1997 ἦσαν
1292 1927 1340 1979 oi
1369 1926 1470 1995 τῆς
1495 1926 1619 1989 νέας
1640 1926 1841 1979 οίκοδο-

269 2015 376 2086 μῆς
399 2019 651 2087 ὲργάταυ
678 2018 960 2072 ἀπόστολοι
980 2019 1219 2090 δηλονότι
1253 2018 1346 2070 τοῦ
1381 2020 1633 2089 Σωτῆρος
1661 2019 1693 2089 ὴ
1702 2018 1837 2088 μῶν,

270 2106 513 2177 μαθηταί
556 2123 617 2159 τε
656 2107 749 2160 καὶ
792 2108 1191 2177 εὑαγγελισταὶ,
1229 2107 1295 2161 δι’
1340 2100 1415 2160 ὧν
1459 2109 1491 2178 ή
1549 2107 1841 2177 Ἐκκλησία

263 2198 359 2251 τοῦ
384 2198 527 2251 Θεοῦ
550 2199 933 2271 ἁνεγήγερται.

340 2307 358 2339 ι
404 2283 579 2359 ’Δρον
611 2290 794 2360 κύκλῳ
827 2292 951 2353 τοὺς
978 2290 1289 2363 ὀφθαλμούς
1319 2308 1435 2357 σου,
1463 2294 1555 2346 καλ⁵
1591 2292 1665 2347 ἴδε
1706 2294 1841 2347 πάν-

264 2395 360 2441 τας
379 2396 395 2409 ’
433 2379 544 2432 ἰδοῦ
576 2380 919 2452 συνήχθησαν
944 2383 1039 2435 καὶ
1068 2382 1298 2453 ἦλθοσαν
1326 2384 1461 2451 πρὸς
1485 2384 1564 2436 σέ.
1593 2383 1680 2437 Ζῶ
1708 2384 1837 2451 ἐγὼ,

266 2472 413 2539 λέγει
451 2473 674 2544 Κύριος,
710 2475 791 2528 ὅτι
825 2475 1033 2539 πάντας
1066 2477 1261 2539 αὐτοὺς
1287 2477 1363 2539 ὼς
1390 2476 1593 2547 κόσμον
1626 2478 1838 2547 ἐνδύσῃ,

266 2565 360 2616 καὶ
412 2564 731 2636 περιθήσεις
786 2566 980 2630 αὐτοὺς
1022 2567 1097 2630 ὼς
1138 2568 1340 2636 κόσμον
1388 2568 1608 2639 νύμφῃ·
1659 2570 1737 2622 ὃτι
1774 2570 1843 2622 τὰ

265 2648 455 2721 ἔρημά
488 2668 614 2717 σου,
651 2654 744 2707 καὶ
775 2654 845 2707 τὰ
891 2656 1314 2727 κατεφθαρμένα
1353 2658 1445 2710 καὶ
1496 2661 1839 2723 πεπτωκότα,

264 2742 346 2799 ὅτι
390 2743 491 2798 νῦν
536 2751 925 2819 στενοχωρήσει
966 2748 1074 2802 ἀπὸ
1121 2748 1229 2802 τῶν
1282 2750 1699 2814 κατοικούντων,
1750 2754 1844 2805 καὶ

271 2836 746 2907 μακρυνθήσονται
804 2841 911 2893 ἀπὸ
976 2840 1069 2894 σοῦ
1127 2842 1177 2894 ei
1239 2843 1625 2905 καταπίνοντες
1682 2860 1760 2896 σε.
1818 2863 1837 2895 ›

266 2925 560 2996 Θαυμάσαι
598 2929 655 2982 δὲ
682 2930 847 2993 ἐστιν,
869 2933 1015 2995 ὅπως
1060 2932 1197 3002 πρὸς
1231 2936 1299 3003 τῇ
1326 2931 1532 3003 διανοίᾳ
1573 2935 1663 2987 καὶ
1708 2934 1845 2987 κατὰ

267 3017 363 3087 τὴν
396 3019 636 3091 ἱστορίαν
658 3022 687 3072 ὁ
717 3023 873 3090 λόγος
902 3022 1201 3095 ἐπληροῦτο
1234 3023 1321 3076 τοῦ
1347 3025 1548 3087 παντὸς
1578 3026 1843 3079 Ἰουδαίων

270 3107 477 3207 theae,
506 3110 643 3181 μετὰ
665 3114 764 3184 τὴν
799 3113 1050 3167 σύστασιν
1081 3115 1179 3185 τῆς
1209 3114 1269 3180 ἐξ
1306 3114 1474 3169 ἐθνῶν
1518 3116 1842 3186 Ἐκκλησίας
1868 3151 1909 3207 C

271 3200 609 3271 ἀποσλήτους
655 3205 974 3274 γενομένους
1020 3206 1120 3276 τῆς
1169 3206 1432 3277 αἰσθητῆς
1482 3206 1690 3270 πόλεως
1744 3210 1842 3279 τῆς

270 3291 411 3344 κατὰ
451 3292 813 3365 Παλαιστίνην
842 3298 1117 3366 κειμένης,
1154 3295 1291 3366 πρὸς
1327 3296 1389 3349 τὸ
1420 3298 1513 3350 καὶ
1538 3298 1631 3350 τοῦ
1660 3297 1841 3351 θεοσε-

272 3377 399 3443 ὼῦς
426 3381 813 3454 πολιτεύματος
839 3386 1105 3439 ἐκπεσεῖν.

346 3490 364 3521 ι
406 3470 621 3543 Ἐροῦσι
652 3473 759 3544 γὰρ
784 3476 863 3537 είς
886 3474 956 3527 τὰ
981 3468 1094 3528 ὦτά
1122 3492 1215 3528 σου
1242 3478 1290 3529 oi
1316 3476 1423 3531 υίοί
1449 3494 1562 3543 σου,
1588 3477 1680 3541 οῦς
1708 3480 1842 3533 ἀπο-

271 3559 546 3627 λώλεκαςσ
596 3565 788 3630 Στενός
838 3584 926 3635 μοι
970 3569 999 3619 ό
1037 3567 1233 3631 τόποςο
1272 3569 1493 3639 ποίησόν
1538 3587 1627 3641 μοι
1656 3571 1839 3636 τόπον,

275 3650 359 3706 ἵνα
398 3641 727 3725 κατοιὲιήσω.
780 3656 887 3709 Καὶ
936 3658 1079 3729 ἐρεῖς
1118 3660 1175 3711 ἐν
1223 3662 1289 3729 τῇ
1342 3661 1535 3733 καρδίᾳ
1580 3676 1693 3715 σου·
1748 3663 1843 3725 Τίς

179 3769 182 3772 ~
272 3741 530 3815 ὲγέννησέ
571 3762 661 3816 μοι
698 3746 954 3813 τούτους·;
1006 3748 1145 3819 Ἐγὼ
1175 3751 1233 3803 δὲ
1274 3752 1494 3816 ἄτεκνος
1543 3754 1634 3807 καὶ
1676 3755 1839 3825 χήρα*

270 3835 493 3899 τούτους
541 3837 598 3889 δὲ
645 3837 728 3901 τίς
761 3837 1015 3911 ἐξέθρεψέ
1066 3858 1184 3911 μοις
1234 3841 1346 3910 ἐγὼ
1380 3842 1438 3896 δὲ
1482 3844 1843 3916 κατελείφθην

276 3924 435 3994 μόνη,
463 3920 605 3979 οὗτοι
640 3926 698 3980 δέ
742 3945 829 3998 μοι
874 3929 977 3982 ποῦ
1009 3925 1184 4001 ἧσανς
1215 3949 1235 3981 ι
1279 3932 1385 3985 Τοῦ
1429 3934 1493 3986 ἐκ
1538 3940 1843 4005 περιτομῆς

272 4013 401 4067 λαοῦ
442 4017 503 4069 τὸ
530 4016 661 4070 πολὺ
695 4018 893 4089 πλῆθος
922 4022 1019 4092 τῆς
1075 4021 1399 4092 Ἐκκλησίας
1438 4023 1559 4076 καθ’
1590 4025 1718 4096 ὅλης
1741 4025 1842 4095 τῆς

275 4107 595 4179 οἰκουμένης
656 4108 717 4173 ἐξ
783 4110 1037 4165 ἁπάντων
1106 4113 1586 4185 ἀντεισαχθήσεται
1651 4115 1835 4169 ἐθνῶν.

272 4192 453 4249 Ἦσαν
480 4199 590 4269 γάρ
624 4217 750 4253 ποτε
784 4203 840 4254 ὲν
868 4202 1109 4275 ἀπωλείᾳ
1132 4205 1183 4256 οἱ
1215 4204 1304 4258 διὰ
1333 4206 1433 4277 τῆς
1456 4207 1723 4278 σωτηρίου
1752 4210 1842 4278 χά-

274 4305 419 4360 ριτος
469 4293 536 4361 τῇ
593 4292 836 4364 πολιτείᾳ
882 4294 976 4370 τοῦ
1039 4294 1173 4348 Θεοῦ
1223 4298 1689 4370 προσδραμόντες·
1747 4300 1841 4363 οὓς

270 4381 450 4453 ὁρῶσα
474 4384 509 4452 ἡ
564 4382 854 4454 Ἐκκλησία
891 4368 983 4438 τοῦ
1017 4386 1151 4439 Θεοῦ
1180 4368 1554 4459 ἀποθαυμάσει
1586 4390 1836 4459 λέγουσα,

1936 568 2019 622 sic
2052 584 2169 619 nam
2202 567 2565 635 alloqueutem
2609 582 2623 617 :

2008 652 2171 707 Vsus.
2206 652 2293 707 16.
2326 670 2344 705 ι
2377 652 2513 707 Ecce
2551 665 2713 718 super
2737 664 2927 705 manus
2958 664 3107 705 meas
3142 650 3357 721 depinxi
3388 666 3508 708 mu-

1938 764 2031 802 ros
2067 759 2203 811 tuos,
2252 756 2307 802 et
2356 746 2409 800 in
2463 755 2755 815 conspectu
2804 760 2923 799 meo
2955 760 3014 799 es
3043 760 3279 813 semper.
3310 763 3330 797 ι
3367 742 3505 799 Nam

1939 854 2131 893 manus
2164 839 2255 893 Dei
2283 852 2469 894 revera
2500 834 2804 905 hnjusmodi
2838 836 3024 891 urbem
3062 835 3348 897 aediﬁcant,
3396 838 3508 890 imo

1938 931 2117 1001 potius
2169 929 2339 998 ipsam
2394 926 2665 982 delineant
2722 936 2778 980 et
2840 926 3175 996 depingunt,
3231 928 3382 996 quasi
3450 927 3505 981 in

1940 1020 2135 1074 tabella
2171 1034 2291 1089 quae
2322 1018 2651 1088 depingitur,
2703 1031 2767 1072 ac
2796 1018 2965 1072 divini
3001 1018 3231 1071 instituti
3280 1018 3334 1071 in
3390 1017 3507 1071 ani-

1941 1112 2132 1166 mabus
2159 1110 2437 1164 hominum
2468 1109 2691 1165 stabiliti
2733 1108 3056 1179 positionem
3091 1118 3146 1163 et
3172 1107 3308 1171 loca,
3339 1106 3508 1162 linea-

1940 1202 2140 1257 mentis
2166 1202 2469 1271 designant.
2505 1200 2662 1267 Quod
2692 1200 2856 1256 etiam
2893 1202 3005 1269 ipse
3028 1215 3248 1269 quoque
3271 1200 3507 1255 civitatis

1941 1292 2194 1347 fundator
2230 1303 2285 1347 et
2310 1292 2514 1361 opifex,
2567 1291 2817 1347 videlicet
2866 1290 2961 1346 Dei
3016 1290 3277 1355 Verbum,
3325 1291 3510 1345 docuit

1941 1385 2027 1440 bis
2081 1384 2293 1449 verbis,
2332 1384 2553 1455 «Supra
2606 1392 2814 1454 petram
2868 1382 3146 1438 sdiﬂcabo
3208 1382 3507 1437 Ecclesiam

1941 1492 2152 1540 meam,
2188 1486 2243 1532 et
2274 1487 2442 1547 porta:
2472 1476 2627 1531 inferi
2684 1490 2791 1531 non
2830 1476 3200 1547 praevalebunt
3248 1474 3509 1531 adversus

1940 1582 2059 1622 eam
2086 1568 2152 1621 “.
2181 1587 2199 1620 ι

2017 1658 2179 1713 Vsus.
2239 1659 2327 1714 i7.
2377 1678 2394 1711 ι
2421 1657 2648 1728 Citoque
2688 1657 3060 1723 mdiﬁcaberis,
3096 1673 3127 1712 a
3171 1648 3367 1727 quibus
3416 1657 3513 1712 de-

1943 1758 2145 1807 structa
2165 1767 2242 1818 es,
2260 1761 2315 1807 et
2332 1752 2421 1821 qui
2443 1762 2494 1807 te
2519 1751 2918 1814 desolaverunt,
2943 1751 3287 1821 egredientur
3302 1765 3366 1804 ex
3398 1758 3506 1805 ιο.»

1944 1844 2404 1910 Quemadmodum
2449 1844 2591 1898 enim
2630 1840 2799 1897 Judtei
2844 1841 3002 1910 huius
3037 1841 3232 1896 excidii
3261 1849 3510 1895 auctores

1944 1934 2093 1989 fuere
2117 1974 2134 2000 ,
2162 1935 2240 1992 sic
2278 1950 2496 1990 rursum
2530 1950 2597 1989 ex
2649 1933 2737 1987 illa
2788 1935 3105 2002 prodierunt
3140 1934 3263 1988 novi
3294 1931 3512 1988 aediﬁcii

1942 2026 2179 2080 artiﬁces
2210 2045 2222 2081 :
2260 2026 2486 2096 apostoli
2513 2027 2760 2082 videlicet
2784 2018 3083 2081 Salvatoris
3113 2025 3318 2089 nostri,
3346 2024 3513 2079 disci-

1942 2117 2050 2186 puli
2104 2127 2159 2171 et
2212 2116 2579 2187 evangelistm,
2614 2132 2847 2188 quorum
2901 2130 3065 2185 opera
3117 2114 3359 2171 Ecclesia
3410 2113 3510 2169 Del

1941 2210 2173 2265 excitata
2203 2210 2323 2274 (uit.

2012 2301 2174 2355 Vens.
2222 2299 2312 2364 18,
2365 2300 2450 2357 i9.
2488 2320 2505 2352 ι
2536 2299 2679 2357 Leva
2714 2300 2767 2355 in
2790 2300 3019 2355 circuitu
3059 2299 3244 2355 oculos
3275 2304 3413 2362 tuos,
3452 2305 3511 2353 et

1940 2392 2062 2444 vide
2091 2405 2321 2444 omnes:
2349 2404 2475 2445 ecce
2524 2390 2834 2461 congregati
2859 2398 3018 2455 sunt,
3049 2399 3103 2442 et
3141 2394 3404 2442 venerunt
3440 2388 3510 2441 ad

1944 2494 2013 2537 te.
2052 2480 2186 2536 Vivo
2206 2497 2325 2552 ego,
2352 2482 2481 2536 dicit
2504 2481 2781 2548 Dominus,
2811 2482 3061 2549 quoniam
3091 2481 3346 2534 omnibus
3380 2477 3506 2542 illis,
3609 2537 3612 2543 η

1944 2583 2215 2641 tamquam
2241 2580 2579 2638 ornamento,
2611 2571 2871 2637 indueris,
2904 2583 2959 2626 et
2984 2571 3361 2638 circumpones
3389 2568 3512 2623 illos

1944 2675 2213 2732 tamquam
2248 2673 2498 2716 ornatum
2548 2676 2760 2730 sponsae
2792 2679 2804 2715 :
2839 2662 3094 2730 quoniam
3144 2660 3359 2714 deserta
3414 2668 3509 2713 tua

1940 2760 1996 2805 et
2020 2750 2279 2821 dissipata
2312 2763 2421 2817 tua,
2457 2761 2512 2806 et
2532 2766 2650 2819 qua:
2670 2751 3003 2816 ceciderunt,
3030 2765 3170 2804 nunc
3196 2750 3509 2821 angustiora

1942 2841 2071 2895 ﬁent
2104 2856 2213 2910 μετα»
2247 2840 2667 2905 habitatoribus,
2722 2850 2775 2895 et
2823 2840 2979 2909 longe
3031 2842 3356 2895 arcebuntur
3387 2855 3416 2892 a
3454 2849 3510 2895 te

1942 2932 2030 3000 qui
2057 2933 2346 2986 absorbent
2379 2941 2453 2984 te.
2480 2950 2498 2983 ι
2535 2931 2717 2985 Mirari
2735 2932 2879 2984 subit
2914 2946 3021 2998 quo
3045 2940 3201 2999 pacto
3224 2930 3367 2997 hac,
3394 2939 3505 2984 tum

1942 3025 2115 3094 quoad
2148 3023 2481 3093 spiritualem
2518 3022 2849 3090 intelligendi
2882 3024 3166 3085 rationem,
3196 3032 3305 3075 tum
3333 3025 3511 3093 quoad

1942 3112 2248 3177 historiam,
2281 3110 2548 3179 completa
2580 3111 2719 3175 sint;
2757 3125 2945 3179 nempe
2968 3126 3090 3164 cum
3109 3125 3240 3180 gens
3266 3108 3511 3173 Judaica,

1945 3214 2066 3275 post
2094 3204 2370 3257 fundatam
2403 3202 2700 3257 Ecclesiatn
2739 3216 2805 3256 ex
2836 3200 3110 3271 gentibus,
3151 3215 3181 3253 a
3210 3201 3399 3256 sensili
3423 3202 3514 3255 illa

1944 3296 2078 3350 urbe
2106 3295 2407 3349 Palaestina:
2437 3292 2659 3363 expulsa
2704 3302 2821 3359 est,
2862 3292 3007 3363 quod
3037 3307 3066 3345 a
3102 3292 3205 3362 pia:
3236 3292 3513 3361 religionis

1943 3389 2088 3443 cultu
2118 3388 2332 3456 delapsa
2374 3397 2539 3441 esset.

2015 3480 2176 3534 Vens.
2219 3479 2309 3543 20,
2356 3479 2445 3533 2|.
2505 3497 2523 3530 ι
2552 3477 2739 3533 Dicent
2768 3476 2911 3532 enim
2962 3477 3028 3530 ad
3078 3491 3238 3531 aures
3266 3486 3383 3530 tuas
3418 3475 3515 3530 ﬁlii

1945 3570 2044 3634 tui,
2082 3585 2217 3640 quos
2248 3569 2527 3639 perdidisti
2565 3588 2578 3624 :
2612 3570 2886 3638 Augustus
2927 3570 3055 3624 mihi
3088 3570 3237 3624 locus
3266 3578 3348 3623 est
3379 3583 3395 3621 :
3429 3568 3512 3622 fac

1944 3662 2073 3717 mihi
2104 3662 2302 3726 locum,
2336 3671 2394 3713 ut
2424 3662 2681 3715 habitem.
2703 3660 2770 3715 Et
2793 3662 2941 3716 dices
2966 3661 3018 3716 iu
3047 3662 3209 3716 corde
3237 3670 3359 3715 tuo:
3384 3660 3517 3727 Quis

1943 3754 2125 3824 genuit
2172 3753 2301 3807 mihi
2334 3754 2509 3808 istos?
2552 3762 2607 3807 at
2652 3768 2752 3823 ego
2790 3755 2993 3821 absque
3020 3753 3206 3807 liberis
3236 3762 3289 3807 et
3318 3752 3511 3806 vidua:

1944 3847 2041 3900 hos
2069 3857 2247 3900 autem
2286 3846 2409 3914 quis
2455 3844 2717 3899 cnutrivit
2752 3846 2878 3898 mihi
2903 3845 2937 3912 2;
2970 3844 3079 3915 Ego
3129 3854 3309 3897 autem
3352 3845 3515 3897 dere-

1943 3935 2068 3991 licta
2123 3952 2240 3990 sum
2274 3935 2386 3991 sola
2423 3954 2437 3991 :
2472 3937 2525 3990 hi
2558 3951 2690 3990 vero
2741 3936 2829 3990 ubi
2884 3945 3040 3989 erant
3100 3935 3274 3989 mihi?
3304 3954 3324 3986 ι
3382 3935 3516 3992 Vico

1944 4030 2120 4099 populi
2152 4044 2219 4084 ex
2257 4029 2669 4083 circumcisione
2692 4067 2715 4090 ,_
2745 4027 3037 4081 multitudo
3089 4043 3283 4096 magna
3343 4036 3514 4082 totum

1942 4137 2037 4191 per
2063 4120 2248 4175 orbem
2284 4121 2335 4173 in
2368 4120 2663 4176 Ecclesiam
2690 4134 2753 4174 ex
2786 4119 3041 4174 omnibus
3081 4118 3332 4188 gentibus
3358 4119 3519 4174 indu-

1942 4223 2118 4267 cetur.
2151 4212 2289 4267 Olim
2332 4213 2535 4281 quippe
2588 4212 2639 4265 in
2690 4211 2931 4281 pernicie
2983 4221 3143 4264 erant
3175 4212 3234 4272 ii,
3269 4211 3363 4280 qui
3422 4225 3519 4279 per

1942 4305 2232 4359 salutarem
2272 4304 2503 4373 gratiam
2536 4301 2603 4354 ad
2639 4302 2836 4356 divina
2885 4300 3163 4371 religionis
3208 4301 3510 4356 institutum

1942 4398 2293 4443 accnrrerunt
2323 4409 2337 4444 :
2368 4389 2563 4459 quibus
2592 4390 2901 4458 conspectis
2946 4390 3187 4446 Ecclesia
3221 4389 3314 4445 Dei
3342 4390 3513 4444 admi-

277 4489 295 4518 ι
329 4471 424 4534 Τίς
447 4472 701 4544 ἐγέννησε
728 4491 815 4544 μοι
841 4474 1058 4539 τούτους
1079 4492 1093 4540 ;
1122 4496 1139 4528 ι
1167 4478 1228 4530 τὸ
1251 4478 1398 4541 ξένον
1418 4482 1517 4551 τῆς
1540 4481 1648 4533 τῶν
1670 4481 1837 4535 ὲθνῶν

1944 4480 2184 4534 rabunda
2224 4480 2387 4543 dicet,
2423 4500 2442 4532 ι
2465 4480 2602 4548 Quis
2631 4482 2762 4536 mihi
2802 4481 2965 4535 hosce
2986 4481 3214 4550 genuit?
3242 4500 3261 4529 ι
3298 4481 3365 4534 ad
3416 4498 3513 4533 ttu-

272 4554 515 4627 κλήσεως
545 4560 982 4633 ἐκπληττομένη⁶
1016 4564 1338 4636 ὁμολογήσει
1375 4585 1435 4620 τε
1472 4568 1571 4640 τὴν
1606 4570 1839 4641 ἐπισυμ-

272 4644 444 4702 εᾶσαν
480 4650 617 4721 αὐτῇ
648 4653 712 4705 ἐκ
742 4652 837 4706 τοῦ
881 4653 1146 4711 Ἰουδαίων
1177 4655 1362 4721 ἔθνους
1386 4659 1658 4714 ἀτεκνίαν.

344 4841 365 4874 ι
405 4824 591 4891 Οῦτως
627 4827 772 4896 λέγει
812 4831 1013 4903 Κύριος
1053 4834 1256 4907 Κύριος
1278 4853 1291 4864 ⁸
1341 4836 1467 4891 Ἰδοὺ
1496 4838 1635 4909 αἴρω
1662 4841 1741 4902 είς
1768 4840 1837 4894 τὰ

272 4912 396 4987 ἱθνη
431 4918 531 4988 τὴν
562 4921 720 4991 χεῖρά
751 4940 873 4991 μου,
913 4924 1007 4978 καὶ
1054 4928 1135 4990 είς
1179 4926 1277 4990 τὰς
1318 4929 1514 4999 νήσους
1546 4930 1663 5001 ἀρῶ
1706 4931 1836 4984 σύσ-

275 5011 448 5079 σημόν
482 5027 605 5079 μου,
635 5014 727 5065 καὶ
763 5014 949 5077 ἄξουσι
971 5018 1098 5082 τοὺς
1121 5018 1271 5082 υίούς
1300 5036 1392 5073 σου
1420 5022 1477 5073 ὲν
1505 5022 1710 5093 κόλπῳ,
1739 5023 1838 5088 τὰς

272 5101 326 5153 δὲ
360 5102 667 5172 θυγατέρας
716 5121 808 5156 σου
865 5107 949 5159 ἐπ’
989 5106 1156 5179 ὤμων
1202 5110 1423 5181 ἀροῦσν
1481 5131 1499 5163 ι
1550 5112 1834 5180 διδάσκων,

272 5193 351 5245 ὅτι
393 5194 543 5256 υἱοὺς
576 5195 743 5267 αὑτῆς
769 5196 861 5249 καὶ
904 5197 1224 5270 θυγατέρας,
1266 5204 1394 5273 περὶ
1433 5198 1507 5257 ὧν
1544 5200 1716 5272 εἶπεν,
1756 5207 1838 5260 ὃτι

277 5306 297 5337 ι
347 5280 511 5341 Οὗτοι
536 5288 593 5342 δε
640 5304 726 5358 μοι
778 5290 881 5343 ποῦ
928 5287 1103 5362 ἧσαν;
1151 5314 1169 5344 ι
1219 5296 1282 5347 ἐκ
1330 5294 1431 5364 τῆς
1466 5296 1695 5366 ἐκλογῆς
1730 5297 1839 5352 τῶν

273 5377 439 5444 ἐθνῶν
468 5380 604 5451 πρὸς
626 5382 792 5454 αὐτὴν
818 5383 1049 5449 συνάξει.
1082 5384 1237 5447 Τίνες
1272 5384 1326 5439 δὲ
1351 5385 1508 5438 τοῦτο
1538 5388 1836 5459 πράξωσιν,

274 5468 309 5542 ἢ
347 5472 564 5535 πάντως
600 5490 701 5525 που
726 5476 775 5527 οἱ
800 5476 924 5539 τοὺς
960 5476 1346 5546 εἰσαγομένους
1378 5478 1457 5540 εἰς
1480 5478 1581 5549 τὴν
1616 5480 1842 5550 Ἐκκλη-

280 5561 392 5615 σίαν
412 5560 505 5617 τοῦ
540 5564 675 5618 Θεοῦ
712 5566 1170 5638 χειραγωγοῦντες
1205 5568 1293 5622 διὰ
1314 5568 1409 5641 τὴν
1426 5569 1638 5641 φρενῶν
1659 5570 1845 5642 νηπιό-

280 5668 409 5722 τητα
425 5669 442 5719 ;

344 5747 393 5781 "
420 5750 606 5805 Matth.
643 5764 757 5817 an,
792 5751 877 5809 l3.

1943 4588 2061 4625 vam
2086 4582 2138 4625 et
2168 4572 2485 4627 insolentem
2520 4573 2757 4644 gentium
2784 4574 3121 4629 vocationem
3150 4573 3379 4627 attonita
3408 4590 3421 4625 τ
3451 4591 3515 4628 ac

1943 4664 2283 4717 sterilitatem
2323 4664 2424 4719 sibi
2477 4680 2507 4718 a
2561 4663 2787 4719 .Iudaica
2839 4673 3001 4733 gente
3048 4663 3331 4719 inductam
3382 4662 3521 4719 fate-

1943 4756 2109 4810 bitur.
2596 4820 2599 4823 Α

2017 4847 2181 4901 Vsus.
2228 4848 2317 4903 22.
2370 4868 2390 4901 ι
2437 4848 2531 4904 Sic
2566 4849 2697 4903 dicit
2735 4847 2997 4902 Dominus
3050 4846 3519 4903 Dominus:Ecco

1944 4938 2095 4993 elevo
2128 4954 2289 5008 super
2338 4951 2523 5010 gentes
2564 4955 2781 4994 manuni
2834 4956 3047 5004 meatu,
3105 4949 3161 4994 et
3206 4941 3273 4994 ad
3317 4941 3521 4994 insu!as

1947 5029 2139 5084 levabo
2185 5031 2397 5101 signqu
2432 5047 2607 5084 meum
2640 5048 2653 5083 :
2686 5038 2741 5083 et
2781 5030 3053 5083 adducent
3096 5028 3235 5082 lilios
3285 5036 3409 5082 tuos
3464 5029 3516 5082 in

1946 5123 2088 5186 sinu,
2117 5130 2170 5173 et
2196 5122 2336 5175 ﬁlias
2364 5132 2484 5174 tuas
2519 5104 2757 5174 humeris
2786 5119 3077 5187 portabunt
3113 5136 3126 5171 :
3158 5137 3182 5170 ι
3216 5118 3439 5183 docens,
3462 5133 3523 5173 se

1948 5212 2086 5267 Illius
2110 5223 2163 5265 et
2192 5212 2329 5265 tilias
2354 5212 2508 5280 ejus,
2558 5211 2862 5279 de‘quibns
2898 5210 3054 5273 dixit,
3091 5226 3111 5260 ι
3139 5208 3202 5263 lli
3263 5223 3393 5263 vero
3432 5210 3521 5261 ubi

1946 5314 2099 5358 erant
2126 5303 2347 5357 mihi?»
2410 5318 2475 5356 ex
2520 5301 2787 5356 electione
2829 5312 3067 5369 gentium
3121 5300 3188 5353 ad
3224 5300 3521 5354 Ecclesium

1948 5396 2306 5450 deducturum
2342 5409 2485 5449 esse.
2515 5394 2746 5461 Quinam
2779 5409 2907 5448 vero
2943 5393 2997 5447 id
3024 5391 3199 5447 acturi
3234 5402 3383 5457 sunt,
3418 5394 3521 5444 nisi

1949 5487 2039 5556 qui
2066 5486 2204 5542 alios
2230 5488 2296 5542 ad
2333 5486 2629 5543 Ecclesiam
2654 5485 2747 5540 Dei
2779 5487 3101 5540 accedentes
3130 5498 3289 5537 manu
3320 5484 3524 5539 ducunt

1951 5579 2020 5634 ob
2048 5592 2234 5635 corum
2262 5577 2460 5635 mentis
2492 5577 2913 5634 imbecillitatem
2945 5586 3002 5632 ct
3044 5574 3379 5631 infantiam!
