4128 6294
665 375 767 432 ιόθ

1321 368 1408 424 EU
1418 367 1586 424 SEBll
1621 365 2100 424 CESARIENSIS
2130 363 2189 422 01

2321 366 2500 423 PARS
2538 366 2626 422 Ill.
2671 397 2740 408 —
2781 366 3188 423 EXECETICA.

3765 369 3871 422 μθ

735 487 894 541 Vsus.
941 483 1030 539 9.5.
1078 501 1096 534 ι
1128 483 1192 538 Ει
1221 494 1379 538 erunt
1423 499 1575 554 reges
1605 483 1811 538 nutritii
1847 485 1954 548 ttti,
1983 494 2037 538 et
2067 484 2189 554 regi-

2381 502 2400 535 t
2445 485 2554 538 Καὶ
2595 485 2804 538 ἔσονται
2846 483 3075 553 βασιλεῖς
3110 483 3313 554 τιθηνοί
3349 500 3461 545 σου,
3493 483 3548 536 αἰ
3586 483 3644 535 δὲ
3676 483 3869 553 ἄρχου-

661 593 743 632 ηε
775 592 957 632 eorum
988 617 1002 641 ,
1036 577 1272 631 nutrices
1299 587 1418 629 tuae.
1452 594 1470 627 ι
1501 576 1647 640 Quod
1678 575 1743 628 ad
1765 576 1992 629 litteram
2023 576 2208 645 imple-

661 680 772 723 tum
797 667 926 739 ipsis
951 669 1121 723 oculis
1159 669 1457 730 cernimus,
1490 667 1615 719 dum
1661 667 1717 730 ii,
1761 667 1850 735 qui
1901 683 2204 736 supremum

658 760 940 827 imperium
1004 759 1284 821 obtinent,
1353 755 1646 810 Ecclesiam
1707 754 1797 810 Dei
1864 757 2204 810 nutritiorum

656 851 831 905 instar
879 857 1089 918 gestant
1134 857 1186 902 et
1241 845 1463 900 fovent:
1501 859 1565 899 ac
1615 843 1812 912 regina:
1857 845 2112 912 gentium,
2152 844 2204 896 id

655 950 761 1008 est,
813 941 1139 1010 singularum
1183 936 1422 1008 gentium
1453 944 1508 988 et
1534 936 1936 1005 provinciarum
1964 932 2200 1002 praefecti

655 1040 712 1086 et
760 1031 1121 1100 magistratus,
1169 1040 1404 1095 superno
1446 1039 1611 1094 regno
1647 1025 2043 1089 ministrantes,
2082 1034 2202 1078 tan-

656 1137 817 1192 quam
871 1120 1123 1183 nutrices,
1173 1117 1497 1188 pauperibus
1551 1114 1807 1170 Ecclesia:
1860 1115 2202 1183 imperatorio

654 1221 786 1267 nutu
842 1224 1112 1264 annonam
1172 1208 1561 1276 suppeditant:
1591 1221 1758 1274 quare
1803 1207 2040 1259 nutrices
2085 1205 2200 1272 ejus

656 1310 932 1364 vocantur,
961 1300 1076 1352 sive
1113 1297 1404 1352 secundum
1438 1295 1836 1366 Symmachum,
1895 1315 1913 1346 ι
1940 1297 2020 1350 lac
2061 1310 2200 1365 prae-

651 1393 838 1448 bentes
867 1407 882 1458 ;
914 1410 932 1442 ι
966 1391 1042 1446 sic
1083 1390 1224 1444 enim
1267 1389 1452 1455 habet,
1487 1407 1504 1438 ι
1539 1388 1602 1441 Et
1638 1391 1832 1458 reginae
1879 1402 2062 1442 eorum
2120 1387 2199 1441 lac

649 1483 978 1552 praebebunt.
1010 1500 1028 1533 ι
1099 1481 1227 1548 Quis
1295 1488 1470 1534 autem
1525 1490 1846 1533 memoratos
1923 1478 2199 1546 praefectos

649 1591 878 1631 cernens
911 1578 964 1630 in
1003 1574 1238 1629 Ecclesia
1277 1573 1368 1627 Dei
1400 1588 1535 1643 genu
1571 1571 1818 1636 ﬂectere,
1865 1587 1928 1625 ac
1965 1571 2016 1624 in
2049 1570 2194 1623 fron-

651 1679 754 1720 tem
790 1667 936 1721 humi
971 1665 1317 1735 procumbere
1343 1702 1359 1727 ,
1405 1679 1508 1716 non
1539 1663 1769 1716 fateatur
1801 1661 1937 1715 hanc
1967 1660 2195 1730 prophe-

647 1759 776 1811 tiam
804 1758 869 1812 ad
907 1756 1140 1809 litteram
1178 1754 1496 1822 completam
1527 1767 1662 1815 esse,
1689 1767 1807 1821 qua:
1844 1753 2041 1805 diserte
2070 1751 2142 1802 ait
2177 1769 2189 1804 :

2313 591 2399 628 σαι
2433 575 2628 639 αὐτῶν,
2651 576 2836 646 τροφοί
2864 592 2970 627 σου.
3011 594 3028 625 ι
3074 576 3247 641 Ὅπερ
3276 575 3365 626 καὶ
3403 573 3532 627 αὐτὸ
3563 574 3704 626 κατὰ
3727 573 3870 638 λέξιν

2310 667 2676 736 πληρούμενον
2702 670 2882 732 αὐτοῖς
2918 668 3096 736 ἴδομεν
3135 667 3449 737 ὀφθαλμοῖς,
3478 667 3585 720 τῶν
3617 666 3868 736 κρατούν-

2308 772 2414 808 των
2441 758 2539 826 τῆς
2571 757 2827 809 ἀνωτάτω
2863 756 3032 827 ἀρχῆς
3070 753 3298 824 τιθηνῶν
3341 755 3537 823 τρόπον
3575 753 3865 805 διαδαστα-

2309 847 2502 912 ζόντων
2526 847 2624 916 τὴν
2650 846 2741 899 τοῦ
2762 847 2898 900 Θεοῦ
2932 845 3252 915 Ἐκκλησίαν
3272 861 3285 874 ·
3305 846 3361 898 αἰ
3381 845 3437 896 δὲ
3458 843 3660 897 τούτων
3681 843 3868 913 ἀρχουο

2309 955 2417 1002 σαι,
2447 937 2639 1008 δηλαδὴ
2668 940 2719 991 αἱ
2751 938 2870 992 καθ’
2899 940 3124 992 ἕκαστον
3153 936 3325 999 έθνος,
3358 937 3450 989 καὶ
3489 935 3608 990 καθ’
3632 935 3872 1005 ἑκάστην

2307 1029 2569 1100 ἐπαρχίαν
2610 1029 2776 1098 ἀρχαὶ
2808 1030 2900 1081 καί⁵
2933 1029 3188 1094 ἐξουσίαι,
3225 1029 3290 1096 τῇ
3329 1028 3586 1080 ἀνωτάτω
3622 1025 3867 1095 βασιλείᾳ

2304 1119 2708 1190 διακονούμεναι
2756 1119 2968 1189 τροφῶν
3007 1120 3158 1188 δίκην
3211 1118 3708 1188 ἐξυπηρετούμεναι
3756 1120 3867 1180 τοῖς

2304 1211 2502 1263 ἐνδεέσι
2525 1214 2623 1281 τῆς
2669 1211 3008 1281 Ἐκκλησίας,
3044 1209 3267 1280 νεύματι
3306 1209 3584 1280 βασιλικῷ,
3615 1210 3683 1262 τὰ
3717 1226 3866 1277 σιτη-

2308 1299 2455 1369 ρέσια
2487 1297 2812 1369 χορηγοῦσαι
2832 1299 3037 1360 αὐτοῖς·
3061 1299 3139 1350 διὸ
3160 1298 3328 1369 τροφὴ
3357 1298 3432 1367 (l)
3470 1300 3638 1370 αὐτῆς
3653 1299 3870 1367 ὠνομά-

2305 1387 2540 1457 σθησαν,
2573 1387 2606 1457 ἦ
2638 1387 2778 1440 κατά
2808 1388 2898 1440 τὸν
2945 1386 3255 1456 Σύμμαχον,
3309 1404 3326 1436 t
3367 1385 3640 1454 γαλοῦχοι,
3691 1403 3710 1436 ι
3764 1386 3866 1454 φή-

2305 1494 2490 1539 σαντα,
2529 1495 2546 1526 t
2600 1479 2707 1530 Kal.
2749 1479 3009 1546 ἄρχουσαι
3042 1475 3218 1528 αὐτῶν
3256 1473 3669 1544 γαλουχήσουσι.
3720 1492 3739 1524 ι
3772 1473 3866 1534 Τίς

2300 1567 2354 1620 δὲ
2379 1567 2671 1637 ὀφθαλμοῖς
2709 1568 2851 1638 ὁρῶν
2882 1567 2980 1630 τάς
3020 1565 3310 1636 εἰρημένας
3341 1563 3513 1634 ἀρχὰς
3536 1564 3594 1616 ἐν
3627 1566 3692 1632 τῇ
3742 1565 3868 1615 Ἑκ-

2303 1659 2498 1728 κλησίᾳ
2535 1659 2626 1711 τοῦ
2667 1658 2801 1711 Θεοῦ
2827 1659 2953 1726 γόνυ
2989 1655 3362 1726 καμπτούσας,
3392 1655 3484 1706 καὶ
3516 1653 3576 1706 τὸ
3619 1655 3863 1723 μέτωπον

2301 1748 2606 1818 ἐρειδούσας
2647 1748 2740 1800 ἐπὶ
2785 1747 2878 1800 τοῦ
2911 1747 3166 1814 ἐδάφους,
3197 1746 3293 1814 ούχ
3337 1743 3681 1814 ὁμολογήσειε
3728 1745 3863 1813 πρὸς

651 1865 668 1894 ι
698 1847 870 1913 Super
920 1843 1107 1898 faciem
1141 1850 1298 1896 terrae
1335 1843 1637 1896 adorabunt
1685 1856 1770 1905 te,
1811 1850 1865 1894 et
1918 1841 2185 1909 pulverem

2295 1839 2429 1905 λέξιν
2463 1842 2554 1892 καὶ
2591 1840 2723 1911 πρὸς
2756 1839 2992 1909 ἱστορίαν
3031 1837 3182 1899 τέλος
3223 1835 3502 1904 εἰληφέναι
3530 1835 3730 1902 ταύτην
3766 1835 3862 1902 τὴν

643 1936 837 2004 pedum
871 1943 1080 1990 tuorum
1115 1935 1344 2004 lingent.
1387 1933 1450 1987 Et
1485 1935 1624 1988 scies
1654 1935 1776 2002 quia
1809 1947 1908 2001 ego
1947 1947 2062 1985 sum
2092 1930 2189 1984 Do-

2299 1933 2648 2001 προφητείαν,
2667 1929 2958 2000 διαρρήδην
2985 1931 3250 2000 φήσασαν,
3275 1947 3292 1978 ι
3317 1928 3435 1979 Ἐπὶ
3455 1927 3739 1996 πρόσωπον
3765 1928 3862 1994 τῆς

644 2027 846 2091 minus,
879 2035 1059 2080 etnon
1097 2025 1515 2087 confundentur,
1559 2027 1646 2094 qui
1690 2033 2005 2093 exspectant
2050 2025 2140 2078 te?
2169 2045 2188 2075 ο

2298 2025 2400 2093 γῆς
2429 2022 2858 2092 προσκυνήσουσί
2892 2038 2993 2082 σοι,
3025 2020 3114 2072 καὶ
3141 2019 3231 2071 τὸν
3271 2018 3398 2088 χοῦν
3429 2018 3535 2069 τῶν
3565 2017 3738 2070 ποδῶν
3770 2033 3864 2068 σου

642 2112 746 2166 Par
780 2125 862 2168 est
893 2115 1032 2168 enim
1063 2129 1167 2166 non
1193 2114 1247 2166 in
1276 2114 1557 2181 segnitiem
1591 2113 1761 2168 delabi
1788 2155 1801 2178 ,
1852 2127 2024 2181 neque
2049 2127 2189 2180 spem

2299 2113 2552 2180 λείεουσι.
2582 2115 2690 2166 Καὶ
2710 2112 2915 2183 γνώσῃ,
2942 2114 3022 2164 ὅτι
3044 2111 3151 2179 ἐγὼ
3173 2110 3394 2181 Κύριος,
3422 2112 3513 2162 καὶ
3535 2111 3634 2161 οὐκ
3655 2110 3866 2177 αἰσχυν-

641 2207 1028 2274 promissorum
1055 2205 1302 2259 amittere
1332 2214 1457 2258 ante
1483 2219 1659 2256 rerum
1690 2214 1959 2257 eventum.

2304 2202 2556 2272 θήσονται
2597 2203 2646 2254 οἱ
2689 2201 3045 2272 ὑπομένοντες
3091 2217 3184 2264 σε;
3237 2219 3256 2250 ι
3311 2200 3487 2252 Καλὸν
3530 2199 3635 2269 γὰρ
3671 2197 3731 2250 τὸ
3787 2197 3859 2266 μὴ

638 2299 920 2370 ὀλιγωρεῖν
949 2299 1079 2369 μηδὲ
1108 2298 1502 2365 άττογιιώσκειν
1542 2297 1639 2368 τὴν
1669 2297 1857 2351 ἐλπίδα
1892 2299 2000 2352 τῶν
2030 2297 2451 2369 ἐπηγγελμένων
2485 2297 2590 2367 πρὸ
2628 2299 2726 2366 τῆς
2754 2296 2860 2348 τῶν
2895 2293 3228 2365 πραγμάτων
3261 2292 3556 2354 ἐκϐάσεως.

711 2387 871 2445 Vsus.
900 2391 987 2444 24.
1026 2410 1043 2441 ι
1076 2390 1209 2443 Num
1256 2391 1481 2459 accipiet
1517 2392 1639 2459 quis
1667 2406 1694 2443 a
1719 2393 1930 2461 gigante
1969 2392 2136 2459 spolia
2169 2393 2192 2444 ἲ

640 2491 694 2535 et
738 2482 780 2533 si
815 2481 936 2548 quis
977 2481 1244 2549 captivum
1290 2482 1500 2535 duxerit
1535 2483 1765 2550 injuste,
1792 2483 2083 2536 salvabitur
2113 2483 2137 2534 ?
2169 2503 2186 2534 ι

639 2570 918 2638 Gigantem
963 2579 1118 2625 vocat
1157 2571 1423 2625 diabolum
1469 2579 1521 2624 et
1554 2572 1912 2623 adversariam
1955 2582 2192 2638 potesta-

2372 2406 2388 2437 t
2425 2387 2513 2458 Μὴ
2541 2386 2767 2457 λήψεταί
2818 2403 2898 2448 τις
2947 2387 3094 2456 παρά
3127 2385 3376 2452 γίγαντος
3408 2384 3610 2445 σκῦλα;
3641 2383 3736 2434 καὶ
3771 2380 3862 2432 ἐὰν

2300 2477 2706 2548 αἱχμαλωτεύσῃ
2729 2495 2810 2540 τις
2847 2477 3045 2538 ἀδίκως
3062 2515 3076 2537 ,
3104 2475 3402 2545 σωθήσεται
3427 2490 3440 2536 ;
3475 2493 3492 2523 ι
3517 2474 3744 2541 γίγαντα
3769 2489 3864 2542 ση-

2303 2569 2505 2638 μαίνων
2551 2569 2641 2621 τὸν
2680 2568 2919 2621 διάϐολον
2967 2569 3060 2620 καὶ
3086 2567 3182 2635 τὴν
3211 2564 3585 2634 ἀντικειμένην
3611 2564 3859 2632 δύναμιν.

639 2665 765 2706 teni.
800 2653 1066 2722 Numquid
1119 2656 1299 2722 igitur,
1334 2657 1440 2719 ait,
1489 2666 1674 2708 contra
1722 2655 1986 2724 gigantem
2019 2659 2189 2725 quivis

2301 2661 2446 2728 Μήτι
2475 2656 2564 2712 οὖν
2589 2659 2666 2728 τῷ
2697 2659 2927 2728 τυχόντι,
2960 2660 3112 2726 φησι,
3137 2657 3353 2709 δυνατόν
3377 2658 3492 2708 ἐστι
3524 2657 3736 2724 γίγαντι
3761 2673 3864 2706 πα-

635 2744 909 2811 oongredi,
947 2759 1008 2797 ac
1031 2744 1160 2796 tanti
1181 2745 1385 2798 roboris
1418 2743 1531 2796 viro
1560 2745 1728 2812 spolia
1759 2745 1966 2810 eripere
1988 2745 2189 2799 valeat?

2305 2749 2652 2820 ρατάξασθαι,
2693 2749 2784 2802 καὶ
2822 2749 3106 2802 σκυλεῦσαι
3131 2749 3218 2801 τὸν
3241 2747 3410 2810 οὕτως
3436 2748 3686 2817 ίσχυρόν;
3717 2747 3780 2798 Εἰ
3807 2745 3863 2797 δὲ

636 2834 783 2901 Quod
808 2836 850 2889 si
873 2837 990 2904 quis
1014 2835 1169 2888 talem
1200 2835 1469 2889 hominem
1501 2836 1766 2904 captivum
1795 2835 2060 2891 abducere
2081 2845 2189 2889 ten-

2300 2844 2390 2894 καὶ
2433 2845 2794 2914 ἐπιχειρήσειέ
2837 2860 2921 2906 τις
2969 2843 3060 2895 τὸν
3109 2842 3346 2895 τοιοῦτον
3401 2839 3862 2910 αἰχμαλωτεῦσαι,

637 2929 848 2992 laverit,
883 2929 980 2981 etsi
1016 2926 1161 2993 juste
1203 2935 1343 2994 agat,
1382 2941 1449 2978 an
1483 2942 1577 2993 pro
1610 2927 1818 2979 insonte
1859 2926 2189 2980 habebitur?

2298 2935 2518 2996 δικαίως
2537 2935 2592 2987 δὲ
2619 2936 2805 2997 ποιῶν,
2833 2930 2941 3005 ἆρα
2963 2925 3344 3005 άθωωθήσεται
3366 2949 3379 2996 ;
3409 2934 3540 3002 Οὐχὶ
3570 2930 3865 3002 κρατηθεὶς·

635 3021 824 3073 Annon
864 3033 892 3072 a
937 3021 1176 3088 gigante,
1215 3028 1396 3086 utpote
1435 3033 1462 3068 a
1504 3018 1756 3079 fortiore,
1791 3028 2090 3085 correptus,
2124 3019 2189 3072 de

2299 3025 2401 3076 ὑπὸ
2441 3024 2532 3076 τοῦ
2561 3025 2833 3092 γίγαντος,
2877 3025 2950 3087 ὡς
2985 3026 3073 3077 ὑπ’
3121 3024 3482 3094 ἰσχυροτέρου,
3533 3021 3862 3076 κινδυνεύσει

634 3111 806 3164 salute
853 3111 1245 3179 periclitabitur
1283 3109 1306 3162 ἰ
1342 3109 1444 3163 Pro
1486 3109 1572 3162 illo
1599 3119 1799 3175 autem,
1835 3129 1853 3161 ‹
1901 3111 2128 3179 injuste,
2170 3129 2186 3160 ι

2295 3117 2420 3188 περὶ
2448 3115 2546 3186 τῆς
2572 3115 2734 3167 αὑτοῦ
2757 3116 3060 3186 σωτηρίας;
3100 3117 3242 3169 Ἀντὶ
3276 3116 3346 3186 δὲ.
3369 3114 3481 3178 τοῦ,
3510 3133 3530 3164 ι
3567 3114 3786 3178 ἀδίκως,
3833 3132 3855 3164 ι

635 3202 895 3257 llebraica
929 3203 1109 3267 lectio,
1146 3220 1165 3252 t
1194 3203 1358 3271 juste,
1390 3220 1408 3252 ι
1446 3201 1623 3254 habet.
1645 3200 1775 3254 Nam
1814 3202 1902 3269 qui
1931 3203 2189 3270 gigantem

2295 3208 2323 3275 ή
2403 3206 2660 3277 Ἐϐραῖκὴ
2707 3206 2868 3271 λέξις.
2924 3226 2941 3257 ι
2979 3207 3218 3271 δικαίως,
3267 3227 3284 3258 ι
3336 3207 3595 3278 περιέχει.
3636 3192 3695 3259 Ὀ
3748 3206 3859 3278 γὰρ

633 3295 907 3362 captivum
961 3294 1200 3358 duxerit,
1238 3294 1383 3363 justo
1414 3306 1542 3347 sane
1587 3301 1730 3363 agat,
1767 3294 2071 3362 pariterque
2104 3295 2189 3362 qui

2295 3290 2714 3364 αίχμαλωτεύων
2736 3297 2981 3368 γίγαντα,
3006 3297 3225 3361 δικαίως
3265 3297 3422 3350 τοῦτο
3461 3299 3720 3367 ποιήσειε,
3765 3296 3860 3352 καὶ

635 3386 751 3452 ejus
783 3385 949 3453 spolia
983 3386 1279 3452 diripuerit.

2295 3386 2318 3437 δ
2345 3383 2615 3438 σκυλεύων
2638 3385 2817 3451 αὐτὸν,
2849 3388 3069 3456 ὁμοίως.

709 3480 867 3528 Vsus.
892 3474 980 3528 25.
1001 3493 1019 3527 ι
1039 3474 1295 3541 Quoniam
1326 3474 1403 3529 sic
1427 3475 1555 3529 dicit
1591 3474 1847 3530 Dominus
1869 3475 1953 3531 :Si
1970 3479 2089 3546 quis
2106 3494 2194 3534 ce-

633 3565 769 3632 perit
802 3564 1326 3634 gigantem,accipiet
1349 3567 1516 3634 spolia
1547 3585 1560 3621 :
1587 3568 1673 3634 qui
1703 3577 1879 3622 autem
1919 3573 2192 3639 acceperit

631 3673 660 3708 a
687 3657 832 3721 forti,
851 3657 1157 3711 salvabitur.
1186 3657 1298 3728 Ego
1315 3667 1492 3714 autem
1523 3659 1781 3726 judicium
1815 3671 1960 3729 tuum
1982 3661 2190 3730 judica-

633 3747 721 3808 bo.
757 3760 808 3802 et
829 3748 964 3804 ﬁlios
993 3764 1138 3804 meos
1169 3765 1377 3804 eruam.
1417 3770 1435 3802 »
1473 3751 1672 3817 Aperte
1698 3753 1979 3809 declarans
2011 3754 2188 3820 nobis,

631 3840 682 3894 id
721 3843 889 3896 solum
923 3843 1036 3897 ﬁeri
1064 3859 1241 3912 posse,
1283 3855 1340 3898 ut
1363 3845 1600 3915 praedicti
1646 3845 1876 3900 hominis
1901 3848 2067 3917 spolia
2092 3865 2191 3902 att-

632 3931 912 4001 ferantur;
942 3935 1076 3990 ﬁlius
1108 3952 1232 3991 suos
1277 3937 1361 3992 his
1399 3937 1744 4006 signiﬁcans;
1775 3953 1941 4006 quare
1978 3941 2188 4004 subdit.

639 4042 658 4073 ι
693 4023 857 4079 Filios
885 4041 1067 4079 eruam
1094 4043 1110 4087 ;
1139 4045 1158 4076 ι
1177 4026 1369 4092 quibus
1393 4027 1612 4096 ereptis,
1632 4028 1720 4097 qui
1759 4028 1902 4097 ipsos
1932 4030 2191 4085 violenter

633 4115 997 4177 abstulerant,
1024 4131 1147 4170 suas
1176 4117 1274 4186 ipsi
1310 4131 1500 4171 carnes
1534 4119 1832 4172 comedent.
1868 4120 2000 4172 Cum
2045 4123 2188 4175 enim

635 4205 856 4258 aliorum
896 4221 1085 4262 carnes
1124 4221 1227 4261 non
1267 4207 1406 4261 ultra
1444 4208 1729 4264 comedere
1772 4219 2030 4278 possent,
2063 4226 2188 4264 suus

633 4297 941 4362 comedent,
979 4304 1033 4350 et
1063 4311 1183 4350 cum
1228 4298 1526 4351 animarum
1571 4298 1842 4352 hominum
1877 4287 2196 4368 sanguinenf

633 4385 846 4440 ebibere
873 4403 976 4440 non
1007 4389 1238 4454 valeant,
1271 4389 1585 4459 sanguinem
1606 4404 1757 4443 suum
1781 4391 1989 4458 bibent,
2020 4400 2077 4444 ut
2099 4391 2185 4446 illo

632 4473 979 4531 inebrientttr.

706 4567 866 4620 Vsus.
892 4567 979 4621 26.
1025 4588 1043 4620 ι
1078 4569 1143 4623 Et
1164 4569 1442 4624 comedent
1466 4569 1554 4638 qui
1583 4569 1962 4625 tribulaverunt
1989 4581 2041 4626 te
2061 4587 2184 4626 car-

633 4669 729 4710 nes
757 4672 902 4720 suas,
932 4667 986 4712 et
1019 4659 1217 4724 bibent,
1253 4663 1402 4728 quasi
1430 4662 1605 4714 vinum
1637 4677 1850 4725 novum,
1874 4664 2182 4732 sanguinem

632 4759 807 4813 suum,
834 4755 888 4801 et
902 4748 1340 4806 inebriabnntur.
1378 4771 1394 4803 I
1427 4751 1549 4805 Ilaec
1591 4763 1811 4818 possunt
1839 4754 1904 4806 ad
1931 4768 2184 4820 persecu-

633 4845 776 4890 tores
811 4838 1058 4893 Ecclesiae
1081 4840 1296 4910 Dei,qni
1330 4859 1422 4912 per
1452 4853 1686 4908 tempora
1709 4841 1940 4908 luerunt,
1966 4845 2178 4910 referri,

630 4925 817 4996 hisque
862 4943 1042 4983 eorum
1083 4929 1203 4985 ﬁnis
1250 4943 1305 4986 et
1345 4934 1517 4987 exitus
1547 4934 1886 5000 describitur,
1915 4938 2180 5003 quomodo

631 5018 834 5073 scilicet
875 5019 1107 5074 futurum
1152 5023 1244 5084 sit.
1280 5033 1338 5076 ut
1374 5037 1566 5078 carnes
1609 5039 1734 5078 suas
1772 5026 2077 5091 comedam,
2129 5037 2183 5081 et

629 5107 940 5176 sanguinem
980 5124 1132 5162 suum
1176 5110 1378 5164 bibant.

703 5215 721 5248 t
774 5199 838 5251 Et
880 5201 1071 5255 sentiet
1133 5203 1307 5256 omnis
1347 5218 1514 5265 caro,
1572 5206 1695 5273 quia
1732 5221 1830 5274 ego
1889 5207 2182 5272 Dominus,

626 5285 715 5347 qui
762 5287 877 5340 erui
936 5296 1011 5350 te,
1066 5298 1118 5342 et
1159 5290 1336 5360 adjuvi
1384 5293 1750 5349 fortitudinem
1799 5294 1981 5350 Jacob.
2040 5316 2059 5348 ι
2099 5297 2185 5350 ln-

627 5389 942 5440 corporeum
988 5377 1191 5433 Numen
1230 5391 1330 5444 est,
1383 5385 1618 5438 materne
1667 5399 1892 5452 expers,
1946 5387 2184 5440 intactile

627 5474 676 5514 et
703 5465 946 5534 simplex,
971 5483 1070 5522 nec
1104 5471 1388 5539 quispiam.
1426 5473 1470 5526 si
1505 5475 1719 5541 quidem
1751 5476 1822 5527 uti
1851 5475 1935 5528 fas
1955 5486 2034 5528 est
2059 5490 2183 5543 ege-

630 5555 716 5617 rit,
739 5559 966 5622 speciem
1007 5561 1071 5615 de
1103 5560 1190 5614 illo
1223 5576 1535 5629 corpoream
1562 5563 1897 5632 imaginetur.
1928 5567 2175 5619 Attamen

628 5659 778 5700 sacra
810 5647 1076 5716 Scriptura
1105 5652 1201 5706 hos
1225 5649 1520 5721 alloquens,
1543 5653 1772 5706 humano
1803 5670 1946 5708 more
1971 5657 2035 5710 de
2063 5656 2175 5726 ipso

699 5735 774 5807 (l)
808 5734 967 5793 Forte
1008 5740 1281 5809 legendum
1312 5743 1517 5813 τροφοί,
1551 5752 1604 5798 ut
1628 5759 1805 5813 supra.
1841 5744 1991 5800 Eutr.

2366 3494 2383 3525 t
2423 3476 2541 3529 Ὅτι
2573 3475 2714 3536 οὕτω
2736 3475 2882 3544 λέγει
2911 3477 3132 3548 Κύριος·
3178 3480 3304 3534 Ἐάν
3325 3497 3408 3544 τις
3439 3477 3854 3552 αίχμαλωτεύσῃ

2291 3567 2538 3635 γίγαντα,
2575 3567 2795 3639 λήψεται
2822 3567 3008 3633 σκῦλα,
3057 3569 3346 3639 λαμϐάνων
3378 3571 3434 3624 δὲ
3473 3573 3602 3642 παρ’
3647 3569 3852 3640 ἰσχύον⁸

2292 3675 2407 3721 τος,
2440 3659 2761 3730 σωθήσεται.
2800 3659 2936 3728 Ἐγὼ
2973 3660 3028 3714 δὲ
3063 3661 3160 3732 τὴν
3189 3663 3368 3733 κρίσιν
3399 3679 3490 3715 σου
3525 3660 3712 3732 κρινῶ,
3764 3660 3852 3713 καὶ

2290 3749 2398 3815 ἐγὼ
2416 3750 2541 3812 τοὺς
2562 3750 2706 3813 υἱούς
2734 3768 2832 3820 μου
2863 3749 3126 3822 ῥύσομαι·
3158 3771 3176 3802 ι
3216 3738 3400 3830 σαφῶς
3433 3751 3646 3816 διδάξας
3684 3753 3850 3820 ἡμᾶς,

2289 3834 2424 3891 εἶναι
2453 3839 2607 3892 τοῦτο
2632 3841 3060 3909 μόνονδυνατὸν,
3096 3842 3385 3910 ἀφελέσθαι
3408 3841 3501 3896 τοῦ
3526 3842 3849 3912 δηλωθέντος

2289 3930 2355 3984 τὰ
2395 3931 2563 3984 σκῦλα
2584 3949 2597 3962 ·
2641 3933 2765 3995 τοὺς
2790 3933 2935 3996 υἱοὺς
2953 3933 3117 3986 αὑτοῦ
3142 3931 3278 3986 εἰναι
3311 3934 3483 4002 λέγων
3503 3951 3516 3964 ·
3554 3933 3633 3987 διὸ
3666 3935 3852 4004 ἐπιφέ-

2290 4037 2401 4088 ρει·
2435 4037 2454 4070 t
2492 4021 2628 4083 Τοὺς
2659 4021 2804 4085 υἱούς
2842 4038 2940 4090 μου
2977 4022 3244 4092 ῥύσομαι·
3291 4041 3308 4074 ι
3343 4016 3416 4074 ὧν
3443 4021 3766 4092 ρυσθέντων,
3800 4025 3848 4075 οἰ

2288 4112 2626 4180 ἀφῃρημένοι
2665 4113 2846 4176 αὐτοῖς
2887 4113 2945 4179 ἐξ
2975 4115 3257 4183 ἐπηρείας,
3309 4114 3462 4167 αὐτοὶ
3503 4113 3601 4177 τὰς
3645 4115 3848 4168 ἑαυτῶν

2289 4201 2496 4271 σάρκας
2519 4203 2808 4270 φάγονται·
2841 4203 3022 4257 οὐκέτι
3061 4203 3169 4275 γάρ
3205 4204 3403 4276 ἑτέρων
3425 4205 3631 4276 σάρκας
3651 4207 3848 4260 ἐσθίειν

2285 4291 2586 4361 δυνάμενοι,
2612 4293 2707 4357 τάς
2733 4294 2937 4347 ἑαυτῶν
2967 4294 3251 4362 φάγονταιο
3284 4295 3391 4348 οὐδ’
3419 4296 3658 4349 ἐκπίνειν
3678 4296 3758 4349 ἔτι
3789 4297 3848 4350 τὸ

2289 4377 2424 4452 αἷμα
2452 4383 2557 4435 τῶν
2589 4384 2938 4454 ἀνθρωπίνων
2982 4384 3168 4454 ψυχῶν
3208 4385 3511 4454 δυνάμενοι,
3553 4386 3613 4438 τὸ
3643 4386 3848 4438 ἑαυτῶν

2286 4467 2420 4542 αἷμα
2454 4473 2684 4538 πίονται,
2733 4476 2808 4538 ὡς
2841 4477 2933 4528 καὶ
2971 4475 3297 4545 μεθυσθῆναι
3336 4478 3528 4540 αὐτοὺς
3572 4477 3631 4543 ἐξ
3662 4477 3845 4531 αὑτοῦ.

2294 4591 2310 4607 ο
2361 4583 2378 4613 ‹
2413 4565 2518 4617 Καὶ
2541 4565 2802 4634 φάγονται
2829 4570 2878 4620 οἰ
2904 4567 3186 4635 θλίψαντές
3218 4584 3275 4620 σε
3299 4569 3396 4631 τὰς
3423 4570 3628 4641 σάρκας
3649 4571 3845 4634 αὐτῶν,

2285 4656 2376 4706 καὶ
2411 4656 2615 4710 πίονται
2642 4658 2716 4721 ὡς
2741 4654 2880 4711 οἶνον
2895 4658 3011 4711 νέον
3031 4659 3090 4712 τὸ
3108 4654 3244 4728 αἷμα
3258 4660 3454 4721 αὐτῶν,
3474 4658 3564 4715 καὶ
3584 4662 3844 4732 μεθυσθή-

2285 4761 2483 4801 σονται.
2525 4765 2544 4800 ι
2581 4748 2814 4801 Δύναται
2849 4750 3019 4802 ταῦτα
3051 4751 3141 4802 ἐπὶ
3172 4753 3295 4814 τοὺς
3341 4753 3478 4805 κατὰ
3505 4755 3690 4822 καιρὸν
3718 4753 3838 4806 διώ-

2281 4853 2486 4901 κωντας
2519 4839 2617 4910 τὴν
2649 4839 2742 4892 τοῦ
2787 4840 2919 4893 Θεοῦ
2970 4841 3286 4912 Ἐκκλησίαν
3322 4844 3712 4914 ἀναφέρεσθαι,
3748 4863 3838 4904 του

2285 4926 2439 4994 λόγου
2472 4929 2532 4982 τὸ
2567 4930 2720 4993 τέλος
2753 4931 2930 4982 αὐτῶν
2981 4931 3072 4984 καὶ
3104 4931 3199 5002 τὴν
3232 4933 3604 5004 καταστροφὴν
3634 4935 3845 5003 διαγραο

2289 5035 2494 5087 φοντος,
2525 5023 2616 5073 καὶ
2647 5022 2724 5082 ὡς
2753 5022 2850 5085 τάς
2879 5023 3081 5076 ἑαυτῶν
3110 5024 3316 5093 σάρκας
3354 5027 3633 5094 φάγονται,
3666 5027 3756 5078 καὶ
3787 5027 3845 5078 τὸ

2289 5103 2422 5177 αἷμα
2450 5109 2628 5161 αὐτῶν
2657 5109 2885 5162 πίονται.

2363 5217 2380 5248 ι
2417 5199 2524 5252 Καὶ
2552 5199 2962 5270 αἰσθανθήσεται
2989 5204 3134 5256 πᾶσα
3169 5203 3320 5274 σὰρξ,
3345 5205 3424 5257 ὄτι
3456 5204 3563 5273 ἐγὼ
3582 5205 3781 5274 Κύριος
3813 5206 3839 5257 ὁ

2293 5288 2590 5358 ρυσάμενός
2617 5308 2696 5353 σε,
2715 5293 2805 5344 καὶ
2827 5293 3348 5365 ἀντιλαμϐανόμενος
3383 5295 3561 5365 ἰσχύος
3586 5296 3795 5348 Ἰακώϐ.
3819 5317 3834 5348 ι

2302 5379 2608 5449 ’Λσώματον
2624 5383 2682 5434 τὸ
2710 5382 2883 5446 Θείον,
2915 5385 3094 5446 άῡλον,
3128 5388 3330 5455 ἀναφὲς
3357 5389 3449 5440 καὶ
3475 5387 3674 5440 ἁπλοῦν
3694 5406 3707 5418 ο
3752 5390 3841 5441 καὶ

2285 5471 2382 5523 οὐκ
2410 5472 2484 5525 ἀν’
2503 5490 2587 5536 τις
2614 5476 2700 5526 ἐπ’
2728 5477 2894 5546 αὐτῷ,
2920 5479 2985 5532 τά
3009 5480 3189 5532 εἰκότα
3217 5479 3376 5550 δρῶν,
3405 5481 3702 5546 φαντασίαν
3723 5479 3840 5532 τινὰ

2284 5560 2435 5615 λάϐοι
2463 5568 2794 5637 σωματικήν.
2843 5569 2984 5640 Πλὴν
3015 5571 3074 5623 τὸ
3101 5572 3332 5642 Γράμμα
3369 5571 3429 5622 τὸ
3462 5571 3602 5639 ἱερὸν
3639 5570 3840 5643 ἀνθρω-

2283 5653 2448 5718 πίνως
2477 5656 2604 5728 ἡμῖν
2629 5658 2694 5712 τὰ
2723 5659 2846 5727 περὶ
2870 5660 3028 5714 αὐτοῦ
3055 5661 3370 5730 διαλέγεται.
3402 5662 3475 5715 Οὐ
3505 5662 3612 5735 γέιρ
3636 5657 3702 5733 ἦν
3733 5661 3840 5718 tu.
