4128 6294
199 410 289 464 ‘ll

205 543 260 596 μ.

202 590 472 684 σώμασιν,
532 612 580 661 εἰ
618 609 691 678 μὴ
723 603 970 672 καθάπερ
1023 602 1081 652 ὲν
1128 597 1276 662 τάξει
1324 590 1781 662 παραδειγμάτων

204 680 591 775 παρεκομίσθη
620 699 689 750 τά
717 695 835 749 καθ’
872 694 1047 763 ἡμᾶς·
1086 690 1151 743 ἵν’
1191 691 1254 741 ὲκ
1296 686 1402 739 τῶν
1438 685 1497 734 ὲν
1531 680 1781 748 αἰσθήσει

203 772 297 851 καί
325 794 544 866 ὁρατῶν
573 786 915 858 πραγμάτων
945 784 1047 836 κᾶν
1095 780 1292 833 οι’›τωσ“ι⁵
1320 779 1383 829 ὲκ
1420 773 1615 845 μέρους
1646 772 1781 823 νοεῖν

209 888 520 959 ἰσχύσωμεν
552 881 621 935 τά
648 880 773 950 περὶ
796 880 893 947 τῆς
917 875 1065 937 θείας
1090 870 1293 931 οὐσίας.

742 1050 1134 1109 ΚΕΦΑΛΑΙΟΝ
1170 1046 1252 1102 N'.

279 1171 299 1205 ι
333 1152 528 1214 Οῦτως
560 1150 708 1218 λέγει
742 1148 975 1217 Κύριος*
1012 1144 1168 1195 Ποῖον
1200 1140 1260 1193 τὸ
1295 1137 1493 1208 βιϐλίον
1528 1134 1621 1187 τοῦ
1652 1134 1782 1185 ἀπο-

209 1245 426 1297 στασίου
456 1244 563 1312 τῆς
588 1240 789 1312 μητρὸς
815 1236 986 1307 ὑμῶν,
1040 1226 1085 1301 ᾧ
1123 1228 1477 1294 ἐξαπέστειλα
1510 1226 1715 1293 αύτήνς
1752 1220 1784 1290 ἢ

207 1337 307 1389 τίνι
352 1334 613 1404 ὑποχρέῳ
649 1332 905 1400 πέπρακα
946 1326 1120 1397 Opis;
1170 1322 1298 1375 Ἰδοὺ
1348 1321 1466 1381 ταῖς
1493 1313 1786 1385 ἁμαρτίαις

208 1424 357 1492 ὑμῶν
385 1403 743 1489 ἐξαπέστειλα
780 1419 878 1488 τὴν
925 1415 1136 1487 μητέρα
1170 1410 1443 1482 ὑμῶν.,Τί
1482 1410 1563 1461 ὅτι
1604 1403 1785 1476 ἦλθον,

208 1518 299 1568 καὶ
346 1517 449 1567 οὐκ
500 1511 570 1583 ἦν
622 1514 650 1565 ὁ
697 1508 1019 1573 ὑπακούων;
1065 1506 1155 1575 Μὴ
1206 1505 1306 1556 οὐκ
1365 1501 1537 1570 ἰσχύει
1586 1500 1618 1566 ή
1668 1496 1789 1565 χείρ

212 1625 311 1675 μου
358 1606 456 1660 τοῦ
500 1603 799 1677 ρύσασθαις
839 1601 931 1672 Μὴ
987 1600 1085 1652 ούκ
1132 1597 1298 1665 ἰσχύω
1338 1592 1430 1644 τοῦ
1482 1586 1787 1653 ὲξελὲσθαι;

220 1696 348 1751 Ἰδοὺ
380 1696 460 1765 τῷ
483 1694 699 1764 ἐλεγμῷ
730 1711 829 1764 μου
868 1688 1202 1761 ἐξερημώσω
1230 1686 1327 1756 τὴν
1352 1682 1623 1738 θάλασσαν
1644 1697 1655 1705 ·
1696 1679 1791 1731 καὶ

210 1784 357 1857 θήσω
388 1786 670 1854 ποταμοὺς
694 1784 950 1853 ἐρήμους,
980 1782 1070 1832 καὶ
1099 1777 1520 1848 ξηρανθήσονται
1541 1774 1590 1826 οἱ
1613 1772 1790 1841 ἰχθύες

209 1879 387 1932 αὐτῶν
419 1878 532 1931 ἀπὸ
566 1876 659 1930 τοῦ
690 1876 761 1946 μὴ
798 1869 932 1926 εἶναι
959 1872 1144 1933 ὕδατα,
1185 1869 1278 1921 καὶ
1302 1865 1695 1920 ἀποθανοῦνται
1731 1864 1787 1914 ὲν

208 1968 366 2038 δίψει.
408 1967 648 2021 Ἐνδύσω
690 1967 779 2018 τὸν
824 1962 1047 2034 ούρανδν
1086 1962 1293 2023 σκότος,
1339 1958 1430 2012 καὶ
1474 1958 1549 2017 ὼς
1587 1955 1787 2007 σάκκον

208 2059 357 2131 θήσω
412 2061 476 2113 τὸ
518 2058 855 2129 περιδόλαιον
884 2054 1070 2109 αὐτοῦ.
1106 2054 1310 2123 Κύριος
1356 2049 1558 2120 Κύριος
1607 2047 1787 2121 δίδωσί

214 2168 301 2221 μοι
344 2151 598 2219 γλῶσσαν
633 2148 898 2209 παιδείας,
946 2145 1041 2198 τοῦ
1075 2144 1276 2212 γνῶναι
1316 2141 1478 2209 ἡνίκα
1510 2140 1592 2191 δεῖ
1618 2118 1788 2191 είπεῖν

208 2238 381 2307 λόγον.
419 2238 625 2307 Ἐθηκὲ
667 2255 754 2305 μοι
785 2236 949 2307 πρωῒ,
977 2234 1285 2307 προσέθηκέ
1318 2248 1405 2302 μοι
1433 2230 1591 2283 ὠτίον
1629 2228 1790 2281 ἀκού-

209 2344 315 2396 ειν,
365 2331 461 2383 καὶ
517 2332 545 2399 ἡ
581 2328 795 2381 παιδεία
829 2327 1035 2397 Κυρίου
1075 2325 1279 2395 Κυρίου
1313 2322 1514 2389 ἀνοίγει
1564 2335 1667 2389 μου
1720 2318 1789 2371 τά

209 2415 339 2473 ὦτα.
391 2419 534 2489 Ἐγὼ
572 2418 626 2471 δὲ
658 2419 757 2471 οὐκ
785 2415 1015 2479 ἀπειθῶ,
1041 2415 1161 2467 οὐδὲ
1186 2413 1469 2479 ἀντιλέγω.
1498 2409 1600 2462 Τὸν
1623 2408 1788 2460 νῶτόν

214 2530 315 2582 μου
344 2512 521 2565 ἔδωκα
553 2512 632 2573 είς
659 2510 943 2579 μάστιγας,
972 2506 1071 2570 τάς
1097 2505 1153 2558 δὲ
1180 2504 1433 2572 σιαγόνας
1463 2519 1562 2570 μου
1590 2502 1668 2563 είς
1695 2502 1790 2571 ῥα·-

213 2604 490 2673 πίσματα·
543 2600 604 2652 τὸ
638 2600 693 2653 δὲ
736 2598 1026 2671 πρόσωπόν
1076 2613 1177 2667 μου
1210 2596 1307 2648 οὐκ
1345 2590 1661 2662 ἀπέστρεψα
1695 2589 1787 2642 ἀπ’

214 2692 470 2763 αἰσχύνης
485 2692 907 2761 ἐμπτυσμάτωψ
929 2688 1022 2740 καὶ⁸
1040 2687 1237 2758 Κύριος
1256 2684 1457 2755 Κύριός
1476 2700 1575 2753 μου
1597 2681 1790 2751 βοηθός

217 2799 305 2853 μοι
335 2783 569 2854 ἐγενήθη
593 2800 606 2812 ο
633 2782 720 2835 διὰ
746 2780 905 2833 τοῦτο
935 2781 1034 2833 οὐκ
1058 2778 1379 2849 ἐνετράπην,
1405 2774 1515 2829 ἀλλ’
1540 2774 1710 2843 ἔθηκα
1729 2773 1791 2824 τὸ

214 2872 503 2944 πρόσωπόν
572 2890 673 2943 μου
726 2872 802 2934 ὡς
862 2869 1086 2940 στερεὰν
1140 2868 1369 2937 πέτραν.
1410 2884 1428 2916 ι
1475 2865 1565 2916 Διὸ
1604 2862 1697 2915 καὶ
1730 2862 1791 2915 τὸ

217 2967 504 3037 πρόσωπόν
538 2984 638 3037 μου
671 2965 745 3029 ὼς
772 2963 996 3036 στερεὰν
1031 2964 1235 3032 πέτραν
1276 2958 1596 3029 παρέστησα
1626 2973 1788 3010 πεπι-

219 3061 524 3130 στευμένος,
553 3058 626 3121 ὼς
652 3058 711 3109 ού
748 3064 903 3127 φέρει
930 3072 1016 3125 μοι
1038 3052 1298 3123 αἰσχύνην
1325 3053 1357 3121 ἡ
1388 3049 1520 3121 πρὸς
1552 3050 1640 3101 τὸν
1680 3049 1791 3100 Πα-

216 3152 344 3223 τέρα
381 3151 633 3219 ὑπακοή·
672 3149 763 3201 καὶ
792 3146 1019 3216 πλησίον
1062 3162 1160 3214 μου
1206 3143 1417 3197 ἑστῶτα
1471 3141 1561 3193 καὶ
1604 3139 1790 3210 ὥσπερ
1818 3176 1859 3233 C

220 3239 659 3309 ἀγωνοθετοῦντα
698 3242 810 3301 τοῖς
852 3237 1175 3307 γινομένοις,
1236 3234 1330 3287 καὶ
1386 3233 1486 3303 τὴν
1530 3232 1668 3302 ἐμὴν
1710 3230 1790 3282 δι-

220 3332 474 3385 καιοῦντα
504 3330 778 3399 ὑπομονὴν
818 3328 903 3381 διὰ
931 3325 1130 3387 παντὸς
1159 3322 1365 3393 ἐώρων.
1391 3323 1454 3374 Εἰ
1491 3321 1546 3374 δέ
1568 3338 1652 3383 τις
1682 3319 1791 3388 ἔχοι

218 3420 315 3485 τάς
337 3424 457 3474 κατ’
486 3419 619 3489 ἐμοῦ
648 3420 854 3488 ὕϐρεις,
879 3418 968 3471 καὶ
993 3416 1083 3469 τὸν
1111 3415 1337 3468 θάνατον
1375 3412 1537 3465 αὐτὸν
1572 3410 1793 3471 ἐνδίκως

219 3509 573 3580 ιπενηνέχθαι
613 3525 700 3578 μοι
729 3506 892 3576 φάναι
917 3506 1003 3559 διά
1032 3521 1157 3558 τινα
1190 3502 1658 3573 πλημμελήματα,
1688 3500 1796 3551 δει-

219 3600 396 3654 κνύτω
424 3599 702 3671 παρελθὼν
724 3600 804 3661 είς
839 3596 1021 3669 μέσον,
1045 3597 1097 3648 εί
1114 3612 1197 3658 τις
1214 3594 1364 3647 αἰτία
1386 3592 1418 3663 ἢ
1443 3591 1712 3663 πρόφασις
1736 3589 1796 3654 ἐξ

221 3688 351 3759 ἐμοῦ
389 3689 486 3759 τῆς
528 3686 779 3764 τοιαύτης
830 3687 953 3739 κατ’
1002 3683 1135 3754 ἐμοῦ
1174 3682 1386 3754 ὕϐρεως
1413 3680 1667 3749 γέγονεν’
1715 3681 1796 3740 είς

225 3780 385 3849 μέσον
440 3776 723 3849 παρελθὼν
774 3778 953 3847 στήτω
1000 3774 1095 3828 καὶ
1134 3773 1417 3843 ἐλεγχέτω.
1472 3770 1698 3833 οὐδενὸς
1736 3769 1796 3821 δὲ

221 3869 433 3941 ἔχοντος
466 3870 669 3941 μέμψιν
704 3866 997 3939 μετελθεῖν,
1050 3867 1184 3937 μήτε
1216 3868 1281 3935 τῇ
1313 3862 1630 3933 διδασκαλίᾳ
1660 3862 1795 3931 μήτε

220 3966 337 4028 ταῖς
370 3962 603 4033 πράξεσι
629 3964 749 4025 ταῖς
770 3960 859 4013 ὑπ’
884 3959 1016 4030 ἐμοῦ
1048 3956 1483 4028 πεπραγμέναις,
1513 3954 1736 4014 εἰκότως
1768 3952 1796 4003 ὁ

222 4049 425 4121 Κύριος
446 4048 759 4121 βοηθόςμοι
786 4048 1074 4119 παρέσται.

294 4162 313 4196 ι
349 4144 473 4195 Ὅτι
521 4140 726 4209 ἐγγίζει
774 4144 802 4194 ὁ
839 4138 1135 4203 δικαιώσας
1179 4155 1268 4207 με.
1308 4137 1403 4199 Τίς
1431 4132 1799 4206 ὁκρινόμενός

228 4251 343 4304 μοι;
370 4236 670 4304 ἀντιστήτω
703 4249 791 4303 μοι
829 4234 965 4301 ἅμα.
996 4232 1116 4293 ,Καὶ
1144 4230 1226 4292 τίς
1253 4231 1282 4283 ὁ
1319 4225 1635 4299 κρινόμενός
1674 4241 1795 4294 μοι;

225 4326 496 4393 ὲγγισάτω
533 4342 640 4395 μοι.
683 4342 701 4375 ι
744 4322 1141 4392 Ἐπαμύνοντος
1178 4320 1306 4392 γὰρ,
1346 4320 1499 4389 φησὶ,
1544 4316 1638 4370 τοῦ
1662 4313 1799 4369 Θεοῦ

225 4418 316 4470 καὶ
351 4416 581 4487 Πατρὸς,
617 4426 713 4469 και
748 4416 925 4467 πᾶσαν
952 4413 1104 4484 ὑμῶν
1138 4413 1398 4483 ἐπήρειαν
1423 4408 1796 4477 ἀφανίζοντος,

1123 379 1628 444 COMMENTARIA
1669 376 1734 431 IN
1775 373 2036 431 ISAIAM.
2071 401 2140 415 ——-
2176 362 2329 422 CAP.
2371 359 2433 413 L.

262 542 305 586 ις
331 520 633 589 δυνηθῆναι
661 517 799 568 νοεῖν
820 512 941 574 τοὺς
966 511 1023 562 ὲν
1052 508 1234 567 αὐτοῖς
1262 503 1355 557 κα)⁵
1377 500 1603 569 παχέσιν
1629 497 1786 557 ὄντας

1894 488 2167 545 edisserit.
2195 482 2380 551 Neque
2401 476 2540 530 enim
2573 467 2706 523 alias
2742 477 2865 517 enm
2910 459 3024 514 inte

1894 585 1915 589 ““
2032 582 2042 589 ³
2086 582 2095 589 ⁵
2300 583 2405 589 ν-μ-
2463 568 2684 589 ina-nan-
2712 566 2899 589 nQO
2936 559 2991 589 ιιι

3352 331 3460 386 ΗΞ

3026 456 3208 525 lligere
3241 459 3461 519 possent

1884 585 1917 637 ii
1955 582 2044 651 qui
2086 582 2135 631 in
2185 583 2429 639 corpore,
2463 568 2684 631 ipsoque
2711 566 2899 608 crasso
2936 559 2991 602 et
3036 542 3324 603 materiali,
3366 541 3461 591 de-

3096 639 3107 651 ¹
3264 650 3267 651 ν
3330 632 3456 651 ειη---

1881 632 2051 743 guiit,
2094 668 2193 721 nisi
2246 680 2306 716 ea
2358 673 2475 728 qua:
2514 665 2681 722 penes
2728 659 2827 700 nos
2879 651 3007 696 sunt
3043 639 3109 691 ad
3155 632 3462 699 exemplum

1882 768 2305 831 usurparentur;
2351 764 2408 805 ut
2437 765 2503 805 ex
2547 749 2611 800 iis
2662 757 2781 813 quae
2826 738 2923 792 sub
2963 746 3179 788 sensum
3212 736 3267 780 et
3309 738 3467 790 aspeo

1883 822 2033 911 ctuni
2055 851 2246 905 cadunt
2269 860 2363 909 ,ea
2388 856 2507 911 qua:
2530 837 2765 892 divinam
2798 822 3153 883 substantiam
3192 822 3463 886 spectant,

1884 946 2074 1003 saltem
2112 956 2177 994 ex
2211 948 2382 1007 parte,
2402 933 2636 1003 cogitare
2668 932 2968 995 possemus.

2519 1013 2747 1075 CAPUT
2788 1012 2850 1070 L.

1957 1127 2122 1180 Vens.
2158 1122 2269 1174 1-7.
2294 1138 2310 1169 ι
2336 1111 2425 1170 Sic
2446 1114 2574 1167 dicit
2603 1106 2861 1163 Dominus
2882 1120 2893 1154 :
2912 1094 3096 1164 Qualis
3112 1080 3358 1146 ltieliber.
3377 1095 3466 1180 re-

1886 1220 2030 1290 pudii
2063 1214 2252 1269 matris
2280 1212 2491 1269 vestrae,
2524 1216 2632 1270 quo
2668 1195 2844 1252 dimisi
2881 1204 3000 1245 eam
3031 1185 3168 1239 Yaut
3200 1180 3286 1235 cui
3317 1174 3471 1231 debi-

2826 1285 2836 1290 ‘
3072 1277 3077 1285 '
3203 1288 3212 1290 μ
3243 1265 3464 1290 ν--Α.Δ-ιί

1890 1265 1989 1365 trori
2015 1304 2227 1360 vendidi
2256 1316 2351 1354 vos
2382 1299 2405 1350 ἲ
2435 1298 2573 1349 Ecce
2631 1285 2870 1359 peccatis
2914 1277 3118 1334 vestris
3157 1265 3467 1327 venumdati

1888 1402 2041 1465 estis,
2078 1407 2131 1449 et
2170 1398 2220 1448 in
2266 1387 2642 1459 iniquitatibus
2676 1376 2874 1432 vestris
2904 1370 3081 1427 dimisi
3121 1373 3351 1419 matrem
3378 1372 3474 1410 ve-

3130 1456 3141 1465 .
3218 1454 3230 1465 .
3304 1450 3420 1465 ..,__
3445 1445 3474 1465 .

1890 1445 2041 1465 νοηυ,
2269 1445 2276 1446 ,
2365 1445 2375 1459 ι

1890 1503 2079 1545 stram.
2117 1484 2255 1550 Quid
2305 1480 2423 1549 quia
2453 1475 2599 1536 veni,
2641 1480 2696 1523 et
2736 1482 2842 1520 non
2890 1470 3010 1517 erat
3051 1456 3143 1526 qui
3181 1445 3475 1506 obediret?

1890 1584 2079 1635 Annon
2120 1580 2299 1642 potest
2322 1547 2526 1620 manus
2568 1574 2685 1614 mea
2721 1557 2949 1609 liberare
2976 1549 2998 1601 ?
3030 1547 3221 1599 Annon
3253 1549 3470 1607 possum

1890 1667 2132 1726 eruere?
2171 1664 2307 1717 Ecce
2347 1652 2771 1712 comminatione
2813 1659 2931 1697 mea
2970 1642 3240 1693 desertum
3279 1630 3471 1685 faciam

1893 1774 2062 1821 mare,
2086 1767 2139 1813 et
2173 1766 2364 1822 ponam
2398 1747 2587 1801 ﬂuvios
2622 1743 2898 1801 desertos,
2928 1742 2981 1786 et
3009 1734 3259 1783 arescent
3294 1722 3477 1791 pisces

1823 1849 1861 1900 Β
1890 1869 2096 1916 eorum,
2130 1865 2193 1903 eo
2220 1845 2359 1915 quod
2395 1857 2497 1895 non
2526 1839 2597 1891 sit
2633 1848 2795 1903 aqua,
2831 1839 2887 1885 et
2928 1824 3228 1881 morientur
3250 1818 3359 1873 siti.
3389 1814 3475 1867 lno

1890 1949 2047 2002 duatn
2091 1941 2285 1995 malum
2332 1933 2595 1991 tenebris,
2628 1938 2682 1981 et
2716 1922 2868 1992 quasi
2903 1932 3122 1973 saccum
3159 1924 3355 1982 ponam
3388 1908 3474 1960 in-

1889 2041 2201 2093 dumentum
2261 2029 2399 2099 ejus.
2448 2021 2706 2076 Dominus
2745 2014 3004 2069 Dominus
3055 2008 3145 2061 dat
3188 2001 3316 2056 milii
3369 1998 3476 2052 lin-

1888 2143 2047 2201 gnam
2084 2088 2378 2189 disciplina!
2404 2157 2417 2179 .
2478 2126 2536 2166 ut
2579 2112 2747 2167 sciam
2788 2104 3005 2173 quando
3050 2103 3295 2167 Oportcat
3328 2088 3475 2159 loqui

1888 2184 2131 2275 verbum.
2166 2184 2346 2269 Posuit
2383 2206 2510 2261 milii
2557 2213 2753 2256 inane:
2791 2194 2995 2249 addidit
3034 2189 3160 2243 milii
3194 2199 3377 2238 aurem
3407 2184 3479 2237 ad

1890 2310 2239 2369 audiendum,
2262 2313 2315 2358 et
2341 2296 2620 2367 disciplina
2648 2289 2856 2346 Domini
2898 2284 3073 2353 aperit
3113 2292 3274 2334 aures
3304 2288 3475 2329 meas.

1890 2405 2004 2472 Ego
2038 2410 2218 2453 autem
2257 2408 2361 2449 non
2410 2402 2614 2447 renuo.
2646 2396 2822 2449 neque
2869 2373 3209 2431 contradico.
3248 2368 3475 2422 Dorsutn

1890 2460 2067 2550 meum
2108 2488 2229 2544 dedi
2262 2486 2327 2539 ad
2377 2479 2608 2550 ﬂagella,
2658 2482 2711 2526 et
2741 2484 2908 2541 genas
2958 2479 3106 2520 meas
3136 2464 3202 2515 ad
3244 2460 3430 2527 alapas
3458 2472 3476 2509 :
3576 2528 3579 2531 ἢ

1890 2589 2084 2642 faciem
2112 2594 2289 2636 autem
2318 2590 2494 2631 meam
2525 2585 2628 2624 non
2661 2564 2832 2620 averti
2856 2578 2883 2613 a
2917 2560 3117 2630 probro
3149 2562 3433 2622 sputorum
3459 2566 3475 2603 :

1889 2688 1945 2734 et
1979 2674 2237 2730 Dominus
2278 2666 2535 2722 Dominus
2577 2672 2728 2712 meus
2772 2652 3063 2708 auxiliator
3119 2647 3251 2700 mibi
3301 2632 3481 2696 lacius

1891 2778 2006 2828 est;
2029 2765 2147 2819 ideo
2172 2777 2277 2815 non
2300 2772 2419 2812 sum
2450 2752 2730 2812 confusus,
2750 2745 2843 2801 sed
2868 2741 3019 2812 posui
3053 2739 3242 2793 faciem
3278 2747 3478 2798 meam,

1891 2862 2029 2914 sicut
2066 2858 2272 2909 ﬁrmam
2299 2858 2524 2919 petram.
2568 2863 2586 2894 ι
2630 2840 2755 2893 Ideo
2796 2837 2987 2891 faciem
3017 2845 3191 2885 meam
3225 2839 3479 2895 tanquam

1892 2951 2103 3004 ﬁrmam
2140 2917 2347 3013 petram
2379 2937 2569 2999 obtuli,
2619 2930 2856 2987 conlisus
2900 2940 3073 2980 meam
3106 2936 3231 2989 erga
3262 2917 3480 2972 Patrem

1892 3035 2297 3107 obsequentiam
2338 3045 2444 3085 nou
2485 3023 2735 3081 dedecori
2781 3019 2913 3075 mibi
2962 3017 3117 3072 fore:
3151 3026 3311 3082 quem
3342 3024 3372 3063 e
3398 3009 3483 3061 vi-

1894 3132 2015 3187 cino
2050 3127 2177 3183 mibi
2206 3130 2498 3184 astantem,
2527 3112 2861 3172 concertanti
2896 3107 3115 3180 praemia
3140 3103 3480 3172 largientem,

1896 3221 2318 3293 patientiamque
2369 3224 2546 3265 meam
2595 3204 3019 3274 approbantem,
3069 3209 3286 3263 semper
3347 3190 3480 3246 vidi.

1895 3284 2046 3379 ῥυσὰ
2088 3304 2140 3363 si'
2164 3310 2289 3373 quis
2342 3297 2701 3356 contumelias
2738 3294 3017 3360 ipsamque
3072 3295 3300 3340 mortem
3337 3284 3484 3351 justo

1896 3374 2026 3456 inibi
2066 3398 2137 3453 ob
2187 3393 2396 3449 scelera
2428 3387 2673 3457 quaedam
2723 3382 2926 3436 illatam
2970 3393 3093 3434 esse
3128 3374 3486 3445 comprobare

1895 3493 2087 3564 possit,
2123 3490 2174 3542 in
2218 3486 2452 3540 medium
2483 3479 2745 3551 prodiens
2772 3471 3045 3535 ostendat,
3088 3469 3135 3524 si
3163 3482 3325 3539 quam
3354 3480 3487 3521 eau-

1895 3601 2011 3642 sam
2043 3580 2125 3636 vel
2160 3577 2501 3634 occasionem
2536 3569 2703 3625 tantis
2734 3562 3081 3623 contumeliis
3121 3559 3361 3615 dederim
3389 3555 3484 3623 ;in

1897 3676 2153 3739 medium,
2180 3672 2417 3737 inquam,
2448 3663 2721 3735 prodiens,
2741 3668 2871 3724 stet,
2901 3671 3093 3725 meque
3114 3661 3325 3724 arguat.
3347 3648 3485 3705 Cum

1898 3780 2076 3823 autem
2111 3779 2269 3820 nemo
2309 3758 2439 3814 milii
2474 3756 2678 3811 crimen
2729 3750 2928 3806 offerre
2969 3746 3173 3817 possit,
3198 3757 3375 3812 neque
3419 3743 3491 3797 de

1896 3860 2165 3925 doctrina,
2191 3867 2370 3923 neque
2402 3851 2470 3904 de
2491 3846 2747 3915 operibus
2773 3858 2803 3897 a
2833 3856 2918 3895 me
2942 3839 3128 3902 editis,
3152 3835 3276 3905 jure
3298 3833 3486 3889 Domi-

1898 3967 2001 4007 nus
2033 3950 2244 4019 adjutor
2284 3942 2415 3998 mibi
2450 3938 2640 3993 aderit.

1974 4015 2137 4097 Vsus.
2168 4039 2221 4093 8.
2259 4054 2278 4089 ι
2318 4033 2451 4102 Quia
2480 4031 2634 4099 juxta
2676 4036 2759 4083 est
2787 4025 2878 4095 qui
2916 4020 3185 4093 justiﬁcat
3220 4032 3328 4072 me.
3355 4015 3489 4083 Quis

1897 4134 2093 4200 estqui
2132 4128 2303 4194 litiget
2328 4121 2577 4179 mecum?
2607 4127 2713 4173 stet
2734 4125 2927 4171 contra
2958 4127 3042 4168 me
3074 4109 3257 4166 simul.
3279 4108 3343 4161 Et
3367 4106 3490 4175 quis

1899 4234 1983 4281 est
2010 4199 2100 4294 qui
2135 4220 2310 4291 litiget
2355 4202 2566 4270 mecum
2590 4213 2614 4267 7
2638 4212 2863 4266 accedat
2891 4208 2957 4261 ad
2991 4219 3096 4260 me.
3130 4220 3150 4257 υ
3187 4202 3321 4255 Nam
3352 4199 3491 4252 ulei-

1901 4292 2105 4377 scente,
2136 4313 2331 4378 inquit,
2356 4311 2460 4363 Deo
2504 4316 2558 4360 et
2593 4307 2778 4367 Patre,
2823 4310 3150 4364 omnemque
3182 4292 3489 4346 molestiam

1901 4421 1931 4459 α
1964 4404 2116 4459 vobis
2143 4402 2346 4455 illatam
2376 4396 2677 4459 auferente,
2708 4402 2998 4457 meamque
3024 4386 3249 4456 gloriam
3281 4381 3486 4435 consti-

224 4511 315 4562 καὶ
359 4510 457 4579 τὴν
498 4509 636 4579 ὲμὴν
673 4508 916 4567 ἱστάντος
944 4506 1120 4569 δόξαν,
1153 4475 1240 4567 τίς
1251 4475 1425 4556 ’ἔσται
1460 4475 1713 4558 τοσοῦτος
1742 4503 1794 4552 ὲν

1907 4505 2113 4557 tuente,
2144 4493 2268 4561 quis
2303 4492 2357 4544 in
2389 4490 2541 4543 vobis
2570 4487 2697 4547 erit,
2739 4482 2827 4551 qui
2866 4475 3187 4533 immutabili
3211 4476 3326 4541 ejus
3358 4488 3490 4527 cou-

190 4660 191 4663 η
226 4603 372 4673 ὑμῖν,
408 4601 484 4664 ὡς
506 4598 883 4664 ἀντιτάξεσθαι
910 4601 975 4668 τῇ
1007 4594 1331 4667 ἀνικήτῳμ)
1362 4594 1543 4665 βουλῇ,
1578 4595 1672 4647 καὶ
1699 4610 1800 4645 κα-

224 4695 400 4748 κῶσαι
414 4694 670 4747 δύνασθαι
687 4693 775 4747 τὸν
805 4694 933 4764 παρ’
956 4691 1122 4745 αὑτοῦ
1166 4689 1523 4759 βοηθούμενον
1548 4705 1561 4751 ;
1593 4687 1800 4741 Οὐκοῦν

228 4790 387 4860 εἴπερ
436 4786 577 4848 τινὲς
632 4780 769 4855 ἦσαν
804 4785 1091 4852 νουνεχεϊς,
1146 4783 1194 4833 ol
1237 4782 1584 4851 Γραμματεῖς
1614 4795 1672 4830 τε
1707 4779 1802 4831 καὶ

226 4879 527 4949 Φαρισαῖοι,
558 4874 875 4941 ἀπόσχοιντο
902 4872 966 4925 ἂν
994 4871 1101 4923 τῶν
1126 4872 1247 4923 κατ’
1281 4866 1443 4921 αὑτοῦ
1468 4867 1799 4938 σκεμμάτων

226 4987 283 5022 τε
308 4969 403 5023 καὶ¹
434 4966 867 5037 ἐγχειρημάτων,
889 4962 977 5016 διὰ
1006 4961 1295 5033 προφητῶν
1322 4958 1489 5027 ἁγίων
1529 4975 1804 5028 προεγνω-

231 5061 409 5121 κότες,
479 5058 555 5119 ὡς
608 5057 707 5107 οὐκ
764 5054 829 5107 ἀν
902 5054 1174 5122 ίσχύσειαν
1235 5050 1489 5119 ἀδικῆσαι
1545 5048 1798 5117 Χριστὸν,

228 5150 360 5204 Θεὸν
404 5148 535 5201 ὄντα
577 5146 671 5201 καὶ
708 5144 931 5215 Κύριον,
995 5145 1089 5195 καὶ
1128 5142 1253 5195 Υίὸν
1287 5139 1538 5211 ἀληθινόν
1566 5140 1657 5192 τοῦ
1687 5139 1801 5192 Πα-

230 5241 356 5310 τρός

308 5351 326 5381 ι
378 5331 505 5383 Ἰδοὺ
532 5329 735 5400 Κύριος
763 5327 965 5400 Κύριος
1006 5323 1257 5395 βοηθήσει
1283 5340 1370 5393 μοι
1395 5339 1407 5352 ο
1444 5322 1527 5384 τίς
1562 5320 1802 5374 κακώσει

236 5441 338 5495 pe;
376 5423 505 5475 Ἰδοὺ
541 5422 738 5482 πάντες
769 5422 925 5489 ὑμεῖς
965 5418 1041 5479 ὡς
1086 5416 1297 5487 ἱμάτιον
1336 5412 1801 5481 παλαιωθήσεσθε,

236 5517 328 5570 καὶ
377 5515 474 5584 σὴς
508 5512 885 5581 καταφάγεται
926 5510 1087 5579 ὑμᾶς.
1123 5528 1139 5560 i
1183 5507 1258 5559 Δι’
1290 5500 1362 5561 ὧν
1410 5503 1660 5574 σημαίνει
1706 5502 1805 5573 τὴν

238 5612 534 5664 παλαίωσιν
564 5608 663 5677 τῆς
692 5607 809 5659 κατ’
843 5604 1007 5659 αὐτοῦ
1039 5602 1352 5672 σωματικῆς
1378 5599 1631 5671 λατρείας
1654 5615 1666 5626 ·
1706 5596 1809 5649 πά-

240 5718 300 5757 νυ
345 5701 450 5773 γὰρ
499 5698 561 5752 τὸ
596 5695 987 5764 παλαιούμενον
1032 5695 1121 5744 καὶ
1155 5690 1429 5759 γηράσκον
1471 5688 1635 5758 ἐγγὺς
1672 5688 1807 5756 ἁίίὼ

309 5791 386 5868 ιι)
421 5792 689 5862 ’Λκινήτῳ
719 5788 840 5858 legit
871 5789 1150 5856 interpr-ss.
1190 5784 1343 5839 Eutr.

1908 4589 2031 4644 silio
2078 4596 2132 4640 et
2183 4582 2445 4637 voluntati
2485 4579 2752 4633 obsistere
2792 4573 3002 4633 valeat,
3040 4580 3096 4623 et
3128 4568 3245 4633 ejus
3291 4566 3498 4619 auxilio

1909 4681 2170 4735 fruentem
2202 4671 2519 4744 opprimat?
2555 4672 2739 4738 Itaque
2769 4665 2814 4718 si
2850 4666 2939 4732 qui
2983 4663 3037 4716 in
3080 4654 3392 4715 Scribarum
3442 4668 3498 4711 et

1912 4769 2304 4824 Pharisaeorum
2338 4776 2498 4832 grege
2538 4760 2829 4830 prudentes
2845 4754 3090 4809 homines
3122 4751 3372 4811 fuissent,
3402 4746 3499 4801 alc—

1907 4862 2170 4917 stitissent
2200 4859 2384 4926 utique
2404 4872 2431 4906 a
2458 4847 2911 4906 machinamentis
2931 4857 2986 4900 et
3008 4842 3505 4911 conspirationibus

1908 4961 2170 5009 adversus
2200 4966 2321 5004 eum
2366 4946 2648 5007 conﬂatis;
2687 4956 2811 4995 cum
2858 4949 3174 4994 sanctorum
3209 4939 3501 5005 propheta-

1910 5061 2026 5098 rqu
2086 5040 2395 5097 testimonio
2432 5035 2821 5106 prospicerent,
2863 5044 2922 5083 se
2961 5046 3066 5084 non
3106 5042 3265 5097 posse
3307 5026 3502 5078 la-dore

1906 5138 2202 5197 Christum,
2227 5133 2317 5201 qui
2355 5130 2493 5185 Deus
2521 5138 2575 5183 et
2598 5126 2874 5190 Dominus,
2904 5138 2966 5177 ac
3005 5136 3162 5176 verus
3200 5119 3375 5173 Patris
3407 5116 3500 5172 Fi-

1909 5228 2012 5281 lius
2049 5236 2213 5279 esset.

1983 5318 2145 5371 Vsus.
2179 5316 2233 5371 9.
2280 5334 2300 5366 ι
2348 5314 2483 5369 Ecce
2541 5312 2805 5368 Dominus
2848 5308 3107 5365 Dominus
3152 5302 3505 5355 auxiliabitur

1914 5409 2047 5462 milii
2083 5425 2096 5461 :
2139 5406 2259 5475 quis
2305 5405 2461 5458 laedet
2498 5419 2583 5457 me
2628 5404 2650 5455 ?
2686 5401 2826 5457 Ecce
2868 5416 2961 5453 vos
3004 5411 3193 5451 omnes
3244 5406 3499 5459 tanquam

1918 5499 2296 5554 vestimentum
2340 5497 2707 5560 vetcrascetis,
2755 5505 2808 5548 et
2855 5494 2997 5547 tinea
3045 5489 3293 5545 comedet
3330 5499 3442 5539 vos.
3474 5504 3497 5536 ι

1916 5593 2079 5659 Queis
2110 5591 2375 5660 signillcat
2426 5590 2812 5659 antiquandam
2860 5586 2973 5640 fore
3024 5595 3339 5649 corporeum
3380 5577 3498 5633 cul-

1917 5695 2027 5741 tum
2075 5704 2087 5739 :
2141 5681 2399 5755 quidquid
2442 5681 2585 5737 enim
2621 5682 2936 5752 antiquatur
2971 5686 3025 5732 ct
3076 5670 3349 5737 senescit,
3380 5670 3502 5726 rui-
