4128 6294
620 304 728 362 “3
811 341 815 346 -

1279 297 1368 355 EU
1377 297 1546 355 SEBII
1586 295 2069 356 οΑεδΑιιιεΝειδ
2117 294 2184 353 3F

2300 294 2479 351 PARS
2516 293 2604 348 ΙΙΙ.
2661 322 2711 335 -
2752 287 3160 347 EXEGETICA.

3727 279 3845 338 εει

619 442 702 480 nae
720 422 1012 494 proximum
1044 429 1148 475 est.
1185 419 1290 477 Per
1326 424 1522 476 tineam
1548 436 1676 476 vero
1708 422 1852 490 ipsos
1885 421 2162 477 comeden-

2283 417 2477 488 ttopot'a.
2513 417 2658 484 Σῆτα
2699 415 2756 467 δὲ
2802 411 3020 466 καὶτὸν
3067 404 3585 479 καταϐιϐρώσκοντα
3633 403 3835 467 αὐτοὺς

621 526 749 577 tem,
781 511 1158 568 conscientiam
1193 510 1454 566 scelerum
1480 513 1555 567 ab
1581 513 1710 579 ipsis
1747 521 2170 581 perpetratorum

616 604 901 675 significat,
931 616 1049 670 quas
1090 601 1257 655 instar
1283 603 1480 656 vermis
1517 602 1749 655 animam
1792 602 2003 656 exedet.
2036 600 2174 654 Gen-

2272 507 2369 578 τὴν
2401 506 2702 576 συνείδησιν
2735 498 2810 557 ὧν
2843 502 3206 573 τετολμήκασι
3233 498 3400 568 δηλοῖ,
3435 497 3590 568 δίκην
3623 494 3839 566 σκώληο

2272 612 2367 658 κος
2427 592 2815 662 κατεσθιούσης
2867 591 2968 662 τὴν
3010 589 3206 660 ψυχήν.
3265 585 3530 659 Ὀρῶντες
3575 585 3682 655 γὰρ
3730 583 3838 653 τὴν

615 672 746 747 tium
768 692 962 762 quippe
975 689 1375 746 conversionem
1394 690 1458 742 ad
1481 687 1665 756 Deum,
1688 704 1749 743 ac
1770 691 1997 752 ruinam,
2016 703 2172 758 quant

2283 684 2379 736 :th
2430 682 2597 737 ἐθνῶν
2642 683 2777 754 πρὸς
2814 682 2942 735 Θεὸν
2981 678 3332 750 ἐπιστροφὴν,
3363 677 3458 731 καὶ
3498 674 3596 745 τὴν
3627 672 3845 728 ἑαυτῶν

615 781 912 849 impietatis
941 795 1049 834 suae
1071 780 1242 846 :causa
1281 777 1673 844 sustinuerunt,
1698 779 2112 849 conspicientes,
2144 793 2174 831 a

616 870 944 925 conscientia
967 869 1307 923 stimulantur
1327 878 1384 924 et
1413 870 1750 926 devorantur.

690 959 851 1015 Vens.
882 961 966 1015 lo.
990 979 1007 1010 ε
1029 960 1157 1026 Quis
1179 970 1262 1014 est
1293 960 1348 1014 in
1379 961 1532 1014 vobis
1555 959 1642 1027 qni
1675 961 1826 1013 timet
1860 958 2175 1014 Dominum?

619 1047 803 1103 audiat
829 1062 1006 1102 vocem
1049 1050 1193 1116 pueri
1225 1048 1359 1118 ejus.
1414 1047 1758 1104 Ambulantes
1809 1048 1863 1101 in
1921 1047 2173 1112 tenebris,

619 1149 676 1195 et
710 1155 812 1192 non
843 1148 922 1194 est
957 1141 1036 1193 eis
1066 1139 1176 1202 lux,
1219 1139 1471 1194 conﬁdite
1509 1140 1561 1194 in
1594 1141 1813 1193 nomine
1858 1139 2093 1204 Domini,
2124 1150 2179 1194 et

621 1229 909 1285 inuititniui
943 1228 1067 1284 Deo.
1099 1249 1118 1281 ι
1144 1229 1323 1301 Neque
1355 1233 1497 1285 enim
1528 1231 1648 1284 volo
1673 1240 1896 1284 mortem
1927 1239 2179 1297 peccato-

2273 774 2607 836 ἀπόπτωσιν,
2665 773 2731 843 ἢν
2770 771 3064 841 ὑπέμειναν
3096 767 3184 821 διὰ
3230 767 3328 830 τὰς
3353 765 3604 827 ἀσεϐείας
3627 763 3834 826 αὐτῶν,

2277 863 2493 932 ὑπὸτῆς
2521 862 2876 931 συνειδήσεως
2901 857 3289 930 τιτρώσκονται
3314 859 3407 912 καὶ
3433 854 3832 911 κατεσθίονται.

2349 974 2368 1008 t
2405 954 2497 1017 Τίς
2519 955 2574 1005 ἐν
2595 955 2721 1022 ὑμῖν
2743 955 2770 1006 6
2793 950 3119 1021 φοϐούμενος
3145 949 3236 1003 τὸν
3265 949 3467 1020 Κύριον
3489 944 3842 1013 ςηύπακουσὰ-

2274 1061 2352 1097 τω
2396 1044 2495 1114 τῆς
2529 1041 2711 1111 φωνῆς
2734 1039 2829 1094 τοῦ
2864 1039 3050 1102 παιδὸς
3081 1037 3266 1092 αὐτοῦ.
3300 1039 3363 1092 Ol
3390 1035 3737 1107 πορευόμενοι
3777 1035 3842 1086 ὲν

2278 1135 2477 1199 σκότει,
2504 1134 2596 1186 καὶ
2629 1133 2726 1186 οὐκ
2753 1131 2898 1185 ἔστιν
2928 1130 3110 1193 αὐτοῖς
3135 1130 3278 1198 φῶς,
3307 1127 3599 1182 πεποίθατε
3635 1125 3728 1178 ἐπὶ
3754 1122 3847 1194 τῷ

2275 1226 2494 1296 ὀνόματι
2520 1223 2744 1294 Κυρίου,
2795 1225 2889 1276 καὶ
2927 1217 3372 1292 ἀντιστηρίσασθε
3401 1217 3495 1270 ἐπὶ
3533 1214 3611 1286 τῷ
3635 1213 3776 1285 Θεῷ.
3815 1232 3839 1265 s

621 1320 882 1381 ris.sicut
913 1299 1277 1388 paenitentiam
1321 1320 1661 1388 ejusuQuare
1696 1321 1857 1374 etiam
1903 1335 2043 1374 nunc
2087 1335 2179 1374 vos

2283 1317 2355 1371 Οὐ
2379 1313 2486 1384 γὰρ
2518 1311 2771 1383 βούλομαι
2794 1312 2885 1364 τὸν
2908 1311 3133 1365 θάνατον
3155 1306 3248 1361 τοῦ
3276 1302 3618 1376 ἀμαρτωλοῦ,
3635 1302 3712 1366 ὠς
3735 1299 3850 1372 τὴν

618 1418 806 1468 evoco,
834 1406 922 1474 qui
973 1405 1025 1458 in
1059 1405 1295 1461 tenebris
1342 1408 1658 1476 ignorantia:
1705 1407 2013 1461 versamini.
2046 1405 2177 1460 Cum

2283 1406 2567 1478 μετάνοιαν
2599 1401 2782 1456 αὑτοῦ.
2816 1401 2977 1456 Ὅθεν
3007 1400 3087 1454 ἔτι
3127 1399 3221 1453 καὶ
3251 1396 3346 1450 νῦν
3379 1397 3522 1466 ὑμᾶς
3540 1392 3846 1448 ἀνακαλοῦ-

622 1505 799 1548 autem
825 1511 1043 1563 puerum
1072 1495 1159 1550 Dei
1179 1511 1296 1550 sese
1319 1508 1613 1564 nuncupat,
1639 1496 2034 1564 intelligendum
2055 1511 2181 1564 pra:-

2283 1511 2399 1564 μαι,
2427 1495 2484 1545 ὲν
2511 1491 2588 1562 τῷ
2614 1491 2713 1561 τῆς
2741 1489 2960 1558 ἀγνοίας
2990 1489 3164 1559 πάτῳ
3189 1486 3570 1557 τυγχάνοντας.
3620 1482 3846 1538 Ἑαυτὸν

622 1584 735 1644 bet.
760 1599 839 1647 se,
867 1586 955 1654 qui
985 1587 1142 1639 homo
1163 1586 1341 1640 Iactus
1362 1598 1464 1650 est,
1490 1603 1671 1640 verum
1700 1588 1786 1641 Dei
1807 1599 1860 1642 et
1878 1587 2049 1643 Patris
2078 1589 2170 1641 tili-

2283 1585 2335 1637 δὲ
2386 1585 2548 1638 παῖδα
2590 1580 2724 1635 Θεοῦ
2777 1581 2970 1649 λέγων,
3009 1580 3194 1650 ἐφίησι
3222 1582 3378 1641 νοεῖν,
3412 1578 3516 1639 ὅτι,
3559 1573 3846 1646 ἄνθρωπος

623 1690 710 1728 um
727 1678 1032 1744 esse:quod
1057 1692 1181 1733 vero
1200 1694 1298 1733 vox
1321 1680 1435 1745 ejus
1449 1681 1707 1733 audienda
1736 1679 1963 1742 foret,id
1981 1695 2179 1748 nequa-

2283 1675 2536 1746 γεγονὼς,
2572 1675 2682 1737 υίό..
2714 1676 2860 1727 ἔστιν
2891 1671 3140 1744 ἀληθινὸς
3177 1670 3272 1724 τοῦ
3303 1668 3437 1722 Θεοῦ
3475 1667 3569 1721 καὶ
3590 1666 3803 1738 Πατρός
3827 1681 3847 1698 ο

621 1780 780 1832 quam
810 1765 939 1834 legis
969 1771 1324 1837 transgressio
1357 1780 1493 1832 erat,
1536 1771 1629 1822 sed
1659 1769 2002 1824 conﬁrmatio
2027 1747 2178 1840 legis,

2283 1770 2373 1822 καὶ
2396 1768 2457 1822 τὸ
2482 1768 2710 1822 ἀκοῦσαι
2737 1766 2835 1836 τῆς
2855 1763 3017 1817 αὐτοῦ
3042 1763 3222 1834 φωνῆς
3254 1762 3316 1814 οὐ
3349 1761 3514 1830 νόμου
3536 1757 3851 1829 παράϐασις

622 1871 740 1923 qua:
763 1871 858 1925 per
891 1858 1113 1926 liguram
1142 1868 1196 1912 et
1224 1861 1488 1921 umbram,
1529 1858 1807 1913 veritatem
1838 1859 2137 1915 delinealtat
2162 1880 2178 1915 :

623 1961 741 2013 qua)
766 1957 846 2000 est
867 1947 977 2016 ipse
1010 1948 1146 2002 Deus
1171 1958 1226 2003 et
1247 1948 1362 2017 ejus
1388 1948 1654 2004 vaticinia.

692 2123 855 2181 ναις.
885 2126 968 2180 ll.
1007 2142 1026 2175 ‹
1056 2123 1194 2180 Ecce
1231 2139 1326 2180 vos
1346 2139 1532 2179 omnes
1564 2125 1741 2194 ignem
1777 2123 2094 2189 accenditis,
2128 2131 2183 2178 et

622 2217 980 2273 corroboratis
1029 2215 1290 2269 natntuam
1330 2233 1343 2269 :
1382 2215 1648 2269 ambulate
1695 2215 1747 2268 in
1801 2214 2000 2268 lumine
2047 2214 2184 2284 ignis

622 2307 786 2360 vestri
825 2315 880 2360 et
925 2307 977 2360 iu
1013 2304 1222 2358 ﬂamma
1251 2320 1410 2373 quam
1441 2305 1813 2358 succendistis.
1847 2303 2073 2372 Propter
2099 2316 2183 2356 me

626 2396 764 2452 facta
801 2407 923 2453 sunt
948 2399 1059 2452 hac
1087 2399 1336 2459 vobis,'et
1372 2396 1421 2449 in
1451 2408 1679 2449 tumrore
1709 2395 2005 2450 dormielis.
2033 2413 2053 2446 ι
2080 2392 2180 2448 So-

623 2487 733 2543 lum
759 2489 1016 2554 accedite,
1057 2499 1110 2544 et
1138 2488 1368 2548 obedite,
1394 2500 1456 2540 ac
1480 2486 1702 2539 salutent
1739 2484 2006 2552 pollicenti
2032 2485 2184 2538 vobis

624 2578 846 2632 credite.
875 2576 999 2640 Sed,
1037 2586 1096 2630 ut
1131 2577 1304 2636 video,
1323 2590 1417 2628 vos
1447 2574 1514 2627 ab
1548 2575 1692 2625 omni
1725 2573 1863 2626 bona
1892 2587 1985 2639 spe
2011 2571 2184 2626 seclu-

624 2669 801 2733 sistis,
841 2678 1076 2722 vestrum
1103 2677 1281 2720 autem
1309 2667 1484 2733 ignem
1519 2665 1725 2734 augetis
1757 2674 1810 2717 et
1841 2664 2102 2718 roboratis
2127 2663 2181 2717 in

625 2759 1003 2815 incredulitate
1025 2768 1222 2822 vestra,
1252 2767 1306 2812 et
1333 2759 1384 2811 in
1415 2757 1762 2824 blasphemiis
1785 2757 1981 2809 vestris
2005 2769 2186 2823 perse-

625 2862 896 2916 verantes,
943 2850 1198 2918 illumque
1239 2848 1426 2902 aeterni
1464 2847 1702 2916 supplicii
1751 2846 1926 2914 ignem
1969 2850 2056 2913 qui
2091 2861 2186 2898 vos

625 2952 922 3013 exspectat,
958 2943 1127 3012 magis
1173 2941 1445 3011 magisque
1496 2937 1808 3001 accenditis,
1841 2937 2185 3006 quamobrem

2278 1858 2365 1932 ἦν,
2395 1859 2531 1914 ἀλλά
2569 1858 2854 1929 βεϐαίωσις
2882 1856 3069 1926 νόμου,
3098 1853 3187 1907 διὰ
3217 1853 3387 1906 τύπου
3414 1851 3506 1904 καὶ
3531 1850 3690 1911 σκιᾶς
3710 1863 3852 1919 προ-

2280 1953 2680 2024 αναγράφοντος
2700 1952 2798 2021 τὴν
2817 1947 3074 2019 ἀλήθειαν
3093 1987 3109 2013 ,
3131 1947 3250 2016 ἣτις
3277 1944 3422 1998 ἐστὶν
3445 1943 3474 1996 6
3497 1940 3628 2004 Θεὸς
3654 1941 3746 1994 καὶ
3774 1936 3852 1994 τὰ

2280 2045 2445 2101 αὑτοῦ
2475 2043 2838 2114 θεσπίσματα.

2356 2155 2376 2189 ε
2421 2135 2550 2190 ’1δοῦ
2581 2135 2780 2197 πάντες
2807 2135 2964 2204 ὑμεῖς
3002 2131 3114 2207 πῦρ
3139 2147 3477 2196 κα.ετε,.και
3523 2123 3853 2196 κατισχύετι

2282 2225 2483 2297 φλόγα·
2519 2218 2817 2296 πορεύεσθε
2845 2222 2922 2292 τῷ
2958 2223 3096 2291 φωτὶ
3135 2219 3227 2274 τοῦ
3257 2218 3431 2290 πυρὸς
3453 2215 3626 2288 ὑμῶν,
3653 2214 3745 2270 καὶ
3774 2215 3852 2285 τῇ

2282 2317 2439 2386 φλογὶ
2533 2313 2879 2381 ἐξεκαύσατε.
2913 2314 2990 2366 Δι’
3011 2311 3113 2383 ἐμὲ
3143 2309 3358 2380 ἐγένετο
3383 2307 3557 2363 ταῦτα
3583 2307 3729 2376 ὑμίν,
3749 2304 3855 2357 καὶ

2283 2411 2342 2462 ἐν
2366 2406 2509 2478 λύπῃ
2543 2404 2958 2475 κοιμηθήσεσθε.
2998 2425 3017 2454 ι
3048 2404 3221 2458 Μόνον
3253 2402 3436 2471 ἥκετε,
3473 2399 3568 2452 καὶ
3605 2394 3856 2450 ὑπακού-

2283 2514 2432 2561 σατε,
2473 2495 2920 2565 ἐπαγγελλομένῳ
2949 2511 3006 2546 τε
3041 2493 3167 2563 ὑμῖν
3191 2491 3461 2562 σωτηρίαν
3500 2486 3851 2542 πιστεύσατε.

2295 2588 2429 2642 Ἀλλ’
2456 2588 2531 2651 ὡς
2569 2587 2700 2658 ὁρῶ,
2750 2586 2928 2656 πάσης
2975 2584 3072 2655 μὲν
3113 2581 3323 2652 ἀγαθῆς
3368 2578 3580 2641 ἐλπίδος
3626 2575 3856 2640 ἑαυτοὺς

2282 2679 2615 2743 ἀποκλείετε,
2639 2677 2774 2731 τὸδὲ
2797 2675 2976 2730 αὐτῶν
3004 2674 3115 2747 πῦρ
3147 2672 3410 2746 σωρεύετε
3444 2669 3538 2724 καὶ
3574 2668 3857 2738 κατισχύε-

2281 2788 2340 2824 τε
2371 2773 2437 2841 τῇ
2471 2769 2677 2822 ἑαυτῶν
2699 2768 3048 2837 ἐπιμένοντες
3076 2763 3300 2833 ἀπιστία
3322 2762 3413 2815 καὶ
3434 2763 3553 2823 ταῖς
3573 2760 3691 2812 κατ’
3712 2755 3855 2828 ἐμοῦ

2286 2856 2675 2928 βλασφημίαις,
2699 2857 2792 2908 καὶ
2819 2854 2879 2907 τὸ
2905 2851 3194 2923 περιμένον
3221 2850 3366 2918 ὑμᾶς
3391 2847 3490 2917 τῆς
3514 2845 3728 2899 αίωνίου
3753 2859 3857 2897 κο-

2284 2949 2492 3012 λάσεως
2518 2948 2627 3021 πῦρ
2657 2944 2912 3017 μειζόνως
2935 2943 3254 3009 ἐξάπτοντες
3273 2958 3284 2970 ·
3309 2941 3388 2994 διδ
3425 2940 3519 2993 καὶ
3551 2958 3570 2991 t
3620 2939 3677 2991 ὲν
3705 2936 3858 3009 λύπῃ

632 3052 656 3087 ε
690 3034 742 3088 in
773 3047 1002 3088 mmrore
1049 3030 1357 3094 dormietis;
1397 3047 1416 3080 ι
1458 3028 1572 3083 sive
1600 3026 1892 3082 secundum
1943 3025 2184 3096 Symma-

2293 3037 2691 3111 κοιμηθήσεσθε
2711 3055 2727 3069 ο
2771 3057 2790 3090 ι
2823 3035 2860 3107 ἢ
2890 3034 3030 3090 κατὰ
3072 3034 3162 3087 τὸν
3190 3031 3506 3102 Σύμμαχον,
3545 3048 3565 3082 t
3598 3031 3659 3082 ιν
3691 3026 3856 3099 ὀδύνῃ

631 3124 814 3186 cltum,
849 3140 868 3175 ι
911 3123 964 3177 iu
996 3123 1181 3177 dolore
1215 3121 1509 3176 dormietis.
1544 3137 1564 3170 ι

1212 3229 1440 3286 CAPUT
1480 3229 1565 3285 ω.

703 3345 861 3404 Vna.
885 3335 965 3400 ﬁt
980 3345 1191 3408 Audite,
1211 3343 1299 3412 qui
1320 3342 1699 3413 persequimini
1721 3341 2071 3408 quodjustum
2087 3350 2190 3404 est,

628 3447 683 3493 et
711 3439 800 3507 qui
831 3437 1072 3507 quaeritis
1119 3435 1424 3490 Dominum.
1462 3452 1481 3486 ι
1525 3433 1660 3500 Quia
1710 3433 1928 3488 immani
1968 3433 2192 3486 stultitia

627 3529 883 3584 obcmcati
909 3525 1213 3581 Judarorum
1243 3525 1422 3594 populi
1466 3526 1803 3595 unigenitum
1830 3524 1921 3580 Dei
1960 3525 2192 3579 Verbum

629 3619 686 3674 in
719 3617 886 3672 forma
937 3629 1145 3682 nostra,
1179 3617 1230 3671 id
1260 3626 1342 3672 est
1380 3616 1647 3671 hominem
1682 3615 1881 3670 factum
1929 3617 2193 3680 videntes,

629 3711 746 3776 ejta
773 3709 1082 3779 mysterium
1111 3723 1214 3762 non
1239 3707 1610 3763 intellexerunt
1640 3708 1768 3762 :sed
1793 3709 2024 3763 amentia
2049 3706 2195 3762 ducti

630 3815 747 3864 sua,
772 3799 1081 3869 plerumque
1116 3799 1286 3868 ipsum
1317 3798 1640 3866 blasphemis
1661 3797 1821 3851 dictis
1861 3796 2198 3866 impudenter

632 3891 971 3945 incessebant
1003 3907 1018 3944 :
1051 3905 1198 3954 nam,
1231 3901 1288 3942 ut
1312 3888 1470 3956 paulo
1495 3895 1620 3940 ante
1646 3887 1776 3952 dixi,
1795 3887 2049 3942 eximiam
2080 3886 2196 3955 glo-

633 3984 769 4035 riam
817 3991 871 4036 et
924 3981 1174 4035 virtutem
1226 3995 1376 4035 suam
1432 3979 1559 4046 ipsis
1610 3979 1890 4048 perspicue
1938 3977 2197 4040 declarat,

2295 3129 2714 3202 κοιμηθήσεσθε.
2750 3146 2773 3180 a

2787 3233 3177 3294 ΚΕΦΔΛΑῘΟΝ
3223 3237 3348 3291 NA'.

2367 3373 2386 3404 ε
2439 3353 2748 3417 Ἀκούσατε,
2781 3353 2831 3404 ol
2858 3350 3143 3414 διώκοντες
3164 3349 3224 3402 τὸ
3247 3348 3472 3411 δίκαιον,
3501 3345 3594 3401 καὶ
3630 3341 3864 3417 ζητοῦν-

2289 3461 2381 3506 τες
2399 3443 2490 3496 τὸν
2517 3444 2734 3515 Κύριονζ
2767 3462 2785 3494 ι
2823 3440 3041 3511 Ἐπειδὴ
3064 3441 3129 3495 ὲκ
3157 3438 3354 3509 πολλῆς
3377 3438 3515 3506 ἄγαν
3529 3435 3866 3506 ἀϐελτηρίας

2291 3533 2341 3585 οἱ
2368 3532 2475 3585 τῶν
2510 3522 2774 3585 Ἰουδαίων
2800 3531 2960 3602 δῆμοι
2980 3529 3073 3584 τὸν
3102 3531 3359 3600 μονογενῆ
3391 3527 3485 3580 τοῦ
3515 3525 3652 3580 Θεοῦ
3685 3525 3865 3594 Λόγον

2293 3622 2525 3694 ὁρῶντες
2558 3623 2614 3674 ὲν
2648 3621 2774 3674 εῖδει
2815 3620 2892 3691 τῷ
2922 3620 3042 3674 καθ’
3072 3621 3240 3691 ἡμᾶς,
3280 3617 3526 3672 τουτέστι
3569 3616 3865 3688 γενόμενον

2296 3713 2598 3784 ἄνθρωπον,
2631 3712 2691 3765 οὐ
2723 3711 2972 3764 συνίεσαν
3008 3709 3106 3780 μὲν
3135 3708 3196 3762 τὸ
3226 3710 3312 3762 ἐπ’
3344 3707 3490 3778 αὐτῷ
3524 3707 3817 3778 μυστήριον
3841 3722 3861 3737 ·

2295 3803 2677 3867 ἀσυνετοῦντες
2721 3802 2778 3855 δὲ
2822 3799 3146 3871 πλιισταχοῦ
3203 3799 3577 3870 παλιμφήμοις
3628 3796 3866 3850 ἐλύπουν

2299 3897 2501 3962 φωναῖς
2528 3892 2755 3955 ἀναιδῶς
2774 3909 2787 3922 ⁸
2820 3891 3070 3962 καθάπερ
3101 3890 3210 3962 γὰρ
3243 3889 3380 3960 ἔφην
3407 3887 3629 3959 ἀρτίως,
3656 3885 3865 3958 ὲναργῆ

2298 3986 2616 4056 καθίστησιν
2647 3983 2828 4042 αὐτοῖς
2858 3981 2956 4053 τὴν
2991 3980 3538 4052 σεμνοπρεπεστάτην
3564 3977 3728 4032 αὑτοῦ
3765 3977 3862 4032 δό-

633 4079 792 4140 atque
828 4077 1012 4127 eorum
1063 4070 1321 4140 quosdam
1358 4087 1425 4124 ne
1461 4086 1519 4125 se
1542 4070 1686 4139 parvi
1717 4070 2069 4133 aestimarent,
2106 4067 2184 4122 de-

2301 4076 2395 4140 ξαν
2425 4093 2484 4129 τε
2514 4076 2607 4128 καὶ
2634 4075 2879 4145 δύναμιν,
2910 4072 3005 4126 καὶ
3038 4072 3133 4126 τοῦ
3166 4070 3335 4143 μικρὰ
3362 4072 3574 4141 φρονεῖν
3600 4069 3686 4122 ἐπ’
3710 4066 3867 4139 αὐτῷ

634 4167 798 4216 lerret
842 4162 925 4217 liis
973 4163 1174 4225 verbis,
1210 4179 1230 4214 ι
1267 4161 1526 4216 Conlidite
1574 4162 1626 4213 in
1675 4160 1934 4224 Domino;
1973 4177 1992 4210 ι
2045 4174 2184 4226 aper-

2303 4164 2580 4236 βούλεσθαί
2608 4181 2756 4227 τινας
2779 4161 3124 4233 ἀποκομίζει,
3167 4161 3360 4230 λέγων,
3391 4180 3410 4212 ι
3436 4157 3733 4213 Πεποὶθατε
3765 4158 3868 4212 ἐπὶ

632 4253 840 4307 tissime
875 4255 1035 4323 igitur
1061 4267 1120 4307 se
1154 4252 1434 4306 Dominum
1464 4262 1518 4307 et
1557 4251 1720 4305 Deum
1753 4265 1871 4304 esse
1904 4251 2053 4313 dicit,
2085 4250 2174 4316 qui

2301 4257 2378 4326 τῷ
2395 4256 2596 4328 Κυρίῳ.
2641 4275 2660 4307 ι
2703 4255 3100 4326 Ἐναργέστατα
3126 4253 3192 4323 δὴ
3210 4249 3302 4307 οὖν
3325 4252 3527 4323 Κύριον
3551 4249 3740 4305 ἑαυτὸν
3766 4251 3869 4305 καὶ

634 4344 710 4395 uti
735 4343 844 4410 jam
871 4345 1013 4408 dixi,
1045 4344 1286 4397 homines
1316 4346 1571 4409 deterret,
1610 4359 1676 4397 ne
1715 4345 1779 4397 de
1818 4357 1876 4396 se
1915 4340 2184 4395 humiliori

2303 4348 2431 4401 Θεὸν
2460 4346 2594 4401 εἷναί
2619 4363 2802 4417 φησιν,
2825 4345 3194 4415 ἀποκομίζων,
3233 4344 3308 4407 ὡς
3339 4343 3494 4416 ἔφην,
3520 4343 3613 4396 τοῦ
3656 4359 3868 4414 χαμαι-

633 4434 794 4488 modo
839 4435 1068 4487 sentiant
1102 4444 1155 4486 et
1184 4436 1485 4501 loquantur.
1524 4450 1544 4483 ‹
1589 4431 1861 4502 Respicite
1896 4433 1948 4485 in
1986 4432 2184 4485 lit-man:

2298 4433 2472 4496 πετῶς
2501 4410 2820 4504 περὶαύτοῦ
2855 4410 3137 4500 βούλεσθαι
3181 4410 3395 4503 φρονεῖν
3425 4410 3485 4484 τε
3530 4431 3624 4485 καὶ
3657 4410 3865 4499 λέγειν.

634 4536 865 4594 petram,
897 4539 1056 4593 quam
1089 4526 1380 4582 excidistis.
1412 4539 1466 4580 et
1495 4529 1547 4580 in
1577 4527 1782 4580 foveam
1817 4526 1987 4588 lacus,
2030 4539 2184 4591 quam

2303 4544 2321 4576 ι
2368 4524 2698 4594 Ἐμϐλέψατε
2731 4526 2809 4587 εἰς
2841 4524 2937 4594 τὴν
2975 4523 3198 4593 στερεὰν
3231 4525 3457 4596 πέτραν,
3493 4523 3558 4595 ἦν
3596 4523 3870 4594 ὲλατομήη-

634 4613 911 4669 eﬂodistis.
947 4632 966 4667 ι
997 4614 1218 4668 Videtur
1241 4617 1322 4670 his
1346 4619 1688 4672 subindicare
1725 4618 1866 4669 il'am
1897 4617 2064 4685 ipsam
2096 4631 2184 4682 pe-

2298 4634 2443 4678 σατε,
2478 4617 2569 4669 καὶ
2595 4618 2675 4678 εἰς
2699 4616 2790 4668 τὸν
2820 4616 3039 4686 βόθυνον
3067 4618 3160 4671 τοῦ
3188 4617 3413 4679 λάκκου,
3452 4617 3511 4670 ὃν
3534 4615 3795 4687 ὠρύξατε.
3835 4633 3862 4669 ι

634 4713 774 4758 tram
798 4745 812 4767 ,
835 4719 953 4769 qua:
983 4704 1278 4760 Salvatoris
1305 4722 1498 4777 corpus
1524 4709 1752 4777 excepit,
1785 4710 1835 4762 iu
1859 4724 1962 4776 qua
1995 4705 2184 4777 Joseplt

2299 4709 2511 4761 Ἔοικεν
2540 4709 2569 4760 6
2587 4707 2742 4776 λόγος
2769 4707 2856 4760 διὰ
2878 4708 3082 4762 τούτων
3102 4709 3432 4763 αἰνίττεσθαι
3460 4707 3626 4778 αὐτὴν
3650 4708 3871 4778 εκείνην

635 4792 944 4860 speluncam
972 4796 1249 4848 excavavit
1283 4793 1334 4848 in
1361 4811 1496 4851 novo
1529 4809 1876 4852 monumento
1905 4811 2024 4850 suo.

2293 4796 2390 4866 τὴν
2419 4797 2480 4850 τὸ
2515 4796 2671 4866 σῶμα
2700 4796 2792 4849 τοῦ
2821 4799 3070 4870 Σωτῆρος
3109 4798 3510 4870 ὑποδεξαμένην
3537 4798 3761 4869 πέτραν,
3802 4799 3870 4857 ὲν

636 4879 716 4957 ᾖὸ
755 4885 948 4956 Ἰωσὴφ
981 4886 1040 4939 τὸ
1067 4888 1326 4960 σπήλαιον
1357 4887 1564 4961 ὤρυξεν
1606 4890 1665 4942 ὲν
1703 4887 1782 4959 τῷ
1823 4888 1991 4960 καινῷ
2031 4889 2202 4943 αὑτοῦ
2231 4890 2498 4960 μνημείῳ.

714 4996 869 5051 Vens.
903 4999 958 5050 2.
1002 5016 1019 5048 ι
1051 4999 1383 5070 licspicitein
1404 5003 1672 5056 Abraham
1698 5013 1903 5072 patrem
1931 5015 2184 5071 vestrum,

2371 5026 2389 5058 ι
2439 5006 2777 5075 Ἐμϐλέᾤατε
2806 5006 2885 5067 είς
2923 5005 3172 5077 ’Δϐραάμ
3198 5004 3290 5058 τὸν
3320 5005 3531 5075 πατέρα
3563 5003 3734 5074 ὑμῶν,
3772 5005 3874 5059 καὶ

637 5098 689 5141 et
713 5089 767 5141 iu
799 5089 986 5143 Suram
1019 5106 1137 5159 qua:
1175 5093 1454 5161 parturivit
1484 5109 1578 5148 vos
1613 5115 1623 5147 :
1657 5096 1777 5161 quia
1813 5113 1947 5151 unus
1984 5108 2119 5163 erat,
2152 5115 2178 5150 te

2299 5099 2376 5160 είς
2407 5097 2621 5168 Σάρῤαν
2639 5097 2735 5166 τὴν
2749 5094 3041 5149 ὠδίνουσαν
3077 5096 3251 5165 ὑμᾶς·
3281 5095 3362 5148 ὅτι
3395 5091 3475 5157 εἷς
3498 5090 3588 5163 ἦν,
3615 5095 3707 5146 καὶ
3731 5094 3865 5147 ἑκά-

640 5179 819 5231 voravi
846 5193 990 5243 eum,
1021 5188 1072 5232 et
1116 5178 1360 5234 benedixi
1392 5181 1472 5244 ei,
1501 5193 1554 5235 et
1579 5181 1736 5236 dilexi
1770 5199 1912 5246 cum,
1937 5195 1991 5238 et
2023 5186 2184 5240 multi-

2295 5185 2423 5239 λεσα
2453 5185 2638 5247 αὐτὸν,
2681 5185 2774 5236 καὶ
2815 5183 3084 5254 εύλὸγησα
3118 5183 3307 5247 αὑτὸν,
3345 5183 3438 5237 καὶ
3475 5183 3734 5252 ἠγάπησα
3765 5182 3875 5235 αὖ-

643 5267 830 5335 plicavi
878 5284 1020 5325 eum.
1064 5287 1084 5320 ι
1137 5271 1592 5336 Quemadmodum
1637 5273 1797 5342 igitur
1836 5277 1888 5328 itt
1935 5277 2184 5330 Alil'tllttlli

2293 5277 2402 5340 τὸν,
2450 5277 2542 5330 καὶ
2594 5275 2866 5344 ἐπλήθυνα
2923 5275 3103 5330 αὐτόν.
3158 5295 3178 5328 ι
3227 5275 3436 5344 ’Ὥσπερ
3477 5268 3570 5326 οὖν
3622 5273 3716 5327 ἐπὶ
3772 5271 3870 5326 τὸν

644 5356 744 5410 ieci
762 5399 778 5426 ,
806 5360 881 5413 sic
899 5374 966 5413 ue
986 5360 1276 5428 despcrctis
1304 5376 1367 5416 ex
1393 5363 1490 5417 bac
1508 5374 1678 5430 petra,
1697 5379 1854 5431 quam
1879 5381 1972 5420 vos
2003 5369 2184 5421 excidit

2309 5365 2554 5436 Ἀϐραὰμ
2576 5365 2871 5434 πεποίηκα,
2901 5365 3072 5428 οὕτως
3103 5365 3178 5436 μὴ
3209 5362 3634 5432 ἀπογινώσκετε,
3667 5362 3742 5425 ὡς
3767 5361 3870 5417 καὶ

645 5447 763 5508 Slis,
797 5451 1078 5516 quamdam
1113 5450 1299 5506 salutis
1322 5466 1465 5520 spem
1499 5454 1746 5507 omnibus
1786 5455 2086 5510 hominibus
2119 5457 2184 5510 fu-

2301 5456 2409 5509 ἀπὸ
2431 5457 2530 5524 τῆς
2557 5456 2760 5526 πέτρας
2781 5455 3000 5526 ταύτης,
3032 5457 3097 5527 ἦν
3123 5457 3280 5527 ὑμεῖς
3301 5455 3450 5509 αὐτοὶ
3471 5455 3865 5525 ὲλατομὴσατε,

647 5545 821 5592 turam
843 5555 992 5604 esse;
1017 5543 1156 5608 quod
1186 5543 1258 5595 illi
1285 5559 1389 5598 uou
1415 5545 1657 5613 privandi
1687 5546 1795 5600 sint
1828 5547 1910 5599 illa
1932 5546 1996 5602 ad
2027 5546 2184 5600 Abra‘

2302 5547 2452 5600 ἔσται
2475 5563 2556 5609 τις
2587 5545 2740 5609 ἐλπὶς
2773 5546 2988 5615 ἁπάσης
3019 5544 3324 5618 ἀνθρώποις
3353 5545 3644 5615 σωτηρίας.
3675 5543 3751 5607 ὡς
3784 5543 3866 5615 μὴ

645 5629 768 5688 baut
807 5633 966 5698 facta,
997 5644 1047 5688 et
1102 5650 1194 5704 per
1223 5651 1307 5691 mc
1348 5637 1593 5694 omnibus
1635 5639 1876 5710 statibus
1921 5655 2015 5709 per
2043 5641 2184 5710 httju:

2304 5638 2689 5708 ἀπολειφθῆναι
2719 5638 2814 5708 τῆς
2848 5637 2982 5710 πρὸς
3008 5639 3384 5713 τὸν.“Δϐραάμ
3405 5637 3733 5707 ἐπαγγελίας
3763 5637 3869 5709 τὴν
