4128 6294
679 375 713 432 ι
725 375 782 430 ίἹ

1341 367 1605 423 EUSEBII
1642 361 2118 422 CASSARIENSIS
2153 357 2301 416 OPP.
2340 354 2522 410 PARS
2557 352 2646 409 Ill.
2684 384 2754 394 —
2791 352 3198 409 EXECETICA.

3779 346 3897 401 438

676 494 829 562 cujus
858 492 939 544 lex
969 503 1085 543 mea
1116 486 1170 541 in
1201 484 1363 542 corde
1391 494 1589 541 vestro.
1624 503 1642 535 ι
1679 482 1902 535 \‘idebat
1925 479 2066 533 e’nim
2089 491 2212 541 eos,

2330 488 2431 541 μου
2449 472 2506 522 ἐν
2530 470 2596 539 τῇ
2621 468 2813 539 καρδίᾳ
2838 466 3009 537 ὑμῶν.
3044 484 3063 517 ι
3100 464 3275 535 Ἐὡρα
3307 464 3435 534 γὰρ,
3465 462 3546 515 δτι
3569 464 3619 514 oi
3648 461 3895 524 θέλοντες

676 584 767 652 qui
798 583 881 650 pie
928 578 1105 633 vivere
1134 576 1399 631 voluerim
1445 577 1496 627 in
1531 576 1742 629 Christo
1768 615 1781 637 ,
1809 574 2223 643 persecutionem

675 688 953 745 passuros,
981 668 1328 727 contumeliis
1362 666 1687 729 alliciendos,
1718 681 1779 720 ac
1813 663 2137 731 contemptui
2160 662 2227 715 ab

677 767 986 820 hominibus
1033 762 1307 819 habendos
1335 775 1487 824 esse;
1543 759 1775 821 itemque
1816 756 1991 809 omnis
2016 753 2226 822 generis

677 858 993 911 vexationes
1033 853 1456 918 tentationesque
1484 862 1833 917 perpessmos
1864 861 2000 901 esse.
2031 845 2229 911 Quam-

676 952 863 1003 obrem
890 986 907 1013 ,
962 956 1017 1000 ut
1064 945 1205 1013 ipsos
1238 942 1440 995 muniat
1468 949 1522 993 et
1559 939 1750 997 firmet,
1797 938 1907 1005 jam
1942 936 2062 990 hinc
2092 949 2227 1005 pra:-

675 1038 850 1105 cipit,
903 1055 921 1087 ι
981 1034 1057 1088 Ne
1116 1032 1345 1086 linteatis
1405 1030 1746 1098 approbriutn
1802 1028 2120 1093 hominum,
2174 1036 2227 1082 ct

678 1137 989 1197 eontemptu
1036 1141 1227 1181 eorum
1281 1130 1350 1178 ne
1394 1120 1705 1175 vincamiui.
1765 1138 1783 1170 ι
1845 1118 2091 1181 Etenim,
2141 1118 2225 1171 in-

677 1222 819 1291 quit,
854 1220 1010 1274 finem
1051 1232 1145 1273 eos
1192 1223 1533 1284 excepturum
1563 1212 1950 1268 cousideratum
1992 1216 2221 1278 oportet.

749 1404 909 1459 Vens.
938 1403 991 1468 8,
1022 1402 1075 1456 9.
1113 1418 1132 1452 ι
1167 1399 1298 1462 Nam
1332 1399 1475 1453 sicut
1505 1397 1899 1459 vestimentum,
1930 1409 1957 1447 a
1989 1403 2226 1463 tempore

676 1502 1047 1555 consumetur,
1074 1500 1127 1545 et
1162 1493 1300 1545 sicut
1343 1490 1485 1554 lana,
1529 1489 1835 1543 comedetur
1860 1502 1889 1540 a
1922 1487 2058 1539 tinea
2094 1484 2223 1554 :ju-

677 1587 825 1639 stitia
855 1595 1029 1639 autem
1074 1597 1189 1636 mea
1224 1582 1274 1634 in
1326 1581 1575 1635 saeculum
1612 1582 1715 1634 erit
1761 1598 1775 1634 :
1824 1579 2071 1633 Salutare
2098 1594 2222 1634 vero

676 1692 852 1730 tnemn
888 1678 937 1728 in
967 1674 1341 1744 generationes
1374 1674 1797 1741 generalionnm.
1832 1672 2098 1738 Exsurge,
2125 1686 2221 1725 ex-

2326 561 2562 623 εύσεϐῶς
2590 561 2687 629 ζῇν
2719 563 2775 611 ἐν
2802 557 3021 629 Χριστῷ
3061 556 3443 626 διωχθήσονται
3482 555 3574 607 καί⁵
3597 554 3896 622 ὀνειδισθη-

2326 668 2528 712 σονται,
2551 651 2644 702 καὶ
2661 650 3109 719 φαυλισθήσονται
3130 648 3237 699 ὑπὸ
3265 644 3583 717 ἀνθρώπων,
3614 644 3896 713 διωγμούς

2323 759 2382 795 τε
2408 742 2691 803 παντοίους
2722 743 2813 793 καὶ
2856 740 3189 809 πειρασμοὺς
3221 736 3565 807 ὑπομενοῦσι.
3600 735 3689 788 Διὸ
3729 752 3897 805 περι·-

2326 835 2578 904 φράττων
2640 834 2833 896 αὐτοὺς
2904 831 3147 884 ἐντεῦθεν
3212 830 3310 901 ἠδη
3378 828 3741 899 παραγγέλλει
3801 828 3899 880 λέ-

2324 942 2455 993 γων⁹
2498 943 2517 974 ι
2561 924 2649 994 Μὴ
2699 922 2944 991 φοϐεῖσθε
2988 921 3282 990 ὀνειδισμὸν
3329 921 3642 992 ἀνθρώπων,
3682 918 3898 987 καὶτῷ

2323 1014 2611 1084 φαυλισμῷ
2658 1014 2835 1066 αὐτῶν
2882 1014 2954 1083 μὴ
2985 1012 3234 1082 ἡττᾶσθε.
3279 1030 3297 1062 ι
3328 1012 3446 1081 Χρὴ
3489 1010 3597 1082 γὰρ
3650 1012 3907 1080 ἁφορᾷν,

2326 1106 2476 1176 φησὶ,
2512 1105 2603 1157 ἐπὶ
2631 1104 2690 1157 τὸ
2711 1104 3077 1175 διαδεξόμενον
3110 1103 3301 1165 αὐτοὺς
3333 1102 3499 1165 τέλος.

2399 1419 2417 1451 ι
2471 1400 2555 1462 Ὡς
2592 1399 2699 1468 γὰρ
2750 1397 2959 1467 ίμάτιον
3008 1394 3341 1465 βρωθησεται
3380 1392 3485 1445 ὑπὸ
3531 1392 3758 1462 χρόνου,
3790 1393 3901 1446 καὶ

2324 1490 2399 1553 ὡς
2448 1490 2570 1561 ἔρια
2632 1488 2965 1559 βρωθήσεται
3013 1486 3117 1538 ὑπὸ
3161 1485 3338 1553 σητός·
3389 1485 3422 1554 ἡ
3468 1483 3525 1535 δὲ
3570 1483 3895 1553 δικαιοσύνη

2327 1597 2427 1650 μου
2457 1584 2535 1642 είς
2561 1581 2651 1632 τὸν
2711 1579 2879 1632 αἰῶνα
2912 1577 3082 1629 ἔσται·
3122 1575 3181 1627 τὸ
3239 1575 3295 1627 δὲ
3349 1574 3615 1644 Σωτὴριόν
3670 1591 3775 1643 μου
3804 1575 3900 1635 είς

2322 1670 2511 1738 γενεὰς
2579 1670 2795 1736 γενεῶν.
2856 1666 3190 1739 Ἐξεγείρου,
3248 1664 3537 1733 ἐξεγείρου,
3618 1665 3899 1733 Ἰερουσα-

674 1784 832 1839 surge
858 1808 873 1828 ,
900 1767 1197 1821 Jerusalem
1226 1806 1239 1826 ,
1271 1777 1326 1819 et
1357 1767 1579 1820 induere
1614 1766 1979 1819 fortitudinem
2014 1766 2212 1819 brachii

2321 1760 2448 1830 λὴμ.
2474 1762 2566 1813 καὶ
2584 1761 2793 1812 ἔνδυσαι
2823 1758 2919 1829 τὴν
2964 1760 3112 1827 ἰσχὺν
3144 1757 3236 1809 τοῦ
3293 1754 3570 1825 βραχίονός
3604 1771 3717 1807 σου.
3770 1750 3899 1818 Ἑξο

674 1862 772 1915 tui.
800 1860 1041 1927 Exsurge
1087 1859 1227 1912 sicut
1253 1859 1304 1911 in
1339 1859 1600 1927 principio
1626 1859 1752 1921 diei,
1781 1860 1919 1912 sicut
1947 1858 2220 1926 generatio

670 1947 873 2005 sreculi.
912 1969 929 2002 ι
967 1951 1077 2004 Hoc
1106 1951 1566 2014 additamentum,
1603 1968 1620 2001 ι
1655 1950 1950 2005 Jerusalem
1978 1990 1992 2013 ,
2032 1970 2051 2003 ι
2084 1961 2140 2004 ιιι
2168 1952 2220 2004 in

672 2041 933 2096 llebraica
976 2041 1203 2095 lectione
1252 2041 1446 2103 fertur,
1496 2042 1547 2096 in
1583 2044 1806 2111 reliquis
1838 2044 2221 2111 interpretibus

673 2149 779 2188 non
820 2144 1124 2203 comparet;
1163 2134 1254 2188 sed
1277 2148 1464 2187 omnes
1492 2135 1567 2188 sic
1595 2135 1876 2188 ediderunt
1909 2154 1922 2187 :
1961 2153 1980 2185 ι
2018 2136 2221 2189 Exsur-

671 2239 757 2293 ge,
790 2238 1040 2292 exsurge,
1066 2225 1287 2279 induere
1320 2225 1702 2287 fortitudinem,
1730 2226 2007 2279 brachium
2042 2226 2220 2279 Domi-

671 2314 748 2369 ni.
784 2333 803 2366 ι
841 2316 1144 2369 Secundum
1176 2331 1363 2371 omnes
1392 2318 1556 2386 igitur
1581 2332 1685 2370 non
1712 2314 2009 2370 Jerusalem
2043 2332 2221 2369 sermo

664 2406 991 2474 compellat,
1024 2407 1118 2460 sed
1148 2407 1427 2460 brachium
1461 2408 1703 2472 Domini;
1734 2408 1859 2462 hinc
1888 2422 2221 2477 consequen-

665 2503 750 2550 ter
775 2511 871 2564 par
897 2506 981 2552 est
1013 2506 1070 2551 ut
1096 2498 1258 2552 etiam
1291 2511 1387 2551 nos
1419 2499 1482 2551 ad
1519 2496 1797 2550 brachium
1839 2498 2088 2561 Domini,
2141 2497 2219 2562 ip—

668 2587 781 2641 sius
834 2588 1042 2642 Domini
1098 2588 1566 2655 compellationem
1615 2587 1956 2650 referamus,
1996 2588 2061 2641 de
2112 2603 2219 2654 quo

669 2678 917 2746 superius
951 2681 1148 2734 dictum
1185 2686 1307 2745 est,
1342 2698 1361 2731 ι
1396 2679 1457 2733 Et
1487 2680 1539 2733 in
1571 2681 1849 2735 brachium
1883 2694 2061 2734 meum
2088 2694 2218 2749 gen-

672 2779 752 2823 tes
771 2771 1081 2838 sperabunt.
1119 2789 1136 2821 ι

734 2881 899 2940 Vens.
933 2885 999 2939 10
1024 2926 1039 2950 ,
1068 2886 1151 2940 lt.
1192 2904 1211 2939 ι
1251 2887 1437 2942 Nonne
1468 2894 1521 2939 tu
1550 2900 1608 2941 es
1633 2927 1649 2952 ,
1682 2900 1800 2956 quae
1835 2885 2103 2940 desertum
2139 2883 2217 2939 fe-

663 2973 784 3028 cisti
820 2991 988 3040 mare,
1021 2992 1187 3045 aquas
1224 2979 1402 3049 abyssi
1431 2978 1668 3033 multas?
1695 2994 1813 3048 qua:
1851 2978 2072 3047 posuisti
2096 2992 2216 3046 pro-

663 3064 883 3121 fundum
917 3070 1083 3122 maris
1112 3070 1250 3122 viam
1284 3072 1546 3125 transitus
1576 3071 1660 3133 iis,
1683 3071 1772 3138 qui
1806 3069 2013 3123 liberati
2043 3080 2096 3122 et
2125 3083 2210 3122 re-

2324 1851 2539 1921 εγείρου
2556 1852 2631 1914 ὡς
2660 1854 2716 1904 ἐν
2757 1851 2897 1921 ἀρχῇ
2940 1848 3171 1919 ἡμέρας,
3206 1847 3280 1909 ὡς
3322 1848 3483 1913 γενεὰ
3521 1845 3730 1907 αἰῶνος.
3758 1863 3777 1896 ι
3820 1845 3896 1897 Ἦ

2325 1940 2629 2011 προσθήκη,
2666 1958 2683 1989 ι
2729 1938 3097 2009 Ἰερουσαλὴμ,
3135 1955 3153 1987 ι
3187 1936 3262 1998 ὡς
3294 1935 3351 1988 ἐν
3379 1938 3445 2005 τῇ
3479 1935 3735 2006 Ἐϐραῑκῇ
3754 1935 3897 1988 ἀνα-

2320 2031 2534 2099 γνώσει,
2569 2030 2690 2083 οὔτε
2741 2032 2799 2083 ἐν
2835 2033 2947 2092 τοῖς
2989 2030 3190 2092 λοιποῖς
3239 2028 3596 2100 ἐρμηνευταῖς
3632 2025 3892 2096 φέρεται,

2322 2122 2453 2175 ἀλλά
2485 2122 2680 2185 πάντες
2707 2120 2878 2183 οὕτως
2901 2119 3195 2183 ἐξέδωκανο
3229 2136 3249 2169 ι
3301 2116 3626 2189 Ἐξεγείρου,
3659 2114 3896 2183 ἐξεγεί-

2322 2233 2435 2287 ρου,
2463 2216 2669 2267 ἔνδυσαι
2697 2216 2913 2285 κράτος,
2954 2213 3189 2284 βραχίων
3228 2212 3454 2281 Κυρίου.
3493 2229 3513 2262 ι
3550 2208 3705 2264 Κατά
3741 2209 3893 2263 πάν-

2320 2322 2416 2368 τας
2443 2306 2619 2359 τοίνυν
2660 2306 2720 2357 οὐ
2762 2308 2827 2375 τῇ
2883 2303 3233 2374 Ἰερουσαλὴμ
3282 2302 3309 2352 ὀ
3355 2302 3509 2371 λόγος
3546 2301 3889 2373 προσφωνεῖ,

2319 2394 2451 2448 ἀλλὰ
2484 2393 2559 2465 τῷ
2598 2393 2836 2464 βραχίονι
2882 2394 3105 2464 Κυρίου*
3161 2393 3447 2447 ἀκόλουθον
3485 2391 3531 2447 δ’
3573 2392 3638 2446 ἀν
3666 2393 3751 2462 εἴη
3787 2394 3892 2446 καὶ

2318 2487 2461 2557 ἡμᾶς
2512 2488 2591 2547 είς
2635 2486 2725 2538 τὸν
2782 2484 3037 2556 βραχίονα
3104 2486 3306 2556 Κυρίου
3358 2486 3459 2557 τὴν
3507 2484 3599 2538 τοῦ
3668 2486 3889 2556 Κυρίου

2320 2575 2696 2646 προσφώνησιν
2724 2575 3028 2645 ἀναφέρειν,
3072 2575 3197 2645 περὶ
3239 2569 3299 2628 οὗ
3344 2574 3594 2646 ἀνωτέρω
3621 2574 3840 2646 εἴρηται
3866 2617 3886 2642 ,

2324 2684 2344 2718 ι
2378 2668 2482 2719 Καὶ
2511 2665 2602 2718 ἐπὶ
2629 2666 2717 2719 τὸν
2749 2664 3002 2737 βραχίονά
3036 2682 3135 2735 μου
3157 2665 3282 2737 ἔθνη
3311 2664 3604 2719 ἐλπιοῦσιν.
3637 2684 3657 2719 ι

2390 2904 2409 2936 ι
2446 2884 2519 2938 Οὐ
2552 2885 2615 2939 σὺ
2646 2880 2747 2956 εἶὴ
2781 2884 3060 2957 ἐρημοῦσα
3103 2883 3392 2948 θάλασσαν,
3438 2884 3581 2957 ὕδωρ
3630 2882 3884 2939 ἀϐύωου

2315 2975 2545 3044 πλῆθος;
2566 2978 2599 3047 ὴ
2622 2976 2771 3029 θεῖσα
2789 2976 2857 3030 τὰ
2880 2976 3015 3045 βάθη
3036 2976 3132 3046 τῆς
3152 2975 3423 3046 θαλάσσης
3444 2975 3556 3034 ὁδὸν
3572 2974 3887 3039 διαϐάσεως

2316 3067 2597 3135 ρυομένοις
2647 3068 2739 3119 καὶ
2792 3067 3248 3139 λελυτρωμένοις;
3320 3066 3454 3120 Ὑπὸ
3496 3066 3602 3136 γὰρ
3658 3066 3880 3137 Κυρίου

662 3155 858 3226 dempti
910 3159 1170 3215 fuerunt?
1213 3163 1257 3215 Α
1303 3163 1529 3215 Domino
1573 3128 1717 3215 enini
1763 3162 2103 3223 reducentur,
2156 3170 2210 3215 et

2312 3128 2841 3229 ἀποστραφήσονται,
2873 3128 2967 3212 καί
2987 3128 3206 3227 ἥξουσιν
3230 3128 3309 3221 είς
3345 3156 3481 3210 Σιὼν
3508 3128 3635 3227 ’μέτ’
3672 3128 3887 3227 εὺςρρο-

661 3248 877 3303 venient
904 3251 956 3304 in
994 3251 1121 3307 Sion
1150 3267 1270 3305 cmn
1304 3251 1483 3306 laetitia
1512 3261 1567 3305 ct
1607 3252 1969 3307 exsultatione
2010 3251 2210 3319 sempi-

661 3348 834 3394 terna.
868 3340 922 3393 lu
948 3343 1123 3411 capite
1149 3346 1288 3397 enim
1315 3359 1499 3398 eorum
1538 3344 1655 3398 laus
1680 3383 1694 3406 ,
1730 3353 1783 3397 et
1809 3343 1988 3397 laetitia
2016 3359 2207 3412 appre-

662 3427 861 3484 hendet
892 3445 985 3486 eos
1029 3450 1043 3487 :
1088 3432 1220 3503 fugit
1254 3436 1408 3489 dolor
1434 3444 1488 3489 et
1521 3449 1740 3498 maeror,
1771 3443 1825 3488 et
1864 3434 2092 3505 gemitus
2126 3456 2138 3490 :
2183 3455 2202 3489 ι

659 3523 877 3589 quando
918 3525 1061 3579 omni
1102 3527 1294 3581 timore
1322 3526 1554 3595 exempti
1583 3564 1598 3590 ,
1636 3540 1743 3580 non
1778 3526 1917 3580 ultra
1963 3525 2211 3583 inimicos

666 3622 724 3665 et
755 3614 1094 3671 adversarios
1117 3617 1557 3672 reformidabunt.

726 3725 890 3783 Vens.
918 3727 1005 3781 12.
1032 3728 1163 3783 Nam
1201 3749 1220 3781 ι
1257 3745 1322 3785 ex
1354 3729 1558 3787 caelesti
1584 3729 1710 3784 Sion
1744 3730 2004 3787 abscessit
2034 3731 2205 3799 dolor,

654 3829 858 3870 maeror
903 3828 956 3873 et
994 3820 1244 3888 gemitus.
1275 3820 1383 3887 Ego
1417 3837 1556 3889 sum,
1590 3835 1689 3891 ego
1713 3837 1850 3887 sum,
1890 3823 1980 3892 qui
2014 3836 2209 3879 conso-

656 3906 737 3961 lor
794 3918 863 3963 te.
919 3909 1068 3965 Scito
1114 3926 1233 3980 qua:
1288 3910 1493 3979 fueris,
1540 3921 1594 3967 et
1625 3912 1870 3967 timueris
1898 3913 1963 3968 ab
1991 3914 2208 3969 homine

659 3998 894 4060 mortali,
919 4008 973 4053 et
1000 4014 1030 4053 ιι
1065 4000 1174 4053 ﬁlio
1206 4002 1456 4064 hominis,
1486 4004 1573 4072 qui
1601 4003 1753 4073 quasi
1782 4003 1961 4058 fenum
1985 4005 2206 4075 arefacti

658 4097 805 4145 Iunt.
842 4108 859 4139 ι
891 4088 1010 4159 ipse
1034 4107 1262 4161 namque
1291 4103 1376 4147 est
1401 4095 1706 4162 propitiatio
1736 4104 1941 4160 nostra,
1971 4098 2061 4166 qui
2086 4111 2210 4150 con-

588 4184 591 4187 '
659 4178 869 4233 solatur
912 4182 1157 4238 humiles.
1209 4183 1287 4237 'fu
1319 4185 1463 4239 enim
1511 4184 1575 4238 ad
1630 4186 1919 4255 imaginem
1954 4201 2129 4240 meam
2174 4200 2204 4239 a

656 4286 745 4327 me
768 4272 928 4333 facta,
962 4280 1196 4329 maximo
1226 4277 1420 4330 donata
1453 4291 1510 4330 es
1542 4276 1766 4340 honore,
1796 4277 1936 4334 quod
1969 4292 2052 4330 me
2080 4291 2205 4330 con-

652 4361 943 4419 solatorem
973 4366 1197 4421 haberes
1234 4382 1608 4438 :quapropter
1636 4371 1778 4436 dico,
1837 4389 1856 4422 ι
1906 4368 2019 4439 Ego
2058 4386 2197 4432 sum,

2313 3247 2475 3319 σύνης
2508 3249 2599 3302 καὶ
2626 3248 3021 3319 ἀγαλλιάματος
3050 3248 3286 3301 αἰωνίου.
3342 3247 3462 3300 Ἐπὶ
3495 3246 3731 3317 κεφαλῆς
3756 3248 3886 3319 γὰρ

2308 3338 2487 3391 αὐτῶν
2518 3339 2740 3401 αἴνεσις,
2775 3339 2868 3391 καὶ
2893 3335 3193 3407 εὐφροσύνη
3233 3335 3596 3406 καταλήψεται
3634 3334 3837 3399 αὐτούς
3858 3352 3879 3367 θ

2309 3428 2518 3499 ἀπέδρα
2559 3428 2716 3497 ὀδύνη
2765 3428 2858 3481 καὶ
2883 3427 3047 3498 λύπη,
3075 3428 3167 3481 καὶ
3207 3426 3567 3496 στεναγμόςοι
3602 3427 3687 3479 ὅτε
3732 3426 3833 3478 καὶ
3856 3467 3877 3489 ,

2310 3519 2508 3580 παντὸς
2554 3517 2721 3586 φόϐου
2764 3518 2921 3581 ἐκτὸς
2978 3517 3289 3588 γενόμενοι,
3342 3516 3522 3570 οὐκέτι
3574 3515 3881 3588 πολεμίους

2306 3609 2427 3663 οὐδὲ
2455 3608 2677 3681 ἐχθροὺς
2704 3608 3043 3678 φοϐήσονται.

2382 3759 2401 3792 ‹
2447 3742 2537 3794 Ἐν
2574 3759 2592 3793 ι
2626 3739 2733 3810 γὰρ
2769 3759 2788 3792 ι
2820 3742 2886 3811 τῇ
2930 3740 3232 3811 ἐπουρανίῳ
3273 3738 3409 3794 Σιὼν
3457 3740 3667 3812 ἀπέδρα
3700 3738 3875 3813 ὀδύνη

2308 3832 2402 3885 καὶ
2436 3830 2601 3903 λύπη,
2654 3833 2747 3885 καὶ
2805 3833 3116 3902 στεναγμός.
3176 3832 3314 3902 Ἐγώ
3356 3835 3490 3903 εἰμι,
3528 3833 3637 3900 ἐγώ
3665 3834 3797 3904 είμι,
3840 3836 3877 3888 ὁ

2308 3920 2636 3992 παρακαλῶν
2673 3938 2753 3974 σε.
2787 3922 2956 3975 Γνῶθι
3004 3924 3089 3987 τίς
3127 3919 3281 3987 οὖσα,
3322 3923 3591 3996 ἐφοϐήθης
3629 3925 3734 3978 ἀπὸ
3762 3926 3876 3978 ἀν-

2307 4009 2523 4082 θρώπου
2571 4010 2785 4081 θνητοῦ,
2838 4013 2931 4065 καὶ⁵
2979 4012 3088 4066 ἀπὸ
3130 4014 3246 4067 υἱοῦ
3298 4013 3604 4086 ἀνθρώπου,
3648 4016 3697 4070 οἶ
3726 4016 3873 4071 ὡσεὶ

2305 4100 2495 4171 χόρτος
2524 4101 2912 4172 ἐξηράνθησαν.
2953 4120 2971 4153 ι
3012 4102 3183 4166 Αὐτὸς
3228 4104 3335 4175 γάρ
3376 4106 3523 4158 ἐστιν
3569 4106 3597 4158 ὀ
3640 4106 3873 4176 ίλασμὸς

2304 4190 2479 4260 ήμῶν,
2508 4192 2601 4245 καὶ
2622 4195 2651 4245 ὀ
2676 4193 3004 4264 παρακαλῶν
3028 4196 3153 4258 τοὺς
3174 4195 3474 4259 ταπεινούς.
3509 4197 3582 4251 Σὺ
3624 4196 3721 4268 μὲν
3750 4197 3871 4270 γὰρ

2304 4282 2423 4335 κατ’
2445 4282 2625 4335 εἰκόνα
2652 4284 2912 4354 γενομένη
2955 4287 3082 4353 παρ’
3122 4285 3278 4355 ἐμοῦ,
3333 4287 3592 4358 μεγίστης
3629 4288 3869 4357 ἠξίωσαι

2303 4373 2487 4445 τιμῆς,
2509 4373 2585 4438 ὡς
2612 4374 3040 4446 παρακαλεῖσθαι
3073 4376 3165 4429 ὑπ’
3199 4376 3351 4447 ἐμοῦ·
3378 4377 3457 4431 διό
3479 4395 3640 4450 φημι,
3664 4397 3681 4430 ι
3718 4379 3869 4446 Ἐγώ

653 4455 745 4521 qui
769 4456 1017 4511 consolor
1047 4467 1149 4512 te.»
1181 4458 1372 4529 lgn'oro
1405 4469 1581 4513 autem
1613 4476 1720 4529 quo
1752 4471 1937 4530 pacto,
1971 4461 2200 4531 dignita-

2312 4464 2414 4532 ειμι
2445 4465 2473 4516 ὁ
2500 4464 2828 4534 παρακαλῶν
2862 4483 2940 4518 σε.
2986 4484 3003 4516 ι
3048 4467 3161 4519 Οὐκ
3197 4463 3310 4520 οἶδα
3341 4467 3396 4521 δὲ
3434 4468 3582 4532 ὅπως
3610 4468 3866 4523 ἐπιλαθο-

652 4544 725 4598 tis
776 4545 1057 4601 immemor
1107 4559 1250 4613 tute,
1307 4549 1579 4605 formidini
1633 4561 1686 4606 et
1724 4553 1917 4607 terrori
1962 4554 2200 4623 subjecta

655 4633 843 4689 fueris.
880 4636 1004 4692 Hrec
1034 4654 1194 4708 porro
1217 4642 1346 4696 dicit
1368 4644 1518 4711 quasi
1552 4643 1930 4698 formidolosos
1973 4652 2027 4696 et
2054 4643 2202 4698 infir-

654 4728 875 4792 ntiores,
899 4731 988 4799 qui
1033 4732 1082 4784 in
1126 4732 1361 4787 Ecclesia
1393 4745 1540 4800 sunt,
1572 4734 1850 4803 alloquens
1884 4752 1899 4789 :
1928 4750 2049 4788 nam
2080 4752 2203 4805 per-

648 4816 801 4885 fecti,
849 4832 901 4873 et
933 4822 1024 4891 qui
1074 4825 1315 4893 martyrii
1343 4839 1538 4878 corona
1587 4827 1833 4881 exornati
1887 4835 2052 4889 sunt,
2084 4828 2200 4897 ejus

649 4921 772 4965 sunt
812 4913 1032 4983 gloriam
1073 4917 1370 4971 consecuti.
1419 4917 1691 4987 Siquidem
1723 4934 1842 4975 cum
1889 4936 1985 4989 par
2014 4921 2200 4979 fuisset

651 5011 702 5055 te
730 5016 871 5056 metu
905 5013 959 5059 ει
985 5008 1340 5061 commotione
1378 5022 1598 5062 vacuum
1628 5024 1864 5076 manere,
1894 5021 2078 5079 utpote
2106 5030 2199 5083 ρο-

647 5095 831 5160 puium
857 5113 1052 5164 meum,
1084 5099 1148 5153 ad
1180 5100 1337 5153 finem
1372 5102 1738 5168 corruptibilis
1770 5103 2045 5156 hominum
2078 5105 2198 5160 \itm

645 5187 1057 5255 respicientem;
1110 5202 1273 5260 atque
1323 5192 1539 5245 eosdem
1575 5193 1719 5259 ipsos
1747 5232 1761 5257 ,
1801 5208 1935 5262 quos
1968 5195 2197 5249 extime-

644 5282 831 5335 scebas
856 5321 872 5345 ,
915 5297 944 5335 a
975 5282 1153 5339 futura
1182 5286 1422 5355 pernicie
1455 5286 1719 5353 eximere;
1752 5295 1806 5340 tu
1841 5298 2053 5344 contra.
2078 5288 2195 5344 illos

646 5371 1012 5441 reformidans,

713 5526 874 5582 Vens.
900 5528 985 5583 15.
1026 5548 1046 5580 ι
1101 5529 1313 5587 Oblitus
1347 5547 1404 5587 es
1435 5532 1557 5600 Dei,
1588 5533 1679 5603 qui
1729 5534 1853 5590 fecit
1878 5543 1951 5603 te,
1986 5552 2078 5606 qu.
2107 5537 2187 5592 fe-

642 5616 715 5669 cit
739 5617 948 5679 coelum,
982 5622 1075 5688 qtti
1122 5621 1367 5677 fundavit
1401 5636 1599 5678 terram
1633 5643 1647 5681 :
1675 5635 1729 5680 et
1764 5628 1987 5683 timuisti
2039 5644 2180 5684 sein-

643 5722 740 5777 ρει·
783 5710 1031 5770 omnibus
1074 5714 1259 5771 diebus
1306 5714 1498 5775 faciem
1548 5717 1640 5774 ira:
1688 5720 1993 5778 tribulantis
2044 5730 2114 5778 te.
2159 5743 2178 5775 ι

2295 5277 2487 5339 αὐτοὺς
2504 5317 2517 5339 ,
2580 5276 2673 5340 οὓς

2295 5367 2487 5439 δήθης.

2306 4554 2438 4625 μένη
2462 4556 2561 4625 τῆς
2598 4556 2801 4625 σαυτῆς
2832 4557 3007 4622 ἀξίας,
3045 4557 3213 4628 δειλίᾳ
3254 4559 3498 4630 tamen;
3531 4562 3623 4614 καὶ
3660 4560 3868 4631 ἐφοϐή-

2302 4644 2417 4716 θης.
2446 4647 2607 4714 Λέγει
2629 4646 2685 4699 δὲ
2716 4647 2887 4700 ταῦτα
2931 4647 3006 4709 ὼς
3054 4648 3187 4718 πρὸς
3225 4648 3351 4712 τοὺς
3391 4648 3715 4719 δειλοτέρους
3759 4651 3865 4705 καὶ

2300 4734 2713 4807 ἀσθενεστέρους
2739 4737 2839 4805 τῆς
2898 4735 3249 4807 Ἐκκλησίας’
3302 4738 3349 4790 oi
3391 4735 3500 4809 γὰρ
3540 4737 3862 4791 τελειωθέν-

2297 4844 2407 4891 τες,
2436 4829 2529 4881 καὶ
2563 4832 2673 4891 τοῖς
2701 4832 2757 4881 ἐν
2787 4827 3063 4898 μαρτυρίῳ
3094 4828 3375 4897 στεφάνοις
3415 4828 3864 4899 κατακοσμηθέν-

2297 4935 2406 4981 τες,
2432 4918 2618 4988 ἔτυχον
2654 4920 2752 4988 τῆς
2785 4917 2913 4988 παρ’
2941 4917 3100 4971 αὑτοῦ
3142 4917 3317 4986 δόξης.
3351 4918 3477 4971 Δέον
3507 4917 3615 4989 γὰρ
3654 4918 3861 4987 ἄφοϐὂν

2300 5025 2358 5060 σε
2384 5009 2475 5061 καὶ
2500 5010 2766 5078 ἀτάραχον
2785 5008 3076 5077 διαμένειν,
3098 5008 3174 5071 ὡς
3193 5008 3257 5062 ἂν
3283 5007 3413 5077 ἐμὸν
3441 5008 3569 5061 ὄντα
3598 5007 3744 5071 λαὸν,
3771 5011 3861 5073 εἰς

2297 5099 2355 5150 τὸ
2379 5099 2527 5162 τέλος
2574 5099 2858 5169 ἀφορῶντα
2878 5101 2971 5167 τῆς
3000 5098 3240 5170 φθαρτῆς
3268 5099 3393 5153 τῶν·
3412 5096 3708 5168 ἀνθρώπων
3749 5100 3862 5167 φύ-

2298 5204 2454 5252 σεως,
2485 5191 2576 5242 καὶ
2603 5188 2695 5253 τοῦ
2732 5189 3009 5257 μέλλοντος
3031 5188 3249 5259 ὀλέθρου
3274 5188 3609 5255 διαδέξασθαι
3629 5188 3858 5254 τούτους

2730 5278 3024 5348 ὲεξοϐήθης·
3084 5278 3149 5330 σὺ
3206 5277 3262 5330 δὲ
3305 5277 3524 5341 τούτους
3573 5278 3669 5347 μὲν
3718 5278 3856 5347 ἐτο-

2365 5563 2383 5594 ι
2423 5542 2711 5597 Ἐπελάθου
2743 5542 2799 5596 δὲ
2832 5544 2963 5598 Θεὸν
2995 5545 3082 5599 τὸν
3115 5544 3415 5617 ποιήσαπά
3449 5562 3529 5612 σε,
3564 5545 3656 5600 τὸν
3686 5547 3851 5617 ποιή-

2294 5649 2459 5686 σαντα
2489 5633 2579 5686 τὸν
2608 5634 2829 5704 οὐρανὸν
2871 5636 2961 5687 καὶ
2995 5634 3392 5704 θεμελιώσαντα
3431 5636 3530 5706 τὴν
3574 5635 3703 5706 γῆν·
3752 5637 3852 5690 καὶ

2292 5723 2481 5791 ἐφοϐοῦ
2508 5724 2592 5777 ἀεὶ
2626 5722 2802 5788 πάσας
2830 5724 2927 5789 τὰς
2953 5723 3164 5796 ἡμέρας
3206 5724 3265 5779 τὸ
3301 5724 3585 5798 πρόσωπον
3623 5723 3712 5780 τοῦ
3751 5725 3851 5779 θυ-
