4128 6294
211 341 313 396 ιω

1212 327 1716 387 (ΣΟΜΜΕΝΤΛΒΙΑ
1756 327 1822 381 ΙΝ
1865 325 2123 382 lSAlAM.
2166 358 2233 369 -—-
2267 327 2420 383 CAP.
2463 327 2547 382 Li.

3386 320 3494 377 £50

215 455 313 528 μοῦ
342 455 440 508 τοῦ
474 453 760 516 θλίϐοντός
785 469 864 504 σε.
911 469 928 501 ι
965 449 1054 501 Διὸ
1095 448 1188 502 καὶ
1228 449 1352 508 τοὺς
1384 445 1526 498 κατὰ
1555 445 1654 514 τῆς
1696 445 1807 496 Ἐκ-

1923 443 2046 497 Ideo
2080 445 2146 496 ad
2205 443 2580 512 probationem
2626 437 2954 493 athletarum
3008 451 3252 491 meorum
3307 452 3492 506 perse-

211 547 444 617 κλησίας
479 548 588 616 τῆς
624 545 758 615 ἐμῆς
799 543 1073 610 διωγμοὺς
1124 541 1203 600 εἰς
1245 538 1475 606 δοκιμὴν
1519 536 1628 590 τῶν
1659 536 1807 606 ἐμῶν

210 637 462 708 ἀθλητῶν
497 637 708 705 ἀφίημι
744 634 838 687 καὶ
858 631 1124 702 συγχωρῶ
1154 628 1419 697 γίνεσθαι.

284 749 302 782 ι
351 733 451 783 "Ov
484 730 694 799 τρόπον
731 727 838 797 γάρ
879 724 1232 777 ἐϐουλεύσατο
1279 721 1373 773 τοῦ
1418 717 1548 792 ἆραι
1586 737 1665 781 σε,
1714 720 1808 772 καὶ

210 823 302 875 νῦν
337 822 446 874 ποῦ
481 823 511 872 ό
547 819 721 890 θυμὸς
751 818 843 870 τοῦ
871 815 1140 878 θλίϐοντός
1186 830 1279 877 σε;
1328 814 1415 865 Ἑν
1449 813 1554 881 γάρ
1587 811 1664 880 τῷ
1700 811 1807 863 σώ-

212 915 396 981 ζεσθαί
429 931 518 976 σε,
551 913 615 964 οὗ
650 913 922 981 στήσεται,
955 909 1072 961 οὐδὲ
1105 911 1329 976 motus?
1368 907 1448 958 ὅτι
1489 904 1598 972 ἐγὼ
1625 907 1651 955 6
1675 903 1808 965 Θεός

215 1025 328 1068 σου,
361 1010 390 1058 6
413 1005 714 1074 ταράσσων
737 1004 833 1072 τὴν
861 1002 1156 1061 θάλασσαν,
1195 999 1288 1050 καὶ
1320 997 1465 1067 ἠχῶν
1497 996 1565 1048 τὰ
1588 995 1808 1064 κύματα

213 1100 400 1167 αὐτῆς,
426 1095 642 1166 Κύριος
679 1093 902 1146 Σαϐαὼθ
930 1091 1100 1160 ὄνομά
1138 1109 1246 1160 μοι.
1276 1091 1438 1160 Θησω
1462 1091 1587 1152 τοὺς
1619 1089 1808 1156 λόγους

216 1207 313 1261 μου
344 1191 427 1251 εἰς
463 1189 530 1240 τὸ
553 1186 732 1256 στόμα
761 1202 875 1245 σου,
909 1184 1002 1236 καὶ
1033 1184 1136 1234 ὑπὸ
1158 1183 1254 1250 τὴν
1290 1183 1448 1234 σκιάν
1478 1183 1577 1251 τῆς
1624 1179 1808 1249 χειρός

217 1299 312 1352 μου
351 1281 623 1332 σκεπάσω
659 1295 738 1338 σε,
769 1279 824 1328 ὲν
925 1275 1127 1344 ἐστησα
1153 1274 1242 1325 τὸν
1280 1273 1505 1344 οὐρανὸν
1549 1272 1643 1324 καὶ⁵
1692 1271 1808 1323 ὲθε·

217 1373 458 1442 μελίωσα
492 1372 598 1442 τὴν
629 1372 752 1440 γῆν.
800 1387 817 1418 ι
870 1367 956 1428 Ὠς
989 1363 1054 1418 ἂν
1087 1367 1158 1435 μή
1193 1382 1246 1416 τι
1281 1364 1471 1424 πάθοις
1510 1363 1618 1415 τῶν
1652 1364 1806 1414 ἐναν-

212 1464 338 1515 τίων
369 1462 480 1514 ὑπὸ
514 1460 627 1512 τῶν
650 1456 1046 1527 πολεμούντων,
1084 1455 1172 1506 ἵνα
1193 1455 1249 1506 δὲ
1280 1455 1358 1506 ἑτι
1384 1453 1578 1524 μᾶλλον
1606 1452 1809 1522 θαρσα-

213 1551 306 1604 λέα
344 1551 485 1620 γένῃ
522 1549 618 1602 καὶ
636 1546 897 1617 ἁτρεμὴς,
931 1545 1024 1597 καὶ
1057 1543 1326 1606 ἄπτωτος,
1363 1543 1616 1611 μάνθανε,
1651 1543 1724 1603 ὡς
1749 1543 1807 1593 ἐν

215 1643 406 1712 τῇὲμῇ
446 1640 621 1710 χειρὶ,
661 1634 782 1710 ἐ.νῇ
824 1637 1026 1703 ἕστησα
1067 1635 1157 1687 τὸν
1205 1635 1430 1706 οὐρανὸν
1478 1634 1572 1686 καὶ
1612 1634 1806 1702 ἐθεμε-

215 1731 383 1784 λίωσα
413 1732 521 1801 τὴν
557 1731 680 1799 γῆν,
711 1728 804 1780 καὶ
835 1728 925 1780 τὸν
953 1726 1244 1796 σύμπαντα
1271 1725 1471 1794 κόσμον
1506 1727 1568 1776 ἐκ
1602 1723 1697 1776 τοῦ
1731 1723 1804 1793 μὴ

215 1822 364 1885 δντος
391 1825 474 1883 εἰς
513 1822 577 1873 τὸ
609 1817 746 1872 εἶναι
777 1820 1116 1890 παρήγαγον,
1149 1819 1206 1869 ὲν
1233 1815 1401 1886 ταύτῃ
1431 1816 1724 1868 σκεπάσειν
1746 1831 1806 1865 σε

216 1914 654 1984 ἐπαγγέλλομαι.
693 1912 756 1964 Τί
777 1909 868 1963 οῦν
902 1910 1006 1980 χρὴ
1047 1909 1284 1979 ἀγωνιᾷν
1325 1909 1357 1976 ἢ
1392 1907 1672 1976 φοϐεῖσθαι
1716 1905 1810 1973 φό-

217 2005 308 2058 δον
353 2003 722 2074 ἀνθρώπινον,
774 2001 891 2055 δέον
940 2000 1260 2070 ὑποτρέχειν
1297 1999 1392 2069 τὴν
1445 1999 1582 2069 ἐμὴν
1629 1999 1805 2063 σκιάν,

222 2097 356 2167 μηδὲ
383 2097 695 2166 ἀναχωρεῖν
721 2094 909 2163 αὐτῆς,
955 2091 1090 2145 ἀλλὰ
1144 2091 1238 2144 καὶ
1288 2091 1415 2153 τοῦς
1462 2089 1653 2158 λόγους
1706 2107 1808 2160 μου

219 2191 452 2244 πάντοτε
479 2189 666 2258 φέρειν
689 2185 776 2239 διὰ
800 2186 1062 2255 στόματος
1087 2202 1101 2250 ἓ

295 2301 313 2333 ι
352 2282 468 2334 Καὶ
497 2283 614 2350 ὲρεῖ
645 2279 803 2342 Σιὼν,
832 2278 973 2340 Λαός
1000 2294 1100 2348 μου
1123 2269 1173 2328 εἴ
1206 2275 1289 2328 σύ.
1335 2273 1642 2345 Ἕξεγείρου
1671 2314 1686 2338 ,
1724 2276 1810 2340 ἐξ·

220 2375 464 2444 εγείρου,
504 2371 790 2442 ἀνάστηθι,
829 2369 1205 2440 Ἰερουσαλὴμ,
1242 2367 1500 2438 ηπιοῦσα
1524 2368 1588 2420 ἐκ
1628 2368 1810 2438 χειρὸς

221 2467 427 2538 Κυρίου
475 2465 540 2517 τὺ
564 2465 820 2535 ποτήριον
862 2462 954 2516 τοῦ
996 2461 1168 2532 θυμοῦ
1199 2460 1391 2512 αὐτοῦ’
1442 2460 1501 2513 τὸ
1551 2461 1808 2530 ποτήριον

221 2560 327 2628 γὰρ
359 2559 464 2627 τῆς
506 2556 780 2620 πτώσεως,
815 2555 877 2608 τὸ
911 2554 1066 2607 κόνδυ
1105 2551 1198 2606 τοῦ
1246 2551 1416 2622 Θυμοῦ
1461 2551 1669 2615 ἐξέπιες
1715 2550 1809 2604 καὶ

224 2649 587 2713 ἒξεκένωσας.
618 2668 636 2700 ι
669 2649 852 2700 Ἔοικε
883 2645 1168 2717 σημαίνειν
1195 2645 1282 2697 διὰ
1308 2643 1508 2696 τούτων
1527 2642 1624 2712 τὴν
1650 2641 1810 2710 ἐσχά-

223 2758 320 2812 την
354 2742 533 2810 αὐτῆς
565 2739 792 2803 πτῶσιν,
823 2739 889 2808 ἣν
922 2736 1156 2789 πέπονθε
1193 2735 1329 2806 μετὰ
1371 2735 1439 2786 τά
1470 2732 1809 2804 τολμηθέντα

226 2835 282 2885 ὲν
315 2836 454 2904 αὐτῇ
481 2832 621 2886 κατὰ
645 2830 739 2884 τοῦ
767 2831 1016 2900 Σωτῆρος
1051 2829 1205 2899 ἡμῶν
1227 2847 1238 2858 ’
1271 2828 1350 2880 διὸ
1386 2827 1480 2879 καὶ
1513 2826 1610 2894 τῆς
1640 2825 1807 2895 ὀργῆς

225 2925 315 2977 τοῦ
345 2925 486 2978 Θεοῦ
521 2923 804 2994 ἐπειράθη.
831 2920 1076 2993 Χρηστὸς
1109 2919 1163 2971 δὲ
1193 2918 1268 2971 ῶν
1313 2920 1340 2970 ὀ
1382 2919 1537 2984 λόγος
1564 2917 1657 2969 καὶ
1690 2917 1809 2985 φιλ-

227 3017 550 3088 άνθρωπος,
619 3016 714 3067 καὶ
779 3015 853 3085 μὴ
925 3012 1243 3082 βουλόμενος
1289 3009 1380 3062 τὸν
1433 3010 1660 3062 θάνατον
1711 3008 1805 3061 τοῦ

1914 537 2161 589 cutiones
2225 546 2412 591 contra
2477 531 2780 588 Ecclesiam
2845 544 3022 584 meam
3081 529 3310 584 excitari
3360 545 3490 599 pcr-

1913 627 2089 680 mitto.

1982 717 2149 772 Vens.
2186 719 2276 781 Η,
2309 718 2396 773 16.
2433 737 2450 767 ι
2489 717 2642 771 STcut
2674 713 2820 768 enim
2857 714 3116 782 cogitavit
3158 714 3347 768 tollere
3401 723 3490 778 ιο,

1909 819 1960 862 ct
1995 825 2134 864 nunc
2159 810 2242 863 ubi
2271 822 2353 864 est
2381 809 2531 862 furor
2555 806 2867 861 tribulantis
2888 807 2972 860 te?
2994 805 3127 860 Cum
3148 807 3294 860 enim
3314 807 3495 859 salva-

1911 902 2080 964 hcris,
2115 917 2220 955 non
2256 902 2460 966 stabit,
2488 913 2662 968 neque
2687 899 2776 952 diu
2806 899 3141 967 permanebit
3176 917 3188 952 :
3228 901 3353 967 quia
3390 913 3495 966 ego

1912 995 2052 1047 Deus
2090 1005 2232 1056 llllls,
2266 996 2357 1062 qui
2403 993 2670 1047 conturbo
2705 1006 2876 1055 mare,
2901 1001 2955 1044 et
3002 1006 3197 1044 sonare
3225 990 3365 1044 facio
3393 989 3494 1042 flu-

1909 1095 2029 1139 ctus
2057 1086 2174 1154 ejus
2208 1125 2223 1148 ,
2258 1086 2514 1140 Dominus
2567 1084 2808 1139 Sabaoth
2853 1099 3046 1137 nomen
3082 1083 3236 1137 mihi.
3289 1082 3492 1136 Ponam

1908 1181 2071 1231 verba
2106 1194 2224 1232 mea
2279 1180 2331 1232 in
2367 1193 2464 1232 ore
2495 1186 2586 1229 tuo
2610 1215 2625 1238 ,
2660 1184 2716 1230 et
2749 1175 2849 1228 sub
2880 1174 3069 1228 umbra
3108 1189 3304 1228 manus
3356 1189 3494 1228 mea:

1908 1280 2185 1340 prOIegam
2226 1280 2297 1332 te,
2337 1270 2390 1323 in
2421 1285 2525 1337 qua
2558 1269 2722 1323 statui
2751 1268 2949 1322 malum
2977 1307 2992 1330 ,
3025 1278 3081 1322 et
3111 1266 3332 1320 fundavi
3386 1275 3496 1321 ter-

1910 1377 2046 1414 ram.
2083 1380 2102 1411 ι
2144 1360 2220 1414 Ne
2253 1360 2383 1429 quid
2416 1361 2628 1414 adversi
2658 1360 2884 1430 patiaris
2912 1359 2980 1412 ab
3012 1359 3446 1428 oppugnantibus
3473 1401 3492 1427 ,

1911 1455 2018 1508 imo
2047 1464 2104 1508 nt
2134 1454 2514 1517 confidentior,
2541 1453 2905 1522 imperterrita
2935 1462 2989 1506 et
3023 1453 3346 1506 inconcussa
3373 1468 3494 1519 per-

1910 1559 2054 1610 stes,
2092 1547 2273 1600 discas
2310 1560 2395 1600 me
2427 1561 2590 1600 manu
2628 1559 2744 1599 mea
2773 1585 2788 1609 ,
2823 1558 2928 1611 qua
2979 1542 3144 1595 statui
3186 1543 3383 1596 malum
3440 1553 3495 1599 et

1908 1640 2126 1695 fundavi
2163 1652 2365 1694 terram
2399 1679 2414 1704 ,
2465 1650 2518 1693 et
2549 1638 2863 1693 universum
2909 1638 3166 1690 muluium
3203 1650 3270 1689 ex
3319 1636 3491 1692 nihilo

1910 1732 1973 1784 ad
2012 1731 2383 1786 exsistentiam
2416 1731 2668 1800 produxi,
2694 1742 2747 1785 te
2777 1737 3148 1798 protecturum
3177 1743 3298 1784 esse
3334 1730 3492 1799 polli-

1909 1823 2041 1878 ceri.
2078 1823 2215 1889 Quid
2248 1837 2377 1892 ergo
2429 1823 2647 1892 angeris
2676 1862 2691 1886 ,
2729 1831 2823 1875 aut
2871 1821 3147 1876 hominum
3201 1823 3493 1881 formidine

1908 1917 2210 1984 occuparis,
2241 1932 2364 1970 cum
2408 1917 2474 1970 ad
2506 1916 2752 1969 umbram
2792 1930 2966 1969 meam
3001 1916 3296 1986 confugere
3320 1956 3334 1980 ,
3390 1933 3491 1972 nec

1912 2009 1978 2062 ab
2011 2023 2071 2061 ea
2102 2010 2356 2063 recedere
2381 2018 2651 2078 oporteat,
2672 2020 2834 2078 atque
2863 2023 3144 2063 sermones
3179 2025 3328 2065 meos
3350 2027 3491 2066 scm-

1911 2115 2008 2171 per
2039 2102 2090 2154 in
2126 2116 2221 2155 ore
2249 2103 2391 2155 ferre
2418 2116 2554 2170 opus
2581 2102 2650 2155 sit
2677 2099 2700 2153 ?

1980 2277 2144 2331 Vsus.
2191 2277 2275 2330 ΓΙ.
2313 2295 2330 2328 ι
2371 2278 2434 2331 Ει
2469 2279 2613 2333 dicct
2667 2279 2822 2340 Sion,
2864 2280 3098 2350 Populus
3128 2298 3279 2338 meus
3316 2299 3376 2339 es
3405 2293 3484 2342 tu.

1910 2369 2189 2434 Excitare,
2219 2371 2481 2435 excitare,
2507 2387 2762 2440 exsurge,
2797 2372 3121 2437 Jerusalem,
3150 2389 3271 2443 quae
3299 2377 3484 2431 bibisti

1909 2462 1976 2514 de
1997 2477 2162 2514 manu
2193 2461 2404 2516 Domini
2439 2465 2660 2517 calicem
2689 2464 2888 2516 furoris
2911 2465 3024 2532 ejus
3059 2488 3067 2519 :
3096 2467 3316 2520 Calicem
3339 2468 3486 2522 enim

1911 2554 2081 2606 ruinae
2109 2594 2123 2616 ,
2159 2564 2213 2608 et
2257 2555 2506 2623 poculum
2554 2554 2754 2609 furoris
2787 2555 2903 2622 ejus
2931 2557 3146 2611 ebibiin
3179 2568 3234 2612 et
3259 2575 3490 2614 evacua-

1910 2647 2000 2700 Sli.
2038 2665 2056 2698 ι
2090 2645 2183 2701 llis
2205 2647 2417 2700 videtur
2447 2649 2758 2716 significare
2781 2660 3081 2702 extremam
3111 2650 3227 2716 ejus
3249 2651 3482 2714 ruinam,

1909 2753 2070 2806 quam
2121 2747 2240 2808 post
2291 2748 2597 2808 perpetrata
2647 2738 2847 2792 ibidem
2902 2748 3095 2793 c0ntra
3145 2739 3483 2794 Salvatoreut

1911 2840 2150 2884 nostrum
2185 2831 2421 2884 facinora
2461 2845 2714 2900 perpessa
2743 2841 2828 2884 est
2857 2850 2869 2883 :
2900 2847 3070 2899 quare
3109 2831 3244 2884 iram
3281 2831 3370 2885 Dei
3391 2846 3487 2884 ex-

1910 2930 2056 2990 pcrta
2083 2931 2182 2975 est.
2207 2922 2337 2975 Cum
2356 2930 2530 2975 autem
2555 2922 2640 2976 hic
2661 2937 2838 2976 sermo
2858 2923 2968 2992 (40)
2992 2924 3400 2977 mansuetudine
3431 2934 3488 2978 et

1911 3014 2248 3066 humanitate
2291 3013 2482 3082 plenus
2528 3013 2638 3078 sit,
2683 3029 2857 3082 neque
2905 3015 3030 3069 velit
3081 3014 3223 3069 Dens
3255 3027 3486 3072 mortem

229 3105 578 3180 ἁμαρτωλοῦ,
624 3107 699 3169 ὼς
720 3106 818 3175 τὴν
857 3104 1142 3176 μετάνοιαν
1184 3103 1369 3167 αὐτοῦ,
1425 3104 1674 3173 παραινεί
1712 3100 1807 3152 αὐ-

1911 3105 2207 3174 peccatoris
2233 3145 2246 3164 .
2283 3106 2424 3159 sicut
2477 3106 2851 3173 pmniteutiam
2887 3105 3023 3172 ejus,
3059 3107 3306 3160 hortatur
3342 3109 3488 3177 ipsos

228 3202 336 3262 τοῖς
362 3199 614 3252 σπεύδειν
645 3200 723 3261 είς
763 3197 1070 3268 μετάνοιαν,
1104 3197 1434 3266 ὑπογράφων
1481 3193 1690 3261 ἀγαθάς
1723 3193 1808 3245 ὲλο

229 3289 385 3353 πίδας
413 3293 460 3342 εἱ
490 3289 888 3359 μετανοήσειεν.
937 3288 1143 3339 Οὐκοῦν
1194 3288 1546 3357 Ἰερουσαλήμ
1584 3288 1731 3338 ἐστιν
1771 3287 1804 3355 ἡ

231 3382 435 3434 πιοῦσα
462 3383 522 3434 τὸ
556 3381 811 3452 ποτήριον
843 3380 942 3448 τῆς
964 3381 1151 3450 ὀργῆς.
1192 3381 1301 3433 Καὶ
1335 3380 1481 3430 ἔστιν
1515 3378 1672 3448 ἑτέρα
1713 3378 1808 3428 ’ἰε-

237 3472 537 3542 ρουσαλὴμ,
580 3472 708 3542 περὶ
739 3466 806 3542 ἦς
835 3469 904 3522 τά
937 3470 1168 3539 μάλιστα
1207 3469 1470 3532 θεσπίζει.
1523 3471 1719 3537 Διόπερ
1745 3470 1806 3520 οὐ

233 3563 336 3635 χρὴ
371 3563 709 3632 συγχεῖσθαι,
757 3562 876 3615 οὐδὲ
909 3561 1146 3631 νομίζειν
1193 3562 1320 3631 περὶ
1371 3561 1468 3631 τῆς
1516 3563 1686 3631 αὐτῆς
1725 3560 1808 3612 λέ-

233 3656 445 3723 γεσθαι,
477 3655 595 3708 οὐδὲ
621 3655 853 3708 ἐναντία.
893 3654 956 3706 Ἦ
992 3653 1090 3724 μὲν
1132 3653 1238 3724 γάρ
1282 3655 1428 3705 ἐστιν
1466 3654 1522 3704 ὲν
1568 3653 1805 3724 οὐρανῷ,

230 3744 296 3818 ἧς
326 3749 424 3801 καὶ
454 3747 758 3816 βασιλεύειν
786 3745 1002 3814 λέγεται
1029 3745 1056 3796 6
1089 3744 1240 3808 Θεὸς,
1271 3741 1337 3815 ἦς
1365 3743 1473 3796 οὔτ’
1513 3743 1649 3814 ὀργὴ
1685 3743 1806 3797 οὔτε

235 3837 406 3908 θυμὸς
453 3838 708 3891 ἅπτεται·
755 3835 964 3905 ἀπέδρα
1007 3834 1115 3904 γὰρ
1161 3833 1320 3902 ὀδύνη
1367 3834 1463 3885 καὶ
1510 3833 1674 3904 λύπη,
1714 3834 1808 3886 καὶ

235 3927 538 3997 στεναγμὸς
571 3927 629 3993 ἐξ
671 3927 865 3998 αύτῆςο
899 3929 931 3996 ὴ
962 3925 1018 3978 δέ
1065 3927 1178 3978 ἐστι
1210 3923 1522 3976 συνεστῶσα
1569 3925 1661 3976 ἐπὶ
1706 3925 1810 3994 γῆς

233 4020 324 4072 τοῦ
355 4017 493 4072 Θεοῦ
520 4019 691 4081 πόλις,
724 4018 789 4070 δι’
831 4014 898 4089 ἧς
932 4017 1321 4086 ἀπεδείκνυμεν
1357 4017 1716 4085 σημαίνεσθαι
1748 4018 1809 4069 τὸ

235 4109 485 4172 θεοσεϐὲς
523 4110 579 4161 ἐν
615 4108 922 4180 ἀνθρώποις
979 4110 1308 4180 πολίτευμα·
1355 4110 1518 4178 ἑτέρα
1549 4108 1604 4160 δὲ
1659 4111 1809 4180 παρὰ

234 4201 440 4263 ταύτας
469 4201 587 4253 ἐστὶ
620 4203 651 4270 ὴ
689 4200 780 4252 τοῦ
816 4199 987 4271 Θυμοῦ
1010 4201 1103 4254 τοῦ
1133 4202 1268 4255 Θεοῦ
1307 4202 1685 4273 πεπειραμένη
1721 4203 1808 4258 διὰ

235 4293 331 4364 τῆς
353 4294 462 4347 τῶν
491 4294 790 4364 οἰκητόρων
825 4294 1185 4365 παρανομίας.

309 4403 327 4435 ι
367 4385 478 4437 Καὶ
513 4387 612 4438 ούκ
654 4381 720 4455 ἦν
760 4386 788 4436 6
822 4387 1153 4455 παρακαλῶν
1189 4405 1246 4439 σε
1289 4388 1397 4441 ἀπὸ
1441 4389 1656 4443 πάντων
1701 4389 1808 4442 τῶν

1913 3208 1970 3251 ιιι
2022 3199 2090 3252 ad
2162 3198 2531 3266 pmnitentiam
2599 3198 2862 3268 agendam
2932 3208 3238 3264 maturent,
3291 3200 3486 3256 hunam

1913 3291 2041 3359 ipsis
2070 3306 2239 3359 spem,
2270 3291 2312 3344 si
2347 3291 2693 3357 resipiscam,
2737 3290 3043 3344 ascribens.
3095 3289 3282 3359 Itaque
3331 3289 3489 3345 Jeru-

1911 3383 2074 3437 salem
2107 3391 2209 3445 est,
2237 3397 2356 3450 qua:
2390 3382 2615 3435 calicem
2647 3383 2738 3435 irae
2767 3381 2954 3436 ebibit.
2987 3382 3190 3451 Estque
3217 3399 3350 3437 sane
3376 3384 3484 3438 alia

1909 3473 2233 3540 Jerusalem,
2264 3477 2329 3527 de
2357 3488 2461 3542 qua
2493 3473 2808 3543 frequenter
2843 3475 3193 3529 vaticinatur.
3234 3476 3485 3545 Quapro-

1911 3578 2031 3636 pter
2060 3583 2163 3620 non
2201 3575 2415 3636 Oportet
2465 3581 2559 3620 eas
2612 3567 2970 3620 connuisccre
3012 3578 3066 3621 et
3117 3568 3486 3634 confundere,

1911 3675 2080 3729 neque
2108 3673 2299 3726 putare
2325 3659 2390 3712 de
2414 3658 2603 3711 eadem
2639 3658 2915 3710 contraria
2947 3658 3198 3725 proferri.
3228 3657 3360 3711 Nam
3380 3660 3485 3714 alia

1910 3753 1963 3805 in
1993 3752 2130 3806 cmlo
2164 3760 2268 3814 est,
2302 3751 2352 3803 in
2385 3764 2488 3819 qua
2522 3763 2754 3819 regnare
2797 3750 2997 3804 dicitur
3031 3750 3192 3813 Deus,
3220 3761 3272 3803 et
3297 3753 3487 3804 adver-

1911 3859 2002 3898 sus
2033 3860 2193 3912 quam
2231 3857 2329 3919 nec
2355 3844 2431 3895 ira
2468 3856 2568 3895 nec
2600 3842 2750 3894 furor
2775 3841 3124 3903 accenditur;
3156 3843 3223 3894 ab
3245 3858 3304 3893 ea
3334 3859 3484 3896 uatu-

1910 3952 2014 4004 que
2037 3936 2208 4000 dolor,
2237 3951 2436 3990 ntmror
2480 3949 2543 3988 ac
2584 3934 2820 4002 gemitus
2865 3933 3170 3999 abscessit;
3209 3933 3311 3986 alia
3352 3950 3484 3990 vero

1910 4028 2100 4083 civitas
2134 4029 2224 4081 Dei
2261 4028 2310 4081 in
2344 4035 2488 4081 terra
2526 4018 2831 4080 consistens
2861 4034 2977 4104 est,
3009 4039 3170 4095 quam
3201 4025 3484 4095 significa-

1912 4135 1969 4175 re
2017 4122 2250 4174 diximus
2279 4119 2589 4188 religiosum
2621 4117 2760 4186 apud
2798 4119 3043 4172 homines
3088 4117 3300 4170 vivendi
3335 4118 3486 4172 insti-

1913 4223 2082 4266 Iulum
2110 4231 2123 4278 ;
2163 4223 2357 4281 praeter
2389 4212 2551 4265 hasce
2578 4225 2703 4263 vero
2727 4209 2829 4262 alia
2859 4219 2964 4275 est,
2984 4209 3118 4262 iram
3141 4208 3231 4262 Dei
3260 4219 3483 4277 experta

1909 4307 1978 4359 ob
2008 4307 2203 4358 civium
2240 4320 2459 4358 suorum
2495 4304 2860 4372 iniquitatem.

1991 4397 2149 4452 Vens.
2185 4398 2271 4460 18,
2323 4397 2405 4451 19.
2449 4415 2466 4447 ι
2513 4396 2576 4451 Et
2605 4404 2856 4454 latuerat
2884 4394 2975 4467 qui
3009 4393 3381 4449 consolaretur
3432 4405 3484 4448 te

233 4476 436 4532 τέκνων
471 4495 588 4541 σου,
629 4470 704 4529 ὧν
737 4477 954 4538 ἔτεκεςο
992 4478 1083 4529 καὶ
1128 4478 1224 4530 οὐκ
1269 4474 1338 4549 ἢν
1363 4481 1389 4531 6
1419 4479 1807 4549 ἀντιλαμϐανό-

1917 4503 1982 4542 ex
2015 4490 2266 4543 omnibus
2297 4489 2420 4542 filiis
2449 4491 2574 4552 tuis,
2610 4506 2748 4560 quos
2779 4491 3032 4560 peperisti
3071 4509 3082 4543 :
3113 4501 3164 4544 et
3216 4508 3322 4544 non
3368 4499 3486 4545 erat

238 4585 395 4640 μενος
426 4571 524 4640 τῆς
549 4569 728 4641 χειρός
746 4586 859 4631 σου,
883 4569 1002 4622 οὐδὲ
1027 4570 1132 4625 ἀπὸ
1150 4571 1365 4624 πάντων
1392 4572 1498 4625 τῶν
1529 4572 1658 4624 υἱῶν
1689 4590 1804 4638 σου,

234 4657 305 4717 ὧν
337 4664 579 4733 ὕψωσας.
621 4662 712 4714 Διὸ
743 4662 912 4715 ταῦτα
964 4663 1312 4732 ἀντικείμενα
1351 4681 1465 4716 σοι’
1501 4665 1584 4726 τίς
1618 4664 1809 4716 συλλυ-

237 4756 541 4826 πηθήσεταί
595 4772 708 4820 σοις
760 4755 967 4826 Πτῶμα
1003 4758 1096 4809 καὶ
1140 4756 1470 4828 σύντριμμα,
1515 4757 1670 4827 λιμὸς
1715 4758 1807 4810 καὶ

239 4849 481 4920 μάχαιρα
500 4865 512 4877 ·
547 4848 630 4910 τίς
660 4849 1025 4920 παρακαλέσει
1055 4867 1112 4901 σε
1139 4867 1153 4913 ;
1192 4869 1208 4901 ι
1247 4851 1396 4903 Πίνει
1425 4851 1482 4904 δέ
1511 4869 1594 4913 τις
1617 4851 1678 4902 τὸ
1710 4869 1806 4903 πο-

235 4942 419 5012 τήριον
451 4939 625 5010 θυμοῦ
652 4942 744 4993 καὶ
772 4941 1049 5004 πτώσεως,
1076 4943 1168 4994 καὶ
1212 4943 1377 4993 πίνων
1403 4942 1806 5011 ἐκστραγγίζει,

235 5033 319 5086 ὅτε
347 5033 528 5096 πάσας
560 5033 849 5102 ὑφίσταται
881 5035 979 5098 τὰς
1014 5033 1280 5104 τιμωρίας
1315 5033 1528 5096 καὶτὰς
1561 5033 1807 5095 κολάσεις

235 5126 330 5189 τὰς
353 5126 700 5196 ἐπαγομένας
740 5126 876 5198 ὑπὲρ
911 5121 984 5180 ῶν
1020 5127 1253 5198 ἔπραξεν
1290 5127 1672 5196 ἁτοπημάτων.
1721 5125 1807 5187 Ὠς

235 5218 287 5270 δὲ
316 5220 514 5290 ἰατρῶν
543 5219 730 5281 παῖδες
758 5221 868 5281 τοῖς
896 5219 1220 5288 καχεκτοῦσι
1273 5217 1470 5288 πικράς
1503 5215 1808 5287 προσάγου-

236 5325 319 5364 σιν
341 5312 656 5375 ἀντιδόσεις,
681 5312 821 5382 ύπὲρ
845 5309 937 5363 τοῦ
958 5309 1189 5380 καθᾶραι
1228 5309 1325 5381 τὴν
1374 5311 1430 5363 ἐν
1472 5307 1548 5377 τῷ
1597 5305 1807 5376 σώματι

237 5405 600 5476 προκειμένην
633 5405 903 5458 κάκωσιν·
941 5401 1081 5455 οὕτω
1122 5405 1214 5456 καὶ
1255 5405 1384 5474 περὶ
1423 5402 1513 5457 τοῦ
1541 5400 1672 5454 Θεοῦ
1719 5401 1804 5454 λέ-

237 5493 435 5560 λεκται,
465 5514 484 5546 ι
514 5498 776 5568 Ποτήριον
806 5498 863 5550 ἐν
898 5496 1039 5567 χειρὶ
1068 5497 1292 5567 Κυρίου,
1324 5497 1467 5550 οἴνου
1493 5497 1751 5566 ἀκράτου,
1777 5517 1793 5547 ι

310 5591 354 5624 ⁹⁹
390 5590 534 5647 Psal.
575 5607 757 5653 LXXIV,
788 5592 842 5646 9.

1916 4583 2004 4649 qui
2059 4582 2487 4650 apprehenderet
2522 4598 2738 4636 manum
2789 4593 2932 4635 tuam
2961 4622 2976 4648 ,
3015 4597 3081 4636 ne
3113 4599 3178 4637 ex
3233 4584 3486 4639 omnibus

1915 4673 2130 4741 quidem
2168 4673 2290 4726 filiis
2317 4675 2420 4727 tuis
2445 4712 2460 4736 ,
2493 4689 2628 4742 quos
2658 4674 2930 4728 exaltasti.
2975 4673 3155 4739 Quare
3185 4677 3299 4730 hzec
3346 4695 3479 4732 con-

1917 4766 2080 4818 traria
2115 4765 2210 4820 tibi
2259 4780 2273 4818 :
2319 4765 2441 4834 quis
2471 4775 2646 4820 tecmu
2685 4766 3150 4821 contristabitur?
3207 4769 3380 4823 Ruina
3431 4781 3485 4825 et

1916 4857 2190 4922 contritio,
2227 4857 2396 4910 fames
2421 4866 2475 4911 et
2509 4858 2750 4925 gladius;
2787 4861 2908 4928 quis
2937 4860 3304 4915 consolabitur
3335 4864 3428 4917 te?
3457 4883 3477 4916 ι

1917 4949 2048 5004 Tum
2075 4951 2196 5019 quis
2223 4950 2450 5004 calicem
2507 4951 2599 5005 ira:
2628 4961 2682 5006 et
2718 4952 2886 5006 ruina:
2925 4953 3125 5020 ebibit,
3175 4968 3238 5008 ac
3293 4956 3486 5011 bibens

1914 5045 2166 5112 guttatim
2209 5042 2415 5105 haurit,
2445 5058 2565 5098 cum
2607 5044 2783 5096 omnia
2818 5044 3078 5113 supplicia
3105 5085 3120 5109 ,
3147 5059 3336 5099 omnes
3370 5049 3486 5101 illa-

1916 5144 1996 5190 tos
2011 5135 2284 5189 cruciatus
2313 5136 2541 5189 sustinet
2570 5151 2666 5204 pro
2687 5137 2979 5190 sceleribus
3001 5137 3268 5191 admissis.
3288 5137 3488 5203 Quem-

1913 5228 2197 5280 admodum
2231 5243 2357 5282 vero
2389 5230 2580 5283 medici
2635 5229 2775 5283 male
2808 5229 3133 5284 habentibus
3175 5233 3367 5285 acerba
3401 5249 3439 5284 rc
3461 5262 3488 5272 -

1915 5319 2086 5371 media
2131 5316 2363 5372 offerunt
2391 5360 2405 5384 ,
2455 5329 2512 5374 ut
2557 5319 2943 5388 malignitatem
2976 5322 3028 5374 in
3059 5336 3283 5390 corpore
3336 5323 3485 5375 exsi-

1909 5419 2142 5464 stentem
2172 5424 2490 5482 expurgant,
2521 5412 2590 5465 ita
2615 5423 2669 5466 et
2702 5413 2767 5467 de
2801 5413 2908 5467 Deo
2929 5414 3146 5476 dicitur,
3195 5433 3212 5465 ι
3237 5413 3383 5467 Calix
3426 5415 3479 5466 in

1911 5521 2069 5559 manu
2103 5507 2334 5574 Domini,
2361 5507 2468 5563 vini
2493 5510 2625 5563 meri
2645 5508 2712 5575 ",
2749 5525 2768 5560 ο
2795 5517 3076 5564 eteaatcra.
3111 5508 3324 5562 Atenim
3363 5509 3484 5562 aui-

303 5687 407 5754 (ιο)
427 5687 944 5776 Forte'vosqrzrca,
967 5688 1254 5776 λόγος,ρηο
1271 5689 1405 5743 Filio
1429 5691 1521 5776 Dei
1554 5695 1730 5776 aptius
1761 5710 1807 5746 ειη

1911 5705 2093 5776 retur,
2128 5695 2391 5776 siquidem
2419 5693 2504 5751 ille
2543 5695 2699 5764 λόγος
2722 5696 2921 5752 dicitur
2948 5696 3022 5766 μὴ
3045 5692 3362 5765 βουλόμενοξ
3389 5690 3482 5744 τὶν

239 5754 450 5813 θᾶνατον
465 5759 560 5812 τοῦ
582 5756 934 5829 ἁμαρτωλοῦ,
956 5754 1095 5828 ιιιιύιι
1119 5754 1181 5814 de
1211 5759 1335 5824 llco,
1361 5778 1462 5816 non
1489 5763 1550 5818 de
1579 5754 1807 5833 Scriptut

1911 5768 1988 5821 lici
2018 5754 2173 5824 solet.
2195 5754 2360 5820 Ἐοιτ.
