4128 6294
692 337 795 395 451

1334 332 1605 391 EliSEBll
1642 331 2121 393 CALSARIENSIS
2157 332 2309 392 OPP.
2348 332 2529 392 PARS
2564 334 2652 390 Ill.
2692 365 2763 376 --
2799 332 3210 391 EXEGETICA.

3814 330 3913 387 εει

692 467 902 511 tuarum
944 449 1034 507 ille
1070 449 1354 516 medicus,
1404 446 1607 503 morbis
1652 449 1845 503 animae
1893 448 2231 505 insidentibus

2350 447 2441 501 καὶ
2481 446 2547 501 τὰ
2594 446 2739 518 ἑξῆς.
2785 447 3085 515 ’Λναλόγως
3121 462 3231 518 γαρ
3269 446 3380 509 τοῖς
3425 444 3811 515 ὑποκειμένοις
3849 448 3912 517 τῇ

691 554 1062 623 congruentes
1077 540 1481 612 castigationes,
1516 538 1667 608 quasi
1696 539 1987 608 quamdam
2027 540 2239 595 antido-

692 647 807 692 tum
836 636 901 691 ad
935 634 1195 690 medelam
1223 641 1279 688 et
1304 632 1677 701 purgationem
1699 630 1980 701 praesentis
2016 630 2241 686 inﬁrmi-

693 730 840 792 tatis,
869 726 1094 798 profert.

763 818 925 875 Vsus.
953 816 1041 872 20.
1079 833 1099 868 ι
1146 813 1266 871 Filii
1310 814 1387 867 tul
1420 812 1762 883 indigentes,
1808 813 2137 869 dormientes
2185 814 2239 867 in

688 912 941 981 compitis
984 907 1221 963 omnium
1270 904 1519 969 viarum,
1553 905 1696 960 sicut
1741 905 1864 960 beta
1910 905 2238 970 semieoeta,

688 1003 836 1073 pleni
885 1000 1066 1056 furore
1118 997 1325 1053 Domini
1353 1035 1371 1063 ,
1429 995 1747 1052 deﬁcientes
1805 1010 1901 1065 per
1957 995 2239 1051 Dominum

690 1094 879 1149 Deum.
927 1110 947 1145 ι
986 1089 1293 1146 Secundum
1343 1089 1581 1159 reliquos
1611 1089 1935 1159 interpretes
1970 1104 2072 1159 pro
2104 1088 2199 1144 illo
2222 1129 2240 1156 ,

690 1203 714 1238 ι
756 1186 897 1241 sicut
944 1184 1069 1238 beta
1094 1182 1416 1248 semieoeta,
1456 1200 1477 1235 ι
1509 1182 1591 1237 sic
1645 1181 1857 1253 legitur,
1916 1199 1935 1235 ι
1985 1191 2239 1252 tanquam

685 1292 821 1348 oryx
847 1276 1108 1331 irretitus.
1146 1293 1166 1326 ι
1206 1274 1349 1345 Oryx
1376 1282 1555 1328 autem
1591 1283 1675 1329 est
1704 1274 1819 1327 avis
1847 1273 1926 1327 sic
1954 1272 2239 1343 appellata,

682 1374 770 1424 cui
807 1369 946 1423 ﬁlios
974 1366 1270 1424 Jerusalem
1299 1374 1598 1434 comparat,
1626 1364 1831 1420 retibus
1861 1363 2061 1419 diaboli
2102 1363 2242 1419 irre-

684 1461 812 1517 titos
838 1479 853 1516 :
880 1460 1227 1532 quamobrem
1261 1459 1354 1514 ira
1386 1456 1567 1513 traditi
1600 1467 1745 1512 sunt.

759 1638 917 1697 Vsus.
943 1639 1035 1700 21.
1057 1639 1150 1696 ἥ.
1178 1659 1196 1693 ι
1219 1639 1506 1708 Propterea
1535 1638 1679 1703 audi,
1706 1638 1982 1694 lmmiliata
1999 1647 2054 1694 et
2071 1640 2238 1707 ebria,

679 1744 793 1786 non
820 1731 943 1785 vino
979 1748 993 1785 :
1042 1730 1123 1785 sic
1152 1729 1283 1785 dicit
1317 1729 1577 1785 Dominus
1613 1729 1773 1794 Deus,
1800 1730 1890 1800 qui
1916 1730 2118 1797 iudicat
2141 1745 2237 1800 po-

2338 538 2481 610 ψυχῇ
2530 538 2759 593 πάθεσιν
2808 540 2838 592 ὁ
2876 540 2985 592 τῶν
3030 538 3219 610 ψυχῶν
3270 538 3452 609 ἰατρὸς
3499 538 3598 601 τάς
3645 537 3915 608 τιμωρίας

2340 629 2474 699 αὐτῇ
2499 630 2782 699 προσάγει,
2823 629 3010 702 ὥσπερ
3046 629 3195 693 τινάς
3236 630 3542 694 ἀντιίότους
3590 629 3916 701 θεραπευτι-

2340 719 2441 782 κάς
2466 721 2559 774 ἐπὶ
2591 721 2854 791 καθάρσει
2874 723 2974 793 τῆς
3008 723 3374 795 προκειμένης
3407 723 3624 786 κακίας.

2413 830 2433 863 ι
2469 813 2533 867 Ol
2570 813 2673 867 υἱοί
2708 830 2802 867 σου
2841 816 2892 867 οί
2935 813 3316 884 ἀπορούμενοι,
3352 815 3403 868 οἱ
3438 813 3791 878 καθεύδοντες
3826 813 3914 867 ἐπ’

2339 902 2506 977 ἄκρου
2536 905 2714 977 πάσης
2739 903 2937 972 ἐξόδου,
2978 906 3055 970 ὼς
3089 904 3330 958 σεύτλιον
3372 904 3658 976 ήμίεςρθον,
3698 904 3747 956 ei
3786 901 3917 973 πλή-

2341 1010 2456 1065 ρεις
2515 994 2687 1066 θυμοῦ
2732 998 2971 1069 Κυρίου,
3031 996 3377 1068 ἐκλελυμένοι
3427 997 3516 1053 διά
3566 997 3776 1068 Κυρίου
3819 986 3911 1050 τοῦ

2338 1088 2493 1143 Θεοῦ.
2542 1107 2561 1141 ι
2604 1088 2761 1144 Κατά
2803 1092 2927 1154 τοὺς
2974 1089 3193 1154 λοιποὺς
3236 1088 3577 1161 ἑρμηνευτάς
3622 1089 3748 1142 ἀντὶ
3792 1087 3911 1157 τοῦ,

2344 1199 2363 1232 ι
2405 1182 2482 1246 ὡς
2511 1181 2750 1236 σεύτλιον
2782 1181 3066 1255 ήμίεφθον,
3107 1202 3127 1235 s
3157 1211 3229 1223 —
3264 1200 3284 1233 ι
3324 1183 3400 1245 ὼς
3429 1179 3579 1252 δρυξ,
3620 1199 3638 1231 s
3672 1180 3912 1253 εἴρηται,

2344 1290 2364 1324 ι
2400 1272 2997 1347 ήμφιϐληστρευμένος.
3035 1293 3055 1326 ι
3089 1274 3311 1344 ὀρνεον
3335 1273 3391 1327 δέ
3419 1275 3566 1327 ἐστιν
3587 1272 3741 1344 δρυξ,
3770 1271 3914 1326 οὕτω

2340 1364 2688 1437 καλούμενον.
2711 1360 2755 1435 ᾧ
2780 1366 3114 1439 παραϐάλλει
3147 1367 3272 1442 τοὺς
3304 1365 3453 1428 υἱοὺς
3488 1365 3588 1436 τῆς
3639 1365 3913 1437 Ἰερουσα-

2339 1453 2470 1526 λὴμ,
2497 1458 2895 1531 ἀμφιϐλήστρῳ
2924 1458 3017 1512 τοῦ
3048 1458 3294 1512 διαϐόλου
3333 1455 3760 1529 περιελιχθέντος
3778 1472 3793 1487 ’
3832 1455 3915 1510 διδ

2341 1546 2445 1599 καὶ.
2465 1546 2542 1618 τῷ
2568 1546 2725 1619 θυμῷ
2753 1548 3145 1621 παρεδόθησαν.

2418 1656 2437 1688 ι
2476 1640 2574 1693 Διά
2608 1639 2752 1693 τοῦτ’
2796 1640 2982 1705 ἄκουε,
3032 1641 3471 1713 τεταπεινωμένη
3508 1659 3603 1696 κα.
3631 1640 3912 1712 μεθύουσα

2338 1728 2439 1781 οὐκ
2468 1730 2574 1783 ἀπὸ
2599 1731 2740 1784 οἴνου
2759 1748 2772 1763 ·
2796 1731 2935 1787 οὕτω
2949 1733 3093 1802 λέγει
3109 1733 3309 1805 Κύριος
3327 1718 3503 1799 όλθεδς
3528 1737 3558 1789 ό
3586 1735 3793 1806 κρίνων
3812 1732 3909 1789 τὸν

677 1818 861 1889 pulum
909 1833 1067 1873 suum
1102 1835 1117 1873 :
1150 1818 1289 1874 Ecce
1338 1819 1521 1889 accepi
1558 1819 1625 1873 de
1678 1834 1838 1872 manu
1872 1828 1960 1873 tua
2007 1819 2230 1874 calicem

2332 1819 2456 1874 λαὸν
2491 1823 2673 1876 αὑτοῦ·
2716 1843 2735 1875 ι
2777 1824 2906 1878 Ἰδοὺ
2935 1826 3130 1896 εἴληφα
3164 1803 3229 1879 εὶς
3266 1828 3366 1898 τῆς
3391 1826 3572 1898 χειρός
3605 1803 3701 1880 dou
3729 1824 3794 1879 τδ
3818 1840 3910 1879 πο-

680 1910 873 1975 ηιίιιιε,
901 1908 1148 1981 poculum
1192 1912 1283 1964 irre
1311 1924 1472 1968 mem.
1505 1922 1604 1963 nec
1631 1909 1852 1978 adjicies
1883 1909 2021 1964 ultra
2051 1910 2236 1964 bibere

678 1990 832 2055 illud.
893 2018 913 2051 ι
961 1997 1341 2069 Hierosolyma:
1380 1998 1658 2067 pollicetur
1705 1999 2011 2053 ablaturum
2058 2013 2118 2054 se
2166 2002 2234 2056 ab

671 2102 739 2144 ea
796 2103 918 2144 esse
976 2088 1198 2143 calicem
1250 2086 1486 2151 furoris;
1536 2088 1581 2142 si
1632 2098 1807 2142 tamen
1864 2088 2232 2159 panitentiana

674 2192 821 2255 agat.
848 2182 979 2237 lllud
999 2181 1140 2236 enim
1165 2221 1180 2246 ,
1206 2197 1226 2231 ι
1256 2178 1391 2233 Ecce
1426 2179 1543 2243 tuli,
1586 2198 1605 2231 ι
1643 2181 1842 2235 dicitur
1863 2195 1963 2251 pro
1984 2220 2000 2248 ,
2036 2198 2055 2233 ι
2091 2182 2235 2238 acci-

674 2275 910 2421 Navita;
943 2364 1037 2420 25.
1073 2382 1092 2414 ι
1118 2362 1185 2417 Et
1208 2363 1345 2417 dabo
1380 2361 1506 2415 illud
1534 2361 1588 2416 in
1614 2376 1803 2416 manus
1829 2377 2038 2427 eorum,
2066 2363 2157 2432 qui
2182 2371 2233 2419 te

676 2456 967 2518 laeserunt,
1016 2462 1069 2507 et
1119 2452 1567 2517 bumiliaverunt;
1602 2452 1690 2520 qui
1742 2452 1996 2505 dixerunt
2040 2452 2233 2507 animm

680 2557 783 2602 ture
813 2562 829 2600 :
860 2543 1123 2599 lnclinare
1146 2583 1162 2607 ,
1187 2550 1243 2596 ut
1267 2551 1644 2611 praetereamus
1672 2560 1685 2596 :
1720 2551 1771 2596 et
1800 2540 2023 2611 posuisti
2047 2557 2231 2611 aequam

678 2639 747 2690 lia
800 2647 954 2692 terra:
983 2635 1154 2688 media
1192 2643 1280 2686 tua
1311 2632 1441 2686 foris
1471 2633 1898 2686 transeuntibus.
1952 2650 1971 2684 ι
2020 2632 2228 2688 Verisi-

676 2727 802 2782 mile
845 2706 1005 2795 porro
1047 2736 1155 2787 est,
1187 2724 1300 2778 haec
1328 2723 1490 2777 etiam
1515 2725 1579 2778 de
1606 2724 1928 2778 adversariis
1951 2726 2230 2793 potestati-

675 2820 778 2874 bus
804 2816 1138 2887 pronuntiari
1168 2855 1184 2877 .
1213 2814 1406 2885 quibus
1442 2829 1501 2870 se
1557 2814 1772 2882 subjicit
1816 2815 1994 2870 omnis
2030 2818 2222 2882 ,anima

675 2923 795 2978 qua:
822 2922 852 2961 a
885 2908 992 2963 Deo
1018 2905 1324 2976 transfugit.
1352 2904 1484 2960 Nam
1509 2920 1628 2975 qua:
1672 2907 1737 2959 ad
1774 2906 1937 2961 Deum
1973 2910 2180 2964 accedit
2210 2950 2226 2975 ,

674 3009 858 3053 erecta
892 3009 974 3054 est
1006 3006 1059 3053 et
1079 3012 1290 3052 sursum
1320 2995 1613 3065 aspicit,ad
1638 2997 1919 3065 ipsumque
1946 2999 2225 3054 elevatur:

2332 1914 2517 1985 τήριον
2548 1916 2647 1987 τῆς
2680 1914 2956 1981 πτώσεως,
2979 1916 3041 1971 τὸ
3068 1917 3226 1971 κόνδυ
3248 1918 3341 1973 τοῦ
3362 1918 3535 1991 θυμοῦ
3565 1935 3690 1990 μου,
3718 1918 3817 1972 καὶ
3841 1917 3906 1970 οὐ

2336 2007 2615 2081 προσθήσει
2638 2009 2719 2062 Et:
2751 2012 2896 2063 πιεῖν
2922 2009 3070 2064 αὑτό.
3097 2027 3117 2062 ι
3162 2010 3659 2079 Ἐπαγγέλλεταιδὲ
3691 2012 3763 2080 τῇ
3809 2009 3907 2062 Ἰε-

2336 2096 2612 2169 ρουσαλὴμ
2638 2100 2668 2151 ό
2694 2098 2849 2168 λόγος
2878 2099 3138 2171 λήψεσθαι
3167 2102 3261 2155 ἀπ’
3295 2101 3463 2174 αὐτῆς
3504 2104 3763 2176 ποτήριον
3806 2100 3905 2158 τοῦ
4010 2092 4017 2095 Ἰ

2332 2187 2524 2259 θυμοῦ,
2568 2192 3016 2265 εί-μετανοήσειε.
3062 2192 3135 2247 Τὸ
3167 2192 3297 2267 γάρ,
3339 2212 3357 2246 ι
3380 2194 3509 2248 ’ἰδοὺ
3543 2189 3674 2267 ⁴Τιριι,
3723 2214 3745 2248 a
3781 2194 3905 2250 ἀντὶ

2329 2280 2444 2347 τοῦ,
2475 2298 2495 2332 ι
2531 2281 2792 2354 λήψομαι,
2835 2302 2855 2335 ι
2886 2286 3120 2356 ετρηται.

2406 2392 2423 2425 ι
2466 2374 2576 2427 Καὶ
2596 2374 2751 2428 δώσω
2774 2376 2902 2430 αὐτὸ
2930 2378 3010 2440 εις
3041 2376 3140 2442 τὰς
3174 2380 3364 2449 χεῖρας
3389 2380 3497 2434 τῶν
3522 2378 3901 2451 ἀδικησάντων

2331 2480 2388 2517 σε
2430 2467 2521 2519 καὶ
2547 2466 2654 2519 τῶν
2681 2470 3124 2525 ταπεινωσάντων
3154 2488 3235 2533 σε,
3261 2471 3310 2524 οἳ
3339 2466 3497 2526 εἶπαν
3520 2475 3585 2544 τῇ
3604 2472 3750 2545 ψυχῇ
3780 2486 3901 2528 σου·

2328 2557 2533 2628 Κῦψον,
2589 2560 2677 2613 ἵνα
2737 2560 3113 2633 παρέλθωμεν·
3168 2563 3261 2617 καὶ
3316 2564 3518 2636 ἔθηκας
3570 2565 3663 2618 ῐσα
3713 2567 3781 2637 τῇ
3826 2567 3897 2638 τῇ

2326 2649 2395 2701 τά
2429 2649 2571 2718 μέσα
2607 2667 2698 2704 σου
2727 2649 2830 2716 ἔξω
2863 2654 2974 2715 τοίς
3004 2656 3560 2727 παραπορευομένοις.
3592 2675 3613 2705 ι
3647 2657 3813 2722 Είκδς
3840 2658 3900 2713 δι

2325 2736 2498 2791 ταῦτα
2543 2738 2792 2808 λέγεσθαι
2848 2743 2942 2795 καὶ
2981 2745 3107 2815 περὶ
3154 2746 3540 2818 ἀντικειμένων
3589 2748 3895 2822 δυνάμεων,

2325 2825 2413 2893 αἷς
2452 2830 2744 2886 ὑποτάσσει
2785 2836 2983 2904 ἑαυτὴν
3038 2838 3187 2891 πᾶσα
3226 2839 3370 2910 ψυχὴ
3402 2842 3436 2910 ή
3465 2839 3560 2894 τοῦ
3590 2840 3728 2895 Θεοῦ
3761 2843 3898 2898 ἀπο-

2329 2925 2517 2977 στᾶσα.
2562 2925 2624 2977 Ἦ
2654 2926 2750 2993 μὲν
2776 2926 2884 2997 γὰρ
2918 2927 2997 2998 τῷ
3040 2927 3159 3000 θεῷ
3203 2930 3500 2998 προσιοῦσα
3546 2932 3728 3004 δρθιός
3775 2934 3892 2989 ἐστι

2328 3015 2421 3067 καὶ
2444 3016 2555 3068 ἀνω
2584 3016 2869 3085 βλέπουσα,
2905 3020 2997 3072 καὶ
3038 3019 3172 3090 πρὸς
3207 3022 3367 3075 αὑτὸν
3405 3023 3689 3095 ἐπηρμένη
3711 3041 3727 3055 ⁸
3766 3027 3800 3097 ή
3832 3027 3893 3082 δι

676 3108 797 3162 quae
824 3105 952 3145 vero
984 3104 1103 3146 sese
1148 3090 1395 3158 malignis
1443 3088 1776 3143 dieinonibus
1822 3090 2101 3163 adjungit,
2161 3094 2227 3148 iis

2330 3108 2610 3177 συνάψασα
2634 3110 2828 3181 ἑαυτὴν
2854 3088 3373 3182 δαίμοσιίπονηροῐς,
3405 3088 3614 3178 eodem;
3644 3088 3891 3188 δηλονότι

677 3187 862 3257 utique
896 3183 1198 3253 subjicitur.

1264 3272 1492 3330 CAPUT
1526 3274 1631 3329 LII.

744 3367 907 3426 Vna.
934 3368 984 3422 Ι.
1014 3386 1032 3418 ι
1055 3366 1307 3421 Excitare
1331 3405 1346 3428 .
1376 3366 1636 3431 excitare,
1668 3362 1795 3419 Sion
1829 3383 1841 3418 :
1876 3365 2093 3418 induere
2125 3365 2227 3418 fur-

674 3462 902 3518 titudiue
928 3469 1037 3523 tua,
1060 3456 1188 3512 Sion
1223 3475 1237 3510 :
1272 3468 1328 3510 et
1353 3467 1406 3509 tu
1429 3455 1647 3509 induere
1675 3455 1844 3525 gloria
1876 3465 1987 3518 tua,
2014 3451 2225 3508 Jerusa-

674 3554 813 3607 lem:
844 3549 1035 3604 civitas
1064 3558 1269 3603 sancta.
1302 3546 1416 3601 Non
1455 3547 1590 3600 ultra
1620 3547 1834 3616 adiiciet
1874 3547 2101 3599 transire
2130 3562 2224 3615 per

672 3656 727 3700 te
749 3641 1157 3699 ineircumeisus
1186 3648 1239 3693 et
1274 3638 1615 3706 immundus.’
1641 3656 1659 3690 ι
1694 3638 1882 3692 Anima
1911 3638 2105 3707 quippe
2135 3654 2221 3690 ra-

671 3734 887 3791 tionalis
920 3734 1205 3785 maximam
1236 3732 1340 3783 vim
1376 3738 1432 3783 et.
1481 3728 1847 3783 fortitmlinem
1880 3768 1895 3792 ,
1948 3744 2221 3798 magnam-

669 3841 773 3897 que
798 3824 1018 3896 gloriam
1052 3823 1228 3887 liabet,
1266 3829 1448 3890 utpote
1469 3836 1588 3889 quae
1608 3821 1905 3909 secundum
1935 3819 2218 3889 imaginem

672 3919 764 3972 Dei
796 3918 931 3970 facta
954 3917 1023 3968 sit
1048 3934 1061 3969 :
1084 3930 1242 3983 quant
1275 3926 1568 3975 resumere,
1598 3924 1652 3965 et
1680 3912 1953 3966 civitatem
1978 3921 2216 3965 sanctam

672 4009 811 4072 fieri,
843 4011 1077 4074 expetit;
1114 4014 1172 4058 ut
1207 4020 1311 4058 non
1342 4004 1481 4058 ultra
1509 4020 1602 4073 per
1635 4018 1753 4058 eam
1785 4013 2021 4057 transeat
2060 4003 2217 4056 incir-

670 4101 935 4153 cumcisus
966 4105 1021 4152 et
1065 4096 1391 4150 immundus.
1427 4095 1529 4149 Per
1560 4096 1998 4150 incircumcisum
2054 4095 2217 4163 igitur

669 4189 1017 4258 alienigenam
1048 4196 1104 4240 et
1124 4196 1439 4240 extraneum
1464 4187 1764 4255 significat;
1803 4202 1898 4257 per
1945 4187 2212 4256 impurum

668 4289 865 4340 autem,
894 4277 1245 4332 idnlolatram.

735 4414 897 4468 Vsus.
922 4412 979 4466 2.
1028 4430 1047 4461 ι
1080 4411 1281 4467 Excute
1324 4412 1593 4481 pulverem
1618 4452 1633 4476 ,
1665 4422 1717 4465 et
1751 4428 1981 4483 exsurge
2012 4431 2026 4465 :
2063 4414 2208 4477 sede,

664 4504 1001 4568 Jerusalem,
1049 4504 1197 4558 solve
1244 4504 1454 4557 vincula
1507 4504 1628 4558 colli
1677 4505 1749 4557 tni
1778 4548 1792 4569 ,
1847 4506 2055 4573 captiva
2098 4505 2205 4559 filia

666 4598 816 4653 Sion.
873 4615 892 4648 ι
944 4597 1071 4649 Nam
1106 4612 1266 4665 penes
1290 4597 1431 4650 illam
1458 4607 1598 4658 erat,
1632 4598 1923 4665 pulverem,
1957 4612 2062 4667 quo
2100 4599 2207 4652 cir-

662 4702 999 4756 cumquath
1030 4702 1269 4754 respersa
1318 4696 1456 4751 erat,
1493 4690 1800 4757 abstergcre
1824 4728 1838 4750 ,
1885 4699 1937 4742 et
1984 4705 2015 4742 a
2051 4691 2204 4743 ruina

660 4797 778 4847 quae
802 4780 899 4833 sibi
947 4779 1241 4845 contigerat
1263 4818 1279 4841 ,
1303 4793 1576 4849 emergere
1597 4819 1613 4843 ,
1652 4782 2024 4849 vinculumque
2067 4783 2205 4835 collo

660 4888 757 4925 suo
776 4870 1078 4939 impositum
1110 4871 1349 4932 solvere;
1377 4886 1481 4937 quo
1507 4887 1605 4925 ceu
1637 4872 1827 4940 laqueo
1858 4876 2090 4926 animam
2115 4888 2208 4927 ca-

661 4964 801 5016 tenis
861 4972 1204 5030 peccatorum
1260 4963 1615 5034 alligaverunt
1677 4966 1997 5019 adversaria“:
2054 4976 2206 5036 pote-

658 5064 845 5108 States.

729 5187 886 5243 Vsus.
917 5190 971 5251 5,
1001 5187 1055 5244 4.
1087 5207 1105 5241 ι
1140 5188 1402 5257 Quoniam
1432 5190 1546 5245 haec
1572 5189 1700 5245 dicit
1732 5190 1988 5246 Dominus
2014 5210 2029 5248 :
2062 5192 2202 5249 Gra~

658 5280 725 5333 lis
763 5282 1065 5335 venumdati
1114 5282 1247 5337 estis
1271 5318 1288 5345 .
1337 5291 1391 5336 et
1444 5283 1560 5337 sine
1588 5292 1811 5351 argento
1845 5284 2197 5340 redimemini.

654 5370 746 5424 Sic
773 5372 901 5426 dicit
929 5372 1218 5427 Dominus:
1254 5374 1308 5427 lu
1343 5373 1631 5445 Egyptum
1670 5376 1941 5428 descendit
1975 5377 2200 5444 populus

654 5478 803 5517 tuens
829 5466 989 5532 prius,
1027 5474 1083 5519 ut
1112 5467 1379 5521 habitaret
1409 5467 1477 5520 ibi
1502 5507 1519 5531 ,
1549 5477 1600 5521 et
1631 5468 1681 5521 in
1714 5467 1961 5536 Assyrios
1990 5469 2194 5522 violen-

654 5564 735 5608 ter
776 5556 878 5607 acti
923 5566 1067 5610 sunt.
1103 5575 1121 5608 ι
1157 5556 1266 5611 Non
1317 5560 1459 5612 enim
1499 5574 1756 5627 corporea
1792 5560 2070 5628 captivitas
2103 5560 2191 5615 illa

650 5652 786 5706 erat,
814 5654 871 5697 ut
896 5661 1150 5714 corporeo
1168 5650 1337 5715 pretio
1367 5650 1664 5704 libertatem
1690 5650 2193 5721 obtinerent,quan-

648 5736 932 5805 doquidem
961 5739 1135 5807 quoad
1161 5740 1366 5797 animus
1394 5743 1589 5799 venditi
1623 5753 1797 5800 erant.
1832 5742 2187 5812 Quamobrem

2327 3198 2420 3250 καὶ
2449 3199 2823 3256 ὑποτέτακται.

2829 3290 3221 3349 ΚΕΦΑΛΑΙΟΝ
3255 3295 3378 3349 ΝΒ’.

2396 3392 2416 3426 ι
2461 3376 2781 3450 Ἐξεγείρου,
2809 3378 3103 3452 ὲξεγείρου,
3136 3381 3272 3435 Σιών
3296 3401 3309 3413 ·
3354 3383 3566 3439 ἔνδυσαι
3594 3386 3699 3459 τὴν
3734 3389 3887 3463 ἰσχύν

2322 3482 2435 3535 σου,
2468 3469 2636 3522 Σιὼνο
2662 3473 2757 3524 καὶ
2784 3472 2847 3524 σὺ
2881 3471 3094 3525 ἔνδυσαι
3116 3474 3215 3545 τὴν
3238 3473 3394 3542 δόξαν
3434 3493 3549 3543 σου,
3612 3479 3885 3553 Ἰερουσα-

2319 3556 2449 3627 λὴμ,
2472 3559 2622 3623 πόλις
2645 3562 2678 3630 ή
2705 3562 2855 3628 ἁγία.
2875 3563 3073 3617 Οὐκέτι
3098 3565 3520 3638 προστεθήσεται
3542 3569 3773 3627 διελθεῖν
3797 3571 3885 3627 δίἀ

2321 3649 2414 3702 σοῦ
2454 3650 2822 3722 ἀπερίτμητος
2860 3652 2954 3707 καὶ
2988 3654 3312 3726 ἀκάθαρτος.
3360 3677 3379 3710 ι
3419 3659 3571 3730 Ἔχει
3611 3662 3722 3734 γάρ
3763 3680 3882 3719 τινα

2321 3740 2581 3809 μεγίστην
2604 3741 2828 3812 δύναμιν
2850 3744 2945 3798 καὶ
2981 3746 3131 3815 ίτχὺν
3161 3749 3195 3819 ή
3227 3749 3415 3821 λογικὴ
3445 3750 3627 3823 ψυχὴ,
3668 3756 3767 3810 καὶ
3792 3757 3880 3810 δό-

2318 3830 2414 3897 ξαν
2434 3832 2544 3902 ἔχει
2573 3834 2832 3905 μεγάλην,
2861 3836 2954 3889 ἅτε
2983 3840 3101 3891 κατ’
3132 3840 3315 3895 εἰκόνα
3349 3841 3444 3895 τοῦ
3482 3842 3616 3897 Θεοῦ
3649 3864 3881 3921 πεποιη-

2321 3922 2475 3990 μένη,
2515 3925 2609 3975 καὶ
2637 3925 2994 3981 ἐπαναλαϐεῖν
3021 3929 3190 4001 αὐτὴν
3218 3930 3462 4000 βούλεται
3501 3935 3596 3989 καὶ
3638 3938 3881 4006 γενέσθαι

2317 4009 2469 4063 πόλιν
2502 4013 2660 4079 ἁγίαν
2680 4030 2692 4043 ⁸
2728 4014 2803 4077 ὡς
2827 4017 3022 4085 μηκέτι
3051 4018 3344 4072 διαϐαίνειν
3379 4022 3446 4075 δι’
3487 4025 3656 4097 αὐτῆς
3686 4029 3879 4102 ἀπερί-

2316 4115 2535 4169 τμητον,
2557 4102 2690 4172 μηδὲ
2709 4104 3031 4178 ἀκάθαρτον.
3070 4109 3166 4162 Διά
3201 4110 3298 4180 μὲν
3328 4108 3421 4167 οὖν
3447 4114 3542 4168 τοῦ
3570 4117 3878 4192 ἀπεριτμή-

2312 4207 2403 4243 του
2437 4192 2525 4245 τὸν
2548 4193 2839 4265 ἀλλόφυλον
2865 4200 2957 4252 καὶ
2992 4199 3246 4274 ἀλλογενῆ
3272 4208 3541 4276 σημαίνει,
3570 4209 3660 4264 διὰ
3692 4212 3750 4266 δὲ
3783 4212 3874 4267 τοῦ

2312 4283 2640 4356 ἀκαθάρτου,
2673 4288 2764 4341 τὸν
2796 4290 3205 4365 είδωλολάτρην.

2390 4438 2407 4470 ι
2456 4420 2757 4486 Ἐκτίναξαι
2810 4424 2901 4479 τὸν
2937 4427 3083 4498 χοῦν,
3132 4432 3225 4483 καὶ
3291 4432 3584 4504 ἀνάστηθι’
3629 4436 3870 4501 κάθισον,

2324 4512 2692 4585 Ἰερουσαλὴμ,
2726 4515 2943 4579 ἔκδυσαι
2971 4520 3060 4572 τὸν
3088 4520 3282 4592 δεσμὸν
3315 4523 3406 4576 τοῦ
3446 4525 3717 4596 τραχήλου
3758 4546 3869 4594 σου,

2310 4603 2343 4693 ή
2376 4602 2713 4674 αἰχμάλωτος
2744 4606 2988 4680 θυγάτηρ
3011 4611 3165 4665 Σιών.
3214 4632 3233 4667 ι
3281 4614 3397 4666 Ἐπ’
3422 4616 3555 4688 αὐτῇ
3585 4620 3695 4689 γὰρ
3717 4617 3785 4693 ἦν
3812 4623 3873 4676 τὸ

2312 4691 2709 4763 ἀποτρίψασθαι
2755 4697 2844 4749 τὸν
2890 4700 3319 4769 περιπλασθέντα
3372 4705 3507 4778 αὐτῇ
3558 4691 3869 4777 χοῦνςκαὶ

2310 4781 2650 4855 διαναστῆναι
2680 4787 2776 4855 τῆς
2804 4789 3182 4864 ὲπισυμϐἀσης
3205 4795 3339 4865 αὐτῇ
3376 4796 3654 4861 πτώσεως,
3694 4802 3788 4854 καὶ
3809 4802 3870 4857 τὸ

2309 4874 2532 4929 ἐκλῦσαι
2557 4874 2645 4929 τὸν
2673 4879 2989 4935 ἐπιτεθέντα
3029 4882 3164 4955 αὐτῇ
3194 4884 3389 4957 δεσμὸν
3429 4887 3523 4942 τοῦ
3561 4893 3832 4964 τραχήλου
3851 4910 3866 4926 ’

2307 4959 2351 5033 ᾧ
2377 4968 2473 5038 τὴν
2494 4968 2671 5041 ψυχὴν
2696 4969 2883 5043 ὥσπερ
2911 4971 3087 5046 βρόχῳ
3118 4977 3421 5048 κατέδησαν
3448 4959 3870 5059 σειραῖς-ἀμαρ-

2302 5060 2431 5114 τιῶν
2463 5065 2517 5117 αἱ
2543 5064 2906 5137 ἀντικείμεναι
2934 5068 3206 5141 δυνάμεις.

2374 5216 2393 5248 ι
2433 5199 2553 5253 Ὅτι
2578 5202 2703 5255 τάδε
2730 5201 2875 5271 λέγει
2908 5203 3129 5273 Κύριος⁶
3164 5207 3381 5276 Δωρεάν
3425 5209 3723 5281 ἐπράθητε,
3771 5211 3865 5266 καὶ

2298 5285 2357 5337 οὐ
2389 5290 2525 5357 μετά
2568 5292 2829 5362 ἀργυρίου
2868 5292 3295 5364 λυτρωθήσεσθε.
3340 5297 3525 5362 Οὕτως
3569 5300 3718 5369 λέγει
3752 5303 3863 5357 Κύ-

2301 5393 2413 5448 ριος
2431 5397 2443 5410 ·
2470 5381 2565 5444 Εἰς
2599 5382 2867 5450 Αἴγυπτον
2901 5382 3100 5453 κατέϐη
3126 5388 3153 5453 ό
3180 5386 3308 5451 λαός
3347 5406 3448 5459 μου
3485 5391 3548 5444 τὸ
3575 5394 3856 5466 πρότερον,

2301 5474 2627 5543 παροικῆσαι
2657 5475 2790 5536 ἐκεῖ,
2824 5477 2915 5528 καὶ
2948 5477 3028 5538 εἰς
3074 5476 3384 5549 Ἀσσυρίους
3417 5480 3507 5553 βία
3537 5483 3799 5555 ήχθησαν.
3834 5506 3854 5540 ι

2300 5564 2373 5633 Οὐ
2406 5565 2511 5635 γὰρ
2540 5560 2607 5635 ἦν
2650 5567 2929 5637 σωματικὴ
2963 5566 3099 5637 αὕτη
3128 5569 3491 5640 αἰχμαλωσία,
3528 5573 3613 5626 ἵνα
3652 5573 3743 5629 διὰ
3770 5575 3858 5630 λύ-

2297 5673 2440 5726 τρων
2472 5659 2795 5728 σωματικῶν
2826 5661 3027 5731 τύχωσι
3055 5661 3156 5732 τῆς
3186 5663 3512 5737 ἐλευθερίας,
3547 5667 3737 5739 ἐπειδὴ
3758 5669 3855 5734 τὰς

2294 5745 2469 5818 ψυχὰς
2491 5743 2630 5819 ἦσαν
2663 5751 3023 5823 πεπραμένοι.
3062 5755 3159 5808 Διά
3191 5755 3348 5811 τοῦτο
3383 5757 3484 5811 οὐκ
3516 5759 3574 5813 ὲν
3609 5758 3854 5831 ἀργυρίῳ
