4128 6294
201 337 302 397 ιπε

1161 332 1661 391 οοιωεητιιιιιι
1698 330 1775 390 η(
1809 295 2069 392 Issum.
2105 366 2176 378 —
2211 333 2366 393 CAP.
2407 334 2515 391 ut.

3344 297 3456 398 at

199 446 517 522 λυτροῦσθαι
549 447 801 521 ιμελλον,
836 445 971 501 ἀλλὰ
1010 444 1254 516 δηλονότι
1292 444 1387 499 τοῦ
1427 445 1666 518 Χριστοῦ
1697 444 1759 517 et]

1876 460 1981 499 non
2019 454 2245 516 argento
2274 444 2574 503 redimendi
2606 452 2802 511 erant,
2847 443 2947 501 sed
2984 418 3185 501 Christi
3212 447 3453 516 pretioso

198 542 361 612 τιμίῳ
392 541 605 611 αίματι.

271 650 291 682 ι
314 631 425 687 Καὶ
448 630 543 685 νῦν
566 630 618 684 τί
648 632 769 683 ἐστι
805 621 937 695 ιῖιδες
984 629 1121 684 Τάδε
1162 628 1311 698 λέγει
1368 628 1605 701 Κύριος’
1652 629 1772 683 Ὀτι

198 718 404 792 ἐλήφθη
430 723 461 775 6
482 720 609 783 λαός
636 736 738 791 μου
765 719 992 791 δωρεὰν,
1017 718 1323 791 θαυμάζετε
1346 719 1443 772 καὶ
1467 717 1767 783 ὀλολύζετε.

199 810 335 866 Τόδε
368 810 519 881 λέγει
563 810 803 882 Κύριοςο
844 812 923 864 Δι’
955 813 1101 883 ὑμᾶς
1137 811 1225 866 διὰ
1266 811 1465 874 παντὸς
1501 810 1562 863 τὺ
1601 810 1772 882 δνομά

202 919 300 973 μου
330 903 731 975 βλασφημεῖται
756 904 815 956 ἐν
849 904 961 967 τοῖς
1000 902 1198 959 ιθνεσι.
1236 921 1255 953 ι
1288 902 1549 973 Σημαίνει
1587 901 1646 954 δέ
1682 901 1771 956 διὰ

198 994 399 1049 τούτων
422 998 457 1065 η
485 994 789 1065 προφητεία
824 994 924 1060 τὰς
952 995 1093 1049 κατὰ
1126 994 1364 1066 Χριστοῦ
1398 993 1767 1067 βλασφημίας,

198 1086 261 1150 ἃς
293 1086 363 1141 δι’
410 1088 619 1159 ἡμέρας
673 1088 889 1151 ἁπάσας
931 1087 1026 1141 καὶ
1060 1086 1151 1140 διὰ
1180 1086 1380 1150 παντὸς
1411 1085 1691 1141 ποιοῦνται
1719 1087 1769 1141 οἱ

198 1176 454 1249 ἄρχοντες
480 1177 572 1232 τοῦ
620 1177 883 1231 Ἰουδαίων
910 1177 1116 1240 ἔθνους.

269 1288 290 1322 ι
336 1270 437 1323 Διὰ
465 1268 622 1322 τοῦτο
651 1267 921 1337 γνώσεται
949 1271 977 1322 6
1001 1267 1127 1331 λαός
1155 1284 1259 1338 μου
1285 1264 1354 1319 το
1376 1266 1547 1337 δνομά
1578 1282 1679 1337 μου
1711 1267 1768 1319 ἐν

194 1362 260 1434 τῇ
291 1362 475 1433 ἡμέρᾳ
501 1360 704 1430 ἐκείνῃ,
736 1361 817 1413 ὅτι
851 1358 958 1428 ἐγώ
990 1361 1134 1429 είμι·
1170 1359 1331 1423 αὐτὸς
1358 1360 1387 1412 6
1408 1357 1583 1411 λαλῶν
1621 1358 1765 1430 πάρ-

194 1468 329 1522 ειμι.
380 1470 399 1503 ι
452 1451 589 1522 Ποία
633 1451 689 1504 δέ
720 1449 912 1525 ταύτῃ,
947 1448 1062 1503 ἀλλ’
1099 1451 1226 1505 ὅταν
1264 1448 1394 1519 ἐγὼ,
1444 1449 1631 1519 φησὶν,
1669 1449 1768 1501 αύ-

192 1544 313 1608 τδς,
356 1548 387 1599 6
437 1545 531 1599 νῦν
575 1542 665 1597 διὰ
716 1543 826 1597 τῶν
891 1542 1183 1615 προφητῶν
1233 1543 1406 1597 ταῦτα
1462 1542 1767 1613 φθεγγόμε-

192 1650 302 1700 νος,
340 1634 440 1707 τὴν
483 1632 719 1705 ἐμαυτοῦ
753 1634 1047 1706 ποιήσομαι
1085 1632 1385 1704 παρουσίαν
1430 1632 1509 1694 είς
1554 1628 1766 1702 ἀνθρώ-

186 1738 329 1787 πους
349 1740 365 1789 ς

192 1902 353 1974 μένου
380 1904 546 1975 ἀκοὴν
579 1905 821 1975 εἰρήνης,
843 1903 919 1967 ὠς
951 1902 1431 1973 εὐαγγελιζόμενος
1456 1900 1655 1969 ἀγαθὰ,
1684 1898 1764 1953 ὅτι

190 1995 460 2066 ἀκουστὴν
489 1996 699 2067 ποιήσω
737 1995 834 2065 τὴν
867 1993 1138 2064 σωτηρίαν
1189 2009 1303 2057 σου,
1345 1991 1547 2059 λέγων·
1600 1990 1762 2056 Σιὼν,

192 2086 495 2156 βασιλεύσει
529 2103 622 2140 σου
659 2089 688 2140 6
718 2086 880 2151 Θεός·
919 2105 937 2136 ι
972 2084 1100 2149 τοὺς
1148 2083 1533 2155 μακαρισμοὺς
1563 2098 1767 2151 καταγ-

187 2178 485 2246 γέλλοντες,
520 2179 611 2241 οὓς
636 2181 664 2231 6
691 2178 881 2249 Σωτὴρ
909 2176 1076 2229 ἐδίδου
1106 2173 1193 2228 διὰ
1244 2174 1342 2245 τῆς
1406 2172 1766 2244 εύαγγελικῆς

182 2267 554 2332 διδασκαλίας.
597 2266 844 2335 Ἐλέγετο
872 2266 931 2319 δὲ
971 2265 1031 2319 τὸ
1076 2268 1338 2339 κήρυγμα
1376 2264 1441 2336 τῇ
1482 2262 1643 2327 Σιὼν,
1674 2265 1766 2336 δη-

184 2357 318 2429 λιδὴ
350 2357 425 2429 τῷ
450 2358 685 2411 θεοσεϐεῖ
716 2358 1091 2429 πολιτεύματι,
1118 2358 1213 2411 καὶ
1244 2356 1322 2428 τῷ
1345 2357 1491 2428 χορῷ
1524 2356 1603 2427 τῷ
1631 2358 1765 2411 ἀπο-

188 2448 439 2520 στολικῷ.
472 2450 563 2503 Διὸ
594 2451 691 2523 τὴν
716 2448 987 2519 βασιλείαν
1014 2450 1120 2504 τῶν
1152 2449 1393 2522 οὐρανῶν
1426 2450 1596 2504 ἅπασι
1628 2466 1767 2503 κατ-

186 2540 453 2613 ήγγελλον
478 2539 805 2613 ἀνθρώποις.
1534 2586 1541 2592 .

256 2651 280 2683 ς
317 2634 441 2686 Ὀτι
467 2632 619 2704 φωνὴ
641 2632 748 2685 τῶν
786 2631 1165 2701 φυλασσόντων
1210 2649 1268 2685 σε
1302 2632 1511 2704 ύᾲὠθη,
1563 2633 1657 2686 καὶ
1696 2636 1759 2704 τῇ

186 2726 337 2795 φωνῇ
404 2722 519 2795 ἅμα
577 2722 1077 2795 εὐφρανθήσονταιο
1144 2724 1226 2777 ὅτι
1296 2723 1565 2794 ὀφθαλμοὶ
1626 2725 1762 2796 πρὸς

184 2814 498 2884 ὀφθαλμοὺς
516 2816 758 2885 ὄψονται,
771 2815 934 2886 ἡνίκα
958 2816 1022 2869 ἂν
1039 2815 1225 2886 ἐλέησε
1244 2816 1445 2887 Κύριος
1457 2816 1553 2886 τὴν
1568 2816 1722 2869 Σιών.
1738 2836 1756 2869 ι

183 2903 405 2956 Κατὰδὲ
420 2902 509 2956 τὸν
525 2903 872 2968 Θεοδοτίωνα,
899 2924 916 2955 ι
938 2903 1091 2975 Φωνή
1109 2904 1216 2957 τῶν
1252 2906 1467 2958 σκοπῶν
1484 2923 1576 2958 σου
1592 2908 1762 2977 ἐπῆρε

184 2996 364 3062 φωνήν
401 3010 417 3023 ο
463 2995 555 3045 ἐπὶ
588 2993 650 3047 τὺ
695 2995 826 3047 αὐτὸ
863 2994 1301 3063 ἀγαλλιάσονται.
1358 2998 1439 3049 ὅτι
1486 2998 1763 3069 ὀφθαλμδν

184 3082 241 3135 ἐν
279 3082 579 3152 ὀφθαλμοῖς
627 3082 878 3151 ὄψονται·
916 3103 935 3135 ι
975 3084 1211 3147 σκοποὺς
1236 3084 1468 3177 ἐνταῦθα
1494 3088 1621 3150 τοὺς
1657 3106 1760 3159 μα·
1787 3121 1828 3177 C

183 3171 350 3241 θητὰς
369 3174 462 3225 καὶ
484 3173 811 3238 ἀποστόλους
841 3174 931 3227 τοῦ
954 3176 1202 3248 Σωτῆρος
1225 3170 1379 3248 ἡμῶν
1404 3178 1757 3249 ὀνομάζοντος

180 3262 274 3315 τοῦ
299 3262 479 3331 λόγου.
515 3264 723 3332 Ὠσπερ
752 3264 862 3336 γὰρ
904 3265 1194 3320 ἐκαλοῦντο
1230 3268 1422 3320 σκοποὶ
1448 3268 1542 3321 τοῦ
1573 3271 1636 3323 ὲκ
1663 3287 1758 3322 πε-

181 3353 412 3423 ριτομῆς
470 3352 601 3405 λαοῦ
649 3356 699 3406 οἱ
742 3356 874 3426 παρ’
908 3356 1091 3420 αὐτοῖς
1136 3357 1417 3428 γενόμενοι
1458 3359 1755 3429 προφῆται,

179 3442 321 3496 οὕτω
344 3444 439 3497 καὶ
460 3442 555 3497 νῦν
578 3445 677 3515 τῆς
706 3444 831 3507 νέας
858 3445 952 3498 καὶ
979 3446 1171 3516 καινῆς
1213 3447 1371 3511 Σιὼν,
1415 3448 1613 3520 δηλαδὴ
1659 3450 1756 3519 τῆς

192 3534 518 3604 Ἐκκλησίας
548 3534 710 3588 αὑτοῦ
741 3536 839 3589 τοῦ
874 3535 1030 3602 Θεοῦ,
1059 3537 1155 3591 καὶ
1180 3538 1273 3591 τοῦ
1298 3538 1580 3603 θεοσεϐοῦς
1608 3540 1759 3594 πολι-

181 3623 454 3695 τεύματος
492 3640 542 3677 οι
567 3624 661 3677 τοῦ
697 3626 946 3697 Σωτῆρος
985 3628 1141 3697 ἡμῶν
1187 3628 1472 3682 ἀπόστολοι
1504 3632 1757 3699 γεγόνασι

178 3715 372 3767 σκοποὶ
424 3714 518 3766 καὶ
564 3715 829 3783 φύλακες·
866 3717 937 3780 οἳ,
978 3719 1071 3770 καὶ
1139 3718 1569 3791 όφθαλμοφανῶς
1623 3723 1756 3775 αύτ-

178 3802 337 3855 όπται
369 3803 465 3855 καὶ
496 3803 753 3875 αὐτήκοοι
805 3803 899 3858 τοῦ
933 3806 1182 3878 Σωτῆρος
1200 3809 1500 3879 γενόμενοι,
1532 3809 1754 3878 ὕψωσαν

179 3895 278 3964 τὴν
305 3893 515 3947 ἐαυτῶν
544 3896 749 3967 φωνὴν,
789 3895 866 3959 ὡς
907 3897 1232 3963 ἐξάκουστον
1282 3900 1451 3969 αὐτὴν
1506 3902 1767 3970 γενέσθαι

178 3985 311 4039 πᾶσι
351 3988 467 4049 τοῖς
498 3985 724 4041 ἔθνεσιν.
768 3989 830 4041 0i.
876 3989 921 4042 δ’
954 3989 1107 4043 αὐτοὶ
1158 3991 1337 4061 πάσης
1384 3995 1757 4064 πνευματικῆς

176 4077 515 4148 εὐφροσύνης
546 4078 896 4150 ἐπληροῦντο,
930 4080 1236 4152 ῆλεημὲνης
1263 4082 1365 4135 ὑπὸ
1382 4083 1474 4136 τοῦ
1498 4084 1631 4138 Θεοῦ
1660 4087 1758 4156 τῆς

176 4170 530 4241 ἀποδοθείσης
563 4169 694 4243 ἡμῖν
727 4172 883 4238 Σιὼν,
919 4174 1013 4227 καὶ
1061 4170 1168 4227 τῶν
1201 4174 1366 4229 πάλαι
1401 4179 1622 4249 ἐρήμων
1663 4180 1759 4232 αύ-

175 4262 277 4333 τῆς
313 4263 633 4335 σωζομένων
653 4264 741 4317 διὰ
767 4266 866 4337 τῆς
899 4266 1166 4336 σωτηρίου
1196 4267 1653 4338 ἀπολυτρώσεως·
1678 4269 1757 4323 διό

180 4370 338 4425 φησν

1875 552 2159 607 sanguine.

1946 628 2111 686 Vens.
2145 630 2200 686 5.
2244 648 2264 683 ι
2318 630 2387 684 Ει
2433 645 2579 686 nunc
2610 628 2737 699 quid
2787 630 2919 685 estis
2956 628 3094 686 hic?
3149 628 3275 687 Hec
3318 630 3454 688 dicit

1874 724 2173 779 Dominus:
2210 722 2346 789 Quia
2390 723 2603 777 ablatus
2640 729 2725 777 est
2776 721 3008 792 populus
3060 736 3215 779 meus
3235 724 3452 788 gratis,
3488 730 3491 735 '

1871 816 2211 869 admiramini
2238 822 2293 870 et
2320 814 2544 869 ululate.
2577 813 2703 869 llaec
2724 813 2858 867 dicit
2886 811 3151 868 Dominus
3174 832 3189 869 :
3217 813 3453 883 Propter

1871 922 1966 961 vos
2000 921 2213 976 semper
2271 920 2467 959 nomen
2521 920 2699 959 meum
2750 903 3161 978 blasphematur
3210 903 3264 957 in
3313 920 3452 974 gen-

1874 999 2036 1053 tibus.
2095 1016 2114 1051 ι
2169 996 2263 1052 llis
2302 998 2581 1066 prophetia
2634 995 2840 1050 indicat
2886 995 3202 1065 blasphema
3256 1006 3451 1051 contra

1868 1090 2143 1146 Christum
2175 1089 2340 1157 dicta,
2364 1105 2485 1159 qua:
2511 1087 2787 1158 principes
2827 1085 3067 1143 Iudaica:
3095 1089 3276 1159 gentis
3304 1103 3451 1159 quo-

1872 1182 2001 1235 tidie
2030 1189 2307 1235 evomunt.

1940 1273 2104 1328 Vens.
2152 1272 2205 1327 6.
2267 1291 2286 1324 ι
2346 1266 2823 1342 Ρι-οριοτοιιέεῖει
2870 1270 3097 1340 populus
3143 1285 3297 1327 meus
3346 1285 3450 1326 no-

1868 1379 1990 1419 men
2020 1378 2196 1419 meum
2226 1364 2276 1416 in
2310 1364 2397 1418 die
2435 1363 2526 1417 illa
2551 1406 2565 1427 .
2600 1364 2724 1431 quia
2752 1379 2854 1433 ego
2876 1380 2993 1417 sum
3025 1383 3037 1418 :
3072 1364 3186 1431 ipse
3223 1364 3452 1434 loquens

1870 1455 2082 1510 adsum.
2124 1473 2144 1506 ι
2184 1454 2300 1520 Qua
2328 1457 2436 1519 die,
2471 1456 2571 1509 nisi
2609 1458 2731 1510 cum
2766 1471 2869 1524 ego
2903 1458 3037 1526 ipse,
3064 1457 3159 1517 ait.
3187 1458 3277 1527 qni
3304 1473 3450 1521 nunc

1868 1561 1964 1616 per
1997 1547 2289 1616 prophetas
2317 1561 2466 1603 meos
2505 1546 2623 1602 haec
2662 1547 2879 1617 loquor,
2910 1548 2978 1603 ad
3006 1547 3259 1606 homines
3283 1550 3450 1606 adve-

1868 1636 2015 1691 niam
2049 1636 2074 1689 τ

266 1833 285 1865 ι
310 1784 415 1878 -Ὦς
438 1813 555 1887 ὥρα
592 1813 685 1868 ἐπὶ
738 1812 847 1868 τῶν
886 1813 1077 1885 ὀρέων,
1113 1811 1189 1876 ὡς
1228 1812 1386 1878 πόδες
1426 1808 1759 1881 εὐαγγελιζο-

1937 1791 2104 1851 Vens.
2142 1796 2194 1851 7.
2228 1813 2250 1848 ι
2291 1784 2446 1851 Sicut
2476 1796 2605 1853 hora
2641 1812 2803 1866 super
2832 1806 3066 1865 montes,
3099 1799 3240 1855 sicut
3276 1800 3443 1871 pedes

1867 1886 2296 1955 evangelizantis
2347 1887 2588 1942 auditum
2646 1891 2837 1958 pacis,
2884 1891 3025 1945 sicut
3061 1893 3447 1960 evangelizans

1868 1977 2005 2031 bona
2032 2017 2047 2044 ,
2076 1978 2201 2047 quia
2240 1978 2477 2032 auditam
2504 1978 2698 2034 faciam
2727 1980 2957 2034 salutem
2995 1989 3141 2035 tuam
3166 2022 3184 2048 ,
3213 1982 3443 2040 dicens:

1870 2069 1998 2124 Sion
2026 2109 2041 2135 ,
2080 2056 2326 2141 regnabit
2374 2070 2513 2126 Deus
2560 2082 2723 2126 tuus:
2755 2092 2776 2124 ι
2817 2072 3179 2128 beatitudines
3230 2089 3433 2128 annun-

1869 2163 2061 2219 tiantes
2084 2202 2100 2228 ,
2132 2179 2268 2230 quas
2316 2163 2578 2217 Servatur
2607 2178 2702 2232 per
2731 2164 3094 2234 evangelicam
3140 2165 3442 2223 doctrinam

1866 2256 2031 2310 dedit.
2079 2253 2401 2309 Praedicatio
2457 2264 2639 2309 autem
2694 2251 2822 2309 Sion
2875 2256 3323 2322 annnntiabatur,
3359 2258 3446 2312 vi-

1867 2347 2061 2402 delicet
2099 2348 2361 2417 religiosas
2413 2346 2539 2401 vita:
2585 2347 2745 2402 canui
2794 2356 2848 2402 et
2898 2348 3196 2416 apostolico
3224 2348 3440 2405 choro:

1864 2448 2192 2509 quapropter
2239 2454 2464 2509 regnum
2514 2438 2779 2494 caelorum
2824 2440 3078 2494 onmibus
3127 2440 3443 2497 hominibus

1865 2530 2252 2600 pra-dicabant.

1935 2619 2103 2675 Vens.
2136 2622 2192 2676 8.
2238 2641 2255 2673 ι
2311 2621 2444 2688 Quia
2473 2638 2574 2677 vox
2614 2624 3033 2679 custodientium
3088 2634 3143 2679 te
3200 2626 3439 2683 exaltata

1864 2726 1942 2770 est
1971 2754 1987 2779 ,
2017 2725 2071 2769 et
2113 2727 2239 2769 voce
2269 2714 2429 2769 simul
2473 2715 2801 2771 ltetabuntur
2834 2718 2999 2786 :quia
3036 2719 3176 2772 oculi
3209 2721 3274 2771 ad
3306 2735 3443 2775 ocu-

1865 2808 1946 2863 los
2006 2808 2307 2873 videbunt,
2362 2811 2583 2878 quando
2652 2812 2907 2866 misertus
2968 2808 3444 2871 fuerit'Dominus

1866 2899 2016 2953 Sion.
2059 2918 2077 2951 ι
2114 2899 2420 2954 Secundum
2455 2901 2880 2957 Theodmionem
2909 2919 3039 2957 vero
3067 2944 3080 2965 .
3114 2923 3133 2956 ι
3169 2906 3285 2960 Vox
3314 2923 3442 2977 spe-

1864 2992 2164 3045 culatorum
2223 3001 2437 3045 tuorum
2492 2993 2662 3047 edidit
2703 3010 2886 3048 vocem
2923 3012 2936 3047 :
2972 2996 3023 3048 in
3078 2996 3309 3065 idipsum
3343 3014 3441 3053 ex-

1865 3082 2165 3147 sultabunt,
2199 3082 2323 3149 quia
2356 3082 2570 3138 oculum
2601 3086 2653 3137 in
2682 3086 2856 3140 oculis
2881 3086 3163 3142 videbunt.
3220 3107 3238 3139 ι
3301 3090 3441 3160 Spe-

1860 3172 2131 3227 culatores
2157 3173 2243 3227 hic
2271 3184 2428 3228 vocat
2464 3176 2760 3244 discipulos
2784 3188 2838 3231 et
2868 3179 3143 3246 apostolos
3193 3181 3441 3238 Salvato-

1860 3264 1937 3318 ris
1964 3266 2155 3318 nostri.
2192 3266 2655 3332 Quemadmodum
2683 3270 2825 3324 enim
2854 3272 3227 3341 speculatores
3255 3278 3438 3347 populi

1861 3374 1925 3413 ex
1957 3360 2367 3416 circumcisione
2393 3364 2726 3418 vocabantur
2776 3368 3055 3435 propheta:
3081 3409 3096 3433 ,
3128 3371 3217 3439 qui
3268 3387 3440 3440 penes

1859 3451 1977 3506 illos
2013 3461 2207 3519 erant;
2241 3452 2313 3506 ita
2344 3463 2398 3508 et
2433 3470 2577 3509 nunc
2607 3472 2759 3513 novae
2797 3459 2940 3513 illius
2994 3458 3197 3527 Sionis,
3228 3465 3442 3527 nvide|i~

1859 3551 1945 3597 cet
1968 3542 2223 3599 Ecclesiae
2253 3546 2343 3599 Dei
2383 3546 2729 3618 religiosique
2768 3560 2975 3618 ctetus,
3010 3547 3315 3612 Salvatoris
3339 3572 3440 3617 no-

1858 3636 1957 3691 stri
1997 3637 2222 3705 apostoli
2260 3638 2627 3707 speculatores
2656 3639 2831 3696 eﬂ‘ecti
2861 3653 3025 3712 sunt,
3058 3657 3221 3715 atque
3256 3659 3438 3705 custo-

1860 3728 1954 3782 des
1987 3746 2003 3782 :
2037 3731 2128 3798 qui
2160 3731 2403 3798 ejusdem
2433 3730 2738 3787 Salvatoris
2769 3735 2969 3789 oculati
3007 3747 3177 3793 testes
3205 3776 3222 3805 ,
3264 3751 3319 3795 et
3344 3756 3439 3797 au-

1860 3819 2083 3887 ditores,
2111 3822 2215 3874 alta
2250 3836 2383 3877 voce
2415 3822 2578 3877 locuti
2608 3836 2774 3891 sunt;
2822 3828 2891 3880 ita
2940 3838 2997 3881 ut
3020 3831 3182 3883 etiam
3214 3833 3283 3887 ab
3310 3850 3430 3888 om-

1860 3912 2017 3965 nibus
2071 3912 2318 3980 gentibus
2356 3914 2689 3969 audirentur.
2742 3918 2906 3972 lidem
2940 3934 3070 3974 vero
3122 3922 3223 3991 ipsi
3276 3927 3430 3982 omni

1859 4003 2122 4072 spirituali
2160 4004 2344 4058 lmtitia
2392 4006 2761 4075 replebantur,
2806 4011 2929 4079 quia
2968 4011 3187 4069 Sionem
3224 4015 3373 4072 illam
3405 4057 3424 4085 ,

1859 4093 1925 4148 de
1956 4110 2061 4164 qua
2089 4092 2340 4164 superius
2369 4136 2384 4162 ,
2434 4098 3010 4159 miseratusest'Deus
3035 4146 3051 4169 ,
3082 4117 3134 4161 et
3161 4109 3283 4176 quia
3336 4110 3427 4170 illa

1858 4183 1985 4238 olim
2032 4186 2243 4241 deserta
2278 4188 2417 4255 ejus,
2469 4205 2565 4259 per
2613 4193 2908 4253 salutarem
2956 4200 3382 4270 redemptionem
3410 4241 3429 4271 ,

1858 4275 2093 4332 salutare
2119 4288 2277 4334 nacta
2310 4289 2436 4334 sunt
2469 4298 2482 4334 :
2515 4297 2682 4351 quare
2711 4286 2817 4340 ait:

247 4464 267 4497 ι
316 4443 558 4515 Ῥηξάτω
592 4448 931 4522 εύφροσυνην
958 4451 1095 4522 ἅμα,
1129 4452 1199 4506 τὰ
1246 4452 1429 4525 ἔρημα
1476 4455 1749 4526 Ἰερουσα-

1933 4452 2087 4508 Vens.
2117 4456 2171 4520 9,
2200 4457 2285 4511 to.
2332 4458 2674 4532 «Erumpant
2724 4466 2775 4519 in
2832 4467 3071 4522 lcctitiam
3122 4471 3281 4527 simul
3330 4474 3429 4529 de-

174 4531 288 4604 λήμ
306 4549 322 4563 ’
358 4534 441 4586 ὅτι
464 4534 661 4605 ἠλέησε
688 4538 890 4608 Κύριος
922 4539 1111 4611 αὐτὴν,
1142 4542 1237 4595 καὶ
1261 4542 1529 4612 ἐρρύσατο
1556 4542 1750 4614 Ἰερου-

176 4623 382 4694 σαλήμ.
436 4626 542 4678 Καὶ
584 4626 926 4696 ἀποκαλύψει
973 4631 1179 4703 Κύριος
1227 4632 1318 4685 τὸν
1366 4632 1626 4704 βραχίονα
1658 4634 1749 4688 τὸν

175 4715 328 4781 ἅγιον
358 4713 523 4766 αὐτοῦ
546 4716 773 4770 ἐνώπιον
807 4721 1022 4773 πάντων
1052 4721 1159 4774 τῶν
1194 4722 1381 4786 ἐθνῶν,
1417 4724 1509 4776 καὶ
1530 4724 1748 4792 ὄψονται

176 4806 352 4857 πάντα
390 4804 459 4856 τὰ
490 4805 634 4876 ἄκρα
661 4807 760 4877 τῆς
780 4808 886 4879 γῆς
907 4810 1003 4881 τὴν
1035 4814 1307 4883 σωτηρίαν
1339 4815 1438 4884 τὴν
1468 4816 1618 4885 παρὰ
1652 4816 1747 4869 τοῦ

174 4892 309 4945 Θεοῦ
351 4892 519 4962 ἡμῶν.
553 4912 573 4943 ι
611 4894 771 4966 Ὁρᾷς
798 4898 947 4961 ὅπως
964 4899 1055 4951 καὶ
1092 4899 1180 4952 διὰ
1207 4900 1408 4954 τούτων
1435 4906 1545 4966 τοῖς
1568 4904 1746 4958 ἔθνεσι

173 4983 241 5036 τὰ
264 4982 595 5050 εὐαγγελικὰ
626 4986 952 5057 κηρύγματα
973 4990 1439 5061 ἐπαγγελλόμενος
1471 4994 1747 5064 ὑπισχνεί-

174 5087 300 5136 ut;
328 5071 432 5125 Τδν
458 5071 567 5142 γὰρ
592 5071 850 5144 βραχίονα
892 5078 979 5130 τὸν
1010 5079 1162 5148 ἅγιον
1197 5081 1382 5145 αὑτοῦ,
1412 5076 1565 5147 οὗτος
1597 5082 1743 5158 δὲῆν

175 5165 203 5215 6
235 5161 335 5216 τοῦ
366 5161 500 5216 Θεοῦ
539 5166 727 5233 Λόγος,
762 5167 1167 5224 ἀποκαλύπτειν
1190 5173 1278 5227 τὸν
1306 5172 1437 5225 Θεόν
1459 5192 1588 5245 φησι
1613 5178 1744 5230 πᾶσι

177 5258 292 5318 τοῖς
316 5253 541 5308 ἔθνεσιν.
576 5257 804 5322 Οὐκοῦν,
835 5259 1053 5313 ἐπειδὰν
1075 5268 1366 5335 προσφωνῇ
1392 5270 1457 5338 τῇ
1491 5266 1626 5319 Σιὼν
1652 5269 1744 5321 καὶ

186 5344 566 5416 Ἰερουσαλὴμ,
599 5346 665 5401 τὰ
686 5347 956 5421 λεγόμενα
986 5354 1078 5406 ἐπὶ
1106 5355 1205 5408 τὴν
1235 5355 1342 5408 τῶν
1368 5356 1534 5409 ἐθνῶν
1560 5356 1747 5428 κλῆσιν

173 5435 526 5507 ἀναφέρεται.

253 5547 274 5580 ι
305 5529 621 5601 Ἀπόστητε,
652 5532 941 5606 ἀπόστητε,
969 5536 1212 5603 ἐξέλθετε
1244 5541 1468 5604 ἐκεῖθεν,
1504 5541 1597 5593 καὶ
1617 5542 1750 5595 ἀκα-

180 5618 374 5686 θαρτου
411 5619 488 5691 μὴ
514 5620 688 5693 ἆψητε
708 5640 721 5652 ·
755 5625 999 5690 ἐξέλθετε
1026 5630 1089 5682 ἐκ
1116 5630 1281 5699 μέσου
1312 5628 1477 5702 αὐτῆς
1500 5648 1512 5660 ο
1538 5651 1555 5681 ›
1590 5631 1747 5701 δῆλον

178 5705 233 5759 δὲ
260 5710 337 5762 ὅτι
372 5711 435 5763 ἐκ
462 5710 568 5763 τοῦ
598 5712 829 5767 ἀπίστου
857 5715 985 5769 λαοῦ
1018 5719 1112 5771 καὶ
1154 5720 1480 5790 ἀκαθάρτου.
1517 5740 1535 5771 ι
1589 5722 1717 5790 Ἀιρο

180 5801 411 5875 philyra,
474 5804 522 5855 οἱ
593 5803 849 5875 φέροντες
893 5807 961 5861 τὰ
1013 5811 1176 5878 σκεύη
1237 5813 1459 5879 Κυρίου.
1502 5832 1519 5864 ι
1569 5813 1740 5883 Σκεύη

1856 4554 1997 4598 serta
2031 4545 2328 4603 Jerusalem
2363 4568 2376 4602 :
2416 4553 2543 4619 quia
2581 4554 2834 4610 misertus
2864 4568 2945 4611 est
2975 4557 3239 4617 Dominus
3282 4565 3423 4633 ejus,

1854 4645 1907 4689 et
1941 4638 2080 4690 eruit
2108 4637 2431 4696 Jerusalem.
2461 4643 2529 4697 Et
2559 4647 2819 4701 revelabit
2852 4650 3110 4705 Dominus
3142 4654 3425 4712 brachium

1854 4737 2099 4782 sanctum
2147 4745 2302 4783 suum
2350 4733 2401 4784 in
2447 4747 2737 4803 conspectu
2777 4742 3015 4794 omnium
3053 4746 3314 4813 gentium.
3360 4748 3426 4801 Et

1853 4819 2111 4872 videbunt
2132 4834 2319 4875 onmes
2348 4821 2479 4876 ﬁnes
2514 4835 2669 4881 terra:
2698 4829 2952 4898 salutem,
2980 4849 3098 4901 quae
3136 4846 3218 4890 est
3249 4854 3277 4890 a
3316 4837 3424 4893 Deo

1853 4922 2061 4961 nosuo.
2096 4928 2115 4960 ι
2174 4910 2359 4963 Viden‘
2390 4927 2497 4980 quo
2541 4926 2697 4984 pacto
2733 4918 2816 4974 liis
2848 4922 3014 4975 etiam
3050 4926 3226 4979 verbis
3253 4943 3421 4982 evan-

1852 5000 2077 5067 gelicam
2120 5003 2555 5070 praedicationem
2599 5011 2851 5077 gentibus
2890 5001 3255 5082 polliceatur?
3292 5018 3422 5075 Ete-

1852 5090 1961 5141 nim
1994 5091 2269 5144 brachium
2299 5105 2543 5148 sanctum
2575 5112 2755 5163 suum,
2797 5103 2939 5168 quod
2968 5115 3085 5157 erat
3119 5108 3290 5175 ipsum
3326 5108 3419 5165 Dei

1852 5178 2108 5244 Verbum,
2139 5184 2388 5238 omnibus
2418 5186 2665 5254 gentibus
2704 5190 3062 5248 revelatnrum
3100 5200 3217 5251 esse
3251 5198 3419 5254 Deum

1854 5273 2113 5328 declarat.
2162 5274 2296 5330 Cum
2330 5278 2511 5347 itaque
2536 5279 2665 5333 Sion
2722 5292 2776 5335 et
2828 5282 3122 5341 Jerusalem
3162 5290 3241 5343 sic
3286 5290 3420 5345 allo—

1850 5374 2066 5433 quatur,
2096 5366 2211 5421 ha‘c
2238 5370 2304 5423 ad
2331 5372 2567 5439 gentium
2595 5372 2927 5427 vocationem
2960 5374 3240 5432 referenda
3268 5390 3415 5433 sunt.

1922 5542 2084 5600 Vens.
2116 5547 2202 5601 ll.
2247 5566 2265 5599 ι
2293 5548 2567 5616 Βερειιίιο,
2616 5552 2872 5617 recedite,
2919 5554 3231 5623 egredimini
3269 5555 3413 5620 inde,

1850 5644 1904 5687 et
1930 5635 2262 5690 immundum
2297 5639 2459 5693 nolite
2488 5651 2705 5710 tangere
2732 5665 2741 5696 :
2769 5644 2912 5697 exite
2937 5643 3002 5698 de
3031 5644 3207 5709 medio
3228 5645 3409 5712 ejusp
3488 5660 3495 5669 ‘

1848 5725 2094 5781 videlicet
2123 5743 2185 5782 ex
2232 5729 2508 5783 incredqu
2542 5742 2595 5785 et
2640 5732 2913 5788 immundo
2951 5736 3165 5804 papulo.
3203 5755 3221 5787 ι
3244 5736 3414 5805 Sepa-

1852 5818 2079 5881 raminl,
2138 5821 2227 5888 qui
2280 5822 2504 5889 portatis
2545 5838 2668 5878 vasa
2701 5824 2930 5879 Domini.
2960 5844 2979 5877 ι
3033 5826 3167 5881 Vasa
3198 5825 3411 5881 Domini
