4128 6294
723 322 829 378 4¹ἰ5

1397 321 1663 377 EUSEBH
1701 319 2172 378 CESARIENSIS
2210 319 2358 375 OPP.
2399 317 2580 374 PARS
2617 317 2703 372 Ill.
2742 347 2810 360 -—-
2850 316 3254 374 EXEGETICA.

3844 311 3961 367 εδδ

723 453 881 500 erant
907 457 1130 514 corpora
1163 443 1424 512 ipsorum.
1453 458 1482 496 a
1515 441 1742 498 Domino
1773 443 1964 509 electa,
2004 442 2056 495 in
2087 442 2271 496 sancti-

2388 440 2591 511 Κυρίου
2637 436 2706 510 ῆν
2748 440 2814 492 τὰ
2857 438 3178 509 ἐκλεχθέντα
3217 435 3320 490 ὑπὸ
3351 434 3445 489 τοῦ
3479 430 3688 504 Κυρίου
3722 431 3962 502 σώματα

728 546 837 590 tate
873 544 926 592 et
957 537 1160 592 honore
1193 537 1300 590 Deo
1334 545 1611 604 segregata
1640 552 1656 599 ;
1687 535 1799 590 sive
1827 535 1990 589 etiam
2019 549 2147 590 vasa
2175 535 2279 591 Do-

715 627 853 682 mini
901 636 1060 680 erant
1097 625 1234 679 Novi
1285 624 1613 678 'l‘estamenti
1658 625 1986 696 Evangelia:
2021 641 2142 696 qua
2191 627 2280 696 qui

712 733 806 786 ges
823 717 1025 779 tabant,
1082 719 1145 772 ali
1180 715 1546 770 incredulitate
1575 714 1881 771 Judzeorum
1909 731 2162 773 amovere
2199 733 2278 783 se,

712 808 777 861 ab
816 805 992 876 iisque
1017 821 1075 862 se
1103 820 1420 876 segregare,
1450 804 1729 874 iubentur.

793 993 956 1048 Vsus.
985 993 1070 1048 12.
1127 1013 1146 1044 ε
1175 993 1307 1060 Quia
1342 1010 1450 1050 non
1483 1011 1606 1050 cum
1644 996 1869 1051 tumultu
1901 997 2155 1065 exibitis,
2185 1013 2282 1055 ne-

718 1097 824 1150 que
877 1082 1140 1153 fugientes
1206 1084 1353 1138 ibitis
1392 1102 1408 1139 :
1444 1085 1710 1156 praecedet
1761 1087 1904 1142 enim
1953 1103 2048 1143 vos
2099 1087 2280 1143 Domi-

721 1190 862 1240 nus,
918 1184 973 1229 et
1029 1176 1119 1245 qui
1178 1185 1471 1248 congregat
1519 1191 1615 1232 vos
1667 1175 1810 1233 Deus
1860 1177 2048 1234 israel.
2081 1196 2102 1231 ι
2161 1179 2277 1234 Non

717 1266 859 1318 enim
914 1268 1066 1335 quasi
1119 1267 1376 1338 compulsi
1427 1268 1493 1323 ad
1543 1271 2052 1326 circumcursandas
2093 1282 2279 1342 gentes

717 1357 1046 1413 accedebant
1095 1357 1356 1426 apostoli;
1409 1359 1502 1414 sed
1548 1375 1670 1415 cum
1715 1360 1859 1414 omni
1907 1360 2184 1417 alacritate
2224 1371 2278 1417 et

715 1448 1008 1504 voluntatis
1053 1449 1268 1516 affectu,
1317 1447 1456 1520 jussi
1505 1450 1700 1506 docere
1747 1464 1936 1507 omnes
1995 1460 2181 1524 gentes
2222 1452 2276 1507 in

718 1539 936 1594 nomine
969 1538 1101 1606 ejus.

790 1629 953 1690 Vsus.
987 1633 1071 1686 i3.
1110 1651 1128 1683 ε
1156 1631 1292 1688 Ecce
1322 1631 1576 1701 intelliget
1605 1647 1738 1702 puer
1765 1647 1935 1698 meus,
1966 1643 2023 1688 et
2061 1644 2272 1691 erada-

716 1719 884 1786 hitur,
937 1730 990 1775 et
1017 1721 1406 1792 gloriﬁcabitur
1435 1722 1605 1777 valde.
1633 1741 1654 1775 ι
1713 1723 1879 1788 Queis
1919 1725 2272 1780 resurrectio-

2381 532 2580 595 αὐτῶν,
2617 532 2674 583 ἐν
2703 530 2979 603 ἁγιωσύνῃ
3007 529 3100 583 καὶ
3122 531 3255 600 τιμῇ
3294 527 3372 599 τῷ
3393 526 3511 596 Θεῷ
3550 524 3911 598 ἀφωρισμένα
3935 539 3954 554 ⁸

2380 622 2413 692 ἢ
2446 622 2538 675 καὶ
2572 620 2740 690 σκεύη
2786 621 2991 692 Κυρίου
3018 619 3282 690 ἐτύγχανε
3305 620 3374 674 τὰ
3405 620 3502 690 τῆς
3524 616 3735 686 Καινῆς
3759 615 3961 686 mor;-

2381 731 2481 783 κης
2525 713 2860 780 Εὐαγγέλια·
2912 711 3054 781 ἅπερ
3087 709 3574 781 ἐπικομιζομένους
3614 707 3958 761 ἀπαλλάττε-

2382 805 2504 858 σθαι
2537 805 2635 876 τῆς
2677 803 2929 866 ἀπιστίας
2968 803 3062 857 τοῦ
3120 801 3389 857 Ἰουδαίων
3432 800 3585 865 λαοῦ,
3622 800 3715 852 καὶ
3757 797 3961 870 ἀφορία

2380 896 2564 963 ζεσθαι
2592 895 2770 950 αὐτῶν
2799 896 3142 966 προστάττει.

2455 1009 2474 1041 ι
2506 991 2626 1049 ὐτι
2655 990 2717 1042 οὑ
2757 986 2895 1058 μετὰ
2931 986 3178 1058 ταραχῆς
3211 976 3556 1050 ε’ξελεύσεσθε
3578 1023 3594 1047 ,
3634 983 3753 1036 οίιᾶ
3795 983 3952 1052 φυγῇ

2379 1078 2710 1153 πορεύσεσθε
2730 1095 2744 1108 ·
2778 1078 3209 1151 προπορεύσεται
3238 1076 3346 1146 γὰρ
3366 1075 3626 1146 πρότερος
3653 1073 3802 1144 ὑμῶν
3832 1073 3958 1126 Κύ-

2382 1189 2513 1245 ριος,
2537 1169 2629 1224 καὶ
2657 1171 2685 1222 ό
2707 1170 3050 1238 ἐπισυνάγων
3077 1169 3218 1238 ὑμᾶς
3243 1167 3374 1230 Θεὸς
3414 1164 3645 1236 Ἰσραήλ.
3686 1183 3704 1216 ι
3737 1165 3811 1217 Οὐ
3834 1162 3956 1235 γὰρ

2374 1269 2452 1332 ὡς
2505 1265 2844 1336 ἐλαυνόμενοι
2897 1256 3198 1335 προσῆλθον
3251 1263 3330 1326 εἰς
3387 1259 3485 1330 τὴν
3536 1257 3783 1328 περίοδον
3831 1257 3952 1309 τῶν

2377 1358 2546 1413 ἐθνῶν
2567 1359 2617 1410 οἰ
2651 1354 2960 1417 ἀπόστολοι,
2994 1352 3131 1408 ἀλλὰ
3159 1351 3438 1423 προθυμίᾳ
3470 1350 3620 1421 πάσῃ
3642 1351 3734 1402 καὶ
3751 1365 3955 1420 προαιι

2376 1453 2524 1525 ρᾶσει
2567 1452 2918 1522 αὑτεξουσίῳ,
2960 1448 3340 1512 κελευσθέντες
3387 1445 3719 1519 μαθητεῦσαι
3763 1445 3954 1498 πάντα.

2374 1543 2443 1597 τά
2470 1542 2594 1614 ἔθνη
2623 1545 2681 1596 ἐν
2700 1544 2778 1614 τῷ
2810 1543 3033 1612 ὀνόματι
3053 1539 3219 1594 αὑτοῦ

2435 1649 2454 1683 ι
2478 1631 2607 1685 Ἰδοὺ
2629 1633 2886 1702 συνήσειό
2902 1633 3030 1693 παῖς
3054 1647 3177 1700 μου,
3191 1629 3286 1682 καὶ
3303 1627 3665 1698 ὑψωθήσεται,
3679 1624 3772 1679 καὶ
3794 1622 3957 1688 δοξαρ

2376 1723 2627 1796 σθήσεται
2642 1724 2862 1798 σφόδρα.
2878 1742 2894 1774 ι
2908 1725 2983 1775 Δι’
2999 1716 3072 1778 ὧν
3084 1722 3180 1793 τὴν
3195 1719 3330 1791 μετά
3353 1719 3444 1774 τὸν
3467 1718 3691 1772 θάνατον
3710 1716 3955 1770 ἀνάστιρ-

716 1826 836 1865 nem
867 1826 896 1864 a
926 1813 1170 1873 mortuis,
1220 1811 1639 1881 assumptionem
1689 1812 1812 1866 item
1863 1812 1914 1866 in
1956 1813 2171 1879 ccelum,
2214 1826 2270 1870 et

2370 1831 2472 1880 σιν,
2493 1817 2585 1869 καὶ
2598 1815 2696 1886 τὴν
2711 1818 2790 1880 εἰς
2804 1816 3062 1886 οὐρανοὺς
3077 1812 3340 1884 ἀνάληψίν
3357 1828 3416 1866 τε
3427 1811 3519 1866 καὶ
3534 1811 3738 1881 ῦψιικτιν
3752 1807 3956 1880 σημαι-

711 1901 1090 1956 exaltationem
1140 1902 1429 1972 signiﬁcat.
1481 1901 1707 1956 Servum
1745 1918 1929 1972 porro,
1973 1906 2266 1960 secundum

713 1992 982 2060 Aquilam,
1039 2008 1160 2048 eum
1204 1994 1323 2062 jure
1372 2001 1665 2060 nuncupat,
1711 1994 1780 2048 ob
1827 1994 1969 2049 servi
2021 1994 2267 2060 formam,

711 2097 873 2150 quam
921 2082 1144 2150 accepit.
1203 2079 1333 2134 Nam
1384 2081 1525 2135 Deus
1567 2079 1821 2146 Verbum,
1878 2085 2269 2154 tsemetipsum

714 2172 1009 2225 exinanivit
1058 2187 1178 2225 cum
1227 2171 1278 2224 in
1328 2169 1499 2225 forma
1547 2172 1640 2228 Dei
1691 2183 1853 2242 esset,
1897 2185 1955 2230 ut
1999 2177 2074 2229 ait
2118 2191 2272 2232 sacer

710 2262 1063 2333 Apostolus‘,
1100 2261 1326 2315 formam
1359 2263 1498 2317 servi
1540 2263 1844 2332 accipiens,
1878 2275 1932 2321 et
1973 2265 2156 2321 habitu
2189 2267 2272 2322 in-

711 2361 903 2406 ventus
939 2362 996 2405 ut
1028 2353 1212 2408 homo.
1244 2373 1263 2405 ι
1303 2354 1498 2408 Verum
1543 2355 1656 2424 ipse
1688 2373 1818 2426 puer
1843 2368 1898 2410 et
1937 2372 2126 2412 servus
2155 2357 2270 2422 Dei,

709 2440 856 2494 uutni
902 2441 1161 2509 sapientia
1201 2452 1257 2496 et
1311 2443 1534 2498 scientia
1570 2444 1880 2514 rcplebatur
1905 2485 1920 2509 ,
1960 2446 2103 2515 quod
2138 2445 2269 2502 Ver—

713 2530 837 2586 bum
864 2531 955 2585 Dei
989 2531 1040 2584 in
1070 2545 1129 2584 se
1155 2533 1476 2590 contineret.

782 2621 947 2676 Vrsas.
967 2621 1053 2684 l4.
1085 2622 1169 2678 l5.
1205 2642 1224 2674 ι
1251 2624 1401 2678 Sicut
1427 2625 1889 2696 stnpebuntsuper
1916 2633 1967 2680 te
1993 2625 2165 2692 multi,
2193 2625 2273 2682 sic

713 2711 940 2782 ingloria
972 2713 1076 2767 erit
1123 2715 1189 2768 ab
1248 2714 1554 2769 hominibus
1591 2715 1798 2784 species
1843 2725 1954 2783 tua,
2002 2727 2056 2772 et
2105 2717 2269 2788 gloria

713 2812 804 2855 tua
830 2817 858 2855 a
889 2803 1011 2858 (iliis
1052 2803 1351 2858 hominum.
1396 2803 1473 2858 lta
1503 2807 1841 2861 mirabuntur
1871 2817 2057 2877 gentes
2097 2808 2271 2864 multae

711 2908 874 2962 super
899 2908 986 2958 eo,
1021 2903 1074 2949 et
1114 2895 1466 2949 continebunt
1494 2911 1646 2965 reges
1671 2911 1732 2951 os
1762 2912 1917 2951 suum
1948 2915 1962 2952 :
2002 2898 2125 2968 quia
2153 2899 2273 2968 qni-

712 2985 813 3038 bus
843 3000 945 3039 non
978 2992 1060 3039 est
1090 2984 1470 3038 annuntiatum
1509 2986 1573 3040 de
1605 2986 1716 3050 illo,
1747 2987 2026 3052 videbunt,
2075 2997 2131 3042 et
2180 2988 2270 3058 qui

713 3090 823 3130 non
871 3075 1175 3139 audierunt,
1227 3075 1542 3146 intelligent.
1577 3095 1594 3128 ι
1639 3076 1694 3130 Id
1738 3077 1882 3132 enim
1929 3092 2082 3147 reges
2125 3093 2275 3133 eom-

715 3166 983 3230 movebat,
1004 3181 1194 3236 nempe
1219 3169 1359 3236 quod
1386 3145 1751 3237 evangelicum
1775 3145 2084 3223 verbumiad
2103 3184 2273 3224 remo-
2298 3145 2342 3201 ο

715 3258 950 3313 tissimas
990 3268 1174 3328 gentes
1221 3260 1558 3328 pervaderet.
1618 3259 1683 3314 Et
1735 3259 1848 3314 hac
1893 3259 2110 3329 quidem
2143 3261 2270 3317 olim

715 3351 884 3403 verbo
936 3348 1462 3418 praenuntiabantur,
1511 3364 1569 3403 re
1620 3357 1796 3403 autem
1843 3350 2106 3418 completa
2151 3361 2274 3407 sunt

715 3440 766 3494 in
797 3439 1090 3494 Salvatoris
1120 3441 1184 3494 ad
1213 3455 1307 3494 eos
1341 3441 1572 3494 adventu
1603 3458 1617 3493 :
1653 3455 1812 3509 quem
1839 3440 2010 3495 oculis
2045 3455 2166 3495 cum
2200 3442 2273 3496 vi-

713 3531 902 3583 derent
946 3527 1136 3594 Judaei,
1198 3545 1488 3597 vocemque
1541 3530 1658 3600 ejus
1711 3531 1981 3597 audirent,
2037 3547 2136 3587 nec
2186 3533 2270 3587 in-

713 3618 1068 3681 tellexerunt,
1119 3633 1221 3672 nec
1266 3618 1502 3687 loquenti
1557 3635 1712 3674 aures
1763 3621 2146 3689 praebuerunt;
2195 3622 2268 3676 ita

710 3721 770 3762 nt
805 3711 965 3764 etiam
1011 3711 1286 3780 prophetia
1323 3711 1410 3764 illa
1450 3710 1561 3778 jam
1595 3711 1867 3780 praemissa
1899 3712 1950 3765 in
1987 3711 2088 3767 illis
2123 3727 2270 3767 com-

712 3804 986 3872 pieretur,
1037 3822 1055 3856 ι
1087 3803 1282 3856 Auditu
1313 3803 1563 3867 audietis,
1605 3813 1658 3858 et
1702 3818 1804 3857 non
1838 3805 2184 3872 intelligetis;
2215 3813 2270 3858 et

714 3897 1066 3967 respicientes
1100 3897 1418 3967 respicietis,
1459 3907 1515 3952 et
1557 3913 1660 3952 non
1696 3897 1966 3952 Videbitis.
1999 3915 2018 3948 ι

1269 4075 1492 4133 CAPUT
1546 4077 1672 4133 Llll.

781 4167 942 4223 Ἴης.
977 4167 1028 4222 i.
1066 4167 1354 4234 t'Domine,
1389 4171 1508 4238 quis
1539 4171 1766 4224 credidit
1791 4171 1990 4226 auditui
2037 4182 2219 4228 nostro
2241 4178 2265 4226 τ

711 4266 768 4310 et
817 4257 1094 4312 brachium
1146 4259 1355 4312 Domini
1408 4261 1489 4313 cui
1525 4261 1816 4314 revelatum
1850 4265 1973 4316 est?
2005 4282 2023 4314 ι
2069 4264 2265 4318 Miran-

713 4347 844 4399 timn
879 4361 1024 4400 more
1056 4347 1146 4400 Dei
1183 4350 1492 4417 prophetae,
1537 4349 1773 4405 Judaicm
1814 4353 1986 4421 gentis
2017 4355 2265 4408 incredu-

713 4437 914 4492 litatem
965 4449 1286 4503 cernentes,
1343 4455 1405 4493 ac
1457 4442 1692 4509 gentium
1749 4445 2149 4497 conversionem
2210 4458 2262 4498 et

2371 1922 2468 1961 νει.
2516 1905 2710 1958 Δοῦλον
2733 1906 2790 1960 δὲ
2811 1905 2992 1969 αὑτὸν,
3025 1904 3166 1958 κατά
3192 1903 3284 1956 τὸν
3301 1901 3547 1966 ’Δκύλαν,
3569 1901 3790 1963 εἰκότως
3815 1901 3958 1953 ἀπο-

2372 1997 2523 2050 καλεῖ
2536 1996 2622 2051 διὰ
2633 1998 2729 2070 τὴν
2748 1997 2956 2069 μορφὴν
2965 1995 3058 2049 τοῦ
3073 1995 3254 2048 δούλου
3263 2034 3276 2058 ,
3290 1995 3357 2066 ήν
3367 1993 3638 2064 ἀνείληφε.
3651 2012 3668 2046 ι
3687 1990 3912 2046 Ἐαυτὺν
3922 2010 3944 2042 ι

2371 2085 2479 2157 γὰρ
2508 2105 2527 2138 ι
2555 2085 2818 2140 ἐκένωσεν
2838 2088 2896 2138 ἐν
2920 2087 3098 2155 μορφῇ
3119 2079 3255 2136 Θεοῦ
3279 2083 3535 2152 ὑπάρχων
3557 2079 3688 2144 Θεὸς
3705 2078 3902 2146 Λόγος,
3916 2095 3939 2128 ι

2372 2167 2514 2229 κατά
2530 2175 2618 2228 τὸν
2638 2175 2780 2247 ἰερδν
2797 2175 3114 2228 ’Δπόστολον
3129 2214 3143 2238 ,
3167 2191 3187 2224 ε
3209 2173 3419 2244 μορφὴν
3433 2171 3618 2225 δούλου
3635 2169 3833 2233 λαϐὼν,
3849 2169 3950 2233 καὶ

2373 2268 2611 2338 σχήματι
2637 2266 2881 2338 εὑρεθεὶς
2901 2267 2978 2330 ὡς
3009 2267 3314 2337 ἄνθρωπος.
3347 2283 3366 2316 ι
3399 2263 3537 2317 Ἀλλ’
3566 2262 3726 2325 αὐτὸς
3759 2262 3788 2314 ὁ
3809 2261 3950 2322 παῖς

2371 2355 2464 2408 τοῦ
2505 2355 2639 2409 Θεοῦ
2683 2355 2778 2409 καὶ
2808 2353 2991 2417 δοῦλος
3035 2354 3216 2425 πάσης
3259 2351 3560 2425 ἐπληροῦτο
3610 2352 3801 2420 σοφίας
3844 2350 3947 2403 καὶ

2370 2444 2698 2514 ἐπιστήμης,
2731 2443 2821 2496 τὸν
2848 2441 2982 2496 Θεοῦ
3011 2441 3175 2511 Λόγον
3198 2443 3279 2506 είς
3304 2440 3466 2495 αὑτὸν
3504 2441 3785 2513 χωρήσας.

2448 2644 2466 2677 ι
2505 2625 2605 2678 ’ον
2633 2625 2832 2697 τρόπον
2879 2625 3234 2694 ἐκστήσονται
3281 2623 3376 2676 ἐπὶ
3425 2623 3485 2678 σέ
3527 2621 3732 2686 πολλοὶ,
3763 2621 3945 2685 οὕτως

2372 2715 2622 2788 ἀδοξήσει
2647 2717 2756 2770 ἀπὸ
2781 2716 2890 2769 τῶν
2917 2715 3216 2788 ἀνθρώπων
3237 2714 3296 2769 τὸ
3318 2710 3453 2777 εἶδός
3479 2730 3592 2779 σου,
3624 2713 3718 2767 καὶ
3745 2713 3780 2784 ή
3809 2711 3948 2778 δόξα

2373 2823 2465 2860 σου
2514 2805 2623 2860 ἀπὸ
2664 2805 2772 2860 τῶν
2815 2805 2945 2858 υίῶν
2991 2802 3309 2876 ἀνθρώπων.
3371 2802 3528 2858 Οὕτω
3569 2793 3946 2872 θαυμάσονται

2371 2897 2497 2968 ἔθνη
2518 2896 2686 2950 πολλά
2713 2896 2976 2966 ὲπάὐτῷ,
3000 2895 3094 2948 καὶ
3123 2895 3398 2960 συνέξουσι
3423 2893 3658 2964 βασιλεῖς
3679 2892 3742 2946 τὸ
3762 2891 3947 2962 στόμα

2373 2987 2586 3042 αὐτῶν·
2621 2988 2704 3040 ὅτι
2735 2983 2816 3050 οἷς
2857 2988 2958 3040 οὐκ
3001 2985 3272 3058 ἀνηγγέλη
3305 2986 3431 3056 περί
3463 2982 3660 3049 αὑτοῦ,
3693 2983 3942 3054 δψονται,

2373 3079 2468 3132 καὶ
2507 3077 2557 3132 οῖ
2593 3079 2694 3132 οὐκ
2725 3077 3019 3148 ἀκηκόασι,
3059 3077 3366 3146 συνήσουσι.
3406 3093 3424 3127 ι
3455 3073 3624 3128 Τοῦτο
3651 3073 3759 3144 γάρ
3781 3068 3852 3144 ῆν
3873 3075 3944 3128 τὸ

2373 3168 2599 3238 κινῆσαν
2625 3168 2750 3232 τοὺς
2781 3161 3036 3237 βα’σιλείς,
3071 3165 3214 3234 λέγω
3245 3164 3307 3237 δὴ
3336 3165 3398 3218 τὸ
3428 3164 3740 3235 διαδραμεῖν
3769 3164 3942 3220 αὐτοῦ

2372 3261 2462 3316 τὸν
2499 3260 2847 3330 εὐαγγελικδν
2878 3259 3032 3329 λόγον
3061 3259 3156 3313 καί
3179 3259 3273 3312 ἐπὶ
3309 3258 3378 3312 τά
3408 3258 3741 3329 πορῥωτάτω
3773 3257 3930 3330 ἐθνη.

2371 3353 2480 3406 Καὶ
2512 3352 2685 3407 ταῦτα
2724 3353 2821 3422 μιν
2856 3351 3034 3420 λόγοις
3066 3349 3379 3416 ἐθεσπίζετο
3419 3349 3619 3404 πάλαι·
3653 3349 3836 3422 ἐργοις
3879 3349 3943 3404 δέ

2370 3442 2692 3516 ἐπληροῦτο,
2747 3444 2839 3496 ἐπὶ
2877 3443 2976 3512 τῆς
3015 3443 3094 3506 εἰς
3139 3443 3335 3507 αὐτοὺς
3364 3441 3457 3495 τοῦ
3493 3442 3740 3514 Σωτῆρος
3773 3441 3944 3512 ἡμῶν

2370 3535 2636 3608 παρόδου·
2684 3535 2743 3588 δν
2789 3532 3088 3603 ὀφθαλμοῖς
3138 3533 3337 3598 ἰδόντες
3401 3532 3664 3586 Ἰουδαίων
3721 3531 3938 3598 παῖδες,

2371 3627 2554 3697 φωνῆς
2589 3643 2650 3678 τε
2678 3625 2842 3679 αὐτοῦ
2875 3624 3301 3688 ὑπακούσαντες,
3337 3621 3459 3677 οὔτε
3501 3623 3760 3694 συνῆκαν,
3805 3622 3938 3677 οὕτε

2369 3717 2617 3771 λαλοῦντι
2663 3715 2934 3787 παρέσχον
2962 3716 3058 3786 τὴν
3078 3714 3274 3784 ἀκοήν·
3308 3713 3448 3766 ὥστε
3478 3713 3570 3766 καὶ
3594 3712 3692 3783 τὴν
3714 3712 3932 3786 ἐμπρο-

2369 3807 2496 3861 σθεν
2525 3805 2860 3878 προφητείαν
2892 3807 2973 3868 εἰς
2987 3804 3181 3868 αὐτοὺς
3197 3802 3608 3876 πεπληρῶσθαι,
3643 3804 3740 3876 τὴν
3764 3805 3938 3874 φήσαν-

2369 3916 2466 3952 σαν
2485 3939 2501 3964 ,
2539 3917 2558 3950 ι
2607 3899 2767 3969 Ἀκοῇ
2800 3897 3084 3961 ἀκούσετε,
3117 3898 3208 3950 καὶ
3235 3899 3297 3951 οὐ
3330 3897 3403 3969 μὴ
3443 3897 3672 3967 συνῆτε·
3699 3897 3792 3950 καὶ
3811 3896 3939 3968 βλι-

2367 4004 2556 4052 ποντες
2587 3985 2832 4058 βλέψετε,
2861 3985 3030 4039 καὶού
3062 3984 3136 4056 μὴ
3161 3984 3362 4055 ἴδητε.»

2885 4077 3272 4131 ΚΕΦΔΛΔΙΟΝ
3312 4077 3436 4130 ΝΡ.

2439 4189 2457 4222 ι
2487 4168 2678 4243 Κύριε,
2709 4167 2792 4231 τίς
2828 4168 3111 4221 ἐπίστευσε
3138 4169 3206 4237 τῇ
3228 4167 3368 4238 ἀκοῇ
3401 4166 3592 4237 ήμῶν;
3627 4167 3720 4221 καὶ
3743 4168 3772 4221 ό
3799 4166 3934 4240 βρα-

2365 4263 2493 4332 χίων
2519 4263 2726 4334 Κυρίου
2763 4261 2868 4315 τίνι
2910 4247 3302 4330 ἀπεκαλύφθη;
3343 4277 3364 4310 ι
3407 4257 3932 4342 ’Δποθαυμαστικῶς

2363 4355 2410 4406 οί
2446 4352 2538 4406 τοῦ
2588 4352 2720 4406 Θεοῦ
2764 4352 3056 4423 προφῆται,
3104 4351 3204 4421 τὴν
3259 4349 3512 4403 ἀπιστίαν
3553 4349 3785 4421 δρῶντες
3824 4351 3926 4404 τοῦ

2377 4443 2640 4497 Ἰουδαίων
2672 4443 2874 4506 ἔθνους,
2909 4445 3006 4514 τήν
3029 4459 3091 4495 τε
3129 4441 3236 4494 τῶν
3266 4440 3432 4493 ἐθνῶν
3466 4443 3799 4514 ἐπιστροφὴν
3827 4444 3931 4496 καὶ

711 4529 1114 4597 obsequentiam
1166 4530 1444 4594 videntes,
1495 4532 1605 4585 haec
1658 4532 1925 4586 dicebant.
1979 4534 2259 4588 Brachium

2370 4535 2606 4606 ὑπακοήν
2659 4534 2942 4606 θεώμενοι,
2985 4534 3137 4587 ταῦτ’
3165 4532 3369 4599 ελεγον.
3419 4533 3687 4604 Βραχίονα
3723 4534 3779 4587 δέ
3826 4535 3928 4588 τοῦ

712 4632 872 4686 porro
919 4617 1048 4682 Dei,
1102 4618 1428 4688 unigenitum
1480 4621 1671 4675 Filium
1720 4623 1896 4676 vocari
1952 4625 2264 4695 plerumque

711 4708 1249 4762 commonstravimus
1295 4727 1308 4762 ι
1348 4711 1436 4778 qui
1487 4726 1874 4782 consequenter
1923 4717 1987 4768 ad
2037 4721 2263 4784 proiihe-

711 4798 816 4850 tica
847 4798 982 4851 dicta
1025 4799 1366 4854 credentibus
1416 4802 1467 4854 in
1509 4803 1676 4870 ipsum
1724 4806 1970 4873 gentibus
2020 4809 2263 4876 Cognitus

709 4896 812 4941 est.
850 4905 871 4939 ι
897 4889 1342 4944 Annuntiavimus
1372 4908 1385 4944 :
1412 4895 1563 4961 quasi
1602 4896 1855 4961 parvulus
1888 4898 1938 4950 in
1970 4908 2259 4966 conspectu

711 4977 848 5045 ejus,
898 4979 1036 5032 sicut
1078 4981 1230 5034 radix
1260 4982 1310 5034 in
1346 4992 1489 5035 terra
1517 4984 1738 5038 sitienti.
1787 4985 1899 5040 Non
1939 5000 2023 5041 est
2057 4991 2261 5055 species

712 5070 784 5132 ei,
822 5083 993 5135 neque
1021 5069 1188 5139 gloria
1225 5089 1238 5125 ε
1279 5082 1332 5125 et
1364 5074 1596 5126 vidimus
1640 5090 1780 5140 eum,
1811 5089 1862 5129 et
1893 5095 1993 5130 non
2032 5080 2262 5133 habebat

713 5160 980 5226 speciem,
1035 5177 1208 5229 neque
1264 5164 1530 5217 decorem.
1568 5183 1586 5217 ι
1644 5166 1743 5220 Per
1793 5178 1986 5222 terram
2041 5173 2259 5238 inviam,

716 5245 981 5316 Virginem
1001 5251 1316 5316 subindicat,
1335 5268 1492 5318 quam
1520 5271 1675 5306 nemo
1695 5257 1821 5307 adiit
1857 5274 1870 5308 :
1911 5274 2002 5326 per
2028 5262 2256 5314 radicem

710 5349 860 5397 vero,
885 5338 1125 5390 eamdem
1151 5341 1316 5405 ipsam
1343 5343 1409 5393 de
1436 5359 1536 5410 qua
1564 5344 1855 5408 dicebatur,
1896 5365 1913 5398 ι
1939 5349 2259 5418 Egredietur

713 5426 858 5493 virga
885 5427 948 5479 de
980 5428 1156 5481 radice
1185 5427 1371 5493 Jessze,
1404 5441 1454 5483 et
1484 5431 1582 5486 llos
1626 5434 1690 5487 de
1724 5436 1902 5492 radice
1931 5438 2043 5506 ejus
2066 5457 2254 5498 ascen-

2364 4626 2496 4678 Θεοῦ
2531 4625 2892 4694 λέγεσθαιτὸν
2918 4624 3175 4696 μονογενῆ
3195 4622 3344 4685 Υίὸν,
3376 4623 3630 4686 πολλάκις
3649 4622 3933 4688 ἀπεδείξα-

2368 4733 2492 4786 μενο
2522 4717 2580 4780 ὃς
2613 4718 2745 4770 πᾶσι
2801 4719 2912 4779 τοῖς
2953 4717 3031 4779 εἰς
3060 4715 3220 4768 αὑτὸν
3253 4715 3670 4768 πεπιστευκόσιν
3714 4713 3930 4768 ἔθνεσιν

2365 4805 2610 4874 ἐγνώσθη
2653 4808 2764 4868 τοῖς
2798 4807 3102 4875 προφήταις
3139 4793 3464 4866 ἀκολούθως,
3504 4821 3523 4853 ι
3573 4801 3952 4874 Ἀνηγγείλα-.

2367 4914 2462 4966 μεν
2483 4913 2494 4924 ·
2531 4897 2606 4958 ὡς
2639 4895 2852 4948 παιδίον
2879 4894 3118 4946 ἐναντίον
3157 4893 3354 4948 αὐτοῦ’
3387 4894 3463 4956 ὼς
3504 4892 3628 4964 ῥίζα
3659 4895 3718 4946 ἐν
3751 4895 3820 4964 τῇ
3842 4894 3929 4948 δι-

2360 4985 2535 5058 ψώσῃ.
2565 4989 2680 5040 Οὐκ
2706 4986 2851 5039 ἐστιν
2879 4983 3018 5048 εἶδος
3050 4983 3216 5056 αὐτῷ,
3253 4984 3375 5038 οὐδὲ
3401 4985 3556 5051 δόξα·
3591 4985 3684 5038 καὶ
3710 4985 3929 5055 araon

2361 5079 2540 5141 αὑτὸν,
2577 5079 2669 5131 καὶ
2711 5078 2810 5130 οὐκ
2847 5073 2990 5146 εἶχεν
3017 5072 3176 5140 εἶδος,
3211 5075 3336 5129 οῦτε
3372 5075 3584 5139 κάλλος.
3625 5094 3643 5127 ι
3679 5075 3786 5146 Γῆν
3819 5077 3928 5145 μὲν

2361 5169 2554 5222 ἀδατον
2594 5169 2958 5238 αἰνιττόμενος
2995 5167 3092 5238 τὴν
3110 5166 3404 5238 Παρθένον,
3434 5163 3510 5238 ἧς,
3529 5165 3702 5230 οὐδεὶς
3731 5166 3924 5220 ἐπιδέε-

2361 5261 2552 5331 6ηκεν·
2581 5259 2735 5330 ῥίζαν
2761 5259 2818 5311 δὲ
2843 5259 2940 5329 τὴν
2969 5260 3200 5329 ἐκείνην,
3231 5260 3360 5327 περὶ
3388 5255 3457 5330 ἧς
3474 5258 3710 5326 ἐλέγετο,
3747 5275 3766 5309 ι
3801 5257 3930 5323 Ἐε-

2365 5351 2635 5404 ελεύσεται
2669 5351 2861 5422 ῥάϐδος
2888 5353 2956 5403 ὲκ
2980 5353 3078 5422 τῆς
3096 5349 3252 5421 ῥίζης
3289 5349 3503 5412 Ἰεσσαὶ,
3530 5345 3623 5403 καὶ
3654 5348 3814 5412 ἄνθος
3855 5351 3926 5404 ἐκ

2359 5442 2456 5511 τῆς
2501 5442 2654 5512 ῥίζης
2703 5442 3054 5512 ἀναϐήσεται.
3103 5461 3122 5494 ι
3168 5442 3342 5495 Κάκεῖ
3394 5440 3502 5512 γὰρ
3551 5439 3926 5511 ἀναδήσεσοαι

712 5517 802 5569 det
819 5517 859 5570 ⁸.
873 5518 1028 5570 ιΝειηι
1049 5520 1118 5572 ibi
1137 5535 1347 5589 quoque
1364 5537 1685 5578 ascensurus
1707 5540 1825 5580 esse
1843 5528 2138 5596 dicebatur,
2160 5535 2252 5588 sed

2370 5533 2623 5603 ιδηλοῦτο,
2671 5533 2784 5586 ἀλλ’
2818 5535 2933 5586 ἐκεῖ
2977 5534 3076 5603 μὲν
3120 5533 3184 5590 ἐκ
3231 5531 3332 5602 τῆς
3371 5531 3526 5603 ῥίζης
3565 5530 3784 5596 Ἰεσσαὶ,
3832 5533 3926 5589 ἐν-

713 5603 778 5655 de
796 5603 968 5657 radice
995 5604 1157 5659 Jessze
1177 5622 1191 5670 ;
1213 5608 1296 5661 hic
1313 5618 1489 5663 autem
1508 5625 1571 5664 ex
1593 5625 1880 5671 memorata
1904 5627 2042 5678 terra
2081 5622 2244 5678 invia.

787 5694 803 5722 ¹
837 5692 1031 5763 Philip.
1063 5711 1119 5762 tt,
1158 5698 1211 5751 6.
1286 5701 1304 5729 '
1341 5699 1408 5756 is.
1457 5721 1528 5770 at,
1568 5709 1613 5763 l.

2353 5623 2524 5678 ταῦθα
2559 5625 2614 5679 δέ
2649 5624 2757 5680 ἀπὸ
2781 5623 2878 5694 τῆς
2910 5625 3109 5680 ἀϐάτου
3135 5623 3236 5695 γῆς
3267 5623 3364 5695 τῆς
3390 5621 3740 5696 δηλωθείσης.
