4128 6294
227 304 332 365 487

1136 304 1633 363 COIMENTARIA
1674 302 1742 361 IN
1780 297 2037 356 ISAIAM.
2081 325 2145 336 -—
2188 293 2339 349 CAP.
2383 292 2513 347 LIII.

3347 296 3449 351 I58

298 438 320 474 ε
352 420 517 476 Ἀλλά
547 420 608 475 τδ
633 415 769 485 εἶδος
801 419 966 475 αὐτοῦ
996 421 1208 491 ἄτιμον,
1232 421 1328 474 καὶ⁵
1353 422 1601 474 ἰκλείπον
1636 418 1771 490 παρὰ

1956 414 2119 469 Vsus.
2147 415 2202 475 5,
2232 413 2287 467 4.
2326 430 2345 465 ι
2372 411 2478 466 Sed
2507 409 2717 477 species
2742 409 2861 480 ejus
2888 409 3207 464 inhonorata
3230 417 3284 464 et
3316 410 3453 464 deli—

222 512 347 579 sub;
380 515 532 578 υίοὺς
556 512 665 568 τῶν
687 512 1005 586 ἀνθρώπων.
1040 514 1359 586 Ἄνθρωπος
1393 513 1451 566 ἰν
1481 505 1661 581 πληγῇ
1687 509 1782 573 ὣν,

225 602 317 659 καὶ
339 602 497 666 εἰδὼς
514 603 697 674 φέρειν
716 602 1006 673 μαλακίαν,
1022 603 1103 657 ὅτι
1123 603 1502 674 ἀπέστραπται
1535 601 1595 655 τὺ
1612 601 1785 674 πρόσ-

223 708 371 747 ωπον
403 690 588 754 αὑτοῦ.
619 691 916 764 ήτιμάσθη,
956 694 1048 748 καί
1085 694 1185 748 οὐκ
1212 691 1483 765 ἀλογίσθη.
1501 686 1667 758 Οὗτος
1687 692 1783 757 τὰς

223 782 499 853 ἁμαρτίας
524 782 679 853 ήμῶν
706 782 881 856 φέρει,
922 784 1016 838 καὶ
1039 783 1169 855 περὶ
1199 784 1357 856 ήμῶν
1381 784 1662 838 όδυνᾶταιι
1688 785 1783 837 καὶ

220 872 384 943 ήμείς
428 870 789 943 ιλογισάμεθα
834 872 996 926 αὐτὸν
1050 868 1189 927 εἶναι
1240 873 1298 925 ἰν
1348 872 1532 943 πόνῳ,
1590 874 1684 927 καὶ
1724 874 1781 927 ἰν

220 961 425 1034 πληγῇ,
455 965 549 1017 καὶ¹
574 966 633 1017 ἑν
660 963 921 1019 κακώσει.
957 983 975 1015 ι
1018 964 1327 1018 Κοινοποιεῖ
1352 963 1409 1017 δὲ
1438 967 1468 1018 ό
1498 965 1781 1035 προφήτης

218 1053 636 1123 συγκαταλέγων
668 1054 762 1108 καί
809 1054 999 1109 ἑαυτὸν
1025 1054 1111 1109 διὰ
1135 1054 1537 1127 φιλανθρωπίαν
1564 1058 1674 1121 τοίς
1705 1057 1779 1128 μὴ

218 1143 596 1216 λογισαμένοις
630 1144 723 1199 τὸν
753 1146 1016 1217 Σωτῆρα·
1054 1147 1167 1200 Οὐκ
1204 1146 1565 1219 ἰλογισάμεθα
1596 1147 1777 1213 αύτὺν,

216 1234 338 1289 οὐδὲ
364 1233 897 1307 προσεποιησάμεθα,
928 1235 1048 1291 οὐδὲ
1086 1239 1415 1310 ἰννοήσαμεν
1434 1239 1517 1304 τίς
1540 1256 1670 1293 ποτε
1688 1234 1775 1310 ἦν.

226 1325 358 1382 ὀδὲ
373 1322 443 1397 ἦν
467 1326 616 1397 ᾶραό
634 1327 742 1381 τῶν
763 1328 1045 1402 ἡμετέρων
1066 1328 1251 1402 ψυχῶν
1275 1331 1483 1405 Σωτὴρ,
1515 1333 1780 1405 ἰατρεύων

215 1412 413 1475 αὐτῶν.
449 1413 543 1466 καὶ
582 1412 857 1485 καθαίρων
903 1414 1083 1489 πάσης
1111 1419 1405 1491 ἁμαρτίας.
1450 1420 1587 1474 ’Δλλ’
1619 1423 1777 1493 ήμείς

218 1501 317 1574 μιν
340 1497 430 1557 οἷα
452 1504 631 1574 νήπιοι
652 1505 855 1577 ταύτην
879 1506 1094 1577 είχομεν
1126 1510 1254 1581 περὶ
1275 1509 1439 1565 αὑτοῦ
1468 1512 1568 1582 τὴν
1591 1511 1771 1579 δόξαν·

214 1593 241 1646 ό
270 1592 328 1647 ἃ
354 1591 528 1647 ταῦτα
552 1594 728 1650 πάντα
755 1594 961 1666 ἔπασχε
987 1596 1053 1651 δι’
1084 1598 1263 1671 ήμῶν,
1314 1600 1401 1655 ἵνα
1438 1603 1587 1674 ἡμᾶς
1627 1603 1775 1658 usu-

214 1680 427 1755 θερὼσῃ
455 1682 635 1755 πάσης
663 1684 954 1755 ἁμαρτίας.

284 1871 305 1905 ι
344 1856 517 1920 norb;
544 1856 599 1910 δὲ
627 1858 1031 1934 ἑτραυματίσθη
1054 1860 1148 1916 ’διὰ
1176 1862 1274 1926 τὰς
1303 1863 1574 1937 ἁμαρτίας
1595 1868 1772 1939 ἡμῶν,

211 1945 303 1998 καὶ
352 1945 752 2016 μμαλάκισται
796 1948 886 2004 διὰ
924 1952 1023 2016 τὰς
1059 1952 1287 2024 ἀνομίας
1330 1955 1507 2026 ἡμῶν.
1552 1958 1773 2013 Παιδεία

210 2038 432 2109 εἰρήνης
468 2039 624 2111 ήμῶν
656 2043 741 2095 ἐπ’
770 2044 959 2100 αὐτόν’
1016 2045 1094 2117 τῷ
1128 2047 1355 2118 μώλωπι
1406 2047 1571 2103 αὑτοῦ
1616 2050 1775 2122 ήμεῖς

214 2126 462 2199 ἰάθημεν.
501 2148 521 2183 a
553 2130 683 2185 Τότε
719 2131 849 2201 γοῦν
882 2136 976 2188 καὶ
1008 2138 1291 2209 ωνετρίὸη
1326 2141 1417 2195 καὶ
1442 2139 1772 2211 εόεσηλώθη,

208 2219 351 2289 κατά
374 2220 468 2273 τὸν
503 2221 753 2287 Ἀκύλαν,
788 2224 884 2279 καὶ
908 2226 1083 2282 πάντα
1109 2228 1176 2283 τά
1209 2230 1459 2301 χείριστα
1491 2232 1771 2304 ὑπέμεινε,

206 2310 267 2365 οὐ
296 2311 387 2366 διά
410 2329 555 2377 τινος
584 2315 791 2379 οἰκείας
818 2317 1110 2388 ἁμαρτίας,
1155 2319 1243 2373 διὰ
1270 2320 1326 2375 δὲ
1353 2321 1453 2386 τὰς
1482 2323 1770 2395 ἡμετέρας.

207 2399 315 2454 Καὶ
349 2401 569 2469 γέγονεν
598 2404 632 2474 ή
665 2403 879 2458 παιδεία
897 2406 995 2476 τῆς
1020 2407 1241 2481 εἰρήνης
1277 2410 1432 2482 ήμῶν
1461 2413 1545 2465 ἐπ’
1571 2413 1733 2467 αύτύν

207 2490 352 2562 ᾇπερ
381 2492 490 2565 γὰρ
521 2492 687 2565 ὲχρῆν
716 2497 866 2566 ἡμᾶς
894 2497 1087 2552 παθεῖν
1110 2499 1528 2572 παιδευομένους
1563 2502 1650 2557 διὰ
1676 2504 1772 2570 τὰς

206 2580 480 2654 ἁμαρτίας
502 2586 601 2651 τὰς
628 2585 920 2662 ήμετέρας,
952 2589 1105 2646 ταῦτ’
1145 2592 1232 2647 ἃττ’
1266 2591 1426 2648 αὑτὸν
1441 2589 1603 2665 ἦλθεν
1635 2597 1774 2670 ὑπὲρ

204 2671 304 2743 τῆς
328 2674 601 2749 ήμετέρας
618 2680 838 2753 εἰρήνης
850 2682 949 2752 τῆς
978 2682 1112 2753 πρδς
1126 2682 1275 2739 Θεόν.
1305 2686 1457 2741 Ἐπεὶ
1470 2689 1561 2743 καὶ
1582 2688 1771 2760 μώλω-

206 2779 312 2829 πας
356 2766 505 2831 εἰκὸς
542 2762 613 2839 ἦν
640 2769 803 2825 αὐτὸν
846 2771 1033 2843 φέρειν
1064 2773 1206 2828 κατά
1245 2775 1341 2829 τοῦ
1389 2775 1639 2849 σώματος
1681 2780 1773 2835 καὶ

196 2852 513 2925 τραύματα,
547 2858 878 2931 τυπτόμενον
918 2863 1013 2918 καὶ
1053 2864 1508 2937 μαστιγούμενον,
1550 2869 1644 2923 καί
1675 2870 1773 2936 τάς

192 2941 349 3012 ’ὕψεις
375 2946 755 3020 ῥαπιζόμενον,
791 2953 891 3026 τήν
925 2970 985 3007 τε
1016 2954 1256 3030 κεφαλὴν
1281 2957 1512 3033 καλάμῳ
1544 2960 1771 3033 παιόμε-

203 3036 501 3153 vet-Illi}:
529 3041 578 3095 οἰ
619 3040 883 3150 μιῖἷλωπες
922 3036 1067 3100 οὗτοι
1406 3028 1546 3122 ἦσαν
1590 3028 1765 3123 ήμῶν.
1794 3090 1840 3153 c

210 3145 228 3178 ι
263 3127 352 3200 Τῷ
382 3148 402 3179 ι
432 3128 539 3202 γὰρ
575 3150 593 3183 ι
638 3132 864 3203 μώλωπι
902 3134 1065 3190 αὐτοῦ
1094 3138 1253 3209 ἡμεῖς
1287 3139 1534 3213 ἰάθημεν.
1565 3161 1584 3194 ι
1614 3142 1770 3209 Τίνες

202 3215 257 3270 δὲ
277 3218 440 3289 ήμετς
459 3220 573 3274 ἀλλ’
595 3220 629 3293 ἢ
654 3224 701 3277 οἰ
728 3222 895 3280 πάλαι
921 3225 1297 3297 πλανηθέντες,
1325 3230 1417 3284 καὶ
1451 3230 1525 3303 μή
1555 3232 1771 3301 λογισά-

206 3323 350 3377 μενοι
371 3307 555 3377 αὐτὸν,
585 3311 717 3384 μηδὲ
746 3313 1016 3381 συνιέντες
1044 3314 1126 3382 τίς
1158 3335 1288 3373 ποτε
1322 3314 1431 3393 ήνς

275 3544 295 3577 s
325 3528 538 3594 Πάντες
568 3546 646 3595 ως
672 3530 924 3604 πρόθατα
952 3535 1335 3610 ἰπλανήθημεν
1354 3555 1367 3570 ·
1397 3538 1679 3613 ἄνθρωπος
1700 3543 1767 3612 τῇ

188 3614 301 3689 ιῶῷ
330 3618 498 3674 αὐτοῦ
550 3621 845 3695 ιπλανήθη.
882 3626 993 3681 Καὶ
1019 3628 1223 3700 Κύριος
1257 3629 1571 3701 παρέδωκεν
1608 3632 1770 3687 αὐτὸν

200 3710 317 3774 ταῖς
339 3710 638 3788 ἁμαρτίαις
664 3714 850 3785 ήμῶνο
881 3719 975 3773 καὶ
1004 3719 1164 3784 αὐτὸς
1202 3719 1293 3776 διὰ
1337 3722 1398 3777 τὸ
1423 3723 1768 3780 κεκακῶσθαι

198 3798 295 3854 οὐκ
312 3800 523 3871 ἀνοίγει
545 3804 607 3859 τὸ
629 3806 803 3879 στόμα
824 3807 1011 3863 αὐτοῦ·
1029 3809 1105 3874 ὡς
1136 3810 1411 3882 πρόσατον
1442 3812 1535 3867 ἰπὶ
1559 3814 1770 3887 σφαγὴν

198 3888 359 3964 ἤχθη,
389 3893 487 3947 καὶ
515 3894 591 3960 ὡς
620 3896 791 3968 ἀμνὸς
822 3898 1064 3955 ἐναντίον
1102 3899 1198 3955 τοῦ
1236 3902 1509 3973 κείροντος
1531 3903 1765 3976 ἀφωνος,

196 3980 367 4047 οὕτως
392 3984 496 4040 οὐκ
521 3985 724 4058 ἀνοίγει
755 3989 815 4044 τὸ
840 3995 1031 4064 στόμα.
1066 4012 1085 4046 ι
1115 3993 1307 4058 ’Δλλος
1336 3995 1445 4068 γὰρ
1464 3995 1627 4069 ἀλλην
1647 3998 1768 4053 ὁδὸν

199 4072 401 4129 ὥδευσε
456 4076 686 4150 πλάνης,
738 4081 988 4156 διάφορα
1025 4086 1153 4157 περὶ
1195 4085 1362 4141 αὑτοῦ
1409 4089 1504 4143 καὶ
1550 4090 1767 4145 έναντία

193 4162 425 4239 δοξάσης
445 4186 458 4199 ·
494 4169 575 4241 τῷ
608 4171 666 4225 ὁὶ
711 4174 819 4246 ἀρα
852 4175 952 4231 οὐκ
988 4175 1137 4232 ἀθεεί⁵
1160 4177 1369 4248 ἐγίνετο
1389 4180 1459 4234 τά
1486 4180 1763 4252 γινόμενα.

196 4256 363 4323 Αὐτὸς
386 4259 500 4332 γὰρ
523 4260 711 4316 ἑαυτὸν
733 4265 1016 4337 παρεδίδου
1039 4266 1067 4319 ό
1082 4268 1287 4341 Κύριος
1310 4268 1451 4343 ὑπὲρ
1474 4271 1579 4326 τῶν
1598 4272 1769 4347 ἀμαρ-

194 4348 320 4401 τιῶν
365 4351 548 4422 ήμῶν,
596 4353 683 4408 ἴνα
722 4355 943 4428 γένηται
984 4359 1278 4432 ἀντίψυχον
1316 4362 1412 4417 καὶ
1452 4363 1765 4438 ἀντίλυτρον

1893 504 2042 559 ciens
2069 517 2179 573 prae
2204 490 2327 557 (iliis
2356 500 2654 557 hominum.
2683 496 2858 554 Homo
2891 498 2943 553 in
2970 497 3121 569 plaga
3160 498 3452 565 exsistens,

1890 604 1946 651 et
1974 595 2150 649 sciens
2182 592 2325 648 ferre
2356 590 2726 646 inﬁrmitatem
2760 607 2775 645 :
2808 590 2955 659 quia-
2975 603 3197 645 aversus
3227 597 3310 645 est
3335 589 3449 645 vui.

1891 694 1978 739 tus
1999 682 2135 751 ejus,
2167 682 2455 750 despectus
2492 687 2548 733 et
2592 692 2695 732 non
2727 686 3025 747 reputatus.
3072 674 3191 747 Ipse
3224 686 3448 747 peccata

1889 782 2070 830 nostra
2101 772 2317 842 portat,
2349 783 2403 826 et
2434 785 2533 839 pro
2560 769 2714 825 nobis
2742 769 2888 824 dolet
2912 788 2927 824 :
2954 778 3011 825 et
3046 784 3144 826 nos
3182 772 3451 840 reputavi-

1888 874 2008 915 mus
2044 873 2163 914 eum
2209 873 2330 913 esse
2368 860 2420 913 in
2473 858 2675 920 dolore.
2725 868 2779 913 et
2824 858 2879 913 in
2916 858 3087 927 plaga,
3132 865 3187 913 et
3222 858 3277 911 in
3310 855 3447 911 allii-

1888 948 2086 1004 ctione.
2120 967 2139 999 ι
2173 946 2229 1002 In
2261 947 2529 1003 communi
2561 947 2820 1017 propheta
2864 947 3128 1016 loquitur,
3177 961 3298 1003 sese
3340 961 3447 1016 pra:

1888 1039 2241 1094 humanitatis
2282 1036 2476 1092 aﬂectu
2512 1038 2576 1092 iis
2604 1052 3033 1101 connumerans.
3082 1038 3173 1108 qui
3202 1037 3445 1094 Salvato-

1889 1143 2000 1184 rem
2057 1143 2160 1183 non
2216 1136 2601 1195 reputaverunt
2643 1143 2658 1181 :
2710 1125 2826 1182 Non
2881 1128 3249 1197 reputavimus
3299 1142 3447 1190 eum.

1885 1236 2061 1292 neque
2092 1222 2267 1291 ipsum
2294 1220 2447 1276 nobis
2473 1219 2823 1285 adscivimus,
2869 1233 3047 1291 neque
3090 1219 3447 1291 cogitavimus

1884 1312 2006 1383 quis
2031 1320 2194 1368 esset.
2230 1309 2351 1380 Ipse
2374 1324 2500 1366 vero
2525 1309 2828 1365 animarum
2860 1319 3163 1364 nostrarum
3191 1306 3443 1362 Servatur

1882 1411 2023 1467 erat,
2052 1417 2083 1457 a
2111 1400 2418 1456 vulneribus
2446 1414 2673 1464 curans,
2705 1410 2760 1456 et
2788 1412 3023 1469 purgans
3052 1398 3119 1451 ab
3150 1398 3295 1452 omni
3326 1411 3449 1465 pec.

1883 1501 2022 1546 cato.
2081 1489 2186 1545 Sed
2240 1503 2339 1545 nos
2392 1490 2632 1558 quidem,
2686 1497 2869 1558 utpote
2916 1486 3166 1549 infantes,
3215 1502 3333 1541 eam
3382 1490 3447 1542 de

1882 1576 1975 1638 illo
2005 1581 2291 1637 habuimus
2334 1579 2793 1635 existimationem
2837 1596 2850 1633 :
2895 1578 2983 1634 ille
3016 1591 3146 1633 vero
3187 1577 3301 1633 haec
3331 1593 3447 1632 om-

1880 1673 1969 1728 nia
2032 1688 2129 1744 per
2193 1686 2293 1728 nos
2348 1684 2540 1741 passus
2607 1679 2725 1733 est.
2776 1680 2836 1726 ut
2891 1684 2999 1730 .nos
3057 1668 3317 1725 liberaret
3378 1669 3447 1723 ab

1804 1770 1847 1825 Β
1880 1762 2025 1818 omni
2060 1770 2301 1832 peccato.

1950 1854 2114 1909 Vsus.
2139 1854 2193 1908 5.
2231 1871 2249 1905 ι
2273 1852 2393 1923 Ipse
2416 1860 2596 1908 autem
2625 1850 2938 1906 vulneratus
2967 1858 3048 1906 est
3072 1858 3293 1920 propter
3320 1863 3442 1919 pee-

1874 1952 1996 1998 cata
2037 1952 2243 2007 nostra,
2294 1952 2349 1996 et
2401 1940 2707 1996 inﬁrmatus
2755 1948 2839 1996 est
2878 1948 3097 2009 propter
3129 1939 3445 2011 iniquitates

1876 2040 2107 2087 nostras.
2162 2031 2459 2100 Disciplina
2506 2030 2656 2098 pacis
2699 2040 2895 2086 nostra:
2944 2045 3106 2099 super
3155 2045 3276 2085 eum
3311 2048 3326 2085 :
3359 2032 3443 2085 vi-

1876 2122 1993 2178 bice
2041 2124 2160 2193 ejus
2207 2123 2381 2179 sanati
2425 2136 2639 2178 sumus.
2674 2140 2692 2173 i
2731 2122 2885 2179 Tunc
2910 2124 3073 2193 igitur
3095 2122 3364 2178 contritus
3388 2130 3443 2179 et

1874 2212 2203 2287 profanatusl
2241 2225 2359 2279 est,
2421 2214 2716 2270 secundum
2760 2214 3027 2284 Aquilam,
3082 2228 3147 2269 ac
3204 2214 3439 2283 pessima

1874 2319 2097 2375 quisque
2124 2320 2414 2375 perpessus
2458 2316 2562 2371 est.
2592 2320 2713 2363 non
2742 2307 2811 2361 ob
2850 2308 3124 2375 proprium
3166 2308 3439 2377 quoddam

1874 2405 2175 2466 peccatum,
2200 2397 2292 2453 sed
2326 2397 2395 2453 ob
2436 2407 2654 2467 peccata
2684 2407 2891 2453 nostra.
2934 2398 2999 2453 Et
3030 2398 3130 2452 iuit
3159 2398 3439 2467 disciplina

1874 2489 2021 2557 pacis
2061 2499 2258 2544 nostrae
2283 2503 2449 2559 super
2474 2504 2641 2557 eum;
2693 2503 2816 2543 cum
2846 2502 2909 2543 ea
2940 2504 3061 2559 quae
3098 2489 3168 2546 ob
3217 2499 3439 2560 peccata

1870 2589 2062 2635 nostra
2095 2593 2193 2634 nos
2234 2579 2439 2649 perpeti
2472 2592 2605 2651 opus
2634 2590 2778 2642 erat.
2802 2579 2922 2635 haec
2963 2579 3062 2649 ipsi
3110 2594 3438 2646 supervene-

1874 2678 2001 2724 runt
2029 2684 2124 2740 pro
2147 2682 2277 2738 pace
2304 2678 2488 2724 nostra
2514 2683 2637 2725 cum
2666 2669 2778 2725 Deo
2801 2668 3142 2725 stabilienda.
3170 2668 3438 2735 Quoniam

1872 2768 1928 2814 et
1960 2758 2222 2814 vibicibus
2271 2768 2326 2815 et
2379 2759 2696 2815 vulneribus
2745 2770 2859 2814 tuto
2910 2775 3138 2829 corpore
3186 2769 3438 2815 onustum

1874 2848 2041 2905 fuisse
2072 2848 2363 2905 verisimile
2391 2858 2494 2913 est.
2540 2858 2721 2919 utpote
2764 2849 2857 2920 qui
2897 2864 3205 2919 percussus,
3247 2850 3439 2920 ﬂagel-

1875 2938 2037 3004 latus,
2069 2938 2121 2993 in
2166 2938 2303 2993 facie
2331 2938 2572 3006 colaphis
2605 2952 2799 3000 caesus,
2830 2949 2885 2993 et
2924 2938 2978 2993 in
3024 2939 3201 3008 capite
3228 2941 3439 2995 calamo

1872 3044 2159 3102 percussus
2214 3029 2395 3085 fuerit.
2444 3029 2708 3085 Caeterum
2759 3029 2959 3085 vibices
2998 3030 3304 3101 huiusmodi
3352 3045 3439 3109 sa_-

1874 3123 1969 3178 luti
2021 3121 2175 3177 nobis
2225 3131 2379 3177 erant
2427 3140 2441 3176 :
2494 3136 2618 3176 nam
2673 3122 2890 3177 «vibice
2940 3122 3057 3193 ejus
3108 3138 3209 3179 nos
3260 3124 3438 3179 sanati

1872 3231 2075 3273 stttnus.
2110 3235 2127 3267 ι
2170 3213 2278 3269 Nos
2323 3228 2471 3278 vero,
2524 3214 2767 3284 quinam.
2821 3215 2921 3269 nisi
2966 3214 3056 3283 qui
3106 3215 3236 3270 olim
3283 3229 3439 3269 erra-

1870 3308 2068 3372 vimus,
2099 3320 2196 3359 uec
2252 3305 2614 3375 reputavimus
2662 3320 2811 3373 eum,
2860 3320 3033 3377 neque
3084 3306 3438 3378 cognovimus

1868 3398 1991 3469 quis
2014 3408 2154 3454 esset
2170 3398 2196 3451 ἲ

1942 3533 2106 3591 Vitas.
2126 3534 2180 3598 6,
2207 3535 2255 3588 7.
2294 3553 2316 3585 ‹
2337 3531 2535 3591 Omnes
2562 3531 2716 3603 quasi
2747 3546 2874 3588 oves
2896 3531 3238 3597 erravimus;
3274 3531 3435 3589 homo

1871 3627 2036 3684 invia
2080 3640 2175 3683 sua
2209 3627 2431 3682 erravit.
2474 3626 2537 3682 Et
2568 3625 2832 3681 Dominus
2872 3624 3096 3680 tradidit
3140 3640 3266 3681 eum
3310 3638 3437 3695 pec-

1870 3718 2006 3775 catis
2032 3719 2235 3776 nostris
2265 3736 2279 3774 :
2312 3729 2370 3775 et
2400 3718 2512 3789 ipse
2542 3728 2767 3789 propter
2796 3715 3137 3772 amictionem
3177 3730 3283 3771 non
3308 3730 3437 3786 ape-

1871 3809 1944 3867 rit
1998 3825 2061 3866 os
2108 3825 2285 3867 suum.
2316 3808 2474 3867 Sicut
2510 3810 2629 3866 ovis
2652 3809 2721 3864 ad
2752 3808 3079 3865 occisionem
3111 3808 3304 3864 ductus
3326 3818 3432 3875 est,

1868 3912 1924 3957 et
1973 3902 2113 3957 sicut
2160 3916 2329 3975 agnus
2366 3915 2549 3957 coram
2592 3899 2845 3955 tondente
2873 3899 2991 3955 sine
3018 3912 3171 3963 voce.
3217 3898 3295 3953 sic
3324 3914 3433 3955 non

1868 3993 2043 4062 aperit
2069 4007 2151 4048 os.
2181 4012 2200 4047 ι
2230 3992 2386 4051 Alius
2411 3992 2574 4047 aliam
2602 3991 2727 4048 iniit
2753 3992 2896 4059 viam
2930 3991 3154 4058 erroris,
3198 3991 3323 4062 quia
3367 3993 3434 4048 de

1870 4082 1965 4140 illo.
1999 4083 2151 4137 varia
2195 4092 2249 4139 et
2286 4084 2557 4139 contraria
2604 4081 2911 4149 sentiebat;
2958 4092 3015 4137 at
3059 4082 3133 4137 illi
3173 4098 3280 4138 non
3311 4084 3433 4140 sine

1866 4188 2031 4245 scopo
2078 4184 2132 4229 et
2165 4174 2269 4230 (lite
2298 4177 2529 4245 quodam
2572 4176 2688 4231 haec
2714 4184 3025 4230 evenerunt.
3060 4174 3177 4246 Ipse
3200 4191 3433 4247 namque

1868 4266 2124 4322 Dominus
2160 4279 2281 4322 sese
2308 4266 2526 4321 tradidit
2554 4280 2654 4335 pro
2692 4265 2929 4337 peccatis
2969 4267 3188 4330 nostris,
3231 4275 3289 4321 ut
3328 4282 3432 4337 pro

1867 4357 2169 4411 animarum
2213 4365 2524 4413 nostrarum
2571 4357 2938 4427 redemptione
2983 4358 3213 4429 pretium
3264 4370 3428 4416 esset.

193 4438 366 4509 ήμῶν.
394 4440 558 4497 Οὕτω
573 4444 681 4515 γὰρ
706 4447 798 4500 καὶ
840 4448 1035 4520 ’Δμνὸς
1054 4450 1149 4506 τοῦ
1180 4451 1314 4507 Θεοῦ
1341 4453 1578 4522 γέγονεν.
1596 4456 1765 4528 αἴρων

1874 4447 1961 4505 Sic
2002 4451 2145 4504 enim
2185 4458 2240 4503 et
2278 4450 2462 4520 Agnus
2494 4449 2586 4506 Dei
2616 4448 2791 4505 iactus
2819 4458 2924 4514 est,
2973 4451 3063 4519 qui
3098 4449 3235 4505 tollit
3268 4462 3431 4520 atque

193 4531 285 4584 καὶ
317 4534 737 4607 περικαθαίρων
771 4537 869 4608 τὴν
902 4540 1172 4614 ἀμαρτίαν
1210 4543 1303 4598 τοῦ
1337 4545 1560 4615 κόσμου.
1612 4546 1668 4602 '0
1709 4548 1765 4601 δὲ

192 4621 512 4705 Σύμμαχος,
562 4644 581 4679 ι
614 4628 998 4702 Προσηνέχθη,
1046 4634 1201 4702 φησί,
1283 4636 1374 4690 καί
1418 4637 1578 4701 αὐτὸς
1623 4638 1763 4709 ὑπή-

192 4728 369 4769 κουσε.
404 4736 424 4767 ι
466 4714 585 4771 Τίνι
614 4718 670 4771 δὲ
694 4722 1036 4794 προσηνέχθη
1060 4724 1175 4778 ἀλλ’
1212 4726 1245 4796 ἢ
1274 4727 1353 4798 τῷ
1383 4728 1626 4800 Πιλάτῳ;
1656 4732 1764 4785 Καὶ

192 4805 373 4879 ἰπειόὴ
395 4809 873 4881 κατηγορούμενος
902 4813 1131 4881 ἐσιώπα,
1166 4819 1257 4872 καί
1285 4819 1758 4893 ψευδομαρτυρού-

195 4913 346 4964 μενος
373 4900 532 4955 οὐδὲν
557 4901 901 4973 ἀπεκρίνατο,

262 5051 281 5083 ι
332 5036 421 5088 Ἑν
450 5038 522 5106 τῇ
555 5035 793 5090 κακώσει
828 5039 860 5107 ή
896 5039 1075 5109 κρίσις
1113 5040 1279 5095 αὑτοῦ
1306 5043 1471 5116 ᾕρθη.
1515 5045 1625 5117 Τὴν
1664 5065 1755 5117 γε-

193 5122 312 5178 νεὰν
337 5127 509 5180 αὐτοῦ
529 5127 616 5189 τίς
643 5127 959 5199 διηγήσεται
984 5147 999 5196 ;
1027 5132 1144 5186 Ὀτι
1172 5132 1385 5205 αἴρεται
1418 5136 1524 5189 ἀπὺ
1543 5137 1639 5207 τῆς
1657 5142 1759 5209 γῆς

193 5210 349 5302 ήζωὴ
372 5215 566 5268 αὐτοῦ·
604 5217 709 5270 ἀπὸ
732 5218 837 5271 τῶν
859 5219 1095 5290 ἀνομιῶν
1114 5223 1205 5276 τοῦ
1238 5223 1366 5279 λαοῦ
1402 5244 1502 5297 μου
1525 5228 1661 5302 ἢχθη
1680 5234 1759 5295 εἰς

195 5297 436 5359 θάνατον.
478 5322 500 5357 a
536 5304 764 5359 Διελθὼν
798 5307 963 5362 αὐτοῦ
996 5308 1064 5363 τὰ
1099 5310 1267 5382 πάθη,
1311 5297 1621 5387 ἀναπέμπει
1651 5297 1758 5389 ’τὴν

192 5391 291 5449 τῶν
311 5394 624 5449 ἀκουόντων
655 5396 894 5452 διάνοιαν
927 5400 1020 5453 ἐπὶ
1052 5401 1153 5473 τὴν
1175 5402 1274 5472 τῆς
1306 5405 1569 5472 γενέσεως
1599 5408 1762 5463 αὐτοῦ

195 5484 513 5550 ῳαντασίαν,
566 5484 861 5555 ἐπιλέγων·
913 5507 932 5539 ι
973 5490 1084 5561 Τήν
1116 5491 1304 5559 γενεὰν
1346 5494 1507 5548 αὑτοῦ
1552 5495 1637 5559 τίς
1680 5496 1765 5550 δι-

194 5576 495 5645 ηγήσεταις
541 5594 560 5626 r
614 5576 746 5629 Τότε
800 5576 908 5647 γὰρ
958 5579 1190 5650 μάλιστά
1215 5600 1297 5647 τις
1348 5583 1531 5654 μεῖζον
1578 5585 1761 5639 λοιπὸν

198 5666 421 5740 λήψεται
457 5667 649 5738 θαῦμα
698 5667 797 5738 τῆς
840 5669 948 5722 τῶν
985 5671 1254 5724 τοσούτων
1298 5676 1590 5745 ὑπομονῆς,
1635 5679 1759 5731 ὅταν

512 5785 786 5845 Pnaon.
813 5784 1144 5850 GuXXIV

1868 4551 2059 4612 purgat
2080 4552 2357 4612 peccatum
2385 4542 2587 4597 rutundi.
2615 4542 2973 4612 Symmachus
2997 4552 3200 4605 autem.
3228 4561 3248 4595 ι
3274 4541 3433 4598 Obla-

1868 4642 1955 4686 tus
1998 4641 2100 4695 est.
2147 4634 2245 4699 ait,
2295 4643 2349 4687 et
2391 4633 2504 4701 ipse
2540 4634 2797 4689 obedivit.
2830 4653 2849 4685 ι
2899 4634 2993 4688 Cui
3044 4651 3174 4691 vero
3217 4637 3430 4691 oblatus

1865 4733 1966 4789 est,
2002 4724 2103 4778 nisi
2142 4724 2349 4779 Pilato?
2389 4724 2456 4779 Et
2486 4726 2611 4793 quia
2640 4735 2922 4781 accusatus
2953 4728 3137 4790 tacuit,
3183 4742 3238 4783 et
3276 4729 3429 4785 falsis

1863 4816 2094 4871 testibus
2119 4816 2251 4871 nihil
2286 4818 2581 4887 respondit,

1935 5038 2103 5095 Vsus.
2134 5038 2187 5094 8.
2221 5058 2240 5092 ι
2265 5040 2319 5094 In
2361 5039 2654 5097 afﬂictione
2690 5042 2947 5111 judicium
2979 5044 3097 5112 ejus
3131 5038 3295 5095 latum
3324 5052 3425 5097 est.

1865 5129 2281 5187 Generationem
2323 5132 2441 5200 ejus
2474 5137 2594 5202 quis
2615 5135 2924 5190 enarrabit?
2970 5136 3103 5201 Quia
3135 5134 3334 5189 tollitur
3365 5138 3429 5189 ile

1867 5233 2010 5279 terra
2042 5225 2148 5279 vita
2178 5223 2313 5293 ejus.
2358 5228 2441 5281 Ab
2477 5228 2851 5298 iniquitatibus
2881 5229 3063 5299 populi
3102 5230 3203 5284 mei
3236 5232 3427 5284 ductus

1864 5325 1947 5369 est
1973 5314 2038 5369 ad
2078 5325 2329 5371 mortem.
2365 5336 2385 5367 ι
2431 5317 2718 5388 Postquam
2760 5321 3032 5374 cruciatus
3080 5319 3197 5388 ejus
3244 5332 3429 5373 recen-

1864 5407 1992 5470 suit.
2024 5407 2328 5462 auditorum
2364 5420 2595 5466 mentem
2632 5411 2697 5466 ad
2736 5412 3100 5481 generationis
3139 5411 3255 5477 ejus
3278 5411 3427 5479 cogi-

1864 5498 2119 5551 tationem
2172 5498 2507 5563 transmittit,
2564 5500 2677 5556 limc
2716 5501 2973 5568 adjicicns
3013 5518 3026 5553 τ
3068 5499 3427 5556 «Generatio-

1867 5604 1985 5642 nem
2014 5586 2130 5655 ejus
2161 5589 2282 5657 quis
2309 5591 2584 5644 enarrabit
2606 5592 2630 5646 ἲ
2654 5612 2673 5643 ι
2728 5592 2856 5644 Nam
2892 5600 3004 5644 tum
3043 5592 3273 5645 maxime
3303 5592 3426 5656 qui-

1866 5681 1947 5735 vis
1976 5677 2166 5748 majori
2193 5681 2261 5734 ob
2286 5682 2599 5750 patientiam
2636 5685 2749 5753 ejus
2780 5684 3137 5737 admiratione
3164 5682 3423 5751 capietur,

3032 5800 3107 5857 15
