4128 6294
813 305 916 359 459

1464 299 1723 356 EUSEBII
1760 299 2227 356 CJSARIENSIS
2265 301 2410 356 OPP.
2454 300 2630 356 PARS
2671 303 2752 356 Ill.
2794 333 2860 342 —
2900 301 3309 357 EXEGETICA.
3899 307 3994 362 ωο

811 436 932 476 cum
981 432 1158 473 secum
1213 420 1531 485 reputaverit
1590 419 1710 485 quis
1771 426 1826 469 et
1874 417 2050 483 qualis
2120 417 2209 472 ille
2260 420 2350 480 sit,
2388 428 2413 477 Α

2455 419 2534 478 είς
2564 417 2768 470 ἔννοιαν
2805 418 2930 489 ἔλθῃ
2959 417 3040 480 τίς
3071 416 3145 469 ῶν
3179 419 3269 469 καὶ
3297 417 3495 480 ὁποῖος,
3538 419 3628 470 καὶ
3658 419 3720 472 ἐκ
3743 418 3875 472 Θεοῦ
3902 435 3965 488 τε

811 522 865 564 et
896 511 1034 579 quod
1079 524 1144 563 ex
1195 509 1300 562 Deo
1341 519 1500 562 natus
1557 509 1960 576 nuigenitusque
2009 507 2129 561 talia
2177 509 2352 563 susti-

812 602 1005 657 nuerit.

880 735 1043 791 Vens.
1067 735 1121 792 9.
1163 753 1182 788 ι
1213 735 1280 789 Ει
1315 734 1450 788 dabo
1480 735 1749 802 improbos
1786 750 1883 802 pro
1912 735 2182 803 sepultura
2214 735 2350 805 ejus.

806 837 860 882 et
901 828 1088 881 divites
1131 841 1226 895 pro
1272 838 1442 878 morte
1473 823 1588 892 ejus
1637 847 1647 879 :
1700 828 1823 894 quia
1872 825 2208 894 iniquitatem
2247 842 2348 881 non

809 918 955 980 fecit,
1001 931 1172 986 neque
1212 915 1389 968 dolum
1433 914 1485 967 in
1533 929 1626 969 ore
1677 931 1792 970 suo.
1823 934 1840 965 ι
1881 915 2010 981 Quis
2041 916 2217 981 dabit,
2246 917 2346 972 nisi

807 1007 1170 1061 universorum
1217 1003 1424 1071 judexi
1469 1013 1524 1058 et
1563 1019 1698 1073 quos
1731 1006 1898 1070 dabit,
1953 1005 2054 1059 nisi
2099 1019 2212 1068 eos,
2258 1007 2345 1073 qui

805 1096 952 1163 prius
995 1103 1276 1148 memorata
1321 1102 1712 1162 perpetrarunt.
1747 1106 1879 1159 quos
1911 1094 2111 1158 statim,
2140 1109 2236 1148 nec
2259 1095 2344 1148 diu

806 1200 988 1255 postea
1009 1225 1024 1250 ,
1061 1184 1293 1238 inimicis
1327 1193 1379 1237 et
1411 1183 1649 1237 hostibus
1696 1181 2061 1236 obsidentibus
2097 1184 2346 1238 tradidit?

803 1277 878 1330 Ac
907 1275 1066 1330 etiam
1098 1272 1376 1327 confestim
1425 1273 1635 1335 accidit,
1679 1279 1735 1323 ut
1779 1273 2034 1326 memoria
2068 1287 2250 1327 eorum
2278 1288 2343 1327 ex

805 1365 1106 1419 hominibus
1145 1363 1468 1426 auferretur,
1507 1363 1594 1430 qui
1630 1361 1754 1414 olim
1799 1364 1934 1430 apud
1965 1362 2176 1418 Judaeos
2208 1365 2342 1417 mul-

805 1467 911 1509 tum
967 1456 1285 1510 auctoritate
1335 1454 1622 1516 valebant,
1675 1453 2064 1508 Pharisazorum
2115 1454 2340 1516 scilicet,

803 1543 1109 1598 Scribarum
1147 1556 1200 1598 et
1236 1543 1686 1606 Sadducteorum;
1730 1542 1796 1596 ad
1844 1545 1954 1598 haec
1991 1559 2136 1607 vero,
2170 1558 2343 1598 sacer-

801 1632 980 1687 dotum
1026 1644 1077 1688 et
1125 1639 1455 1687 summorum
1506 1633 1849 1700 pontillcum,
1901 1649 2102 1688 necnon
2136 1649 2339 1695 eorum,

799 1722 889 1790 qui
937 1723 1081 1790 regia
1127 1738 1287 1790 penes
1333 1723 1475 1791 ipsos
1503 1723 1760 1786 dignitate
1802 1721 2088 1792 fulgebant.
2121 1721 2252 1777 Nam
2289 1725 2338 1777 bi
2374 1752 2413 1804 Β

799 1821 942 1876 sunt,
991 1813 1079 1880 qui
1126 1815 1224 1866 hoc
1271 1813 1384 1870 loco
1422 1813 1612 1866 divites
1653 1811 2028 1881 appellantur:
2063 1831 2196 1882 quos
2236 1830 2338 1869 non

799 1903 886 1956 ditt
920 1913 1098 1972 postea
1129 1905 1206 1958 ira
1239 1903 1330 1957 Dei
1357 1904 1572 1970 invasit,
1605 1907 1727 1974 quia
1762 1905 2160 1975 impeceabilem
2185 1904 2342 1960 Chri-

799 2001 975 2058 stum,
1031 1995 1120 2048 tali
1175 1995 1432 2063 supplicio
1484 1996 1818 2050 dediderant.
1857 2015 1874 2047 ι
1917 1997 2045 2060 Quia
2087 1997 2334 2065 iniquita-

800 2096 902 2138 tem
936 2101 1038 2138 non
1071 2085 1212 2149 fecit,
1260 2099 1430 2154 neque
1473 2085 1651 2138 dolum
1684 2085 1736 2137 in
1779 2100 1872 2137 ore
1919 2099 2033 2138 suo.
2064 2103 2081 2134 ι
2128 2084 2199 2137 De
2229 2084 2340 2151 ejus

797 2190 891 2230 seu
927 2175 1090 2228 verbo
1135 2190 1224 2229 seu
1255 2189 1416 2242 opere
1463 2174 1908 2242 impeceahilitate
1941 2174 2147 2242 loquor,
2181 2189 2338 2240 quam

798 2269 848 2316 in
877 2265 1020 2318 omni
1057 2265 1163 2318 vita
1198 2281 1290 2319 sua
1320 2264 1574 2318 obtinuit.
1616 2281 1634 2313 ι
1669 2263 1834 2317 Nemo
1863 2264 2022 2333 igitur
2053 2279 2216 2333 purus
2243 2262 2334 2317 fuit

795 2372 824 2407 a
874 2354 1055 2416 sorde,
1104 2353 1317 2407 etiamsi
1374 2354 1531 2407 unius
1584 2352 1687 2406 diei
1740 2353 1896 2407 fuerit
1943 2354 2046 2406 vita
2105 2355 2218 2421 ejus
2239 2356 2280 2418 ³,
2315 2373 2333 2404 ι

797 2445 899 2498 nisi
936 2446 1066 2512 ipse.

868 2555 1026 2610 Vsus.
1056 2558 1140 2609 10.
1179 2575 1197 2607 ι
1229 2557 1292 2610 Et
1332 2553 1586 2608 Dominus
1636 2553 1746 2608 vult
1800 2555 2054 2608 mundare
2091 2555 2262 2624 ipsum
2308 2573 2335 2610 a

793 2647 968 2715 plaga.
997 2664 1017 2697 ι
1053 2645 1156 2698 Pro
1185 2646 1430 2700 omnibus
1451 2659 1579 2713 ergo
1603 2644 1688 2698 ille
1718 2653 1957 2697 mortuus
1983 2656 2085 2708 est,
2123 2656 2179 2698 ut
2213 2661 2337 2712 pur-

793 2745 943 2809 garet
970 2745 1023 2789 et
1055 2735 1262 2789 tolleret
1290 2745 1565 2804 peccatum
1597 2735 1812 2799 mundi;
1842 2736 2191 2804 quamobrem
2227 2751 2257 2790 e
2280 2752 2336 2790 re

806 2825 906 2878 bre
933 2824 1218 2878 aestimavit
1247 2823 1383 2878 Deus
1421 2833 1474 2877 et
1505 2822 1678 2886 Pater,
1713 2825 1756 2877 si
1791 2841 1910 2878 cum
1951 2840 1979 2877 a
2013 2826 2194 2894 plaga.
2225 2828 2336 2882 sive

792 2917 860 2969 ab
889 2913 1031 2976 illata
1059 2915 1306 2982 passione
1336 2923 1610 2983 purgaret.
1658 2934 1676 2966 ι
1709 2915 1765 2968 Si
1801 2917 2051 2971 dederitis
2083 2934 2178 2985 pro
2207 2932 2333 2986 pec-

2453 506 2775 575 γιννημὲνος
2804 509 3090 576 μονογενὴς
3112 505 3280 558 ταῦτα
3314 508 3486 560 πάντα
3513 505 3739 577 ὑπέστη.

2503 742 2541 774 -ι
2576 724 2684 776 Καὶ
2711 724 2864 778 δώσω
2892 727 3014 789 τοὺς
3046 726 3314 796 πονηροὺς
3343 725 3461 778 ἀντὶ
3483 727 3579 797 τῆς
3607 727 3778 798 ταφῆς
3806 725 3983 791 αὐτοῦ,

2449 815 2541 867 καὶ
2564 815 2688 877 τοὺς
2721 816 3004 879 πλουσίους
3031 817 3149 869 ἀντὶ
3183 815 3275 869 τοῦ
3308 816 3537 870 θανάτου
3563 818 3748 872 αὐτοῦ’
3774 820 3853 872 ὅτι
3872 821 3981 873 ἀνα

2451 903 2575 972 μίαν
2605 903 2703 955 οὐκ
2737 905 2981 972 ἐποίησε,
3033 903 3152 957 οὐδὲ
3171 903 3315 956 δόλον
3331 907 3392 993 ἂν
3413 906 3490 975 τῷ
3523 909 3742 977 στόματι
3773 908 3980 961 αὐτοῦ.»

2447 993 2541 1056 Τίς
2572 993 2627 1046 δὲ
2659 994 2818 1046 δώσει
2847 994 2878 1063 ἧ
2909 996 2936 1046 ό
2965 994 3070 1047 τῶν
3108 995 3241 1047 ὅλων
3278 998 3504 1067 κριτής;
3529 999 3621 1050 καὶ
3649 998 3842 1068 τίναςῆ
3868 1000 3987 1060 τοὺς

2446 1087 2804 1158 τά“είρημένα
2833 1087 3178 1156 δεδρακότας,
3208 1086 3299 1150 οὓς
3335 1089 3428 1141 καὶ
3461 1090 3770 1159 παρέδωκεν
3797 1091 3990 1144 αὐτίκα

2446 1178 2538 1230 καὶ
2559 1179 2656 1230 ούκ
2691 1180 2768 1240 είς
2799 1178 3013 1248 μακράν
3040 1178 3272 1248 ἐχθροῖς,
3304 1180 3395 1230 καὶ
3425 1179 3718 1249 πολεμίοις,
3767 1181 3855 1234 καὶ
3893 1198 3986 1234 πο-

2444 1271 2786 1340 λιορκηταίς,
2827 1270 2890 1321 "O
2933 1268 2996 1338 δὴ
3027 1271 3119 1322 καὶ
3149 1269 3278 1321 αὐτὸ
3313 1272 3647 1342 παραχρῆμα
3682 1273 3896 1340 συνέϐη,
3932 1274 3988 1337 ἐξ

2443 1361 2738 1431 ἀνθρώπων
2769 1360 3124 1428 ἀφανισθῆναι
3155 1361 3214 1412 τὸ
3245 1362 3580 1430 μνημόσυνον
3610 1363 3786 1415 αὐτῶν
3825 1363 3988 1415 παλαι

2444 1453 2592 1522 παρά
2632 1451 2892 1504 Ἰουδαίων
2921 1449 3092 1503 πολλὰ
3127 1451 3522 1520 δεδυνημένων,
3563 1452 3862 1521 Φαρισαίων
3899 1454 3988 1504 καὶ

2443 1543 2828 1612 γραμματέων,
2855 1543 2944 1594 καὶ
2972 1541 3354 1594 Σαδδουκαίων·
3375 1542 3465 1593 καὶ
3491 1541 3567 1593 ἔτι
3590 1542 3720 1610 πρὸς
3749 1542 3953 1603 τούτοις
3971 1584 3986 1605 ,

2444 1634 2629 1702 ἱερέων
2658 1651 2714 1684 τε
2743 1633 2833 1686 καὶ
2863 1631 3177 1703 ἀρχιερέων,
3203 1633 3296 1683 καὶ
3324 1631 3428 1682 τῶν
3456 1635 3582 1700 παρ’
3612 1633 3790 1696 αὐτοῖς
3840 1632 3987 1700 βασι-

2442 1725 2563 1794 λικῇ
2597 1723 2720 1794 ἀξίᾳ
2748 1723 3137 1792 τετιμημένων.
3186 1716 3341 1774 Οὗτοι
3381 1722 3487 1792 γάρ
3513 1719 3650 1792 ἦσαν
3678 1725 3725 1775 οἱ
3760 1721 3985 1774 ἐνταῦθα

2441 1814 2718 1884 λεγόμενοι
2742 1813 2981 1866 πλούσιοι
3005 1831 3018 1842 ·
3053 1812 3145 1876 οὒς
3181 1812 3442 1882 μετῆλθεν
3475 1813 3571 1865 ούκ
3596 1814 3674 1876 είς
3715 1813 3925 1883 μακρὰν
3953 1814 3984 1882 ἡ

2440 1907 2573 1976 ὀργὴ
2603 1905 2694 1958 τοῦ
2735 1905 2888 1969 Θεοῦ,
2921 1905 3050 1956 διότι
3085 1903 3461 1974 ἀναμάρτητον
3486 1904 3612 1956 δντα
3648 1905 3733 1956 τὸν
3761 1903 3985 1974 Χριστὸν

2440 1996 2659 2068 τοιαύτη
2688 1996 2901 2049 κολάσει
2929 1993 3376 2063 ύποϐεὸλήκασιν.
3403 2012 3422 2044 ι
3461 1995 3580 2046 Ὅτι
3626 1996 3850 2064 ἀνομίαν
3889 1996 3984 2046 οὐκ

2439 2087 2709 2157 ἐποίησεν,
2733 2087 2850 2138 οὐδὲ
2893 2086 3037 2140 δόλον
3053 2089 3108 2140 ὲν
3124 2087 3200 2158 τῷ
3218 2089 3440 2158 στόματι
3459 2087 3668 2140 autalt
3682 2086 3836 2154 Λέγω
3851 2085 3914 2156 δὴ
3929 2085 3985 2136 τὸ

2437 2177 2502 2229 δι’
2522 2177 2647 2247 δλης
2675 2176 2774 2246 τῆς
2811 2175 2902 2228 τοῦ
2932 2175 3044 2245 βίου
3070 2175 3211 2247 ζωῆς
3237 2177 3615 2248 ἀναμάρτητον
3643 2179 3700 2229 ἐν
3715 2176 3858 2245 λόγῳ
3896 2174 3984 2228 καὶ

2439 2267 2600 2337 ἔργῳ.
2637 2284 2656 2315 ‹
2690 2265 2878 2328 Οὐδεὶς
2902 2260 2992 2318 οὖν
3029 2265 3266 2338 καθαρὸς
3287 2267 3508 2334 γέγονεν
3534 2265 3641 2318 ἀπὸ
3663 2265 3858 2334 ῥύπου,
3880 2265 3981 2316 οὐδ’

2439 2360 2484 2410 εί
2512 2357 2608 2428 μία
2633 2357 2812 2428 ἡμέρα
2837 2352 2903 2428 ἦν
2934 2358 2966 2426 ἡ
2996 2355 3107 2426 ζωὴ
3147 2355 3330 2417 αὐτοῦ,
3362 2375 3380 2407 ι
3405 2355 3438 2425 ἢ
3467 2356 3626 2424 μόνος
3655 2354 3834 2416 αὑτός.

2513 2572 2529 2602 ι
2573 2553 2678 2606 Καὶ
2705 2555 2906 2629 Κύριος
2942 2555 3184 2626 βούλεται
3215 2558 3510 2629 καθαρίσαι
3537 2558 3697 2612 αὑτὸν
3730 2557 3830 2627 τῆς
3856 2556 3983 2627 πλη-

2436 2643 2556 2712 γῆς.
2593 2663 2610 2695 ι
2637 2645 2842 2698 Οὐκοῦν
2874 2646 3013 2717 ὑπὲρ
3041 2648 3256 2701 πάντων
3279 2648 3436 2710 αὐτὸς
3464 2648 3748 2710 ἀπέθανεν,
3783 2649 3869 2700 ἶνα
3899 2664 3985 2701 και

2435 2733 2572 2804 θάρῃ
2613 2736 2705 2787 καὶ
2745 2735 2968 2808 περιέλῃ
2991 2737 3088 2807 τὴν
3119 2738 3387 2808 ἁμαρτίαν
3407 2737 3497 2790 τοῦ
3530 2738 3731 2807 κόσμου
3751 2756 3763 2765 ·
3799 2739 3878 2791 διὸ
3900 2739 3982 2793 καὶ

2435 2821 2646 2892 ἔκρινεν
2690 2824 2718 2874 ὁ
2749 2822 2878 2886 Θεὸς
2934 2826 3026 2878 καὶ
3075 2826 3258 2897 Πατὴρ
3293 2829 3453 2881 αὑτοῦ
3504 2827 3793 2896 καθαρίσαι
3831 2828 3983 2880 αὑτὸν

2434 2914 2532 2982 τῆς
2563 2912 2793 2985 πληγῆς,
2826 2916 3066 2968 τουτέστι
3086 2917 3176 2970 τοῦ
3202 2918 3576 2988 ἐπενεχθέντος
3597 2917 3742 2987 αὐτῷ
3765 2918 3978 2980 πάθους.

799 3013 947 3070 tato,
1001 3005 1178 3057 anima
1236 3015 1410 3056 vestra
1479 3004 1678 3056 videbit
1729 3017 1910 3056 semen
1965 3004 2278 3069 longaevum.
2310 3024 2327 3055 ι
2365 3073 2401 3085 Α

2441 3021 2459 3052 ι
2505 3003 2629 3057 Ἐὰν
2657 3004 2793 3057 δῶτε
2829 3006 2972 3085 σρὶ
3026 3007 3315 3077 ἁμαρτίας,
3345 3009 3375 3076 ἡ
3411 3007 3554 3078 ψυχὴ
3599 3007 3751 3076 ὑμῶν
3801 3008 3981 3076 ὕψεται

794 3095 942 3162 Quod
967 3098 1041 3148 ait
1074 3095 1372 3164 huiusmodi
1397 3105 1478 3148 est
1510 3111 1523 3146 :
1561 3094 1685 3149 Post
1711 3109 1771 3146 ea
1798 3110 1915 3163 qua:
1949 3097 2192 3164 superius
2224 3112 2333 3151 me-
2358 3073 2402 3132 δ

2436 3093 2649 3162 σπέρμα
2677 3073 2982 3166 μακρόῖιόν.
3018 3115 3036 3146 ι
3060 3073 3123 3148 ³0
3145 3073 3208 3148 δὲ
3250 3073 3395 3163 λέγει
3413 3073 3650 3149 eois-jch
3673 3098 3812 3150 ἐστι.
3836 3073 3982 3150 Πετά

792 3189 1136 3246 moravimus.
1172 3187 1216 3240 si
1272 3187 1396 3255 quis
1428 3201 1490 3238 ex
1524 3186 1590 3240 iis
1617 3187 1706 3254 qui
1739 3197 1928 3240 contra
1959 3189 2130 3256 ipsum
2175 3189 2334 3256 impie

795 3287 1034 3350 egerunt,
1065 3277 1291 3332 voluerit
1324 3277 1546 3331 hostiam
1586 3275 1817 3339 offerre;
1865 3278 1916 3330 id
1963 3288 2085 3342 est,
2121 3279 2331 3333 confes-

792 3373 997 3424 sionem
1025 3376 1079 3423 et
1123 3367 1489 3436 pmnitentiam
1522 3377 1865 3436 peccatorum
1901 3368 2181 3432 exhibere,
2215 3369 2257 3422 is
2301 3385 2329 3421 a

789 3476 884 3530 spe
921 3462 1058 3515 bona
1107 3461 1158 3512 in
1208 3474 1327 3514 eum
1373 3461 1605 3527 reposita
1651 3473 1981 3528 nequaquam
2035 3460 2326 3514 delabetur.

790 3552 1008 3607 Etiamsi
1033 3552 1173 3606 enim
1204 3550 1404 3604 dictum
1446 3550 1626 3613 luerit,
1682 3568 1699 3601 ι
1723 3549 1868 3604 Dabo
1900 3551 2088 3620 impios
2121 3565 2215 3618 pro
2248 3566 2331 3604 se-

788 3641 998 3710 pultura
1031 3638 1168 3708 ejus,
1212 3648 1266 3694 et
1293 3639 1484 3694 divites
1525 3655 1622 3707 pro
1669 3651 1838 3694 morte
1863 3639 2015 3708 ejus;
2041 3659 2060 3692 ι
2096 3645 2328 3695 attamen

787 3735 830 3788 si
863 3748 977 3795 vos,
1008 3733 1098 3802 qui
1131 3731 1254 3785 talia
1293 3731 1408 3785 ausi
1452 3733 1599 3798 estis,
1635 3731 1828 3787 donum
1860 3747 1957 3801 pro
1988 3741 2203 3802 peccato
2233 3733 2328 3786 ob-

790 3826 1039 3888 tuleritis,
1070 3823 1280 3877 veniam
1315 3823 1739 3892 consequemini,
1770 3825 1947 3877 anima
1982 3833 2154 3878 vestra
2182 3823 2328 3877 salu-

791 3927 893 3969 tem
918 3917 1211 3977 obtinebit;
1243 3914 1532 3982 quinetiam
1560 3929 1741 3969 semen
1763 3899 2068 3983 longzevum
2097 3915 2326 3969 videbit:

789 4007 889 4063 hoc
935 4008 1106 4075 ipsum
1143 4006 1405 4066 videlicet.
1459 4006 1596 4075 quod
1636 4007 1701 4060 ab
1748 4005 1862 4075 ipso
1916 4007 1966 4058 in
2024 4006 2330 4060 hominibus

787 4113 1032 4168 sparsum
1068 4097 1261 4163 fuerat,
1301 4097 1364 4151 de
1407 4111 1513 4165 quo
1559 4097 1610 4148 in
1652 4096 1918 4164 parabolis
1969 4097 2186 4160 docens,
2223 4097 2330 4150 aie-

789 4191 878 4244 bat
904 4209 916 4245 :
947 4209 964 4240 ι
993 4189 1135 4243 Exiit
1165 4191 1254 4257 qui
1293 4190 1522 4243 seminat
1567 4188 1829 4241 seminare
1853 4189 1906 4252 ⁸;
1941 4206 1958 4237 ι
2008 4197 2060 4241 et
2093 4203 2329 4248 rursum,

792 4304 809 4331 ι
845 4283 1027 4336 Simile
1081 4293 1161 4336 est
1222 4295 1440 4348 regnum
1492 4277 1750 4333 ewlorum
1797 4277 1994 4330 homini
2047 4278 2325 4331 sentiuauti

786 4378 980 4430 bonum
1012 4389 1188 4427 semen
1227 4375 1276 4424 iu
1311 4387 1438 4440 agro
1469 4386 1563 4424 suo
1593 4371 1635 4423 ⁵.
1665 4389 1681 4420 ι

856 4574 1016 4627 Vsus.
1051 4575 1134 4625 Η.
1183 4590 1197 4619 ι
1225 4571 1288 4622 Ει
1330 4569 1442 4623 vult
1482 4569 1734 4622 Dominus
1779 4566 1992 4621 auferre
2037 4567 2100 4619 de
2148 4566 2325 4619 labore

788 4665 1015 4716 animam
1058 4662 1187 4728 ejus,
1237 4660 1516 4712 ostendere
1558 4659 1604 4711 ei
1649 4659 1841 4722 lucem,
1885 4666 1939 4712 et
1969 4657 2200 4710 formare
2242 4655 2320 4707 in-

790 4755 1096 4820 telligentia,
1120 4751 1412 4817 justiﬁcare
1439 4749 1636 4814 justum
1673 4751 1804 4802 bene
1842 4749 2158 4802 servientem
2192 4746 2319 4798 mul~

786 4848 871 4900 tis.
899 4863 916 4894 ›
957 4844 1008 4896 Id
1040 4844 1103 4896 de
1130 4857 1236 4896 uno
1263 4840 1539 4911 Salvatore
1571 4850 1751 4892 nostro
1779 4839 1882 4891 dici
1924 4853 2017 4906 par
2048 4847 2128 4890 est
2151 4841 2181 4889 :n'
2202 4851 2322 4888 nam

783 4950 992 5003 semper
1034 4938 1085 4988 in
1128 4951 1286 4988 manu
1320 4933 1436 5000 ejus
1467 4931 1638 4985 Patris
1677 4930 1920 4982 voluntas
1963 4939 2106 4982 recte
2142 4941 2324 4994 proce-

783 5027 959 5080 debat.
995 5025 1146 5079 Dedit
1185 5035 1360 5080 autem
1391 5025 1490 5092 ipsi
1523 5023 1712 5084 lucem,
1742 5031 1798 5073 ut
1831 5037 1921 5074 eos
1944 5021 2034 5088 qui
2061 5019 2319 5088 justitiam

784 5132 878 5184 per
921 5116 1092 5182 ipsum
1128 5124 1557 5183 assequerentur,
1599 5113 1921 5166 illuminaret
1957 5130 1974 5168 :
2025 5111 2322 5181 intelligen-

787 5206 908 5258 tiam
939 5206 1061 5258 item
1103 5205 1198 5273 ipsi
1245 5205 1504 5270 contulit;
1547 5218 1666 5257 nam
1708 5203 1963 5270 requievit
2005 5219 2165 5272 super
2201 5218 2320 5255 eum

783 5294 999 5362 spiritus
1056 5296 1327 5363 sapientius
1377 5304 1429 5349 et
1485 5295 1879 5370 inteiligentize,
1930 5303 1986 5347 ut
2039 5296 2324 5364 prudentes

781 5383 1053 5453 iustosque
1120 5386 1366 5440 redderet
1413 5400 1546 5454 eos,
1601 5387 1714 5456 qui-
1747 5385 2122 5453 justiﬂcatione
2179 5388 2321 5456 digni

785 5489 956 5530 erant.

856 5654 876 5684 '
904 5655 1001 5709 Job
1029 5671 1137 5719 xiv,
1174 5657 1217 5708 ί.
1292 5657 1312 5687 ⁸
1338 5655 1467 5710 Luc.
1499 5671 1615 5718 vm,
1773 5657 1793 5688 ⁸
1822 5656 2002 5710 Matth.
2037 5671 2150 5722 ιιιι,
2188 5656 2274 5710 57.

2431 3180 2499 3232 τὰ
2529 3183 2886 3252 προλεχθέντα
2917 3185 3112 3250 πάντα,
3153 3184 3207 3237 εῐ
3228 3202 3311 3248 τις
3335 3185 3441 3237 τῶν
3473 3188 3553 3248 είς
3585 3186 3746 3239 αὑτὸν
3778 3187 3979 3256 ἠσεϐη-

2432 3273 2600 3324 κότων
2637 3271 2918 3344 βουληθείη
2949 3274 3136 3327 θυσίαν
3164 3277 3468 3346 ἀνενεγκεῖν
3499 3279 3635 3348 ὑπὲρ
3661 3279 3761 3349 τῆς
3793 3281 3980 3333 ἑαυτοῦ

2430 3363 2718 3432 ἁμαρτίας,
2742 3365 3013 3418 τουτέστιν
3039 3366 3418 3438 ἐξομολόγησιν
3449 3371 3542 3422 καὶ
3573 3372 3860 3440 μετάνοιαν
3879 3372 3979 3424 τῶν

2431 3453 2822 3523 ἡμαρτημένων
2850 3456 3213 3524 ἐνδείξασθαι,
3257 3459 3355 3511 οὐκ
3387 3460 3738 3525 ἀποτεύξεται
3779 3463 3878 3532 τῆς
3907 3465 3979 3525 είς

2430 3543 2588 3594 αὑτὸν
2615 3544 2822 3615 ἀγαθῆς
2856 3545 3085 3609 ἐλπίδος.
3118 3549 3180 3600 El
3209 3549 3316 3619 γὰρ
3351 3550 3443 3602 καὶ
3468 3551 3535 3603 τά
3573 3552 3806 3622 μάλιστα
3837 3555 3981 3624 εῐρη-

2429 3649 2541 3696 ται,
2566 3635 2646 3687 δτι
2673 3653 2691 3686 ι
2724 3634 2888 3689 Δώσω
2913 3638 3036 3700 τοὺς
3068 3641 3334 3710 πονηροὺς
3379 3641 3500 3693 ἀντὶ
3545 3641 3643 3710 τῆς
3672 3645 3850 3713 ταφῆς
3891 3645 3980 3696 αὑ·

2428 3723 2543 3785 τοῦ,
2575 3724 2665 3777 καὶ
2695 3727 2821 3788 τοὺς
2846 3725 3128 3790 πλουσίους
3175 3729 3295 3781 ἀντὶ
3328 3729 3422 3782 τοῦ
3455 3729 3684 3785 θανάτου
3716 3733 3882 3787 αὑτοῦ
3901 3751 3915 3765 ο
3955 3753 3972 3786 ι

2431 3815 2544 3865 ἀλλ’
2571 3815 2720 3884 ὅμως
2763 3815 2859 3868 ὲάν
2890 3816 3022 3870 δῶτε
3065 3819 3222 3889 ὑμεῖς
3261 3818 3328 3872 τὰ
3366 3821 3588 3876 τοιαῦτα
3620 3823 3976 3895 τολμήσαντες

2429 3903 2488 3954 τὸ
2513 3905 2649 3975 ὑπὲρ
2676 3905 2942 3976 ἁμαρτίας
2967 3905 3157 3979 δῶρον,
3190 3906 3444 3974 τεύξεσθε
3476 3913 3740 3980 ἀφέσεως,
3770 3917 3802 3985 ὴ
3838 3914 3973 3986 ψυχίδ

2432 3995 2580 4064 ὑμῶν
2599 3997 2916 4066 σωθήσεται·
2937 3997 3073 4051 ἀλλά
3094 4000 3187 4052 καὶ
3207 3999 3393 4069 ὄψεται
3419 4001 3712 4072 μακρόὸιον
3737 4006 3970 4076 σπέρμα)

2429 4085 2581 4137 τοῦτο
2604 4085 2660 4137 δὲ
2679 4081 2745 4156 ῆν
2776 4087 2836 4140 τὸ
2860 4088 2949 4140 ὑπ’
2978 4088 3141 4142 αὑτοῦ
3173 4091 3508 4162 καταϐληθὲν
3540 4095 3617 4157 είς
3645 4094 3968 4165 ἀνθρώπους,

2431 4179 2556 4247 περὶ
2589 4169 2647 4229 οὗ
2683 4180 2738 4230 ὲν
2765 4181 3096 4251 παραϐολαῖς
3132 4181 3393 4235 διδάσκων
3420 4183 3603 4252 ἔλεγεν
3621 4201 3635 4215 ·
3665 4205 3683 4236 ι
3730 4187 3967 4254 Ἐξῆλθεν

2429 4264 2457 4314 ὁ
2477 4265 2710 4335 σπείρων
2739 4267 2830 4319 τοῦ
2866 4272 3080 4338 σπεῖραι
3102 4286 3114 4297 °
3159 4290 3177 4318 ι
3205 4271 3296 4322 καὶ
3321 4270 3481 4324 πάλιν
3501 4289 3513 4300 ·
3550 4291 3567 4322 ι
3615 4274 3806 4343 Ὁμοία
3833 4277 3966 4328 ἐστὶν

2432 4357 2463 4424 ή
2493 4356 2731 4424 βασιλεία
2767 4359 2874 4411 τῶν
2919 4360 3158 4430 οὐρανῶν
3193 4360 3462 4435 ἀνθρώπῳ
3496 4368 3770 4436 σπείροντι
3817 4367 3964 4420 καλὸν

2433 4449 2646 4517 σπέρμα
2667 4450 2724 4501 ὲν
2746 4449 2822 4519 τῷ
2847 4450 2958 4519 ίδίῳ
2991 4450 3164 4523 ἀγρῷ.
3198 4469 3217 4502 ι

2505 4579 2520 4610 ι
2558 4561 2666 4613 Καὶ
2697 4555 2941 4631 βούλεται
2969 4561 3170 4631 Κύριος
3202 4561 3420 4630 ἀφελεῖν
3444 4565 3551 4617 ἀπὸ
3574 4565 3665 4619 τοῦ
3695 4569 3854 4620 πόνου
3875 4567 3960 4634 τῆς

2427 4651 2596 4720 ψυχῆς
2631 4652 2813 4715 αὑτοῦ,
2848 4653 3012 4716 δεῖξαι
3044 4653 3190 4723 αὺτῷ
3219 4655 3350 4722 φῶς,
3379 4657 3471 4708 καὶ
3504 4658 3702 4712 πλάσαι
3727 4662 3794 4730 τῇ
3822 4658 3958 4711 συνέ-

2430 4757 2527 4802 σει,
2558 4742 2838 4796 δικαιῶσαι
2859 4743 3063 4795 δίκαιον
3096 4739 3153 4796 εὖ
3181 4745 3489 4800 δουλεύοντα
3517 4749 3745 4812 πολλοῖς.
3775 4748 3960 4802 »Τοῦτο
4062 4803 4063 4808 η

2426 4830 2480 4880 δὲ
2505 4831 2594 4882 ἐπὶ
2627 4833 2785 4901 μόνου
2821 4833 2912 4884 τοῦ
2944 4835 3188 4905 Σωτῆρος
3233 4838 3386 4906 ἡμῶν
3415 4839 3663 4905 λέγεσθαι
3709 4840 3921 4911 ἁρμόζει
3945 4857 3956 4868 ·
4059 4885 4061 4911 ᾗ

2427 4919 2512 4971 διὰ
2552 4923 2748 4982 παντὸς
2785 4923 2892 4992 γὰρ
2931 4924 2992 4975 τὸ
3027 4925 3119 4977 τοῦ
3155 4926 3364 4998 Πατρὸς
3395 4927 3604 4999 θέλημα
3631 4931 3689 4983 ὲν
3719 4934 3784 5000 τῇ
3830 4931 3957 5000 χειρὶ
4057 4993 4059 4998 η

2427 5010 2586 5062 αὑτοῦ
2610 5013 2991 5065 κατευωδοῦτο.
3029 5015 3233 5068 Ἔδωκε
3267 5016 3320 5068 δὲ
3361 5018 3508 5088 αύτῷ
3533 5021 3625 5072 καὶ
3659 5021 3773 5089 φῶς
3810 5023 3882 5082 είς
3905 5020 3956 5070 τὸ

2428 5101 2748 5169 φωτίζεσθαι
2775 5104 2896 5165 τοὺς
2917 5103 2979 5156 δι’
3001 5105 3161 5158 αὐτοῦ
3193 5107 3600 5178 δικαιουμένους
3619 5128 3632 5139 ·
3671 5111 3877 5163 σύνεσιν
3909 5108 3954 5160 δὲ
4053 5095 4057 5182 li

2425 5193 2569 5262 αὐτῷ
2595 5194 2900 5264 ἐδωρήσατο
2917 5212 2929 5223 ·
2956 5197 3366 5252 ὲπανεπαύσατο
3391 5199 3498 5271 γὰρ
3522 5202 3606 5253 ἐπ’
3634 5201 3794 5254 αὑτὸν
3818 5198 3953 5253 πνεῦ-

2431 5299 2503 5337 tta
2540 5283 2726 5351 σοφίας
2758 5284 2849 5335 καὶ
2886 5285 3143 5350 συνέσεως
3189 5290 3267 5350 εἰς
3294 5289 3354 5341 τὸ
3383 5291 3634 5354 συνετοὺς
3673 5290 3955 5363 ἀπεργάζε-

2430 5372 2572 5438 σθαι,
2616 5375 2707 5426 καὶ
2741 5374 2979 5436 δικαιοῦν
3000 5379 3122 5441 τοὺς
3147 5379 3328 5444 ἀξίους
3351 5380 3444 5433 τοῦ
3463 5381 3816 5437 δικαιοῦσθαι.

4053 5199 4055 5253 1

4043 5605 4047 5699 ‘
