4128 6294
312 464 423 521 465

1222 451 1727 514 COMMENTARIA
1765 449 1832 505 IN
1872 444 2123 503 ISAIAI.
2158 476 2229 487 —
2264 440 2419 498 CAP.
2455 438 2589 495 LIV.

3430 423 3538 481 δθθ

314 582 709 652 ἐπαγγέλλεται
743 585 773 636 ὀ
812 582 987 651 λόγος,
1014 583 1108 635 καὶ
1137 579 1303 634 πάλαι
1333 580 1429 649 μὲν
1456 572 1525 647 ἦν
1567 575 1717 647 παρὰ
1752 577 1867 628 ’1ου-

1982 580 2104 620 mea
2147 579 2178 618 a
2220 572 2275 619 te
2316 568 2676 618 removeatur.
2703 556 2771 611 Et
2806 554 2924 609 haec
2950 551 3052 623 pi:e
3353 557 3540 600 sermo

314 674 504 738 δαίοις,
559 674 811 728 διαπεσὺν
866 673 923 727 δὲ
978 672 1107 743 παρ’
1143 671 1343 736 αὐτοῖς,
1375 669 1467 721 ἐπὶ
1494 668 1594 739 τὴν
1625 666 1684 733 ἐξ
1709 666 1878 721 ἐθνιῖιν

329 764 653 836 Ἐκκλησίαν
684 761 1071 836 μεταϐέϐηκεν.

395 961 417 994 ι
442 939 678 1011 Ταπεινή
723 940 817 994 καὶ
847 940 1237 1004 ἀκατάστατος,
1256 938 1319 1005 οὐ
1343 936 1705 1009 παρεκλήθης.
1747 935 1876 990 Ἰδοὺ

316 1032 431 1101 ἐγὼ
455 1029 724 1101 ἑτοιμάζω
754 1048 835 1085 σοι
874 1030 1120 1102 ἄνθρακα
1139 1030 1231 1083 τὸν
1258 1028 1403 1082 λίθον
1434 1046 1547 1092 σου,
1572 1028 1665 1081 καὶ
1691 1028 1759 1082 τά
1790 1028 1879 1081 θε-

318 1121 483 1192 μέλιά
510 1138 603 1174 σου
636 1121 952 1194 σάπφειρον.
973 1141 993 1173 ο
1020 1117 1129 1174 Ἦν
1175 1120 1285 1192 γὰρ
1315 1119 1465 1190 παρὰ
1506 1119 1774 1183 Ἰουδαίοις
1798 1118 1877 1189 τῷ

312 1212 432 1267 δντι
458 1214 492 1284 ἠ
510 1214 737 1285 ταπεινὴ
765 1214 1050 1284 σωματικὴ
1078 1212 1364 1283 θρησκεία,
1391 1214 1427 1283 ή
1453 1213 1512 1265 ἐν
1539 1210 1752 1282 σώματι
1776 1227 1875 1263 πε-

323 1302 535 1374 ριτομὴ,
562 1304 655 1356 καὶ
680 1304 740 1356 ἐν
764 1302 969 1365 οὐσίαις
990 1300 1144 1380 ζῴων
1164 1302 1258 1354 καὶ
1281 1303 1403 1363 ταῖς
1421 1298 1623 1380 τούτων
1644 1298 1872 1363 θυσίαις,

319 1395 411 1447 καὶ
431 1396 542 1459 τοῖς
561 1393 739 1458 ἄλλοις
762 1376 1159 1464 παραπλησίοις
1181 1376 1537 1463 ἐξεταζομένη
1556 1409 1571 1422 υ
1591 1391 1673 1444 διδ
1689 1407 1877 1445 ταπει-

317 1482 414 1556 νὴν
438 1466 531 1537 καὶ
556 1484 930 1538 ἀκατάστατον
960 1482 1130 1552 αὐτὴν
1154 1481 1453 1552 ὠνόμασεν.
1470 1476 1583 1535 Εἶτ’
1610 1480 1873 1549 ἐπιλέγει,

314 1594 335 1625 ι
370 1574 449 1628 Οὐ
498 1573 871 1647 παρεκλήθης·
893 1592 914 1625 a
965 1574 1139 1637 οὐδεὶς
1171 1573 1281 1644 γάρ
1304 1569 1374 1643 ἦν
1405 1572 1519 1626 τῶν
1558 1571 1871 1643 προφητῶν,

311 1663 433 1717 οὑδέ
470 1664 579 1717 τῶν
623 1662 885 1732 θεοφιλῶν
928 1663 1138 1735 ἀνδρῶν
1179 1663 1558 1729 τοσοῦτος,οώς
1586 1662 1874 1717 ἀναλαϐεῖν

308 1754 483 1828 αὐτὴν
507 1757 599 1809 καὶ
619 1755 1038 1828 ἀνακτήσασθαι.

1980 658 2281 729 pollicetur,
2317 659 2425 711 imo
2451 655 2615 709 etiam
2646 649 2775 706 olim
2814 659 2982 719 penes
3015 642 3233 699 Judaos
3272 638 3362 694 illa
3396 644 3538 729 erat,

1975 728 2070 806 sed
2117 750 2187 805 ab
2224 749 2357 819 ipsis
2383 745 2610 807 decidit,
2645 752 2701 799 et
2733 742 2801 796 ad
2835 736 3134 795 Ecclesiam
3176 728 3539 803 exggentibns

1976 851 2223 899 coactam
2264 839 2522 894 translata
2552 845 2656 891 est.

2046 906 2331 989 νωίιι.
2371 950 2391 982 ι
2425 928 2652 985 Humilis
2679 934 2736 982 et
2776 920 3079 985 instabilis,
3111 915 3537 975 consolationem

1976 1042 2083 1082 non
2118 1027 2307 1096 adepta
2360 1039 2440 1079 es.
2485 1021 2626 1077 Ecce
2657 1033 2759 1088 ego
2799 1027 3048 1085 prcparo
3084 1010 3180 1066 tibi
3229 1007 3537 1065 carbuncu-

1975 1118 2086 1173 lum
2109 1116 2339 1187 lapidem
2366 1124 2538 1181 tuum,
2572 1122 2629 1168 et
2653 1108 3004 1165 fundamenta
3032 1113 3120 1160 tua
3144 1100 3480 1171 sapphirum.
3508 1116 3531 1151 ι

1978 1208 2106 1262 Erat
2144 1207 2288 1262 enim
2324 1220 2511 1260 revera
2554 1217 2720 1273 penes
2744 1199 2960 1255 Judmos
3003 1195 3247 1264 abiectus
3286 1192 3376 1248 itte
3408 1206 3507 1247 cor

1976 1312 2172 1367 porcus
2194 1296 2404 1363 cultus;
2432 1297 2488 1350 in
2522 1294 2768 1363 corporis
2811 1288 3265 1353 circumcisione,
3312 1286 3367 1341 in
3404 1284 3503 1341 sub

1975 1388 2194 1443 stantiis
2222 1388 2571 1453 animalium,
2616 1396 2671 1441 et
2712 1383 3000 1439 sacriﬁciis
3050 1395 3279 1445 eorum,
3326 1392 3535 1434 necnon

1977 1480 2030 1535 in
2081 1480 2204 1535 aliis
2254 1478 2554 1543 similibus,
2609 1479 2856 1549 positus:
2902 1481 3230 1546 quapropter
3276 1469 3536 1528 humilem

1976 1579 2031 1624 et
2077 1570 2386 1626 instabilem
2419 1579 2579 1625 vocat
2622 1569 2790 1623 illam.
2838 1566 3038 1621 Deinde
3079 1563 3306 1635 adjicit,
3346 1580 3367 1614 ι
3417 1558 3537 1616 Non

1974 1662 2401 1717 consolationem
2436 1661 2627 1731 adepta
2669 1675 2761 1715 es:
2799 1678 2820 1712 ι
2863 1672 3023 1713 nemo
3061 1657 3207 1712 enim
3241 1654 3536 1727 propheta-

1974 1769 2116 1818 rum,
2160 1768 2337 1822 neque
2385 1752 2759 1823 religioson
2792 1750 3032 1807 virorum
3061 1757 3210 1807 erat.
3258 1746 3353 1803 nui
3386 1744 3534 1800 illam

1974 1844 2251 1913 suscipere
2276 1852 2331 1899 et
2353 1828 2659 1898 restaurare
2687 1850 2885 1911 posset.

394 1934 524 1987 Ἰδοὺ
555 1934 667 2003 ἐγὼ
698 1936 969 2007 ἐτοιμάζω
999 1954 1083 1990 σοι
1125 1935 1370 2007 ἄνθρακα
1432 1937 1525 1991 τὺν
1561 1937 1705 1991 λίθον
1753 1953 1867 2003 σου,

2051 1953 2072 1986 ι
2114 1934 2255 1990 Ecce
2292 1948 2394 2005 ego
2437 1948 2682 2003 praepara
2725 1933 2819 1987 tibi
2861 1930 3243 1988 carbunculum
3298 1927 3531 1997 lapidem

304 2039 406 2081 καὶ
429 2026 499 2080 τὰ
538 2027 765 2098 θεμέλιά
806 2048 900 2084 σου
932 2032 1250 2101 σάπφειρον.
1277 2050 1298 2084 ι
1336 2032 1477 2086 ’Δνθ’
1499 2025 1562 2086 οῦ
1585 2034 1616 2085 ὁ
1642 2032 1869 2104 Σύμμα-

303 2133 436 2186 χος,
501 2135 521 2169 ι
568 2118 695 2171 Ἰδοὺ
734 2118 867 2188 ἐγὼ,
917 2123 1069 2193 φησὶ,
1121 2121 1406 2192 συντίθημι
1456 2123 1691 2194 στιμμία
1742 2124 1870 2186 τοὺς

302 2204 489 2268 λίθους
505 2223 596 2260 σου
613 2207 727 2276 (ιο)
751 2227 771 2258 ι
789 2208 1139 2274 6Θεοδοτίων,
1162 2230 1182 2261 ι
1209 2210 1333 2265 Ἰδοὺ
1349 2210 1461 2280 ἐγώ
1482 2212 1597 2282 είμι
1620 2210 1869 2281 ἐμόαλὼν

303 2298 516 2366 στιμμῇ
546 2297 673 2360 τοὺς
696 2297 876 2362 λίθους
914 2316 1027 2352 σου.
1056 2318 1076 2351 ι
1139 2301 1226 2364 Ὠς
1255 2302 1364 2373 γάρ
1395 2302 1461 2355 ἂν
1489 2302 1627 2372 γυνὴ
1659 2301 1867 2355 καλλω-

302 2388 570 2461 πιζομένη
610 2390 947 2461 στιμμίζοιτο
975 2393 1101 2457 τοὺς
1128 2393 1436 2464 ὀφθαλμούς
1457 2412 1471 2424 ’
1509 2393 1681 2458 οὕτως
1708 2396 1867 2459 αὐτὸς

299 2477 437 2547 ἐγὼ,
471 2481 653 2549 φησὶν,
682 2482 821 2552 ὑπὲρ
847 2483 1024 2537 πάντα
1053 2485 1332 2555 ὡραϊσμὸν
1362 2487 1458 2539 καὶ
1486 2485 1868 2555 καλλωπισμὸν

296 2568 432 2632 τοὺς
455 2570 557 2640 τῆς
590 2571 689 2642 σῆς
711 2572 994 2645 οἰκοδομῆς
1030 2574 1210 2639 λίθους
1232 2575 1490 2647 διαθήσω.

379 2680 400 2712 ι
430 2663 538 2715 Καὶ
565 2662 713 2733 θήσω
737 2664 837 2727 τὰς
865 2665 1114 2730 ἐπάλξεις
1140 2684 1234 2719 σου
1260 2666 1466 2729 ῐασπιν,
1513 2667 1607 2721 καὶ
1639 2666 1735 2729 τὰς
1766 2666 1867 2719 πύ-

296 2750 405 2814 λας
445 2769 538 2806 σου
591 2753 771 2818 λίθους
811 2756 1165 2826 κρυστάλλου,
1207 2758 1299 2810 καὶ
1334 2758 1426 2810 τὸν
1457 2756 1738 2829 περίϐολον
1773 2775 1868 2811 σου

296 2841 483 2905 λίθους
510 2844 815 2909 ἐκλεκτούς.
837 2866 857 2897 ι
908 2847 1148 2900 Τοιοῦτοι
1169 2848 1213 2900 δ’
1240 2849 1307 2901 ἂν
1334 2845 1441 2901 εἷεν
1461 2849 1520 2902 ἐν
1541 2851 1609 2919 τῇ
1637 2850 1866 2919 Ἐκκλη-

300 2932 401 3002 σία
427 2932 561 2985 Θεοῦ
584 2934 634 2986 οἱ
666 2934 852 3007 λογικῇ
883 2941 1201 3009 παρασκευῇ
1231 2939 1331 3009 τὴν
1362 2939 1543 2991 πίστιν
1565 2939 1865 3011 ὠχυρωμέ-

296 3038 408 3085 νοι,
433 3023 573 3077 ὥστε
602 3027 959 3098 προμαχῶνες
998 3029 1149 3092 ὅντες
1181 3030 1277 3082 τοῦ
1305 3028 1587 3092 θεωεὸοῦς
1622 3031 1869 3084 πολιτευ-

302 3129 497 3182 ματος,
518 3114 605 3167 διὰ
630 3116 689 3168 τὸ
707 3116 963 3170 δύνασθαι
988 3120 1096 3171 πᾶν
1122 3118 1322 3189 ὕψωμα
1351 3120 1707 3192 ἐπαιρόμενον
1727 3122 1869 3175 κατὰ

297 3200 405 3271 τῆς
426 3201 676 3271 γνώσεακ
693 3204 785 3257 τοῦ
800 3204 936 3259 Θεοῦ
953 3209 1253 3278 καθαιρεῖν,
1267 3209 1359 3262 καὶ
1381 3209 1673 3279 διελέγχειν
1693 3212 1868 3265 πάντα

1971 2032 2145 2093 tuum,
2169 2035 2228 2082 et
2253 2024 2597 2081 fundamenta
2615 2031 2703 2077 tua
2720 2023 3088 2093 sapphirum.»
3106 2021 3211 2076 Pro
3232 2034 3341 2089 quo
3375 2018 3535 2090 Sym-

1970 2116 2213 2181 machus,
2252 2134 2274 2168 ι
2305 2116 2442 2171 Ecce
2465 2130 2565 2185 ego
2596 2130 2861 2185 compono
2887 2114 3047 2168 stibio
3086 2112 3289 2181 lapides
3319 2124 3482 2177 tuos;
3508 2126 3529 2161 ι

1970 2206 2269 2263 Theodotio
2288 2216 2489 2271 autem,
2527 2225 2547 2257 ι
2563 2206 2717 2261 'Ecce
2732 2219 2833 2274 ego
2853 2204 3135 2259 immittam
3163 2201 3380 2257 stibium
3397 2200 3534 2269 lapi-

1969 2300 2127 2353 dibus
2169 2300 2296 2353 tuis.
2324 2317 2345 2349 i
2376 2296 2831 2364 Quemadmodum
2862 2295 3009 2349 enim
3047 2309 3170 2348 cum
3204 2293 3437 2358 mulier,
3475 2300 3537 2346 ut

1969 2389 2155 2445 forma
2198 2391 2447 2448 decorem
2484 2390 2686 2452 addat,
2713 2388 2876 2443 stibio
2924 2385 3044 2441 linit
3086 2386 3302 2451 oculos,
3351 2384 3424 2438 ita
3478 2392 3537 2439 et

1968 2495 2103 2552 ego,
2142 2482 2332 2551 inquit,
2353 2480 2501 2536 omni
2533 2481 2715 2549 specie
2766 2494 2831 2535 ac
2850 2478 3044 2535 decore
3071 2478 3416 2533 l'ormosiores
3437 2488 3537 2546 po-

1970 2588 2093 2628 nam
2140 2582 2429 2628 structurae
2456 2582 2559 2626 tua:
2587 2571 2812 2640 lapides.

2042 2661 2203 2717 Vm.
2236 2664 2324 2718 12.
2359 2682 2379 2715 ι
2421 2661 2488 2717 Et
2531 2678 2727 2732 ponam
2773 2659 3170 2732 propugnacula
3217 2668 3305 2715 tua
3329 2658 3532 2729 jaspin,

1969 2763 2025 2808 et
2059 2760 2394 2823 portas‘tnas
2432 2754 2645 2822 lapides
2701 2752 2967 2823 crystalli,
2998 2763 3051 2807 et
3080 2766 3263 2806 muros
3297 2760 3417 2804 tuos
3464 2748 3537 2802 Ia-

1968 2844 2119 2912 pides
2151 2844 2379 2900 electos.
2423 2844 2585 2899 Tales
2610 2846 2662 2899 in
2689 2844 2933 2899 Ecclesia
2966 2844 3061 2899 Dei
3121 2843 3325 2898 fuerint
3354 2842 3413 2906 ii,
3439 2839 3531 2911 qui

1969 2935 2279 2989 rationabili
2309 2944 2598 2989 structurae
2646 2945 2909 3004 apparatu
2951 2935 3056 2989 ﬁde
3100 2933 3337 2988 roborati
3382 2942 3532 2995 sunt,

1968 3034 2156 3091 utpote
2184 3025 2277 3095 qui
2325 3027 2430 3096 piae
2462 3026 2741 3096 religionis
2770 3024 3172 3096 propugnacula
3211 3027 3341 3088 sint,
3390 3022 3532 3091 quod

1970 3117 2182 3185 possint
2208 3131 2424 3171 omnem
2468 3118 2880 3181 sublimitatem,
2923 3126 3111 3171 contra
3144 3115 3237 3171 Dei
3272 3113 3535 3183 cognitio-

1970 3221 2091 3260 nem
2114 3220 2236 3261 sese
2262 3216 2637 3273 exserentem,
2674 3208 2740 3262 de
2781 3207 2958 3262 medio
2992 3205 3197 3269 tollere,
3232 3213 3287 3259 et
3317 3216 3533 3257 omnem

296 3292 459 3359 λόγον
478 3294 650 3365 ψευδῆ
670 3294 763 3348 τὸν
788 3296 889 3366 τῆς
912 3296 1163 3367 ἀληθείας
1209 3300 1485 3370 πολέμιον.
1518 3301 1728 3372 Ὠσπερ
1761 3302 1867 3373 γὰρ

1973 3294 2163 3349 falsum
2206 3311 2510 3352 sermonem
2543 3298 2791 3353 veritatis
2836 3298 3112 3353 inimicum
3160 3296 3443 3350 eliminare
3477 3303 3535 3350 et

296 3382 398 3435 ἐπὶ
425 3383 535 3437 τῶν
576 3386 770 3455 τειχῶν
801 3389 857 3440 αἰ
907 3387 1159 3453 ἐπάλξεις
1206 3390 1565 3459 προμαχῶνες
1604 3392 1741 3442 εἰσιν
1777 3391 1870 3443 ἐπὶ

295 3479 620 3547 παρασκευῇ
664 3476 765 3546 τῆς
818 3478 954 3550 πρὸς
1002 3481 1130 3543 τοὺς
1176 3480 1462 3550 πολεμίους
1516 3482 1869 3553 παρατάξεως

296 3567 837 3635 παρεσκευασμένοι·
868 3568 1011 3622 οὕτω
1057 3569 1151 3622 καὶ
1189 3569 1289 3640 τῆς
1346 3569 1667 3640 Ἑκκλησίας
1708 3572 1758 3624 οἱ
1810 3574 1867 3623 ἐν

293 3654 445 3725 λόγῳ
499 3657 594 3710 καὶ
638 3660 695 3711 ἐν
741 3659 903 3730 σοφία
953 3659 1201 3725 δυνατοὶ,
1245 3660 1485 3730 λεχθεῖεν
1531 3661 1600 3714 ἂν
1642 3662 1868 3725 εἰκότως

290 3746 572 3812 ἐπάλξεις.
608 3767 629 3800 ι
649 3750 761 3803 Καὶ
800 3750 902 3814 τάς
945 3751 1112 3814 πύλας
1138 3768 1231 3804 σου
1256 3752 1437 3817 λίθους
1465 3753 1796 3825 κρυστάλλου
1813 3772 1826 3783 ·
1843 3773 1862 3804 ι

289 3836 369 3889 δι’
398 3831 473 3891 ὧν
495 3838 593 3902 τὰς
620 3839 793 3896 πύλας
820 3840 921 3911 τῆς
964 3840 1170 3905 πόλεως
1216 3834 1508 3914 σῖιστήσας,
1536 3842 1780 3906 θεσπίζει
1806 3844 1867 3897 τὸ

289 3928 513 3996 διαυγὲς
544 3930 638 3982 καὶ
669 3930 907 4002 καθαρὸν
935 3931 1037 4001 τῆς
1077 3932 1261 4001 ὑγιοῦς
1296 3934 1552 4000 πίστεως,
1596 3935 1868 4004 παριστὰς

204 4014 209 4016 ⁷
282 4016 410 4071 τῶν
435 4021 873 4090 πεπιστευμένων
893 4022 991 4093 τὴν
1028 4022 1251 4094 πρώτην
1280 4025 1372 4077 καὶ
1405 4025 1740 4097 στοιχειώδη,
1772 4028 1866 4080 καὶ

291 4110 612 4180 εἰσακτικὴν
646 4111 1009 4166 διδασκαλίαν.
1041 4133 1061 4165 ι
1084 4114 1195 4167 Καὶ
1218 4115 1309 4168 τὸν
1346 4116 1630 4188 περίϐολόν
1662 4131 1757 4169 σου
1784 4117 1865 4169 λί-

289 4198 425 4262 θους
462 4200 767 4265 ἐκλεκτούς.
788 4222 809 4254 ι
850 4203 1093 4257 Τοιοῦτοι
1134 4205 1181 4257 δ’
1220 4205 1288 4260 ἂν
1331 4201 1442 4259 εἷεν
1473 4208 1523 4259 oi
1566 4207 1866 4279 περιφράτ-

283 4306 498 4353 τοντες,
537 4293 635 4345 καὶ
675 4294 796 4346 ἀντὶ
843 4294 1047 4357 παντὸς
1086 4294 1283 4365 ἕρκους
1317 4297 1736 4368 ἀσφαλιζόμενοι
1778 4299 1867 4352 διὰ

284 4381 406 4441 τῶν
438 4384 573 4454 πρὸς
611 4384 704 4437 τὸν
734 4385 865 4439 Θεὸν
902 4386 1076 4456 εὐχῶν
1116 4387 1212 4458 τὴν
1240 4390 1419 4441 πᾶσαν
1454 4391 1740 4462 οἰκοδομὴν
1767 4392 1865 4463 τῆς

289 4472 524 4540 πόλεως,
556 4475 769 4546 μεγάλα
791 4476 886 4531 καὶ
920 4478 1205 4549 πολυτελῆ,
1230 4480 1325 4534 καὶ
1358 4479 1552 4551 ἔντιμα
1579 4483 1864 4555 οἰκοδομή-

379 4580 465 4617 τα.

379 4580 465 4617 τα.

292 4579 391 4704 μαι
416 4656 523 4708 Καὶ
554 4657 759 4722 πάντας
790 4659 917 4723 τοὺς
959 4659 1106 4724 υἰούς
1134 4678 1228 4714 σου
1260 4661 1540 4727 διδακτοὺς
1576 4663 1731 4727 Θεοῦ,
1764 4668 1858 4719 καὶ

288 4746 357 4797 ἐν
408 4745 575 4816 πολλῇ
627 4749 818 4821 εἰρήνῃ
865 4750 934 4803 τὰ
977 4751 1144 4805 τέκνα
1194 4769 1309 4807 σου.
1330 4773 1350 4805 ι
1396 4755 1687 4820 Διδακτοὺς
1721 4757 1856 4813 Θεοῦ

287 4837 557 4890 ἀποκαλεῖ
577 4841 701 4903 τοὺς
730 4843 877 4905 υἱοὺς
897 4843 998 4913 τῆς
1024 4845 1191 4899 πάλαι
1230 4845 1476 4917 στείρας·
1508 4846 1645 4900 ἀλλὰ
1673 4850 1766 4900 καὶ
1798 4851 1857 4901 ἐν

288 4925 463 4997 πολλῇ
494 4931 681 5001 εἰρήνῃ
715 4931 930 4986 ἔσεσθαι
975 4935 1145 5005 αὐτῆς
1192 4934 1263 4987 τὰ
1310 4936 1513 4990 τέκναο
1548 4937 1702 4990 τοῦτο
1747 4939 1858 5010 γὰρ

289 5018 479 5080 αὐτοῖς
505 5021 860 5090 ἐπηγγείλατο
899 5024 1099 5078 εἰπών’
1140 5045 1160 5077 ι
1204 5027 1441 5097 Εἰρήνην
1466 5028 1565 5097 τὴν
1607 5027 1744 5100 ἐμὴν
1775 5030 1856 5081 δί-

289 5111 437 5181 δωμι
460 5111 605 5181 ὑμῖν,
632 5114 851 5184 εἰρήνην
875 5114 974 5185 τὴν
1002 5116 1143 5187 ἐμὴν
1172 5117 1375 5188 ἀφίημι
1407 5120 1588 5187 ὑμῖν.»

376 5219 394 5249 ι
437 5203 547 5268 Καὶ
589 5204 649 5254 ἐν
699 5203 1006 5276 δικαιοσύνῃ
1042 5207 1459 5281 οἰκοδομηθήσῃ.
1494 5209 1725 5279 Ἀπέχου
1770 5213 1865 5266 ἀπ’

290 5289 504 5352 ἀδίκου.
551 5296 645 5347 καὶ⁸
693 5295 759 5347 οὗ
812 5296 1116 5381 φοὸηθήσῃ,
1158 5299 1255 5352 καὶ
1304 5300 1505 5370 τρόμος
1541 5301 1640 5354 οὐκ
1694 5304 1871 5371 ἐγγιεῖ

293 5398 442 5435 σοι.»
486 5383 568 5437 Τὰ
606 5386 703 5455 μὲν
738 5386 847 5458 γὰρ
899 5388 1217 5459 ἀνθρώπινα
1261 5394 1730 5464 ἐπισκευάσματα,
1774 5398 1869 5449 καὶ

290 5472 359 5537 ἐξ
398 5473 739 5548 ἀνθρωπίνης
778 5478 1009 5550 σπουδῆς
1067 5482 1447 5552 συνιστάμενα,
1487 5482 1709 5536 τοιαῦτά
1743 5501 1865 5537 τινα

287 5565 564 5634 τυγχάνει·
622 5565 705 5618 διὸ
756 5567 851 5620 καὶ
895 5569 974 5630 εἰς
1011 5567 1215 5639 φθορὰν
1252 5574 1421 5643 χωρεί
1457 5572 1551 5625 καὶ
1594 5574 1673 5635 εἰς
1710 5572 1861 5625 ἀπώ-

288 5673 313 5708 ⁸
342 5671 495 5729 Joan.
533 5689 651 5741 xiv,
680 5674 773 5728 27.

351 5766 465 5840 (ιο)
508 5767 568 5823 lu
603 5766 719 5824 alio
745 5768 931 5840 codice
964 5770 1158 5839 legitur
1182 5777 1295 5838 τοῖς
1323 5774 1491 5839 λίοοις
1515 5793 1636 5830 σου.
1662 5776 1858 5831 Hiem-

278 5837 470 5913 nymus
521 5853 700 5907 vero,
746 5837 888 5906 Ἐγώ
932 5837 1047 5912 ειμι
1088 5837 1339 5913 ἐμϐαλὼν
1378 5847 1436 5900 ἐν
1472 5837 1694 5919 ήστίμμι
1738 5850 1861 5913 ma;

1970 3385 2271 3443 confutare.
2317 3385 2473 3441 Sicut
2501 3390 2646 3441 enim
2696 3389 2975 3442 adornata
3024 3387 3079 3440 in
3122 3387 3296 3441 muris
3332 3386 3530 3455 pinnae,

1970 3478 2367 3548 propugnacula
2399 3487 2549 3541 sunt,
2579 3478 2647 3532 ad
2705 3477 3081 3533 instruendum
3110 3489 3299 3532 contra
3347 3477 3536 3531 hostes

1970 3569 2169 3624 bellum
2202 3568 2569 3633 concinnata;
2611 3569 2692 3623 sic
2728 3577 2786 3623 et
2824 3569 2883 3632 ii,
2923 3569 3015 3638 qui
3050 3569 3104 3623 in
3142 3567 3381 3623 Ecclesia
3417 3581 3535 3623 ser-

1968 3672 2127 3714 mone
2156 3669 2213 3713 et
2261 3659 2530 3728 sapientia
2582 3670 2829 3728 potentes
2880 3668 3028 3723 sunt,
3067 3660 3191 3729 jure
3223 3673 3532 3729 propugna-

1968 3750 2088 3806 cola
2130 3751 2399 3805 dicantur.
2434 3769 2451 3801 ι
2492 3750 2560 3804 Et
2590 3759 2775 3819 portas
2802 3758 2925 3805 tuas
2970 3750 3175 3820 lapides
3212 3748 3473 3820 crystalli,
3506 3767 3528 3801 a

1966 3841 2165 3910 quibus
2216 3840 2493 3911 lapidibus
2546 3842 2614 3895 ad
2667 3850 2857 3912 portas
2919 3840 3072 3896 urbis
3122 3841 3535 3896 constituendas

1967 3950 2119 3999 usus,
2149 3947 2295 3988 sanae
2324 3933 2448 3988 ﬁdei
2477 3933 2819 4002 splendorem
2856 3943 2913 3988 et
2947 3932 3236 4002 puritatem
3267 3931 3536 3985 vaticina-

1969 4034 2078 4085 tur.
2111 4024 2460 4096 declaratque
2504 4026 2734 4095 primam
2764 4025 3173 4086 elementarem,
3215 4032 3381 4091 atque
3429 4021 3533 4076 ini-

1968 4113 2150 4166 tialem
2185 4129 2388 4180 rerum,
2417 4129 2538 4183 quae
2572 4114 2640 4168 ad
2671 4113 2830 4169 ﬁdem
2867 4113 3164 4183 pertinent,
3207 4110 3529 4165 doctrinam.

1972 4222 1991 4255 ι
2031 4205 2095 4258 Ει
2126 4219 2311 4259 muros
2352 4214 2474 4260 tuos
2504 4206 2711 4275 lapides
2752 4205 2979 4260 electos.
3013 4222 3035 4257 ι
3074 4201 3388 4269 Hujusmodi
3418 4200 3533 4255 l‘ue—

1968 4296 2078 4347 rint
2110 4296 2169 4361 ii,
2204 4297 2295 4364 qui
2331 4298 2757 4366 circumquaque
2786 4294 3109 4350 munimenti
3142 4294 3261 4349 loco
3299 4302 3447 4355 sunt,
3477 4302 3536 4346 et

1964 4386 2122 4456 quasi
2168 4387 2392 4451 vallum,
2436 4397 2603 4441 totam
2639 4386 2791 4441 urbis
2818 4396 3146 4441 structuram
3196 4398 3292 4453 per
3332 4384 3537 4438 oratio-

1966 4492 2065 4531 nes
2115 4478 2181 4530 ad
2243 4477 2411 4533 Deum
2467 4479 2698 4533 emissas
2753 4487 3039 4533 tutantur:
3107 4491 3298 4546 magna
3355 4488 3531 4540 sane,

1893 4607 1935 4660 η
1967 4570 2199 4639 pretiosa
2243 4580 2299 4624 et
2352 4570 2692 4625 honorabilia
2738 4569 2986 4625 a-diﬁcia.

2044 4660 2203 4716 Vens.
2241 4663 2330 4716 15.
2365 4681 2385 4713 ι
2423 4662 2490 4715 Ει
2519 4678 2711 4718 omnes
2743 4664 2881 4717 ﬁlios
2919 4675 3058 4724 tuos,
3091 4661 3385 4730 discipulos
3413 4659 3531 4721 Dei,

1964 4762 2018 4805 et
2069 4754 2121 4807 in
2164 4754 2331 4808 multa
2378 4769 2515 4823 pace
2549 4755 2645 4808 lilii
2700 4756 2800 4808 tui.
2838 4772 2859 4805 ι
2901 4754 3202 4823 Discipulos
3237 4753 3331 4806 Dei
3378 4760 3533 4805 vocat

1964 4844 2107 4899 illius
2138 4845 2266 4899 olim
2317 4846 2519 4900 sterilis
2570 4846 2752 4900 ﬁlios:
2798 4860 2861 4898 ac
2917 4846 2972 4897 in
3023 4845 3189 4900 multa
3236 4858 3370 4914 pace
3409 4857 3533 4898 ver-

1965 4947 2180 4991 saturos
2229 4937 2308 4990 ait
2357 4936 2498 4991 ﬁlios
2527 4936 2686 5004 ejus:
2722 4935 2773 4989 id
2801 4936 2948 4989 enim
2983 4936 3112 5004 ipsis
3141 4936 3412 5005 pollicitus
3446 4935 3533 4990 his

1968 5028 2149 5082 verbis
2178 5037 2263 5083 cst
2288 5047 2305 5083 :
2346 5047 2367 5081 ι
2405 5029 2602 5083 Pacem
2631 5044 2807 5083 meam
2845 5029 2915 5082 do
2938 5027 3114 5093 vobis,
3141 5043 3326 5097 pacem
3355 5042 3530 5082 meam

1962 5117 2209 5187 relinquo
2241 5121 2395 5177 vobis
2421 5121 2465 5175 '.
2503 5139 2524 5171 ι

2035 5211 2203 5267 Vens.
2232 5213 2321 5266 M.
2346 5230 2366 5264 ι
2397 5213 2465 5267 Et
2493 5213 2547 5267 in
2568 5212 2779 5283 iustitia
2804 5212 3181 5267 adilicalteris.
3208 5211 3432 5266 Abstine
3458 5211 3532 5266 ab

1964 5302 2171 5372 iniquo,
2200 5314 2251 5359 et
2297 5320 2404 5360 non
2446 5305 2664 5361 timebis
2689 5345 2705 5371 ,
2756 5315 2811 5359 et
2857 5312 3064 5359 tremor
3094 5319 3198 5356 non
3243 5301 3532 5371 appropin-

1964 5394 2155 5460 quabit
2196 5397 2315 5450 tibi.
2370 5415 2392 5447 ι
2451 5395 2731 5465 Siquidem
2787 5395 3008 5450 humani
3072 5394 3148 5447 illi
3198 5402 3526 5462 apparatus,

1972 5486 2204 5540 humana
2235 5503 2365 5541 cura
2394 5489 2550 5554 editi,
2582 5487 2891 5555 huiusmodi
2919 5495 3049 5539 sunt
3071 5502 3088 5537 :
3130 5498 3299 5553 quare
3327 5484 3379 5535 in
3406 5497 3529 5535 cor-

1968 5581 2276 5645 ruptionetn
2299 5589 2355 5635 et
2372 5581 2597 5634 exitium
2625 5580 2936 5634 deveniunt.
2966 5577 3115 5645 Opus
3140 5584 3319 5631 autem
3348 5588 3529 5630 meum

1967 5778 2150 5843 λίθους
2179 5796 2295 5832 σου.
2314 5778 2633 5849 Procopius,
2660 5776 2912 5849 ἐμᾷάλλω
2947 5778 3008 5829 ἐν
3045 5775 3247 5849 στίμει.
3273 5775 3532 5844 Quanam

1973 5850 2136 5904 lectio
2162 5858 2404 5920 prmstct,
2435 5845 2536 5905 suo
2565 5845 3106 5915 l’oco'it'tdagabimus.
