4128 6294
726 435 826 489 467

1382 433 1638 489 EUSEBII
1677 433 2138 490 CESARIENSIS
2172 430 2320 487 OPP.
2362 431 2535 486 PARS
2573 431 2660 486 Ill.
2708 460 2775 470 —
2816 426 3216 483 EXEGETICA.

3814 427 3914 483 468

723 549 1065 618 corruptions
1103 562 1325 602 vacuum
1374 561 1492 604 est:
1533 565 1707 620 neque
1741 550 1845 606 tale
1875 551 2147 620 quidpiam
2196 552 2247 604 in

2350 549 2498 600 λειαν
2517 565 2530 577 ο
2561 548 2621 600 τὸ
2646 547 2700 599 δὲ
2729 547 2860 618 ἐμὸν
2887 545 3044 616 ιργον
3070 544 3388 616 ἀδιάφθορον
3420 546 3623 613 πέφυκε
3640 563 3653 573 ·
3686 545 3780 597 καὶ
3800 537 3912 597 ob?)

721 651 883 703 opere
913 651 1030 692 meo
1061 638 1358 719 reperiatur
1383 639 1522 706 quod
1551 649 1860 707 corrumpat
1901 651 1956 694 et
1984 642 2251 710 disperdat

721 725 868 780 illud.

797 836 951 893 θεας.
987 838 1170 894 15-17.
1201 857 1222 890 ε
1259 839 1395 894 Ecce
1425 837 1676 908 proselyti
1707 843 1960 895 accedent
1984 843 2050 895 ad
2082 854 2134 895 te
2160 856 2252 908 per

717 943 828 992 tne,
867 939 921 982 et
947 929 1132 985 incola:
1172 929 1245 983 tui
1275 939 1454 995 erunt,
1487 941 1539 984 et
1570 931 1637 985 ad
1665 940 1715 988 te
1744 931 2070 1002 confugient.
2115 931 2250 988 Ecce

718 1033 816 1087 ego
846 1020 1022 1073 creavi
1073 1029 1145 1086 te,
1193 1033 1300 1073 non
1347 1022 1485 1074 sicut
1520 1021 1744 1076 aerarius
1783 1020 2002 1078 suiﬂans
2032 1039 2245 1092 prunas,

717 1118 771 1160 et
798 1108 1030 1162 educens
1063 1122 1154 1162 vas
1185 1108 1237 1162 in
1267 1122 1400 1177 opus
1427 1128 1438 1160 :
1485 1124 1585 1178 ego
1616 1119 1793 1166 autem
1827 1113 2002 1166 creavi
2041 1125 2113 1177 te,
2144 1131 2246 1168 non

716 1205 774 1248 ut
804 1195 1019 1250 interitu
1047 1196 1350 1264 perderem.
1382 1197 1552 1253 Omne
1583 1215 1698 1262 vas,
1736 1205 1876 1271 quod
1930 1201 2127 1258 factum
2165 1217 2248 1260 est

713 1292 896 1337 contra
937 1293 985 1336 te
1018 1322 1033 1347 ,
1080 1297 1185 1339 non
1231 1299 1549 1355 prosperare
1579 1286 1800 1343 faciam:
1842 1301 1896 1353 et
1938 1293 2113 1348 omnis
2148 1309 2245 1347 vox

715 1373 950 1443 insurget
997 1389 1158 1443 super
1197 1384 1250 1430 te
1287 1377 1340 1430 in
1380 1377 1661 1446 judicium.
1693 1379 1891 1438 Omnes
1919 1398 2014 1438 eos
2042 1386 2243 1448 vinces,

711 1472 766 1516 et
797 1475 958 1520 erunt
985 1467 1199 1523 obnoxii
1241 1468 1316 1522 tui
1356 1469 1407 1522 in
1451 1485 1537 1526 eo.
1581 1490 1600 1523 ι
1645 1471 1772 1526 Post
1806 1476 2110 1543 prttuissos
2145 1475 2246 1532 Ec-

711 1553 888 1610 clesia:
912 1556 1152 1624 ordines,
1175 1559 1471 1629 proselytos
1503 1561 1594 1615 eos
1621 1577 1748 1616 esse
1771 1563 1988 1625 dixeris.
2016 1567 2106 1634 qui
2132 1582 2247 1636 ger—

712 1643 858 1698 mani
889 1655 943 1700 et
970 1646 1165 1700 sinceri
1207 1662 1310 1700 non
1355 1657 1499 1714 sunt,
1543 1667 1714 1720 neque
1752 1669 1881 1722 pure
1926 1657 1978 1709 in
2009 1657 2244 1712 multitu-

709 1732 836 1788 dine
879 1742 1202 1802 procedunt:
1243 1753 1379 1808 quos
1429 1742 1879 1811 peregrinaturos,
1933 1751 2039 1801 non
2067 1759 2240 1804 autem

710 1823 1043 1879 liabitaturos
1072 1839 1192 1902 esse
1228 1828 1303 1881 ait
1333 1829 1386 1882 in
1421 1844 1519 1893 ea,
1552 1833 1676 1900 quia
1721 1835 1874 1902 quasi
1922 1836 1974 1889 in
2017 1841 2240 1892 transitu

704 1924 824 1965 eam
861 1913 1100 1968 adibunt.
1133 1897 1276 1972 «'Est
1302 1897 1584 1976 btet-editas
1614 1897 1969 1980 servientibus
1995 1925 2240 1995 Domino,
2276 1904 2315 1958 Β

706 2009 762 2052 et
791 2013 886 2054 vos
915 2003 1069 2058 eritis
1093 2004 1221 2059 mihi
1245 2006 1400 2077 justi,
1434 2009 1564 2065 dicit
1596 2010 1873 2069 Dominus.
1911 2034 1933 2068 ι
1962 2015 2120 2085 idque
2147 2021 2242 2072 ad-

709 2087 923 2147 modum
964 2107 1358 2166 congruenter:
1400 2116 1519 2154 nam
1567 2114 1688 2170 post
1723 2108 1995 2174 praemissa
2026 2110 2240 2175 omnia,

708 2180 851 2235 illam
889 2183 942 2236 in
984 2184 1160 2241 futuro
1203 2189 1396 2244 sarculo
1425 2195 1710 2262 repositam
1742 2197 2105 2255 bareditatem
2131 2218 2244 2257 me-

704 2286 916 2328 morare
945 2290 1078 2343 opus
1109 2287 1243 2332 erat.
1270 2279 1522 2346 Quanam
1559 2283 1645 2337 illa
1683 2284 1863 2353 fuerit,
1887 2289 1988 2342 nisi
2017 2303 2240 2360 regnum

700 2364 980 2429 calorum,
1009 2378 1063 2420 et
1102 2369 1205 2422 vita
1245 2375 1484 2427 aeterna?

1294 2527 1518 2584 CAPUT
1564 2531 1668 2586 LV.

771 2655 928 2714 Vens.
965 2659 1074 2714 l-3.
1116 2679 1136 2713 ι
1171 2661 1446 2730 Sitientes,
1493 2666 1563 2721 ite
1591 2669 1656 2721 ad
1684 2683 1900 2737 aquam,
1935 2681 1990 2727 et
2015 2675 2106 2742 qui
2137 2689 2238 2733 nan

701 2746 914 2804 habetis
942 2761 1246 2826 argentum,
1275 2767 1463 2809 euntes
1491 2758 1675 2822 emite,
1709 2771 1765 2814 et
1806 2763 2069 2820 comedite
2106 2769 2240 2822 abs—

697 2852 803 2904 que
859 2850 1080 2909 argento
1129 2843 1310 2898 vinum
1351 2853 1408 2900 et
1445 2847 1676 2916 adipem.
1722 2848 1902 2917 Quare
1939 2858 2241 2924 expenditis

697 2939 996 2996 ingenium,
1047 2941 1100 2986 et
1139 2932 1373 2988 laborem
1423 2946 1690 3005 vestrum,
1734 2956 1838 2996 non
1885 2943 1939 3000 in
1985 2947 2238 3003 saturita-

699 3017 854 3070 tem?
877 3019 1068 3076 Audite
1102 3034 1205 3086 me,
1249 3033 1307 3078 et’
1338 3023 1483 3080 vivet
1518 3027 1569 3081 in
1614 3028 1768 3086 bonis
1821 3032 1995 3090 anima
2036 3050 2236 3104 vestra,

696 3116 752 3161 et
805 3112 1130 3168 constituam
1180 3117 1336 3173 vobis
1387 3128 1765 3178 testamentum
1813 3125 2196 3196 sempiternum
2221 3170 2237 3193 ,

2354 636 2587 690 τοιοῦτον
2613 637 2958 708 εὑρεθήσεται
3004 637 3097 687 ἐπὶ
3130 635 3223 687 τοῦ
3269 633 3402 704 έμοῦ
3450 635 3630 705 ἔργου,
3671 633 3749 697 ὡς
3797 635 3911 688 δια-

2356 726 2577 796 φθεῖραι
2602 727 2696 778 καὶ
2723 725 2980 779 ἀπολέσαι
3011 724 3140 777 αὑτό

2430 857 2448 888 ι
2493 837 2617 891 ’1δοὺ
2665 837 2988 908 προσήλυτοι
3038 835 3484 907 προσελεύσονταί
3518 852 3598 889 σοι
3639 835 3705 888 δι’
3753 834 3909 906 ἐμοῦ,

2355 927 2444 980 καὶ
2470 927 2857 997 παροικήσουσί
2912 943 3012 989 σοι,
3065 925 3158 978 καὶ
3197 925 3292 978 ἐπὶ
3345 927 3406 978 σὲ
3460 925 3908 995 καταφεύξονιαι.

2366 1017 2494 1071 Ἰδοὺ
2534 1015 2643 1084 ἑγὼ
2705 1015 2893 1071 ἔκτισά
2938 1033 3017 1081 σε,
3063 1016 3159 1086 οὐχ
3193 1015 3270 1079 ὡς
3310 1016 3542 1085 χαλκεὺς
3577 1015 3764 1084 φυσῶν
3816 1015 3914 1071 ἄν·

2355 1107 2578 1177 θρακας,
2600 1106 2692 1159 καὶ
2711 1105 2955 1178 ἐκφέρων
2980 1104 3167 1168 σκεῦος
3193 1106 3272 1168 εις
3299 1105 3483 1176 ἔργονο
3508 1105 3616 1174 ἐγὼ
3637 1106 3682 1160 δ’
3719 1105 3914 1160 ἑκτισά

2355 1213 2432 1259 σε,
2470 1198 2570 1249 οὑκ
2597 1197 2676 1259 εἰς
2704 1195 2975 1249 ἀπώλειαν
3003 1194 3236 1266 φθεῖραι.
3258 1194 3374 1247 Πᾶν
3397 1195 3589 1259 σκεῦος
3613 1192 3912 1249 σκευαστὸν

2352 1282 2444 1332 ἐπὶ
2477 1283 2554 1344 σὲ,
2586 1281 2683 1334 οὑκ
2725 1280 2994 1335 εὐοδώσω·
3050 1282 3143 1335 καὶ
3170 1283 3317 1335 πᾶσα
3351 1283 3500 1352 φωνὴ
3545 1283 3919 1353 ἀναστήσεται.

2351 1373 2440 1424 ἐπὶ
2483 1372 2542 1424 σὲ
2583 1374 2661 1435 είς
2709 1371 2904 1442 κρίσιν.
2943 1373 3154 1435 Πάντας
3202 1372 3394 1434 αὑτοὺς
3426 1372 3708 1442 ήττήσεις·
3755 1374 3809 1425 ol
3855 1372 3920 1426 δὶ

2351 1464 2520 1533 ἔνοχοί
2556 1455 2646 1516 σου
2686 1463 2897 1517 ἔσονται
2936 1465 2994 1517 ἐν
3021 1466 3178 1535 αὐτῇ.
3209 1483 3227 1515 ι
3257 1465 3440 1527 Εῐποις
3465 1463 3510 1516 δ’
3535 1462 3602 1517 ἂν
3638 1462 3916 1535 προσηλύ-

2350 1571 2472 1618 τους
2497 1555 2630 1625 μετὰ
2649 1554 2719 1606 τά
2742 1554 3104 1625 προλεχθέντα
3123 1555 3222 1622 τῆς
3248 1553 3564 1625 Ἐκκλησίας
3583 1553 3910 1624 πράγματα,

2349 1646 2472 1707 τοὺς
2493 1645 2552 1696 οὑ
2571 1643 2844 1712 γνησίους,
2871 1643 2989 1696 οὑδὲ
3015 1642 3268 1714 καθαρῶς
3289 1643 3687 1715 προὸάλλοντας
3707 1645 3768 1696 έν
3798 1646 3912 1707 τοῖς

2350 1734 2636 1804 πλήθεσιν·
2669 1733 2762 1796 οὓς
2801 1735 2894 1787 καὶ
2933 1735 3304 1804 παροικήσειν,
3343 1733 3456 1788 ἀλλ’
3479 1734 3538 1788 οὑ
3563 1736 3909 1806 κατοικήσειν

2349 1829 2510 1896 φησὶν
2524 1825 2708 1896 αὑτὴν,
2721 1825 2808 1878 διά
2831 1824 2892 1877 τὸ
2918 1825 2992 1888 ὡς
3007 1825 3065 1876 έν
3079 1825 3292 1896 παρόδῳ
3307 1824 3573 1879 ποιεῖσθαι
3588 1826 3790 1889 αὐτοὺς
3809 1826 3908 1897 τὴν

2342 1915 2561 1969 εῐσοδον.
2590 1934 2610 1966 ι
2641 1916 2793 1968 Ἔστι
2821 1915 3150 1986 κληρονομία
3167 1917 3280 1978 τοῖς
3293 1915 3651 1988 θεραπεύουσι
3676 1916 3904 1987 Κύριον,

2344 2008 2435 2061 καὶ
2462 2009 2616 2075 ὑμεῖς
2639 2005 2828 2060 ἔσεσθέ
2853 2023 2940 2076 μοι
2972 2006 3184 2073 δίκαιοι,
3218 2006 3362 2074 λέγει
3399 2005 3632 2078 Κύριοςο
3659 2025 3679 2056 ι
3698 2006 3907 2078 σφόδρα

2340 2097 2670 2160 ἀκολούθως⁸
2705 2097 2843 2167 μετά
2879 2096 2988 2168 γὰρ
3015 2096 3083 2149 τὰ
3113 2096 3472 2166 προλεχθέντα
3501 2096 3700 2160 πάντα,
3735 2096 3906 2166 ἐχρῆν

2340 2187 2642 2258 ὑπομνῆσαι
2684 2187 2780 2240 καὶ
2804 2186 2904 2256 τῆς
2934 2186 3254 2256 ἐγκειμένης
3281 2187 3339 2241 ἑν
3366 2185 3445 2258 τῷ
3472 2185 3719 2258 μέλλοντι
3747 2185 3904 2240 αιῶνι

2341 2276 2714 2348 κληρονομίας.
2754 2276 2850 2339 Τίς
2875 2275 2920 2329 δ’
2948 2274 3014 2328 ἂν
3051 2275 3259 2344 γένοιτο
3287 2275 3422 2348 αὕτη
3447 2276 3564 2331 ἀλλ’
3591 2279 3625 2347 ή
3657 2274 3907 2346 βασιλεία

2338 2367 2445 2420 τῶν
2467 2366 2709 2437 οὐρανῶν
2734 2365 2829 2420 καὶ
2855 2365 2970 2436 ζωὴ
2995 2366 3207 2430 αἰώνιος
3221 2383 3236 2432 ἓ

2838 2521 3230 2578 ΚΕΦΔΛΔΙΟΝ
3255 2521 3379 2574 NE’.

2414 2669 2434 2702 s
2473 2653 2537 2705 0i
2574 2652 2852 2721 διψῶντες,
2901 2651 3192 2725 πορεύεσθε
3220 2651 3304 2721 ὑφ’
3346 2652 3507 2724 ὕδωρ,
3539 2653 3634 2706 καὶ
3683 2654 3803 2706 ὅσοι
3829 2654 3902 2726 μὴ

2339 2741 2489 2811 ἔχετε
2516 2741 2797 2814 ἀργύριον,
2842 2742 3154 2814 βαδίσαντες
3191 2743 3516 2814 ἀγοράσατε,
3567 2745 3661 2797 καὶ
3697 2745 3902 2814 φάγετε

2336 2832 2463 2898 ἀνευ
2487 2833 2748 2906 ἀργυρίου
2783 2828 2924 2888 οἶνον
2962 2833 3058 2887 καὶ
3099 2832 3284 2905 στέαρ.
3316 2833 3433 2886 Ἵνα
3458 2832 3513 2886 τί
3543 2833 3778 2904 τιμᾶσθε
3803 2834 3902 2906 ἀρ-

2336 2905 2546 2996 γυρίου,
2573 2905 2666 2978 καὶ
2709 2926 2802 2978 τὸν
3073 2921 3226 2993 ὑμῶν
3273 2923 3375 2976 οὐκ
3434 2924 3514 2986 εις
3542 2905 3901 2994 πλησμονήνς

2350 3016 2636 3070 Ἀκούσατέ
2670 3034 2795 3087 μου,
2819 3016 2912 3070 καὶ
2931 3013 3153 3086 ζήσεται
3176 3016 3233 3067 εν
3253 3013 3474 3082 ἀγαθοῖς
3495 3017 3530 3086 ή
3549 3014 3696 3086 ψυχή
3720 3015 3903 3085 ὑμῶν,

2339 3107 2432 3160 καὶ
2448 3106 2772 3177 διαθήσομαι
2800 3107 2926 3177 ὑμῖν
2952 3105 3214 3178 διαθήκην
3239 3104 3477 3172 αἰώνιον,
3499 3105 3570 3158 τά
3590 3107 3713 3159 δσια
3733 3103 3902 3164 Δαυῒδ

696 3209 885 3253 sancta
935 3199 1100 3258 David
1143 3205 1343 3298 lidelia.
1387 3228 1407 3262 a
1442 3209 1499 3265 ln
1550 3212 1654 3267 alia
1701 3189 1946 3269 studium.
1984 3189 2268 3275 coiii‘ertist

2339 3196 2404 3251 τὰ
2435 3198 2619 3252 πιστά.
2645 3217 2664 3250 ι
2697 3197 2831 3268 Περὶ
2859 3197 3022 3268 ἕτερα
3048 3195 3454 3267 ἀσχολούμενοι,
3476 3195 3536 3264 te
3562 3189 3760 3298 ἄνούκ
3781 3197 3900 3251 εστι

700 3297 962 3356 vestrum,
991 3305 1058 3345 ex
1082 3293 1276 3361 quibus
1315 3313 1421 3354 non
1454 3311 1626 3369 potest
1667 3301 1844 3358 anima
1872 3307 2121 3373 enutriri,
2156 3327 2240 3366 ne-

2339 3286 2508 3358 ψυχὴν
2531 3287 2821 3358 τραφῆναι,
2847 3287 2968 3341 οὑδὲ
3001 3288 3080 3351 είς
3104 3287 3422 3359 πλησμονὴν
3445 3287 3750 3341 ἀπολαῦσαι
3774 3303 3902 3360 τρο-

699 3391 803 3469 que
837 3378 958 3469 cibo
983 3383 1050 3436 ad
1095 3386 1429 3444 saturitatem
1477 3390 1599 3447 frui.
1654 3393 1854 3452 Praeter
1896 3399 2039 3453 enim
2079 3415 2237 3469 supe-

705 3464 817 3519 ritis
841 3465 1005 3534 dicta,
1041 3472 1300 3529 bonorum
1332 3491 1552 3546 operum
1578 3495 1747 3548 spem,
1787 3464 2240 3551 divinumqueci-

700 3555 860 3621 bum,
903 3557 1311 3630 obsequentium
1352 3569 1545 3624 animis
1591 3575 1880 3640 repositum
1929 3576 2081 3632 dicit.
2118 3577 2233 3634 Non

695 3645 838 3700 enim
864 3652 1202 3719 corporibus,
1247 3657 1368 3721 sed,
1407 3668 1466 3711 ut
1509 3664 1853 3733 perspicuum
1881 3679 1986 3732 est,
2033 3670 2236 3724 anima-

698 3739 816 3802 ιω,
848 3738 1148 3796 futurorum
1191 3746 1448 3803 bonorum
1492 3766 1685 3809 munus
1714 3758 1960 3825 porrigit.

766 3844 926 3902 Vens.
961 3849 1015 3913 ι,
1041 3851 1094 3907 5.
1138 3872 1157 3904 ι
1198 3855 1339 3912 Ecce
1365 3862 1726 3919 testimonium
1761 3867 1812 3919 in
1840 3868 2088 3938 gentibus
2116 3870 2234 3925 dedi

698 3951 852 4005 cum,
895 3942 1190 4012 principem
1215 3957 1271 4002 et
1309 3953 1710 4021 praecipientem
1737 3960 2005 4028 gentibus.
2037 3960 2238 4018 Gentes

696 4042 816 4124 quae
860 4034 1169 4090 nesciebant
1201 4047 1274 4103 te,
1321 4041 1646 4100 invocabunt
1693 4059 1780 4116 te;
1819 4059 1875 4104 et
1921 4052 2100 4123 populi
2145 4056 2233 4124 qui

697 4119 946 4210 ignorant
987 4133 1057 4191 te,
1117 4129 1184 4183 ad
1230 4141 1282 4185 te
1317 4134 1626 4207 confugient
1677 4150 1895 4210 propter
1923 4119 2234 4200 Dominum

701 4207 871 4264 Deum
905 4221 1076 4279 tuum,
1116 4229 1364 4276 sanctum
1394 4222 1579 4290 Israel,
1609 4207 1736 4296 quia
1764 4207 2082 4298 ﬁlorilicavit
2103 4243 2174 4288 te.
2203 4252 2225 4286 ι

694 4299 892 4370 Ecquis
944 4319 1050 4359 non
1100 4316 1314 4377 stupeat
1360 4315 1625 4370 sermonis
1668 4330 1937 4384 eventum,
1985 4324 2169 4378 videns
2202 4339 2233 4377 a

693 4389 911 4447 Christo
945 4393 1038 4450 Dei
1081 4412 1180 4467 per
1207 4410 1376 4456 totum
1421 4407 1605 4461 orbem
1652 4407 1982 4467 Christianos
2029 4429 2235 4470 nuncu-

695 4483 809 4550 pari
831 4483 855 4536 τ
880 4484 947 4538 Ει
978 4487 1079 4543 hoc
1109 4491 1212 4544 erit
1238 4491 1344 4548 illis
1379 4505 1636 4553 aternum
1666 4499 1878 4567 salutis,
1918 4517 2037 4573 qua:
2065 4521 2094 4558 a
2129 4507 2234 4561 Deo

691 4584 798 4639 est,
837 4576 1071 4646 signum,
1113 4584 1254 4650 quod
1290 4600 1486 4642 nomen
1513 4588 1726 4645 Domini
1774 4593 1876 4648 sibi
1903 4596 2232 4664 adseribent,

692 4664 747 4717 in
777 4679 1034 4720 aeternum
1067 4685 1533 4738 perseveraturum
1555 4721 1571 4745 ,
1622 4698 1720 4737 nec
1763 4699 1998 4754 unquam
2027 4690 2232 4744 desitu-

695 4772 818 4813 rum
848 4776 862 4810 :
898 4775 1025 4816 nam
1049 4764 1186 4819 dona
1221 4766 1312 4823 Dei
1341 4771 1460 4826 sine
1496 4776 1814 4843 pmnitentia
1840 4787 1988 4834 sunt.

761 4917 926 4972 Vsus.
955 4919 1109 4976 6-12.
1144 4925 1419 4992 «Quaerite
1451 4928 1751 5001 Dominum,
1774 4943 1829 4990 et
1862 4951 1981 4990 cum
2019 4938 2233 4993 invene-

692 5007 812 5098 ritis
851 5024 993 5074 eum,
1026 5011 1294 5070 invocate.
1339 5017 1567 5084 Quando
1615 5035 1791 5079 autem
1833 5028 2230 5098 appropinqua-

689 5097 830 5151 verit
861 5100 926 5152 ad
952 5115 1069 5164 vos,
1105 5104 1438 5176 derelinquat
1484 5111 1679 5184 impius
1725 5117 1838 5170 vias
1878 5097 2027 5185 suas,
2065 5097 2121 5174 et
2149 5125 2231 5175 vir

692 5187 906 5256 iniquus
930 5193 1154 5246 consilia
1201 5210 1298 5249 sua
1323 5215 1338 5263 ;
1369 5209 1422 5253 et
1448 5213 1793 5258 convertatur
1823 5209 1888 5261 ad
1920 5207 2224 5274 Dominum,

689 5286 743 5331 et
773 5279 1197 5340 misericordiam
1227 5302 1627 5360 consequetur:
1669 5297 1792 5365 quia
1823 5301 2020 5356 multus
2044 5303 2146 5358 erit
2172 5305 2223 5356 in

688 5369 1015 5427 dimittendis
1053 5379 1288 5442 peccatis
1311 5382 1518 5437 vestris.
1556 5383 1740 5454 Neque
1770 5389 1912 5442 enim
1944 5401 2068 5444 sunt
2097 5406 2227 5445 oon-

687 5459 810 5516 siiia
834 5479 976 5529 mea,
1003 5468 1142 5523 sicut
1171 5472 1396 5526 consilia
1425 5484 1623 5541 vestra,
1656 5492 1756 5533 nec
1779 5479 1879 5534 viz
1905 5495 2056 5549 mea,
2087 5484 2229 5539 sicut

692 5557 788 5606 via:
823 5571 1037 5625 vestrae,
1097 5562 1229 5616 dicit
1285 5563 1560 5622 Dominus.
1608 5568 1716 5624 Sed
1758 5581 2011 5640 quantum
2064 5575 2229 5630 distat

686 5643 877 5698 omium
906 5664 933 5700 a
965 5659 1130 5713 terra,
1180 5663 1383 5708 tantum
1421 5657 1503 5709 via
1537 5673 1651 5712 mea
1699 5675 1728 5712 a
1778 5660 1879 5716 viis
1921 5667 2133 5732 vestris,
2173 5678 2228 5722 et

607 5761 610 5766 -
691 5736 1042 5799 s‘OgllaIIOllt's
1087 5756 1272 5797 \‘Cblt‘.L‘
1302 5762 1330 5797 ει
1357 5750 1676 5815 cogitatione
1708 5767 1840 5806 mea.
1876 5753 1943 5808 Ut
1987 5760 2130 5808 enim
2181 5757 2222 5810 si

697 5823 976 5882 descendat
1006 5830 1174 5896 pluria
1202 5837 1265 5888 de
1293 5840 1450 5904 cudo,
1488 5850 1538 5894 ct
1583 5854 1686 5894 non
1732 5856 2023 5900 ICYCI'lalul'
2059 5854 2221 5902 donec

2336 3375 2461 3446 φῆςι
2496 3375 2638 3447 Πρὸς
2678 3376 2786 3447 γὰρ
2823 3380 2936 3440 τοῖς
2965 3377 3247 3449 προτέροις
3289 3378 3384 3432 καὶ
3425 3377 3535 3431 τῶν
3562 3377 3740 3448 ιργων
3762 3377 3904 3446 ἀγα-

2336 3465 2443 3519 θῶν
2459 3466 2666 3532 έλπίδα,
2690 3467 2783 3520 καὶ
2803 3467 3004 3538 τροφὴν
3019 3466 3198 3522 ῑνθεον
3218 3465 3602 3539 τεταμιεῦσθαί
3620 3483 3757 3537 φησι
3775 3470 3902 3533 ταῖς

2332 3553 2440 3606 τῶν
2461 3555 2716 3626 ὑπηκόων
2738 3553 2954 3624 ψυχαῖς.
2979 3556 3055 3608 Οὑ
3082 3555 3191 3626 γὰρ
3207 3558 3319 3619 τοῖς
3339 3555 3573 3628 σώμασι,
3596 3555 3900 3628 διαρρήδην

2331 3645 2388 3698 δὶ
2433 3647 2549 3709 ταῖς
2599 3645 2796 3715 ψυχαῖς
2837 3645 2936 3716 τὴν
2976 3643 3084 3698 τῶν
3130 3644 3429 3715 μελλόντων
3476 3644 3701 3714 ἀγαθῶν
3745 3645 3900 3700 δόσιν

2335 3735 2713 3808 προδάλλεται.

2406 3865 2425 3896 ε
2465 3845 2594 3900 ’1δοὺ
2622 3844 2915 3917 μαρτύριον
2940 3846 2997 3898 έν
3019 3843 3225 3899 εθνεσιν
3248 3844 3425 3900 ιδωκα
3445 3845 3626 3910 αὑτὸν,
3653 3846 3896 3916 ἄρχοντα

2333 3934 2426 3987 καὶ
2469 3933 2869 4003 προστάσσοντα
2913 3932 3139 3989 ἔθνεσιν.
3189 3933 3359 4004 Ἐθνη
3399 3932 3437 3988 ἀ
3466 3935 3565 3988 οὐκ
3601 3935 3778 3989 οίδασί
3807 3953 3894 4002 σε,

2332 4025 2736 4081 έπικαλέσονταί
2761 4042 2843 4091 σε,
2886 4026 2980 4080 καὶ
3002 4024 3119 4080 λαοὶ
3141 4025 3190 4080 οἳ
3215 4026 3317 4079 οὑκ
3340 4026 3658 4081 ἐπίστανταί
3684 4043 3766 4093 σε,
3795 4030 3893 4084 ἐπὶ

2336 4118 2394 4170 σε
2423 4115 2865 4186 καταφεύξονται,
2898 4115 3081 4171 ῑνεκεν
3108 4115 3311 4186 Κυρίου
3341 4115 3434 4169 τοῦ
3460 4114 3593 4170 Θεοῦ
3632 4133 3750 4183 σου,
3792 4119 3889 4174 τοῦ

2332 4205 2485 4272 ἁγίου
2516 4205 2763 4276 Ἰσραήλ,
2811 4205 2892 4258 δτι
2945 4204 3160 4272 ἰδόξασέ
3205 4220 3281 4259 σε.
3321 4224 3342 4258 ι
3390 4205 3500 4259 Καὶ
3550 4206 3635 4271 τίς
3675 4208 3777 4262 οὐκ
3821 4210 3894 4264 ἂν

2331 4295 2627 4368 ἐκπλαγείη
2658 4295 2752 4349 τοῦ
2785 4295 2943 4365 λόγου
2969 4295 3032 4349 τὺ
3055 4295 3417 4369 ἀποτέλεσμα.
3440 4297 3580 4370 ὁρῶν
3616 4299 3737 4353 καθ’
3762 4301 3890 4373 ὅλης

2330 4387 2427 4458 τῆς
2459 4387 2779 4459 οἰκουμένης
2816 4385 2924 4440 ἀπὸ
2966 4386 3200 4458 Χριστοῦ
3238 4388 3333 4442 τοῦ
3361 4389 3495 4443 Θεοῦ
3529 4391 3888 4462 Χριστιανοὺς

2332 4475 2917 4548 προσαγορευομένουςς
2961 4475 3071 4529 Καὶ
3112 4474 3266 4529 τοῦτο
3295 4477 3478 4541 αὑτοῖς
3521 4475 3738 4532 ισεσθαι
3788 4496 3888 4551 ση-

2267 4557 2312 4612 Ι)
2339 4568 2484 4635 μεῖον
2511 4565 2724 4621 αίώνιον
2746 4565 2846 4636 τῆς
2871 4566 3022 4637 παρὰ
3047 4564 3166 4636 Θεῷ
3191 4566 3463 4638 σωτηρίας
3493 4567 3555 4622 τὸ
3583 4569 3886 4642 ἐπιγράφε-

2337 4656 2454 4709 σθαι
2503 4656 2564 4709 τὸ
2593 4655 2688 4710 τοῦ
2718 4655 2919 4726 Κυρίου
2963 4654 3154 4726 δνομα,
3194 4656 3333 4729 ὅπερ
3377 4658 3559 4723 αὐτοις
3603 4663 3684 4725 είς
3713 4662 3883 4717 αίῶνα

2335 4749 2652 4819 παραμένει,
2682 4749 2777 4802 καὶ
2814 4748 2914 4803 οὑκ
2945 4746 3183 4817 ἐκλείψει
3211 4746 3460 4803 πώποτε·
3497 4752 3883 4827 ἀμεταμέλητα

2333 4837 2439 4909 γάρ
2463 4837 2531 4891 τά
2565 4838 2880 4909 χαρίσματα
2906 4836 3000 4891 τοῦ
3029 4837 3166 4892 Θεοῦ
3195 4841 3468 4910 τυγχάνει.

2405 4964 2424 4994 ι
2452 4947 2726 5017 Ζητήσατε
2749 4945 2841 4999 τὸν
2860 4945 3081 5018 Κύριον,
3103 4947 3197 5002 καὶ
3222 4949 3281 5002 έν
3305 4949 3383 5022 τῷ
3402 4951 3678 5024 εὑρίσκειν
3700 4957 3879 5025 αὑτὸν,

2331 5037 2739 5093 ἐπικαλέσασθε.
2783 5035 2974 5091 Ἦνίκα
2992 5037 3038 5091 δ’
3062 5037 3128 5093 ἀν
3155 5039 3347 5114 ὲγγίζῃ
3368 5041 3514 5110 ὑμῖν,
3542 5043 3882 5102 ἀπολειπέτω

2331 5127 2360 5178 6
2393 5125 2590 5198 ἀσεϐὴς
2617 5125 2714 5190 τὰς
2739 5126 2890 5188 δδοὺς
2915 5126 3097 5194 αὑτοῦ,
3122 5129 3215 5183 καὶ
3243 5129 3381 5201 ἀνὴρ
3417 5131 3614 5202 άνομος
3639 5134 3741 5201 τάς
3765 5135 3882 5206 βου-

2331 5213 2426 5277 λὰς
2455 5214 2638 5280 αὑτοῦ,
2691 5215 2783 5268 καὶ
2816 5216 3198 5289 ἐπιστραφήτω
3221 5219 3314 5272 επὶ
3341 5221 3562 5292 Κύριον,
3594 5225 3687 5277 καὶ
3727 5226 3880 5300 ἐλεη-

2331 5305 2576 5378 θήσεται⁹
2627 5308 2707 5360 ὅτι
2744 5308 2835 5361 ἐπὶ
2873 5310 3007 5364 πολὺ
3036 5312 3232 5383 ἀφήσει
3261 5312 3360 5378 τάς
3381 5315 3674 5395 ¹ἁμαρτίας
3706 5319 3874 5390 ὑμῶν.

2331 5397 2406 5450 Οὑ
2439 5398 2546 5469 γάρ
2571 5400 2706 5452 εἰσιν
2734 5401 2790 5482 ei
2817 5400 2997 5470 βουλαί
3025 5417 3147 5473 μου,
3177 5402 3365 5476 ῶσπερ
3391 5407 3449 5458 αί
3480 5406 3666 5477 βουλαὶ
3703 5409 3875 5482 ὑμῶν,

2329 5487 2434 5540 οὐδ’
2463 5487 2648 5561 ὥσπερ
2678 5491 2733 5542 αἱ
2766 5490 2872 5544 ὁδοὶ
2907 5492 3078 5563 ὑμῶν,
3113 5494 3171 5548 αί
3196 5493 3302 5549 ὁδοί
3333 5512 3453 5566 μου,
3480 5498 3624 5568 λέγει
3654 5501 3874 5573 Κύριος.

2340 5577 2474 5631 Ἀλλ’
2501 5579 2575 5642 ὼς
2604 5579 2796 5649 ἀπέχει
2826 5583 2854 5634 ὁ
2882 5583 3104 5652 οὐρανὸς
3133 5584 3241 5638 ἀπὸ
3265 5586 3364 5656 τῆς
3395 5586 3520 5658 γῆς,
3545 5587 3720 5655 οὑτως
3746 5591 3875 5646 ἀπέ-

2324 5687 2406 5740 χει
2439 5674 2470 5740 ή
2501 5671 2616 5734 ὁδός
2650 5689 2751 5742 μου
2779 5673 2887 5727 ἀπὸ
2920 5675 3026 5728 τῶν
3060 5675 3193 5730 όδῶν
3233 5678 3405 5748 ὑμῶν,
3439 5682 3532 5735 καὶ
3560 5683 3630 5737 τά
3664 5683 3873 5757 διανοή-

2327 5779 2465 5830 ματα
2494 5763 2642 5832 ὑμῶν
2672 5765 2777 5816 ἀπὶ
2798 5767 2893 5834 τῆς
2916 5765 3150 5831 διανοίας
3175 5787 3294 5839 μου.
3334 5773 3417 5836 Ὠς
3442 5773 3548 5844 γὰρ
3571 5775 3636 5830 ἂν
3660 5778 3866 5848 καταϐῇ

2322 5855 2346 5904 ὀ
2375 5856 2518 5917 ὑετὸς
2557 5857 2614 5908 ἐκ
2666 5855 2752 5908 τῆξ
2789 5858 3033 5928 οὐρανοῦ,
3087 5863 3175 5914 καὶ
3209 5863 3266 5913 οὐ
3306 5863 3378 5934 μὴ
3417 5867 3733 5940 ἁποστραφῇ
3767 5871 3866 5935 ἕως
