  <div class='ocr_page' id='page_1' title='image "/cluster/home/n/w/nwhite01/storage/ocr_20150623/24/pst.000005712083/252.png"; bbox 0 0 4128 6294; ppageno 0'>
   <div class='ocr_carea' id='block_1_1' title="bbox 218 392 321 447">
    <p class='ocr_par' dir='ltr' id='par_1_1' title="bbox 218 392 321 447">
     <span class='ocr_line' id='line_1_1' title="bbox 218 392 321 447; baseline 0.029 -3"><span class='ocrx_word' id='word_1_1' title='bbox 218 392 321 447; x_wconf 68' lang='grc'><strong>469</strong></span> 
     </span>
    </p>
   </div>
   <div class='ocr_carea' id='block_1_2' title="bbox 1129 390 2490 456">
    <p class='ocr_par' dir='ltr' id='par_1_2' title="bbox 1129 390 2490 456">
     <span class='ocr_line' id='line_1_2' title="bbox 1129 390 2490 456; baseline 0.005 -8"><span class='ocrx_word' id='word_1_2' title='bbox 1129 390 1624 448; x_wconf 73' lang='lat' dir='ltr'><strong>COMMENTARIA</strong></span> <span class='ocrx_word' id='word_1_3' title='bbox 1666 392 1731 445; x_wconf 77' lang='lat' dir='ltr'><strong>iN</strong></span> <span class='ocrx_word' id='word_1_4' title='bbox 1773 393 2022 451; x_wconf 76' lang='lat' dir='ltr'><strong>ISAIAM.</strong></span> <span class='ocrx_word' id='word_1_5' title='bbox 2066 430 2132 439; x_wconf 86' lang='lat'><strong>—-</strong></span> <span class='ocrx_word' id='word_1_6' title='bbox 2166 400 2315 454; x_wconf 77' lang='lat' dir='ltr'><strong>CAP.</strong></span> <span class='ocrx_word' id='word_1_7' title='bbox 2358 399 2490 456; x_wconf 76' lang='lat' dir='ltr'><strong>LVI.</strong></span> 
     </span>
    </p>
   </div>
   <div class='ocr_carea' id='block_1_3' title="bbox 3346 402 3448 455">
    <p class='ocr_par' dir='ltr' id='par_1_3' title="bbox 3346 402 3448 455">
     <span class='ocr_line' id='line_1_3' title="bbox 3346 402 3448 455; baseline 0.02 -3"><span class='ocrx_word' id='word_1_8' title='bbox 3346 402 3448 455; x_wconf 69' lang='lat'><strong>570</strong></span> 
     </span>
    </p>
   </div>
   <div class='ocr_carea' id='block_1_4' title="bbox 210 506 1771 586">
    <p class='ocr_par' dir='ltr' id='par_1_4' title="bbox 210 506 1771 581">
     <span class='ocr_line' id='line_1_4' title="bbox 210 506 1771 581; baseline 0.001 -21"><span class='ocrx_word' id='word_1_9' title='bbox 210 506 271 560; x_wconf 76' lang='grc' dir='ltr'><strong>ἀν</strong></span> <span class='ocrx_word' id='word_1_10' title='bbox 305 506 519 580; x_wconf 78' lang='grc' dir='ltr'>μεθύσῃ</span> <span class='ocrx_word' id='word_1_11' title='bbox 542 509 642 581; x_wconf 80' lang='grc' dir='ltr'><strong>τὴν</strong></span> <span class='ocrx_word' id='word_1_12' title='bbox 668 511 789 581; x_wconf 80' lang='grc' dir='ltr'>γῆν,</span> <span class='ocrx_word' id='word_1_13' title='bbox 808 509 897 561; x_wconf 75' lang='grc' dir='ltr'>καὶ</span> <span class='ocrx_word' id='word_1_14' title='bbox 929 510 1147 579; x_wconf 74' lang='grc' dir='ltr'>ἑκτέκη,</span> <span class='ocrx_word' id='word_1_15' title='bbox 1174 511 1266 562; x_wconf 81' lang='grc' dir='ltr'>καὶ</span> <span class='ocrx_word' id='word_1_16' title='bbox 1294 509 1658 580; x_wconf 74' lang='grc' dir='ltr'>ὲκδλαστήσῃ,</span> <span class='ocrx_word' id='word_1_17' title='bbox 1685 512 1771 563; x_wconf 67' lang='grc' dir='ltr'>καὶ</span> 
     </span>
    </p>
   </div>
   <div class='ocr_carea' id='block_1_5' title="bbox 1870 506 3447 586">
    <p class='ocr_par' dir='ltr' id='par_1_5' title="bbox 1878 513 3447 586">
     <span class='ocr_line' id='line_1_5' title="bbox 1878 513 3447 586; baseline 0.001 -20"><span class='ocrx_word' id='word_1_18' title='bbox 1878 513 2105 569; x_wconf 88' lang='lat' dir='ltr'><strong>inebriet</strong></span> <span class='ocrx_word' id='word_1_19' title='bbox 2152 524 2371 582; x_wconf 87' lang='lat' dir='ltr'><strong>terram,</strong></span> <span class='ocrx_word' id='word_1_20' title='bbox 2402 528 2455 571; x_wconf 88' lang='lat' dir='ltr'><strong>et</strong></span> <span class='ocrx_word' id='word_1_21' title='bbox 2508 517 2703 586; x_wconf 83' lang='lat' dir='ltr'><strong>pariat,</strong></span> <span class='ocrx_word' id='word_1_22' title='bbox 2737 524 2791 569; x_wconf 84' lang='lat' dir='ltr'><strong>et</strong></span> <span class='ocrx_word' id='word_1_23' title='bbox 2824 514 3117 584; x_wconf 82' lang='lat' dir='ltr'><strong>germinet,</strong></span> <span class='ocrx_word' id='word_1_24' title='bbox 3145 525 3199 568; x_wconf 91' lang='lat' dir='ltr'><strong>et</strong></span> <span class='ocrx_word' id='word_1_25' title='bbox 3236 514 3327 569; x_wconf 90' lang='lat' dir='ltr'><strong>det</strong></span> <span class='ocrx_word' id='word_1_26' title='bbox 3361 532 3447 568; x_wconf 82' lang='lat' dir='ltr'><strong>se-</strong></span> 
     </span>
    </p>
   </div>
   <div class='ocr_carea' id='block_1_6' title="bbox 209 598 1775 671">
    <p class='ocr_par' dir='ltr' id='par_1_6' title="bbox 209 598 1775 671">
     <span class='ocr_line' id='line_1_6' title="bbox 209 598 1775 671; baseline 0.002 -21"><span class='ocrx_word' id='word_1_27' title='bbox 209 598 278 667; x_wconf 82' lang='grc' dir='ltr'>δῷ</span> <span class='ocrx_word' id='word_1_28' title='bbox 314 598 539 669; x_wconf 76' lang='grc' dir='ltr'>σπέρμα</span> <span class='ocrx_word' id='word_1_29' title='bbox 565 598 644 671; x_wconf 78' lang='grc' dir='ltr'>τῷ</span> <span class='ocrx_word' id='word_1_30' title='bbox 675 600 968 670; x_wconf 77' lang='grc' dir='ltr'><strong>σπείροντι,</strong></span> <span class='ocrx_word' id='word_1_31' title='bbox 997 601 1091 653; x_wconf 71' lang='grc' dir='ltr'>καὶ</span> <span class='ocrx_word' id='word_1_32' title='bbox 1120 601 1281 670; x_wconf 76' lang='grc' dir='ltr'>ἄρτον</span> <span class='ocrx_word' id='word_1_33' title='bbox 1312 602 1392 661; x_wconf 85' lang='grc' dir='ltr'><strong>είς</strong></span> <span class='ocrx_word' id='word_1_34' title='bbox 1427 599 1652 671; x_wconf 81' lang='grc' dir='ltr'>βρῶσιν·</span> <span class='ocrx_word' id='word_1_35' title='bbox 1687 601 1775 653; x_wconf 75' lang='grc' dir='ltr'><strong>οὖ-</strong></span> 
     </span>
    </p>
   </div>
   <div class='ocr_carea' id='block_1_7' title="bbox 211 686 1774 761">
    <p class='ocr_par' dir='ltr' id='par_1_7' title="bbox 211 686 1774 761">
     <span class='ocr_line' id='line_1_7' title="bbox 211 686 1774 761; baseline 0.003 -22"><span class='ocrx_word' id='word_1_36' title='bbox 211 705 312 751; x_wconf 71' lang='lat' dir='ltr'><strong>rui;</strong></span> <span class='ocrx_word' id='word_1_37' title='bbox 356 686 511 742; x_wconf 75' lang='grc' dir='ltr'>ἔσται</span> <span class='ocrx_word' id='word_1_38' title='bbox 560 691 623 742; x_wconf 82' lang='grc' dir='ltr'>τὸ</span> <span class='ocrx_word' id='word_1_39' title='bbox 672 690 821 760; x_wconf 77' lang='grc' dir='ltr'>ῥῆμά</span> <span class='ocrx_word' id='word_1_40' title='bbox 854 707 976 761; x_wconf 84' lang='grc' dir='ltr'>μου,</span> <span class='ocrx_word' id='word_1_41' title='bbox 1011 690 1039 743; x_wconf 79' lang='grc' dir='ltr'><strong>ὅ</strong></span> <span class='ocrx_word' id='word_1_42' title='bbox 1072 690 1165 742; x_wconf 75' lang='grc' dir='ltr'>ὲάν</span> <span class='ocrx_word' id='word_1_43' title='bbox 1197 688 1386 761; x_wconf 72' lang='grc' dir='ltr'><strong>ἐξέλθῃ</strong></span> <span class='ocrx_word' id='word_1_44' title='bbox 1427 690 1493 742; x_wconf 70' lang='grc' dir='ltr'>ὲκ</span> <span class='ocrx_word' id='word_1_45' title='bbox 1530 688 1620 741; x_wconf 83' lang='grc' dir='ltr'><strong>τοῦ</strong></span> <span class='ocrx_word' id='word_1_46' title='bbox 1653 692 1774 743; x_wconf 76' lang='grc' dir='ltr'>στό-</span> 
     </span>
    </p>
   </div>
   <div class='ocr_carea' id='block_1_8' title="bbox 217 776 1776 850">
    <p class='ocr_par' dir='ltr' id='par_1_8' title="bbox 217 776 1776 850">
     <span class='ocr_line' id='line_1_8' title="bbox 217 776 1776 850; baseline 0.003 -22"><span class='ocrx_word' id='word_1_47' title='bbox 217 776 369 847; x_wconf 82' lang='grc' dir='ltr'>ματός</span> <span class='ocrx_word' id='word_1_48' title='bbox 405 794 538 846; x_wconf 88' lang='grc' dir='ltr'>μου,</span> <span class='ocrx_word' id='word_1_49' title='bbox 569 778 633 829; x_wconf 85' lang='grc' dir='ltr'><strong>ού</strong></span> <span class='ocrx_word' id='word_1_50' title='bbox 661 778 737 848; x_wconf 75' lang='grc' dir='ltr'>μὴ</span> <span class='ocrx_word' id='word_1_51' title='bbox 780 779 1124 849; x_wconf 80' lang='grc' dir='ltr'>ἀποστραφῇ,</span> <span class='ocrx_word' id='word_1_52' title='bbox 1159 779 1262 839; x_wconf 68' lang='grc' dir='ltr'>ἕως</span> <span class='ocrx_word' id='word_1_53' title='bbox 1299 777 1365 831; x_wconf 78' lang='grc' dir='ltr'>ἂν</span> <span class='ocrx_word' id='word_1_54' title='bbox 1410 778 1633 850; x_wconf 76' lang='grc' dir='ltr'><strong>τελεσθῇ</strong></span> <span class='ocrx_word' id='word_1_55' title='bbox 1675 780 1776 833; x_wconf 81' lang='grc' dir='ltr'>ὅσα</span> 
     </span>
    </p>
   </div>
   <div class='ocr_carea' id='block_1_9' title="bbox 214 867 1777 938">
    <p class='ocr_par' dir='ltr' id='par_1_9' title="bbox 214 867 1777 938">
     <span class='ocr_line' id='line_1_9' title="bbox 214 867 1777 938; baseline 0.002 -18"><span class='ocrx_word' id='word_1_56' title='bbox 214 868 278 920; x_wconf 77' lang='grc' dir='ltr'><strong>ἀν</strong></span> <span class='ocrx_word' id='word_1_57' title='bbox 298 867 556 938; x_wconf 61' lang='grc' dir='ltr'>ἠθέλησα.</span> <span class='ocrx_word' id='word_1_58' title='bbox 590 869 701 922; x_wconf 75' lang='grc' dir='ltr'><strong>Καὶ</strong></span> <span class='ocrx_word' id='word_1_59' title='bbox 725 868 971 922; x_wconf 84' lang='grc' dir='ltr'>εύοδώσω</span> <span class='ocrx_word' id='word_1_60' title='bbox 1007 869 1106 932; x_wconf 71' lang='grc' dir='ltr'>τὰς</span> <span class='ocrx_word' id='word_1_61' title='bbox 1134 868 1287 931; x_wconf 83' lang='grc' dir='ltr'>ὁδους</span> <span class='ocrx_word' id='word_1_62' title='bbox 1316 884 1432 933; x_wconf 86' lang='grc' dir='ltr'>σου,</span> <span class='ocrx_word' id='word_1_63' title='bbox 1464 872 1557 923; x_wconf 75' lang='grc' dir='ltr'>καὶ</span> <span class='ocrx_word' id='word_1_64' title='bbox 1587 871 1655 923; x_wconf 84' lang='grc' dir='ltr'><strong>τά</strong></span> <span class='ocrx_word' id='word_1_65' title='bbox 1694 873 1777 923; x_wconf 75' lang='grc' dir='ltr'><strong>ἑν-</strong></span> 
     </span>
    </p>
   </div>
   <div class='ocr_carea' id='block_1_10' title="bbox 212 956 1775 1032">
    <p class='ocr_par' dir='ltr' id='par_1_10' title="bbox 212 956 1775 1032">
     <span class='ocr_line' id='line_1_10' title="bbox 212 956 1775 1032; baseline 0.002 -23"><span class='ocrx_word' id='word_1_66' title='bbox 212 956 449 1028; x_wconf 79' lang='grc' dir='ltr'>τάλματά</span> <span class='ocrx_word' id='word_1_67' title='bbox 497 974 623 1028; x_wconf 83' lang='grc' dir='ltr'>μου.</span> <span class='ocrx_word' id='word_1_68' title='bbox 683 960 772 1012; x_wconf 87' lang='grc' dir='ltr'>Ἐν</span> <span class='ocrx_word' id='word_1_69' title='bbox 803 960 911 1031; x_wconf 86' lang='grc' dir='ltr'><strong>γάρ</strong></span> <span class='ocrx_word' id='word_1_70' title='bbox 940 960 1248 1032; x_wconf 81' lang='grc' dir='ltr'><strong>εὐφροσύνῃ</strong></span> <span class='ocrx_word' id='word_1_71' title='bbox 1288 959 1652 1027; x_wconf 79' lang='grc' dir='ltr'>ὲξελεύσεσθε,</span> <span class='ocrx_word' id='word_1_72' title='bbox 1683 962 1775 1015; x_wconf 85' lang='grc' dir='ltr'>καὶ</span> 
     </span>
    </p>
   </div>
   <div class='ocr_carea' id='block_1_11' title="bbox 213 1046 1774 1121">
    <p class='ocr_par' dir='ltr' id='par_1_11' title="bbox 213 1046 1774 1121">
     <span class='ocr_line' id='line_1_11' title="bbox 213 1046 1774 1121; baseline 0.004 -22"><span class='ocrx_word' id='word_1_73' title='bbox 213 1049 267 1101; x_wconf 71' lang='grc' dir='ltr'><strong>εν</strong></span> <span class='ocrx_word' id='word_1_74' title='bbox 280 1050 425 1119; x_wconf 77' lang='grc' dir='ltr'>χαρᾷ</span> <span class='ocrx_word' id='word_1_75' title='bbox 449 1046 860 1118; x_wconf 79' lang='grc' dir='ltr'>διδαχθήσεσθε.</span> <span class='ocrx_word' id='word_1_76' title='bbox 893 1048 973 1102; x_wconf 87' lang='grc' dir='ltr'><strong>Τά</strong></span> <span class='ocrx_word' id='word_1_77' title='bbox 998 1049 1106 1120; x_wconf 83' lang='grc' dir='ltr'>γὰρ</span> <span class='ocrx_word' id='word_1_78' title='bbox 1131 1049 1229 1121; x_wconf 83' lang='grc' dir='ltr'><strong>δρη</strong></span> <span class='ocrx_word' id='word_1_79' title='bbox 1258 1049 1352 1103; x_wconf 80' lang='grc' dir='ltr'>καὶ</span> <span class='ocrx_word' id='word_1_80' title='bbox 1389 1051 1439 1102; x_wconf 86' lang='grc' dir='ltr'>οῑ</span> <span class='ocrx_word' id='word_1_81' title='bbox 1472 1049 1649 1119; x_wconf 78' lang='grc' dir='ltr'><strong>βουνοὶ</strong></span> <span class='ocrx_word' id='word_1_82' title='bbox 1682 1051 1774 1116; x_wconf 79' lang='grc' dir='ltr'><strong>ἐξ·</strong></span> 
     </span>
    </p>
   </div>
   <div class='ocr_carea' id='block_1_12' title="bbox 212 1135 1774 1213">
    <p class='ocr_par' dir='ltr' id='par_1_12' title="bbox 212 1135 1774 1213">
     <span class='ocr_line' id='line_1_12' title="bbox 212 1135 1774 1213; baseline 0.002 -21"><span class='ocrx_word' id='word_1_83' title='bbox 212 1136 450 1192; x_wconf 71' lang='grc' dir='ltr'>αλοῦνται</span> <span class='ocrx_word' id='word_1_84' title='bbox 478 1139 904 1210; x_wconf 79' lang='grc' dir='ltr'>προσδεχόμενοι</span> <span class='ocrx_word' id='word_1_85' title='bbox 932 1140 1075 1212; x_wconf 76' lang='grc' dir='ltr'>ὑμᾶς</span> <span class='ocrx_word' id='word_1_86' title='bbox 1103 1142 1161 1194; x_wconf 78' lang='grc' dir='ltr'><strong>ἐν</strong></span> <span class='ocrx_word' id='word_1_87' title='bbox 1192 1142 1355 1213; x_wconf 68' lang='grc' dir='ltr'>χαρᾷ.</span> <span class='ocrx_word' id='word_1_88' title='bbox 1382 1161 1400 1195; x_wconf 75' lang='grc' dir='ltr'><strong>ι</strong></span> <span class='ocrx_word' id='word_1_89' title='bbox 1422 1144 1499 1196; x_wconf 87' lang='grc' dir='ltr'><strong>Δι’</strong></span> <span class='ocrx_word' id='word_1_90' title='bbox 1526 1135 1600 1196; x_wconf 81' lang='grc' dir='ltr'>ὧν</span> <span class='ocrx_word' id='word_1_91' title='bbox 1624 1139 1774 1212; x_wconf 73' lang='grc' dir='ltr'>οἴμαι</span> 
     </span>
    </p>
   </div>
   <div class='ocr_carea' id='block_1_13' title="bbox 210 1228 1765 1303">
    <p class='ocr_par' dir='ltr' id='par_1_13' title="bbox 210 1228 1765 1303">
     <span class='ocr_line' id='line_1_13' title="bbox 210 1228 1765 1303; baseline 0.003 -23"><span class='ocrx_word' id='word_1_92' title='bbox 210 1228 454 1298; x_wconf 83' lang='grc' dir='ltr'>δυνάμεις</span> <span class='ocrx_word' id='word_1_93' title='bbox 494 1232 897 1301; x_wconf 87' lang='grc' dir='ltr'>συγχαιρούσας</span> <span class='ocrx_word' id='word_1_94' title='bbox 928 1234 1039 1295; x_wconf 82' lang='grc' dir='ltr'>τοῖς</span> <span class='ocrx_word' id='word_1_95' title='bbox 1071 1233 1162 1284; x_wconf 75' lang='grc' dir='ltr'><strong>ἐπὶ</strong></span> <span class='ocrx_word' id='word_1_96' title='bbox 1183 1232 1285 1303; x_wconf 86' lang='grc' dir='ltr'>γῆς</span> <span class='ocrx_word' id='word_1_97' title='bbox 1332 1232 1648 1303; x_wconf 83' lang='grc' dir='ltr'>μετανοοῦσι</span> <span class='ocrx_word' id='word_1_98' title='bbox 1677 1233 1765 1303; x_wconf 78' lang='grc' dir='ltr'>δη-</span> 
     </span>
    </p>
   </div>
   <div class='ocr_carea' id='block_1_14' title="bbox 211 1320 1775 1396">
    <p class='ocr_par' dir='ltr' id='par_1_14' title="bbox 211 1320 1775 1396">
     <span class='ocr_line' id='line_1_14' title="bbox 211 1320 1775 1396; baseline 0.001 -23"><span class='ocrx_word' id='word_1_99' title='bbox 211 1320 441 1374; x_wconf 79' lang='grc' dir='ltr'>λοῦσθαι.</span> <span class='ocrx_word' id='word_1_100' title='bbox 491 1340 509 1373; x_wconf 76' lang='grc' dir='ltr'><strong>ε</strong></span> <span class='ocrx_word' id='word_1_101' title='bbox 536 1323 648 1376; x_wconf 78' lang='grc' dir='ltr'><strong>Καὶ</strong></span> <span class='ocrx_word' id='word_1_102' title='bbox 676 1324 852 1377; x_wconf 88' lang='grc' dir='ltr'>πάντα</span> <span class='ocrx_word' id='word_1_103' title='bbox 872 1327 940 1377; x_wconf 83' lang='grc' dir='ltr'><strong>τά</strong></span> <span class='ocrx_word' id='word_1_104' title='bbox 963 1322 1093 1390; x_wconf 82' lang='grc' dir='ltr'>ξύλα</span> <span class='ocrx_word' id='word_1_105' title='bbox 1114 1324 1208 1376; x_wconf 80' lang='grc' dir='ltr'><strong>τοῦ</strong></span> <span class='ocrx_word' id='word_1_106' title='bbox 1233 1324 1404 1396; x_wconf 84' lang='grc' dir='ltr'>ἀγροῦ</span> <span class='ocrx_word' id='word_1_107' title='bbox 1427 1326 1775 1396; x_wconf 67' lang='grc' dir='ltr'>ἑπικροτήσει</span> 
     </span>
    </p>
   </div>
   <div class='ocr_carea' id='block_1_15' title="bbox 210 1410 1770 1485">
    <p class='ocr_par' dir='ltr' id='par_1_15' title="bbox 210 1410 1770 1485">
     <span class='ocr_line' id='line_1_15' title="bbox 210 1410 1770 1485; baseline 0.001 -20"><span class='ocrx_word' id='word_1_108' title='bbox 210 1413 309 1475; x_wconf 63' lang='grc' dir='ltr'>τοῖς</span> <span class='ocrx_word' id='word_1_109' title='bbox 337 1410 575 1476; x_wconf 75' lang='grc' dir='ltr'><strong>κλάδοις.</strong></span> <span class='ocrx_word' id='word_1_110' title='bbox 608 1432 626 1464; x_wconf 72' lang='grc' dir='ltr'><strong>ι</strong></span> <span class='ocrx_word' id='word_1_111' title='bbox 650 1411 792 1467; x_wconf 86' lang='grc' dir='ltr'>Ξύλα</span> <span class='ocrx_word' id='word_1_112' title='bbox 818 1412 874 1465; x_wconf 70' lang='grc' dir='ltr'>δὲ</span> <span class='ocrx_word' id='word_1_113' title='bbox 896 1412 988 1465; x_wconf 83' lang='grc' dir='ltr'><strong>τοῦ</strong></span> <span class='ocrx_word' id='word_1_114' title='bbox 1016 1412 1187 1483; x_wconf 81' lang='grc' dir='ltr'><strong>ἀγροῦ</strong></span> <span class='ocrx_word' id='word_1_115' title='bbox 1218 1412 1607 1485; x_wconf 68' lang='grc' dir='ltr'><strong>ἐπικρατοῦντα</strong></span> <span class='ocrx_word' id='word_1_116' title='bbox 1639 1412 1770 1467; x_wconf 86' lang='grc' dir='ltr'>κλά-</span> 
     </span>
    </p>
   </div>
   <div class='ocr_carea' id='block_1_16' title="bbox 209 1498 1771 1575">
    <p class='ocr_par' dir='ltr' id='par_1_16' title="bbox 209 1498 1771 1575">
     <span class='ocr_line' id='line_1_16' title="bbox 209 1498 1771 1575; baseline 0.003 -22"><span class='ocrx_word' id='word_1_117' title='bbox 209 1500 308 1564; x_wconf 86' lang='grc' dir='ltr'>δοις</span> <span class='ocrx_word' id='word_1_118' title='bbox 335 1501 478 1571; x_wconf 88' lang='grc' dir='ltr'>τάχα</span> <span class='ocrx_word' id='word_1_119' title='bbox 512 1518 617 1555; x_wconf 73' lang='grc' dir='ltr'><strong>που</strong></span> <span class='ocrx_word' id='word_1_120' title='bbox 641 1504 697 1555; x_wconf 82' lang='grc' dir='ltr'><strong>αί</strong></span> <span class='ocrx_word' id='word_1_121' title='bbox 730 1502 1062 1575; x_wconf 72' lang='grc' dir='ltr'>καρποφόροι</span> <span class='ocrx_word' id='word_1_122' title='bbox 1092 1498 1200 1556; x_wconf 81' lang='grc' dir='ltr'>εἷεν</span> <span class='ocrx_word' id='word_1_123' title='bbox 1227 1502 1292 1557; x_wconf 81' lang='grc' dir='ltr'><strong>ἂν</strong></span> <span class='ocrx_word' id='word_1_124' title='bbox 1320 1503 1513 1574; x_wconf 79' lang='grc' dir='ltr'>ψυχαὶ,</span> <span class='ocrx_word' id='word_1_125' title='bbox 1548 1505 1771 1573; x_wconf 88' lang='grc' dir='ltr'>συγχαί-</span> 
     </span>
    </p>
   </div>
   <div class='ocr_carea' id='block_1_17' title="bbox 214 1590 1777 1667">
    <p class='ocr_par' dir='ltr' id='par_1_17' title="bbox 214 1590 1777 1667">
     <span class='ocr_line' id='line_1_17' title="bbox 214 1590 1777 1667; baseline 0.003 -23"><span class='ocrx_word' id='word_1_126' title='bbox 214 1608 387 1662; x_wconf 83' lang='grc' dir='ltr'>ρουσαι</span> <span class='ocrx_word' id='word_1_127' title='bbox 419 1595 543 1657; x_wconf 78' lang='grc' dir='ltr'>ταῖς</span> <span class='ocrx_word' id='word_1_128' title='bbox 568 1593 677 1647; x_wconf 90' lang='grc' dir='ltr'>τῶν</span> <span class='ocrx_word' id='word_1_129' title='bbox 707 1594 920 1665; x_wconf 79' lang='grc' dir='ltr'><strong>ἀνόμων</strong></span> <span class='ocrx_word' id='word_1_130' title='bbox 944 1594 1141 1664; x_wconf 78' lang='grc' dir='ltr'><strong>ψυχαῖς</strong></span> <span class='ocrx_word' id='word_1_131' title='bbox 1163 1590 1613 1666; x_wconf 64' lang='grc' dir='ltr'>ἐπιστρεφούσαις</span> <span class='ocrx_word' id='word_1_132' title='bbox 1642 1595 1777 1667; x_wconf 85' lang='grc' dir='ltr'>πρὸς</span> 
     </span>
    </p>
   </div>
   <div class='ocr_carea' id='block_1_18' title="bbox 208 1682 423 1755">
    <p class='ocr_par' dir='ltr' id='par_1_18' title="bbox 208 1682 423 1755">
     <span class='ocr_line' id='line_1_18' title="bbox 208 1682 423 1755; baseline -0.009 -19"><span class='ocrx_word' id='word_1_133' title='bbox 208 1682 423 1755; x_wconf 79' lang='grc' dir='ltr'>Κύριον.</span> 
     </span>
    </p>
   </div>
   <div class='ocr_carea' id='block_1_19' title="bbox 275 1775 1770 1849">
    <p class='ocr_par' dir='ltr' id='par_1_19' title="bbox 275 1775 1770 1849">
     <span class='ocr_line' id='line_1_19' title="bbox 275 1775 1770 1849; baseline 0.002 -22"><span class='ocrx_word' id='word_1_134' title='bbox 275 1793 293 1826; x_wconf 79' lang='grc' dir='ltr'><strong>ι</strong></span> <span class='ocrx_word' id='word_1_135' title='bbox 326 1775 436 1829; x_wconf 67' lang='grc' dir='ltr'><strong>Καὶ</strong></span> <span class='ocrx_word' id='word_1_136' title='bbox 478 1775 604 1829; x_wconf 82' lang='grc' dir='ltr'>ἀντὶ</span> <span class='ocrx_word' id='word_1_137' title='bbox 647 1777 747 1847; x_wconf 84' lang='grc' dir='ltr'>τῆς</span> <span class='ocrx_word' id='word_1_138' title='bbox 798 1777 1011 1848; x_wconf 73' lang='grc' dir='ltr'>ποισῆς</span> <span class='ocrx_word' id='word_1_139' title='bbox 1042 1778 1369 1849; x_wconf 78' lang='grc' dir='ltr'>ἀναδήσεται</span> <span class='ocrx_word' id='word_1_140' title='bbox 1413 1779 1770 1849; x_wconf 83' lang='grc' dir='ltr'><strong>κυπάρισσος,</strong></span> 
     </span>
    </p>
   </div>
   <div class='ocr_carea' id='block_1_20' title="bbox 1879 607 3448 675">
    <p class='ocr_par' dir='ltr' id='par_1_20' title="bbox 1879 607 3448 675">
     <span class='ocr_line' id='line_1_20' title="bbox 1879 607 3448 675; baseline 0 -16"><span class='ocrx_word' id='word_1_141' title='bbox 1879 621 1999 659; x_wconf 90' lang='lat' dir='ltr'><strong>men</strong></span> <span class='ocrx_word' id='word_1_142' title='bbox 2044 607 2349 673; x_wconf 84' lang='lat' dir='ltr'><strong>seminantl,</strong></span> <span class='ocrx_word' id='word_1_143' title='bbox 2378 618 2433 664; x_wconf 89' lang='lat' dir='ltr'><strong>et</strong></span> <span class='ocrx_word' id='word_1_144' title='bbox 2471 622 2663 675; x_wconf 86' lang='lat' dir='ltr'><strong>panem</strong></span> <span class='ocrx_word' id='word_1_145' title='bbox 2714 608 2781 662; x_wconf 88' lang='lat' dir='ltr'><strong>ad</strong></span> <span class='ocrx_word' id='word_1_146' title='bbox 2825 607 3185 672; x_wconf 79' lang='lat' dir='ltr'><strong>vescendum;</strong></span> <span class='ocrx_word' id='word_1_147' title='bbox 3232 608 3309 661; x_wconf 89' lang='lat' dir='ltr'><strong>sic</strong></span> <span class='ocrx_word' id='word_1_148' title='bbox 3343 609 3448 661; x_wconf 68' lang='lat' dir='ltr'><strong>erit</strong></span> 
     </span>
    </p>
   </div>
   <div class='ocr_carea' id='block_1_21' title="bbox 1876 696 3442 769">
    <p class='ocr_par' dir='ltr' id='par_1_21' title="bbox 1876 696 3442 769">
     <span class='ocr_line' id='line_1_21' title="bbox 1876 696 3442 769; baseline 0.003 -20"><span class='ocrx_word' id='word_1_149' title='bbox 1876 696 2094 751; x_wconf 82' lang='lat' dir='ltr'><strong>verbum</strong></span> <span class='ocrx_word' id='word_1_150' title='bbox 2124 712 2324 762; x_wconf 85' lang='lat' dir='ltr'><strong>meum,</strong></span> <span class='ocrx_word' id='word_1_151' title='bbox 2349 700 2706 769; x_wconf 87' lang='lat' dir='ltr'><strong>quodcunque</strong></span> <span class='ocrx_word' id='word_1_152' title='bbox 2733 698 2928 753; x_wconf 79' lang='lat' dir='ltr'><strong>exierit</strong></span> <span class='ocrx_word' id='word_1_153' title='bbox 2953 697 3018 753; x_wconf 85' lang='lat' dir='ltr'><strong>de</strong></span> <span class='ocrx_word' id='word_1_154' title='bbox 3041 712 3136 753; x_wconf 88' lang='lat' dir='ltr'><strong>ore</strong></span> <span class='ocrx_word' id='word_1_155' title='bbox 3162 713 3303 763; x_wconf 89' lang='lat' dir='ltr'><strong>meo,</strong></span> <span class='ocrx_word' id='word_1_156' title='bbox 3333 713 3442 753; x_wconf 87' lang='lat' dir='ltr'><strong>non</strong></span> 
     </span>
    </p>
   </div>
   <div class='ocr_carea' id='block_1_22' title="bbox 1875 788 3438 861">
    <p class='ocr_par' dir='ltr' id='par_1_22' title="bbox 1875 788 3438 861">
     <span class='ocr_line' id='line_1_22' title="bbox 1875 788 3438 861; baseline 0 -18"><span class='ocrx_word' id='word_1_157' title='bbox 1875 798 2201 855; x_wconf 81' lang='lat' dir='ltr'><strong>revertetur,</strong></span> <span class='ocrx_word' id='word_1_158' title='bbox 2226 791 2394 846; x_wconf 88' lang='lat' dir='ltr'><strong>donec</strong></span> <span class='ocrx_word' id='word_1_159' title='bbox 2419 792 2767 861; x_wconf 83' lang='lat' dir='ltr'><strong>perﬁciantur</strong></span> <span class='ocrx_word' id='word_1_160' title='bbox 2798 803 3133 859; x_wconf 62' lang='lat' dir='ltr'><strong>quascunque</strong></span> <span class='ocrx_word' id='word_1_161' title='bbox 3156 788 3438 844; x_wconf 78' lang='lat' dir='ltr'><strong>voluerim.</strong></span> 
     </span>
    </p>
   </div>
   <div class='ocr_carea' id='block_1_23' title="bbox 1878 864 3438 950">
    <p class='ocr_par' dir='ltr' id='par_1_23' title="bbox 1878 864 3438 950">
     <span class='ocr_line' id='line_1_23' title="bbox 1878 864 3438 950; baseline 0.002 -17"><span class='ocrx_word' id='word_1_162' title='bbox 1878 879 1942 934; x_wconf 86' lang='lat' dir='ltr'><strong>Et</strong></span> <span class='ocrx_word' id='word_1_163' title='bbox 1972 895 2255 949; x_wconf 89' lang='lat' dir='ltr'><strong>prosperas</strong></span> <span class='ocrx_word' id='word_1_164' title='bbox 2282 864 2477 938; x_wconf 79' lang='lat' dir='ltr'><strong>faciam</strong></span> <span class='ocrx_word' id='word_1_165' title='bbox 2510 884 2626 937; x_wconf 87' lang='lat' dir='ltr'><strong>vias</strong></span> <span class='ocrx_word' id='word_1_166' title='bbox 2656 891 2775 937; x_wconf 84' lang='lat' dir='ltr'><strong>tuas</strong></span> <span class='ocrx_word' id='word_1_167' title='bbox 2815 890 2869 935; x_wconf 92' lang='lat' dir='ltr'><strong>et</strong></span> <span class='ocrx_word' id='word_1_168' title='bbox 2900 889 3164 950; x_wconf 72' lang='lat' dir='ltr'><strong>praecepta</strong></span> <span class='ocrx_word' id='word_1_169' title='bbox 3203 896 3341 935; x_wconf 87' lang='lat' dir='ltr'><strong>mea.</strong></span> <span class='ocrx_word' id='word_1_170' title='bbox 3381 885 3438 936; x_wconf 92' lang='lat' dir='ltr'><strong>In</strong></span> 
     </span>
    </p>
   </div>
   <div class='ocr_carea' id='block_1_24' title="bbox 1876 969 3439 1044">
    <p class='ocr_par' dir='ltr' id='par_1_24' title="bbox 1876 969 3439 1044">
     <span class='ocr_line' id='line_1_24' title="bbox 1876 969 3439 1044; baseline 0.002 -18"><span class='ocrx_word' id='word_1_171' title='bbox 1876 969 2055 1026; x_wconf 66' lang='lat' dir='ltr'><strong>laetitia</strong></span> <span class='ocrx_word' id='word_1_172' title='bbox 2078 973 2220 1027; x_wconf 91' lang='lat' dir='ltr'><strong>enim</strong></span> <span class='ocrx_word' id='word_1_173' title='bbox 2257 975 2645 1044; x_wconf 86' lang='lat' dir='ltr'><strong>egrediemini,</strong></span> <span class='ocrx_word' id='word_1_174' title='bbox 2684 983 2740 1029; x_wconf 89' lang='lat' dir='ltr'><strong>et</strong></span> <span class='ocrx_word' id='word_1_175' title='bbox 2773 976 2825 1028; x_wconf 92' lang='lat' dir='ltr'><strong>in</strong></span> <span class='ocrx_word' id='word_1_176' title='bbox 2861 972 3058 1043; x_wconf 88' lang='lat' dir='ltr'><strong>gaudio</strong></span> <span class='ocrx_word' id='word_1_177' title='bbox 3096 974 3439 1029; x_wconf 89' lang='lat' dir='ltr'><strong>docebimini.</strong></span> 
     </span>
    </p>
   </div>
   <div class='ocr_carea' id='block_1_25' title="bbox 1877 1064 3437 1134">
    <p class='ocr_par' dir='ltr' id='par_1_25' title="bbox 1877 1064 3437 1134">
     <span class='ocr_line' id='line_1_25' title="bbox 1877 1064 3437 1134; baseline -0.001 -15"><span class='ocrx_word' id='word_1_178' title='bbox 1877 1064 2085 1119; x_wconf 78' lang='lat' dir='ltr'><strong>Montes</strong></span> <span class='ocrx_word' id='word_1_179' title='bbox 2109 1065 2249 1118; x_wconf 91' lang='lat' dir='ltr'><strong>enim</strong></span> <span class='ocrx_word' id='word_1_180' title='bbox 2275 1075 2331 1121; x_wconf 88' lang='lat' dir='ltr'><strong>et</strong></span> <span class='ocrx_word' id='word_1_181' title='bbox 2364 1064 2533 1121; x_wconf 88' lang='lat' dir='ltr'><strong>colles</strong></span> <span class='ocrx_word' id='word_1_182' title='bbox 2562 1066 2813 1121; x_wconf 79' lang='lat' dir='ltr'><strong>exsilient</strong></span> <span class='ocrx_word' id='word_1_183' title='bbox 2837 1065 3167 1134; x_wconf 78' lang='lat' dir='ltr'><strong>excipientes</strong></span> <span class='ocrx_word' id='word_1_184' title='bbox 3199 1079 3292 1118; x_wconf 85' lang='lat' dir='ltr'><strong>vos</strong></span> <span class='ocrx_word' id='word_1_185' title='bbox 3315 1079 3437 1118; x_wconf 90' lang='lat' dir='ltr'><strong>cum</strong></span> 
     </span>
    </p>
   </div>
   <div class='ocr_carea' id='block_1_26' title="bbox 1877 1156 3441 1229">
    <p class='ocr_par' dir='ltr' id='par_1_26' title="bbox 1877 1156 3441 1229">
     <span class='ocr_line' id='line_1_26' title="bbox 1877 1156 3441 1229; baseline 0.001 -18"><span class='ocrx_word' id='word_1_186' title='bbox 1877 1156 2090 1226; x_wconf 86' lang='lat' dir='ltr'><strong>gaudio.</strong></span> <span class='ocrx_word' id='word_1_187' title='bbox 2133 1174 2152 1208; x_wconf 77' lang='grc' dir='ltr'><strong>ι</strong></span> <span class='ocrx_word' id='word_1_188' title='bbox 2190 1156 2354 1223; x_wconf 83' lang='lat' dir='ltr'><strong>Queis</strong></span> <span class='ocrx_word' id='word_1_189' title='bbox 2408 1157 2662 1213; x_wconf 76' lang='lat' dir='ltr'><strong>existimo</strong></span> <span class='ocrx_word' id='word_1_190' title='bbox 2698 1156 2990 1229; x_wconf 78' lang='lat' dir='ltr'><strong>signiﬁcari</strong></span> <span class='ocrx_word' id='word_1_191' title='bbox 3029 1157 3285 1221; x_wconf 79' lang='lat' dir='ltr'><strong>virtutes,</strong></span> <span class='ocrx_word' id='word_1_192' title='bbox 3321 1169 3441 1227; x_wconf 68' lang='lat' dir='ltr'><strong>quae</strong></span> 
     </span>
    </p>
   </div>
   <div class='ocr_carea' id='block_1_27' title="bbox 1876 1248 3441 1318">
    <p class='ocr_par' dir='ltr' id='par_1_27' title="bbox 1876 1248 3441 1318">
     <span class='ocr_line' id='line_1_27' title="bbox 1876 1248 3441 1318; baseline -0.001 -15"><span class='ocrx_word' id='word_1_193' title='bbox 1876 1249 1943 1304; x_wconf 90' lang='lat' dir='ltr'><strong>de</strong></span> <span class='ocrx_word' id='word_1_194' title='bbox 1974 1249 2359 1318; x_wconf 64' lang='lat' dir='ltr'><strong>paenitentibus</strong></span> <span class='ocrx_word' id='word_1_195' title='bbox 2406 1251 2459 1304; x_wconf 91' lang='lat' dir='ltr'><strong>in</strong></span> <span class='ocrx_word' id='word_1_196' title='bbox 2504 1260 2645 1305; x_wconf 88' lang='lat' dir='ltr'><strong>terra</strong></span> <span class='ocrx_word' id='word_1_197' title='bbox 2696 1250 2964 1304; x_wconf 60' lang='lat' dir='ltr'><strong>lmtantur.</strong></span> <span class='ocrx_word' id='word_1_198' title='bbox 2997 1266 3018 1301; x_wconf 78' lang='grc' dir='ltr'><strong>ι</strong></span> <span class='ocrx_word' id='word_1_199' title='bbox 3069 1248 3137 1303; x_wconf 87' lang='lat' dir='ltr'><strong>Et</strong></span> <span class='ocrx_word' id='word_1_200' title='bbox 3166 1250 3344 1302; x_wconf 83' lang='lat' dir='ltr'><strong>omnia</strong></span> <span class='ocrx_word' id='word_1_201' title='bbox 3376 1249 3441 1302; x_wconf 86' lang='lat' dir='ltr'><strong>li-</strong></span> 
     </span>
    </p>
   </div>
   <div class='ocr_carea' id='block_1_28' title="bbox 1875 1340 3446 1411">
    <p class='ocr_par' dir='ltr' id='par_1_28' title="bbox 1875 1340 3446 1411">
     <span class='ocr_line' id='line_1_28' title="bbox 1875 1340 3446 1411; baseline 0 -17"><span class='ocrx_word' id='word_1_202' title='bbox 1875 1355 1978 1410; x_wconf 88' lang='lat' dir='ltr'><strong>gna</strong></span> <span class='ocrx_word' id='word_1_203' title='bbox 2006 1341 2120 1411; x_wconf 87' lang='lat' dir='ltr'><strong>agri</strong></span> <span class='ocrx_word' id='word_1_204' title='bbox 2154 1340 2480 1410; x_wconf 88' lang='lat' dir='ltr'><strong>applaudent</strong></span> <span class='ocrx_word' id='word_1_205' title='bbox 2512 1343 2698 1396; x_wconf 71' lang='lat' dir='ltr'><strong>ramis.</strong></span> <span class='ocrx_word' id='word_1_206' title='bbox 2741 1361 2761 1393; x_wconf 77' lang='grc' dir='ltr'><strong>ι</strong></span> <span class='ocrx_word' id='word_1_207' title='bbox 2796 1341 2964 1411; x_wconf 89' lang='lat' dir='ltr'><strong>Ligna</strong></span> <span class='ocrx_word' id='word_1_208' title='bbox 2998 1341 3113 1410; x_wconf 85' lang='lat' dir='ltr'><strong>agri</strong></span> <span class='ocrx_word' id='word_1_209' title='bbox 3161 1340 3325 1395; x_wconf 89' lang='lat' dir='ltr'><strong>ramis</strong></span> <span class='ocrx_word' id='word_1_210' title='bbox 3352 1355 3446 1410; x_wconf 84' lang='lat' dir='ltr'><strong>ap-</strong></span> 
     </span>
    </p>
   </div>
   <div class='ocr_carea' id='block_1_29' title="bbox 1875 1430 3447 1500">
    <p class='ocr_par' dir='ltr' id='par_1_29' title="bbox 1875 1430 3447 1500">
     <span class='ocr_line' id='line_1_29' title="bbox 1875 1430 3447 1500; baseline 0.002 -17"><span class='ocrx_word' id='word_1_211' title='bbox 1875 1430 2200 1499; x_wconf 86' lang='lat' dir='ltr'><strong>plaudentia,</strong></span> <span class='ocrx_word' id='word_1_212' title='bbox 2232 1430 2461 1488; x_wconf 82' lang='lat' dir='ltr'><strong>fortasse</strong></span> <span class='ocrx_word' id='word_1_213' title='bbox 2514 1432 2716 1488; x_wconf 78' lang='lat' dir='ltr'><strong>fuerint</strong></span> <span class='ocrx_word' id='word_1_214' title='bbox 2747 1434 2943 1488; x_wconf 68' lang='lat' dir='ltr'><strong>anima:</strong></span> <span class='ocrx_word' id='word_1_215' title='bbox 2967 1430 3283 1498; x_wconf 68' lang='lat' dir='ltr'><strong>fructiferze,</strong></span> <span class='ocrx_word' id='word_1_216' title='bbox 3327 1449 3447 1500; x_wconf 61' lang='lat' dir='ltr'><strong>igua:</strong></span> 
     </span>
    </p>
   </div>
   <div class='ocr_carea' id='block_1_30' title="bbox 1874 1520 3442 1593">
    <p class='ocr_par' dir='ltr' id='par_1_30' title="bbox 1874 1520 3442 1593">
     <span class='ocr_line' id='line_1_30' title="bbox 1874 1520 3442 1593; baseline 0.004 -19"><span class='ocrx_word' id='word_1_217' title='bbox 1874 1520 1942 1575; x_wconf 90' lang='lat' dir='ltr'><strong>de</strong></span> <span class='ocrx_word' id='word_1_218' title='bbox 1970 1522 2255 1577; x_wconf 81' lang='lat' dir='ltr'><strong>animabus</strong></span> <span class='ocrx_word' id='word_1_219' title='bbox 2280 1523 2570 1593; x_wconf 87' lang='lat' dir='ltr'><strong>impiorum</strong></span> <span class='ocrx_word' id='word_1_220' title='bbox 2604 1526 2671 1579; x_wconf 87' lang='lat' dir='ltr'><strong>ad</strong></span> <span class='ocrx_word' id='word_1_221' title='bbox 2708 1525 2991 1581; x_wconf 88' lang='lat' dir='ltr'><strong>Dominum</strong></span> <span class='ocrx_word' id='word_1_222' title='bbox 3027 1525 3442 1589; x_wconf 81' lang='lat' dir='ltr'><strong>revertentibus,</strong></span> 
     </span>
    </p>
   </div>
   <div class='ocr_carea' id='block_1_31' title="bbox 1877 1614 2385 1686">
    <p class='ocr_par' dir='ltr' id='par_1_31' title="bbox 1877 1614 2385 1686">
     <span class='ocr_line' id='line_1_31' title="bbox 1877 1614 2385 1686; baseline 0.006 -18"><span class='ocrx_word' id='word_1_223' title='bbox 1877 1614 2058 1671; x_wconf 70' lang='lat' dir='ltr'><strong>laetitia</strong></span> <span class='ocrx_word' id='word_1_224' title='bbox 2090 1616 2385 1686; x_wconf 80' lang='lat' dir='ltr'><strong>replentur.</strong></span> 
     </span>
    </p>
   </div>
   <div class='ocr_carea' id='block_1_32' title="bbox 1946 1772 3443 1848">
    <p class='ocr_par' dir='ltr' id='par_1_32' title="bbox 1946 1772 3443 1848">
     <span class='ocr_line' id='line_1_32' title="bbox 1946 1772 3443 1848; baseline 0.003 -21"><span class='ocrx_word' id='word_1_225' title='bbox 1946 1772 2107 1828; x_wconf 83' lang='lat' dir='ltr'><strong>Vsas.</strong></span> <span class='ocrx_word' id='word_1_226' title='bbox 2140 1773 2227 1828; x_wconf 76' lang='grc'><strong>15.</strong></span> <span class='ocrx_word' id='word_1_227' title='bbox 2258 1791 2278 1825; x_wconf 73' lang='grc' dir='ltr'><strong>ε</strong></span> <span class='ocrx_word' id='word_1_228' title='bbox 2310 1773 2375 1828; x_wconf 81' lang='lat' dir='ltr'><strong>Et</strong></span> <span class='ocrx_word' id='word_1_229' title='bbox 2406 1789 2503 1844; x_wconf 89' lang='lat' dir='ltr'><strong>pro</strong></span> <span class='ocrx_word' id='word_1_230' title='bbox 2524 1776 2697 1835; x_wconf 71' lang='lat' dir='ltr'><strong>stmba</strong></span> <span class='ocrx_word' id='word_1_231' title='bbox 2723 1778 2977 1833; x_wconf 89' lang='lat' dir='ltr'><strong>ascendet</strong></span> <span class='ocrx_word' id='word_1_232' title='bbox 3006 1778 3339 1848; x_wconf 82' lang='lat' dir='ltr'><strong>cyparissus,</strong></span> <span class='ocrx_word' id='word_1_233' title='bbox 3387 1787 3443 1833; x_wconf 86' lang='lat' dir='ltr'><strong>et</strong></span> 
     </span>
    </p>
   </div>
   <div class='ocr_carea' id='block_1_33' title="bbox 206 1864 1771 1945">
    <p class='ocr_par' dir='ltr' id='par_1_33' title="bbox 206 1866 1771 1945">
     <span class='ocr_line' id='line_1_33' title="bbox 206 1866 1771 1945; baseline 0.001 -26"><span class='ocrx_word' id='word_1_234' title='bbox 206 1866 400 1945; x_wconf 72' lang='grc' dir='ltr'>άντὶδὲ</span> <span class='ocrx_word' id='word_1_235' title='bbox 425 1867 531 1937; x_wconf 82' lang='grc' dir='ltr'><strong>τῆς</strong></span> <span class='ocrx_word' id='word_1_236' title='bbox 548 1867 778 1939; x_wconf 77' lang='grc' dir='ltr'><strong>κονύζης</strong></span> <span class='ocrx_word' id='word_1_237' title='bbox 805 1869 1133 1940; x_wconf 79' lang='grc' dir='ltr'>άναδήσεται</span> <span class='ocrx_word' id='word_1_238' title='bbox 1188 1869 1441 1940; x_wconf 88' lang='grc' dir='ltr'>μυρσίνη.</span> <span class='ocrx_word' id='word_1_239' title='bbox 1477 1869 1585 1921; x_wconf 77' lang='grc' dir='ltr'><strong>Καὶ</strong></span> <span class='ocrx_word' id='word_1_240' title='bbox 1621 1868 1771 1922; x_wconf 72' lang='grc' dir='ltr'>ἔσται</span> 
     </span>
    </p>
   </div>
   <div class='ocr_carea' id='block_1_34' title="bbox 1870 1864 3445 1945">
    <p class='ocr_par' dir='ltr' id='par_1_34' title="bbox 1872 1864 3445 1938">
     <span class='ocr_line' id='line_1_34' title="bbox 1872 1864 3445 1938; baseline 0.003 -21"><span class='ocrx_word' id='word_1_241' title='bbox 1872 1878 1969 1932; x_wconf 91' lang='lat' dir='ltr'><strong>pro</strong></span> <span class='ocrx_word' id='word_1_242' title='bbox 2000 1878 2201 1934; x_wconf 81' lang='lat' dir='ltr'><strong>conysa</strong></span> <span class='ocrx_word' id='word_1_243' title='bbox 2235 1864 2488 1920; x_wconf 79' lang='lat' dir='ltr'><strong>ascendet</strong></span> <span class='ocrx_word' id='word_1_244' title='bbox 2517 1874 2743 1938; x_wconf 91' lang='lat' dir='ltr'><strong>myrtus.</strong></span> <span class='ocrx_word' id='word_1_245' title='bbox 2766 1867 2833 1923; x_wconf 79' lang='lat' dir='ltr'><strong>Et</strong></span> <span class='ocrx_word' id='word_1_246' title='bbox 2854 1869 2959 1924; x_wconf 88' lang='lat' dir='ltr'><strong>erit</strong></span> <span class='ocrx_word' id='word_1_247' title='bbox 2986 1866 3244 1925; x_wconf 84' lang='lat' dir='ltr'><strong>Dominus</strong></span> <span class='ocrx_word' id='word_1_248' title='bbox 3270 1870 3324 1922; x_wconf 90' lang='lat' dir='ltr'><strong>in</strong></span> <span class='ocrx_word' id='word_1_249' title='bbox 3349 1883 3445 1923; x_wconf 84' lang='lat' dir='ltr'><strong>no-</strong></span> 
     </span>
    </p>
   </div>
   <div class='ocr_carea' id='block_1_35' title="bbox 126 1957 1771 2031">
    <p class='ocr_par' dir='ltr' id='par_1_35' title="bbox 126 1957 1771 2031">
     <span class='ocr_line' id='line_1_35' title="bbox 126 1957 1771 2031; baseline 0.002 -21"><span class='ocrx_word' id='word_1_250' title='bbox 126 1994 131 1997; x_wconf 68' lang='grc' dir='ltr'><strong>ι</strong></span> <span class='ocrx_word' id='word_1_251' title='bbox 208 1957 398 2031; x_wconf 80' lang='grc' dir='ltr'>Κύριος</span> <span class='ocrx_word' id='word_1_252' title='bbox 430 1962 512 2024; x_wconf 84' lang='grc' dir='ltr'>εις</span> <span class='ocrx_word' id='word_1_253' title='bbox 535 1960 726 2031; x_wconf 67' lang='grc' dir='ltr'>ὄνομα,</span> <span class='ocrx_word' id='word_1_254' title='bbox 762 1961 857 2015; x_wconf 78' lang='grc' dir='ltr'>καὶ</span> <span class='ocrx_word' id='word_1_255' title='bbox 885 1962 965 2025; x_wconf 81' lang='grc' dir='ltr'>εις</span> <span class='ocrx_word' id='word_1_256' title='bbox 987 1963 1208 2031; x_wconf 82' lang='grc' dir='ltr'>σημεῖον</span> <span class='ocrx_word' id='word_1_257' title='bbox 1248 1959 1496 2026; x_wconf 83' lang='grc' dir='ltr'>αἰώνιον,</span> <span class='ocrx_word' id='word_1_258' title='bbox 1530 1962 1625 2015; x_wconf 83' lang='grc' dir='ltr'>καὶ</span> <span class='ocrx_word' id='word_1_259' title='bbox 1672 1961 1771 2015; x_wconf 81' lang='grc' dir='ltr'>οὑκ</span> 
     </span>
    </p>
   </div>
   <div class='ocr_carea' id='block_1_36' title="bbox 208 2049 1772 2123">
    <p class='ocr_par' dir='ltr' id='par_1_36' title="bbox 208 2049 1772 2123">
     <span class='ocr_line' id='line_1_36' title="bbox 208 2049 1772 2123; baseline 0.003 -22"><span class='ocrx_word' id='word_1_260' title='bbox 208 2049 457 2119; x_wconf 69' lang='grc' dir='ltr'>ὶκλείψει.</span> <span class='ocrx_word' id='word_1_261' title='bbox 495 2069 515 2102; x_wconf 76' lang='grc' dir='ltr'><strong>ι</strong></span> <span class='ocrx_word' id='word_1_262' title='bbox 552 2051 1022 2123; x_wconf 74' lang='grc' dir='ltr'>’Δλληγορικῶςδὲ</span> <span class='ocrx_word' id='word_1_263' title='bbox 1052 2052 1141 2105; x_wconf 88' lang='grc' dir='ltr'><strong>διά</strong></span> <span class='ocrx_word' id='word_1_264' title='bbox 1162 2051 1367 2106; x_wconf 90' lang='grc' dir='ltr'>τούτων</span> <span class='ocrx_word' id='word_1_265' title='bbox 1394 2053 1636 2123; x_wconf 77' lang='grc' dir='ltr'><strong>ᾐνίττετο</strong></span> <span class='ocrx_word' id='word_1_266' title='bbox 1673 2051 1772 2121; x_wconf 84' lang='grc' dir='ltr'><strong>τὴν</strong></span> 
     </span>
    </p>
   </div>
   <div class='ocr_carea' id='block_1_37' title="bbox 208 2137 1771 2213">
    <p class='ocr_par' dir='ltr' id='par_1_37' title="bbox 208 2137 1771 2213">
     <span class='ocr_line' id='line_1_37' title="bbox 208 2137 1771 2213; baseline 0.001 -21"><span class='ocrx_word' id='word_1_267' title='bbox 208 2137 307 2192; x_wconf 67' lang='grc' dir='ltr'>άπὸ</span> <span class='ocrx_word' id='word_1_268' title='bbox 332 2139 439 2192; x_wconf 83' lang='grc' dir='ltr'><strong>τῶν</strong></span> <span class='ocrx_word' id='word_1_269' title='bbox 460 2140 721 2211; x_wconf 76' lang='grc' dir='ltr'><strong>χειρόνων</strong></span> <span class='ocrx_word' id='word_1_270' title='bbox 747 2140 838 2193; x_wconf 68' lang='grc' dir='ltr'><strong>ἰπὶ</strong></span> <span class='ocrx_word' id='word_1_271' title='bbox 862 2140 932 2193; x_wconf 87' lang='grc' dir='ltr'><strong>τά</strong></span> <span class='ocrx_word' id='word_1_272' title='bbox 950 2140 1182 2211; x_wconf 86' lang='grc' dir='ltr'>κρείττω</span> <span class='ocrx_word' id='word_1_273' title='bbox 1214 2139 1323 2193; x_wconf 90' lang='grc' dir='ltr'><strong>τῶν</strong></span> <span class='ocrx_word' id='word_1_274' title='bbox 1352 2140 1539 2211; x_wconf 80' lang='grc' dir='ltr'>ψυχῶν</span> <span class='ocrx_word' id='word_1_275' title='bbox 1563 2157 1771 2213; x_wconf 81' lang='grc' dir='ltr'>καρπο-</span> 
     </span>
    </p>
   </div>
   <div class='ocr_carea' id='block_1_38' title="bbox 208 2226 1773 2303">
    <p class='ocr_par' dir='ltr' id='par_1_38' title="bbox 208 2226 1773 2303">
     <span class='ocr_line' id='line_1_38' title="bbox 208 2226 1773 2303; baseline 0.001 -21"><span class='ocrx_word' id='word_1_276' title='bbox 208 2228 425 2299; x_wconf 74' lang='grc' dir='ltr'>φορίαν·</span> <span class='ocrx_word' id='word_1_277' title='bbox 461 2230 520 2283; x_wconf 85' lang='grc' dir='ltr'>αι</span> <span class='ocrx_word' id='word_1_278' title='bbox 555 2231 726 2285; x_wconf 80' lang='grc' dir='ltr'>πᾶσαι</span> <span class='ocrx_word' id='word_1_279' title='bbox 761 2230 859 2301; x_wconf 68' lang='grc' dir='ltr'>μὲν</span> <span class='ocrx_word' id='word_1_280' title='bbox 888 2226 1026 2301; x_wconf 81' lang='grc' dir='ltr'>ἦσαν</span> <span class='ocrx_word' id='word_1_281' title='bbox 1058 2232 1116 2284; x_wconf 81' lang='grc' dir='ltr'>ὲν</span> <span class='ocrx_word' id='word_1_282' title='bbox 1160 2230 1431 2303; x_wconf 79' lang='grc' dir='ltr'><strong>ἀθεότητι,</strong></span> <span class='ocrx_word' id='word_1_283' title='bbox 1485 2232 1636 2285; x_wconf 80' lang='grc' dir='ltr'>οὐδὲν</span> <span class='ocrx_word' id='word_1_284' title='bbox 1681 2231 1773 2299; x_wconf 87' lang='grc' dir='ltr'>γό-</span> 
     </span>
    </p>
   </div>
   <div class='ocr_carea' id='block_1_39' title="bbox 208 2318 1773 2394">
    <p class='ocr_par' dir='ltr' id='par_1_39' title="bbox 208 2318 1773 2394">
     <span class='ocr_line' id='line_1_39' title="bbox 208 2318 1773 2394; baseline 0.003 -22"><span class='ocrx_word' id='word_1_285' title='bbox 208 2335 352 2388; x_wconf 86' lang='grc' dir='ltr'>νιμον</span> <span class='ocrx_word' id='word_1_286' title='bbox 378 2318 501 2372; x_wconf 65' lang='grc' dir='ltr'>οὐδὲ</span> <span class='ocrx_word' id='word_1_287' title='bbox 525 2320 797 2392; x_wconf 81' lang='grc' dir='ltr'><strong>τρόφιμον</strong></span> <span class='ocrx_word' id='word_1_288' title='bbox 827 2319 1047 2393; x_wconf 78' lang='grc' dir='ltr'>ῑφερον·</span> <span class='ocrx_word' id='word_1_289' title='bbox 1079 2322 1153 2385; x_wconf 80' lang='grc' dir='ltr'>ὡς</span> <span class='ocrx_word' id='word_1_290' title='bbox 1212 2324 1269 2375; x_wconf 77' lang='grc' dir='ltr'>ὲν</span> <span class='ocrx_word' id='word_1_291' title='bbox 1330 2323 1522 2394; x_wconf 73' lang='grc' dir='ltr'>ἐρήμῳ</span> <span class='ocrx_word' id='word_1_292' title='bbox 1564 2322 1621 2376; x_wconf 69' lang='grc' dir='ltr'>δὲ</span> <span class='ocrx_word' id='word_1_293' title='bbox 1676 2324 1773 2378; x_wconf 77' lang='grc' dir='ltr'>καὶ</span> 
     </span>
    </p>
   </div>
   <div class='ocr_carea' id='block_1_40' title="bbox 209 2407 1771 2486">
    <p class='ocr_par' dir='ltr' id='par_1_40' title="bbox 209 2407 1771 2486">
     <span class='ocr_line' id='line_1_40' title="bbox 209 2407 1771 2486; baseline 0.003 -23"><span class='ocrx_word' id='word_1_294' title='bbox 209 2407 395 2480; x_wconf 68' lang='grc' dir='ltr'>χιρσῳ,</span> <span class='ocrx_word' id='word_1_295' title='bbox 413 2411 509 2464; x_wconf 79' lang='grc' dir='ltr'>καὶ</span> <span class='ocrx_word' id='word_1_296' title='bbox 537 2412 873 2483; x_wconf 82' lang='grc' dir='ltr'>ἀγεωργήτῳ</span> <span class='ocrx_word' id='word_1_297' title='bbox 890 2410 1062 2484; x_wconf 77' lang='grc' dir='ltr'>χώρᾳ,</span> <span class='ocrx_word' id='word_1_298' title='bbox 1111 2413 1327 2485; x_wconf 74' lang='grc' dir='ltr'>ποιὸὴν</span> <span class='ocrx_word' id='word_1_299' title='bbox 1353 2413 1483 2485; x_wconf 79' lang='grc' dir='ltr'>ὕλης</span> <span class='ocrx_word' id='word_1_300' title='bbox 1498 2414 1771 2486; x_wconf 79' lang='grc' dir='ltr'>ἀχρήστου</span> 
     </span>
    </p>
   </div>
   <div class='ocr_carea' id='block_1_41' title="bbox 209 2500 1773 2577">
    <p class='ocr_par' dir='ltr' id='par_1_41' title="bbox 209 2500 1773 2577">
     <span class='ocr_line' id='line_1_41' title="bbox 209 2500 1773 2577; baseline 0.003 -23"><span class='ocrx_word' id='word_1_301' title='bbox 209 2500 296 2554; x_wconf 75' lang='grc' dir='ltr'>καὶ</span> <span class='ocrx_word' id='word_1_302' title='bbox 323 2500 553 2566; x_wconf 77' lang='grc' dir='ltr'>κόνυζαν</span> <span class='ocrx_word' id='word_1_303' title='bbox 583 2504 682 2575; x_wconf 77' lang='grc' dir='ltr'>τὴν</span> <span class='ocrx_word' id='word_1_304' title='bbox 712 2502 1163 2575; x_wconf 76' lang='grc' dir='ltr'>δυσσεϐεστάτην,</span> <span class='ocrx_word' id='word_1_305' title='bbox 1198 2507 1291 2559; x_wconf 72' lang='grc' dir='ltr'>καὶ</span> <span class='ocrx_word' id='word_1_306' title='bbox 1317 2504 1588 2577; x_wconf 75' lang='grc' dir='ltr'>ἄχρηστον</span> <span class='ocrx_word' id='word_1_307' title='bbox 1637 2522 1773 2569; x_wconf 79' lang='grc' dir='ltr'>παν-</span> 
     </span>
    </p>
   </div>
   <div class='ocr_carea' id='block_1_42' title="bbox 209 2590 1771 2668">
    <p class='ocr_par' dir='ltr' id='par_1_42' title="bbox 209 2590 1771 2668">
     <span class='ocr_line' id='line_1_42' title="bbox 209 2590 1771 2668; baseline 0.005 -26"><span class='ocrx_word' id='word_1_308' title='bbox 209 2590 366 2655; x_wconf 84' lang='grc' dir='ltr'>τελῶς</span> <span class='ocrx_word' id='word_1_309' title='bbox 400 2592 636 2665; x_wconf 77' lang='grc' dir='ltr'><strong>βοτάνην</strong></span> <span class='ocrx_word' id='word_1_310' title='bbox 660 2592 846 2663; x_wconf 74' lang='grc' dir='ltr'>ιφυον.</span> <span class='ocrx_word' id='word_1_311' title='bbox 870 2594 982 2649; x_wconf 83' lang='grc' dir='ltr'><strong>Νῦν</strong></span> <span class='ocrx_word' id='word_1_312' title='bbox 1006 2596 1051 2649; x_wconf 83' lang='grc' dir='ltr'>δ’</span> <span class='ocrx_word' id='word_1_313' title='bbox 1078 2597 1165 2650; x_wconf 81' lang='grc' dir='ltr'>ὅτε</span> <span class='ocrx_word' id='word_1_314' title='bbox 1196 2597 1295 2667; x_wconf 83' lang='grc' dir='ltr'>τῆς</span> <span class='ocrx_word' id='word_1_315' title='bbox 1327 2596 1478 2659; x_wconf 80' lang='grc' dir='ltr'><strong>θείας</strong></span> <span class='ocrx_word' id='word_1_316' title='bbox 1512 2596 1771 2668; x_wconf 75' lang='grc' dir='ltr'><strong>μετέσχον</strong></span> 
     </span>
    </p>
   </div>
   <div class='ocr_carea' id='block_1_43' title="bbox 210 2680 1772 2759">
    <p class='ocr_par' dir='ltr' id='par_1_43' title="bbox 210 2680 1772 2759">
     <span class='ocr_line' id='line_1_43' title="bbox 210 2680 1772 2759; baseline 0.005 -25"><span class='ocrx_word' id='word_1_317' title='bbox 210 2680 437 2753; x_wconf 86' lang='grc' dir='ltr'>χάριτος,</span> <span class='ocrx_word' id='word_1_318' title='bbox 472 2683 739 2757; x_wconf 77' lang='grc' dir='ltr'>μυρσίνην</span> <span class='ocrx_word' id='word_1_319' title='bbox 773 2685 1163 2759; x_wconf 81' lang='grc' dir='ltr'>εὐωδεστάτην,</span> <span class='ocrx_word' id='word_1_320' title='bbox 1186 2689 1281 2742; x_wconf 78' lang='grc' dir='ltr'>καὶ</span> <span class='ocrx_word' id='word_1_321' title='bbox 1313 2688 1411 2759; x_wconf 76' lang='grc' dir='ltr'>μὲν</span> <span class='ocrx_word' id='word_1_322' title='bbox 1433 2687 1772 2759; x_wconf 79' lang='grc' dir='ltr'>ὑψηλοτάτην</span> 
     </span>
    </p>
   </div>
   <div class='ocr_carea' id='block_1_44' title="bbox 211 2774 1773 2851">
    <p class='ocr_par' dir='ltr' id='par_1_44' title="bbox 211 2774 1773 2851">
     <span class='ocr_line' id='line_1_44' title="bbox 211 2774 1773 2851; baseline 0.002 -21"><span class='ocrx_word' id='word_1_323' title='bbox 211 2774 296 2830; x_wconf 77' lang='grc' dir='ltr'>καὶ</span> <span class='ocrx_word' id='word_1_324' title='bbox 329 2776 489 2830; x_wconf 82' lang='grc' dir='ltr'>πάλιν</span> <span class='ocrx_word' id='word_1_325' title='bbox 527 2776 701 2850; x_wconf 78' lang='grc' dir='ltr'>εὐώδη</span> <span class='ocrx_word' id='word_1_326' title='bbox 733 2778 1070 2850; x_wconf 79' lang='grc' dir='ltr'>κυπάρισσον</span> <span class='ocrx_word' id='word_1_327' title='bbox 1124 2778 1533 2851; x_wconf 76' lang='grc' dir='ltr'>ἑκαρποφόρουν</span> <span class='ocrx_word' id='word_1_328' title='bbox 1560 2794 1575 2814; x_wconf 76' lang='grc' dir='ltr'><strong><em>ο</em></strong></span> <span class='ocrx_word' id='word_1_329' title='bbox 1631 2777 1773 2833; x_wconf 80' lang='grc' dir='ltr'>κατὰ</span> 
     </span>
    </p>
   </div>
   <div class='ocr_carea' id='block_1_45' title="bbox 212 2862 1774 2941">
    <p class='ocr_par' dir='ltr' id='par_1_45' title="bbox 212 2862 1774 2941">
     <span class='ocr_line' id='line_1_45' title="bbox 212 2862 1774 2941; baseline 0.004 -24"><span class='ocrx_word' id='word_1_330' title='bbox 212 2862 264 2916; x_wconf 76' lang='grc' dir='ltr'>δι</span> <span class='ocrx_word' id='word_1_331' title='bbox 316 2864 409 2920; x_wconf 83' lang='grc' dir='ltr'>τδν</span> <span class='ocrx_word' id='word_1_332' title='bbox 458 2866 793 2940; x_wconf 78' lang='grc' dir='ltr'><strong>Σύμμαχον,</strong></span> <span class='ocrx_word' id='word_1_333' title='bbox 847 2886 867 2921; x_wconf 79' lang='lat' dir='ltr'><strong>t</strong></span> <span class='ocrx_word' id='word_1_334' title='bbox 919 2868 1062 2922; x_wconf 79' lang='grc' dir='ltr'>Ἀντὶ</span> <span class='ocrx_word' id='word_1_335' title='bbox 1082 2868 1318 2940; x_wconf 78' lang='grc' dir='ltr'>στοιθῆς,</span> <span class='ocrx_word' id='word_1_336' title='bbox 1377 2870 1561 2941; x_wconf 78' lang='grc' dir='ltr'>φησὶν,</span> <span class='ocrx_word' id='word_1_337' title='bbox 1644 2870 1774 2923; x_wconf 82' lang='grc' dir='ltr'>ἀνα-</span> 
     </span>
    </p>
   </div>
   <div class='ocr_carea' id='block_1_46' title="bbox 213 2951 1764 3031">
    <p class='ocr_par' dir='ltr' id='par_1_46' title="bbox 213 2951 1764 3031">
     <span class='ocr_line' id='line_1_46' title="bbox 213 2951 1764 3031; baseline 0.001 -22"><span class='ocrx_word' id='word_1_338' title='bbox 213 2951 421 3025; x_wconf 72' lang='grc' dir='ltr'>ϐήσεται</span> <span class='ocrx_word' id='word_1_339' title='bbox 450 2956 781 3027; x_wconf 74' lang='grc' dir='ltr'>βράθυ,ἀντὶ</span> <span class='ocrx_word' id='word_1_340' title='bbox 809 2957 868 3012; x_wconf 72' lang='grc' dir='ltr'><strong>δε</strong></span> <span class='ocrx_word' id='word_1_341' title='bbox 900 2958 1078 3022; x_wconf 81' lang='grc' dir='ltr'>κνιδὸς</span> <span class='ocrx_word' id='word_1_342' title='bbox 1110 2959 1441 3029; x_wconf 79' lang='grc' dir='ltr'>ἀναδήσεται</span> <span class='ocrx_word' id='word_1_343' title='bbox 1477 2958 1764 3031; x_wconf 70' lang='grc' dir='ltr'>μυρσίνηοι</span> 
     </span>
    </p>
   </div>
   <div class='ocr_carea' id='block_1_47' title="bbox 211 3040 1772 3119">
    <p class='ocr_par' dir='ltr' id='par_1_47' title="bbox 211 3040 1772 3119">
     <span class='ocr_line' id='line_1_47' title="bbox 211 3040 1772 3119; baseline 0.003 -23"><span class='ocrx_word' id='word_1_344' title='bbox 211 3040 280 3106; x_wconf 71' lang='grc' dir='ltr'>ὡς</span> <span class='ocrx_word' id='word_1_345' title='bbox 307 3046 353 3097; x_wconf 86' lang='grc' dir='ltr'><strong>εί</strong></span> <span class='ocrx_word' id='word_1_346' title='bbox 384 3045 715 3119; x_wconf 74' lang='grc' dir='ltr'>σαφέστερον</span> <span class='ocrx_word' id='word_1_347' title='bbox 742 3046 991 3115; x_wconf 66' lang='grc' dir='ltr'>ἐλέγετο,</span> <span class='ocrx_word' id='word_1_348' title='bbox 1038 3047 1181 3104; x_wconf 76' lang='grc' dir='ltr'>’Δντὶ</span> <span class='ocrx_word' id='word_1_349' title='bbox 1207 3048 1404 3112; x_wconf 84' lang='grc' dir='ltr'>κακίας</span> <span class='ocrx_word' id='word_1_350' title='bbox 1441 3046 1772 3119; x_wconf 73' lang='grc' dir='ltr'>ἀναϐήσεται</span> 
     </span>
    </p>
   </div>
   <div class='ocr_carea' id='block_1_48' title="bbox 214 3130 1771 3211">
    <p class='ocr_par' dir='ltr' id='par_1_48' title="bbox 214 3130 1771 3211">
     <span class='ocr_line' id='line_1_48' title="bbox 214 3130 1771 3211; baseline 0.006 -27"><span class='ocrx_word' id='word_1_351' title='bbox 214 3130 532 3206; x_wconf 80' lang='grc' dir='ltr'>δικαιοσύνη,</span> <span class='ocrx_word' id='word_1_352' title='bbox 562 3138 657 3190; x_wconf 77' lang='grc' dir='ltr'>καὶ</span> <span class='ocrx_word' id='word_1_353' title='bbox 680 3136 801 3191; x_wconf 74' lang='grc' dir='ltr'>ἀντὶ</span> <span class='ocrx_word' id='word_1_354' title='bbox 826 3136 1120 3199; x_wconf 75' lang='grc' dir='ltr'>ἀκολασίας</span> <span class='ocrx_word' id='word_1_355' title='bbox 1153 3137 1495 3211; x_wconf 81' lang='grc' dir='ltr'>σωφροσύνη,</span> <span class='ocrx_word' id='word_1_356' title='bbox 1524 3138 1619 3193; x_wconf 80' lang='grc' dir='ltr'>καὶ</span> <span class='ocrx_word' id='word_1_357' title='bbox 1648 3140 1771 3194; x_wconf 73' lang='grc' dir='ltr'>ἀντὶ</span> 
     </span>
    </p>
   </div>
   <div class='ocr_carea' id='block_1_49' title="bbox 1876 1948 3436 2028">
    <p class='ocr_par' dir='ltr' id='par_1_49' title="bbox 1876 1948 3436 2028">
     <span class='ocr_line' id='line_1_49' title="bbox 1876 1948 3436 2028; baseline 0.004 -23"><span class='ocrx_word' id='word_1_358' title='bbox 1876 1967 1997 2006; x_wconf 90' lang='lat' dir='ltr'><strong>men</strong></span> <span class='ocrx_word' id='word_1_359' title='bbox 2020 1961 2075 2005; x_wconf 86' lang='lat' dir='ltr'><strong>et</strong></span> <span class='ocrx_word' id='word_1_360' title='bbox 2117 1952 2170 2005; x_wconf 89' lang='lat' dir='ltr'><strong>in</strong></span> <span class='ocrx_word' id='word_1_361' title='bbox 2210 1953 2425 2023; x_wconf 85' lang='lat' dir='ltr'><strong>signum</strong></span> <span class='ocrx_word' id='word_1_362' title='bbox 2474 1948 2885 2025; x_wconf 77' lang='lat' dir='ltr'><strong>sempiternum,</strong></span> <span class='ocrx_word' id='word_1_363' title='bbox 2929 1970 3103 2028; x_wconf 87' lang='lat' dir='ltr'><strong>neque</strong></span> <span class='ocrx_word' id='word_1_364' title='bbox 3136 1958 3368 2016; x_wconf 79' lang='lat' dir='ltr'><strong>deﬁciet.</strong></span> <span class='ocrx_word' id='word_1_365' title='bbox 3416 1977 3436 2011; x_wconf 74' lang='grc' dir='ltr'><strong>ι</strong></span> 
     </span>
    </p>
   </div>
   <div class='ocr_carea' id='block_1_50' title="bbox 1874 2041 3441 2118">
    <p class='ocr_par' dir='ltr' id='par_1_50' title="bbox 1874 2041 3441 2118">
     <span class='ocr_line' id='line_1_50' title="bbox 1874 2041 3441 2118; baseline 0.005 -23"><span class='ocrx_word' id='word_1_366' title='bbox 1874 2041 1970 2096; x_wconf 84' lang='lat' dir='ltr'><strong>His</strong></span> <span class='ocrx_word' id='word_1_367' title='bbox 2007 2041 2292 2113; x_wconf 79' lang='lat' dir='ltr'><strong>allegorice</strong></span> <span class='ocrx_word' id='word_1_368' title='bbox 2315 2042 2623 2097; x_wconf 87' lang='lat' dir='ltr'><strong>subindicat</strong></span> <span class='ocrx_word' id='word_1_369' title='bbox 2673 2046 2976 2101; x_wconf 88' lang='lat' dir='ltr'><strong>animarum</strong></span> <span class='ocrx_word' id='word_1_370' title='bbox 3025 2062 3056 2102; x_wconf 89' lang='lat' dir='ltr'><strong>a</strong></span> <span class='ocrx_word' id='word_1_371' title='bbox 3090 2049 3338 2118; x_wconf 84' lang='lat' dir='ltr'><strong>pessimis</strong></span> <span class='ocrx_word' id='word_1_372' title='bbox 3374 2050 3441 2103; x_wconf 88' lang='lat' dir='ltr'><strong>ad</strong></span> 
     </span>
    </p>
   </div>
   <div class='ocr_carea' id='block_1_51' title="bbox 1874 2125 3441 2206">
    <p class='ocr_par' dir='ltr' id='par_1_51' title="bbox 1874 2125 3441 2206">
     <span class='ocr_line' id='line_1_51' title="bbox 1874 2125 3441 2206; baseline 0.008 -28"><span class='ocrx_word' id='word_1_373' title='bbox 1874 2125 2093 2180; x_wconf 83' lang='lat' dir='ltr'><strong>meliora</strong></span> <span class='ocrx_word' id='word_1_374' title='bbox 2151 2127 2537 2183; x_wconf 87' lang='lat' dir='ltr'><strong>revertentium</strong></span> <span class='ocrx_word' id='word_1_375' title='bbox 2596 2129 3018 2188; x_wconf 79' lang='lat' dir='ltr'><strong>fecunditatem:</strong></span> <span class='ocrx_word' id='word_1_376' title='bbox 3053 2148 3176 2204; x_wconf 71' lang='lat' dir='ltr'><strong>quae</strong></span> <span class='ocrx_word' id='word_1_377' title='bbox 3224 2137 3441 2206; x_wconf 74' lang='lat' dir='ltr'><strong>quidem</strong></span> 
     </span>
    </p>
   </div>
   <div class='ocr_carea' id='block_1_52' title="bbox 1872 2214 3443 2294">
    <p class='ocr_par' dir='ltr' id='par_1_52' title="bbox 1872 2214 3443 2294">
     <span class='ocr_line' id='line_1_52' title="bbox 1872 2214 3443 2294; baseline 0.009 -26"><span class='ocrx_word' id='word_1_378' title='bbox 1872 2214 2001 2269; x_wconf 89' lang='lat' dir='ltr'><strong>olim</strong></span> <span class='ocrx_word' id='word_1_379' title='bbox 2039 2231 2228 2273; x_wconf 85' lang='lat' dir='ltr'><strong>omnes</strong></span> <span class='ocrx_word' id='word_1_380' title='bbox 2270 2219 2324 2273; x_wconf 91' lang='lat' dir='ltr'><strong>in</strong></span> <span class='ocrx_word' id='word_1_381' title='bbox 2379 2218 2657 2288; x_wconf 87' lang='lat' dir='ltr'><strong>impietate</strong></span> <span class='ocrx_word' id='word_1_382' title='bbox 2690 2223 3068 2294; x_wconf 76' lang='lat' dir='ltr'><strong>venabantur,</strong></span> <span class='ocrx_word' id='word_1_383' title='bbox 3108 2240 3171 2282; x_wconf 83' lang='lat' dir='ltr'><strong>se</strong></span> <span class='ocrx_word' id='word_1_384' title='bbox 3216 2228 3350 2282; x_wconf 86' lang='lat' dir='ltr'><strong>nihil</strong></span> <span class='ocrx_word' id='word_1_385' title='bbox 3374 2228 3443 2283; x_wconf 85' lang='lat' dir='ltr'><strong>ad</strong></span> 
     </span>
    </p>
   </div>
   <div class='ocr_carea' id='block_1_53' title="bbox 1872 2306 3443 2385">
    <p class='ocr_par' dir='ltr' id='par_1_53' title="bbox 1872 2306 3443 2385">
     <span class='ocr_line' id='line_1_53' title="bbox 1872 2306 3443 2385; baseline 0.008 -27"><span class='ocrx_word' id='word_1_386' title='bbox 1872 2306 2297 2375; x_wconf 87' lang='lat' dir='ltr'><strong>productionem,</strong></span> <span class='ocrx_word' id='word_1_387' title='bbox 2354 2310 2597 2381; x_wconf 81' lang='lat' dir='ltr'><strong>nihilque</strong></span> <span class='ocrx_word' id='word_1_388' title='bbox 2626 2316 2694 2368; x_wconf 90' lang='lat' dir='ltr'><strong>ad</strong></span> <span class='ocrx_word' id='word_1_389' title='bbox 2738 2328 2920 2371; x_wconf 87' lang='lat' dir='ltr'><strong>escam</strong></span> <span class='ocrx_word' id='word_1_390' title='bbox 2974 2315 3105 2371; x_wconf 88' lang='lat' dir='ltr'><strong>utile</strong></span> <span class='ocrx_word' id='word_1_391' title='bbox 3160 2315 3443 2385; x_wconf 80' lang='lat' dir='ltr'><strong>ferebant;</strong></span> 
     </span>
    </p>
   </div>
   <div class='ocr_carea' id='block_1_54' title="bbox 1872 2395 3441 2475">
    <p class='ocr_par' dir='ltr' id='par_1_54' title="bbox 1872 2395 3441 2475">
     <span class='ocr_line' id='line_1_54' title="bbox 1872 2395 3441 2475; baseline 0.006 -25"><span class='ocrx_word' id='word_1_392' title='bbox 1872 2395 1967 2450; x_wconf 86' lang='lat' dir='ltr'><strong>sed</strong></span> <span class='ocrx_word' id='word_1_393' title='bbox 1994 2395 2149 2465; x_wconf 87' lang='lat' dir='ltr'><strong>quasi</strong></span> <span class='ocrx_word' id='word_1_394' title='bbox 2187 2396 2241 2450; x_wconf 91' lang='lat' dir='ltr'><strong>in</strong></span> <span class='ocrx_word' id='word_1_395' title='bbox 2280 2397 2493 2454; x_wconf 86' lang='lat' dir='ltr'><strong>deserta</strong></span> <span class='ocrx_word' id='word_1_396' title='bbox 2524 2408 2580 2455; x_wconf 89' lang='lat' dir='ltr'><strong>et</strong></span> <span class='ocrx_word' id='word_1_397' title='bbox 2622 2402 2774 2458; x_wconf 86' lang='lat' dir='ltr'><strong>arida</strong></span> <span class='ocrx_word' id='word_1_398' title='bbox 2818 2416 2992 2473; x_wconf 89' lang='lat' dir='ltr'><strong>neque</strong></span> <span class='ocrx_word' id='word_1_399' title='bbox 3017 2404 3160 2461; x_wconf 90' lang='lat' dir='ltr'><strong>culta</strong></span> <span class='ocrx_word' id='word_1_400' title='bbox 3201 2405 3441 2475; x_wconf 85' lang='lat' dir='ltr'><strong>regione,</strong></span> 
     </span>
    </p>
   </div>
   <div class='ocr_carea' id='block_1_55' title="bbox 1870 2487 3441 2566">
    <p class='ocr_par' dir='ltr' id='par_1_55' title="bbox 1870 2487 3441 2566">
     <span class='ocr_line' id='line_1_55' title="bbox 1870 2487 3441 2566; baseline 0.006 -23"><span class='ocrx_word' id='word_1_401' title='bbox 1870 2487 2094 2544; x_wconf 81' lang='lat' dir='ltr'><strong>stmbam</strong></span> <span class='ocrx_word' id='word_1_402' title='bbox 2125 2489 2328 2547; x_wconf 86' lang='lat' dir='ltr'><strong>inutilis</strong></span> <span class='ocrx_word' id='word_1_403' title='bbox 2369 2493 2608 2550; x_wconf 67' lang='lat' dir='ltr'><strong>materia</strong></span> <span class='ocrx_word' id='word_1_404' title='bbox 2656 2502 2712 2551; x_wconf 86' lang='lat' dir='ltr'><strong>et</strong></span> <span class='ocrx_word' id='word_1_405' title='bbox 2757 2508 3018 2566; x_wconf 85' lang='lat' dir='ltr'><strong>conysam</strong></span> <span class='ocrx_word' id='word_1_406' title='bbox 3067 2497 3441 2566; x_wconf 84' lang='lat' dir='ltr'><strong>impiissimam</strong></span> 
     </span>
    </p>
   </div>
   <div class='ocr_carea' id='block_1_56' title="bbox 1870 2581 3445 2657">
    <p class='ocr_par' dir='ltr' id='par_1_56' title="bbox 1870 2581 3445 2657">
     <span class='ocr_line' id='line_1_56' title="bbox 1870 2581 3445 2657; baseline 0.008 -23"><span class='ocrx_word' id='word_1_407' title='bbox 1870 2594 2195 2651; x_wconf 76' lang='lat' dir='ltr'><strong>pronusque</strong></span> <span class='ocrx_word' id='word_1_408' title='bbox 2227 2581 2433 2639; x_wconf 68' lang='lat' dir='ltr'><strong>[utilem</strong></span> <span class='ocrx_word' id='word_1_409' title='bbox 2457 2585 2678 2642; x_wconf 80' lang='lat' dir='ltr'><strong>herbam</strong></span> <span class='ocrx_word' id='word_1_410' title='bbox 2703 2588 3095 2657; x_wconf 85' lang='lat' dir='ltr'><strong>germinabant.</strong></span> <span class='ocrx_word' id='word_1_411' title='bbox 3131 2586 3285 2645; x_wconf 77' lang='lat' dir='ltr'><strong>Nunc</strong></span> <span class='ocrx_word' id='word_1_412' title='bbox 3316 2605 3445 2647; x_wconf 86' lang='lat' dir='ltr'><strong>vero</strong></span> 
     </span>
    </p>
   </div>
   <div class='ocr_carea' id='block_1_57' title="bbox 1871 2672 3442 2752">
    <p class='ocr_par' dir='ltr' id='par_1_57' title="bbox 1871 2672 3442 2752">
     <span class='ocr_line' id='line_1_57' title="bbox 1871 2672 3442 2752; baseline 0.009 -29"><span class='ocrx_word' id='word_1_413' title='bbox 1871 2679 2154 2741; x_wconf 87' lang='lat' dir='ltr'><strong>postquam</strong></span> <span class='ocrx_word' id='word_1_414' title='bbox 2171 2672 2365 2730; x_wconf 65' lang='lat' dir='ltr'><strong>divina:</strong></span> <span class='ocrx_word' id='word_1_415' title='bbox 2399 2676 2587 2745; x_wconf 65' lang='lat' dir='ltr'><strong>gratia</strong></span> <span class='ocrx_word' id='word_1_416' title='bbox 2616 2688 2897 2748; x_wconf 79' lang='lat' dir='ltr'><strong>consortes</strong></span> <span class='ocrx_word' id='word_1_417' title='bbox 2932 2679 3176 2747; x_wconf 78' lang='lat' dir='ltr'><strong>fuerunt,</strong></span> <span class='ocrx_word' id='word_1_418' title='bbox 3205 2690 3442 2752; x_wconf 82' lang='lat' dir='ltr'><strong>myrtum</strong></span> 
     </span>
    </p>
   </div>
   <div class='ocr_carea' id='block_1_58' title="bbox 1871 2763 3444 2830">
    <p class='ocr_par' dir='ltr' id='par_1_58' title="bbox 1871 2763 3444 2830">
     <span class='ocr_line' id='line_1_58' title="bbox 1871 2763 3444 2830; baseline 0.005 -11"><span class='ocrx_word' id='word_1_419' title='bbox 1871 2763 2293 2830; x_wconf 86' lang='lat' dir='ltr'><strong>suaveolentem,</strong></span> <span class='ocrx_word' id='word_1_420' title='bbox 2333 2781 2540 2824; x_wconf 86' lang='lat' dir='ltr'><strong>necnon</strong></span> <span class='ocrx_word' id='word_1_421' title='bbox 2593 2769 2949 2826; x_wconf 74' lang='lat' dir='ltr'><strong>celsissimam</strong></span> <span class='ocrx_word' id='word_1_422' title='bbox 2995 2780 3052 2826; x_wconf 90' lang='lat' dir='ltr'><strong>et</strong></span> <span class='ocrx_word' id='word_1_423' title='bbox 3125 2771 3292 2827; x_wconf 87' lang='lat' dir='ltr'><strong>odore</strong></span> <span class='ocrx_word' id='word_1_424' title='bbox 3334 2772 3444 2827; x_wconf 57' lang='lat' dir='ltr'><strong>ira-</strong></span> 
     </span>
    </p>
   </div>
   <div class='ocr_carea' id='block_1_59' title="bbox 1870 2858 3439 2933">
    <p class='ocr_par' dir='ltr' id='par_1_59' title="bbox 1870 2858 3439 2933">
     <span class='ocr_line' id='line_1_59' title="bbox 1870 2858 3439 2933; baseline 0.004 -24"><span class='ocrx_word' id='word_1_425' title='bbox 1870 2865 2113 2925; x_wconf 86' lang='lat' dir='ltr'><strong>grantem</strong></span> <span class='ocrx_word' id='word_1_426' title='bbox 2157 2858 2492 2929; x_wconf 86' lang='lat' dir='ltr'><strong>cyparissum</strong></span> <span class='ocrx_word' id='word_1_427' title='bbox 2536 2861 2896 2927; x_wconf 87' lang='lat' dir='ltr'><strong>emittebant;</strong></span> <span class='ocrx_word' id='word_1_428' title='bbox 2931 2862 3229 2919; x_wconf 66' lang='lat' dir='ltr'><strong>secundum</strong></span> <span class='ocrx_word' id='word_1_429' title='bbox 3273 2862 3439 2933; x_wconf 85' lang='lat' dir='ltr'><strong>Sym-</strong></span> 
     </span>
    </p>
   </div>
   <div class='ocr_carea' id='block_1_60' title="bbox 1871 2935 3443 3018">
    <p class='ocr_par' dir='ltr' id='par_1_60' title="bbox 1871 2935 3443 3018">
     <span class='ocr_line' id='line_1_60' title="bbox 1871 2935 3443 3018; baseline 0.005 -17"><span class='ocrx_word' id='word_1_430' title='bbox 1871 2947 2122 3002; x_wconf 87' lang='lat' dir='ltr'><strong>machum</strong></span> <span class='ocrx_word' id='word_1_431' title='bbox 2152 2935 2329 3004; x_wconf 85' lang='lat' dir='ltr'><strong>autem</strong></span> <span class='ocrx_word' id='word_1_432' title='bbox 2364 2951 2583 3018; x_wconf 90' lang='lat' dir='ltr'><strong>dicitur,</strong></span> <span class='ocrx_word' id='word_1_433' title='bbox 2621 2971 2642 3005; x_wconf 78' lang='grc' dir='ltr'><strong>ι</strong></span> <span class='ocrx_word' id='word_1_434' title='bbox 2676 2952 2784 3009; x_wconf 86' lang='lat' dir='ltr'><strong>Pro</strong></span> <span class='ocrx_word' id='word_1_435' title='bbox 2813 2954 2987 3015; x_wconf 64' lang='lat' dir='ltr'><strong>stazba</strong></span> <span class='ocrx_word' id='word_1_436' title='bbox 3018 2953 3275 3010; x_wconf 75' lang='lat' dir='ltr'><strong>ascendet</strong></span> <span class='ocrx_word' id='word_1_437' title='bbox 3318 2954 3443 3009; x_wconf 87' lang='lat' dir='ltr'><strong>bra-</strong></span> 
     </span>
    </p>
   </div>
   <div class='ocr_carea' id='block_1_61' title="bbox 1873 3040 3443 3116">
    <p class='ocr_par' dir='ltr' id='par_1_61' title="bbox 1873 3040 3443 3116">
     <span class='ocr_line' id='line_1_61' title="bbox 1873 3040 3443 3116; baseline 0.004 -22"><span class='ocrx_word' id='word_1_438' title='bbox 1873 3040 1989 3110; x_wconf 85' lang='lat' dir='ltr'><strong>thy,</strong></span> <span class='ocrx_word' id='word_1_439' title='bbox 2018 3047 2074 3095; x_wconf 89' lang='lat' dir='ltr'><strong>et</strong></span> <span class='ocrx_word' id='word_1_440' title='bbox 2120 3055 2218 3110; x_wconf 90' lang='lat' dir='ltr'><strong>pro</strong></span> <span class='ocrx_word' id='word_1_441' title='bbox 2242 3043 2415 3096; x_wconf 89' lang='lat' dir='ltr'><strong>urtica</strong></span> <span class='ocrx_word' id='word_1_442' title='bbox 2444 3044 2701 3100; x_wconf 84' lang='lat' dir='ltr'><strong>ascendet</strong></span> <span class='ocrx_word' id='word_1_443' title='bbox 2731 3051 2967 3116; x_wconf 80' lang='lat' dir='ltr'><strong>myrtus;</strong></span> <span class='ocrx_word' id='word_1_444' title='bbox 3004 3062 3025 3098; x_wconf 76' lang='grc' dir='ltr'><strong>ι</strong></span> <span class='ocrx_word' id='word_1_445' title='bbox 3066 3058 3131 3099; x_wconf 88' lang='lat' dir='ltr'><strong>ac</strong></span> <span class='ocrx_word' id='word_1_446' title='bbox 3166 3044 3211 3100; x_wconf 86' lang='lat' dir='ltr'><strong>si</strong></span> <span class='ocrx_word' id='word_1_447' title='bbox 3242 3044 3443 3101; x_wconf 83' lang='lat' dir='ltr'><strong>clarius</strong></span> 
     </span>
    </p>
   </div>
   <div class='ocr_carea' id='block_1_62' title="bbox 1872 3129 3443 3208">
    <p class='ocr_par' dir='ltr' id='par_1_62' title="bbox 1872 3129 3443 3208">
     <span class='ocr_line' id='line_1_62' title="bbox 1872 3129 3443 3208; baseline 0.004 -22"><span class='ocrx_word' id='word_1_448' title='bbox 1872 3130 2096 3200; x_wconf 86' lang='lat' dir='ltr'><strong>diceret,</strong></span> <span class='ocrx_word' id='word_1_449' title='bbox 2127 3129 2232 3187; x_wconf 89' lang='lat' dir='ltr'><strong>Pro</strong></span> <span class='ocrx_word' id='word_1_450' title='bbox 2260 3132 2463 3189; x_wconf 85' lang='lat' dir='ltr'><strong>malitia</strong></span> <span class='ocrx_word' id='word_1_451' title='bbox 2501 3135 2757 3190; x_wconf 81' lang='lat' dir='ltr'><strong>ascendet</strong></span> <span class='ocrx_word' id='word_1_452' title='bbox 2790 3136 3022 3205; x_wconf 73' lang='lat' dir='ltr'><strong>iustitia,</strong></span> <span class='ocrx_word' id='word_1_453' title='bbox 3056 3144 3113 3193; x_wconf 89' lang='lat' dir='ltr'><strong>et</strong></span> <span class='ocrx_word' id='word_1_454' title='bbox 3154 3151 3254 3208; x_wconf 90' lang='lat' dir='ltr'><strong>pro</strong></span> <span class='ocrx_word' id='word_1_455' title='bbox 3281 3136 3443 3196; x_wconf 79' lang='lat' dir='ltr'><strong>lasci-</strong></span> 
     </span>
    </p>
   </div>
   <div class='ocr_carea' id='block_1_63' title="bbox 215 3220 1771 3303">
    <p class='ocr_par' dir='ltr' id='par_1_63' title="bbox 215 3220 1769 3302">
     <span class='ocr_line' id='line_1_63' title="bbox 215 3220 1769 3302; baseline 0.006 -28"><span class='ocrx_word' id='word_1_456' title='bbox 215 3220 431 3293; x_wconf 77' lang='grc' dir='ltr'>θράσους</span> <span class='ocrx_word' id='word_1_457' title='bbox 453 3227 695 3299; x_wconf 84' lang='grc' dir='ltr'>ἀνδρεία,</span> <span class='ocrx_word' id='word_1_458' title='bbox 727 3229 823 3281; x_wconf 77' lang='grc' dir='ltr'>καὶ</span> <span class='ocrx_word' id='word_1_459' title='bbox 840 3229 962 3282; x_wconf 82' lang='grc' dir='ltr'>ἀντὶ</span> <span class='ocrx_word' id='word_1_460' title='bbox 1012 3228 1323 3301; x_wconf 76' lang='grc' dir='ltr'>ἀφροσύνης</span> <span class='ocrx_word' id='word_1_461' title='bbox 1367 3229 1646 3302; x_wconf 80' lang='grc' dir='ltr'>φρόνησις,</span> <span class='ocrx_word' id='word_1_462' title='bbox 1676 3230 1769 3285; x_wconf 77' lang='grc' dir='ltr'>καὶ</span> 
     </span>
    </p>
   </div>
   <div class='ocr_carea' id='block_1_64' title="bbox 1870 3220 3442 3303">
    <p class='ocr_par' dir='ltr' id='par_1_64' title="bbox 1870 3223 3442 3299">
     <span class='ocr_line' id='line_1_64' title="bbox 1870 3223 3442 3299; baseline 0.006 -23"><span class='ocrx_word' id='word_1_463' title='bbox 1870 3223 1958 3277; x_wconf 88' lang='lat' dir='ltr'><strong>via</strong></span> <span class='ocrx_word' id='word_1_464' title='bbox 1985 3226 2359 3294; x_wconf 85' lang='lat' dir='ltr'><strong>temperantia.</strong></span> <span class='ocrx_word' id='word_1_465' title='bbox 2410 3242 2511 3297; x_wconf 90' lang='lat' dir='ltr'><strong>pro</strong></span> <span class='ocrx_word' id='word_1_466' title='bbox 2554 3227 2779 3283; x_wconf 86' lang='lat' dir='ltr'><strong>audacia</strong></span> <span class='ocrx_word' id='word_1_467' title='bbox 2823 3228 3017 3294; x_wconf 88' lang='lat' dir='ltr'><strong>virtus,</strong></span> <span class='ocrx_word' id='word_1_468' title='bbox 3074 3242 3174 3299; x_wconf 89' lang='lat' dir='ltr'><strong>pro</strong></span> <span class='ocrx_word' id='word_1_469' title='bbox 3205 3230 3442 3285; x_wconf 83' lang='lat' dir='ltr'><strong>amentia</strong></span> 
     </span>
    </p>
   </div>
   <div class='ocr_carea' id='block_1_65' title="bbox 217 3312 1189 3391">
    <p class='ocr_par' dir='ltr' id='par_1_65' title="bbox 217 3312 1189 3391">
     <span class='ocr_line' id='line_1_65' title="bbox 217 3312 1189 3391; baseline 0.006 -25"><span class='ocrx_word' id='word_1_470' title='bbox 217 3312 530 3379; x_wconf 72' lang='grc' dir='ltr'>ἁπαξαπλῶς</span> <span class='ocrx_word' id='word_1_471' title='bbox 556 3314 677 3370; x_wconf 77' lang='grc' dir='ltr'>ἀντὶ</span> <span class='ocrx_word' id='word_1_472' title='bbox 709 3317 975 3389; x_wconf 75' lang='grc' dir='ltr'>πονηρίας</span> <span class='ocrx_word' id='word_1_473' title='bbox 999 3319 1189 3391; x_wconf 80' lang='grc' dir='ltr'>ἀρετή.</span> 
     </span>
    </p>
   </div>
   <div class='ocr_carea' id='block_1_66' title="bbox 700 3430 1268 3501">
    <p class='ocr_par' dir='ltr' id='par_1_66' title="bbox 700 3430 1268 3501">
     <span class='ocr_line' id='line_1_66' title="bbox 700 3430 1268 3501; baseline 0.007 -19"><span class='ocrx_word' id='word_1_474' title='bbox 700 3430 1095 3485; x_wconf 63' lang='lat' dir='ltr'><strong>numeri</strong></span> <span class='ocrx_word' id='word_1_475' title='bbox 1128 3432 1268 3501; x_wconf 66' lang='lat' dir='ltr'><strong>Ncr.</strong></span> 
     </span>
    </p>
   </div>
   <div class='ocr_carea' id='block_1_67' title="bbox 282 3517 1767 3597">
    <p class='ocr_par' dir='ltr' id='par_1_67' title="bbox 282 3517 1767 3597">
     <span class='ocr_line' id='line_1_67' title="bbox 282 3517 1767 3597; baseline 0.005 -28"><span class='ocrx_word' id='word_1_476' title='bbox 282 3535 301 3569; x_wconf 76' lang='grc' dir='ltr'><strong>ι</strong></span> <span class='ocrx_word' id='word_1_477' title='bbox 329 3517 465 3571; x_wconf 83' lang='grc' dir='ltr'>Τάδε</span> <span class='ocrx_word' id='word_1_478' title='bbox 518 3519 667 3587; x_wconf 71' lang='grc' dir='ltr'>λέγει</span> <span class='ocrx_word' id='word_1_479' title='bbox 714 3519 955 3589; x_wconf 52' lang='grc' dir='ltr'>Κύριος</span> <span class='ocrx_word' id='word_1_480' title='bbox 1016 3521 1356 3577; x_wconf 70' lang='grc' dir='ltr'>Φυλάσσεσθε</span> <span class='ocrx_word' id='word_1_481' title='bbox 1421 3524 1622 3597; x_wconf 81' lang='grc' dir='ltr'>κρίσιν,</span> <span class='ocrx_word' id='word_1_482' title='bbox 1673 3526 1767 3579; x_wconf 79' lang='grc' dir='ltr'>καὶ</span> 
     </span>
    </p>
   </div>
   <div class='ocr_carea' id='block_1_68' title="bbox 216 3606 1766 3683">
    <p class='ocr_par' dir='ltr' id='par_1_68' title="bbox 216 3606 1766 3683">
     <span class='ocr_line' id='line_1_68' title="bbox 216 3606 1766 3683; baseline 0.006 -26"><span class='ocrx_word' id='word_1_483' title='bbox 216 3606 455 3677; x_wconf 67' lang='grc' dir='ltr'>τωιήσατε</span> <span class='ocrx_word' id='word_1_484' title='bbox 482 3606 825 3679; x_wconf 82' lang='grc' dir='ltr'>δικαιοσύνην</span> <span class='ocrx_word' id='word_1_485' title='bbox 845 3624 860 3638; x_wconf 88' lang='grc'><strong>·</strong></span> <span class='ocrx_word' id='word_1_486' title='bbox 892 3608 1086 3678; x_wconf 74' lang='grc' dir='ltr'>ἧγγικε</span> <span class='ocrx_word' id='word_1_487' title='bbox 1130 3609 1237 3682; x_wconf 82' lang='grc' dir='ltr'><strong>γάρ</strong></span> <span class='ocrx_word' id='word_1_488' title='bbox 1272 3610 1333 3664; x_wconf 84' lang='grc' dir='ltr'><strong>τδ</strong></span> <span class='ocrx_word' id='word_1_489' title='bbox 1366 3611 1631 3683; x_wconf 85' lang='grc' dir='ltr'>σωτήριόν</span> <span class='ocrx_word' id='word_1_490' title='bbox 1665 3628 1766 3682; x_wconf 87' lang='grc' dir='ltr'><strong>μου</strong></span> 
     </span>
    </p>
   </div>
   <div class='ocr_carea' id='block_1_69' title="bbox 219 3697 1764 3775">
    <p class='ocr_par' dir='ltr' id='par_1_69' title="bbox 219 3697 1764 3775">
     <span class='ocr_line' id='line_1_69' title="bbox 219 3697 1764 3775; baseline 0.006 -28"><span class='ocrx_word' id='word_1_491' title='bbox 219 3697 616 3765; x_wconf 71' lang='grc' dir='ltr'>παραγίνεσθαι,</span> <span class='ocrx_word' id='word_1_492' title='bbox 664 3698 756 3753; x_wconf 77' lang='grc' dir='ltr'>καὶ</span> <span class='ocrx_word' id='word_1_493' title='bbox 820 3701 881 3754; x_wconf 83' lang='grc' dir='ltr'><strong>τὸ</strong></span> <span class='ocrx_word' id='word_1_494' title='bbox 939 3700 1085 3765; x_wconf 63' lang='grc' dir='ltr'>ἔλεός</span> <span class='ocrx_word' id='word_1_495' title='bbox 1146 3718 1247 3771; x_wconf 91' lang='grc' dir='ltr'><strong>μου</strong></span> <span class='ocrx_word' id='word_1_496' title='bbox 1298 3701 1764 3775; x_wconf 82' lang='grc' dir='ltr'>ἀποκαλυφθῆναι.</span> 
     </span>
    </p>
   </div>
   <div class='ocr_carea' id='block_1_70' title="bbox 216 3784 1765 3866">
    <p class='ocr_par' dir='ltr' id='par_1_70' title="bbox 216 3784 1765 3866">
     <span class='ocr_line' id='line_1_70' title="bbox 216 3784 1765 3866; baseline 0.006 -27"><span class='ocrx_word' id='word_1_497' title='bbox 216 3784 480 3860; x_wconf 67' lang='grc' dir='ltr'>Μακάριος</span> <span class='ocrx_word' id='word_1_498' title='bbox 537 3790 674 3863; x_wconf 65' lang='grc' dir='ltr'>ἀνὴρ</span> <span class='ocrx_word' id='word_1_499' title='bbox 736 3792 765 3843; x_wconf 86' lang='grc' dir='ltr'><strong>ό</strong></span> <span class='ocrx_word' id='word_1_500' title='bbox 814 3791 984 3846; x_wconf 89' lang='grc' dir='ltr'>ποιῶν</span> <span class='ocrx_word' id='word_1_501' title='bbox 1035 3790 1225 3847; x_wconf 80' lang='grc' dir='ltr'>ταῦτα.</span> <span class='ocrx_word' id='word_1_502' title='bbox 1280 3812 1299 3845; x_wconf 75' lang='grc' dir='ltr'><strong>ι</strong></span> <span class='ocrx_word' id='word_1_503' title='bbox 1346 3793 1472 3857; x_wconf 86' lang='grc' dir='ltr'>Πῶς</span> <span class='ocrx_word' id='word_1_504' title='bbox 1529 3796 1591 3848; x_wconf 80' lang='grc' dir='ltr'>οὐ</span> <span class='ocrx_word' id='word_1_505' title='bbox 1661 3813 1765 3866; x_wconf 86' lang='grc' dir='ltr'>μα·-</span> 
     </span>
    </p>
   </div>
   <div class='ocr_carea' id='block_1_71' title="bbox 218 3875 1765 3953">
    <p class='ocr_par' dir='ltr' id='par_1_71' title="bbox 218 3875 1765 3953">
     <span class='ocr_line' id='line_1_71' title="bbox 218 3875 1765 3953; baseline 0.005 -22"><span class='ocrx_word' id='word_1_506' title='bbox 218 3875 390 3947; x_wconf 71' lang='grc' dir='ltr'>κάριος</span> <span class='ocrx_word' id='word_1_507' title='bbox 443 3880 696 3945; x_wconf 88' lang='grc' dir='ltr'>τοιαύτας</span> <span class='ocrx_word' id='word_1_508' title='bbox 746 3880 979 3953; x_wconf 77' lang='grc' dir='ltr'>ειληφὼς</span> <span class='ocrx_word' id='word_1_509' title='bbox 1024 3882 1125 3946; x_wconf 82' lang='grc' dir='ltr'><strong>τὰς</strong></span> <span class='ocrx_word' id='word_1_510' title='bbox 1180 3883 1543 3952; x_wconf 70' lang='grc' dir='ltr'>ἑπαγγελίαςς</span> <span class='ocrx_word' id='word_1_511' title='bbox 1594 3903 1613 3936; x_wconf 76' lang='lat' dir='ltr'><strong>t</strong></span> <span class='ocrx_word' id='word_1_512' title='bbox 1654 3886 1765 3939; x_wconf 82' lang='lat' dir='ltr'><strong>Kal</strong></span> 
     </span>
    </p>
   </div>
   <div class='ocr_carea' id='block_1_72' title="bbox 215 3965 1768 4043">
    <p class='ocr_par' dir='ltr' id='par_1_72' title="bbox 215 3965 1768 4043">
     <span class='ocr_line' id='line_1_72' title="bbox 215 3965 1768 4043; baseline 0.007 -24"><span class='ocrx_word' id='word_1_513' title='bbox 215 3965 473 4038; x_wconf 70' lang='grc' dir='ltr'>ἄνθρωπος</span> <span class='ocrx_word' id='word_1_514' title='bbox 530 3970 562 4023; x_wconf 83' lang='grc' dir='ltr'><strong>ό</strong></span> <span class='ocrx_word' id='word_1_515' title='bbox 611 3971 965 4042; x_wconf 72' lang='grc' dir='ltr'>ἀντεχόμενος</span> <span class='ocrx_word' id='word_1_516' title='bbox 1020 3973 1217 4038; x_wconf 85' lang='grc' dir='ltr'>αὐτῶν,</span> <span class='ocrx_word' id='word_1_517' title='bbox 1259 3974 1353 4027; x_wconf 72' lang='grc' dir='ltr'>καὶ</span> <span class='ocrx_word' id='word_1_518' title='bbox 1384 3974 1670 4043; x_wconf 82' lang='grc' dir='ltr'>φυλάσσων</span> <span class='ocrx_word' id='word_1_519' title='bbox 1696 3977 1768 4030; x_wconf 90' lang='grc' dir='ltr'><strong>τά</strong></span> 
     </span>
    </p>
   </div>
   <div class='ocr_carea' id='block_1_73' title="bbox 216 4056 1766 4137">
    <p class='ocr_par' dir='ltr' id='par_1_73' title="bbox 216 4056 1766 4137">
     <span class='ocr_line' id='line_1_73' title="bbox 216 4056 1766 4137; baseline 0.004 -24"><span class='ocrx_word' id='word_1_520' title='bbox 216 4056 447 4114; x_wconf 67' lang='grc' dir='ltr'>Σάϐϐατα</span> <span class='ocrx_word' id='word_1_521' title='bbox 495 4060 572 4133; x_wconf 77' lang='grc' dir='ltr'>μὴ</span> <span class='ocrx_word' id='word_1_522' title='bbox 619 4061 878 4132; x_wconf 79' lang='grc' dir='ltr'>βεδηλοῦν</span> <span class='ocrx_word' id='word_1_523' title='bbox 903 4102 917 4127; x_wconf 94' lang='grc'><strong>,</strong></span> <span class='ocrx_word' id='word_1_524' title='bbox 971 4063 1062 4117; x_wconf 79' lang='grc' dir='ltr'>καὶ</span> <span class='ocrx_word' id='word_1_525' title='bbox 1131 4064 1403 4136; x_wconf 85' lang='grc' dir='ltr'>διατηρῶν</span> <span class='ocrx_word' id='word_1_526' title='bbox 1471 4065 1571 4129; x_wconf 83' lang='grc' dir='ltr'><strong>τὰς</strong></span> <span class='ocrx_word' id='word_1_527' title='bbox 1656 4070 1766 4137; x_wconf 80' lang='grc' dir='ltr'>χεῖ-</span> 
     </span>
    </p>
   </div>
   <div class='ocr_carea' id='block_1_74' title="bbox 218 4150 1766 4227">
    <p class='ocr_par' dir='ltr' id='par_1_74' title="bbox 218 4150 1766 4227">
     <span class='ocr_line' id='line_1_74' title="bbox 218 4150 1766 4227; baseline 0.007 -26"><span class='ocrx_word' id='word_1_528' title='bbox 218 4164 305 4217; x_wconf 88' lang='grc' dir='ltr'><strong>ρας</strong></span> <span class='ocrx_word' id='word_1_529' title='bbox 347 4150 510 4203; x_wconf 78' lang='grc' dir='ltr'>αὐτοῦ</span> <span class='ocrx_word' id='word_1_530' title='bbox 562 4152 638 4223; x_wconf 82' lang='grc' dir='ltr'>μὴ</span> <span class='ocrx_word' id='word_1_531' title='bbox 666 4155 835 4206; x_wconf 76' lang='grc' dir='ltr'>ποιεῖν</span> <span class='ocrx_word' id='word_1_532' title='bbox 876 4154 1057 4209; x_wconf 85' lang='grc' dir='ltr'>άδικα.</span> <span class='ocrx_word' id='word_1_533' title='bbox 1112 4172 1131 4207; x_wconf 74' lang='grc' dir='ltr'><strong>ι</strong></span> <span class='ocrx_word' id='word_1_534' title='bbox 1180 4155 1241 4208; x_wconf 70' lang='grc' dir='ltr'>το</span> <span class='ocrx_word' id='word_1_535' title='bbox 1266 4154 1375 4227; x_wconf 90' lang='grc' dir='ltr'><strong>γάρ</strong></span> <span class='ocrx_word' id='word_1_536' title='bbox 1396 4156 1569 4210; x_wconf 82' lang='grc' dir='ltr'>ταῦτα</span> <span class='ocrx_word' id='word_1_537' title='bbox 1597 4157 1766 4213; x_wconf 86' lang='grc' dir='ltr'>ποιῶν</span> 
     </span>
    </p>
   </div>
   <div class='ocr_carea' id='block_1_75' title="bbox 215 4237 1763 4317">
    <p class='ocr_par' dir='ltr' id='par_1_75' title="bbox 215 4237 1763 4317">
     <span class='ocr_line' id='line_1_75' title="bbox 215 4237 1763 4317; baseline 0.006 -25"><span class='ocrx_word' id='word_1_538' title='bbox 215 4237 299 4292; x_wconf 79' lang='grc' dir='ltr'><strong>τοῦ</strong></span> <span class='ocrx_word' id='word_1_539' title='bbox 324 4242 470 4313; x_wconf 77' lang='grc' dir='ltr'><strong>παρά</strong></span> <span class='ocrx_word' id='word_1_540' title='bbox 515 4243 650 4298; x_wconf 81' lang='grc' dir='ltr'>Θεοῦ</span> <span class='ocrx_word' id='word_1_541' title='bbox 686 4246 1034 4317; x_wconf 85' lang='grc' dir='ltr'>μακαρισμοῦ</span> <span class='ocrx_word' id='word_1_542' title='bbox 1085 4245 1281 4314; x_wconf 75' lang='grc' dir='ltr'>γένοιτ’</span> <span class='ocrx_word' id='word_1_543' title='bbox 1339 4246 1407 4300; x_wconf 83' lang='grc' dir='ltr'><strong>ἂν</strong></span> <span class='ocrx_word' id='word_1_544' title='bbox 1438 4247 1604 4313; x_wconf 74' lang='grc' dir='ltr'>ἄξιος.</span> <span class='ocrx_word' id='word_1_545' title='bbox 1659 4248 1763 4301; x_wconf 80' lang='grc' dir='ltr'><strong>Σὺν</strong></span> 
     </span>
    </p>
   </div>
   <div class='ocr_carea' id='block_1_76' title="bbox 214 4328 1767 4410">
    <p class='ocr_par' dir='ltr' id='par_1_76' title="bbox 214 4328 1767 4410">
     <span class='ocr_line' id='line_1_76' title="bbox 214 4328 1767 4410; baseline 0.005 -26"><span class='ocrx_word' id='word_1_546' title='bbox 214 4328 403 4395; x_wconf 74' lang='grc' dir='ltr'>τούτοις</span> <span class='ocrx_word' id='word_1_547' title='bbox 429 4334 521 4387; x_wconf 73' lang='grc' dir='ltr'>καὶ</span> <span class='ocrx_word' id='word_1_548' title='bbox 540 4334 610 4389; x_wconf 74' lang='grc' dir='ltr'>τά</span> <span class='ocrx_word' id='word_1_549' title='bbox 636 4333 886 4390; x_wconf 75' lang='grc' dir='ltr'>Σάϐϐατα</span> <span class='ocrx_word' id='word_1_550' title='bbox 909 4337 983 4410; x_wconf 79' lang='grc' dir='ltr'>μὴ</span> <span class='ocrx_word' id='word_1_551' title='bbox 1008 4335 1266 4407; x_wconf 58' lang='grc' dir='ltr'>βεϐηλοὼ</span> <span class='ocrx_word' id='word_1_552' title='bbox 1286 4337 1578 4405; x_wconf 81' lang='grc' dir='ltr'>ἀναγκαῖον</span> <span class='ocrx_word' id='word_1_553' title='bbox 1600 4356 1613 4369; x_wconf 86' lang='grc'><strong>·</strong></span> <span class='ocrx_word' id='word_1_554' title='bbox 1630 4339 1767 4410; x_wconf 87' lang='grc' dir='ltr'>ὅπερ</span> 
     </span>
    </p>
   </div>
   <div class='ocr_carea' id='block_1_77' title="bbox 217 4416 1761 4499">
    <p class='ocr_par' dir='ltr' id='par_1_77' title="bbox 217 4416 1761 4499">
     <span class='ocr_line' id='line_1_77' title="bbox 217 4416 1761 4499; baseline 0.006 -27"><span class='ocrx_word' id='word_1_555' title='bbox 217 4416 352 4475; x_wconf 67' lang='grc' dir='ltr'>ἕσται</span> <span class='ocrx_word' id='word_1_556' title='bbox 381 4426 428 4476; x_wconf 87' lang='grc' dir='ltr'><strong>εί</strong></span> <span class='ocrx_word' id='word_1_557' title='bbox 458 4426 558 4489; x_wconf 78' lang='grc' dir='ltr'><strong>τὰς</strong></span> <span class='ocrx_word' id='word_1_558' title='bbox 585 4426 793 4480; x_wconf 71' lang='grc' dir='ltr'>ἑαυτῶν</span> <span class='ocrx_word' id='word_1_559' title='bbox 814 4431 1000 4497; x_wconf 81' lang='grc' dir='ltr'>χεῖρας</span> <span class='ocrx_word' id='word_1_560' title='bbox 1033 4427 1278 4499; x_wconf 84' lang='grc' dir='ltr'>καθαρὰς</span> <span class='ocrx_word' id='word_1_561' title='bbox 1327 4428 1508 4495; x_wconf 86' lang='grc' dir='ltr'>πάσης</span> <span class='ocrx_word' id='word_1_562' title='bbox 1558 4428 1761 4482; x_wconf 86' lang='grc' dir='ltr'>ἀτόπου</span> 
     </span>
    </p>
   </div>
   <div class='ocr_carea' id='block_1_78' title="bbox 218 4508 1765 4588">
    <p class='ocr_par' dir='ltr' id='par_1_78' title="bbox 218 4508 1765 4588">
     <span class='ocr_line' id='line_1_78' title="bbox 218 4508 1765 4588; baseline 0.003 -23"><span class='ocrx_word' id='word_1_563' title='bbox 218 4508 447 4578; x_wconf 75' lang='grc' dir='ltr'>πράξεως</span> <span class='ocrx_word' id='word_1_564' title='bbox 468 4512 829 4586; x_wconf 78' lang='grc' dir='ltr'>διατηρήσητε</span> <span class='ocrx_word' id='word_1_565' title='bbox 850 4532 865 4545; x_wconf 92' lang='grc'><strong>·</strong></span> <span class='ocrx_word' id='word_1_566' title='bbox 901 4517 949 4569; x_wconf 86' lang='grc' dir='ltr'><strong>εί</strong></span> <span class='ocrx_word' id='word_1_567' title='bbox 978 4516 1036 4570; x_wconf 80' lang='grc' dir='ltr'>δὲ</span> <span class='ocrx_word' id='word_1_568' title='bbox 1064 4515 1239 4571; x_wconf 83' lang='grc' dir='ltr'>ταῦτα</span> <span class='ocrx_word' id='word_1_569' title='bbox 1270 4515 1345 4588; x_wconf 82' lang='grc' dir='ltr'>μὴ</span> <span class='ocrx_word' id='word_1_570' title='bbox 1378 4517 1765 4587; x_wconf 73' lang='grc' dir='ltr'>ποιήσητε,ὲπὶ</span> 
     </span>
    </p>
   </div>
   <div class='ocr_carea' id='block_1_79' title="bbox 1870 3314 3311 3391">
    <p class='ocr_par' dir='ltr' id='par_1_79' title="bbox 1870 3314 3311 3391">
     <span class='ocr_line' id='line_1_79' title="bbox 1870 3314 3311 3391; baseline 0.008 -24"><span class='ocrx_word' id='word_1_571' title='bbox 1870 3314 2183 3384; x_wconf 86' lang='lat' dir='ltr'><strong>prudentia;</strong></span> <span class='ocrx_word' id='word_1_572' title='bbox 2218 3324 2378 3387; x_wconf 89' lang='lat' dir='ltr'><strong>atque</strong></span> <span class='ocrx_word' id='word_1_573' title='bbox 2411 3318 2464 3372; x_wconf 92' lang='lat' dir='ltr'><strong>in</strong></span> <span class='ocrx_word' id='word_1_574' title='bbox 2505 3333 2737 3385; x_wconf 87' lang='lat' dir='ltr'><strong>summa,</strong></span> <span class='ocrx_word' id='word_1_575' title='bbox 2767 3334 2865 3391; x_wconf 89' lang='lat' dir='ltr'><strong>pro</strong></span> <span class='ocrx_word' id='word_1_576' title='bbox 2887 3319 3089 3375; x_wconf 87' lang='lat' dir='ltr'><strong>malitia</strong></span> <span class='ocrx_word' id='word_1_577' title='bbox 3119 3320 3311 3378; x_wconf 80' lang='lat' dir='ltr'><strong>virtus.</strong></span> 
     </span>
    </p>
   </div>
   <div class='ocr_carea' id='block_1_80' title="bbox 2460 3429 2859 3487">
    <p class='ocr_par' dir='ltr' id='par_1_80' title="bbox 2460 3429 2859 3487">
     <span class='ocr_line' id='line_1_80' title="bbox 2460 3429 2859 3487; baseline 0.003 -2"><span class='ocrx_word' id='word_1_578' title='bbox 2460 3429 2687 3487; x_wconf 82' lang='lat' dir='ltr'><strong>CAPUT</strong></span> <span class='ocrx_word' id='word_1_579' title='bbox 2725 3429 2859 3487; x_wconf 76' lang='lat' dir='ltr'><strong>LVI.</strong></span> 
     </span>
    </p>
   </div>
   <div class='ocr_carea' id='block_1_81' title="bbox 1936 3518 3441 3593">
    <p class='ocr_par' dir='ltr' id='par_1_81' title="bbox 1936 3518 3441 3593">
     <span class='ocr_line' id='line_1_81' title="bbox 1936 3518 3441 3593; baseline 0.003 -20"><span class='ocrx_word' id='word_1_580' title='bbox 1936 3518 2097 3574; x_wconf 75' lang='lat' dir='ltr'><strong>Vsus.</strong></span> <span class='ocrx_word' id='word_1_581' title='bbox 2112 3518 2228 3585; x_wconf 69' lang='lat'><strong>1,2.</strong></span> <span class='ocrx_word' id='word_1_582' title='bbox 2240 3539 2260 3572; x_wconf 78' lang='grc' dir='ltr'><strong>ι</strong></span> <span class='ocrx_word' id='word_1_583' title='bbox 2282 3518 2407 3576; x_wconf 70' lang='lat' dir='ltr'><strong>Haec</strong></span> <span class='ocrx_word' id='word_1_584' title='bbox 2420 3521 2551 3577; x_wconf 88' lang='lat' dir='ltr'><strong>dicit</strong></span> <span class='ocrx_word' id='word_1_585' title='bbox 2569 3522 2826 3578; x_wconf 84' lang='lat' dir='ltr'><strong>Dominus</strong></span> <span class='ocrx_word' id='word_1_586' title='bbox 2843 3540 2859 3578; x_wconf 90' lang='lat'><strong>:</strong></span> <span class='ocrx_word' id='word_1_587' title='bbox 2876 3521 3441 3593; x_wconf 81' lang='lat' dir='ltr'><strong>Custoditejudicium,</strong></span> 
     </span>
    </p>
   </div>
   <div class='ocr_carea' id='block_1_82' title="bbox 1867 3609 3444 3684">
    <p class='ocr_par' dir='ltr' id='par_1_82' title="bbox 1867 3609 3444 3684">
     <span class='ocr_line' id='line_1_82' title="bbox 1867 3609 3444 3684; baseline 0.004 -19"><span class='ocrx_word' id='word_1_588' title='bbox 1867 3618 1922 3666; x_wconf 90' lang='lat' dir='ltr'><strong>et</strong></span> <span class='ocrx_word' id='word_1_589' title='bbox 1955 3609 2115 3667; x_wconf 77' lang='lat' dir='ltr'><strong>facite</strong></span> <span class='ocrx_word' id='word_1_590' title='bbox 2159 3610 2426 3682; x_wconf 85' lang='lat' dir='ltr'><strong>justitiam</strong></span> <span class='ocrx_word' id='word_1_591' title='bbox 2476 3614 2972 3684; x_wconf 80' lang='lat' dir='ltr'><strong>:appropinquavit</strong></span> <span class='ocrx_word' id='word_1_592' title='bbox 3020 3615 3166 3673; x_wconf 82' lang='lat' dir='ltr'><strong>enim</strong></span> <span class='ocrx_word' id='word_1_593' title='bbox 3207 3616 3444 3672; x_wconf 80' lang='lat' dir='ltr'><strong>salutare</strong></span> 
     </span>
    </p>
   </div>
   <div class='ocr_carea' id='block_1_83' title="bbox 1866 3704 3436 3773">
    <p class='ocr_par' dir='ltr' id='par_1_83' title="bbox 1866 3704 3436 3773">
     <span class='ocr_line' id='line_1_83' title="bbox 1866 3704 3436 3773; baseline 0.002 -15"><span class='ocrx_word' id='word_1_594' title='bbox 1866 3717 2066 3769; x_wconf 89' lang='lat' dir='ltr'><strong>meum,</strong></span> <span class='ocrx_word' id='word_1_595' title='bbox 2094 3714 2154 3759; x_wconf 92' lang='lat' dir='ltr'><strong>ut</strong></span> <span class='ocrx_word' id='word_1_596' title='bbox 2182 3704 2381 3771; x_wconf 79' lang='lat' dir='ltr'><strong>veniat,</strong></span> <span class='ocrx_word' id='word_1_597' title='bbox 2410 3715 2464 3760; x_wconf 90' lang='lat' dir='ltr'><strong>et</strong></span> <span class='ocrx_word' id='word_1_598' title='bbox 2484 3706 2855 3761; x_wconf 87' lang='lat' dir='ltr'><strong>misericordia</strong></span> <span class='ocrx_word' id='word_1_599' title='bbox 2880 3720 3023 3773; x_wconf 89' lang='lat' dir='ltr'><strong>mea,</strong></span> <span class='ocrx_word' id='word_1_600' title='bbox 3052 3715 3115 3763; x_wconf 90' lang='lat' dir='ltr'><strong>ut</strong></span> <span class='ocrx_word' id='word_1_601' title='bbox 3143 3707 3436 3765; x_wconf 81' lang='lat' dir='ltr'><strong>reveletur.</strong></span> 
     </span>
    </p>
   </div>
   <div class='ocr_carea' id='block_1_84' title="bbox 1865 3796 3439 3867">
    <p class='ocr_par' dir='ltr' id='par_1_84' title="bbox 1865 3796 3439 3867">
     <span class='ocr_line' id='line_1_84' title="bbox 1865 3796 3439 3867; baseline 0.003 -17"><span class='ocrx_word' id='word_1_602' title='bbox 1865 3796 2065 3852; x_wconf 88' lang='lat' dir='ltr'><strong>Beatus</strong></span> <span class='ocrx_word' id='word_1_603' title='bbox 2093 3798 2176 3851; x_wconf 84' lang='lat' dir='ltr'><strong>vir</strong></span> <span class='ocrx_word' id='word_1_604' title='bbox 2208 3797 2303 3867; x_wconf 88' lang='lat' dir='ltr'><strong>qui</strong></span> <span class='ocrx_word' id='word_1_605' title='bbox 2332 3797 2468 3853; x_wconf 81' lang='lat' dir='ltr'><strong>facit</strong></span> <span class='ocrx_word' id='word_1_606' title='bbox 2511 3798 2651 3857; x_wconf 70' lang='lat' dir='ltr'><strong>haec.</strong></span> <span class='ocrx_word' id='word_1_607' title='bbox 2686 3816 2707 3851; x_wconf 74' lang='grc' dir='ltr'><strong><em>ι</em></strong></span> <span class='ocrx_word' id='word_1_608' title='bbox 2752 3798 2857 3866; x_wconf 75' lang='lat' dir='ltr'><strong>Qui</strong></span> <span class='ocrx_word' id='word_1_609' title='bbox 2881 3813 2986 3856; x_wconf 91' lang='lat' dir='ltr'><strong>non</strong></span> <span class='ocrx_word' id='word_1_610' title='bbox 3029 3798 3220 3856; x_wconf 86' lang='lat' dir='ltr'><strong>beatus</strong></span> <span class='ocrx_word' id='word_1_611' title='bbox 3244 3799 3439 3866; x_wconf 77' lang='lat' dir='ltr'><strong>fuerit,</strong></span> 
     </span>
    </p>
   </div>
   <div class='ocr_carea' id='block_1_85' title="bbox 1865 3888 3440 3961">
    <p class='ocr_par' dir='ltr' id='par_1_85' title="bbox 1865 3888 3440 3961">
     <span class='ocr_line' id='line_1_85' title="bbox 1865 3888 3440 3961; baseline 0.003 -18"><span class='ocrx_word' id='word_1_612' title='bbox 1865 3890 1959 3958; x_wconf 90' lang='lat' dir='ltr'><strong>qui</strong></span> <span class='ocrx_word' id='word_1_613' title='bbox 2016 3888 2150 3944; x_wconf 83' lang='lat' dir='ltr'><strong>tales</strong></span> <span class='ocrx_word' id='word_1_614' title='bbox 2201 3889 2584 3958; x_wconf 84' lang='lat' dir='ltr'><strong>promissiones</strong></span> <span class='ocrx_word' id='word_1_615' title='bbox 2632 3891 2942 3958; x_wconf 72' lang='lat' dir='ltr'><strong>acceperit?</strong></span> <span class='ocrx_word' id='word_1_616' title='bbox 2981 3908 3002 3944; x_wconf 77' lang='grc' dir='ltr'><strong>ι</strong></span> <span class='ocrx_word' id='word_1_617' title='bbox 3034 3890 3104 3946; x_wconf 85' lang='lat' dir='ltr'><strong>Et</strong></span> <span class='ocrx_word' id='word_1_618' title='bbox 3154 3891 3317 3950; x_wconf 84' lang='lat' dir='ltr'><strong>homo</strong></span> <span class='ocrx_word' id='word_1_619' title='bbox 3339 3892 3440 3961; x_wconf 81' lang='lat' dir='ltr'><strong>qui</strong></span> 
     </span>
    </p>
   </div>
   <div class='ocr_carea' id='block_1_86' title="bbox 1866 3976 3441 4051">
    <p class='ocr_par' dir='ltr' id='par_1_86' title="bbox 1866 3976 3441 4051">
     <span class='ocr_line' id='line_1_86' title="bbox 1866 3976 3441 4051; baseline 0.002 -17"><span class='ocrx_word' id='word_1_620' title='bbox 1866 3981 2105 4037; x_wconf 77' lang='lat' dir='ltr'><strong>adhaeret</strong></span> <span class='ocrx_word' id='word_1_621' title='bbox 2143 3981 2247 4045; x_wconf 89' lang='lat' dir='ltr'><strong>eis,</strong></span> <span class='ocrx_word' id='word_1_622' title='bbox 2273 3990 2328 4035; x_wconf 89' lang='lat' dir='ltr'><strong>et</strong></span> <span class='ocrx_word' id='word_1_623' title='bbox 2362 3982 2452 4050; x_wconf 91' lang='lat' dir='ltr'><strong>qui</strong></span> <span class='ocrx_word' id='word_1_624' title='bbox 2477 3982 2731 4036; x_wconf 78' lang='lat' dir='ltr'><strong>observat</strong></span> <span class='ocrx_word' id='word_1_625' title='bbox 2761 3976 3021 4047; x_wconf 83' lang='lat' dir='ltr'><strong>Sabb&#39;ata,</strong></span> <span class='ocrx_word' id='word_1_626' title='bbox 3071 3989 3132 4037; x_wconf 87' lang='lat' dir='ltr'><strong>ut</strong></span> <span class='ocrx_word' id='word_1_627' title='bbox 3175 3995 3281 4037; x_wconf 90' lang='lat' dir='ltr'><strong>non</strong></span> <span class='ocrx_word' id='word_1_628' title='bbox 3315 3995 3441 4051; x_wconf 87' lang='lat' dir='ltr'><strong>pro-</strong></span> 
     </span>
    </p>
   </div>
   <div class='ocr_carea' id='block_1_87' title="bbox 1868 4070 3434 4147">
    <p class='ocr_par' dir='ltr' id='par_1_87' title="bbox 1868 4070 3434 4147">
     <span class='ocr_line' id='line_1_87' title="bbox 1868 4070 3434 4147; baseline -0.001 -20"><span class='ocrx_word' id='word_1_629' title='bbox 1868 4076 2017 4129; x_wconf 81' lang='lat' dir='ltr'><strong>fanet</strong></span> <span class='ocrx_word' id='word_1_630' title='bbox 2065 4086 2151 4135; x_wconf 86' lang='lat' dir='ltr'><strong>ea,</strong></span> <span class='ocrx_word' id='word_1_631' title='bbox 2192 4080 2247 4127; x_wconf 93' lang='lat' dir='ltr'><strong>et</strong></span> <span class='ocrx_word' id='word_1_632' title='bbox 2270 4079 2453 4147; x_wconf 88' lang='lat' dir='ltr'><strong>servat</strong></span> <span class='ocrx_word' id='word_1_633' title='bbox 2478 4081 2670 4127; x_wconf 86' lang='lat' dir='ltr'><strong>manus</strong></span> <span class='ocrx_word' id='word_1_634' title='bbox 2697 4085 2845 4139; x_wconf 85' lang='lat' dir='ltr'><strong>suas,</strong></span> <span class='ocrx_word' id='word_1_635' title='bbox 2876 4072 2962 4127; x_wconf 80' lang='lat' dir='ltr'><strong>ne</strong></span> <span class='ocrx_word' id='word_1_636' title='bbox 2984 4071 3147 4128; x_wconf 81' lang='lat' dir='ltr'><strong>faciat</strong></span> <span class='ocrx_word' id='word_1_637' title='bbox 3178 4070 3381 4142; x_wconf 89' lang='lat' dir='ltr'><strong>iniqua.</strong></span> <span class='ocrx_word' id='word_1_638' title='bbox 3413 4090 3434 4125; x_wconf 76' lang='grc' dir='ltr'><strong>ι</strong></span> 
     </span>
    </p>
   </div>
   <div class='ocr_carea' id='block_1_88' title="bbox 1864 4162 3441 4234">
    <p class='ocr_par' dir='ltr' id='par_1_88' title="bbox 1864 4162 3441 4234">
     <span class='ocr_line' id='line_1_88' title="bbox 1864 4162 3441 4234; baseline 0.001 -15"><span class='ocrx_word' id='word_1_639' title='bbox 1864 4163 1998 4219; x_wconf 74' lang='lat' dir='ltr'><strong>Nam</strong></span> <span class='ocrx_word' id='word_1_640' title='bbox 2037 4165 2126 4234; x_wconf 85' lang='lat' dir='ltr'><strong>qui</strong></span> <span class='ocrx_word' id='word_1_641' title='bbox 2155 4164 2271 4219; x_wconf 66' lang='lat' dir='ltr'><strong>bac</strong></span> <span class='ocrx_word' id='word_1_642' title='bbox 2302 4162 2513 4228; x_wconf 81' lang='lat' dir='ltr'><strong>fecerit,</strong></span> <span class='ocrx_word' id='word_1_643' title='bbox 2538 4163 2626 4218; x_wconf 86' lang='lat' dir='ltr'><strong>illa</strong></span> <span class='ocrx_word' id='word_1_644' title='bbox 2651 4178 2771 4232; x_wconf 64' lang='lat' dir='ltr'><strong>qua:</strong></span> <span class='ocrx_word' id='word_1_645' title='bbox 2806 4178 2837 4218; x_wconf 86' lang='lat' dir='ltr'><strong>a</strong></span> <span class='ocrx_word' id='word_1_646' title='bbox 2860 4163 2969 4220; x_wconf 89' lang='lat' dir='ltr'><strong>Deo</strong></span> <span class='ocrx_word' id='word_1_647' title='bbox 2998 4171 3084 4220; x_wconf 82' lang='lat' dir='ltr'><strong>est</strong></span> <span class='ocrx_word' id='word_1_648' title='bbox 3109 4162 3441 4220; x_wconf 85' lang='lat' dir='ltr'><strong>beatitudine</strong></span> 
     </span>
    </p>
   </div>
   <div class='ocr_carea' id='block_1_89' title="bbox 1865 4254 3441 4329">
    <p class='ocr_par' dir='ltr' id='par_1_89' title="bbox 1865 4254 3441 4329">
     <span class='ocr_line' id='line_1_89' title="bbox 1865 4254 3441 4329; baseline -0.001 -16"><span class='ocrx_word' id='word_1_649' title='bbox 1865 4258 2059 4329; x_wconf 83' lang='lat' dir='ltr'><strong>dignus</strong></span> <span class='ocrx_word' id='word_1_650' title='bbox 2086 4271 2216 4312; x_wconf 83' lang='lat' dir='ltr'><strong>sane</strong></span> <span class='ocrx_word' id='word_1_651' title='bbox 2253 4254 2434 4310; x_wconf 78' lang='lat' dir='ltr'><strong>fuerit.</strong></span> <span class='ocrx_word' id='word_1_652' title='bbox 2482 4254 2566 4309; x_wconf 85' lang='lat' dir='ltr'><strong>Ad</strong></span> <span class='ocrx_word' id='word_1_653' title='bbox 2614 4256 2730 4312; x_wconf 59' lang='lat' dir='ltr'><strong>hac</strong></span> <span class='ocrx_word' id='word_1_654' title='bbox 2777 4256 2905 4310; x_wconf 84' lang='lat' dir='ltr'><strong>item</strong></span> <span class='ocrx_word' id='word_1_655' title='bbox 2954 4254 3317 4311; x_wconf 84' lang='lat' dir='ltr'><strong>necessarium</strong></span> <span class='ocrx_word' id='word_1_656' title='bbox 3356 4264 3441 4311; x_wconf 91' lang='lat' dir='ltr'><strong>est</strong></span> 
     </span>
    </p>
   </div>
   <div class='ocr_carea' id='block_1_90' title="bbox 1869 4341 3438 4417">
    <p class='ocr_par' dir='ltr' id='par_1_90' title="bbox 1869 4341 3438 4417">
     <span class='ocr_line' id='line_1_90' title="bbox 1869 4341 3438 4417; baseline -0.002 -13"><span class='ocrx_word' id='word_1_657' title='bbox 1869 4348 2106 4405; x_wconf 85' lang='lat' dir='ltr'><strong>Sabbata</strong></span> <span class='ocrx_word' id='word_1_658' title='bbox 2146 4363 2251 4402; x_wconf 86' lang='lat' dir='ltr'><strong>non</strong></span> <span class='ocrx_word' id='word_1_659' title='bbox 2304 4346 2509 4403; x_wconf 87' lang='lat' dir='ltr'><strong>violare</strong></span> <span class='ocrx_word' id='word_1_660' title='bbox 2548 4367 2562 4402; x_wconf 91' lang='lat'><strong>:</strong></span> <span class='ocrx_word' id='word_1_661' title='bbox 2593 4346 2737 4417; x_wconf 92' lang='lat' dir='ltr'><strong>quod</strong></span> <span class='ocrx_word' id='word_1_662' title='bbox 2763 4347 2949 4417; x_wconf 88' lang='lat' dir='ltr'><strong>utique</strong></span> <span class='ocrx_word' id='word_1_663' title='bbox 2993 4347 3122 4415; x_wconf 88' lang='lat' dir='ltr'><strong>erit,</strong></span> <span class='ocrx_word' id='word_1_664' title='bbox 3151 4346 3198 4403; x_wconf 88' lang='lat' dir='ltr'><strong>si</strong></span> <span class='ocrx_word' id='word_1_665' title='bbox 3246 4341 3438 4401; x_wconf 79' lang='lat' dir='ltr'><strong>manus</strong></span> 
     </span>
    </p>
   </div>
   <div class='ocr_carea' id='block_1_91' title="bbox 1868 4436 3436 4509">
    <p class='ocr_par' dir='ltr' id='par_1_91' title="bbox 1868 4436 3436 4509">
     <span class='ocr_line' id='line_1_91' title="bbox 1868 4436 3436 4509; baseline -0.003 -14"><span class='ocrx_word' id='word_1_666' title='bbox 1868 4440 2160 4509; x_wconf 70' lang='lat' dir='ltr'><strong>vestras,ab</strong></span> <span class='ocrx_word' id='word_1_667' title='bbox 2188 4440 2334 4494; x_wconf 90' lang='lat' dir='ltr'><strong>omni</strong></span> <span class='ocrx_word' id='word_1_668' title='bbox 2375 4439 2590 4509; x_wconf 90' lang='lat' dir='ltr'><strong>indigna</strong></span> <span class='ocrx_word' id='word_1_669' title='bbox 2619 4439 2834 4494; x_wconf 86' lang='lat' dir='ltr'><strong>actione</strong></span> <span class='ocrx_word' id='word_1_670' title='bbox 2874 4452 3037 4507; x_wconf 90' lang='lat' dir='ltr'><strong>puras</strong></span> <span class='ocrx_word' id='word_1_671' title='bbox 3062 4436 3436 4503; x_wconf 86' lang='lat' dir='ltr'><strong>servaveritis;</strong></span> 
     </span>
    </p>
   </div>
   <div class='ocr_carea' id='block_1_92' title="bbox 1867 4530 3440 4600">
    <p class='ocr_par' dir='ltr' id='par_1_92' title="bbox 1867 4530 3440 4600">
     <span class='ocr_line' id='line_1_92' title="bbox 1867 4530 3440 4600; baseline -0.002 -13"><span class='ocrx_word' id='word_1_672' title='bbox 1867 4531 1912 4587; x_wconf 80' lang='lat' dir='ltr'><strong>si</strong></span> <span class='ocrx_word' id='word_1_673' title='bbox 1943 4546 2073 4587; x_wconf 87' lang='lat' dir='ltr'><strong>vero</strong></span> <span class='ocrx_word' id='word_1_674' title='bbox 2099 4532 2213 4585; x_wconf 66' lang='lat' dir='ltr'><strong>haec</strong></span> <span class='ocrx_word' id='word_1_675' title='bbox 2240 4546 2342 4586; x_wconf 91' lang='lat' dir='ltr'><strong>non</strong></span> <span class='ocrx_word' id='word_1_676' title='bbox 2371 4530 2613 4599; x_wconf 88' lang='lat' dir='ltr'><strong>egeritis,</strong></span> <span class='ocrx_word' id='word_1_677' title='bbox 2657 4539 2819 4600; x_wconf 88' lang='lat' dir='ltr'><strong>atque</strong></span> <span class='ocrx_word' id='word_1_678' title='bbox 2846 4530 2900 4585; x_wconf 89' lang='lat' dir='ltr'><strong>in</strong></span> <span class='ocrx_word' id='word_1_679' title='bbox 2929 4531 3042 4586; x_wconf 88' lang='lat' dir='ltr'><strong>otio</strong></span> <span class='ocrx_word' id='word_1_680' title='bbox 3073 4539 3128 4586; x_wconf 86' lang='lat' dir='ltr'><strong>et</strong></span> <span class='ocrx_word' id='word_1_681' title='bbox 3163 4530 3440 4586; x_wconf 83' lang='lat' dir='ltr'><strong>vacatione</strong></span> 
     </span>
    </p>
   </div>
   <div class='ocr_carea' id='block_1_93' title="bbox 220 4584 1771 4692">
    <p class='ocr_par' dir='ltr' id='par_1_93' title="bbox 220 4584 1769 4679">
     <span class='ocr_line' id='line_1_93' title="bbox 220 4584 1769 4679; baseline -0.003 -16"><span class='ocrx_word' id='word_1_682' title='bbox 220 4598 393 4671; x_wconf 78' lang='grc' dir='ltr'>σχολῆς</span> <span class='ocrx_word' id='word_1_683' title='bbox 417 4603 509 4655; x_wconf 73' lang='grc' dir='ltr'>καὶ</span> <span class='ocrx_word' id='word_1_684' title='bbox 540 4584 737 4676; x_wconf 85' lang='grc' dir='ltr'>ἀργίας</span> <span class='ocrx_word' id='word_1_685' title='bbox 760 4584 1043 4675; x_wconf 76' lang='grc' dir='ltr'>διάγοντες</span> <span class='ocrx_word' id='word_1_686' title='bbox 1071 4606 1171 4678; x_wconf 83' lang='grc' dir='ltr'><strong>τὴν</strong></span> <span class='ocrx_word' id='word_1_687' title='bbox 1201 4584 1293 4661; x_wconf 73' lang='grc' dir='ltr'><strong>τού</strong></span> <span class='ocrx_word' id='word_1_688' title='bbox 1324 4584 1599 4660; x_wconf 47' lang='grc' dir='ltr'>ᾓσόἀτου</span> <span class='ocrx_word' id='word_1_689' title='bbox 1637 4605 1769 4679; x_wconf 71' lang='grc' dir='ltr'><strong>ἠμέ-</strong></span> 
     </span>
    </p>
   </div>
   <div class='ocr_carea' id='block_1_94' title="bbox 1870 4584 3438 4692">
    <p class='ocr_par' dir='ltr' id='par_1_94' title="bbox 1870 4620 3438 4692">
     <span class='ocr_line' id='line_1_94' title="bbox 1870 4620 3438 4692; baseline 0.001 -15"><span class='ocrx_word' id='word_1_690' title='bbox 1870 4620 2090 4677; x_wconf 84' lang='lat' dir='ltr'><strong>Sabbati</strong></span> <span class='ocrx_word' id='word_1_691' title='bbox 2127 4621 2268 4678; x_wconf 88' lang='lat' dir='ltr'><strong>diem</strong></span> <span class='ocrx_word' id='word_1_692' title='bbox 2295 4623 2687 4692; x_wconf 84' lang='lat' dir='ltr'><strong>transegeritis,</strong></span> <span class='ocrx_word' id='word_1_693' title='bbox 2718 4638 2815 4679; x_wconf 84' lang='lat' dir='ltr'><strong>vos</strong></span> <span class='ocrx_word' id='word_1_694' title='bbox 2843 4622 2977 4677; x_wconf 87' lang='lat' dir='ltr'><strong>nihil</strong></span> <span class='ocrx_word' id='word_1_695' title='bbox 3004 4623 3187 4680; x_wconf 81' lang='lat' dir='ltr'><strong>facere</strong></span> <span class='ocrx_word' id='word_1_696' title='bbox 3226 4635 3438 4679; x_wconf 88' lang='lat' dir='ltr'><strong>certum</strong></span> 
     </span>
    </p>
   </div>
   <div class='ocr_carea' id='block_1_95' title="bbox 222 4691 1077 4764">
    <p class='ocr_par' dir='ltr' id='par_1_95' title="bbox 222 4691 1077 4764">
     <span class='ocr_line' id='line_1_95' title="bbox 222 4691 1077 4764; baseline 0.006 -21"><span class='ocrx_word' id='word_1_697' title='bbox 222 4701 326 4757; x_wconf 81' lang='grc' dir='ltr'>ραν,</span> <span class='ocrx_word' id='word_1_698' title='bbox 350 4691 457 4744; x_wconf 69' lang='lat' dir='ltr'><strong>[trra</strong></span> <span class='ocrx_word' id='word_1_699' title='bbox 490 4693 553 4746; x_wconf 82' lang='grc' dir='ltr'>τὺ</span> <span class='ocrx_word' id='word_1_700' title='bbox 584 4694 754 4764; x_wconf 77' lang='grc' dir='ltr'>μηθὲν</span> <span class='ocrx_word' id='word_1_701' title='bbox 784 4694 1077 4759; x_wconf 81' lang='grc' dir='ltr'>ποιοῦντες.</span> 
     </span>
    </p>
   </div>
   <div class='ocr_carea' id='block_1_96' title="bbox 288 4780 1768 4857">
    <p class='ocr_par' dir='ltr' id='par_1_96' title="bbox 288 4780 1768 4857">
     <span class='ocr_line' id='line_1_96' title="bbox 288 4780 1768 4857; baseline 0.005 -26"><span class='ocrx_word' id='word_1_702' title='bbox 288 4796 306 4830; x_wconf 82' lang='lat' dir='ltr'><strong>t</strong></span> <span class='ocrx_word' id='word_1_703' title='bbox 330 4780 416 4850; x_wconf 75' lang='grc' dir='ltr'><strong>Μὴ</strong></span> <span class='ocrx_word' id='word_1_704' title='bbox 459 4780 662 4851; x_wconf 75' lang='grc' dir='ltr'>λεγέτω</span> <span class='ocrx_word' id='word_1_705' title='bbox 705 4785 734 4835; x_wconf 87' lang='grc'>6</span> <span class='ocrx_word' id='word_1_706' title='bbox 784 4783 1070 4856; x_wconf 80' lang='grc' dir='ltr'>ἀλλογενὴς</span> <span class='ocrx_word' id='word_1_707' title='bbox 1107 4786 1137 4838; x_wconf 85' lang='grc' dir='ltr'><strong>ό</strong></span> <span class='ocrx_word' id='word_1_708' title='bbox 1195 4786 1585 4857; x_wconf 83' lang='grc' dir='ltr'>προσκείμενος</span> <span class='ocrx_word' id='word_1_709' title='bbox 1631 4784 1768 4857; x_wconf 82' lang='grc' dir='ltr'>πρὸς</span> 
     </span>
    </p>
   </div>
   <div class='ocr_carea' id='block_1_97' title="bbox 221 4866 1766 4947">
    <p class='ocr_par' dir='ltr' id='par_1_97' title="bbox 221 4866 1766 4947">
     <span class='ocr_line' id='line_1_97' title="bbox 221 4866 1766 4947; baseline 0.006 -27"><span class='ocrx_word' id='word_1_710' title='bbox 221 4866 425 4940; x_wconf 74' lang='grc' dir='ltr'>Κύριον-</span> <span class='ocrx_word' id='word_1_711' title='bbox 464 4872 704 4944; x_wconf 79' lang='grc' dir='ltr'>’Δφοριεῐ</span> <span class='ocrx_word' id='word_1_712' title='bbox 752 4891 819 4944; x_wconf 87' lang='grc' dir='ltr'><strong>με</strong></span> <span class='ocrx_word' id='word_1_713' title='bbox 879 4875 989 4947; x_wconf 82' lang='grc' dir='ltr'><strong>ἀρα</strong></span> <span class='ocrx_word' id='word_1_714' title='bbox 1016 4874 1217 4946; x_wconf 85' lang='grc' dir='ltr'>Κύριος</span> <span class='ocrx_word' id='word_1_715' title='bbox 1251 4876 1361 4929; x_wconf 76' lang='grc' dir='ltr'>ἀπὸ</span> <span class='ocrx_word' id='word_1_716' title='bbox 1394 4874 1488 4930; x_wconf 80' lang='grc' dir='ltr'><strong>τοῦ</strong></span> <span class='ocrx_word' id='word_1_717' title='bbox 1514 4875 1641 4931; x_wconf 82' lang='grc' dir='ltr'>λαοῦ</span> <span class='ocrx_word' id='word_1_718' title='bbox 1670 4877 1766 4929; x_wconf 87' lang='grc' dir='ltr'><strong>αὺ-</strong></span> 
     </span>
    </p>
   </div>
   <div class='ocr_carea' id='block_1_98' title="bbox 221 4956 1763 5039">
    <p class='ocr_par' dir='ltr' id='par_1_98' title="bbox 221 4956 1763 5039">
     <span class='ocr_line' id='line_1_98' title="bbox 221 4956 1763 5039; baseline 0.006 -28"><span class='ocrx_word' id='word_1_719' title='bbox 221 4956 338 5025; x_wconf 79' lang='grc' dir='ltr'><strong>τοῦ;</strong></span> <span class='ocrx_word' id='word_1_720' title='bbox 366 4978 385 5014; x_wconf 75' lang='grc' dir='ltr'><strong>ι</strong></span> <span class='ocrx_word' id='word_1_721' title='bbox 414 4961 674 5019; x_wconf 80' lang='grc' dir='ltr'>διδάσκων</span> <span class='ocrx_word' id='word_1_722' title='bbox 707 4967 782 5038; x_wconf 78' lang='grc' dir='ltr'>μὴ</span> <span class='ocrx_word' id='word_1_723' title='bbox 818 4966 961 5037; x_wconf 77' lang='grc' dir='ltr'>μέγα</span> <span class='ocrx_word' id='word_1_724' title='bbox 991 4969 1208 5039; x_wconf 80' lang='grc' dir='ltr'>φρονεῖν</span> <span class='ocrx_word' id='word_1_725' title='bbox 1258 4968 1526 5023; x_wconf 81' lang='grc' dir='ltr'>Ἰουδαίων</span> <span class='ocrx_word' id='word_1_726' title='bbox 1568 4966 1763 5032; x_wconf 85' lang='grc' dir='ltr'>παῖδας</span> 
     </span>
    </p>
   </div>
   <div class='ocr_carea' id='block_1_99' title="bbox 222 5049 1760 5132">
    <p class='ocr_par' dir='ltr' id='par_1_99' title="bbox 222 5049 1760 5132">
     <span class='ocr_line' id='line_1_99' title="bbox 222 5049 1760 5132; baseline 0.007 -28"><span class='ocrx_word' id='word_1_727' title='bbox 222 5049 595 5125; x_wconf 73' lang='grc' dir='ltr'>ιπὶτῷγένει,</span> <span class='ocrx_word' id='word_1_728' title='bbox 631 5058 763 5129; x_wconf 76' lang='grc' dir='ltr'>μηδὲ</span> <span class='ocrx_word' id='word_1_729' title='bbox 807 5060 900 5113; x_wconf 72' lang='grc' dir='ltr'>επὶ</span> <span class='ocrx_word' id='word_1_730' title='bbox 954 5063 1068 5123; x_wconf 84' lang='grc' dir='ltr'>τοῖς</span> <span class='ocrx_word' id='word_1_731' title='bbox 1118 5058 1455 5132; x_wconf 84' lang='grc' dir='ltr'>προπάτορσι</span> <span class='ocrx_word' id='word_1_732' title='bbox 1503 5060 1760 5132; x_wconf 88' lang='grc' dir='ltr'>σεμνύνε-</span> 
     </span>
    </p>
   </div>
   <div class='ocr_carea' id='block_1_100' title="bbox 226 5140 1760 5223">
    <p class='ocr_par' dir='ltr' id='par_1_100' title="bbox 226 5140 1760 5223">
     <span class='ocr_line' id='line_1_100' title="bbox 226 5140 1760 5223; baseline 0.005 -25"><span class='ocrx_word' id='word_1_733' title='bbox 226 5140 351 5199; x_wconf 79' lang='grc' dir='ltr'>σθαι.</span> <span class='ocrx_word' id='word_1_734' title='bbox 387 5164 407 5199; x_wconf 73' lang='grc' dir='ltr'><strong>ι</strong></span> <span class='ocrx_word' id='word_1_735' title='bbox 437 5148 546 5204; x_wconf 73' lang='grc' dir='ltr'><strong>Καὶ</strong></span> <span class='ocrx_word' id='word_1_736' title='bbox 602 5148 683 5221; x_wconf 77' lang='grc' dir='ltr'>μὴ</span> <span class='ocrx_word' id='word_1_737' title='bbox 720 5148 923 5220; x_wconf 70' lang='grc' dir='ltr'>λεγέτω</span> <span class='ocrx_word' id='word_1_738' title='bbox 948 5152 978 5205; x_wconf 86' lang='grc' dir='ltr'><strong>ό</strong></span> <span class='ocrx_word' id='word_1_739' title='bbox 1002 5151 1290 5223; x_wconf 82' lang='grc' dir='ltr'>εὐνοῦχος,</span> <span class='ocrx_word' id='word_1_740' title='bbox 1319 5153 1401 5206; x_wconf 80' lang='grc' dir='ltr'><strong>ότι</strong></span> <span class='ocrx_word' id='word_1_741' title='bbox 1440 5151 1607 5207; x_wconf 83' lang='grc' dir='ltr'>Ξύλον</span> <span class='ocrx_word' id='word_1_742' title='bbox 1650 5150 1760 5221; x_wconf 69' lang='grc' dir='ltr'><strong>ἐγώ</strong></span> 
     </span>
    </p>
   </div>
   <div class='ocr_carea' id='block_1_101' title="bbox 228 5233 608 5309">
    <p class='ocr_par' dir='ltr' id='par_1_101' title="bbox 228 5233 608 5309">
     <span class='ocr_line' id='line_1_101' title="bbox 228 5233 608 5309; baseline 0.024 -26"><span class='ocrx_word' id='word_1_743' title='bbox 228 5233 329 5303; x_wconf 90' lang='grc' dir='ltr'>είμι</span> <span class='ocrx_word' id='word_1_744' title='bbox 362 5235 540 5309; x_wconf 82' lang='grc' dir='ltr'>ξηρόν.</span> <span class='ocrx_word' id='word_1_745' title='bbox 587 5257 608 5292; x_wconf 72' lang='grc' dir='ltr'><strong>ι</strong></span> 
     </span>
    </p>
   </div>
   <div class='ocr_carea' id='block_1_102' title="bbox 291 5325 1762 5405">
    <p class='ocr_par' dir='ltr' id='par_1_102' title="bbox 291 5325 1762 5405">
     <span class='ocr_line' id='line_1_102' title="bbox 291 5325 1762 5405; baseline 0.004 -25"><span class='ocrx_word' id='word_1_746' title='bbox 291 5341 308 5374; x_wconf 79' lang='grc' dir='ltr'>ι</span> <span class='ocrx_word' id='word_1_747' title='bbox 340 5325 473 5382; x_wconf 80' lang='grc' dir='ltr'>Τάδε</span> <span class='ocrx_word' id='word_1_748' title='bbox 519 5330 668 5400; x_wconf 68' lang='grc' dir='ltr'>λέγει</span> <span class='ocrx_word' id='word_1_749' title='bbox 725 5330 930 5403; x_wconf 80' lang='grc' dir='ltr'>Κύριος</span> <span class='ocrx_word' id='word_1_750' title='bbox 967 5336 1082 5398; x_wconf 81' lang='grc' dir='ltr'>τοῖς</span> <span class='ocrx_word' id='word_1_751' title='bbox 1134 5332 1445 5405; x_wconf 77' lang='grc' dir='ltr'>εὐνούχοιςο</span> <span class='ocrx_word' id='word_1_752' title='bbox 1499 5332 1652 5388; x_wconf 86' lang='grc' dir='ltr'>Ὅσοι</span> <span class='ocrx_word' id='word_1_753' title='bbox 1694 5332 1762 5387; x_wconf 78' lang='grc' dir='ltr'><strong>ἀν</strong></span> 
     </span>
    </p>
   </div>
   <div class='ocr_carea' id='block_1_103' title="bbox 228 5410 1763 5494">
    <p class='ocr_par' dir='ltr' id='par_1_103' title="bbox 228 5410 1763 5494">
     <span class='ocr_line' id='line_1_103' title="bbox 228 5410 1763 5494; baseline -0.001 -15"><span class='ocrx_word' id='word_1_754' title='bbox 228 5410 532 5479; x_wconf 47' lang='lat' dir='ltr'><strong>“inﬁt-mat</strong></span> <span class='ocrx_word' id='word_1_755' title='bbox 562 5420 633 5475; x_wconf 86' lang='grc' dir='ltr'><strong>τά</strong></span> <span class='ocrx_word' id='word_1_756' title='bbox 658 5420 911 5478; x_wconf 79' lang='grc' dir='ltr'>Σάὸδατά</span> <span class='ocrx_word' id='word_1_757' title='bbox 944 5440 1043 5494; x_wconf 87' lang='grc' dir='ltr'><strong>μου</strong></span> <span class='ocrx_word' id='word_1_758' title='bbox 1083 5424 1177 5477; x_wconf 79' lang='grc' dir='ltr'>καὶ</span> <span class='ocrx_word' id='word_1_759' title='bbox 1220 5420 1543 5491; x_wconf 73' lang='grc' dir='ltr'>εκλέξωνται</span> <span class='ocrx_word' id='word_1_760' title='bbox 1578 5422 1617 5478; x_wconf 79' lang='grc' dir='ltr'><strong>ἀ</strong></span> <span class='ocrx_word' id='word_1_761' title='bbox 1654 5422 1763 5493; x_wconf 65' lang='grc' dir='ltr'><strong>ἐγὼ</strong></span> 
     </span>
    </p>
   </div>
   <div class='ocr_carea' id='block_1_104' title="bbox 228 5499 1762 5587">
    <p class='ocr_par' dir='ltr' id='par_1_104' title="bbox 228 5499 1762 5587">
     <span class='ocr_line' id='line_1_104' title="bbox 228 5499 1762 5587; baseline 0.003 -23"><span class='ocrx_word' id='word_1_762' title='bbox 228 5499 364 5571; x_wconf 61' lang='grc' dir='ltr'>θέλω,</span> <span class='ocrx_word' id='word_1_763' title='bbox 392 5508 481 5563; x_wconf 69' lang='grc' dir='ltr'><strong>καὶ</strong></span> <span class='ocrx_word' id='word_1_764' title='bbox 502 5513 830 5583; x_wconf 82' lang='grc' dir='ltr'>άντέχωνται</span> <span class='ocrx_word' id='word_1_765' title='bbox 853 5514 952 5585; x_wconf 87' lang='grc' dir='ltr'><strong>τῆς</strong></span> <span class='ocrx_word' id='word_1_766' title='bbox 992 5514 1265 5587; x_wconf 82' lang='grc' dir='ltr'>Διαθήκης</span> <span class='ocrx_word' id='word_1_767' title='bbox 1298 5534 1400 5587; x_wconf 90' lang='grc' dir='ltr'><strong>μου</strong></span> <span class='ocrx_word' id='word_1_768' title='bbox 1423 5555 1438 5581; x_wconf 90' lang='grc'><strong>,</strong></span> <span class='ocrx_word' id='word_1_769' title='bbox 1471 5514 1626 5569; x_wconf 83' lang='grc' dir='ltr'>δώσω</span> <span class='ocrx_word' id='word_1_770' title='bbox 1662 5516 1762 5570; x_wconf 85' lang='grc' dir='ltr'>αύ-</span> 
     </span>
    </p>
   </div>
   <div class='ocr_carea' id='block_1_105' title="bbox 228 5595 1765 5678">
    <p class='ocr_par' dir='ltr' id='par_1_105' title="bbox 228 5595 1765 5678">
     <span class='ocr_line' id='line_1_105' title="bbox 228 5595 1765 5678; baseline 0.003 -21"><span class='ocrx_word' id='word_1_771' title='bbox 228 5595 323 5657; x_wconf 75' lang='grc' dir='ltr'><strong>τοῖς</strong></span> <span class='ocrx_word' id='word_1_772' title='bbox 342 5598 393 5650; x_wconf 70' lang='grc' dir='ltr'><strong>εν</strong></span> <span class='ocrx_word' id='word_1_773' title='bbox 410 5599 485 5671; x_wconf 81' lang='grc' dir='ltr'><strong>τῷ</strong></span> <span class='ocrx_word' id='word_1_774' title='bbox 503 5604 636 5674; x_wconf 80' lang='grc' dir='ltr'>οτκῳ</span> <span class='ocrx_word' id='word_1_775' title='bbox 665 5621 791 5672; x_wconf 86' lang='grc' dir='ltr'>μου,</span> <span class='ocrx_word' id='word_1_776' title='bbox 820 5605 915 5658; x_wconf 80' lang='grc' dir='ltr'>καὶ</span> <span class='ocrx_word' id='word_1_777' title='bbox 934 5607 993 5659; x_wconf 76' lang='grc' dir='ltr'>ὲν</span> <span class='ocrx_word' id='word_1_778' title='bbox 1020 5606 1097 5677; x_wconf 85' lang='grc' dir='ltr'>τῷ</span> <span class='ocrx_word' id='word_1_779' title='bbox 1115 5606 1281 5678; x_wconf 86' lang='grc' dir='ltr'>τείχει</span> <span class='ocrx_word' id='word_1_780' title='bbox 1314 5625 1414 5677; x_wconf 89' lang='grc' dir='ltr'><strong>μου</strong></span> <span class='ocrx_word' id='word_1_781' title='bbox 1445 5606 1611 5660; x_wconf 86' lang='grc' dir='ltr'>τόπον</span> <span class='ocrx_word' id='word_1_782' title='bbox 1650 5605 1765 5661; x_wconf 87' lang='grc' dir='ltr'><strong>ὀνο-</strong></span> 
     </span>
    </p>
   </div>
   <div class='ocr_carea' id='block_1_106' title="bbox 234 5686 1762 5769">
    <p class='ocr_par' dir='ltr' id='par_1_106' title="bbox 234 5686 1762 5769">
     <span class='ocr_line' id='line_1_106' title="bbox 234 5686 1762 5769; baseline 0.005 -21"><span class='ocrx_word' id='word_1_783' title='bbox 234 5686 429 5755; x_wconf 70' lang='grc' dir='ltr'>μαστὸν,</span> <span class='ocrx_word' id='word_1_784' title='bbox 458 5694 687 5765; x_wconf 84' lang='grc' dir='ltr'>κρείττω</span> <span class='ocrx_word' id='word_1_785' title='bbox 706 5694 838 5748; x_wconf 74' lang='grc' dir='ltr'>υἱῶν</span> <span class='ocrx_word' id='word_1_786' title='bbox 857 5696 951 5749; x_wconf 77' lang='grc' dir='ltr'>καὶ</span> <span class='ocrx_word' id='word_1_787' title='bbox 972 5697 1289 5769; x_wconf 82' lang='grc' dir='ltr'>θυγατέρων</span> <span class='ocrx_word' id='word_1_788' title='bbox 1308 5715 1322 5727; x_wconf 74' lang='grc' dir='ltr'><strong>ο</strong></span> <span class='ocrx_word' id='word_1_789' title='bbox 1348 5697 1517 5768; x_wconf 70' lang='grc' dir='ltr'>ὄνομα</span> <span class='ocrx_word' id='word_1_790' title='bbox 1548 5694 1762 5756; x_wconf 72' lang='grc' dir='ltr'>αἰώνιον</span> 
     </span>
    </p>
   </div>
   <div class='ocr_carea' id='block_1_107' title="bbox 232 5769 1762 5860">
    <p class='ocr_par' dir='ltr' id='par_1_107' title="bbox 232 5769 1762 5860">
     <span class='ocr_line' id='line_1_107' title="bbox 232 5769 1762 5860; baseline 0.005 -28"><span class='ocrx_word' id='word_1_791' title='bbox 232 5769 365 5832; x_wconf 73' lang='grc' dir='ltr'>δώσω</span> <span class='ocrx_word' id='word_1_792' title='bbox 388 5782 586 5851; x_wconf 70' lang='grc' dir='ltr'>αὺτοῖς·</span> <span class='ocrx_word' id='word_1_793' title='bbox 628 5785 724 5840; x_wconf 73' lang='grc' dir='ltr'>καὶ</span> <span class='ocrx_word' id='word_1_794' title='bbox 755 5786 852 5840; x_wconf 85' lang='grc' dir='ltr'><strong>ούκ</strong></span> <span class='ocrx_word' id='word_1_795' title='bbox 880 5787 1134 5859; x_wconf 68' lang='grc' dir='ltr'>ἐκλείψει.</span> <span class='ocrx_word' id='word_1_796' title='bbox 1168 5809 1186 5841; x_wconf 77' lang='grc' dir='ltr'><strong>ι</strong></span> <span class='ocrx_word' id='word_1_797' title='bbox 1228 5788 1441 5860; x_wconf 67' lang='grc' dir='ltr'>Ἐπειδὴ</span> <span class='ocrx_word' id='word_1_798' title='bbox 1462 5788 1518 5842; x_wconf 68' lang='grc' dir='ltr'>δὲ</span> <span class='ocrx_word' id='word_1_799' title='bbox 1542 5790 1635 5843; x_wconf 78' lang='grc' dir='ltr'>καὶ</span> <span class='ocrx_word' id='word_1_800' title='bbox 1664 5788 1762 5859; x_wconf 77' lang='grc' dir='ltr'><strong>τὴν</strong></span> 
     </span>
    </p>
   </div>
   <div class='ocr_carea' id='block_1_108' title="bbox 1868 4713 2077 4769">
    <p class='ocr_par' dir='ltr' id='par_1_108' title="bbox 1868 4713 2077 4769">
     <span class='ocr_line' id='line_1_108' title="bbox 1868 4713 2077 4769; baseline -0.01 0"><span class='ocrx_word' id='word_1_801' title='bbox 1868 4713 2077 4769; x_wconf 83' lang='lat' dir='ltr'><strong>habete.</strong></span> 
     </span>
    </p>
   </div>
   <div class='ocr_carea' id='block_1_109' title="bbox 1940 4803 3444 4878">
    <p class='ocr_par' dir='ltr' id='par_1_109' title="bbox 1940 4803 3444 4878">
     <span class='ocr_line' id='line_1_109' title="bbox 1940 4803 3444 4878; baseline 0 -19"><span class='ocrx_word' id='word_1_802' title='bbox 1940 4803 2103 4859; x_wconf 75' lang='lat' dir='ltr'><strong>Vna.</strong></span> <span class='ocrx_word' id='word_1_803' title='bbox 2130 4804 2184 4859; x_wconf 78' lang='lat'><strong>5.</strong></span> <span class='ocrx_word' id='word_1_804' title='bbox 2218 4822 2238 4857; x_wconf 78' lang='grc' dir='ltr'><strong>ι</strong></span> <span class='ocrx_word' id='word_1_805' title='bbox 2271 4804 2350 4861; x_wconf 83' lang='lat' dir='ltr'><strong>Ne</strong></span> <span class='ocrx_word' id='word_1_806' title='bbox 2388 4806 2531 4861; x_wconf 86' lang='lat' dir='ltr'><strong>dicat</strong></span> <span class='ocrx_word' id='word_1_807' title='bbox 2582 4805 2901 4878; x_wconf 86' lang='lat' dir='ltr'><strong>alienigena,</strong></span> <span class='ocrx_word' id='word_1_808' title='bbox 2930 4806 3021 4877; x_wconf 89' lang='lat' dir='ltr'><strong>qui</strong></span> <span class='ocrx_word' id='word_1_809' title='bbox 3050 4806 3330 4876; x_wconf 84' lang='lat' dir='ltr'><strong>appositus</strong></span> <span class='ocrx_word' id='word_1_810' title='bbox 3360 4819 3444 4859; x_wconf 81' lang='lat' dir='ltr'><strong>est</strong></span> 
     </span>
    </p>
   </div>
   <div class='ocr_carea' id='block_1_110' title="bbox 1868 4894 3436 4969">
    <p class='ocr_par' dir='ltr' id='par_1_110' title="bbox 1868 4894 3436 4969">
     <span class='ocr_line' id='line_1_110' title="bbox 1868 4894 3436 4969; baseline 0.001 -19"><span class='ocrx_word' id='word_1_811' title='bbox 1868 4895 2091 4951; x_wconf 86' lang='lat' dir='ltr'><strong>Domino</strong></span> <span class='ocrx_word' id='word_1_812' title='bbox 2126 4913 2142 4951; x_wconf 92' lang='lat'><strong>:</strong></span> <span class='ocrx_word' id='word_1_813' title='bbox 2167 4894 2304 4950; x_wconf 84' lang='lat' dir='ltr'><strong>Num</strong></span> <span class='ocrx_word' id='word_1_814' title='bbox 2323 4898 2595 4964; x_wconf 86' lang='lat' dir='ltr'><strong>separabit</strong></span> <span class='ocrx_word' id='word_1_815' title='bbox 2612 4913 2696 4954; x_wconf 89' lang='lat' dir='ltr'><strong>me</strong></span> <span class='ocrx_word' id='word_1_816' title='bbox 2717 4897 2978 4955; x_wconf 89' lang='lat' dir='ltr'><strong>Dominus</strong></span> <span class='ocrx_word' id='word_1_817' title='bbox 2995 4914 3025 4953; x_wconf 90' lang='lat' dir='ltr'><strong>a</strong></span> <span class='ocrx_word' id='word_1_818' title='bbox 3044 4900 3241 4969; x_wconf 76' lang='lat' dir='ltr'><strong>populo</strong></span> <span class='ocrx_word' id='word_1_819' title='bbox 3260 4914 3358 4955; x_wconf 88' lang='lat' dir='ltr'><strong>suo</strong></span> <span class='ocrx_word' id='word_1_820' title='bbox 3374 4898 3400 4953; x_wconf 77' lang='grc' dir='ltr'><strong><em>τ</em></strong></span> <span class='ocrx_word' id='word_1_821' title='bbox 3415 4918 3436 4951; x_wconf 72' lang='grc' dir='ltr'><strong>ι</strong></span> 
     </span>
    </p>
   </div>
   <div class='ocr_carea' id='block_1_111' title="bbox 1866 4984 3435 5061">
    <p class='ocr_par' dir='ltr' id='par_1_111' title="bbox 1866 4984 3435 5061">
     <span class='ocr_line' id='line_1_111' title="bbox 1866 4984 3435 5061; baseline 0.003 -18"><span class='ocrx_word' id='word_1_822' title='bbox 1866 4986 2064 5043; x_wconf 84' lang='lat' dir='ltr'><strong>docens</strong></span> <span class='ocrx_word' id='word_1_823' title='bbox 2091 4984 2303 5043; x_wconf 69' lang='lat' dir='ltr'><strong>Judams</strong></span> <span class='ocrx_word' id='word_1_824' title='bbox 2338 5003 2407 5043; x_wconf 91' lang='lat' dir='ltr'><strong>ne</strong></span> <span class='ocrx_word' id='word_1_825' title='bbox 2436 4989 2503 5044; x_wconf 92' lang='lat' dir='ltr'><strong>de</strong></span> <span class='ocrx_word' id='word_1_826' title='bbox 2528 5004 2723 5059; x_wconf 87' lang='lat' dir='ltr'><strong>genere</strong></span> <span class='ocrx_word' id='word_1_827' title='bbox 2748 5005 2846 5047; x_wconf 92' lang='lat' dir='ltr'><strong>suo</strong></span> <span class='ocrx_word' id='word_1_828' title='bbox 2873 4989 3039 5045; x_wconf 87' lang='lat' dir='ltr'><strong>altum</strong></span> <span class='ocrx_word' id='word_1_829' title='bbox 3073 4993 3310 5061; x_wconf 85' lang='lat' dir='ltr'><strong>sapiant,</strong></span> <span class='ocrx_word' id='word_1_830' title='bbox 3338 5005 3435 5047; x_wconf 83' lang='lat' dir='ltr'><strong>ne—</strong></span> 
     </span>
    </p>
   </div>
   <div class='ocr_carea' id='block_1_112' title="bbox 1866 5078 3438 5150">
    <p class='ocr_par' dir='ltr' id='par_1_112' title="bbox 1866 5078 3438 5150">
     <span class='ocr_line' id='line_1_112' title="bbox 1866 5078 3438 5150; baseline 0.004 -19"><span class='ocrx_word' id='word_1_831' title='bbox 1866 5091 1971 5145; x_wconf 90' lang='lat' dir='ltr'><strong>que</strong></span> <span class='ocrx_word' id='word_1_832' title='bbox 1995 5079 2062 5133; x_wconf 89' lang='lat' dir='ltr'><strong>de</strong></span> <span class='ocrx_word' id='word_1_833' title='bbox 2087 5078 2300 5146; x_wconf 88' lang='lat' dir='ltr'><strong>proavis</strong></span> <span class='ocrx_word' id='word_1_834' title='bbox 2320 5081 2433 5135; x_wconf 90' lang='lat' dir='ltr'><strong>suis</strong></span> <span class='ocrx_word' id='word_1_835' title='bbox 2460 5080 2779 5150; x_wconf 75' lang='lat' dir='ltr'><strong>glorientur.</strong></span> <span class='ocrx_word' id='word_1_836' title='bbox 2819 5101 2839 5134; x_wconf 80' lang='lat' dir='ltr'><strong>s</strong></span> <span class='ocrx_word' id='word_1_837' title='bbox 2868 5081 2938 5137; x_wconf 81' lang='lat' dir='ltr'><strong>Et</strong></span> <span class='ocrx_word' id='word_1_838' title='bbox 2988 5099 3055 5139; x_wconf 82' lang='lat' dir='ltr'><strong>ne</strong></span> <span class='ocrx_word' id='word_1_839' title='bbox 3086 5083 3230 5139; x_wconf 84' lang='lat' dir='ltr'><strong>dicat</strong></span> <span class='ocrx_word' id='word_1_840' title='bbox 3264 5098 3438 5140; x_wconf 61' lang='lat' dir='ltr'><strong>eunuo</strong></span> 
     </span>
    </p>
   </div>
   <div class='ocr_carea' id='block_1_113' title="bbox 1865 5170 2903 5243">
    <p class='ocr_par' dir='ltr' id='par_1_113' title="bbox 1865 5170 2903 5243">
     <span class='ocr_line' id='line_1_113' title="bbox 1865 5170 2903 5243; baseline 0.004 -18"><span class='ocrx_word' id='word_1_841' title='bbox 1865 5170 2003 5226; x_wconf 86' lang='lat' dir='ltr'><strong>chus</strong></span> <span class='ocrx_word' id='word_1_842' title='bbox 2037 5189 2050 5224; x_wconf 90' lang='lat'><strong>:</strong></span> <span class='ocrx_word' id='word_1_843' title='bbox 2083 5170 2308 5241; x_wconf 87' lang='lat' dir='ltr'><strong>Lignum</strong></span> <span class='ocrx_word' id='word_1_844' title='bbox 2342 5174 2552 5228; x_wconf 87' lang='lat' dir='ltr'><strong>aridum</strong></span> <span class='ocrx_word' id='word_1_845' title='bbox 2583 5188 2682 5243; x_wconf 88' lang='lat' dir='ltr'><strong>ego</strong></span> <span class='ocrx_word' id='word_1_846' title='bbox 2712 5189 2851 5230; x_wconf 87' lang='lat' dir='ltr'><strong>sum.</strong></span> <span class='ocrx_word' id='word_1_847' title='bbox 2883 5191 2903 5229; x_wconf 68' lang='grc' dir='ltr'><strong><em>ι</em></strong></span> 
     </span>
    </p>
   </div>
   <div class='ocr_carea' id='block_1_114' title="bbox 1938 5325 3428 5398">
    <p class='ocr_par' dir='ltr' id='par_1_114' title="bbox 1938 5325 3428 5398">
     <span class='ocr_line' id='line_1_114' title="bbox 1938 5325 3428 5398; baseline 0.004 -19"><span class='ocrx_word' id='word_1_848' title='bbox 1938 5325 2103 5382; x_wconf 77' lang='lat' dir='ltr'><strong>Vsas.</strong></span> <span class='ocrx_word' id='word_1_849' title='bbox 2136 5326 2191 5394; x_wconf 72' lang='grc'>4,</span> <span class='ocrx_word' id='word_1_850' title='bbox 2224 5326 2278 5381; x_wconf 79' lang='lat'><strong>5.</strong></span> <span class='ocrx_word' id='word_1_851' title='bbox 2310 5346 2330 5379; x_wconf 73' lang='grc' dir='ltr'><strong>ί</strong></span> <span class='ocrx_word' id='word_1_852' title='bbox 2369 5326 2497 5383; x_wconf 73' lang='lat' dir='ltr'><strong>Haec</strong></span> <span class='ocrx_word' id='word_1_853' title='bbox 2524 5328 2655 5383; x_wconf 87' lang='lat' dir='ltr'><strong>dicit</strong></span> <span class='ocrx_word' id='word_1_854' title='bbox 2691 5327 2950 5385; x_wconf 84' lang='lat' dir='ltr'><strong>Dominus</strong></span> <span class='ocrx_word' id='word_1_855' title='bbox 2973 5330 3270 5385; x_wconf 67' lang='lat' dir='ltr'><strong>eunuchissc</strong></span> <span class='ocrx_word' id='word_1_856' title='bbox 3302 5330 3428 5398; x_wconf 85' lang='lat' dir='ltr'><strong>Qui-</strong></span> 
     </span>
    </p>
   </div>
   <div class='ocr_carea' id='block_1_115' title="bbox 1868 5418 3433 5491">
    <p class='ocr_par' dir='ltr' id='par_1_115' title="bbox 1868 5418 3433 5491">
     <span class='ocr_line' id='line_1_115' title="bbox 1868 5418 3433 5491; baseline 0.001 -16"><span class='ocrx_word' id='word_1_857' title='bbox 1868 5434 2080 5489; x_wconf 90' lang='lat' dir='ltr'><strong>cunque</strong></span> <span class='ocrx_word' id='word_1_858' title='bbox 2110 5420 2465 5475; x_wconf 87' lang='lat' dir='ltr'><strong>custodierint</strong></span> <span class='ocrx_word' id='word_1_859' title='bbox 2509 5418 2747 5476; x_wconf 85' lang='lat' dir='ltr'><strong>Sabbata</strong></span> <span class='ocrx_word' id='word_1_860' title='bbox 2781 5435 2922 5486; x_wconf 82' lang='lat' dir='ltr'><strong>mea,</strong></span> <span class='ocrx_word' id='word_1_861' title='bbox 2945 5431 2999 5475; x_wconf 93' lang='lat' dir='ltr'><strong>et</strong></span> <span class='ocrx_word' id='word_1_862' title='bbox 3030 5421 3291 5488; x_wconf 87' lang='lat' dir='ltr'><strong>elegerint</strong></span> <span class='ocrx_word' id='word_1_863' title='bbox 3312 5436 3433 5491; x_wconf 72' lang='lat' dir='ltr'><strong>qua:</strong></span> 
     </span>
    </p>
   </div>
   <div class='ocr_carea' id='block_1_116' title="bbox 1865 5511 3431 5582">
    <p class='ocr_par' dir='ltr' id='par_1_116' title="bbox 1865 5511 3431 5582">
     <span class='ocr_line' id='line_1_116' title="bbox 1865 5511 3431 5582; baseline 0.001 -17"><span class='ocrx_word' id='word_1_864' title='bbox 1865 5525 1967 5582; x_wconf 91' lang='lat' dir='ltr'><strong>ego</strong></span> <span class='ocrx_word' id='word_1_865' title='bbox 2004 5511 2144 5577; x_wconf 86' lang='lat' dir='ltr'><strong>volo,</strong></span> <span class='ocrx_word' id='word_1_866' title='bbox 2172 5521 2228 5566; x_wconf 92' lang='lat' dir='ltr'><strong>et</strong></span> <span class='ocrx_word' id='word_1_867' title='bbox 2269 5512 2593 5568; x_wconf 72' lang='lat' dir='ltr'><strong>adhzeserint</strong></span> <span class='ocrx_word' id='word_1_868' title='bbox 2629 5511 2975 5567; x_wconf 86' lang='lat' dir='ltr'><strong>Testamento</strong></span> <span class='ocrx_word' id='word_1_869' title='bbox 3006 5528 3145 5579; x_wconf 89' lang='lat' dir='ltr'><strong>meo,</strong></span> <span class='ocrx_word' id='word_1_870' title='bbox 3184 5512 3324 5567; x_wconf 81' lang='lat' dir='ltr'><strong>dabo</strong></span> <span class='ocrx_word' id='word_1_871' title='bbox 3351 5515 3431 5568; x_wconf 82' lang='lat' dir='ltr'><strong>eis</strong></span> 
     </span>
    </p>
   </div>
   <div class='ocr_carea' id='block_1_117' title="bbox 1865 5603 3431 5675">
    <p class='ocr_par' dir='ltr' id='par_1_117' title="bbox 1865 5603 3431 5675">
     <span class='ocr_line' id='line_1_117' title="bbox 1865 5603 3431 5675; baseline 0.001 -18"><span class='ocrx_word' id='word_1_872' title='bbox 1865 5603 1918 5658; x_wconf 91' lang='lat' dir='ltr'><strong>in</strong></span> <span class='ocrx_word' id='word_1_873' title='bbox 1942 5606 2104 5659; x_wconf 88' lang='lat' dir='ltr'><strong>domo</strong></span> <span class='ocrx_word' id='word_1_874' title='bbox 2148 5619 2262 5660; x_wconf 88' lang='lat' dir='ltr'><strong>mea</strong></span> <span class='ocrx_word' id='word_1_875' title='bbox 2305 5614 2362 5659; x_wconf 92' lang='lat' dir='ltr'><strong>et</strong></span> <span class='ocrx_word' id='word_1_876' title='bbox 2391 5605 2530 5659; x_wconf 90' lang='lat' dir='ltr'><strong>intra</strong></span> <span class='ocrx_word' id='word_1_877' title='bbox 2561 5619 2775 5675; x_wconf 64' lang='lat' dir='ltr'><strong>murum</strong></span> <span class='ocrx_word' id='word_1_878' title='bbox 2826 5619 3026 5670; x_wconf 88' lang='lat' dir='ltr'><strong>meum,</strong></span> <span class='ocrx_word' id='word_1_879' title='bbox 3057 5604 3232 5659; x_wconf 89' lang='lat' dir='ltr'><strong>locum</strong></span> <span class='ocrx_word' id='word_1_880' title='bbox 3256 5606 3431 5659; x_wconf 86' lang='lat' dir='ltr'><strong>nomi-</strong></span> 
     </span>
    </p>
   </div>
   <div class='ocr_carea' id='block_1_118' title="bbox 1867 5695 3430 5762">
    <p class='ocr_par' dir='ltr' id='par_1_118' title="bbox 1867 5695 3430 5762">
     <span class='ocr_line' id='line_1_118' title="bbox 1867 5695 3430 5762; baseline -0.001 -12"><span class='ocrx_word' id='word_1_881' title='bbox 1867 5706 2073 5760; x_wconf 88' lang='lat' dir='ltr'><strong>natum,</strong></span> <span class='ocrx_word' id='word_1_882' title='bbox 2106 5698 2380 5751; x_wconf 89' lang='lat' dir='ltr'><strong>meliorem</strong></span> <span class='ocrx_word' id='word_1_883' title='bbox 2414 5695 2538 5751; x_wconf 83' lang='lat' dir='ltr'><strong>[iliis</strong></span> <span class='ocrx_word' id='word_1_884' title='bbox 2571 5706 2623 5751; x_wconf 92' lang='lat' dir='ltr'><strong>et</strong></span> <span class='ocrx_word' id='word_1_885' title='bbox 2674 5695 2918 5761; x_wconf 77' lang='lat' dir='ltr'><strong>ﬁliabus;</strong></span> <span class='ocrx_word' id='word_1_886' title='bbox 2979 5709 3174 5748; x_wconf 87' lang='lat' dir='ltr'><strong>nomen</strong></span> <span class='ocrx_word' id='word_1_887' title='bbox 3233 5695 3430 5762; x_wconf 84' lang='lat' dir='ltr'><strong>sempi-</strong></span> 
     </span>
    </p>
   </div>
   <div class='ocr_carea' id='block_1_119' title="bbox 1868 5782 3428 5855">
    <p class='ocr_par' dir='ltr' id='par_1_119' title="bbox 1868 5782 3428 5855">
     <span class='ocr_line' id='line_1_119' title="bbox 1868 5782 3428 5855; baseline -0.003 -12"><span class='ocrx_word' id='word_1_888' title='bbox 1868 5801 2077 5846; x_wconf 87' lang='lat' dir='ltr'><strong>ternum</strong></span> <span class='ocrx_word' id='word_1_889' title='bbox 2104 5791 2240 5844; x_wconf 82' lang='lat' dir='ltr'><strong>dabo</strong></span> <span class='ocrx_word' id='word_1_890' title='bbox 2265 5790 2364 5855; x_wconf 86' lang='lat' dir='ltr'><strong>eis,</strong></span> <span class='ocrx_word' id='word_1_891' title='bbox 2392 5799 2560 5845; x_wconf 89' lang='lat' dir='ltr'><strong>etnon</strong></span> <span class='ocrx_word' id='word_1_892' title='bbox 2585 5788 2815 5843; x_wconf 82' lang='lat' dir='ltr'><strong>deﬁciet.</strong></span> <span class='ocrx_word' id='word_1_893' title='bbox 2839 5806 2857 5839; x_wconf 73' lang='grc' dir='ltr'><strong>ι</strong></span> <span class='ocrx_word' id='word_1_894' title='bbox 2878 5786 3139 5854; x_wconf 86' lang='lat' dir='ltr'><strong>Quoniam</strong></span> <span class='ocrx_word' id='word_1_895' title='bbox 3160 5782 3331 5840; x_wconf 68' lang='lat' dir='ltr'><strong>Judai</strong></span> <span class='ocrx_word' id='word_1_896' title='bbox 3361 5784 3428 5838; x_wconf 84' lang='lat' dir='ltr'><strong>li-</strong></span> 
     </span>
    </p>
   </div>
  </div>
