4128 6294
683 341 778 396 l7!

1372 338 1632 396 EUSEBI]
1671 341 2137 400 CESARIENSIS
2173 344 2323 403 OPP.
2367 346 2539 403 PARS
2570 347 2654 402 Ill.
2693 376 2762 388 —
2803 340 3208 399 EXEGETICA.

3764 340 3875 396 ΠΩ

684 453 928 506 berorum
956 450 1344 506 multitudinem
1403 454 1822 509 benedictionem
1855 454 1944 510 Dei
1975 469 2092 509 esse
2121 471 2218 523 pu-

2334 453 2674 508 ἡολυπαιδίαν
2726 455 2971 522 εὐλογίαν
3019 452 3154 506 Θεοῦ
3180 451 3403 522 ἡγοῦντο
3431 447 3569 506 εἶναι
3611 450 3874 515 Ἰουδαῖοι.

682 543 755 596 tal
773 551 883 607 ant,
899 541 1302 611 mercedemque
1319 557 1382 598 ac
1404 543 1630 599 fructum
1649 545 1860 615 pietatis
1884 561 2219 601 numerosam

681 635 878 701 prolem
908 647 1027 688 esse
1047 633 1470 701 existimabant,
1500 636 1657 690 talem
1687 649 1870 692 eorum
1907 638 2222 691 sententiam

680 723 994 800 reprimens,
1025 739 1090 779 ac
1144 724 1330 780 falsam
1369 740 1490 781 esse
1535 727 1910 794 comprobans.
1958 727 2227 782 sterilibus

679 825 734 868 et
765 815 832 868 iis
858 815 973 884 qui,
999 817 1140 884 quod
1161 815 1359 870 exseeti
1383 814 1600 881 fuerint,
1639 814 1777 870 ﬁlios
1806 829 2091 886 procreare
2121 831 2224 871 non

679 904 878 970 valent,
938 921 1119 975 parem
1173 907 1581 976 promissionem
1645 906 1818 972 affert,
1859 921 1923 961 ac
1968 907 2226 962 eunuchis

679 996 812 1052 nihil
855 997 1233 1066 impedimento
1264 996 1380 1052 fore
1431 999 1526 1063 ait,
1557 997 1842 1064 quominus
1892 999 2030 1052 bona
2057 1011 2089 1050 ι
2122 996 2227 1053 Deo

675 1099 1092 1159 consequantur,
1145 1091 1268 1143 dum
1297 1092 1588 1146 secundum
1621 1091 1784 1146 Deum
1811 1089 1990 1144 vivere
2019 1089 2070 1142 in
2105 1102 2229 1156 pro—

679 1182 851 1246 posito
879 1180 1127 1235 habeant.
1155 1179 1284 1235 Nam
1327 1182 1372 1236 si
1404 1181 1581 1236 multa:
1608 1181 1913 1238 mansiones
1932 1189 2058 1236 sunt
2087 1180 2226 1250 apud

679 1270 913 1334 Patrem.
957 1281 1012 1326 et
1054 1273 1102 1327 si
1135 1283 1217 1327 est
1260 1272 1448 1327 civitas
1487 1273 1576 1327 Dei
1630 1272 1921 1328 Ierusalem
1972 1271 2226 1333 celestis,

679 1359 826 1414 locus
847 1360 950 1416 illis
979 1361 1118 1416 intra
1141 1363 1353 1416 domum
1385 1363 1478 1418 Dei
1520 1363 1572 1416 in
1597 1363 1778 1418 multis
1814 1363 1918 1418 illis
1942 1363 2230 1418 mansioni-

680 1455 801 1516 bus,
833 1466 896 1506 ac
928 1452 1091 1506 etiam
1141 1452 1271 1523 ipsis
1310 1455 1615 1510 mansiones
1665 1455 1954 1519 dabuntur,
1998 1463 2052 1509 et
2107 1467 2230 1522 por-

680 1544 875 1599 tionem
895 1544 1166 1598 habebunt
1191 1543 1331 1598 intra
1361 1560 1572 1599 murum
1596 1545 1832 1601 cmlestis
1855 1545 1946 1600 Dei
1977 1543 2226 1600 civitatis.

746 1632 911 1689 Vna.
929 1635 980 1700 6,
997 1633 1050 1690 7.
1072 1653 1090 1686 ι
1115 1633 1178 1688 Ει
1193 1635 1529 1704 alienigenis,
1547 1637 1636 1706 qui
1653 1637 1848 1692 addicti
1863 1645 1988 1691 sunt
2008 1635 2230 1690 Domino

681 1737 736 1780 ut
765 1727 997 1781 serviant
1026 1726 1096 1790 ei,
1118 1734 1171 1780 et
1198 1726 1417 1806 diligant
1448 1741 1639 1781 nomen
1671 1727 1900 1791 Domini,
1934 1736 1989 1780 ut
2024 1727 2130 1781 sint
2179 1725 2228 1779 ei

2324 545 2512 616 μισθόν
2557 562 2620 599 τε
2651 546 2744 599 καὶ
2773 544 2982 615 καρπὸν
3023 542 3328 606 θεοσεϐείας
3365 542 3464 614 τὴν
3519 541 3875 595 πολυτεκνίαν

2322 636 2810 708 ὑπολαμϐάνοντες,
2845 636 3182 690 ἀναστέλλων
3207 634 3384 688 αὐτῶν
3419 635 3512 688 καὶ⁵
3537 634 3735 701 ταύτην
3771 634 3875 704 τὴν

2320 726 2497 794 δόξαν,
2527 728 2866 801 ἐσφαλμένην
2898 745 2958 781 τε
2999 723 3163 780 οὖσαν
3211 725 3466 797 ἐλέγχων,
3505 728 3616 789 τοῖς
3662 725 3876 793 ἀγόνοις

2324 819 2415 872 καὶ
2447 819 2521 890 μὴ
2564 819 2806 882 δυνατοῖς
2858 818 3206 882 παιδοποιεῖν,
3239 815 3328 870 διά
3378 817 3438 870 τὸ
3487 814 3871 886 ἐκτετμῆσθαι,

2321 909 2421 979 τὴν
2453 908 2572 978 ῐσην
2633 910 2967 980 ὑπισχνεῖται
3023 907 3369 978 ἐπαγγελίαν,
3422 907 3585 978 μηδὲν
3627 904 3879 976 ἐμποιῶν

2324 999 2669 1064 ἐσισθαιτοῖς
2703 1002 2974 1072 εὐνούχοις
2997 1002 3218 1070 φάσκων
3268 999 3404 1071 πρὸς
3428 998 3489 1053 τὸ
3545 1000 3727 1070 τυχεῖν
3767 996 3874 1053 τῦν

2329 1092 2474 1164 παρά
2495 1091 2629 1144 Θεοῦ
2654 1093 2891 1162 ἀγαθῶν,
2925 1092 2974 1145 εί
3007 1089 3105 1162 ζῇν
3131 1089 3272 1146 κατά
3296 1089 3426 1143 Θεὸν
3455 1088 3778 1160 προέλοιντο.
3813 1086 3874 1141 Β

2331 1185 2438 1255 γὰρ
2492 1184 2681 1238 πολλαὶ⁵
2734 1187 2888 1253 μοναὶ
2927 1184 3074 1257 παρὰ
3104 1183 3182 1255 τῷ
3211 1183 3406 1254 Πατρὶ,
3436 1181 3532 1236 καὶ
3572 1181 3686 1235 ἐστι
3725 1179 3874 1244 πόλις

2325 1273 2459 1327 Θεοῦ
2511 1274 2860 1345 Ἰερουσαλὴμ
2889 1276 2923 1346 ἡ
2979 1274 3312 1344 ἐπουράνιος,
3345 1272 3438 1325 καὶ
3493 1271 3653 1334 τόπος
3698 1271 3878 1333 αὐτοῖς

2326 1364 2456 1418 εῖσω
2487 1365 2581 1418 τοῦ
2611 1365 2760 1419 οἴκου
2784 1365 2877 1418 τοῦ
2909 1365 3042 1419 Θεοῦ
3070 1368 3128 1419 ἐν
3155 1368 3276 1428 ταῖς
3300 1363 3519 1426 πολλαῖς
3549 1364 3756 1433 μοναῖς,
3789 1364 3878 1419 κᾶν

2329 1456 2484 1525 μοναὶ
2514 1453 2845 1524 δοθήσονται,
2870 1456 2963 1508 καὶ
2995 1455 3150 1525 μερὶς
3174 1455 3232 1509 ἐν
3266 1454 3344 1526 τῷ
3370 1453 3536 1524 τείχει
3587 1453 3688 1522 τῆς
3721 1455 3880 1506 ἐπου-

2319 1535 2514 1615 ρανίου
2545 1544 2638 1598 τοῦ
2659 1543 2790 1598 Θεοῦ
2810 1544 3031 1608 πόλεως.

2393 1656 2411 1687 ι
2447 1638 2556 1691 Καὶ
2603 1639 2716 1700 τοῖς
2770 1636 3073 1705 άλλογενέσι
3111 1638 3221 1700 τοῖς
3263 1635 3637 1708 προκειμένας
3692 1635 3890 1707 Κυρίῳ

2331 1730 2596 1784 δουλεύειν
2623 1730 2789 1800 αὐτῷ,
2813 1732 2906 1784 καὶ
2938 1731 3152 1801 ἀγαπᾷν
3193 1729 3258 1783 τὸ
3306 1729 3475 1800 δνομα
3509 1729 3736 1801 Κυρίου,
3787 1725 3886 1781 1:05

682 1821 731 1870 in
766 1830 948 1871 servos
989 1826 1044 1871 et
1091 1817 1319 1870 ancillas
1343 1833 1359 1869 :
1383 1826 1436 1871 et
1461 1817 1710 1872 omnibus
1734 1819 1824 1886 qui
1852 1823 2068 1871 servant
2096 1815 2229 1869 Sab-

2334 1817 2466 1874 εῖναι
2502 1821 2646 1891 αὐτῷ
2679 1822 2758 1884 είς
2793 1820 3007 1883 δούλους
3025 1821 3120 1873 καὶ
3145 1818 3366 1883 δούλαςο
3401 1819 3496 1872 καὶ
3525 1819 3732 1881 πάντας
3760 1820 3889 1880 τοὺς

681 1910 798 1964 bats
841 1923 979 1974 mea,
1019 1923 1088 1963 ne
1116 1906 1393 1978 profanent
1419 1923 1504 1974 ca,
1535 1920 1588 1962 et
1608 1908 1696 1976 qui
1730 1909 2020 1962 observant
2047 1904 2232 1959 Testa-

681 2010 914 2054 mentum
950 2011 1124 2055 meum
1151 2038 1165 2063 ,
1201 1999 1444 2054 inducam
1474 2013 1567 2054 eos
1593 1998 1647 2052 in
1695 2007 1933 2052 montem
1992 2007 2230 2052 sanctum

680 2106 875 2148 meum.
916 2110 936 2143 ι
971 2092 1058 2145 Ait
1084 2091 1279 2160 quippe
1304 2090 1520 2144 domum
1571 2103 1721 2142 suam
1771 2102 1876 2142 non
1907 2085 2065 2140 talem
2092 2097 2231 2148 esse,

678 2197 797 2250 quae
830 2183 925 2235 bos
953 2181 1167 2250 quidem
1211 2189 1437 2249 spectet,
1483 2179 1616 2234 alios
1661 2193 1789 2233 vero
1842 2177 2099 2241 minime;
2141 2177 2234 2229 sed

679 2287 744 2324 ex
785 2272 1128 2325 humanitatis
1155 2272 1204 2326 vi
1249 2272 1496 2326 omnibus
1525 2272 1775 2341 gentibus
1815 2280 2049 2340 apertam
2084 2284 2234 2333 esse,

679 2364 923 2417 utetiam
963 2364 1203 2417 eunuchi
1221 2373 1274 2419 et
1308 2363 1586 2434 paralytici
1624 2364 1693 2418 ibi
1731 2363 2077 2432 recipiantur.
2122 2381 2141 2414 ι
2174 2362 2237 2416 Et

681 2453 962 2509 laetiﬁcabo
987 2470 1081 2510 eos
1121 2457 1171 2509 in
1202 2455 1359 2511 domo
1405 2455 1669 2510 orationis
1716 2468 1879 2508 meae.
1921 2451 2238 2508 Holocausta

686 2561 866 2599 eorum
896 2556 954 2600 et
978 2546 1244 2601 sacriﬁcia
1291 2561 1484 2602 eorum
1514 2555 1672 2601 erunt
1710 2554 1931 2614 accepta
1973 2559 2133 2613 super
2162 2543 2239 2596 al-

685 2648 799 2693 tare
825 2654 1022 2693 meum.
1070 2639 1203 2692 Nam
1235 2639 1422 2694 domus
1453 2653 1592 2703 mea,
1622 2639 1809 2693 domus
1851 2637 2112 2693 orationis
2150 2651 2239 2691 vo-

683 2732 898 2786 cabitur
930 2732 1140 2786 cunctis
1163 2733 1426 2800 gentibus.
1464 2750 1483 2784 ι
1532 2731 1626 2785 His
1648 2731 1883 2786 arbitror
1911 2730 1978 2784 ad
2008 2729 2236 2782 litteram

683 2824 812 2888 dici,
863 2824 1026 2877 Deum
1074 2838 1170 2892 per
1212 2824 1572 2877 reversionem
1632 2821 1810 2892 populi
1849 2836 1918 2876 ex
1953 2820 2237 2890 Babylone,

690 2928 803 2982 quae
850 2914 950 2968 sub
981 2914 1137 2982 Cyro,
1180 2913 1336 2969 Dario
1362 2926 1416 2968 et
1450 2915 1747 2968 Artaxerxe
1789 2914 2032 2983 contigit,
2066 2913 2238 2982 ipsum

686 3008 972 3072 reducere,
998 3023 1167 3078 quare
1199 3007 1379 3062 subdit
1408 3026 1422 3061 :

759 3187 921 3242 Vsus.
953 3187 1007 3241 8.
1049 3206 1066 3238 ι
1101 3188 1244 3242 Dixit
1274 3185 1550 3249 Dominus,
1589 3187 1679 3256 qui
1710 3195 2000 3256 congregat
2032 3185 2238 3255 disper-

690 3294 781 3335 sos
812 3279 996 3344 Israel,
1025 3278 1372 3348 Congregabo
1400 3279 1469 3333 ad
1518 3295 1637 3333 eum
1692 3278 2178 3347 congregationem.
2215 3294 2235 3327 ι

689 3373 804 3438 Quo
851 3382 1093 3440 tempore
1140 3370 1427 3424 verisimile
1471 3379 1554 3424 est
1593 3369 1792 3423 multos
1827 3368 1894 3422 ad
1936 3382 2059 3420 eum
2107 3380 2238 3420 con-

689 3462 908 3518 ﬂuxisse
939 3477 1006 3516 ex
1043 3461 1356 3531 alienigenis
1380 3461 1649 3530 gentibus,
1683 3474 1816 3528 quos
1839 3459 1908 3514 ob
1954 3457 2238 3526 pristinum

689 3563 912 3618 statum,
942 3562 997 3607 et
1032 3553 1102 3607 ob
1137 3553 1343 3607 alienos
1385 3561 1776 3622 estraneosque
1819 3564 2014 3615 mores,
2042 3548 2242 3605 bestias

691 3647 804 3716 agri
837 3652 1012 3700 vocat.

761 3735 924 3790 Vens.
954 3735 1007 3789 9.
1043 3753 1062 3787 ι
1098 3733 1298 3791 Omnes
1321 3735 1448 3790 ferae
1475 3736 1677 3800 bestiae,
1701 3736 1899 3797 adeste.
1951 3734 2236 3799 comedite,

693 3841 877 3881 omnes
914 3827 1095 3881 bestia:
1116 3828 1303 3881 saltus.
1343 3845 1363 3880 ι
1391 3825 1582 3882 Bestiae
1606 3827 1728 3890 illae,
1756 3842 1874 3895 quae
1903 3840 2022 3880 cum
2053 3823 2242 3880 lsraele

697 3928 1108 3988 congregantur,
1140 3919 1175 3972 ii
1219 3935 1286 3974 ex
1321 3918 1572 3989 gentibus
1624 3917 1846 3985 fuerint,
1891 3917 1982 3987 qui
2020 3918 2084 3970 ad
2121 3930 2242 3968 ver-

698 4009 821 4061 bum
851 4018 1214 4076 accesserunt,
1238 4024 1373 4078 quos
1416 4019 1606 4064 evocat
1635 4009 1720 4066 his
1740 4010 1938 4074 verbis,
1974 4008 2240 4069 c-Adeste,

698 4100 981 4164 comedite,
1008 4115 1196 4155 omnes
1234 4100 1421 4156 bestiae
1464 4100 1652 4155 saltus.
1705 4121 1725 4153 ›
1771 4101 2089 4168 Plerumque
2117 4111 2244 4151 vero

697 4190 1036 4246 observatum
1081 4192 1237 4248 nobis
1264 4202 1366 4259 est,
1414 4193 1606 4251 saltum
1650 4195 1776 4259 dici,
1829 4193 2242 4262 alienigenarum

699 4282 938 4350 gentium
970 4283 1390 4339 multitudinem.
1418 4283 1525 4339 Has
1548 4301 1704 4354 porro
1730 4287 1928 4341 bestias
1959 4284 2053 4340 Dei
2090 4296 2245 4338 voca-

700 4374 844 4429 tione
875 4375 1125 4435 dignatur
1149 4385 1202 4430 et
1240 4375 1305 4429 ad
1340 4377 1642 4431 convivium
1677 4387 1884 4432 evocat.

2267 3149 2311 3207 C

2344 1910 2780 1981 φυλασσομένους
2818 1909 2884 1963 τὰ
2909 1909 3157 1963 Σάϐϐατα
3193 1927 3291 1980 μου
3337 1909 3412 1981 μὴ
3459 1907 3739 1978 βεᾶηλοῦν,
3793 1906 3890 1962 καὶ

2331 2003 2716 2073 ἀντεχομένους
2745 2001 2851 2073 τῆς
2880 2001 3148 2072 Διαθήκης
3186 2017 3308 2072 μου,
3365 1999 3561 2066 εἰσάξω
3585 2000 3780 2063 αὐτοὺς
3811 1999 3892 2061 εἰς

2332 2096 2391 2149 τὸ
2441 2096 2564 2167 ὅρος
2612 2094 2672 2148 τὸ
2727 2094 2880 2163 ἅγιόν
2939 2111 3058 2165 μου.
3103 2113 3130 2144 ι
3153 2093 3254 2146 Τὸν
3294 2091 3401 2164 γὰρ
3431 2087 3575 2144 οἷκον
3619 2091 3786 2144 αὑτοῦ
3816 2088 3896 2161 μὴ

2332 2187 2495 2241 τῶνδε
2532 2187 2628 2258 μὲν
2675 2187 2954 2258 ὑπάρχειν,
2988 2185 3095 2238 τῶν
3122 2185 3178 2237 δὲ
3215 2183 3324 2255 μὴ,
3357 2180 3620 2252 ἀνεῷχθαι
3663 2181 3724 2234 δὲ
3756 2183 3897 2233 πᾶσι

2333 2283 2442 2344 τοῖς
2465 2278 2672 2333 ἔθνεσιν
2698 2277 2969 2350 ύπερὸολῇ
3003 2274 3405 2347 φιλανθρωπίας
3422 2288 3438 2305 ⁸
3465 2272 3541 2336 ὡς
3577 2271 3670 2325 καὶ
3700 2268 3899 2324 εὐνού-

2335 2387 2460 2442 χους
2495 2368 2889 2440 παραδέχεσθαι
2917 2369 3009 2422 καὶ
3039 2365 3397 2439 παραλύτους.
3434 2383 3453 2416 t
3496 2365 3605 2418 Kal.
3636 2361 3900 2434 εὐφρανῶ

2335 2461 2530 2524 αὐτοὺς
2560 2462 2618 2513 ἐν
2647 2459 2722 2529 τῷ
2754 2459 2886 2530 οίκῳ
2918 2459 3016 2529 τῆς
3041 2456 3344 2529 προσευχῆς
3373 2473 3493 2526 μου.
3553 2453 3636 2506 Τὰ
3664 2454 3896 2508 ὁλοκαυ-

2335 2549 2556 2620 τώματα
2585 2549 2782 2615 αὐτῶν,
2807 2549 2898 2602 καὶ
2933 2550 2988 2601 αί
3032 2547 3211 2601 θυσίαι
3237 2545 3412 2599 αὐτῶν
3442 2543 3650 2597 ἔσονται
3707 2541 3896 2596 δεκταὶ

2337 2642 2428 2694 ἐπὶ
2468 2641 2530 2694 τὸ
2559 2639 2932 2712 θυσιαστήριόν
2978 2655 3099 2709 μου.
3147 2638 3205 2691 '0
3237 2636 3344 2707 γὰρ
3399 2631 3545 2698 οἶκός
3597 2651 3698 2705 μου
3751 2629 3897 2696 οἶκος

2338 2732 2638 2803 προσευχῆς
2669 2731 2990 2802 κληθήσεται
3027 2731 3160 2784 πᾶσι
3191 2730 3303 2791 τοῖς
3331 2727 3557 2781 ἔθνεσιν.
3596 2746 3616 2778 ι
3648 2722 3818 2796 Οἶμαι
3840 2724 3899 2778 δέ

2337 2821 2427 2875 διὰ
2457 2821 2658 2874 τούτων
2687 2822 2762 2884 ῶς
2791 2821 2927 2892 πρὸς
2955 2820 3053 2891 τὴν
3085 2819 3228 2885 λέξιν
3263 2817 3349 2871 διὰ
3379 2816 3477 2888 τὴν
3513 2817 3620 2869 ἀπὸ
3644 2814 3900 2868 Βαϐυλῶ-

2341 2927 2430 2973 νος
2451 2910 2782 2980 ἐπιστροφὴν
2795 2907 2888 2962 τοῦ
2905 2907 3031 2961 λαοῦ
3052 2907 3150 2979 τὴν
3195 2907 3287 2960 ἐπὶ
3314 2905 3496 2976 Κύρου
3543 2905 3639 2958 καὶ
3673 2904 3896 2974 Δαρείου

2341 3001 2432 3055 καὶ
2470 2999 2818 3070 Ἀρταξέρξου
2867 2999 3157 3069 γενομένην
3209 2998 3300 3052 τὸν
3352 2995 3484 3050 Θεὸν
3530 2995 3595 3049 ἂν
3645 2992 3901 3065 είρῆσθαι

2346 3093 2594 3160 συνάγειν
2613 3109 2626 3122 “
2669 3092 2748 3144 διὸ
2775 3091 3012 3161 ἐπιλέγει
3036 3109 3050 3122 ο

2419 3202 2436 3233 ι
2477 3179 2610 3236 Εἷπε
2649 3183 2852 3253 Κύριος
2899 3185 2927 3235 ὁ
2979 3181 3222 3249 συνάγων
3284 3181 3409 3244 τοὺς
3474 3177 3901 3248 διεσπαρμένους

2361 3270 2696 3343 Ἶσραὴλ,ὃτι
2734 3269 2950 3335 Συνάξω
2976 3269 3062 3322 ἐπ’
3096 3269 3256 3323 αὑτὸν
3299 3268 3635 3336 συναγωγήν.
3677 3286 3695 3317 ι
3759 3265 3899 3320 Καθ’

2345 3361 2436 3424 οὒς
2464 3362 2519 3414 δὲ
2545 3363 2766 3434 χρόνους
2793 3361 2938 3425 εἰκὸς
2978 3356 3046 3433 ἦν
3100 3361 3194 3417 καὶ
3236 3359 3453 3429 -πλῆθος
3503 3358 3683 3422 αὐτοῖς
3744 3357 3901 3411 ἀλλο-

2346 3451 2525 3520 φύλων
2545 3451 2711 3509 ἐθνῶν
2740 3450 3169 3522 προσηλυτεῦσαι
3191 3467 3206 3481 °
3241 3449 3333 3514 οὓς
3372 3448 3461 3502 διὰ
3485 3449 3581 3520 τὴν
3631 3448 3902 3519 προτέραν

2346 3543 2690 3608 κατάστασιν,
2725 3543 2818 3598 καὶ
2849 3543 2936 3596 διὰ
2957 3543 3016 3597 τὸ
3044 3543 3326 3612 ἀλλογενές
3360 3543 3455 3595 καὶ
3485 3540 3762 3611 ἀλλότριον
3808 3538 3908 3595 τοῦ

2345 3634 2565 3706 τρόπου,
2591 3633 2761 3706 ἀγροῦ
2793 3634 2954 3704 θηρία
2980 3634 3257 3705 ὠνόμασεν
3288 3636 3318 3687 ὁ
3344 3633 3517 3702 λόγος.

2421 3746 2440 3777 ι
2473 3726 2655 3779 Πάντα
2682 3725 2750 3778 τὰ
2773 3725 2935 3796 θηρία
2954 3726 3023 3780 τὰ
3049 3727 3228 3796 ἄγρια,
3248 3726 3418 3792 δεῦτε,
3453 3725 3674 3795 φάγετε,
3725 3724 3904 3778 πάντα

2345 3817 2415 3870 τὰ
2466 3817 2627 3890 θηρία
2681 3816 2776 3870 τοῦ
2818 3816 3044 3888 δρυμοῦ.
3086 3837 3103 3869 ι
3150 3817 3230 3871 Τὰ
3259 3818 3317 3871 δὲ
3347 3818 3508 3890 θηρία
3537 3817 3607 3870 τὰ
3636 3817 3773 3887 μετά
3807 3816 3899 3869 τοῦ

2362 3908 2575 3979 Ἰσραὴλ
2602 3908 2938 3977 συναγόμενα
2977 3908 3025 3959 oi
3057 3905 3311 3971 ἐξέθνῶν
3349 3907 3663 3978 προσιόντες
3693 3906 3772 3976 τῷ
3817 3905 3900 3958 λό-

2348 4014 2429 4068 γῳ
2469 3993 2577 4052 εἷεν
2623 3998 2708 4062 ἂν,
2760 3997 2853 4060 οὓς
2889 3998 3228 4053 ἀνακαλεῖται
3258 3997 3430 4066 λέγων
3455 4014 3471 4028 ο
3531 4016 3550 4049 ι
3587 3996 3770 4061 Δεῦτε,
3799 3995 3898 4065 φά-

2348 4105 2503 4155 γετε,
2551 4087 2726 4141 πάντα
2770 4087 2839 4140 τὰ
2891 4087 3052 4159 θηρία
3103 4087 3196 4141 τοῦ
3247 4087 3471 4158 δρυμοῦ.
3514 4106 3534 4140 ι
3588 4087 3797 4158 Δρυμὸν
3843 4085 3898 4138 δέ

2354 4178 2609 4243 πολλάκις
2662 4179 3036 4250 τετηρήκαμεν
3075 4178 3140 4231 τὸ
3186 4177 3387 4249 πλῆθος
3430 4176 3540 4230 τῶν
3595 4175 3896 4244 ἀλλοφύλων

2350 4268 2518 4321 ἐθνῶν
2537 4265 2798 4336 λελέχθαι.
2828 4264 2987 4318 Ταῦτ’
3021 4261 3114 4318 οῦν
3152 4264 3222 4318 τὰ
3273 4263 3435 4336 θηρία
3476 4262 3576 4332 τῆς
3622 4261 3713 4314 τοῦ
3767 4257 3894 4314 Θεοῦ

2350 4359 2596 4427 κλήσεως
2623 4355 2885 4421 καταξιοῖ,
2918 4355 3011 4409 καὶ
3041 4357 3117 4419 εἰς
3138 4346 3374 4410 ἐπίασιν
3402 4351 3769 4408 ἀνακαλεῖται.

771 4507 936 4564 Vens.
967 4507 1051 4562 10.
1075 4528 1094 4561 ι
1122 4510 1304 4565 Videte
1324 4511 1574 4580 quoniam
1603 4513 1855 4567 excaecati
1881 4521 2006 4566 sunt
2027 4521 2241 4564 omnes:

2431 4514 2449 4546 ι
2481 4494 2666 4556 Ἴδετε,
2693 4492 2774 4544 ὅτι
2804 4489 3233 4558 ἐκτετύφλωνται
3255 4487 3453 4548 πάντες
3473 4502 3487 4516 ”
3522 4484 3620 4538 οὐκ
3643 4484 3895 4550 ἔγνωσαν·

704 4613 805 4653 non
837 4610 1099 4657 noverunt
1135 4618 1148 4655 :
1177 4615 1334 4656 canes
1368 4603 1498 4656 muti
1532 4612 1677 4668 sunt,
1725 4619 1831 4657 non
1879 4601 2130 4656 valebunt
2174 4599 2250 4652 la-

705 4701 868 4755 trare,
921 4692 1252 4747 somniantes
1292 4693 1488 4760 cubile,
1532 4704 1586 4749 et
1629 4704 1872 4750 amantes
1919 4691 2250 4748 dormitatio-

704 4795 846 4835 nem.
875 4798 895 4831 ι
916 4781 984 4835 Ει
1014 4781 1318 4848 huiusmodi
1357 4784 1570 4852 quidem
1593 4795 1748 4840 erant
1777 4785 2079 4842 Judzeorunt
2110 4783 2254 4853 prin-

702 4872 867 4939 cipes,
893 4887 1019 4941 erga
1045 4881 1357 4941 extraneos,
1393 4875 1546 4944 queis
1574 4877 1868 4948 advigilare
1898 4892 2033 4946 opus
2062 4883 2180 4930 erat
2201 4883 2256 4927 et

703 4965 989 5028 excubare,
1023 4975 1183 5034 atque
1212 4977 1400 5020 contra
1444 4967 1694 5024 inimicos
1727 4969 1924 5023 latrare
1953 4986 1967 5021 :
2000 4981 2124 5036 erga
2155 4965 2252 5020 do-

703 5057 953 5110 mesticos
991 5072 1117 5112 vero
1145 5057 1479 5127 impudentes
1507 5069 1683 5125 erant,
1717 5060 2030 5114 devorantes
2062 5067 2252 5127 pecora

704 5146 800 5200 sub
829 5159 1015 5201 eorum
1043 5147 1303 5217 regimine
1325 5149 1518 5218 posita.

771 5276 937 5335 Vens.
987 5281 1079 5335 ll.
1127 5299 1148 5332 ι
1194 5283 1260 5336 Et
1299 5297 1462 5338 canes
1519 5283 1855 5352 impudentes
1912 5285 2119 5346 animo,
2158 5296 2226 5336 ne

710 5371 937 5425 scientes
972 5372 1329 5427 saturitatem.
1387 5372 1451 5426 Et
1497 5383 1626 5427 sunt
1665 5375 1810 5437 mali,
1843 5374 2144 5428 nescientes
2174 5356 2274 5424 in:

710 5459 1050 5527 telligentiam
1089 5480 1102 5515 :
1134 5467 1367 5518 universi
1403 5465 1516 5518 vias
1543 5479 1670 5520 suas
1703 5465 1869 5519 secuti
1898 5474 2022 5518 sunt
2049 5480 2063 5516 :
2091 5477 2257 5516 unus-

711 5551 937 5618 quisque
988 5554 1279 5607 secundum
1337 5556 1410 5617 id,
1455 5557 1596 5624 quod
1643 5571 1794 5610 suum
1831 5564 1965 5608 erat.
2007 5574 2025 5605 ι
2060 5553 2174 5608 Non
2209 5555 2259 5606 in

714 5642 812 5696 viis
840 5641 952 5707 Dei,
983 5645 1077 5699 sed
1117 5645 1172 5699 in
1200 5645 1332 5713 suis,
1365 5647 1504 5716 quod
1534 5648 1994 5716 concupiscendus
2028 5661 2151 5703 suas
2167 5661 2262 5700 cx-

706 5734 848 5802 plsrc
861 5743 937 5786 nt.

2356 4585 2512 4648 κύνες
2541 4587 2678 4652 ἐνεοὶ
2697 4585 2756 4637 οὐ
2788 4584 3099 4654 δυνήσονται
3151 4580 3416 4638 ὑλακτεῖν,
3470 4575 3896 4646 ἐνυπνιαζόμενοι

2355 4678 2559 4752 κοίτην,
2590 4675 2864 4745 φιλοῦντες
2896 4672 3170 4736 νυστάξαι.
3202 4689 3222 4722 ι
3253 4672 3363 4725 Καὶ
3400 4670 3628 4725 τοιοῦτοι
3652 4670 3749 4740 μὲν
3769 4665 3898 4741 ἦσαν

2356 4770 2404 4822 oi
2435 4769 2540 4822 τῶν
2575 4767 2840 4822 Ἰουδαίων
2869 4766 3122 4836 ἄρχοντες
3150 4763 3285 4834 πρὸς
3311 4762 3434 4826 τοὺς
3458 4763 3630 4826 ἐκτὸς,
3656 4762 3789 4833 πρὸς
3813 4759 3896 4822 οὓς

2359 4862 2464 4914 ἔδει
2498 4859 2849 4931 ἐγρηγορέναι
2878 4857 2971 4909 καὶ
3003 4857 3216 4927 νήφειν,
3256 4854 3349 4906 καί
3378 4853 3517 4907 κατά
3554 4853 3661 4906 τ’ῶν
3701 4851 3898 4923 ἐχθρῶν

2363 4953 2604 5007 ὑλακτεῖν
2630 4971 2642 4982 ·
2683 4953 2817 5023 πρὸς
2835 4951 2890 5003 δὲ
2915 4952 3037 5013 τοὺς
3063 4949 3294 5012 οἰκείους
3312 4948 3544 5011 ἀναιδεῖς
3563 4964 3705 5012 τινες
3735 4946 3901 5016 ὑπῆρ-

2359 5062 2471 5116 χον,
2500 5044 2868 5107 κατεσθίοντες
2889 5042 2956 5095 τὰ
2979 5041 3070 5095 ὑπ’
3088 5042 3270 5107 αὐτοῖς
3307 5039 3697 5115 ποιμαινόμενα
3748 5038 3904 5110 θρέμ-

2361 5155 2520 5209 ματα.

2435 5294 2453 5326 ι
2489 5277 2600 5330 Καὶ
2650 5277 2699 5326 oi
2748 5273 2905 5336 κύνες
2953 5271 3189 5334 ἀναιδεῖς
3249 5272 3314 5341 τῇ
3360 5268 3527 5339 ψυχῇ,
3567 5267 3666 5320 οὑκ
3715 5263 3902 5326 εἰδότες

2369 5369 2694 5440 πλησμονήν.
2729 5366 2835 5419 Καί
2863 5367 2966 5418 εἰσι
3001 5363 3224 5436 πονηροὶ
3253 5362 3354 5415 οὐκ
3404 5361 3602 5422 εἰδότες
3655 5358 3862 5412 σύνεσιν
3885 5370 3897 5387 ⁸

2368 5459 2562 5522 πάντες
2600 5461 2720 5520 ταῖς
2773 5457 2909 5520 ὁδοῖς
2965 5454 3143 5509 αὐτῶν
3189 5452 3634 5524 ἐξηκολούθησαν,
3691 5449 3896 5510 ἕκαστος

2366 5552 2504 5606 κατά
2532 5550 2592 5603 τὸ
2612 5548 2802 5602 ἐαυτοῦ
2827 5565 2840 5577 ·
2888 5567 2906 5598 ι
2928 5549 2987 5600 ού
3030 5549 3146 5609 ταῖς
3169 5546 3306 5608 ὁδοῖς
3332 5544 3423 5597 τοῦ
3456 5543 3609 5608 Θεοῦ,
3634 5541 3765 5596 ἀλλὰ
3798 5540 3905 5604 ταῖς

2368 5639 2570 5695 ἑαυτῶν
2600 5638 2683 5691 διὰ
2718 5637 2810 5690 τοῦ
2833 5636 2896 5690 τὰ
2928 5635 3232 5706 καταθύμια
3252 5635 3429 5697 αὐτοῖς
3456 5634 3732 5704 πράττειν.
