4128 6294
205 432 299 492 4⁸13

718 538 1113 595 ΚΕΦΔΛΔῘυΝ
1152 538 1276 593 ΝΖ’.

262 648 288 683 ι
323 631 513 699 Ἴδετε,
546 633 625 695 ὼς
650 632 855 695 δίκαιος
886 630 1153 693 ἀπώλετο,
1182 628 1278 683 καὶ
1307 627 1485 691 οὐδεὶς
1508 626 1777 697 ἐνδέχεται

202 725 262 793 τῇ
288 722 515 794 καρδίᾳο
556 723 652 777 καὶ
697 723 887 795 ἄνδρες
910 723 1108 776 δίκαιοι
1156 721 1421 791 αἴρονται,
1475 719 1572 771 καὶ
1607 718 1779 781 οὐδεὶς

204 813 466 864 κατανοεῖ.
480 811 623 864 Ἀπὸ
637 810 746 882 γὰρ
760 810 1048 882 προσώπου
1065 804 1453 881 ἁδικίαςῆρται
1472 810 1501 862 ὁ
1516 806 1739 871 δίκαιος.
1754 826 1772 858 ι

202 902 303 954 Καὶ
332 901 449 963 πῶς
475 899 707 972 ἔμελλον
739 906 1018 957 κατανοεῖν
1047 903 1095 955 οί
1141 901 1241 965 τὰς
1271 900 1449 972 ψυχὰς
1472 899 1665 969 τυφλοί
1682 915 1699 965 ;
1728 900 1777 951 ει

203 991 303 1061 γὰρ
336 990 409 1061 μὴ
446 988 627 1055 οὕτως
688 988 852 1063 εἶχον,
910 992 1015 1047 κᾶν
1060 990 1246 1064 ἑώρων
1291 992 1381 1045 τὸν
1414 991 1641 1055 δίκαιον,
1685 991 1779 1045 καὶ

206 1082 448 1133 συνίεσαν
468 1081 575 1152 τὴν
608 1082 813 1137 ἑαυτῶν
838 1082 1151 1151 οἰκονομίαν
1178 1099 1192 1113 ·
1229 1082 1343 1136 ἀλλ’
1363 1084 1411 1135 οἰ
1463 1082 1563 1153 μὲν
1588 1080 1779 1150 τυφλοὶ

202 1169 340 1233 ὄντες
366 1170 462 1223 καὶ
490 1171 656 1237 κύνες
682 1172 917 1237 ἀναιδεῖς
953 1189 1176 1226 τοιαυτα
1218 1176 1357 1226 κατὰ
1389 1173 1497 1227 τῶν
1555 1172 1778 1228 δικαίων

202 1259 431 1328 ιτόλμων
454 1276 468 1289 ·
494 1262 547 1313 ol
580 1259 639 1315 δὲ
661 1264 719 1316 ιν
744 1263 935 1334 εἰρήνη
956 1261 1061 1316 ὑπὸ
1114 1261 1217 1319 τοῦ,
1245 1261 1379 1318 Θεοῦ
1422 1262 1777 1335 παρελαμϐά-

205 1363 361 1403 vom.

266 1456 285 1489 ι
320 1440 515 1494 Ἔσται
549 1442 611 1493 ὲν
650 1442 842 1514 εἰρήνῃ
874 1442 906 1512 ἡ
939 1442 1083 1513 ταφὴ
1110 1442 1297 1506 αὐτοῦ,
1353 1438 1517 1513 ἦρται
1564 1444 1629 1496 ὲκ
1681 1444 1773 1497 τοῦ

205 1527 382 1600 μέσου.
412 1549 435 1581 ι
468 1531 633 1584 Εἴποι
658 1530 704 1584 δ’
736 1531 802 1584 ἄν
830 1548 915 1595 τις
959 1532 1217 1587 δύνασθαι
1274 1532 1447 1586 ταῦτα
1488 1534 1774 1603 ἁρμόττειν

201 1616 286 1671 καὶ
319 1617 395 1687 τῷ
434 1618 655 1689 Σωτῆρι
689 1620 783 1672 καὶ
821 1622 933 1682 τοῖς
957 1618 1226 1691 μαθηταῖς
1272 1620 1435 1674 αὐτοῦ
1486 1624 1599 1685 τοῖς
1671 1622 1775 1674 ὑπὸ

199 1706 287 1759 τοῦ
327 1708 603 1762 Ἰουδαίων
654 1707 840 1772 ἔθνους
885 1709 1455 1781 ἐπιϐεϐουλευμένοις
1510 1713 1642 1767 ἀλλὰ
1682 1716 1774 1767 καὶ

200 1796 289 1866 τὴν
314 1796 618 1852 ἀνάστασιν
642 1798 734 1852 τοῦ
759 1799 1011 1871 Σωτῆρος
1033 1802 1194 1872 ἡμῶν
1220 1804 1555 1858 αἰνίττεσθαι
1594 1806 1654 1858 τὸ
1688 1805 1775 1859 λὸ-

1116 420 1623 482 COMMENTARIA
1661 420 1729 475 IN
1767 418 2021 476 ISAIAM.
2044 449 2109 459 —
2149 414 2303 472 CAP.
2342 410 2497 467 LVII.

1800 540 1848 596 Α

3348 393 3455 450 tu
3474 462 3478 467 ,

2452 520 2682 582 CAPUT
2721 516 2876 574 LVII.

1948 626 2110 680 Vens.
2134 625 2184 677 Ι.
2226 640 2244 673 ι
2282 618 2473 675 Videte
2501 612 2770 685 quomodo
2794 610 2974 679 justus
3000 603 3178 675 periit,
3211 612 3265 655 et
3294 612 3455 653 nemo

1877 716 2100 785 suscipit
2125 714 2289 768 corde
2319 727 2335 764 :
2364 716 2419 761 et
2448 706 2549 762 viri
2599 703 2731 773 justi
2771 700 3052 761 tolluntur,
3082 706 3138 750 et
3166 692 3344 749 nullus
3369 697 3452 744 est
3560 736 3563 737 ν

1877 808 1967 877 qui
1994 784 2314 861 consideret.
2351 798 2485 854 Nam
2532 811 2562 850 a
2590 794 2726 850 facie
2756 788 3058 859 iniquitatis
3102 784 3347 840 sublatus
3368 786 3455 836 est

1871 867 2069 967 justus.
2098 911 2117 945 ι
2146 892 2213 947 Et
2228 889 2500 961 quomodo
2536 881 2965 941 considerarent,
2989 875 3080 946 qui
3103 872 3299 926 animis
3323 867 3452 923 eieci

1876 961 2036 1041 erant
2068 998 2081 1034 :
2114 996 2239 1037 nam
2274 981 2316 1035 si
2346 995 2452 1034 non
2476 977 2551 1036 ita
2582 988 2641 1029 se
2664 968 3001 1031 habuissent,
3029 964 3221 1020 saltem
3242 961 3449 1028 justum

1876 1076 2136 1130 vidissent
2171 1082 2226 1127 et
2265 1084 2421 1125 suam
2462 1066 2563 1136 ipsi
2616 1059 2971 1118 meonomiam
3012 1054 3325 1110 novissent:
3353 1048 3451 1105 sed

1874 1182 1996 1224 cum
2022 1165 2171 1229 casei,
2190 1174 2247 1218 et
2276 1175 2443 1217 canes
2484 1157 2825 1226 impudentes
2848 1157 3050 1211 essent,
3107 1144 3233 1199 talia
3260 1150 3450 1197 contra

1870 1252 2044 1327 iustos
2080 1254 2295 1326 aggredi
2340 1249 2624 1307 audebant
2656 1244 2828 1318 :justi
2881 1254 3012 1297 vero
3053 1236 3216 1292 aDeo
3241 1235 3293 1311 in
3320 1245 3453 1302 pace

1873 1348 2325 1418 suscipiebantur.

1948 1442 2114 1499 Vens.
2142 1444 2197 1496 2.
2241 1460 2260 1493 ι
2297 1439 2417 1494 Erit
2437 1438 2493 1492 in
2515 1449 2647 1505 pace
2674 1429 2946 1501 sepultura
2974 1425 3114 1495 eius,
3137 1421 3343 1478 sublata
3362 1427 3450 1476 est

1872 1539 1939 1593 de
1976 1537 2175 1591 medio.
2218 1552 2238 1585 ι
2281 1530 2493 1587 Dixerit
2536 1526 2804 1598 quispiam
2837 1525 2952 1578 hac
2999 1529 3054 1575 et
3102 1515 3365 1573 Salvator-i
3392 1521 3450 1569 et

1872 1626 2149 1697 discipulis
2180 1622 2297 1693 ejus
2343 1631 2685 1689 competere,
2740 1614 2831 1685 qui
2866 1630 2896 1668 a
2925 1610 3146 1667 Iudaica
3178 1617 3337 1679 gente
3368 1605 3451 1660 in-

1872 1717 2027 1772 sidiis
2047 1716 2442 1786 appetebantur
2474 1727 2488 1764 :
2523 1709 2617 1765 sed
2640 1707 2802 1761 etiam
2850 1706 2941 1760 hic
2980 1700 3283 1786 Salvatoris
3310 1711 3447 1768 quo-

1874 1820 1976 1876 que
2004 1783 2174 1860 nostri
2214 1800 2683 1858 resurrectionem
2728 1783 3040 1850 adumbrari
3068 1788 3452 1861 pronuntiave-

200 1887 306 1953 γιόν
330 1905 499 1959 φησι·
535 1888 634 1943 τοῦ
692 1891 790 1961 μὲν
831 1890 1064 1946 Θανάτου
1107 1893 1196 1947 διὰ
1239 1894 1337 1965 τῆς
1365 1896 1543 1965 ταφῆς
1606 1897 1767 1950 αὑτοῦ

1875 1899 1946 1952 rit
1982 1912 1997 1949 :
2031 1897 2103 1950 ita
2134 1904 2195 1949 ut
2225 1908 2374 1949 mors
2400 1892 2517 1961 ejus
2558 1903 2656 1959 per
2708 1886 3066 1957 sepulturam,
3120 1880 3450 1938 resurrectio

196 1977 532 2050 δηλουμένω,
561 1983 662 2052 τῆς
693 1984 739 2037 δ’
767 1984 1115 2049 ἀναστάσεως
1138 1985 1225 2040 διὰ
1251 1985 1369 2050 τοῦ,
1436 2005 1456 2038 ι
1495 1987 1675 2058 Ἠρθη
1707 1991 1772 2043 ὲκ

199 2069 283 2121 τοῦ
316 2071 483 2140 μέσου
518 2076 718 2146 ήταφη
748 2075 935 2129 αὑτοῦ.
980 2094 999 2127 ι
1050 2076 1285 2148 ’Δφανὴς
1329 2078 1519 2147 γέγονε
1569 2080 1657 2133 διὰ
1712 2082 1772 2134 τὸ

202 2159 269 2230 μὴ
298 2162 588 2233 ἀπομεῖναι
623 2164 785 2218 αὐτὸν
813 2168 872 2220 ὲν
892 2165 971 2237 τῷ
1001 2167 1103 2237 τῆς
1141 2170 1319 2239 ταφῆς
1344 2170 1493 2241 τόπῳ
1521 2188 1534 2200 ·
1590 2170 1710 2225 ὅθεν
1741 2174 1770 2223 ὁ

198 2248 414 2315 ἄγγελος
458 2252 690 2315 ἐπιστὰς
719 2257 837 2325 ταῖς
895 2254 1137 2323 γυναιξὶν
1191 2256 1343 2325 ἔλεγε
1367 2274 1381 2287 ο
1440 2278 1458 2309 ι
1494 2258 1625 2312 Τίνα
1677 2258 1774 2331 ζη-

196 2341 365 2406 τεῖτε;
422 2342 674 2414 Ἰησοῦν;
718 2345 832 2399 Οὐκ
885 2344 1032 2399 εστιν
1082 2344 1212 2403 ὧδε·
1252 2348 1426 2413 δεῦτε,
1485 2350 1619 2405 ἴδετε
1679 2353 1769 2406 τὸν

200 2428 352 2484 τόπον
376 2433 568 2487 αὑτοῦ.
611 2453 631 2489 ι

269 2540 287 2573 ι
322 2522 512 2594 Ὑμεῖς
540 2525 599 2579 δὲ
623 2528 1001 2598 προσαγάγετε
1038 2522 1161 2595 ὦδε,
1210 2532 1314 2584 υἱοὶ
1361 2532 1572 2602 ἄνομοι,
1602 2531 1769 2603 σπέρ-

202 2628 271 2681 μα
295 2616 494 2685 μοιχῶν
523 2619 618 2672 καὶ
648 2620 873 2693 πόρνης.
914 2622 1003 2675 Ἐν
1051 2622 1155 2676 τίνι
1195 2625 1631 2695 ὲνετρυφήσατε;
1674 2624 1767 2677 καὶ

201 2705 284 2759 ἐπὶ
327 2708 448 2761 τίνα
493 2710 743 2779 ὴνοίξατε
784 2714 848 2767 τδ
903 2714 1076 2785 στόμα
1129 2714 1321 2785 ὑμῶν;
1374 2717 1467 2770 καὶ
1515 2717 1606 2769 ἐπὶ
1650 2717 1768 2771 τίνα

201 2795 486 2864 δχαλάσατε
506 2801 609 2873 τὴν
627 2801 877 2869 γλῶσσαν
909 2804 1097 2877 ὐμῶν;
1119 2806 1231 2875 Οὐχ
1271 2806 1431 2877 ὑμεῖς
1448 2808 1571 2860 ἐστε
1599 2809 1767 2861 τέκνα

199 2884 478 2956 ἀπωλείας,
530 2893 753 2964 σπέρμα
796 2895 1057 2967 ,ἀνόμωνς
1109 2916 1130 2949 ι
1187 2899 1262 2951 Οὐ
1313 2902 1420 2969 γὰρ
1473 2898 1620 2964 ἄξιον
1672 2900 1765 2953 τοῦ

210 2976 447 3051 Ἀϐραὰμ
474 2982 572 3036 καὶ
602 2983 705 3055 τῆς
731 2986 948 3057 Σάῥρσις
978 2989 1144 3043 τέκνα
1165 2991 1308 3060 ὑμᾶς
1335 2990 1518 3044 καλεῖν
1544 3008 1557 3022 ·
1580 2994 1627 3044 εί
1656 2992 1765 3063 γὰρ

200 3068 352 3124 τέκνα
404 3072 501 3125 τοῦ
546 3073 793 3147 Ἀϐραὰμ
840 3072 971 3147 ἦτε,
1027 3079 1098 3132 τὰ
1156 3080 1293 3151 ἔργα
1350 3080 1442 3133 τοῦ
1519 3081 1767 3152 Ἀϐραὰμ

202 3158 437 3213 ἐποιεῖτε.
465 3164 705 3235 Μοιχοὺς
729 3166 773 3219 δ’
803 3164 943 3219 οἶδεν
977 3168 1006 3219 ὁ
1033 3167 1192 3236 λόγος
1222 3169 1405 3223 καλεῖν
1435 3172 1562 3235 τοὺς
1594 3172 1763 3225 πάλαι

202 3248 721 3323 εἰδωλολατροῦντας,
746 3258 874 3327 περὶ
913 3250 988 3311 ὧν
1033 3257 1244 3331 εἴρηται
1267 3276 1280 3289 ·
1321 3278 1340 3311 ι
1376 3260 1487 3313 Καὶ
1513 3262 1761 3331 ἐμοίχευ-

204 3360 290 3397 trav
315 3348 375 3401 τὸ
407 3348 562 3413 ξύλον
594 3352 697 3419 καί
723 3352 815 3405 τὸν
847 3351 993 3406 λίθον
1015 3370 1027 3382 ·
1062 3372 1082 3405 ι
1120 3354 1323 3425 πόρνην
1344 3354 1401 3407 δὲ
1442 3356 1540 3426 τὴν
1570 3356 1764 3427 Ἰερου-

187 3432 365 3506 ισαλὴμ
390 3436 581 3508 ἐδήλου
610 3437 699 3492 διὰ
738 3439 846 3493 τῶν
879 3440 1187 3514 ἔμπροσθεν
1224 3444 1253 3495 ὀ
1304 3440 1491 3511 παρὼν
1555 3445 1764 3513 προφή-

201 3538 302 3592 της.
334 3525 584 3580 Μάλιστα
606 3527 716 3599 γὰρ
736 3529 913 3583 αὐτῶν
941 3529 1040 3600 τὴν
1071 3530 1321 3597 γλῶσσαν
1355 3532 1533 3584 καὶτὸ
1591 3533 1763 3603 στόμα

203 3618 527 3672 καταιτιᾶται
551 3618 640 3672 διὰ
666 3618 765 3682 τὰς
798 3619 938 3673 κατὰ
958 3620 1052 3673 τοῦ
1078 3621 1332 3692 Σωτῆρος
1358 3623 1561 3692 φωνὰς,
1581 3624 1674 3676 καὶ⁹
1698 3622 1763 3687 ἃς

202 3707 350 3761 είσέτι
379 3711 471 3763 καὶ
498 3710 596 3764 νῦν
621 3712 743 3765 κατ’
771 3711 938 3765 αὐτοῦ
970 3713 1248 3767 ποιοῦνται
1275 3714 1639 3785 βλασφημίας.
1674 3715 1763 3768 Διό

203 3812 381 3868 φησιν·
448 3819 468 3853 ι
511 3802 635 3854 Ἐπὶ
695 3802 827 3856 τίνα’
857 3802 1103 3872 ἠνοίξατε
1144 3805 1207 3857 τὸ
1239 3805 1415 3876 στόμα
1446 3805 1636 3875 ὑμῶν;
1669 3807 1763 3858 καὶ

202 3888 284 3942 hil.
303 3890 419 3944 τίνα
464 3893 767 3962 ὲχαλάσατε
796 3893 894 3973 τὴν
937 3893 1189 3962 γλῶσσαν
1220 3896 1402 3966 ὑμῶν;
1443 3897 1554 3967 Οὐχ
1607 3898 1763 3967 ὑμεῖς

202 3977 313 4032 ἐστε
331 3979 491 4035 τέκνα
523 3983 833 4048 ἀπωλείαςς
864 4003 884 4036 ι

264 4084 283 4118 ι
314 4070 373 4123 Ol
415 4071 862 4142 παρακαλοῦντες
910 4073 1104 4126 εἴδωλα
1165 4075 1271 4128 ὑπὸ
1321 4075 1513 4146 δένδρα
1574 4076 1758 4141 δασέα,

204 4156 481 4225 σφάζοντες
541 4160 611 4215 τὰ
642 4162 809 4215 τέκνα
860 4163 1039 4217 αὐτῶν
1065 4167 1144 4226 ,ὲν
1173 4169 1295 4229 ταῖς
1326 4166 1597 4236 φάραγξιν
1658 4169 1760 4222 ἀνὰ

203 4245 351 4309 μέσον
376 4250 484 4304 τῶν
514 4251 751 4322 πετρῶν.
804 4252 1017 4324 Έκείνη
1052 4271 1145 4307 σου
1172 4258 1205 4326 ἡ
1257 4259 1434 4328 μερὶς,
1470 4252 1621 4319 οὗτός
1666 4275 1760 4311 σου

200 4334 458 4409 ὁκλῆρος·
515 4341 790 4405 κάκείνοις
824 4342 1045 4413 ἐξέχεας
1105 4346 1355 4411 σπονδὰς,
1406 4349 1501 4401 καὶ
1551 4348 1760 4413 τούτοις

201 4426 483 4498 ἀνήνεγκας
503 4431 711 4495 θυσίας.
759 4434 882 4487 Ἐπὶ
922 4434 1132 4500 τούτοις
1165 4432 1258 4490 οὖν
1309 4440 1408 4491 οὐκ
1441 4439 1763 4511 ὀργισθήσο-

1869 1997 2071 2053 autem,
2101 1986 2188 2041 his
2211 1984 2414 2049 verbis,
2455 2000 2475 2034 ι
2505 1980 2729 2036 Sublata
2756 1987 2840 2033 est
2874 1976 2943 2032 de
2978 1975 3155 2031 medio
3175 1972 3450 2043 sepultura

1869 2080 2007 2150 ejus,
2042 2098 2061 2132 ι
2100 2078 2391 2133 indicetur.
2450 2074 2526 2130 De
2580 2073 2756 2127 medio
2804 2070 3045 2126 sublatus
3082 2079 3185 2130 est,
3221 2066 3345 2136 quia
3390 2064 3445 2119 in

1869 2171 1987 2227 loco
2029 2170 2321 2241 sepulturae
2359 2183 2465 2223 non
2508 2165 2706 2220 mansit
2748 2179 2763 2218 :
2800 2175 2969 2233 quare
3004 2158 3228 2227 angelus
3258 2155 3446 2211 mulie-

1870 2264 2019 2319 riius
2035 2271 2222 2316 astans
2246 2258 2499 2315 dicebat:
2528 2277 2547 2309 ι
2581 2256 2749 2323 Quem
2778 2251 3057 2324 quaeritis?
3078 2249 3263 2305 Iesum
3286 2244 3456 2302 2Non-

1867 2363 1951 2408 est
1997 2352 2102 2409 hic.
2139 2350 2343 2417 venite,
2370 2349 2547 2407 videte
2574 2348 2749 2403 locum
2772 2344 2889 2413 ejus
2915 2345 2959 2397 '.
3000 2361 3020 2394 ι

1948 2527 2108 2584 Vens.
2143 2526 2199 2591 3,
2222 2526 2278 2583 4.
2303 2543 2322 2578 ι
2351 2525 2461 2580 Vos
2488 2532 2668 2577 autem
2695 2519 2945 2576 accedite
2971 2518 3097 2583 huc,
3123 2515 3218 2570 ﬁlii
3247 2512 3446 2584 iniqui,

1867 2632 2050 2673 semen
2069 2615 2435 2672 adulterorum
2449 2611 2842 2669 etmeretricis.
2862 2610 2915 2663 In
2936 2623 3097 2679 quem
3113 2602 3454 2663 iusultastis!

1868 2720 1923 2764 et
1957 2711 2012 2765 in
2042 2724 2201 2779 quem
2225 2705 2516 2778 aperuistis
2548 2718 2611 2759 os
2631 2702 2910 2758 vestrum?
2931 2710 2989 2756 et
3023 2701 3077 2754 in
3104 2713 3263 2768 quem
3298 2698 3449 2750 laxae

1868 2803 1965 2859 stis
2002 2803 2237 2873 linguam
2269 2797 2552 2855 vestram?
2599 2796 2790 2852 Nonne
2820 2808 2918 2848 vos
2963 2792 3097 2848 estis
3130 2791 3224 2845 ﬁlii
3261 2788 3447 2860 perdi-

1872 2894 2050 2959 tionis,
2078 2907 2261 2948 semen
2294 2890 2626 2962 impiorum?
2652 2907 2671 2941 ι
2713 2886 2899 2956 Neque
2945 2884 3089 2939 enim
3130 2883 3275 2953 digni
3314 2880 3451 2937 estis

1867 2986 1958 3054 qai
2009 2985 2246 3039 Abrahae
2295 2992 2350 3039 et
2398 2980 2546 3036 Sara:
2594 2978 2689 3033 ﬁlii
2737 2975 3050 3045 vocemini:
3088 2988 3209 3028 nam
3261 2971 3306 3026 si
3349 2970 3447 3026 ﬁlii

1868 3075 2098 3129 Abrahae
2136 3073 2353 3137 essetis,
2379 3087 2541 3141 opera
2565 3068 2799 3127 Abrahae
2828 3065 3101 3121 faceretis.
3156 3062 3452 3119 Adulteros
3502 3128 3503 3131 η

1866 3176 2045 3221 autem
2075 3164 2213 3221 solet
2230 3162 2508 3233 Scriptura
2526 3174 2721 3217 vocare
2740 3173 2857 3224 eos,
2873 3157 2963 3227 qui
2979 3156 3108 3212 olim
3128 3154 3448 3210 idololatria

1866 3258 2034 3315 dediti
2084 3267 2261 3322 erant,
2292 3257 2363 3311 de
2401 3254 2596 3326 quibus
2621 3254 2841 3316 dicitur,
2898 3268 2918 3303 ι
2964 3250 3033 3304 Ει
3072 3248 3449 3304 adulterarunt

1864 3350 2065 3420 lignum
2094 3347 2390 3417 etlapidem
2414 3364 2427 3399 :
2470 3364 2489 3397 ι
2518 3342 2854 3399 meretricem
2873 3355 3000 3396 vero
3019 3338 3448 3407 Hierosolymam

1865 3443 1953 3496 hic
1993 3440 2254 3510 propheta
2300 3436 2549 3507 superius
2601 3434 2953 3502 nuncupavit.
3003 3430 3204 3485 Eorum
3246 3427 3449 3497 quippe

1864 3529 2101 3600 linguam
2133 3538 2190 3583 et
2228 3541 2293 3582 os
2332 3527 2386 3581 in
2438 3526 2644 3582 crimen
2702 3522 2939 3578 maxime
2986 3528 3167 3588 vocat,
3222 3525 3449 3589 propter

1865 3620 1984 3675 illas
2021 3629 2209 3675 contra
2234 3618 2572 3673 Salvatorem
2604 3616 2832 3670 emissas
2872 3626 3056 3677 voces,
3095 3621 3151 3666 et
3191 3609 3260 3664 ob
3291 3607 3449 3664 blas-

1854 3710 2058 3780 Aphema
2105 3708 2293 3772 verba,
2324 3722 2442 3777 qua:
2478 3705 2747 3773 hodieque
2784 3702 3040 3756 adversus
3085 3699 3236 3755 illum
3262 3695 3446 3767 profe-

1867 3813 2012 3859 ruut.
2083 3801 2419 3870 Quapropter
2476 3798 2577 3862 ait,
2634 3813 2655 3847 ι
2707 3796 2765 3848 In
2822 3808 2982 3864 quem
3047 3790 3333 3861 aperuistis
3378 3803 3447 3844 os

1862 3905 2127 3958 vestrum,
2174 3902 2231 3946 et
2282 3891 2543 3959 inrquem
2600 3886 2825 3941 laxastis
2878 3885 3118 3953 linguam
3164 3879 3447 3937 vestram?

1862 3984 2053 4041 Nonne
2080 3999 2177 4039 vos
2208 3983 2341 4037 estis
2369 3981 2465 4036 ﬁlii
2497 3976 2906 4050 perditionis?»

1935 4074 2099 4129 Vens.
2146 4073 2202 4139 5,
2231 4073 2287 4127 6.
2330 4088 2349 4122 ι
2380 4070 2484 4137 Qui
2529 4067 2808 4138 advocatis
2858 4063 3000 4119 idola
3026 4064 3126 4118 sub
3157 4060 3446 4117 arboribus

1860 4165 2066 4234 opacis,
2098 4162 2187 4232 qui
2240 4160 2503 4232 iugulatis
2561 4158 2702 4212 ﬁlios
2748 4163 2959 4209 vestros
3011 4152 3067 4206 in
3100 4150 3356 4216 vallibus,
3386 4149 3443 4206 in

1863 4254 2039 4309 medio
2093 4262 2391 4322 petrarum.
2440 4249 2565 4303 Haec
2604 4246 2782 4317 portio
2828 4252 2943 4310 tua,
2974 4242 3089 4297 haec
3114 4255 3244 4296 sors
3297 4249 3440 4294 tua:

1860 4356 1916 4400 et
1942 4346 2049 4400 illis
2070 4343 2304 4398 eﬂ'udisti
2336 4341 2618 4403 libamina,
2651 4346 2706 4393 et
2742 4337 2852 4392 illis
2880 4332 3123 4389 obtulisti
3146 4330 3437 4387 sacriﬁcia.

1864 4435 2035 4505 Super
2055 4436 2140 4490 his
2167 4448 2297 4502 ergo
2327 4447 2433 4486 non
2466 4428 2716 4485 irascar?
2746 4447 2765 4480 ι
2821 4427 2917 4482 His
2963 4425 3111 4481 clare
3137 4422 3441 4479 ostenditur

206 4531 324 4583 μαις
358 4537 376 4568 ι
409 4519 604 4588 Σαφῶς
634 4520 693 4574 δὲ
724 4520 812 4575 διὰ
844 4522 1049 4575 τούτων
1102 4524 1373 4580 δείκνυται
1422 4531 1456 4598 ὴ
1510 4529 1758 4598 παροῦσα

1867 4529 2001 4582 hanc
2019 4526 2351 4597 prophetiam
2397 4520 2697 4578 idololatria
2723 4520 2814 4589 qui
2843 4529 3085 4588 tempore
3114 4515 3264 4571 Isaiae
3286 4521 3442 4569 erant

202 4611 485 4679 προφητεία
505 4613 618 4674 τοῖς
651 4611 793 4665 κατὰ
816 4612 943 4675 τοὺς
967 4614 1193 4684 χρόνους
1225 4616 1446 4670 Ἡσαΐου
1495 4616 1590 4671 τοῦ
1625 4635 1757 4690 προ-

204 4698 356 4769 φήτου
384 4702 797 4774 εἰδωλολάτραις
827 4705 1189 4776 ἁρμόττουσα.

264 4808 281 4841 ι
314 4792 423 4844 Ἐπ’
450 4794 575 4865 ὅρος
602 4793 804 4863 ὑψηλὸν
827 4796 921 4849 καὶ
945 4798 1243 4869 μετέωρον,
1263 4800 1379 4852 ἐκεῖ
1402 4815 1495 4851 σου
1524 4802 1557 4870 ὴ
1582 4802 1755 4873 κοίτη,

205 4880 286 4932 καὶ
332 4883 443 4936 ἐκεῖ
497 4884 827 4949 ἀνεϐίϐασας
884 4885 1074 4950 θυσίας
1135 4905 1249 4942 σου.
1279 4907 1299 4941 ι
1346 4888 1503 4942 Κατὰ
1551 4888 1755 4955 ταῦτα,

206 4969 369 5038 φησὶν,
403 4971 702 5041 ἔπραττες,
734 4975 855 5029 οὐδὲ
886 4979 1283 5048 κεκρυμμένως
1345 4979 1578 5043 ἀσεϐῶν,
1624 4981 1759 5034 ἀλλὰ

206 5062 782 5134 πεπαρρησιασμένως·
833 5065 1003 5129 οὕτως
1029 5067 1104 5131 ὡς
1136 5070 1231 5121 καὶ
1285 5070 1371 5121 ἐπ’
1416 5070 1594 5125 αὐτῶν
1650 5072 1758 5125 τῶν

207 5141 557 5297 ὺῒαηςλοτάτων,
582 5149 724 5221 ὁρῶν
778 5155 1043 5209 ἐπιτελεῖν
1115 5156 1216 5221 τὰς
1285 5158 1601 5230 δαιμονικὰς
1667 5161 1759 5215 θυ-

210 5247 236 5282 σ
315 5276 330 5289 .

210 5247 330 5289 σιας.

268 5343 284 5374 ι
320 5327 423 5382 Καὶ
446 5331 622 5387 ὀπίσω
650 5334 759 5388 τῶν
785 5336 1039 5408 σταθμῶν
1071 5340 1169 5411 τῆς
1211 5340 1381 5411 θύρας
1413 5360 1506 5397 σου
1556 5343 1758 5414 ἔθηκας

212 5417 503 5505 μνημόσυνά
558 5439 673 5476 σου.
709 5426 858 5495 ’ῼου,
902 5429 1006 5492 ὅτι,
1043 5430 1139 5484 ἐὰν
1180 5434 1275 5486 ἀπ’
1307 5432 1441 5503 ἐμοῦ
1491 5436 1753 5505 ἀποστῇς,

211 5502 369 5607 πλεῖόν
398 5527 447 5607 τι
473 5513 636 5579 ἔξεις.
673 5518 993 5590 Ἠγάπησας
1036 5522 1161 5585 τοὺς
1195 5502 1569 5595 κοιμωμένους

212 5603 309 5650 σοῦ.
349 5603 437 5655 καὶ
494 5607 801 5679 ὲπλήθυνας
830 5611 929 5685 τὴν
982 5615 1235 5686 πορνείαν
1268 5633 1361 5669 σου
1410 5619 1530 5687 μετ’
1558 5616 1754 5679 αὐτῶν,

271 5774 457 5833 'llarc.
478 5794 599 5848 svnt,
617 5779 672 5837 6.

1862 4620 2171 4676 convenire.

1935 4799 2100 4856 Vens.
2135 4802 2188 4855 7.
2223 4819 2243 4851 ι
2281 4799 2454 4870 Super
2475 4806 2714 4853 montem
2746 4794 3018 4851 excelsum
3050 4802 3107 4848 et
3144 4791 3337 4855 altum,
3365 4787 3439 4843 ibi

1864 4893 2040 4948 cubile
2066 4903 2238 4955 tuum,
2274 4901 2329 4945 et
2362 4891 2489 4945 illuc
2532 4888 2804 4944 adduxisti
2860 4886 3129 4941 sacriﬁcia
3170 4895 3281 4940 tua.
3320 4902 3338 4935 ι
3373 4881 3443 4935 Ει

1864 4986 2000 5052 hac,
2041 4985 2233 5053 inquit,
2289 4983 2447 5052 egisti
2480 4996 2587 5035 non
2630 4980 2771 5035 clam
2800 4979 2967 5048 impie
2996 4992 3182 5047 agens,
3227 4976 3319 5030 sed
3346 4989 3443 5042 pa-

1858 5077 1970 5131 lam
2001 5084 2056 5131 et
2086 5074 2444 5137 conﬁdenter,
2483 5072 2555 5125 ita
2580 5079 2640 5125 ut
2675 5071 2839 5126 etiam
2870 5070 2923 5123 in
2951 5067 3264 5123 celsissimis
3288 5080 3439 5120 mon.

1867 5168 1998 5223 tium
2028 5166 2403 5222 cacuminibus
2430 5164 2692 5221 diabolica
2720 5160 2987 5218 sacriﬁcia
3025 5158 3271 5214 oﬁ'erres.

1933 5344 2101 5399 Vens.
2135 5344 2189 5408 8,
2232 5343 2285 5399 9.
2348 5362 2368 5395 ι
2406 5344 2473 5398 Ει
2500 5354 2647 5399 retro
2682 5352 2865 5413 postes
2911 5342 3035 5398 ostii
3093 5341 3169 5395 tui
3213 5340 3437 5409 posuisti

1864 5434 2197 5489 memorialia
2229 5444 2341 5488 tua.
2369 5434 2627 5497 Putabas,
2657 5433 2701 5485 si
2734 5448 2764 5485 a
2796 5446 2883 5487 me
2907 5430 3207 5494 recederes,
3252 5438 3301 5480 te
3322 5443 3438 5479 am-

1864 5525 2002 5594 plius
2048 5525 2175 5592 quid
2217 5524 2548 5579 habituram.
2598 5522 2841 5577 Dilexisti
2873 5521 3204 5577 dormientes
3234 5529 3436 5581 tecum,

1864 5628 1919 5675 et
1950 5617 2313 5687 multiplicasti
2364 5614 2749 5673 fornicationes
2780 5625 2897 5670 tuas
2925 5627 3049 5670 cum
3073 5613 3175 5674 eis,
3211 5611 3435 5665 multos~
