4128 6294
225 415 336 471 ᾹΊἸ

1176 430 1671 488 COMMENTARIA
1716 434 1778 488 IN
1821 437 2330 493 lSAlAM.-—-CAP.
2374 440 2547 497 LVIII.

3392 454 3497 504 478

238 556 265 588 ε
298 538 461 591 Πᾶσα
497 541 640 611 πνοὴ
678 542 943 595 αἰνεσάτω
969 544 1059 595 τὸν
1108 544 1331 613 Κύριον,
1376 567 1394 599 ι
1430 549 1521 601 καὶ
1560 556 1618 602 ὲν
1640 554 1705 619 τῇ
1741 568 1818 604 κο-

1934 571 1957 605 ι
1982 553 2169 610 Omnis
2197 557 2421 625 spiritus
2449 558 3015 625 laudetDmrinutﬂ";
3056 552 3200 610 Ieiin
3219 567 3495 621 creatione

244 631 514 703 σμοποιίᾳ
546 632 606 686 δὲ
638 634 1049 704 ἑμφυσήσαντος
1075 634 1169 687 τοῦ
1190 636 1323 689 Θεοῦ
1376 640 1590 708 ἐγένετο
1622 640 1830 713 ἀνθρω-

241 734 351 782 mc
385 722 466 785 εἰς
498 720 679 792 ψυχὴν
709 721 907 785 ζῶσαν-

326 827 348 861 ι
379 811 457 863 Δι’
490 812 763 881 ἁμαρτίαν
792 811 965 882 βραχύ
994 832 1045 868 τι
1072 816 1317 887 ἐλύπησα
1340 819 1523 886 αὐτὸν,
1560 820 1650 873 καὶ⁵
1696 822 1829 874 ἐπά-

238 901 391 967 ταξα
438 901 618 966 αὐτὸν,
668 902 762 955 καὶ
813 904 1131 977 ἀπέστρεψα
1173 909 1234 961 τὸ
1278 911 1566 980 πρόσωπόν
1602 930 1702 981 μου
1732 914 1828 967 ἀπ’
1904 908 1909 911 ’

234 990 439 1057 αὑτοῦ,
467 992 559 1045 καὶ
606 992 868 1065 ἐλυπήθη,
912 998 1003 1050 καὶ
1043 999 1312 1071 ἐπορεύθη
1367 1002 1590 1070 στυγνὸς
1621 1006 1678 1057 ὲν
1708 1008 1829 1069 ταῖς

237 1083 395 1146 ὁδοῖς
426 1081 615 1138 αὐτοῦ.
642 1084 756 1147 Τὰς
797 1086 949 1149 ὀδοὺς
990 1087 1156 1141 αὐτοῦ
1191 1088 1431 1161 ἑώρακα,
1469 1092 1562 1146 καὶ
1587 1094 1825 1165 ἰασάμην

232 1174 436 1241 αὑτὸν,
466 1174 561 1229 καὶ
601 1176 946 1247 παρεκάλεσα
974 1179 1152 1245 αὑτὸν,
1180 1181 1275 1235 καὶ
1329 1182 1503 1236 ἔδωκα
1534 1184 1682 1255 αὐτῷ
1720 1203 1825 1239 πα⁹

237 1266 517 1337 ράκλησιν
543 1267 819 1341 ἀληθινὴν,
845 1271 1067 1341 εἰρήνην
1094 1273 1180 1325 ἐπ’
1213 1274 1406 1347 είρήνῃ
1448 1278 1562 1339 τοῖς
1610 1277 1825 1347 μακρὰν

231 1358 343 1412 καὶ
366 1361 483 1424 τοῖς
509 1361 675 1429 ἔγγὺς
701 1357 840 1415 οὖσι.
872 1364 981 1417 Καὶ
1023 1358 1141 1417 εἷπε
1172 1364 1377 1437 Κύριος
1398 1383 1411 1397 ·
1453 1368 1696 1439 ’ἰάσομαι
1723 1370 1823 1423 αύ-

227 1448 397 1511 τούς.
426 1450 492 1501 Οί
515 1448 571 1502 δὲ
612 1450 785 1505 ἀδικοι
811 1452 1354 1524 κλυδωνισθήσονται,
1386 1458 1479 1511 καὶ
1509 1458 1824 1514 ἀναπαύσα-

232 1538 375 1592 σθαι
395 1541 456 1593 οὐ
491 1539 826 1611 δυνήσονται.
865 1544 981 1599 Οὐκ
1009 1544 1122 1598 ἔστι
1157 1546 1364 1617 χαίρειν
1394 1551 1505 1613 τοῖς
1547 1550 1819 1616 ἀσεϐέσιν,

231 1627 405 1684 εἶπεν
432 1633 463 1685 6
496 1630 647 1696 Θεός.
687 1651 707 1685 ι
741 1634 804 1686 Εἰ
835 1636 929 1687 καὶ
963 1636 1100 1707 πρὸς
1132 1636 1339 1708 βραχύν
1359 1644 1491 1693 ’τινα
1521 1642 1712 1712 καιρὸν
1730 1643 1822 1698 διά

228 1737 397 1785 τινας
444 1721 503 1789 ἐξ
532 1722 879 1795 ἀνθρωπίνης
908 1723 1190 1789 ἀσθενείας
1216 1729 1603 1799 ἑπιγενομένας
1640 1732 1819 1803 ἀμαρ-

226 1815 367 1877 τίας
410 1813 659 1885 ἐλύπησα
705 1816 832 1877 τοὺς
861 1817 1250 1887 ἡμαρτηκότας
1288 1820 1384 1873 καὶ
1435 1821 1701 1887 ἐπάταξα,
1730 1817 1819 1879 οἷα

232 1904 427 1976 πατὴρ
450 1906 598 1969 υἰοὺς
628 1906 913 1961 παιδεύων⁸
954 1926 974 1959 ι
1017 1909 1112 1962 ‘Ov
1134 1928 1155 1961 ι
1186 1910 1295 1983 γὰρ
1329 1929 1349 1963 ε
1382 1913 1571 1985 ἀγαπᾷ
1605 1914 1818 1986 Κύριος,

1932 1944 2229 2014 corripiens
2257 1964 2274 2001 :
2299 1961 2447 2014 nam,

231 1994 524 2049 παιδεύει·
558 2000 813 2067 μαστιγοῖ
839 1998 896 2052 δὲ
920 1997 1100 2054 πάντα
1129 2000 1243 2055 υἰδν
1274 2001 1335 2056 δν
1364 2005 1762 2075 παραδέχεται·
1796 2026 1815 2059 ι

228 2086 362 2141 ἀλλ’
393 2087 600 2159 ιπειδὴ,
632 2088 986 2161 συναίσθησιν
1008 2090 1263 2157 λαϐόντες
1282 2093 1379 2165 τῆς
1398 2096 1539 2167 ἐμῆς
1554 2097 1820 2163 παιδείας,

232 2176 549 2250 ἀλυπήθητε
577 2180 677 2252 τὴν
713 2180 853 2235 κατά
905 2181 1041 2259 θεὸν
1086 2183 1284 2254 λύπην,
1337 2187 1432 2240 καὶ
1490 2189 1822 2261 ἑπορεύθητε

230 2446 308 2501 τὰ
336 2449 515 2505 ταῦτα
565 2449 814 2523 πράξεις,
848 2454 943 2507 καὶ
968 2452 1064 2509 τοῦ
1098 2454 1216 2526 βίου
1244 2457 1343 2521 τάς
1372 2456 1547 2526 ὀδοὺς,
1581 2461 1819 2533 ἰασάμην

237 2537 391 2609 ὑμᾶς
440 2541 535 2594 καὶ
573 2542 924 2614 παρεκάλεσα
971 2545 1094 2610 δοὺς
1129 2548 1478 2619 παράκλησιν
1517 2551 1817 2625 ἀληθινήν·

235 2630 428 2684 πάντα
455 2631 564 2703 γὰρ
597 2634 728 2706 παρ’
757 2634 894 2706 ἐμοῦ
924 2637 1005 2700 είς
1035 2638 1163 2701 τοὺς
1191 2640 1358 2710 ιμοὺς
1385 2642 1619 2706 οἰκείους
1654 2658 1821 2716 χορη-

236 2719 484 2792 γούμενα
503 2722 734 2793 ἀληθινὰ
765 2727 1040 2798 τυγχάνει.
1088 2729 1287 2803 Διόπερ
1312 2735 1426 2796 τοῖς
1458 2733 1521 2786 ἑκ
1555 2733 1652 2804 τῆς
1680 2735 1818 2806 ἐμῆς

237 2810 487 2876 παιδείας
511 2815 922 2886 σωφρονισθείσι
954 2818 1297 2890 παράκλησιν
1324 2822 1580 2893 ἀληθινὴν
1611 2823 1817 2878 δέδωκα

237 2899 339 2954 καὶ
364 2902 665 2975 εἰρηνικὴν,
696 2904 794 2975 οὐχ
816 2905 995 2977 ἁπλῆν
1024 2924 1145 2962 τινα
1172 2910 1267 2964 καὶ
1296 2911 1651 2984 πρόσκαιρον,
1682 2914 1817 2969 ἀλλά

238 2988 847 3065 πολυπλασιαζομένηνο
895 2994 972 3059 ὡς
1010 2997 1104 3051 καὶ
1140 2998 1249 3052 ἀπὸ
1294 2998 1403 3053 τῶν
1454 3002 1620 3070 ἐγγὺς
1674 3001 1816 3074 ἔχειν

236 3077 433 3151 αὐτὴν,
467 3081 560 3135 καὶ
608 3082 719 3137 ἀπὸ
748 3084 860 3139 τῶν
899 3085 1091 3158 τιόρρω
1118 3088 1214 3141 καὶ
1246 3090 1463 3161 μακρὰν
1493 3092 1815 3165 ἀπῳκισμέ-

239 3183 375 3231 νοις.

739 3329 1130 3409 ιιΕοΔΑΑιοΝ
1164 3332 1298 3388 NH’.

313 3429 336 3463 ι
378 3413 703 3486 ’Δναδόησον
730 3419 971 3491 ὲνίσχύῐ,
1000 3423 1097 3476 καὶ
1133 3423 1207 3493 μὴ
1240 3424 1422 3497 ceston,
1449 3426 1525 3492 ὡς
1549 3428 1807 3497 σάλπιγγι

239 3501 454 3572 Mimanti
478 3503 577 3577 τὴν
610 3513 795 3579 φωνην
835 3526 952 3577 σου,
981 3513 1076 3566 καὶ
1094 3512 1416 3583 ἀνάγγειλον
1448 3517 1526 3588 τῷ
1553 3517 1665 3591 λαῷ
1706 3537 1806 3591 μου

238 3591 309 3647 τά
338 3595 710 3668 ἁμαρτήματα
728 3599 929 3667 αὐτῶν,
961 3603 1056 3656 καὶ
1074 3603 1153 3673 τῷ
1184 3605 1319 3676 οῐκῳ
1349 3607 1543 3661 Ἰακὼϐ
1570 3608 1668 3672 τάς
1694 3609 1812 3662 ἀνο-

242 3684 374 3756 μίας
397 3687 593 3742 αὐτῶν.
628 3708 648 3741 ι
682 3690 809 3755 Τοῖς
832 3693 932 3764 μὲν
961 3689 1057 3750 οῦν
1085 3696 1493 3766 εὑαγγελισταϊς
1516 3699 1610 3754 τοῦ
1636 3717 1811 3772 σωτη-

242 3778 361 3849 ρίου
388 3777 544 3848 λόγου
570 3780 659 3835 διά
680 3781 789 3839 τῶν
840 3783 1149 3858 ἔμπροσθεν
1191 3790 1436 3858 ἐλέγετο·
1475 3810 1494 3843 ι
1536 3787 1654 3846 Ἐπ’
1686 3793 1812 3865 ὅρος

240 3870 442 3941 ὑψηλὸν
486 3873 739 3944 ἀνάϐηθι,
795 3878 825 3931 6
878 3879 1364 3952 εὐαγγελιζόμενος
1424 3884 1807 3958 Ἰερουσαλήμ·

242 3959 516 4031 ὑψώσατε,
552 3962 627 4035 μὴ
666 3965 916 4033 φοϐεῖσθε
940 3985 954 3999 ·
996 3990 1015 4022 ι
1048 3969 1280 4025 ἐνταῦθα
1314 3972 1371 4026 δὲ
1426 3973 1525 4027 οὐκ
1572 3976 1659 4029 ἀπ’
1688 3976 1814 4041 ὅρος

240 4052 443 4140 ῦψηλδν
468 4053 777 4110 ἀναϐαίνειν
805 4060 835 4112 6
853 4062 1139 4133 προφήτης
1169 4062 1451 4119 κελεύεται
1472 4083 1488 4099 υ
1535 4067 1657 4121 οὐδὲ
1705 4067 1816 4140 γὰρ

238 4135 380 4213 ἦσαν
432 4144 490 4197 ὲν
536 4142 679 4215 ῦψει,
708 4140 789 4210 οἷς
817 4146 989 4202 ταῦτα
1042 4154 1372 4222 προεφώνει·
1418 4154 1481 4207 τὸ
1525 4135 1812 4227 διαὸοῆσαί

244 4234 402 4306 μόνον
428 4236 486 4289 ἑν
516 4236 660 4308 ἰσχύϊ
691 4240 786 4293 καὶ
821 4238 896 4311 μὴ
929 4242 1237 4310 φείσασθαι,
1254 4238 1342 4298 οἷα
1367 4246 1446 4308 εἰς
1473 4238 1587 4299 ὦτα
1618 4247 1814 4315 κωφῶν

241 4325 500 4381 λαλοῦντα
525 4329 941 4400 προστάττεται,
965 4333 1059 4387 καὶ
1089 4333 1244 4402 δίκην
1275 4334 1572 4405 σάλπιγγος
1601 4337 1814 4407 ὑψῶσαι

240 4419 345 4490 τὴν
377 4420 581 4489 φωνήν.
631 4420 874 4490 Σάλπιγξ
907 4422 966 4477 δὲ
1007 4424 1244 4497 πολέμου
1296 4431 1561 4498 σημεῖον*
1609 4428 1691 4483 διὸ
1740 4432 1816 4495 ὡς

242 4508 379 4579 πρὸς
408 4509 662 4581 πολέμιον
691 4511 781 4564 τὸν
802 4512 973 4584 ἀσεδῆ
995 4514 1091 4568 καὶ
1119 4516 1440 4587 ἁμαρτωλὸν
1462 4520 1528 4589 τῇ
1557 4517 1652 4589 βοῇ
1683 4520 1817 4590 χρή-

1931 646 2135 710 mundi,
2163 647 2470 707 insulﬂante
2499 652 2627 717 Deo,
2654 651 2830 707 fatetus
2846 661 2932 707 est
2971 655 3133 709 homo
3165 657 3221 711 in
3249 659 3487 715 animant

1926 737 2213 794 viventem.
2984 738 2987 741 Α

2001 831 2162 888 Vens.
2261 833 2443 891 17ο21.
2519 855 2539 889 ι
2579 837 2806 901 Propter
2868 852 3149 907 peccatum
3217 844 3494 912 paululum

1928 926 2244 981 contristavi
2273 944 2421 992 eum,
2446 939 2499 984 et
2522 932 2765 999 percussi
2798 946 2953 996 eum,
3004 943 3058 989 et
3098 936 3271 990 averti
3298 935 3495 990 faciem

1927 1030 2102 1071 meam
2153 1020 2221 1073 ab
2270 1034 2357 1087 eo,
2412 1031 2468 1076 et
2518 1027 2872 1080 contristatus
2922 1035 3025 1092 est,
3084 1037 3139 1082 et
3200 1028 3496 1083 ambulavit

1929 1111 2101 1166 tristis
2136 1112 2187 1166 iu
2218 1114 2321 1187 viis
2354 1116 2483 1169 suis.
2516 1115 2646 1174 Vias
2674 1116 2794 1189 ejus
2820 1120 2947 1186 vidi,
3000 1130 3057 1175 et
3102 1120 3288 1177 sanavi
3343 1136 3493 1188 eum,

1925 1211 1979 1257 et
2005 1204 2308 1261 consolatus
2334 1222 2451 1263 sum
2494 1223 2616 1263 eum
2643 1250 2659 1276 ,
2713 1221 2769 1265 et
2805 1212 2927 1267 dedi
2966 1212 3016 1269 ei
3066 1213 3493 1269 consolationem

1926 1309 2132 1363 veram,
2169 1313 2355 1367 pacem
2406 1316 2571 1371 super
2610 1317 2794 1371 pacem
2842 1305 2907 1359 iis
2951 1304 3045 1375 qui
3080 1304 3235 1377 longe
3300 1313 3355 1362 et
3399 1304 3493 1374 qui

1924 1399 2093 1457 ιιι-αρε
2114 1400 2261 1445 sunt.
2322 1390 2387 1445 Et
2440 1393 2578 1447 dixit
2611 1393 2868 1451 Dominus
2900 1415 2915 1453 :
2954 1395 3174 1454 Sanabo
3225 1412 3321 1454 eos
3351 1413 3365 1450 :
3396 1398 3492 1467 qui

1924 1489 2104 1534 autem
2154 1482 2320 1551 iniqui
2372 1494 2499 1541 sunt
2552 1486 2911 1554 ﬂuctuabant,
2966 1498 3023 1545 et
3075 1506 3183 1546 non
3236 1499 3495 1559 poterunt

1922 1572 2223 1638 quiescere.
2256 1574 2371 1631 Non
2417 1585 2502 1633 est
2552 1581 2803 1650 gaudium
2845 1582 3044 1653 impiis,
3081 1582 3217 1639 dixit
3266 1582 3429 1639 Deus.
3465 1600 3488 1636 ι

1920 1659 2145 1719 Etiamsi
2177 1666 2244 1721 ad
2272 1668 2437 1725 breve
2468 1672 2732 1741 quoddam
2768 1682 3003 1743 tempus,
3036 1675 3108 1731 ob
3145 1675 3393 1745 quaedam
3425 1683 3494 1729 ex

1921 1751 2157 1813 humana
2220 1760 2536 1820 inﬁrmitate
2594 1766 2835 1836 profecta
2886 1778 3153 1837 peccata,
3200 1774 3492 1839 peccantes

1919 1848 2137 1906 tristitia
2183 1850 2457 1910 alfecerim
2480 1866 2535 1913 et
2561 1861 2918 1927 percusserim
2941 1900 2956 1923 ,
2987 1862 3141 1929 quasi
3173 1870 3327 1929 pater
3352 1859 3494 1913 ﬁlios

2484 1966 2504 2002 ι
2526 1949 2695 2015 Quem
2722 1950 2896 2021 diligit
2930 1952 3207 2016 Dominus.
3238 1946 3489 2021 castigat;

1922 2035 2157 2111 ﬂagellat
2181 2048 2362 2095 autem
2392 2054 2607 2098 omnem
2643 2041 2811 2097 ﬁlium
2834 2091 2852 2119 ,
2869 2056 3032 2112 quem
3054 2043 3286 2117 suscipit
3310 2043 3370 2111 “;
3397 2063 3416 2096 ι
3436 2050 3494 2095 at

1922 2128 2048 2196 quia
2078 2129 2129 2185 in
2176 2131 2549 2203 castigationis
2595 2147 2731 2188 mea:
2781 2148 3001 2189 setismn
3036 2134 3337 2200 venientes,
3390 2133 3489 2199 illi,

1922 2233 2041 2287 qua
2070 2222 2366 2278 secundum
2403 2222 2572 2279 Deum
2607 2232 2691 2279 est
2714 2264 2730 2288 ,
2766 2225 3001 2281 tristitiae
3047 2240 3145 2281 vos
3182 2225 3490 2289 dedidistis,

1922 2327 1986 2367 ac
2014 2314 2327 2379 paenitentia
2357 2315 2505 2370 ducti
2540 2330 2663 2370 cum
2691 2328 2927 2371 marrore
2965 2314 3326 2381 ambulastis;
3360 2315 3486 2369 ideo

1794 2402 1820 2483 ξ
1922 2407 2330 2483 conversionem
2356 2408 2806 2478 etpmuitentiam
2839 2416 3072 2462 vestram
3122 2405 3489 2476 conspicatus,

1923 2512 2131 2553 necnon
2160 2498 2456 2569 posteriora
2486 2505 2637 2570 gesta
2688 2507 2867 2554 vestra
2901 2536 2918 2564 ,
2954 2505 3010 2553 et
3040 2497 3308 2551 vias‘vitae
3351 2509 3491 2565 quas

1920 2590 2144 2654 iniistis,
2194 2607 2287 2646 vos
2324 2590 2509 2647 sanavi
2537 2598 2591 2645 et
2621 2589 2933 2646 consolatus
2979 2602 3096 2642 sum
3134 2600 3261 2641 vera
3305 2586 3492 2656 utique

1920 2680 2340 2738 consolatione:
2379 2681 2581 2737 etenim
2663 2679 2846 2736 omnia
2902 2694 2931 2734 a
2997 2692 3085 2733 me
3137 2670 3493 2733 familiaribus

1916 2786 2173 2829 concessa
2208 2772 2345 2828 meis
2365 2786 2494 2829 vera
2514 2779 2663 2828 sunt.
2689 2771 3058 2838 Quamobrem
3108 2766 3210 2835 iis,
3258 2767 3350 2839 qui
3394 2782 3495 2837 per

1917 2865 2326 2935 castigationem
2392 2880 2569 2920 meam
2622 2864 3008 2934 resipuerunt,
3063 2860 3493 2918 consolationem
3554 2905 3557 2907 .

1917 2953 2038 3010 dedi
2067 2969 2251 3009 veram
2270 2964 2325 3009 et
2349 2962 2598 3025 pacatam
2622 2995 2640 3021 ,
2668 2969 2774 3010 non
2803 2966 2983 3011 autem
3000 2953 3275 3025 vulgarem
3302 2967 3499 3025 quam-

1916 3045 2041 3099 dam
2080 3054 2133 3098 et
2163 3046 2573 3114 temporariam,
2613 3046 2708 3102 sed
2743 3046 3308 3114 abundantissimam;
3333 3047 3405 3100 ita
3435 3056 3497 3100 ut

1915 3148 2118 3195 etcum
2147 3141 2393 3210 proxime
2420 3140 2633 3212 positis.
2667 3149 2722 3198 et
2751 3155 2875 3196 cum
2916 3137 3110 3211 procul
3142 3140 3371 3197 remotis
3402 3140 3498 3195 illa

1915 3230 2184 3290 fruantur.

2482 3326 2712 3384 CAPUT
2752 3328 2933 3389 LVIII.

1983 3416 2144 3473 Vens.
2189 3418 2242 3474 Ι.
2283 3436 2301 3471 ι
2328 3416 2515 3474 Clama
2543 3434 2667 3475 cum
2694 3418 3034 3485 fortitudine.
3065 3433 3244 3490 neque
3272 3434 3499 3490 parcas,

1912 3509 2066 3579 quasi
2102 3512 2229 3564 tuba
2260 3509 2447 3565 attolle
2472 3526 2662 3567 vocem
2686 3521 2859 3579 tuam,
2885 3522 2941 3568 et
2973 3511 3244 3567 annuntia
3290 3510 3502 3581 populo

1910 3617 2030 3659 meo
2070 3613 2294 3672 peccata
2340 3617 2554 3670 eorum,
2598 3613 2655 3660 et
2709 3604 2895 3661 domui
2952 3601 3121 3660 Iacob
3176 3603 3499 3675 iniquitates

1910 3707 2158 3749 eorum.»
2189 3694 2447 3765 Superius
2477 3696 2694 3765 quidem
2744 3695 2999 3752 salutaris
3036 3696 3186 3751 verbi
3228 3696 3500 3766 pradica-

1913 3789 2122 3843 toribns
2143 3788 2457 3843 dicebatur:
2486 3807 2505 3839 ι
2533 3787 2709 3859 Super
2732 3796 2971 3843 montem
3000 3788 3271 3843 excelsum
3297 3801 3496 3842 ascen-.

1912 3880 1982 3937 de
2032 3881 2122 3950 qui
2168 3880 2508 3952 evangelizas
2546 3880 2849 3937 Jerusalem
2880 3898 2894 3935 :
2931 3880 3169 3936 exaltate
3216 3888 3268 3936 et
3321 3879 3491 3934 nolite

1869 4028 1872 4032 ,
1916 3972 2155 4028 timere:
2193 3991 2211 4024 ι
2255 3972 2343 4027 hic
2386 3986 2521 4028 vero
2560 3986 2668 4028 non
2719 3987 2883 4041 supra
2939 3986 3177 4027 montem
3211 3970 3488 4027 excelsum

1915 4066 2211 4121 ascendere
2231 4064 2451 4134 iubetur
2480 4064 2744 4134 propheta
2776 4082 2791 4118 :
2828 4076 3005 4134 neque
3043 4062 3191 4118 enim
3222 4063 3277 4117 in
3322 4076 3487 4117 cacu-

1916 4158 2063 4215 mine
2082 4158 2243 4228 positi
2267 4165 2424 4211 erant
2445 4157 2503 4222 ii,
2532 4155 2732 4226 quibus
2758 4151 3359 4226 .bac'pranuntiabat:
3391 4155 3497 4211 sed

1914 4260 2123 4305 tantum
2152 4260 2211 4303 ut
2250 4263 2373 4305 cum
2401 4248 2722 4304 fortitudine
2752 4248 2985 4316 clamet,
3019 4257 3076 4305 et
3125 4262 3194 4304 ne
3248 4255 3444 4318 parcat
3466 4288 3486 4314 ,

1916 4351 2101 4411 utpote
2129 4342 2222 4411 qui
2256 4335 2323 4397 a'd
2348 4356 2509 4397 aures
2536 4341 2821 4397 surdorum
2846 4340 3119 4412 loquatur,
3150 4340 3487 4411 pracipitur,

1916 4443 1969 4489 et
1994 4443 2050 4487 ut
2080 4432 2255 4488 instar
2291 4433 2431 4488 tubze
2448 4432 2672 4489 extollat
2696 4447 2903 4489 vocem.
2930 4431 3079 4489 Tuba
3102 4448 3231 4488 vero
3252 4431 3491 4489 militare

1916 4526 2124 4594 signum
2181 4536 2267 4580 est
2297 4539 2502 4594 :quare
2554 4526 2815 4581 adversus
2850 4525 3076 4594 impium
3123 4534 3179 4581 et
3229 4534 3485 4595 peccato-

242 4598 434 4653 σασθαι
470 4600 701 4665 κελεύει,
734 4600 813 4665 ὡς
864 4603 931 4658 ἂν
979 4605 1275 4677 καθάψοιτο
1305 4608 1405 4677 τῆς
1454 4609 1565 4664 τῶν
1601 4609 1815 4664 ἀκουόνο

1920 4630 2053 4679 rem,
2086 4624 2145 4671 ut
2169 4625 2357 4672 contra
2387 4617 2685 4685 inimicum,
2717 4617 2959 4671 clamore
2985 4616 3062 4671 uti
3091 4594 3265 4685 jubet,
3292 4615 3384 4685 qui
3418 4615 3484 4670 ad

240 4706 349 4743 των
372 4691 625 4758 διανοίας,
658 4695 752 4749 καὶ
780 4692 1015 4768 τρώσειν
1064 4698 1233 4771 αὐτὴν
1264 4698 1342 4770 τῷ
1374 4699 1810 4769 πληκτικωτάτῳ

240 4779 401 4852 λόγῳ·

313 4912 333 4946 ι
372 4894 505 4965 Ἐμὲ
544 4896 755 4969 ἡμέραν
807 4897 867 4966 ἐξ
917 4897 1127 4970 ἡμέρας
1174 4897 1417 4969 ζητοῦσι,
1463 4902 1552 4956 καί
1602 4901 1805 4971 γνῶναί

245 5001 349 5056 μου
370 4985 473 5054 τάς
497 4986 650 5052 ὁδοὺς
680 4988 1026 5060 ἐπιθυμοῦσι,
1069 4989 1145 5055 ὡς
1174 4989 1300 5056 λαὸς
1331 4992 1675 5064 δικαιοσύνην
1720 5011 1812 5047 πε-

244 5077 501 5149 ποιηκὼς,
528 5078 623 5133 καὶ
652 5079 833 5152 κρίσιν
859 5080 993 5135 Θεοῦ
1016 5081 1182 5137 αὑτοῦ
1218 5083 1292 5155 μὴ
1321 5085 1806 5151 ἑγκαταλελοιπώς.

242 5166 457 5221 Δίτοῦσί
505 5185 573 5238 με
617 5166 713 5222 νῦν
767 5169 945 5241 κρίσιν
993 5170 1231 5237 δικαίαν,
1268 5173 1363 5227 καὶ
1412 5172 1649 5243 ἐγγίζειν
1693 5176 1812 5247 Θεῷ

242 5256 585 5329 ιπιθυμοῦσι.
628 5278 648 5312 ι
677 5256 774 5324 Εἰς
800 5260 1123 5333 κατάκρισιν
1170 5264 1299 5319 λαὸν
1340 5266 1506 5319 αὐτοῦ
1527 5266 1809 5337 ὀνομάζων

242 5348 335 5403 τὸν
366 5349 705 5423 ἁμαρτωλὸν,
738 5350 800 5405 δν
829 5350 939 5421 ἐγὼ
974 5353 1095 5423 μὲν,
1142 5354 1327 5428 φησιν,
1360 5357 1807 5428 εἰσεποιησάμην,

244 5440 337 5495 καὶ
358 5440 415 5497 δν
438 5443 755 5515 κατηξίωσα
784 5443 911 5497 λαὸν
936 5444 1065 5515 ὲμδν
1095 5446 1453 5518 χρηματίζειν
1471 5466 1485 5479 ·
1516 5449 1565 5501 οἱ
1588 5447 1643 5501 δὲ
1675 5447 1810 5518 ἐμά-

245 5548 429 5605 κρυνον
467 5535 701 5598 ἑαυτοὺς
728 5534 887 5603 ἐμοῦ,
921 5537 1041 5600 ταῖς
1066 5537 1273 5593 ἑαυτῶν
1307 5538 1514 5595 ἔκδοτοι
1541 5540 1815 5612 δεδομένοι

244 5626 465 5693 κακίαις.

299 5832 332 5861 ¹³
364 5830 560 5886 Ρεοίιιι.
601 5843 695 5890 cn,
724 5827 785 5879 fi.
869 5826 903 5855 ²¹
955 5826 1105 5882 υυὶιι.
1164 5845 1258 5893 xu,
1292 5832 1343 5887 6,

1918 4706 2227 4762 auditorum
2271 4718 2507 4764 mentem
2549 4710 2843 4782 pertingat,
2896 4695 3181 4779 ipsamque
3238 4708 3291 4763 vi
3335 4709 3486 4764 vocis

1915 4798 2073 4853 feriat
2097 4809 2151 4855 et
2178 4800 2439 4856 vulneret.

1984 4893 2149 4949 Vens.
2195 4894 2252 4948 2.
2310 4912 2330 4945 ι
2359 4893 2443 4949 Me
2474 4897 2542 4950 de
2564 4895 2650 4951 die
2677 4896 2732 4951 in
2758 4895 2899 4951 diem
2943 4904 3228 4965 quarunt,
3258 4904 3314 4950 et
3343 4894 3485 4950 scire

1913 4984 2030 5040 vias
2054 4999 2208 5041 meas
2231 4986 2475 5057 cupiunt,
2517 4997 2771 5059 tanquam
2811 4988 3062 5057 populus,
3093 4988 3185 5057 qui
3212 4986 3482 5058 justitiam

1915 5074 2126 5142 fecerit.
2154 5086 2210 5133 et
2230 5076 2493 5145 judicium
2521 5080 2613 5135 Dei
2640 5080 2721 5136 sui
2749 5095 2855 5136 non
2894 5080 3267 5151 dercliquerit.
3289 5079 3484 5134 Petunt

1912 5186 1943 5224 a
1974 5184 2063 5225 me
2092 5186 2235 5227 nunc
2260 5172 2517 5241 iudicium
2540 5171 2770 5242 justum,
2815 5183 2870 5228 et
2902 5174 3339 5245 appropinquare
3375 5173 3483 5228 Dc.)

1911 5262 2157 5331 cupiunt.
2191 5282 2211 5316 ι
2268 5262 2530 5335 Populum
2570 5280 2727 5322 suum
2772 5267 2840 5321 ad
2878 5266 3049 5336 ipsius
3073 5267 3483 5323 condemnatio-

1911 5368 2033 5409 nem
2104 5366 2442 5426 peccatorem
2499 5368 3010 5429 nuncupatzquem
3060 5372 3205 5430 ego,
3264 5358 3479 5428 lnquit,

1910 5463 2086 5503 meum
2110 5449 2355 5520 ascripsi,
2384 5460 2438 5507 et
2473 5466 2637 5521 quem
2677 5453 2931 5523 populum
2954 5466 3147 5508 vorare
3173 5466 3349 5506 meum
3372 5466 3477 5504 non

1912 5540 2231 5610 dedignatus
2258 5556 2380 5597 sum
2414 5559 2430 5597 :
2462 5543 2539 5599 illi
2569 5559 2702 5600 vero
2731 5545 2950 5602 malitiae
2975 5559 3088 5600 sum
3122 5544 3326 5611 dediti,
3359 5557 3480 5602 sne

1910 5648 1941 5688 a
1972 5648 2056 5690 me
2078 5635 2267 5705 procul
2306 5646 2671 5693 removerunt.
