4128 6294
723 425 824 482 n9

1322 431 1342 470 .'
1386 417 1656 475 EUSEBll
1690 416 2162 476 CESARIENSIS
2196 417 2342 476 OPP.
2384 418 2561 476 PARS
2598 418 2682 474 Ill.
2721 450 2792 462 —
2825 417 3232 476 EXEGE‘I'ICA.

793 540 953 597 Vsus.
982 537 1035 590 3.
1076 555 1098 589 s
1125 537 1405 592 Dicentes:
1437 537 1614 605 Quare
1635 539 1998 608 jejunavimus
2017 580 2032 606 ,
2078 551 2134 597 et
2162 556 2255 596 non

2443 559 2464 591 ι
2497 541 2775 610 Δέγοντεςο
2809 541 2876 593 Τί
2914 541 2998 594 ὅτι
3041 539 3459 611 ὲνηστεύσαμεν,
3497 539 3593 593 καὶ
3624 539 3727 594 οὐκ
3758 535 3922 606 sil“;

723 629 938 684 vidisti?
961 628 1358 683 humiliavimus
1386 630 1592 684 animas
1612 640 1842 697 nostras,
1864 641 1918 686 et
1945 648 2051 687 non
2074 647 2273 701 cogno-

721 720 882 777 visti?
911 738 930 772 ι
965 718 1101 785 Quia
1143 719 1267 774 talia
1301 720 1638 789 impudenter
1661 721 1809 777 clari
1842 724 2062 789 audent.
2081 740 2269 794 magna

723 823 799 876 tu,
825 810 894 865 mi
919 811 1199 880 propheta,
1225 824 1356 864 voce
1383 818 1556 875 utens,
1583 814 1849 878 responde
1872 813 2000 879 illis,
2034 826 2090 888 ᾳ
2113 831 2271 870 coar-

719 918 821 971 gue
873 917 989 967 eos,
1023 903 1164 972 quod
1211 901 1470 970 judicium
1525 919 1700 959 meum
1755 906 2166 976 dereliquerint.
2214 915 2272 962 et

717 993 865 1061 quod
893 995 1071 1047 omnia
1121 1007 1242 1062 qua:
1283 993 1584 1064 proferunt,
1634 1010 1743 1051 non
1802 998 2015 1054 sincere
2063 998 2266 1056 dicant.

724 1102 744 1135 s
775 1084 829 1138 In
871 1085 1058 1139 diebus
1081 1086 1228 1139 enim
1262 1085 1591 1156 jejuniorum
1648 1095 1951 1142 vestrorum
2013 1089 2270 1144 iuvenilis

719 1177 1023 1231 voluntates
1055 1189 1286 1243 vestras,
1331 1188 1386 1233 et
1417 1193 1606 1234 omnes
1629 1179 1868 1235 subditos
1897 1189 2110 1237 vestros
2134 1178 2269 1234 allii-

718 1267 906 1335 gitis.»
951 1267 1009 1321 Si
1050 1283 1182 1338 ergo
1230 1270 1298 1325 de
1346 1270 1435 1324 tali
1480 1271 1688 1341 jejunio
1732 1270 2052 1342 gloriantur,
2113 1270 2269 1341 longe

718 1359 1074 1426 praestabilius
1107 1361 1238 1430 ipsis
1268 1371 1404 1428 erat,
1436 1374 1495 1417 ut
1519 1363 1692 1432 epulis
1733 1372 1992 1418 vacarent
2015 1403 2034 1427 ,
2077 1372 2134 1418 et
2180 1378 2267 1417 res

716 1450 1022 1518 hujusmodi
1080 1468 1183 1506 non
1231 1454 1663 1528 aggrederentur.
1717 1453 2051 1523 Quapropter
2113 1451 2267 1506 initio

715 1542 1006 1610 prophetiae
1028 1544 1229 1598 dictum
1252 1552 1337 1598 est
1366 1544 1470 1599 illis
1497 1563 1512 1599 :
1538 1562 1560 1599 ι
1591 1545 1862 1616 ieiunium
1913 1553 1970 1598 et
2007 1544 2267 1598 cessatis-

715 1646 837 1684 nem
864 1641 919 1685 et
937 1631 1302 1688 solemnitates
1336 1644 1545 1690 vestras
1571 1637 1684 1690 odit
1703 1637 1879 1690 anima
1916 1651 2054 1690 mea.
2081 1654 2100 1688 ι
2132 1633 2263 1688 Nam

706 1719 894 1786 jejuuii
924 1721 1111 1787 Otium,
1141 1737 1246 1777 non
1273 1724 1325 1778 in
1358 1726 1689 1794 paenitentiae
1726 1726 2067 1782 occasionem
2097 1726 2263 1782 verti-

717 1811 784 1865 tis
808 1850 824 1874 ,
853 1812 949 1867 sed
983 1811 1074 1868 illo
1103 1814 1172 1868 ad
1198 1816 1377 1872 debita
1404 1819 1669 1890 exigenda
1714 1828 1771 1875 et
1821 1818 2110 1888 repetenda
2157 1817 2263 1872 uti-

712 1902 866 1958 mini.

779 1995 941 2051 Vsas.
999 1997 1054 2052 4.
1102 1999 1205 2054 «Si
1242 2000 1310 2054 ad
1355 2000 1476 2056 lites
1526 2010 1580 2056 et
1617 2015 1822 2073 pugnas
1864 2002 2155 2072 jejunatis,
2207 2010 2263 2057 et

707 2089 898 2155 pugnis
929 2090 1209 2158 percutitis
1236 2091 1508 2157 humilem,
1530 2095 1595 2148 ad
1625 2095 1752 2164 quid
1784 2094 1914 2148 mihi
1934 2093 2254 2162 ieiunatis?»

713 2175 934 2234 Videtur
958 2181 1074 2247 ipso
1098 2195 1312 2252 quoque
1349 2185 1643 2253 prophetia:
1693 2195 1930 2256 tempore
1971 2186 2074 2239 tale
2105 2185 2262 2255 quid-

708 2269 853 2336 piam
915 2269 1114 2326 factum
1159 2288 1326 2330 esse:
1358 2277 1411 2330 id
1460 2277 1659 2348 quippe
1697 2293 1877 2334 sermo
1923 2278 2257 2333 subindicat:

713 2376 734 2409 ι
766 2358 833 2414 Ut
860 2361 1018 2418 hodie
1057 2366 1308 2420 audiatur
1335 2366 1387 2422 in
1416 2357 1652 2425 clamore
1684 2385 1786 2425 vox
1813 2382 2013 2424 vestra.
2046 2388 2067 2422 ι

778 2450 939 2508 Vsus.
996 2454 1049 2508 5.
1102 2455 1259 2511 «Non
1315 2473 1416 2529 ego
1469 2459 1733 2529 jejunium
1800 2463 1943 2517 istud
1992 2465 2152 2534 elegi,
2208 2474 2262 2521 et

702 2541 865 2606 diem,
904 2552 962 2596 ut
1014 2544 1261 2601 humiliet
1303 2549 1464 2605 homo
1507 2553 1744 2608 animam
1806 2569 1985 2610 suam.
2041 2555 2156 2610 Non
2214 2557 2259 2614 si

702 2629 1071 2688 incurvaveris
1106 2638 1260 2706 quasi
1293 2641 1555 2696 circulum
1585 2645 1781 2699 collum
1829 2654 2003 2714 tuum,
2050 2657 2108 2701 et
2151 2648 2262 2702 cili-

699 2722 845 2775 cium
878 2731 933 2778 et
969 2725 1208 2781 cinerem
1233 2730 1592 2788 substraveris
1622 2753 1636 2787 :
1668 2749 1843 2805 neque
1884 2738 1965 2792 sic
1995 2738 2259 2794 vocabitis

694 2810 957 2882 jejunium
1008 2818 1358 2888 acceptabils.
1392 2841 1412 2875 ι
1459 2823 1612 2888 Quod
1649 2826 1695 2880 si
1718 2827 1841 2897 quis
1867 2827 1996 2881 velit
2028 2829 2245 2882 modum

698 2905 811 2957 veri
845 2905 1083 2977 mihique
1113 2911 1328 2978 probati
1373 2913 1566 2983 jejunii
1613 2918 1877 2984 ediscere,
1923 2920 2039 2975 hac
2097 2930 2255 2990 agat:

695 2994 779 3049 Ad
804 2995 1040 3053 laetitiam
1070 3001 1274 3056 vultum
1308 3016 1617 3076 componat,
1649 3020 1705 3063 et
1733 3011 1852 3064 oleo
1893 3022 2054 3079 caput
2100 3012 2257 3066 inun-

697 3098 831 3154 gens
851 3090 1148 3143 secundum
1183 3092 1422 3150 salutare
1454 3108 1802 3168 prazceptum,
1827 3100 2087 3169 jejunium
2119 3102 2254 3158 clam

696 3177 967 3242 observet,
996 3189 1052 3234 et
1077 3182 1174 3237 soli
1202 3182 1346 3239 Patri
1389 3189 1600 3244 occulta
1645 3191 1846 3247 videnti
1901 3193 2254 3250 humilitatem

2373 632 2816 702 ιταπεινώσαμεν
2863 632 2963 696 τὰς
3000 631 3176 702 ψυχὰς
3206 632 3382 703 ήμῶν,
3407 630 3503 685 καὶ
3537 632 3638 685 οὐκ
3669 631 3869 700 Em;
3898 649 3919 684 s

2384 725 2603 796 Ἐπειδὴ
2649 725 2868 778 τοιαῦτα
2920 724 3096 793 λέγειν
3136 725 3365 788 ἀναιδῶς
3412 724 3673 796 τολμῶσι,
3720 725 3925 796 μεγάλῃ

2373 814 2470 886 βοῇ
2491 817 2829 886 χρησάμενος
2843 817 2908 868 σὺ
2924 815 3094 884 όὲμὺς
3105 817 3408 886 προφήτης,
3423 817 3711 886 ἀπόκριναι
3725 815 3924 882 αὐτοῖς,
4021 847 4030 854 τ

2370 907 2463 959 καὶ⁵
2487 907 2776 976 ἀπέλεγχε,
2806 907 2953 969 ὅπως
2980 905 3118 976 ἐμήν
3156 905 3336 975 κρίσιν
3364 905 3804 970 καταλελοίπασι,
3836 905 3927 959 καὶ

2370 997 2528 1050 πάνθ’
2574 998 2676 1051 ὅσα
2725 1001 3042 1068 φάσκουσιν,
3085 998 3186 1051 οὐκ
3231 997 3448 1068 ἀληθῶς
3477 995 3924 1052 διαϐεϐαιοῦνται.

2375 1105 2395 1138 ι
2435 1087 2522 1139 Ἐν
2558 1087 2668 1158 γάρ
2706 1091 2824 1152 ταῖς
2853 1089 3088 1159 ήμίραις
3135 1085 3242 1140 τῶν
3282 1087 3542 1157 νηστειῶν
3580 1087 3736 1159 ὑμῶν
3784 1085 3927 1159 εὑρι-

2373 1194 2531 1231 σκετε
2559 1179 2627 1232 τά
2661 1178 2942 1249 θελήματα
2973 1178 3147 1248 ὑμῶν,
3175 1178 3271 1231 καὶ
3299 1178 3505 1242 πάντας
3545 1179 3671 1242 τοὺς
3705 1179 3926 1248 {maxu-

2373 1267 2518 1338 ρίους
2544 1267 2696 1336 ὑμῶν
2718 1268 3068 1322 ὐπονύσσετε.
3093 1287 3114 1320 ι
3140 1269 3204 1321 Ei
3221 1269 3400 1321 τοίνυν
3427 1269 3520 1320 ἐπὶ
3561 1268 3786 1340 τοιαύτῃ
3837 1283 3928 1320 σεο

2372 1359 2658 1429 μνύνονται
2688 1361 2933 1432 νηστείᾳ,
2971 1361 3106 1414 πολὺ
3138 1363 3382 1431 κρεῖττον
3407 1355 3481 1431 ἦν
3524 1361 3706 1423 αὐτοῖς
3750 1362 3932 1430 τροφῇ

2371 1449 2670 1519 σχολάζειν,
2704 1451 2799 1503 καὶ
2830 1452 2904 1524 μὴ
2930 1450 3149 1504 τοιαῦτα
3197 1452 3416 1522 τολμᾷν.
3461 1451 3560 1504 Διά
3590 1451 3766 1504 ταῦτα
3794 1449 3928 1519 γοῦν

2366 1543 2486 1595 κατ’
2519 1542 2694 1614 ἀρχῆς
2738 1541 2838 1611 τῆς
2890 1543 3225 1614 προφητείας
3260 1543 3397 1612 πρὸς
3454 1543 3648 1606 αὐτοὺς
3677 1542 3925 1612 ὲλέγετο’

2371 1653 2390 1685 ι
2425 1633 2697 1703 Νηστείαν
2728 1633 2822 1687 καὶ
2859 1634 3077 1702 ἀργίαν,
3116 1635 3211 1687 καὶ
3233 1634 3333 1697 τάς
3365 1633 3558 1705 έορτάς
3584 1633 3739 1704 ὑμῶν
3781 1634 3934 1704 μισεῖ

2363 1726 2398 1794 ή
2425 1724 2572 1794 ψυχή
2605 1741 2728 1796 μου·
2772 1743 2792 1776 ι
2838 1725 2950 1795 Τὴν
2995 1724 3106 1796 γὰρ
3146 1723 3247 1794 τῆς
3293 1723 3542 1793 νηστείας
3588 1722 3782 1793 σχολὴν
3824 1722 3932 1776 οὐκ

2368 1813 2621 1884 ἀφορμήν
2653 1813 2892 1867 ποιεῖσθε
2930 1813 3318 1884 μεταμελείας·
3349 1811 3700 1884 ἀλλάταύτην
3725 1816 3804 1876 είς
3827 1812 3934 1878 τὴν

2295 1872 2339 1928 Β
2372 1872 2494 1958 των·
2515 1872 2837 1975 δφέιλόντων
2868 1872 3151 1977 εἴσπραξιν
3175 1872 3512 1960 ἀναλίσκετε.

2445 2015 2464 2047 ι
2493 1997 2555 2050 Ei
2581 1997 2661 2059 εἰς
2693 1997 2902 2067 κρίσεις
2931 1997 3024 2050 καὶ
3045 1996 3222 2067 μάχας
3246 1996 3552 2069 νηστεύετε,
3577 1998 3672 2050 καὶ
3696 1996 3935 2052 τύπτετε

2363 2090 2607 2156 πυγμαῖς
2647 2088 2922 2150 ταπεινὸν,
2975 2089 3060 2141 ίνα
3095 2088 3148 2141 τί
3197 2106 3288 2159 μοι
3321 2089 3643 2161 νηστεύετε;
3684 2110 3704 2143 ι
3738 2092 3934 2147 Ἔοικα

2362 2182 2456 2236 καὶ
2483 2183 2603 2235 κατ’
2644 2181 2807 2234 αὑτὸν
2844 2181 2934 2235 τὸν
2976 2181 3077 2249 τῆς
3111 2183 3442 2252 προφητείας
3479 2183 3672 2253 καιρὸν
3718 2183 3934 2238 τοιοῦτό

2361 2291 2412 2325 τι
2445 2272 2803 2341 γεγενῆσθαι·
2841 2271 3000 2325 τοῦτο
3028 2272 3136 2343 γὰρ
3164 2273 3455 2327 αἰνίττεται
3480 2275 3510 2327 ό
3543 2274 3698 2342 λόγος
3720 2291 3735 2305 ·
3775 2294 3794 2326 ι
3837 2274 3936 2340 Ὠς

2364 2363 2600 2432 σήμερον
2639 2361 2968 2431 ἀκουσθῆναι
2987 2363 3044 2414 ὲν
3071 2365 3284 2433 κραυγῇ
3313 2363 3411 2433 τὴν
3443 2363 3626 2433 φωνην
3646 2363 3821 2435 ὑμῶν.

2438 2471 2456 2503 ι
2484 2454 2560 2506 Οὐ
2590 2452 2793 2524 ταύτην
2814 2454 2911 2523 τὴν
2932 2454 3182 2523 νηστείαν
3214 2453 3560 2525 ἐξελεξάμην,
3590 2455 3686 2508 καὶ
3711 2454 3935 2526 ἡμέραν

2359 2543 2647 2598 ταπεινοῦν
2678 2544 2961 2615 ἄνθρωπον
2991 2544 3090 2615 τὴν
3115 2544 3291 2616 ψυχὴν
3318 2545 3504 2599 αὐταῦ.
3535 2546 3654 2600 οὐδ’
3687 2546 3755 2600 ἂν
3775 2546 3933 2618 κάμ-

2358 2634 2466 2706 ψῃς
2513 2634 2588 2698 ὡς
2618 2635 2806 2706 κρίκον
2835 2635 2929 2689 τὸν
2959 2635 3227 2707 τράχηλόν
3265 2653 3380 2701 σου,
3435 2638 3531 2690 καὶ
3569 2639 3770 2692 σάκκον
3830 2641 3934 2694 καὶ

2360 2728 2551 2780 σπύδον
2609 2727 2955 2800 ὑποστρώσῃ,
3009 2729 3120 2782 οὐδ’
3162 2727 3306 2783 οὕτω
3350 2729 3609 2784 καλέσετε
3668 2731 3939 2801 νηστείαν

2356 2820 2568 2890 δεκτήν.
2612 2838 2631 2871 ο
2681 2819 2745 2872 Ei
2794 2819 2852 2873 δὲ
2891 2820 2956 2891 δὴ
2987 2819 3158 2874 ἐθέλοι
3209 2838 3294 2884 τις
3328 2821 3527 2893 τρόπον
3562 2821 3794 2893 ἀληθοῦς
3827 2823 3934 2877 καὶ

2355 2909 2480 2978 ἐμοὶ
2516 2909 2594 2979 τῷ
2635 2909 2755 2979 Θεῷ
2799 2910 3040 2980 ἀρεστῆς
3067 2912 3318 2982 νηστείας
3338 2912 3700 2978 διδάσκεσθαι,
3747 2913 3934 2968 ταῦτα

2357 3003 2639 3072 πραττέτω
2659 3018 2673 3032 ο
2712 3001 2940 3073 Φαιδρὺν
2989 3002 3052 3055 τὸ
3101 3002 3390 3074 πρόσωπον
3425 3005 3792 3073 καταστήσας,
3827 3007 3934 3060 καὶ

2353 3096 2453 3166 τήν
2481 3095 2719 3167 κεφαλὴν
2769 3095 2994 3165 ἀλείψας
3026 3094 3188 3166 ἐλαίῳ
3211 3094 3354 3149 κατά
3393 3094 3492 3166 τὴν
3523 3099 3784 3167 σιιπήριον
3817 3115 3934 3151 παρ-

2358 3188 2695 3261 ρακέλευσιν,
2724 3188 2824 3260 τὴν
2853 3189 2952 3257 μὲν
2975 3185 3225 3258 νηστείαν
3257 3189 3316 3241 ὃν
3345 3187 3426 3259 τῷ
3454 3187 3676 3258 κρυπτῷ
3715 3186 3932 3256 φυλατ-

697 3267 889 3362 anima:
911 3271 1156 3326 ostendat
1187 3291 1201 3328 :
1230 3276 1284 3330 in
1322 3278 1536 3347 publico
1565 3290 1748 3337 autem
1778 3285 2054 3352 operibus,
2086 3287 2255 3356 pieta-

2359 3277 2515 3343 τέτω,
2545 3277 2640 3329 καὶ
2664 3276 2743 3348 τῷ
2790 3278 2965 3349 Πατρὶ
2993 3276 3072 3348 τῷ
3123 3275 3371 3347 pum;
3400 3276 3470 3332 τά
3511 3278 3728 3350 κρυπτά
3773 3279 3932 3350 μόνῳ

699 3360 767 3412 tis
823 3360 1032 3417 fructus
1077 3366 1383 3424 videntibus
1427 3372 1682 3429 omnibus
1745 3375 2042 3444 exhibeat,
2093 3392 2253 3434 omne

2359 3368 2453 3439 τήν
2476 3369 2804 3422 ταπείνωσιν
2833 3369 2932 3438 τῆς
2953 3367 3131 3440 ψυχῆς
3163 3367 3425 3424 δεικνύτω
3446 3386 3462 3400 ο
3499 3372 3580 3434 είς
3621 3371 3681 3425 δὲ
3716 3370 3778 3423 τὺ
3815 3387 3933 3439 φα-

696 3453 970 3508 vinculum
998 3455 1300 3526 iniquitatis
1321 3461 1597 3521 solvendo.
1622 3459 1802 3532 Quare
1828 3468 1906 3522 ait
1936 3484 1952 3521 :

2357 3461 2513 3534 νερδν
2539 3460 2606 3513 δι’
2631 3459 2806 3530 ἔργων
2831 3460 2959 3523 τοὺς
2985 3460 3232 3529 καρποὺς
3253 3461 3354 3532 τῆς
3381 3460 3523 3514 κατά
3559 3460 3734 3532 ψυχὴν
3759 3459 3935 3514 εὐλα-

697 3541 851 3608 ϐείας
875 3549 986 3610 τοῖς
1010 3542 1175 3602 πᾶσιν
1207 3551 1373 3623 όρῶσι
1398 3555 1698 3630 παρεχέτω,
1735 3557 1824 3611 διὰ
1841 3560 1935 3613 τοῦ
1966 3560 2112 3615 λύειν
2141 3561 2318 3616 πάντα
2342 3555 2634 3624 σύνδεσμον
2657 3552 2889 3615 ἀδικίας.
2919 3552 3012 3604 Διό
3036 3568 3200 3622 φησιν
3216 3567 3231 3582 ο

766 3632 926 3687 Vsus.
961 3634 1014 3690 6.
1051 3655 1069 3687 ι
1098 3637 1212 3692 Non
1256 3640 1361 3696 tale
1399 3640 1660 3709 judicium
1691 3645 1850 3716 elegi,
1887 3648 2017 3703 dicit
2063 3649 2248 3705 Durni-

692 3739 796 3778 nus
831 3743 846 3780 :
880 3727 972 3779 sed
997 3727 1144 3783 solve
1169 3744 1381 3786 omnem
1410 3748 1603 3788 nexum
1636 3737 1972 3807 iniquitatis;
2017 3740 2251 3798 dissolve

691 3814 1045 3884 obligationes
1069 3821 1427 3878 violentarum
1450 3827 1792 3895 cantionum;
1817 3829 2026 3886 dimitte
2047 3832 2249 3890 fractos

690 3904 747 3958 in
793 3910 1189 3978 remissionem;
1235 3923 1291 3968 et
1330 3930 1544 3971 omnem
1599 3921 1962 3991 syngrapham
2007 3923 2243 3994 iniquam

691 4001 890 4064 lacera,
915 4018 935 4050 ι
980 4002 1178 4056 dictum
1204 4004 1334 4061 illud
1362 4006 1667 4066 Servatoris
1711 4027 1876 4082 Opere
1901 4016 2238 4084 tperiiciens:

697 4107 716 4139 ι
749 4089 804 4144 Si
834 4090 995 4146 oﬂ'ers
1025 4108 1215 4149 munus
1243 4105 1386 4151 tuum
1412 4101 1478 4153 ad
1499 4101 1696 4167 altare,
1749 4114 1804 4158 et
1831 4104 1906 4159 ibi
1929 4107 2250 4164 recordatus

693 4179 879 4245 lueris,
913 4185 1035 4253 quia
1064 4185 1231 4241 frater
1261 4197 1383 4244 tuus
1415 4191 1579 4247 habet
1617 4194 1818 4264 aliquid
1843 4197 2127 4254 adversum
2159 4207 2239 4265 te;

690 4275 934 4343 relinque
956 4276 1026 4329 ibi
1057 4293 1250 4334 munus
1289 4289 1470 4348 tuum,
1516 4294 1571 4338 et
1607 4289 1741 4339 vade
1774 4287 1946 4354 prius,
1996 4290 2234 4344 reconciv

687 4364 822 4421 liare
884 4367 1037 4422 fratri
1088 4379 1236 4425 tuo:
1288 4382 1343 4426 et
1408 4383 1536 4429 tunc
1585 4377 1812 4431 veniens
1864 4378 1998 4432 olTer
2048 4395 2243 4435 munus

686 4467 836 4510 tuum
868 4460 932 4513 “.
962 4479 982 4512 ι

756 4541 1028 4605 νεκειΓἹ.
1086 4571 1106 4603 ι
1135 4553 1355 4626 Frange,
1392 4559 1656 4612 esurienti
1707 4574 1901 4627 panem
1959 4571 2140 4627 tuum,
2189 4571 2245 4618 et

683 4653 950 4708 pauperes
980 4650 1125 4697 tecto
1156 4657 1401 4701 carentes
1433 4649 1595 4703 induc
1625 4651 1677 4703 in
1718 4651 1934 4705 domum
1963 4660 2129 4708 tuam.
2187 4653 2243 4708 Si

683 4731 885 4784 videris
915 4735 1134 4800 nudum,
1170 4746 1308 4805 tege,
1337 4749 1390 4794 et
1426 4741 1754 4797 domesticos
1779 4743 2004 4797 seminis
2047 4745 2121 4797 tui
2178 4760 2244 4798 ne

681 4821 1012 4890 despexeris.
1046 4845 1065 4878 ι
1102 4826 1219 4882 Non
1260 4830 1401 4883 enim
1424 4832 1618 4886 desunt
1670 4835 1813 4904 apud
1855 4834 2102 4890 homines
2150 4836 2241 4905 qui

679 4911 799 4964 cibo
831 4923 1025 4978 egeant
1060 4939 1072 4969 :
1106 4925 1269 4985 atque
1315 4919 1393 4973 sic
1421 4920 1514 4974 tibi
1571 4923 1894 4978 abstinentia
1938 4940 2042 4978 non
2091 4925 2241 4979 lucro

678 5002 785 5054 erit
817 5021 831 5054 ε
862 5006 954 5059 sed
987 5006 1100 5062 .alio
1135 5010 1294 5063 modo
1317 5013 1551 5066 animam
1593 5023 1735 5067 tuam
1763 5016 1903 5082 ales,
1940 5031 2061 5070 cum
2099 5031 2241 5085 pane

685 5099 770 5146 luo
801 5093 1038 5162 indigum
1078 5105 1132 5150 et
1177 5099 1284 5152 cibi
1320 5103 1544 5168 penuria
1576 5101 1905 5159 laborantem
1946 5107 2238 5162 recreabis.

753 5272 913 5328 Vens.
946 5276 999 5339 8,
1042 5275 1095 5330 9.
1149 5295 1167 5328 ι
1196 5276 1346 5332 Tunc
1402 5287 1650 5348 erumpet
1690 5280 2010 5335 matutinum
2059 5281 2239 5335 lumen

682 5371 858 5429 tuum,
885 5374 941 5418 et
968 5368 1283 5422 sanationes
1324 5378 1426 5423 tua:
1471 5371 1581 5425 cito
1620 5371 1862 5425 orientur
1898 5387 1914 5425 :
1949 5382 2003 5427 et
2031 5371 2243 5441 praibit

680 5463 806 5503 ante
849 5462 899 5506 te
928 5454 1142 5522 justitia
1171 5466 1282 5523 tua,
1330 5467 1386 5512 et
1413 5459 1587 5528 ‘gloria
1639 5457 1736 5514 Dei
1767 5460 2123 5516 circumdabit
2167 5471 2235 5516 te.

682 5537 831 5594 Tunc
883 5544 1158 5612 clamabis,
1203 5554 1259 5602 et
1311 5547 1450 5604 Deus
1494 5551 1748 5609 exaudiet
1805 5562 1859 5609 te
1899 5571 1913 5606 :
1950 5553 2124 5610 adhuc
2188 5561 2243 5608 te

684 5627 938 5700 loquente
971 5636 1133 5700 dicet,
1167 5637 1307 5695 Ecce
1341 5641 1548 5698 adsum.
1576 5662 1596 5695 ι

763 5766 806 5797 η
838 5766 1031 5838 itaita.
1073 5787 1123 5840 ν,
1153 5772 1223 5827 23

2443 3663 2462 3696 ι
2489 3643 2626 3713 οὐχὶ
2665 3642 2918 3712 τοιαύτην
2955 3641 3208 3712 νηστείαν
3236 3639 3583 3712 ἐξελεξάμην.
3627 3638 3772 3708 λέγει
3802 3641 3939 3694 Κύ“

2360 3753 2474 3808 ριος
2495 3751 2509 3765 ·
2544 3733 2678 3787 ἀλλὰ
2727 3732 2820 3784 λύε
2870 3731 3047 3787 πάντα
3111 3730 3407 3802 σύνδεσμον
3453 3730 3694 3793 ἀδικίας·
3734 3730 3931 3786 διάλυε

2357 3824 2720 3896 πραγγαλιάς
2743 3822 2929 3894 βιαίων
2975 3822 3431 3891 συναλλαγμάτων
3453 3838 3467 3851 ·
3503 3820 3799 3874 ἀπόστελλε
3822 3838 3925 3875 τε-

2353 3913 2718 3985 θραυσμένους
2752 3916 2811 3966 ὲν
2835 3912 3057 3982 ἀφέσει·
3104 3911 3198 3964 καὶ
3241 3911 3420 3965 πᾶσαν
3450 3912 3769 3984 συγγραφὴν
3803 3911 3931 3966 ἀδι-

2352 4023 2446 4058 κον
2465 4005 2693 4058 διάσπα·
2729 4024 2749 4056 ι
2775 4004 2907 4058 αὐτὸ
2928 4005 2993 4075 δὴ
3022 4003 3084 4056 τὸ
3102 4002 3420 4073 λελεγμένον
3461 4003 3566 4056 ὑπὸ
3593 4002 3689 4056 τοῦ
3737 4004 3933 4077 Σωτῆ-

2356 4113 2447 4166 ρος
2497 4095 2643 4167 ἔργῳ
2675 4095 2918 4168 πληρῶν,
2958 4097 3042 4149 τό·
3082 4114 3101 4146 t
3133 4096 3258 4149 Ἐὰν
3298 4095 3613 4169 προσφέρῃς
3639 4097 3701 4149 τὸ
3739 4095 3925 4167 δῶρόν

2353 4205 2468 4250 σου,
2497 4190 2654 4240 κάκεῖ
2678 4187 2939 4258 μνησθῇς,
2973 4188 3056 4240 ὅτι
3094 4186 3206 4257 εχει
3233 4190 3263 4241 ό
3293 4187 3516 4256 ἀδελφός
3543 4187 3638 4240 σού
3685 4205 3738 4240 τι
3771 4191 3933 4244 κατὰ·

2355 4279 2485 4331 σοῦ’
2522 4279 2657 4348 ἀφες
2703 4281 2820 4332 ἐκεῖ
2844 4280 2906 4332 τὸ
2937 4280 3108 4350 δῶρόν
3136 4296 3251 4346 σου,
3301 4280 3396 4333 καὶ
3449 4279 3626 4348 ὕπαγε
3675 4279 3921 4352 πρῶτον,

2349 4369 2659 4441 διαλλάγηθι
2683 4371 2762 4442 τῷ
2785 4370 2996 4442 ἀδελφῷ
3017 4388 3109 4425 σου
3129 4389 3143 4402 ·
3173 4373 3268 4425 καὶ
3292 4372 3411 4425 τότε
3441 4372 3611 4426 ἐλθὼν
3638 4374 3925 4446 πρόσφερε

2279 4502 2324 4556 D
2351 4461 2412 4512 τὸ
2443 4461 2615 4533 δῶρόν
2641 4478 2755 4515 σου.
2786 4481 2807 4514 ι

2427 4570 2445 4602 ι
2475 4552 2779 4623 Διάθρυπτε
2812 4553 3069 4607 πεινῶντι
3092 4553 3184 4607 τὸν
3212 4552 3376 4626 ἄρτον
3403 4572 3518 4620 σου,
3539 4554 3633 4608 καὶ
3664 4554 3923 4626 πτωχοὺς

2351 4642 2612 4711 ἀστέγους
2649 4644 2836 4711 εἴσαγε
2856 4646 2936 4707 είς
2956 4644 3047 4697 τὸν
3065 4640 3213 4699 οἶκόν
3242 4661 3356 4697 σου.
3391 4645 3515 4699 Ἐὰν
3543 4647 3658 4718 ῐδῃς
3687 4648 3923 4716 γυμνὸν,

2355 4733 2630 4802 περίϐαλε,
2663 4736 2757 4788 καὶ
2779 4735 2888 4788 ἀπὸ
2918 4736 3026 4788 τῶν
3065 4736 3280 4789 οίκείων
3311 4736 3412 4790 τοῦ
3459 4736 3770 4808 σπέρματός
3815 4752 3922 4790 σου

2352 4826 2447 4895 οὐχ
2469 4828 2748 4898 ὑπερόψει,
2787 4848 2807 4880 ι
2843 4829 2918 4881 Οὐ
2943 4828 3051 4899 γὰρ
3097 4828 3375 4881 λείπουσιν
3403 4829 3463 4880 ὲν
3509 4827 3810 4898 ἀνθρώποις
3861 4829 3919 4881 οι

2349 4921 2551 4991 τροφῆς
2575 4921 2772 4982 ἐνδεεῖς
2794 4938 2808 4949 ·
2843 4922 2937 4973 καὶ
2965 4919 3106 4973 οὕτω
3151 4921 3259 4992 γάρ
3300 4938 3382 4973 σοι
3422 4921 3645 4991 γένηται
3676 4921 3736 4972 οὐ
3772 4920 3922 4991 πρὸς

2349 5009 2569 5079 κέρδους
2613 5013 2647 5081 ή
2693 5011 2895 5076 ἀσιτία,
2926 5011 3039 5065 ἀλλ’
3094 5013 3264 5083 ἑτέρῳ
3303 5012 3489 5083 τρόπῳ
3515 5013 3767 5083 τραφήσῃ
3807 5011 3921 5084 τὴν

2345 5099 2520 5170 ψυχὴν
2545 5101 2625 5172 τῷ
2651 5101 2843 5155 σαυτοῦ
2886 5103 3034 5174 ἄρτῳ
3054 5103 3145 5156 τὸν
3176 5102 3330 5173 ἐνδεῆ
3358 5104 3451 5156 καὶ
3475 5102 3682 5174 τροφῆς
3719 5101 3918 5173 δεόμε-

2348 5209 2435 5246 νον
2462 5193 2861 5263 ἀνακτώμενος.

2419 5301 2438 5333 t
2472 5283 2605 5336 Τότε
2637 5287 2930 5356 ῥαγήσεται
2948 5284 3196 5357 πρώῖμον
3225 5286 3287 5339 τὸ
3307 5285 3422 5354 φῶς
3451 5302 3564 5348 σου,
3600 5284 3693 5338 καὶ
3715 5283 3786 5336 τά
3823 5284 3918 5338 ιά-

2350 5379 2495 5448 ματά
2529 5395 2623 5430 σου
2649 5380 2783 5448 ταχὺ
2813 5380 3059 5432 ἀνατελεί
3081 5397 3095 5410 ·
3124 5380 3219 5433 καὶ
3254 5378 3687 5450 προπορεύσεται
3705 5379 3917 5450 έμπριν

2349 5468 2473 5523 σθέν
2515 5486 2610 5522 σου
2664 5471 2698 5540 ή
2742 5471 3052 5543 δικαιοσύνη
3102 5489 3216 5537 σου,
3263 5473 3356 5525 καὶ
3405 5474 3438 5541 ή
3483 5471 3608 5536 δόξα
3635 5470 3730 5522 τοῦ
3762 5469 3912 5525 Genu

2347 5565 2654 5634 περιστελεῖ
2687 5581 2764 5616 σε.
2796 5565 2928 5618 Τότε
2961 5565 3153 5638 βοήσῃ,
3179 5566 3273 5618 καὶ
3306 5567 3336 5618 ὁ
3379 5565 3509 5626 Θεὸς
3527 5564 3911 5622 sicude

2349 5669 2464 5707 σου·
2492 5654 2572 5710 ἔτι
2600 5654 2883 5720 λαλοῦντός
2915 5674 3006 5710 σου
3039 5659 3181 5728 spei.“
3229 5656 3358 5712 Ἰδοὺ
3379 5657 3628 5728 πάρειμι.
3663 5674 3684 5709 s
