4128 6294
714 251 817 305 183
1376 249 1635 305 EUSEBII
1673 248 2142 306 CESABIENSIS
2179 248 2326 304 OPP.

2283 249 2326 302 Ρ.
2368 249 2545 304 PARS
2585 251 2671 304 ΙΙΙ.
2713 249 3220 308 —-~EXEGETICA.
3808 255 3913 309 484

713 373 778 423 ad
807 372 908 424 alia
939 384 1120 436 opera,
1153 385 1325 440 neque
1358 371 1439 425 vel
1485 372 1803 424 verbotenus
1845 371 1976 422 labia
2020 371 2249 435 fmdare;
2282 387 2324 440 Α

2291 387 2324 440 Α
2354 386 2484 428 τειν.
2517 370 2647 440 μηδὲ
2679 372 2835 441 μέχρι
2869 372 2957 424 τοῦ
2982 373 3230 442 τυχόντος
3255 372 3502 427 κινοῦντα
3531 373 3620 426 τὸν
3653 374 3796 427 πόδα
3826 375 3921 426 ἑπὶ

711 460 805 513 sed
834 460 930 514 soli
956 462 1253 513 divinarum
1284 475 1456 514 rerum
1483 461 1596 514 otio
1623 471 1728 512 tota
1757 461 1843 512 die
1871 474 2084 513 vacare.

2353 461 2612 529 πράξεσιν
2660 462 2894 532 ἑτέραις,
2949 463 3081 532 μηδὲ
3135 464 3294 533 μέχρι
3321 465 3478 532 λόγου
3537 464 3790 534 μολύνειν
3850 464 3921 518 τά

713 550 858 622 χείλη
882 569 894 582 ·
931 552 1066 626 μόνῃ
1091 551 1147 604 δὲ
1185 553 1248 620 τῇ
1275 551 1431 620 σχολῇ
1463 550 1569 603 τῶν
1591 551 1745 604 θείων
1769 550 1855 604 διὰ
1881 552 2057 618 πάσης
2087 552 2437 621 προσανέχειν
2462 551 2558 618 τῆς
2585 551 2811 621 ἡμέρας.

1276 681 1498 738 CAPUT
1528 682 1660 736 th.
2851 647 3242 737 ΚΕΦΑΛΑιοΝ
3270 683 3394 741 ΝΘα.

778 779 940 833 Vna.
977 780 1026 834 1.
1059 795 1078 828 ι
1115 777 1300 828 Annon
1329 783 1505 840 potest
1529 790 1720 829 manus
1748 773 1956 828 Domini
1985 775 2194 829 salvare
2229 775 2252 826 ?

2426 789 2444 820 ι
2477 770 2566 840 Μὴ
2617 772 2716 824 οὐκ
2769 773 2939 842 ίσχύει
2973 777 3004 843 ἡ
3053 774 3172 844 χεὶρ
3224 773 3426 842 Κυρίου
3463 773 3557 826 τοῦ
3599 775 3808 836 σῶσαι;
3849 771 3919 824 Ἦ

711 869 790 919 An
821 874 1103 934 aggravata
1138 871 1220 915 eat
1249 863 1394 914 auris
1426 862 1539 928 ejus
1563 901 1577 924 ,
1628 872 1686 915 ut
1722 878 1824 916 non
1857 863 2108 915 exaudiat
2141 864 2164 916 ?
2226 883 2243 915 ι

2351 859 2576 929 ἑῦάρυνε
2602 861 2662 912 τὸ
2685 856 2775 924 οὖς
2799 862 2961 915 αὑτοῦ
2986 863 3078 915 τοῦ
3105 864 3177 934 μὴ
3207 862 3554 927 είσακοῦσαι;
3597 883 3615 914 ι
3656 865 3748 926 Ὠς
3776 863 3921 933 πρὸς

712 958 994 1025 Postquam
1026 955 1078 1008 in
1106 953 1527 1024 praecedentibus
1569 968 1688 1020 qua:
1730 969 1758 1006 ιι
1805 951 2029 1007 Iudaico
2058 952 2250 1022 papulo

2349 952 2441 1004 τὸν
2478 952 2584 1004 τῶν
2629 952 2892 1006 Ἰουδαίων
2937 954 3062 1006 λαὸν
3110 955 3538 1024 διαστειλάμενος
3579 958 3608 1008 6
3653 955 3819 1022 λόγος
3860 955 3921 1005 ἑν

712 1048 912 1118 agenda
943 1054 1136 1108 erant,
1176 1044 1540 1112 praescripsit,
1575 1053 1734 1112 atque
1783 1044 1849 1098 iis
1899 1047 1989 1113 qui
2046 1045 2247 1113 agenda

2351 1045 2461 1104 τοῖς
2494 1045 2596 1113 πρὸ
2617 1043 2802 1095 τούτου
2837 1044 2904 1096 τὰ
2946 1045 3211 1116 πρακτέα,
3242 1047 3334 1099 καὶ
3363 1049 3475 1108 τοῖς
3508 1047 3604 1115 μὲν
3652 1046 3724 1097 τὰ
3769 1063 3919 1116 πρα-

707 1137 1031 1205 perfeceriut
1061 1178 1074 1202 ,
1107 1146 1460 1205 congruentes
1489 1135 1898 1203 pollicitationes
1927 1136 2152 1200 obtulit,
2187 1150 2249 1188 ac

2355 1132 2483 1184 κτέα
2511 1132 2576 1184 δι’
2607 1131 2779 1203 ἔργων
2821 1135 3159 1188 ἑπιτελέσασι
3193 1134 3290 1198 τὰς
3321 1135 3628 1205 πρεπούσας
3665 1137 3921 1203 ἐπαγγε-

707 1232 977 1282 contraria
1013 1228 1366 1294 deligentibus
1395 1226 1684 1293 promerita
1715 1225 1974 1293 supplicia
2025 1227 2248 1280 commi-

2351 1219 2469 1285 λίας
2501 1223 2782 1293 παραθεὶς,
2811 1227 2923 1286 τοῖς
2943 1225 2997 1276 δὲ
3020 1225 3272 1279 τάναντία
3295 1227 3562 1295 ἑλομένοις
3583 1225 3679 1288 τὰς
3710 1227 3927 1278 καταλ-

710 1331 867 1372 natus
895 1328 1008 1380 est;
1038 1319 1146 1386 jam
1174 1319 1254 1372 bis
1289 1316 1464 1369 verbis
1494 1317 1636 1384 ipsos
1666 1319 1921 1384 coarguit,
1951 1327 2136 1386 utpote
2155 1320 2244 1387 qui

2352 1309 2541 1378 λήλους
2576 1312 2873 1381 ἀπειλήσας
2919 1313 3214 1384 τιμωρίας·
3249 1313 3338 1366 διὰ
3381 1312 3488 1364 τῶν
3532 1313 3923 1384 προκειμένων

707 1406 880 1476 aliqua
919 1407 1009 1459 Dei
1055 1406 1310 1459 voluntati
1345 1405 1614 1458 contraria
1660 1405 1952 1476 delegerint
1985 1424 1999 1458 :
2041 1423 2144 1474 qua
2177 1408 2242 1460 de

2352 1401 2566 1469 ἔλεγχον
2591 1402 2770 1462 αὐτοῖς
2803 1403 3118 1471 προσφέρει,
3153 1401 3228 1464 ὥς
3247 1419 3366 1453 τινα
3398 1401 3610 1454 ἐναντία
3633 1401 3924 1469 ἑλομένοις

708 1513 867 1549 causa
913 1498 963 1549 in
1010 1497 1342 1549 calamitates
1385 1494 1585 1560 delapsi
1637 1505 1776 1549 sunt.
1829 1497 1915 1549 Ait
1944 1511 2071 1565 ergo
2104 1497 2242 1551 illis:

2350 1492 2416 1558 τῇ
2445 1488 2538 1540 τοῦ
2575 1488 2708 1542 Θεοῦ
2762 1490 2957 1559 βουλῇ’
2996 1482 3056 1540 οὗ
3091 1489 3244 1559 χάριν
3270 1491 3363 1541 καὶ
3395 1491 3506 1552 τοῖς
3531 1491 3718 1551 κακοῖς
3759 1505 3925 1559 περι-

708 1587 1051 1654 Nequaquam
1103 1586 1229 1638 mihi
1276 1585 1383 1638 Deo
1435 1585 1760 1650 impossibile
1802 1596 1913 1640 erat
1949 1602 2041 1640 vos
2085 1588 2244 1640 etiam

2353 1581 2691 1634 πεπτώκασι.
2719 1581 2883 1652 Φησὶν
2929 1575 3020 1633 οὖν
3058 1579 3192 1649 πρὸς
3223 1577 3443 1641 αὐτούς·
3479 1579 3590 1630 Οὐκ
3614 1574 3678 1648 ἦν
3709 1578 3923 1632 ἀδύνα-

705 1676 939 1743 perditos
968 1686 1270 1728 restaurare
1296 1714 1310 1738 ,
1338 1689 1511 1729 neque
1543 1675 1751 1728 inﬁrma
1780 1686 1863 1729 est
1896 1693 2084 1730 manus
2112 1691 2247 1736 mea,
2282 1681 2322 1734 Β

2295 1681 2322 1734 Β
2350 1690 2439 1724 τον
2467 1673 2589 1742 ἑμοὶ
2619 1672 2696 1742 τῷ
2736 1672 2873 1742 Θεῷ,
2905 1674 2998 1726 καὶ
3043 1669 3442 1740 ἀπολλυμένους
3479 1671 3621 1740 ὑμᾶς
3667 1671 3925 1739 ἀνακτή-

705 1777 762 1819 ut
793 1782 904 1829 vas,
934 1767 1175 1834 indignus
1205 1766 1346 1830 licet,
1381 1782 1594 1820 servare
1628 1782 1920 1835 nequeam;
1955 1768 2097 1820 auris
2125 1781 2248 1820 vero

2350 1763 2564 1825 σασθαι,
2592 1761 2711 1814 οὐδὲ
2743 1762 3013 1832 ἀσθενεῖὴ
3047 1762 3152 1831 ἑμὴ
3181 1763 3299 1831 χεὶρ
3346 1761 3440 1813 καὶ
3470 1758 3720 1823 ἀναξίους
3750 1759 3923 1823 ὄντας

706 1872 842 1916 mea,
869 1872 985 1924 qua:
1012 1857 1186 1909 omnia
1214 1856 1397 1918 audit,
1429 1871 1531 1909 non
1565 1857 1636 1910 ita
1679 1865 1967 1926 aggravata
2001 1866 2114 1909 erat
2139 1896 2153 1919 ,
2191 1866 2249 1910 ut

2347 1855 2488 1922 ὑμᾶς
2528 1852 2816 1904 διασῶσαι⁸
2873 1854 2966 1905 καὶ
2995 1853 3055 1905 τὸ
3084 1849 3174 1915 οῦς
3219 1853 3274 1905 δὲ
3322 1851 3383 1903 τὸ
3412 1851 3542 1920 ἑμὸν
3584 1851 3643 1904 τὺ
3680 1850 3922 1904 πάντων

705 1957 808 1995 non
843 1959 1052 2012 possem
1084 1958 1174 1996 vos
1203 1942 1498 1997 clamantes
1522 1944 1799 1998 exaudire.

2346 1943 2662 1994 ἀκουστικὸν
2693 1943 2789 2010 οὐχ
2809 1941 2979 2004 οὕτως
3009 1938 3076 2012 ἦν
3099 1941 3420 2012 βαρυήκοον,
3445 1940 3521 2003 ὡς
3547 1941 3618 2012 μὴ
3642 1939 3920 1995 δύνασθαι

2349 2031 2499 2100 ὑμῶν
2530 2031 2846 2084 εἰσακοῦσαι
2879 2031 3144 2101 βοώντων.

770 2139 930 2192 Vens.
966 2140 1020 2194 2.
1063 2158 1083 2190 ε
1129 2141 1232 2195 Sed
1269 2150 1487 2209 peccata
1527 2151 1700 2196 vestra
1733 2143 2009 2197 dissidium
2039 2143 2245 2199 faciunt

2419 2161 2437 2191 ι
2470 2139 2623 2192 Ἀλλά
2648 2140 2714 2192 τά
2737 2141 3107 2211 ἁμαρτήματα
3134 2139 3287 2208 ὑμῶν
3315 2138 3585 2192 διιστῶσιν
3610 2138 3711 2191 ἀνὰ
3739 2141 3923 2209 μέσον

701 2228 839 2284 inter
865 2245 957 2283 vos
987 2239 1040 2284 et
1068 2231 1232 2284 Deum
1270 2250 1282 2284 :
1311 2241 1365 2284 et
1391 2241 1611 2300 propter
1642 2241 1861 2300 peccata
1896 2243 2072 2287 vestra
2093 2249 2246 2288 aver-

2345 2230 2495 2300 ὑμῶν
2519 2231 2612 2284 καὶ
2639 2231 2742 2283 ἀνὰ
2779 2231 2943 2301 μέσον
2971 2231 3064 2283 τοῦ
3095 2229 3248 2282 Θεοῦ’
3281 2231 3372 2282 καὶ
3401 2229 3488 2282 διά
3515 2230 3610 2293 τὰς
3630 2231 3925 2302 ἁμαρτίας

703 2321 766 2373 tit
799 2320 986 2372 faciem
1023 2334 1050 2371 a
1083 2321 1235 2373 vobis
1259 2358 1276 2382 ,
1329 2330 1386 2372 ut
1414 2336 1516 2374 non
1565 2323 1904 2376 misereatur.
1948 2342 1966 2374 ι
2001 2323 2242 2392 Improba

2344 2323 2493 2390 ὑμῶν
2519 2305 2820 2391 ἀπέστρεψε
2842 2321 2904 2373 τὺ
2933 2321 3217 2390 πρόσωπον
3241 2321 3335 2391 ἀφ’
3371 2321 3542 2391 ὑμῶν,
3575 2320 3664 2373 τοῦ
3687 2321 3773 2391 μὴ
3802 2321 3926 2375 ἑλι-

702 2410 807 2460 τίιιι
841 2418 1014 2462 vestra
1053 2424 1156 2461 non
1203 2409 1331 2461 sinit
1359 2423 1450 2461 vos
1494 2409 1669 2462 divina
1718 2409 1817 2462 frui
1867 2413 2199 2478 providentia
2225 2455 2241 2477 ,

2342 2415 2489 2480 ἧσαι.
2551 2432 2568 2463 ι
2605 2412 2662 2464 '0
2701 2411 3012 2482 παράνομος
3064 2410 3213 2480 ὑμῶν
3254 2411 3368 2479 βίος
3405 2412 3505 2463 οὑκ
3541 2413 3722 2480 stitia;
3758 2411 3924 2474 Θείας

700 2498 824 2565 quia
860 2497 998 2551 Deus
1032 2507 1306 2565 peccatum
1332 2537 1348 2562 ,
1381 2507 1440 2548 nt
1488 2512 1596 2550 rem
1643 2499 1878 2565 putidum
1906 2539 1920 2562 ,
1957 2509 2162 2567 turpem
2190 2512 2243 2556 et

2343 2504 2482 2573 ὑμᾶς
2515 2505 2814 2558 ἀπολαῦσαι
2860 2502 3135 2574 προνοίας,
3161 2503 3250 2556 διὰ
3290 2503 3352 2555 τὸ
3398 2502 3778 2573 βδελύττεσθαι
3809 2504 3925 2557 ὧσ-

701 2585 952 2638 inl'amcm
985 2585 1340 2637 abominatur.
1378 2583 1580 2652 Populo
1609 2585 1786 2651 itaque
1834 2587 2003 2642 rninte
2050 2603 2111 2642 ac
2153 2604 2240 2644 re-

2342 2612 2446 2665 πςρ
2477 2595 2682 2666 δυσώδη
2725 2597 2818 2648 καὶ
2857 2594 3088 2665 αἰσχρὰν
3117 2595 3210 2647 καὶ
3242 2596 3431 2665 ἀτιμον
3471 2595 3568 2666 τὴν
3603 2595 3918 2664 ἁμαρτίαν.

701 2673 947 2726 unctionis
974 2687 1000 2724 a
1032 2671 1141 2725 Deo
1171 2671 1368 2725 nullam
1411 2672 1568 2725 aliam
1597 2672 1762 2726 fuisse
1801 2689 2014 2729 causam
2043 2679 2198 2733 docet
2224 2718 2240 2743 ,

2340 2685 2413 2737 Τὸ
2445 2685 2540 2755 μὲν
2573 2681 2663 2738 οὖν
2693 2686 2863 2737 αίτιον
2891 2685 2988 2754 τῆς
3020 2683 3385 2747 ἀποπτώσεως
3404 2684 3494 2736 τοῦ
3518 2684 3642 2737 λαοῦ
3671 2685 3776 2737 καὶ
3811 2686 3919 2756 τῆς

696 2778 853 2831 quam
892 2772 1109 2831 peccata
1143 2776 1328 2816 eorum
1375 2779 1389 2815 :
1440 2762 1628 2817 borum
1677 2779 1802 2818 vero
1841 2768 2048 2834 species
2087 2769 2240 2822 dein-

2341 2774 2673 2846 πορρωτάτω
2703 2773 2796 2826 τοῦ
2831 2773 2964 2825 Θεοῦ
2996 2771 3260 2842 ἀποϐολῆς
3303 2771 3466 2826 αὐτοῦ
3515 2774 3662 2826 οὐδὲν
3707 2774 3918 2844 ἕτερον

698 2869 822 2922 ceps
846 2861 1145 2909 enumerat.

2341 2862 2476 2918 εἶναι
2525 2863 2759 2927 ἐδίδαξεν
2797 2863 2829 2934 ἢ
2880 2863 2976 2926 τὰς
3006 2863 3300 2932 ἁμαρτίαςο
3335 2863 3395 2916 τὸ
3430 2862 3486 2916 δὲ
3513 2862 3711 2916 τούτων
3766 2860 3917 2928 εῐδος

2268 2993 2310 3050 c
2343 2953 2469 3022 ἑξῆς
2496 2952 2926 3022 καταριθμεῖται.

769 3053 929 3108 Vsus.
965 3050 1018 3106 5.
1060 3071 1079 3104 ι
1115 3051 1304 3106 Manus
1333 3051 1475 3106 enim
1510 3060 1699 3106 vestrae
1735 3049 1948 3119 pollutae
1977 3058 2102 3104 sunt
2124 3064 2242 3105 san-
2292 3049 2295 3050 ⁷

2292 3049 2295 3050 ν
2421 3084 2438 3116 ι
2477 3067 2540 3118 Δί
2581 3064 2688 3136 γὰρ
2725 3067 2902 3136 χεῖρες
2930 3062 3081 3134 ὑμῶν
3128 3063 3528 3134 μελμολυσμέναι
3561 3065 3778 3134 αἵματι,
3813 3083 3917 3120 και

691 3144 853 3212 guine
877 3182 893 3208 ,
920 3152 974 3194 et
1002 3140 1150 3206 digiti
1190 3141 1352 3194 vestri
1382 3141 1433 3193 in
1474 3140 1705 3208 peccatis
1735 3158 1750 3194 :
1780 3138 1919 3192 labia
1947 3150 2124 3194 vestra
2161 3142 2241 3196 lo-

2343 3161 2390 3210 ot
2417 3158 2666 3211 δάκτυλοι
2694 3155 2845 3226 ὑμῶν
2873 3159 2931 3207 ἑν
2956 3153 3247 3225 ἁμαρτίαις
3267 3170 3280 3184 ·
3320 3155 3386 3208 τά
3415 3155 3564 3226 χείλη
3596 3155 3923 3225 ὑμῶν-ἐλά-

697 3241 819 3286 cuta
850 3240 974 3285 sunt
1006 3230 1338 3299 iniquitatem
1364 3270 1380 3295 ,
1411 3240 1465 3283 et
1490 3229 1668 3299 lingua
1705 3240 1879 3284 vestra
1923 3229 2238 3296 injustitiam

2343 3249 2510 3318 λησαν
2541 3248 2787 3317 ἀνομίαν,
2815 3245 2907 3299 καὶ
2933 3247 2966 3316 ἡ
2989 3243 3204 3314 γλῶσσα
3233 3245 3384 3316 ὑμῶν
3407 3246 3615 3300 ἀδικίαν
3641 3246 3875 3321 μελετᾷ.
3895 3271 3914 3303 ι

691 3322 1002 3374 meditatur.
1062 3338 1082 3372 ι
1134 3319 1201 3373 Et
1231 3319 1531 3389 perpendas
1578 3318 1731 3372 velim
1778 3333 1870 3373 eos
1912 3319 2001 3374 hic
2034 3334 2140 3372 non
2176 3319 2240 3373 de

2345 3339 2452 3392 Καὶ
2507 3337 2624 3403 θέα,
2644 3338 2728 3401 ὡς
2759 3338 2858 3390 οὐκ
2890 3337 3260 3406 ἐπιμέμφεται
3287 3337 3466 3400 αὐτοῖς
3494 3338 3550 3388 ἑν
3581 3339 3796 3402 τούτοις
3827 3318 3919 3394 εῖ-

698 3409 996 3462 idololatria
1016 3447 1031 3470 ,
1061 3419 1154 3462 aut
1178 3409 1243 3462 de
1275 3409 1378 3462 alio
1405 3408 1648 3476 improbo
1686 3408 1924 3464 facinore
1955 3415 2200 3465 accusari
2221 3450 2236 3473 ,

2342 3427 2754 3498 δωλολατρείαν,
2783 3427 2889 3480 οὐδ’
2951 3427 3142 3495 ἑτέραν
3167 3425 3288 3480 τινὰ
3321 3428 3628 3497 παράνομον
3657 3431 3873 3498 πρᾶξιν
3901 3453 3914 3461 ·

686 3501 790 3554 sed
835 3502 900 3554 de
947 3501 1093 3554 caede
1125 3500 1280 3555 labiis
1319 3509 1624 3569 perpetrata
1650 3541 1664 3562 .
1702 3511 1756 3554 et
1785 3501 1850 3555 de
1878 3503 1988 3556 oris
2015 3504 2096 3556 sui
2131 3503 2238 3557 ini-

2344 3516 2479 3569 ἀλλά
2506 3516 2603 3586 τὴν
2627 3516 2716 3569 διὰ
2747 3516 2968 3586 χειλέων
3015 3517 3341 3587 μιαιφονίαν,
3392 3519 3484 3570 καὶ
3514 3519 3610 3589 τὴν
3635 3519 3724 3572 διὰ
3778 3523 3918 3575 στό-

696 3591 921 3658 quitate.
959 3587 1122 3655 Quels
1150 3589 1453 3643 subindicat
1477 3603 1661 3644 eorum
1689 3599 1870 3643 contra
1901 3589 2238 3645 Servatorem

2348 3620 2510 3672 ματος
2544 3605 2903 3675 παρανομίαν.
2933 3605 3008 3656 Δι’
3037 3599 3111 3660 ὧν
3130 3605 3344 3676 ᾐνίξατο
3369 3607 3464 3678 τὴν
3495 3587 3632 3661 κατὰ
3661 3609 3757 3661 τοῦ
3787 3613 3919 3665 Σω-

686 3679 1156 3748 conspirationes,
1196 3687 1356 3748 atque
1380 3678 1602 3733 insidias
1628 3680 1694 3733 ab
1722 3681 1802 3733 eis
1825 3689 2014 3735 contra
2045 3681 2240 3748 probos

2342 3694 2502 3763 τῆρος
2532 3695 2890 3748 ἐπανάστασιν
2913 3695 3106 3761 αὐτῶν,
3134 3698 3225 3749 καὶ
3250 3697 3346 3767 τὴν
3378 3698 3514 3750 κατὰ
3543 3698 3648 3751 τῶν
3670 3699 3918 3756 δικαίων

697 3772 842 3827 viros
865 3782 1117 3827 structas.
1143 3771 1364 3826 Etiamsi
1389 3787 1514 3828 vero
1533 3771 1869 3827 Servatorem
1892 3788 1994 3826 non
2026 3772 2239 3841 prepria

2340 3783 2546 3853 ἀνδρῶν
2571 3783 2881 3853 ὲπιὸουλήν.
2913 3785 2974 3837 El
2999 3785 3054 3836 δὲ
3081 3786 3174 3837 καὶ
3197 3786 3270 3856 μὴ
3298 3788 3607 3857 αὐτόχειρες
3639 3775 3913 3856 γεγόνασι

691 3877 856 3918 manu
878 3863 1220 3926 trucidarint;
1246 3878 1366 3918 cum
1395 3871 1569 3917 tamen
1598 3863 1909 3932 sanguinem
1942 3863 2056 3932 ejus
2081 3877 2241 3933 super

2342 3871 2435 3924 τοῦ
2463 3872 2730 3943 Σωτῆρος,
2764 3872 2896 3924 ἀλλὰ
2915 3873 2974 3925 τὸ
2998 3867 3132 3943 αἷμα
3164 3874 3322 3927 αὑτοῦ
3349 3877 3420 3928 ἑπ
3458 3878 3652 3939 αὐτοὺς
3683 3884 3774 3930 καὶ
3805 3879 3918 3936 ἐπὶ

694 3967 756 4007 se
783 3961 832 4006 et
887 3965 1048 4020 super
1100 3952 1235 4006 lilios
1262 3967 1387 4006 suos
1419 3955 1772 4021 expetierint.
1820 3969 1882 4008 ac
1928 3954 2106 4022 lmpiis
2157 3953 2236 4007 usi

2342 3962 2411 4016 τὰ
2434 3963 2597 4016 τέκνα
2647 3963 2822 4016 αὐτῶν
2865 3965 3232 4036 αἰτησάμενοι,
3261 3967 3352 4019 καὶ
3386 3968 3532 4036 βοαῖς
3556 3969 3731 4031 ἀθέοις
3761 3988 3919 4043 χρη.-

693 4043 804 4094 siut
834 4042 1179 4108 clamoribus,
1209 4055 1397 4110 reapse
1424 4043 1762 4098 declararunt
1789 4060 1846 4098 se
1894 4059 2084 4098 manus
2111 4058 2238 4098 san—

2345 4053 2582 4122 σάμενοι,
2630 4053 2774 4124 ἔργῳ
2817 4056 3163 4125 παρέστησαν
3191 4057 3288 4120 τὰς
3325 4061 3508 4127 χεῖρας
3543 4059 3679 4129 ἔχειν

696 4134 853 4200 guine
885 4133 1111 4187 {usitatas
1140 4133 1338 4188 habere
1361 4175 1379 4198 ,
1407 4133 1546 4190 labia
1590 4149 1772 4188 eorum
1803 4135 2134 4204 iniquitatem
2163 4135 2240 4189 lo-

2342 4143 2608 4214 λυσμένας
2631 4146 2840 4213 αἵματι.
2857 4147 2926 4199 τά
2941 4163 3001 4198 τε
3024 4149 3176 4217 χείλη
3198 4149 3374 4201 αὐτῶν
3396 4149 3736 4220 λελαληκέναι
3767 4153 3915 4206 ἀνο-

690 4233 816 4276 ruta
850 4237 1011 4286 esse,
1060 4233 1114 4278 et
1164 4223 1396 4296 linguam
1430 4239 1618 4278 eorum
1673 4227 2001 4293 impietatem
2052 4235 2237 4294 pmtu-

2347 4235 2492 4304 μίαν,
2526 4235 2618 4287 καὶ
2644 4234 2741 4305 τὴν
2783 4234 3032 4303 γλῶσσαν
3076 4238 3253 4291 αὐτῶν
3299 4239 3737 4311 μεμελετηκέναι.
3779 4243 3916 4310 Ἐξ-

697 4313 840 4367 lisse.
883 4312 1013 4367 Nam
1038 4328 1154 4368 sese
1180 4316 1509 4383 decipientes
1539 4316 1698 4370 alium
1729 4315 2002 4371 Christum
2041 4330 2235 4385 exspe-
2266 4335 2313 4392 ι)

2281 4335 2313 4391 [)
2340 4324 2652 4388 απατῶντες
2684 4324 2792 4396 γὰρ
2821 4327 3044 4391 ἑαυτοὺς
3067 4328 3251 4399 ἕτερον
3283 4331 3615 4400 προσδοκῶσι
3641 4333 3911 4402 Χριστὸν,

696 4412 840 4455 etant
863 4442 879 4465 ,
916 4403 1145 4456 humana
1193 4409 1435 4472 quadam
1469 4415 1523 4460 et
1557 4406 1797 4461 fabulosa
1846 4406 1913 4460 de
1965 4405 2080 4474 ipso
2111 4420 2237 4458 nar-

1968 4405 2080 4474 ipSO
2111 4420 2237 4458 Ιὶπ-
2334 4413 2642 4483 ἀνθρώπινά
2672 4431 2793 4468 τινα
2812 4417 2944 4486 περὶ
2975 4417 3138 4469 αὑτοῦ
3165 4419 3598 4488 μυθολογοῦντες.

698 4505 896 4546 rantes.

770 4605 928 4658 Vens.
955 4605 1008 4667 4,
1037 4605 1090 4658 5.
1127 4625 1145 4653 ι
1189 4605 1354 4660 Nemo
1385 4617 1618 4676 ιοηιιιιιιι·
1653 4609 1822 4678 justa,
1855 4625 1954 4664 nec
1987 4612 2239 4682 estjudi-

2409 4635 2426 4668 ι
2453 4617 2640 4681 Οὐθεὶς
2693 4617 2843 4670 λαλεῖ
2876 4617 3077 4677 δίκαια.
3113 4617 3231 4671 οὐδέ
3260 4620 3374 4671 ἑστι
3417 4619 3594 4688 κρίσις
3643 4618 3907 4690 ἀληθινή.

696 4695 833 4745 cium
864 4711 1071 4748 verum.
1119 4695 1402 4769 Conﬁdunt
1456 4700 1615 4751 rebus
1658 4702 1831 4760 vanis.
1868 4711 1920 4753 et
1946 4701 2239 4770 loquuntur

2334 4707 2654 4763 Πεποίθασιν
2709 4709 2802 4760 ἐπὶ
2857 4708 3121 4778 ματαίοις,
3185 4710 3279 4761 καὶ
3331 4709 3545 4762 λαλοῦσι
3609 4709 3758 4768 κενά,
3807 4711 3911 4764 ὅτι

691 4783 892 4842 inania.
923 4788 1043 4851 quia
1079 4788 1386 4855 concipiunt
1418 4787 1676 4853 dolorem,
1705 4801 1751 4843 et
1790 4794 2005 4858 pariunt
2039 4794 2238 4863 iniqui-

2345 4795 2530 4848 κύουσι
2572 4796 2750 4862 πόνον,
2798 4798 2892 4849 καὶ
2925 4797 3193 4850 τίκτουσιν
3237 4797 3480 4868 ἀνομίαν.
3522 4799 3612 4851 Ὼά
3654 4798 3910 4852 ἀσπίδων

700 4882 878 4926 tatem.
911 4875 1018 4930 Ova
1061 4877 1298 4945 aspidum
1353 4879 1619 4948 fregerunt
1649 4919 1665 4944 ,
1714 4893 1765 4936 et
1815 4885 1972 4939 telam
2026 4901 2240 4941 araneae

2345 4883 2595 4954 ἔρρηξαν,
2626 4887 2717 4938 καὶ
2736 4886 2879 4938 ἱστὸν
2907 4888 3143 4956 ἀράχνης
3167 4889 3478 4956 ὑφαίνουσι·
3519 4889 3614 4941 καὶ
3641 4891 3667 4939 ὁ
3687 4889 3913 4957 μέλλων

700 4973 881 5017 texunt
912 4984 926 5018 :
961 4977 1013 5019 et
1037 4969 1124 5034 qui
1157 4974 1268 5021 vult
1296 4969 1364 5023 de
1397 4972 1513 5025 uvis
1543 4986 1728 5024 eorum
1760 4977 2062 5035 comedere,
2093 4977 2241 5030 fran-

2344 4972 2449 5025 τῶν
2479 4974 2598 5026 ὠῶν
2634 4975 2812 5028 αὐτῶν
2861 4979 3073 5044 φαγεῖν,
3093 4977 3384 5046 συντρίψας
3411 4977 3589 5046 οὔριον
3621 4972 3763 5047 εὗρε,
3796 4983 3914 5034 καὶ

695 5069 825 5123 gens
852 5056 1059 5109 urinum
1091 5057 1329 5124 invenit,
1359 5070 1412 5113 et
1443 5061 1495 5113 in
1532 5062 1647 5129 ipso
1679 5065 1936 5131 regulum.
1980 5085 1996 5116 ι
2033 5068 2238 5120 Adver-

2344 5063 2400 5113 ἑν
2424 5064 2568 5132 αὑτῷ
2603 5064 2927 5133 βασιλίσκον.
2977 5084 2995 5117 ι
3037 5067 3155 5120 Τῶν
3196 5069 3577 5138 ἀντικειμένων
3619 5071 3914 5137 δυνάμεων

697 5145 957 5197 sariarum
984 5155 1302 5215 potestatum
1330 5152 1531 5204 semina
1563 5152 1615 5205 in
1647 5167 1704 5205 se
1728 5155 2034 5228 parturiunt
2071 5172 2084 5207 :
2113 5170 2239 5223 qua-

2341 5155 2408 5206 τὰ
2447 5157 2730 5225 σπέρματα
2775 5158 2832 5208 ὲν
2862 5159 3042 5221 αὐτοῖς
3066 5161 3364 5230 κυήσαντες
3384 5178 3397 5190 ·
3421 5161 3499 5213 διὸ
3528 5166 3641 5225 τοῖς
3664 5163 3759 5232 τῆς
3788 5181 3908 5217 και-

697 5247 757 5284 re
791 5235 1001 5288 malitia:
1027 5236 1444 5303 etiunprobitatis
1474 5255 1582 5293 suae
1608 5240 1729 5292 [iliis
1755 5241 2087 5307 dicebatur,«
2113 5246 2240 5296 Ser-

2345 5244 2465 5307 κίας
2511 5247 2602 5297 καὶ
2642 5247 2900 5316 πονηρίας
2947 5249 3120 5301 αὐτῶν
3154 5252 3288 5314 υἱοῖς
3334 5251 3582 5318 ἑλέγετο’
3623 5272 3642 5303 ι
3685 5256 3909 5322 Ὀφεις,

699 5332 916 5388 ῃηιιθε,
965 5324 1225 5392 genimina
1277 5327 1598 5392 viperarum.
1657 5347 1674 5378 ι
1707 5329 2054 5398 Pronortiouc
2109 5348 2237 5385 vero

2342 5336 2648 5404 γεννήματα
2681 5338 2916 5407 ἐχιδνῶν.
2957 5358 2975 5388 ι
3011 5340 3306 5408 ’Λναλόγως
3335 5342 3389 5393 δὲ
3422 5341 3498 5410 τῷ
3526 5343 3794 5412 σπέρματι
3817 5347 3910 5412 τῷ

699 5412 921 5475 quadam
956 5415 1018 5463 ad
1051 5414 1286 5466 divinum
1319 5430 1498 5469 semen
1550 5416 1727 5470 habita
1753 5457 1769 5480 ,
1805 5420 2234 5473 adversariarum

2344 5421 2470 5492 θείῳ
2499 5426 2587 5477 τὸν
2607 5427 2709 5478 τῶν
2729 5430 3109 5498 ἀντικειμένων
3129 5430 3407 5500 δυνάμεων
3430 5432 3625 5501 σπόρον
3652 5434 3730 5485 ὼά
3760 5435 3909 5487 ὡ·ςὸ-

698 5509 1019 5566 potestatum
1046 5519 1223 5557 semen
1255 5544 1270 5566 ,
1298 5521 1395 5558 ova
1423 5508 1710 5575 appellavit
1732 5547 1750 5570 ,
1786 5511 1993 5576 reptilis
2021 5511 2234 5575 generis

2347 5531 2479 5581 μασε
2520 5517 2606 5569 διὶι
2651 5519 2711 5569 τὸ
2759 5521 3102 5590 παράδειγμα
3148 5522 3237 5573 τοῦ
3291 5524 3614 5593 ἑρπυστικοῦ
3665 5524 3892 5592 γένους·

698 5591 937 5658 exemplo
963 5593 1212 5648 insistens
1249 5613 1261 5648 :
1299 5613 1420 5650 nam
1469 5601 1680 5668 aspides
1704 5641 1718 5664 ,
1744 5613 2022 5670 serpentes
2049 5616 2102 5656 et
2128 5604 2228 5656 alia

2338 5608 2557 5669 ἀσπίδες
2587 5610 2677 5661 καὶ
2699 5610 2870 5677 ὄφεις,
2899 5612 2989 5662 καὶ
3004 5612 3067 5663 τὰ
3089 5612 3308 5663 τοιαῦτα
3328 5612 3431 5664 τῶν
3447 5613 3693 5667 ᾠοτόκων
3710 5615 3880 5668 ἐστίν.
