4128 6294
305 297 412 351 483

1228 282 1729 342 COMMENTARIA
1768 280 1839 336 ΙΝ
1878 279 2132 336 ISAIAM.
2175 310 2243 319 ——
2283 279 2433 335 CAP.
2477 279 2615 335 LIX.
3467 285 3569 337 486

326 412 540 482 Ἐπειδὴ
572 411 714 482 μετά
741 409 1011 477 τοσαύτην
1063 407 1265 459 κακίαν
1320 402 1745 471 ἐπαγγέλλονται
1796 401 1893 472 μὲν

2001 398 2338 466 huiusmodi,
2372 414 2469 450 ova
2504 397 2741 466 pariunt.
2777 394 3045 460 Quoniam
3087 405 3209 465 post
3239 403 3439 449 tantam
3476 413 3540 449 ex

310 503 411 564 τᾶς
441 500 545 553 ἀπὸ
574 499 737 553 θείων
785 495 1016 568 Γραφῶν
1050 492 1789 555 διδασκαλίας,”ὲκπίπτουσι
1837 506 1893 541 os

313 597 393 658 είς
415 592 679 665 γραώδεις
716 588 939 659 μύθους,
964 587 1059 639 καὶ
1096 588 1176 649 είς
1207 584 1532 654 παραδόσεις
1572 581 1892 650 ἀνθρώπων,

312 682 465 736 οὐδὲν
524 683 673 750 ὑγιὲς
730 680 865 751 μηδὲ
915 678 1186 748 ὠφέλιμον
1244 674 1626 746 περιεχούσας·
1674 674 1896 735 εἰκότως

315 776 557 843 ἐπιλέγει
582 792 595 803 ·
635 791 652 822 ι
701 772 813 823 Kal
846 770 989 823 ἱστὸν
1028 770 1270 838 ἀράχνης
1300 766 1605 833 ὑφαίνουσι,
1661 784 1677 815 ι
1711 764 1768 815 τὸ
1807 780 1896 815 σα-

315 864 445 934 θρὸν
479 865 572 916 καὶ
600 863 793 932 ἄτιμον
823 862 923 929 τῆς
948 861 1202 929 τοιαύτης
1234 856 1412 912 αὐτῶν
1443 857 1674 926 σπουδῆς
1697 854 1773 924 τῷ
1798 855 1896 924 τῆς

314 954 559 1024 ἀράχνης
589 952 869 1020 ὑφάσματι
900 948 1281 1021 παραϐάλλων.
1311 948 1487 999 Ποίων
1518 948 1573 1000 δὲ
1603 946 1727 999 ὠῶν
1759 963 1894 1015 μνη-

316 1043 557 1115 μονεύει.
582 1042 614 1111 ἢ
642 1042 768 1111 περὶ
792 1034 864 1092 ὧν
890 1040 1127 1110 εἴρηται·
1167 1058 1185 1089 ι
1221 1039 1300 1090 Τά
1334 1038 1415 1091 ὼά
1458 1038 1699 1091 ἀσπίδων
1734 1036 1896 1106 ἔρρη-

314 1134 447 1197 ξαν;
488 1152 506 1181 ι
542 1133 603 1183 Oi
641 1132 739 1200 μὲν
792 1128 883 1182 οὖν
926 1132 982 1181 ὲν
1037 1127 1204 1196 κακία
1245 1128 1459 1189 τέλειοι,
1509 1124 1895 1195 διαρρήξαντες

310 1225 521 1277 τούτων
547 1223 653 1275 τῶν
678 1224 819 1283 ὠῶν,
838 1221 907 1274 τά
933 1219 1395 1289 τελεσφορηθέντα
1424 1222 1501 1281 είς
1524 1218 1748 1278 ἑαυτοὺς
1797 1216 1896 1267 ὑπ-

313 1316 590 1381 εδέξαντο·
626 1318 673 1367 οί
714 1315 769 1367 δὲ
823 1314 1181 1384 ἀτελέστεροι,
1215 1314 1342 1381 πρὶν
1400 1310 1765 1380 διαρραγῆναι
1801 1308 1895 1359 καὶ

310 1405 780 1477 τελεσφορηθῆναι
812 1405 1146 1476 ἐμφαγόντες
1174 1403 1371 1463 αὐτῶν,
1426 1402 1774 1453 ἀπόλλυνται.
1808 1398 1896 1450 Διὸ

313 1502 457 1553 κατὰ
486 1502 611 1561 τοὺς
640 1499 859 1560 λοιποὺς
881 1497 1221 1567 ὲρμηνευτάς
1250 1496 1461 1566 εἴρηται
1486 1512 1495 1522 ·
1541 1514 1556 1544 ι
1604 1496 1657 1543 '0
1704 1492 1895 1543 ἐσθίων

312 1595 382 1643 ἐκ
410 1590 517 1643 τῶν
538 1589 658 1642 ὠῶν
693 1590 871 1642 αὑτῶν
900 1589 1268 1641 ἀποθανεῖται.
1314 1607 1330 1635 ι
1362 1588 1423 1638 El
1456 1586 1511 1637 δέ
1544 1603 1624 1646 τις
1648 1582 1892 1653 εὑρεθείη

314 1681 537 1741 συνετὸς
593 1680 730 1749 ἀνὴρ
761 1681 788 1731 ό
825 1679 1131 1747 συντρίϐειν
1157 1676 1294 1729 αύτά
1330 1677 1623 1745 δυνάμενος
1668 1676 1895 1742 ἀνατρε-

313 1772 497 1840 πτικῷ
556 1773 649 1823 καὶ
700 1769 997 1839 ἐλεγκτικῷ
1051 1769 1212 1839 λόγῳ,
1260 1764 1412 1830 οὗτος
1454 1767 1600 1837 εῦροι
1636 1766 1700 1818 ἂν
1740 1766 1797 1817 τὸ
1838 1768 1894 1815 ἐν

310 1864 501 1923 αὐτοῖς
556 1863 838 1931 ἀνεμιαῖον
890 1862 980 1913 καὶ
1012 1859 1214 1930 οὔριον,
1250 1861 1345 1923 καὶ
1382 1858 1612 1920 δυσῶδες
1645 1857 1737 1909 καὶ
1764 1856 1893 1925 φθο-

315 1957 557 2026 ριμαῖον,
621 1955 714 2007 καὶ
768 1956 825 2005 ὲν
877 1952 1087 2015 τούτοις
1142 1954 1308 2005 πᾶσιν
1379 1949 1749 2019 ἰλυσπώμενον
1803 1950 1894 2001 καὶ

311 2045 778 2115 ὲγκρυπτόμενον,
806 2042 896 2094 τὸν
935 2041 1151 2095 πάντων
1199 2041 1443 2111 ἑρπετῶν
1486 2041 1579 2092 καὶ
1628 2036 1686 2101 ἐξ
1732 2036 1893 2090 αὑτοῦ

309 2134 411 2187 τοῦ
442 2133 749 2203 βλέμματος
782 2133 1159 2195 θανατοποιὸν,
1205 2132 1296 2185 τὸν
1330 2130 1637 2201 βασιλίσκον
1662 2130 1823 2197 λέγω.

391 2242 411 2275 ι
449 2225 506 2277 Ὀ
545 2224 688 2286 ἱστὸς
718 2223 897 2277 αὐτῶν
941 2224 1038 2275 οὑκ
1070 2222 1223 2275 ἔσται
1267 2223 1345 2283 είς
1388 2222 1619 2290 ίμάτιον,
1654 2219 1773 2271 οὑδὲ
1819 2220 1893 2289 μὴ

311 2314 715 2385 περιϐάλωνται
773 2315 879 2367 ἀπὺ
919 2314 1025 2368 τῶν
1053 2315 1227 2385 ἔργων
1261 2313 1439 2365 αὑτῶν
1462 2330 1473 2341 ·
1518 2312 1586 2364 τὰ
1620 2311 1753 2381 ἔργα
1801 2310 1896 2363 αύ-

309 2407 427 2457 τῶν
452 2404 587 2475 ἔργα
612 2404 841 2473 ἀνομίας
862 2421 875 2433 ·
910 2405 958 2455 οί
987 2403 1045 2455 δὲ
1087 2404 1242 2465 πόδες
1284 2401 1463 2453 αὐτῶν
1496 2400 1587 2451 ἐπὶ
1631 2397 1895 2467 πονηρίαν

318 2498 595 2569 τρέχουσι,
652 2497 858 2568 ταχινοὶ
901 2497 1105 2565 ἔκχέαι-
1134 2492 1295 2565 αἷμα,
1338 2495 1431 2546 καὶ
1458 2494 1506 2545 oi
1558 2487 1895 2557 διαλογισμοὶ

312 2572 519 2652 αὐτῶν,
550 2588 889 2658 διαλογισμοὶ
922 2587 1031 2640 ἀπὸ
1082 2588 1276 2655 φόνων.
1312 2584 1633 2653 Σύντριμμα
1672 2580 1766 2633 καὶ
1798 2596 1893 2630 τα-

313 2678 593 2750 λαιπωρία
618 2681 677 2732 ὲν
704 2681 822 2741 ταῖς
849 2678 986 2743 ὁδοῖς
1021 2678 1222 2740 αὑτῶν,
1256 2677 1351 2728 καὶ
1395 2675 1511 2728 ὁδὸν
1550 2674 1768 2743 εἰρήνης
1797 2671 1896 2723 οὑκ

309 2768 545 2823 οἴδασιν.
587 2786 607 2819 ι
644 2768 719 2823 Οὐ
748 2768 856 2840 γὰρ
884 2768 1244 2838 παρεδέξαντο
1267 2766 1356 2818 τὸν
1390 2766 1486 2835 τῆς
1513 2766 1730 2834 εἰρήνης
1760 2762 1897 2833 πρύ-

309 2876 492 2924 τανιν,
526 2861 654 2930 περὶ
688 2853 748 2913 οὗ
784 2861 996 2930 είρηται
1017 2874 1031 2888 ·
1065 2876 1083 2907 ι
1116 2857 1286 2920 Αὐτὸς
1312 2856 1419 2927 γάρ
1467 2858 1612 2906 ὲστιν
1640 2856 1672 2923 η
1706 2854 1893 2923 εἰρήνη

313 2951 509 3021 ἡμῶν·
559 2969 577 3001 ι
610 2950 691 3003 διὸ
739 2952 852 3012 τοῖς
895 2938 1060 3003 αὑτοῦ
1104 2946 1374 3019 μαθηταῖς
1417 2944 1619 3014 ταύτην
1647 2943 1898 3014 προξενεί

312 3042 520 3108 λέγων·
544 3059 562 3090 ι
587 3041 823 3112 Εἰρήνην
839 3039 938 3111 τὴν
966 3038 1101 3110 ἐμὴν
1133 3039 1323 3109 δίδωμι
1362 3038 1511 3107 ὑμῖν,
1536 3037 1759 3105 εἰρήνην
1795 3035 1896 3105 τὴν

312 3132 456 3201 ὶμὴν
492 3130 690 3201 ἀφίημι
718 3132 865 3200 ὑμῖν.
890 3150 910 3183 t
938 3161 1005 3171 —
1025 3150 1043 3181 ι
1068 3131 1175 3183 Kal
1202 3131 1302 3183 οὑκ
1334 3129 1450 3183 ἔστι
1485 3130 1665 3200 κρίσις
1693 3130 1751 3181 ὲν
1780 3131 1899 3192 ταῖς

312 3222 459 3286 ὁδοῖς
484 3223 680 3275 αὑτῶν.
706 3223 770 3275 Ai
798 3221 907 3293 γὰρ
939 3221 1113 3292 τρίϐοι
1146 3221 1325 3273 αὑτῶν
1351 3219 1801 3291 διεστραμμέναι,
1830 3219 1898 3282 ἃς

311 3312 638 3365 διοδεύουσι·
669 3312 764 3365 καὶ
801 3312 901 3364 οὑκ
941 3311 1144 3364 οἴδασιν
1192 3312 1437 3383 εἰρήνην.
1472 3330 1491 3361 ι
1528 3309 1900 3380 Ψηλαφῶντες

313 3402 429 3471 γὰρ
455 3403 549 3465 τὰς
577 3402 726 3465 θείας
754 3401 1000 3473 Γραφάς,
1050 3404 1111 3456 οὑ
1159 3402 1370 3456 συνίασι
1398 3404 1487 3457 τὸν
1534 3405 1592 3456 ὲν
1622 3402 1771 3472 βάθει
1791 3403 1899 3454 τῶν

314 3492 516 3556 λέξεων
544 3490 1037 3562 ἀποκεκρυμμένον
1071 3490 1195 3544 νοῦν
1221 3508 1233 3521 ·
1266 3491 1393 3563 περὶ
1422 3490 1477 3543 δὲ
1506 3490 1568 3559 δὴ
1585 3542 1590 3550 ,
1608 3491 1774 3561 μόνην
1802 3492 1899 3561 τὴν

313 3581 463 3647 λέξιν
487 3582 905 3654 ἀσχολούμενοι,
931 3581 1122 3654 ὥσπερ
1143 3583 1267 3637 τινὰ
1289 3586 1464 3654 τοῖχον
1485 3584 1694 3636 ἐοίκασι
1720 3582 1887 3653 ψηλα-

314 3690 427 3743 ’λᾳν
434 3710 449 3725 ο

446 3763 545 3817 Διά
572 3766 726 3819 τοῦτο
748 3766 956 3838 ἀπέστη
982 3768 1013 3837 ἡ
1055 3765 1234 3837 κρίσις
1263 3766 1357 3818 ἀπ’
1386 3766 1582 3832 αὑτῶν,
1614 3770 1707 3819 καὶ
1733 3770 1793 3820 οὑ
1824 3769 1898 3839 μὴ

312 3854 602 3929 καταλάϐῃ
641 3858 837 3921 αὐτοὺς
888 3856 1235 3926 δικαιοσύνη·
1274 3857 1681 3920 ὑπομεινάντων
1721 3858 1898 3910 αὐτῶν

313 3944 460 4012 φῶς,
496 3946 709 4014 ἐγένετο
750 3949 933 4010 αὑτοῖς
982 3948 1204 4011 σκότος·
1259 3950 1541 4018 μείναντες
1587 3950 1786 4021 αὐγὴν,
1838 3953 1895 4003 ἐν

310 4036 495 4106 ἀωρία
517 4040 947 4108 περιεπάτησαν.
994 4041 1419 4110 Ψηλαφήσουσιν
1446 4041 1521 4103 ὼς
1567 4041 1759 4109 τυφλοὶ
1784 4045 1895 4094 τοῖ-

310 4144 434 4197 χον,
470 4129 563 4181 καὶ
587 4130 662 4192 t'o;
686 4131 785 4199 οὑχ
817 4132 1165 4202 ὑπαρχόντων
1183 4130 1475 4201 ὀφθαλμῶν
1494 4131 1891 4203 ψηλαφήσουσι.

314 4218 430 4272 Καὶ
464 4220 750 4273 πεσοῦνται
782 4223 840 4274 ὲν
887 4222 1201 4294 μεσημϐρία
1228 4224 1303 4286 ὼς
1344 4225 1400 4275 ἐν
1433 4225 1784 4294 μεσονυκτίῳ,
1820 4225 1895 4287 ὡς

311 4309 753 4380 ἀποθνήσκοντες
810 4312 1141 4377 στενάξουσι.
1184 4333 1202 4364 ι
1255 4314 1411 4367 Κατά
1465 4314 1518 4365 δὲ
1568 4315 1659 4366 τὸν
1705 4315 1893 4385 καιρὸν

1997 490 2223 543 hibitam
2255 489 2655 556 improbitatem
2684 526 2699 552 ,
2730 486 3040 541 divinarum
3077 485 3297 555 quidem
3330 485 3578 553 Scriptu-

1998 596 2177 634 rarum
2203 580 2503 636 doctrinam
2534 579 2861 650 proﬁtentur
2882 620 2898 645 ,
2946 579 3001 634 in
3045 580 3218 635 aniles
3246 594 3375 636 vero
3421 579 3575 634 fabu-

1998 674 2076 727 las
2104 681 2161 728 et
2190 674 2243 727 in
2279 674 2594 727 traditiones
2630 672 2913 726 hominum
2962 671 3310 735 delabuntur,
3342 687 3461 741 qua:
3493 673 3576 727 ui-

1996 766 2069 818 hil
2109 780 2298 819 sanum
2320 804 2335 829 ,
2368 766 2498 818 utile
2531 764 2665 818 nihil
2720 764 2961 829 habent;
2995 764 3189 819 merito
3218 763 3421 832 infert,
3456 782 3475 817 t
3510 762 3577 817 Et

1999 855 2158 908 telam
2190 870 2407 910 araneae
2453 865 2660 922 texunt,
2705 874 2725 907 ι
2760 855 3010 926 putidum
3045 854 3174 909 illud
3200 869 3389 911 eorum
3423 856 3571 911 inde-

1995 962 2291 1015 corumque
2350 946 2585 1000 studium
2621 944 2741 999 tela:
2770 959 2986 999 araneae
3012 960 3360 1015 comparans.
3384 946 3575 1013 Qualia

1998 1053 2157 1106 porro
2179 1052 2277 1090 ova
2304 1046 2585 1100 memorat,
2623 1037 2725 1090 nisi
2756 1052 2819 1091 ea
2846 1037 2912 1090 de
2943 1037 3138 1106 quibus
3170 1038 3400 1092 dicitur:
3426 1058 3444 1090 ι
3465 1038 3576 1094 Ova

1998 1129 2244 1195 aspidum
2276 1128 2622 1195 eruperunt?
2670 1147 2689 1181 ι
2732 1128 2831 1193 Qui
2866 1128 3029 1198 igitur
3052 1130 3103 1183 in
3134 1129 3355 1183 malitia:
3387 1146 3577 1183 cumu-

1999 1220 2104 1272 lum
2140 1220 2488 1279 devenerunt,
2528 1220 2607 1271 his
2640 1220 2869 1287 diruptis
2907 1220 3045 1283 ovis,
3084 1219 3250 1273 fetum
3280 1221 3330 1272 in
3367 1236 3425 1274 se
3455 1236 3575 1273 sus-

1998 1319 2296 1376 ceperunt:
2333 1310 2691 1376 simpliciores
2735 1324 2862 1364 vero
2908 1319 3199 1378 antequam
3264 1313 3579 1378 dirumpau-

2001 1411 2086 1451 tur
2116 1410 2170 1451 et
2203 1398 2367 1451 fetum
2396 1399 2581 1462 edant,
2619 1398 2737 1467 ipsa
2763 1402 3134 1464 comedentes,
3168 1411 3417 1468 pereunt.
3437 1399 3579 1465 Qua-

1999 1500 2218 1559 propter
2248 1491 2539 1543 secundum
2576 1490 2815 1558 reliquos
2846 1491 3175 1558 interpretes
3207 1491 3411 1546 dictum
3444 1506 3526 1547 est
3554 1513 3566 1547 :

2004 1602 2019 1633 ι
2057 1582 2155 1649 Qui
2190 1582 2483 1636 comederit
2512 1597 2578 1637 ex
2614 1583 2732 1636 ovis
2763 1598 2952 1636 eorum
2980 1622 2994 1643 ,
3035 1584 3319 1637 morietur.
3361 1603 3378 1636 ι
3420 1584 3577 1654 Quod

1999 1676 2042 1729 si
2077 1676 2197 1743 quis
2233 1675 2539 1743 reperiatur
2576 1673 2659 1726 vir
2697 1674 2932 1741 prudens
2959 1714 2973 1737 ,
3011 1675 3101 1743 qui
3132 1674 3304 1742 possit
3334 1676 3423 1729 illa
3449 1686 3579 1730 nor-

2005 1767 2167 1819 tando
2198 1777 2252 1819 et
2288 1767 2564 1832 arguendo
2610 1774 2898 1819 conterere
2921 1804 2936 1829 ,
2977 1765 3020 1817 is
3074 1765 3312 1821 inveniet
3346 1768 3396 1818 iu
3436 1767 3538 1819 illis
3565 1809 3578 1830 ,

2003 1859 2149 1912 venti
2186 1867 2240 1912 et
2274 1858 2384 1911 Iotii
2417 1857 2638 1911 odorem
2675 1858 2919 1925 putidum
2948 1866 3111 1923 atque
3149 1868 3493 1924 corruptum,
3526 1868 3581 1910 et

2005 1954 2056 2004 in
2091 1952 2173 2004 his
2216 1951 2466 2004 omnibus
2514 1948 2659 2003 {cede
2705 1948 3002 2003 volutatum
3029 1960 3084 2001 et
3112 1948 3288 2002 latens
3335 1950 3578 2002 omnimu

2005 2040 2276 2107 reptilium
2310 2037 2675 2100 teterrimum,
2716 2035 2803 2090 vel
2833 2035 2949 2089 visu
2977 2034 3094 2102 solo
3124 2033 3461 2090 lethil‘ertim.
3494 2049 3580 2087 re-

2003 2133 2183 2202 gulum
2216 2132 2359 2184 dico.

2077 2222 2239 2275 Vens.
2266 2220 2299 2274 6
2326 2251 2345 2260 -
2379 2220 2431 2275 8.
2472 2237 2491 2270 ι
2529 2219 2655 2273 Tela
2688 2232 2876 2272 eorum
2908 2233 3014 2271 non
3062 2217 3164 2270 erit
3205 2217 3257 2269 in
3286 2214 3579 2269 vestimen-

2003 2323 2139 2377 tum,
2182 2327 2357 2381 neque
2386 2312 2701 2379 operientur
2725 2309 2981 2379 operibus
3008 2308 3122 2363 suis
3156 2324 3171 2361 :
3198 2321 3362 2377 opera
3393 2320 3579 2359 eorum

2003 2418 2165 2473 opera
2198 2402 2502 2472 iniquitatis
2540 2420 2552 2454 :
2588 2402 2751 2469 pedes
2785 2410 2967 2454 autem
2994 2413 3184 2452 eorum
3213 2399 3281 2450 ad
3318 2396 3578 2449 malitiam

2004 2503 2248 2557 currunt,
2276 2492 2491 2547 veloces
2519 2493 2585 2545 ad
2619 2490 3002 2545 effundendum
3043 2488 3383 2557 sanguinem,
3409 2496 3463 2541 et
3488 2501 3583 2541 co-

2002 2586 2292 2654 gitatioues
2325 2598 2534 2648 eorum,
2567 2582 2927 2652 c0gitationes
2957 2594 2987 2632 a
3016 2579 3274 2633 caulibus.
3309 2576 3580 2631 Contritio

2004 2684 2056 2728 et
2086 2674 2299 2727 miseria
2322 2674 2374 2726 in
2409 2672 2509 2727 viis
2538 2687 2746 2737 eorum,
2782 2679 2835 2725 et
2876 2670 3019 2724 viam
3047 2669 3200 2737 pacis
3227 2682 3334 2720 non
3367 2681 3574 2735 cogno-

2004 2775 2215 2820 verunt.
2256 2783 2276 2816 ι
2307 2763 2489 2832 Neque
2515 2763 2659 2816 enim
2692 2761 2842 2830 pacis
2871 2761 3171 2828 principem
3214 2769 3538 2826 receperunt
3564 2798 3578 2821 ,

2004 2859 2198 2924 de‘quo
2230 2856 2431 2908 dictum
2466 2864 2581 2907 est:
2609 2870 2627 2903 t
2672 2851 2790 2921 Ipse
2811 2854 2955 2904 enim
2987 2863 3070 2905 est
3100 2865 3201 2915 pax
3227 2861 3413 2904 nostra
3436 2850 3514 2901 ¹⁸;
3556 2868 3575 2899 ι

2005 2958 2331 3015 quapmpter
2381 2960 2500 2999 eam
2557 2942 2838 3011 discipulls
2884 2950 3143 3011 procurat
3189 2942 3304 2996 suis
3352 2942 3577 2999 dicens.

2008 3060 2028 3091 ι
2066 3040 2259 3095 Pacem
2315 3053 2491 3092 meam
2525 3038 2592 3091 do
2623 3037 2777 3090 vobis
2800 3075 2818 3101 ,
2856 3049 3045 3105 pacem
3102 3051 3275 3090 meam
3331 3036 3580 3104 relinquo

2001 3127 2231 3184 vobis“.
2248 3147 2369 3179 ι-ι
2400 3126 2467 3180 Ει
2485 3141 2587 3180 non
2605 3123 2961 3194 estjudicium
2987 3124 3039 3177 in
3062 3123 3387 3178 viiseorum.
3403 3122 3583 3176 Semi-

2003 3229 2069 3271 ta:
2096 3218 2238 3273 enim
2263 3230 2446 3270 eorum
2480 3227 2919 3285 perversaquas
2948 3223 3357 3282 pertranseunt,
3388 3226 3444 3267 et
3472 3230 3579 3267 utn

2003 3317 2267 3362 noverunt
2296 3321 2505 3374 pacem.
2550 3324 2568 3355 ι
2603 3303 2736 3359 Nam
2763 3319 2885 3358 cum
2912 3304 3124 3358 divinas
3153 3304 3467 3371 Scripturas
3497 3316 3580 3356 al-

2002 3400 2247 3468 tingunt,
2276 3398 2327 3451 in
2358 3395 2728 3467 nrofunditate
2760 3395 3050 3449 verborum
3076 3398 3334 3449 latentem
3363 3406 3579 3449 senten-

2002 3492 2130 3543 tiam
2168 3504 2271 3543 non
2298 3488 2611 3557 intelligunt
2645 3504 2659 3539 :
2692 3487 2789 3541 sed
2821 3485 2913 3540 uni
2948 3486 3173 3540 dictioni
3200 3498 3480 3553 vacantes,
3507 3490 3582 3539 vi-

2000 3583 2193 3637 dentur
2215 3580 2370 3651 quasi
2404 3594 2615 3633 murum
2652 3586 3019 3634 contrectare.

2072 3760 2236 3817 Vens.
2278 3760 2334 3824 9,
2380 3760 2468 3816 10.
2511 3778 2529 3811 ι
2586 3758 2877 3829 Propterea
2916 3760 3144 3813 recessit
3189 3760 3455 3829 judicium
3509 3763 3583 3814 ah

1999 3854 2109 3917 eis,
2141 3870 2237 3907 nec
2287 3852 2655 3922 apprehendet
2704 3865 2800 3905 eos
2842 3850 3088 3920 iustitia;
3120 3864 3242 3904 cum
3282 3862 3569 3920 exspecta-

1998 3956 2119 4000 rent
2154 3945 2346 4007 lucem,
2382 3943 2539 3998 factaz
2569 3952 2694 3997 sunt
2714 3943 2795 3997 eis
2832 3943 3067 3996 tenebrae
3094 3959 3109 4008 ;
3140 3956 3261 3995 cum
3291 3953 3575 4011 exspecta-

1998 4045 2118 4092 rent
2143 4036 2425 4105 fulgorem,
2453 4035 2507 4088 in
2536 4034 2768 4105 caligine
2796 4033 3231 4088 ambulaverunt.
3272 4032 3576 4101 Palpahuut

1999 4139 2248 4196 tanquam
2278 4127 2403 4181 ca~ci
2432 4141 2641 4179 murum
2662 4144 2674 4177 :
2694 4136 2749 4179 et
2776 4123 2928 4194 quasi
2959 4125 3146 4179 oculos
3181 4139 3286 4178 non
3315 4124 3577 4191 habeam,

1995 4222 2380 4276 attrectabunt.
2415 4219 2480 4272 Et
2504 4220 2702 4274 cadent
2738 4219 2791 4272 in
2834 4218 3061 4272 meridie
3091 4226 3346 4285 tanquam
3380 4218 3431 4269 in
3463 4232 3571 4269 m0.-

1995 4315 2081 4367 dia
2111 4324 2289 4376 nocte,
2320 4312 2471 4375 quasi
2506 4310 2798 4365 morientes
2826 4310 3202 4379 ingemiscent.
3250 4328 3269 4361 ›
3308 4308 3577 4376 Tempore

308 4396 411 4449 τοῦ
445 4398 551 4451 τῶν
579 4399 744 4451 ἐθνῶν
792 4402 1163 4473 μεσημϐρινοῦ
1194 4406 1391 4468 φωτὸς,
1438 4409 1557 4468 ταῖς
1606 4407 1892 4477 σωτηρίοις

2000 4406 2309 4459 meridiana:
2336 4405 2573 4473 gentium
2601 4404 2739 4456 lucis
2762 4442 2775 4465 ,
2803 4402 3133 4455 salutaribus
3161 4414 3215 4455 et
3237 4401 3571 4470 evangelicis

312 4487 409 4540 καί
457 4490 834 4557 εὑαγγελικαῖς
879 4492 1073 4560 αὐγαῖς
1106 4494 1205 4563 τῆς
1244 4494 1565 4564 Ἐκκλησίας
1608 4496 1702 4548 τοῦ
1754 4496 1887 4549 Θεοῦ

312 4578 835 4651 καταλαμπομένης,
870 4582 1018 4651 μόνοι
1053 4582 1227 4645 αὑτοὶ,
1259 4583 1332 4644 ὼς
1358 4583 1423 4636 ἂν
1450 4584 1520 4637 τὰ
1556 4586 1689 4654 πρὸς
1730 4585 1891 4639 θάνα-

310 4686 409 4721 τον
438 4672 838 4741 ἡμαρτηκότες,
889 4672 1231 4736 πεπτώκασι,
1290 4676 1383 4726 καὶ
1427 4674 1613 4746 ὥσπερ
1642 4678 1699 4728 ὲν
1727 4693 1890 4747 μεσος

315 4776 449 4812 νυκτ
459 4760 521 4829 ίῳ
541 4760 835 4827 διάγουσιν.

394 4870 411 4902 ι
464 4851 552 4914 Ὡς
585 4852 783 4920 ἄρκτος
826 4852 857 4923 ἢ
904 4852 979 4915 ὡς
1017 4854 1313 4926 περιστερά
1358 4855 1473 4924 ἅμα
1513 4855 1882 4926 πορεύσονται.

324 4941 717 5013 ’Δνεμείναμεν
742 4943 943 5015 κρίσιν,
971 4945 1064 4997 καὶ
1092 4945 1192 4997 οὑκ
1224 4946 1336 4998 ἐστι
1364 4947 1604 5017 σωτηρία
1623 4964 1635 4975 ·
1676 4948 1888 5018 μακρὰν

315 5035 626 5104 ἀφέστηκεν
686 5035 776 5101 ἀφ’
828 5034 1005 5104 ἡμῶν.
1060 5036 1237 5107 Πολλὴ
1290 5037 1398 5107 γὰρ
1427 5038 1581 5110 ἡμῶν
1620 5040 1651 5109 ἡ
1693 5040 1893 5110 ἀνομία

314 5126 558 5178 ἐναντίον
605 5141 718 5187 σου,
778 5126 871 5180 καὶ
925 5128 979 5177 αἱ
1034 5127 1298 5197 ἁμαρτίαι
1347 5126 1503 5198 ἡμῶν
1556 5128 1888 5197 ἀντέστησαν

314 5217 476 5284 ἡμῖν·
509 5216 564 5293 αἱ
594 5214 702 5286 γὰρ
733 5216 949 5286 ἀνομίαι
984 5216 1139 5285 ἡμῶν
1163 5219 1218 5268 ὲν
1257 5219 1407 5286 ἡμῖν,
1445 5218 1540 5271 καὶ
1587 5219 1653 5270 τὰ
1698 5219 1886 5290 ἀδική-

319 5322 464 5375 ματα
496 5306 653 5375 ὴμῶν
680 5307 941 5375 ἔγνωμεν.
982 5326 1000 5358 ι
1031 5309 1094 5359 Οἱ
1120 5308 1227 5379 γὰρ
1275 5310 1566 5379 στεναγμοὶ
1605 5310 1801 5371 αὐτῶν,
1839 5312 1887 5362 εί

320 5398 417 5466 μὲν
446 5395 586 5450 κατά
611 5396 769 5464 λόγον
801 5398 1035 5465 ἐγίνοντο
1058 5398 1197 5467 ὑπὲρ
1234 5390 1307 5450 ὧν
1340 5400 1702 5470 τετολμήκασι
1747 5400 1886 5452 κατά

324 5487 407 5541 τοῦ
440 5489 709 5559 Σωτῆρος,
737 5490 1029 5557 ὲπωφελεῖς
1059 5488 1302 5558 ἐγένοντο
1333 5489 1416 5543 ἀν.
1462 5492 1581 5560 Χρὴ
1635 5491 1739 5560 γὰρ
1786 5492 1882 5541 αὑ-

380 5689 424 5721 ¹²
462 5691 665 5760 Ephcs.
704 5705 763 5753 ιι,
804 5689 884 5743 Η.
964 5692 1004 5721 ’⁸
1033 5690 1163 5745 Joau
1218 5694 1440 5758 “$39.7.

1999 4495 2161 4548 radiis
2193 4494 2458 4547 illustrata
2500 4493 2742 4547 Ecclesia
2773 4492 2870 4545 Dei
2897 4531 2911 4556 ,
2951 4492 3050 4559 ipsi
3079 4492 3181 4545 soli
3211 4531 3226 4555 ,
3258 4501 3445 4559 utpote
3473 4508 3568 4559 qm

1993 4584 2057 4636 ad
2087 4594 2315 4637 mortem
2351 4582 2699 4651 pet-caverint
2724 4619 2740 4645 ,
2790 4580 2999 4648 delapsi
3031 4589 3197 4642 sunt,
3239 4590 3294 4634 et
3319 4580 3471 4647 quasi
3517 4581 3570 4631 iu

1993 4675 2167 4728 media
2204 4683 2361 4729 nocte
2388 4686 2574 4743 agunt.

2067 4855 2227 4909 Vens.
2260 4855 2347 4917 H,
2381 4855 2467 4908 12.
2506 4874 2524 4905 ι
2555 4854 2835 4922 Tanquam
2872 4866 3054 4914 ursus,
3076 4859 3167 4904 aut
3198 4860 3450 4918 tanquam
3475 4863 3568 4901 co-

1992 4952 2171 5003 lumba
2206 4949 2366 5015 simul
2405 4948 2677 5001 iucedenl.
2720 4944 3169 5013 Exspectavimus
3202 4942 3566 5011 judicium,et

1991 5057 2094 5095 non
2136 5052 2218 5096 est
2244 5041 2387 5095 salus
2423 5058 2435 5092 :
2473 5040 2631 5109 longe
2668 5039 2893 5091 recessit
2922 5052 2949 5087 a
2990 5035 3175 5106 nobis.
3212 5034 3374 5087 Multa
3417 5032 3564 5086 enim

1991 5134 2247 5201 iniquitas
2281 5140 2460 5185 nostra
2506 5132 2557 5183 in
2606 5139 2895 5197 conspectu
2951 5137 3082 5188 tuo,
3119 5135 3171 5177 et
3203 5138 3423 5193 peceata
3465 5139 3563 5176 n0«

1988 5236 2098 5276 εις-ιι
2138 5223 2462 5276 obstiterunt
2511 5220 2688 5272 nobis.
2733 5218 3051 5285 lniquitates
3086 5216 3230 5269 enim
3278 5225 3480 5267 nostra:
3510 5212 3560 5263 iu

1991 5314 2147 5367 nobis
2199 5321 2370 5373 sunt,
2410 5318 2465 5363 et
2518 5307 2811 5375 iujustitias
2858 5317 3072 5360 nostras
3116 5306 3491 5374 cognovimus.
3535 5322 3558 5353 ›

1990 5400 2119 5454 Nam
2160 5400 2394 5470 gemitus
2460 5398 2695 5468 ipsorum
2728 5436 2743 5463 ,
2804 5397 3068 5475 siquidem
3109 5397 3319 5447 ratione
3369 5406 3556 5444 eorim

1986 5508 2105 5562 quae
2139 5500 2326 5547 contra
2361 5490 2699 5546 Salvatorem
2732 5490 2849 5543 ausi
2890 5497 3036 5551 sunt,
3077 5486 3259 5540 emissi
3293 5484 3555 5576 ξιίεεωι,
