4128 6294
675 287 777 345 48⁸1

1340 271 1606 333 EUSEBII
1640 265 2114 327 CESARJENSIS
2185 263 2337 322 OPP.
2377 262 2560 318 PARS
2597 261 2683 317 111.
2723 288 2794 305 -
2830 255 3237 316 EXEGETICA.

3796 253 3906 311 £88

677 407 808 478 ipsis
842 416 972 461 sane
1000 397 1261 456 fructuosi
1301 396 1475 455 futuri
1512 402 1690 451 erant.
1728 391 1936 448 Etenim
1967 404 2104 460 opus
2138 395 2221 444 est

2344 386 2447 449 ποὺς
2473 386 2565 438 καὶ
2583 383 2798 437 πενθεῖν
2825 381 2916 434 καὶ
2944 377 3240 442 στενάζειν,
3269 376 3364 430 καὶ
3387 347 3769 446 ἀτωδύρεσθαι,
3796 373 3901 427 καὶ

675 500 820 568 ipsos
855 495 1060 563 lugere,
1100 490 1486 561 ingemiscere,
1527 483 1812 555 lamentari
1876 491 1932 538 et
1955 482 2226 552 plangere,

674 585 972 658 sanguinis,
1005 597 1164 655 quem
1199 579 1522 641 etiuderunt,
1557 591 1738 632 causa.
1775 574 1966 630 Verum
2012 572 2137 642 quis
2171 570 2225 625 id

676 690 836 745 agere
888 690 994 728 non
1030 673 1310 732 videntur,
1355 667 1448 722 sed
1503 666 1688 720 urbem
1747 662 1892 718 illam
1940 662 2228 726 sensilem,

675 764 1098 834 Hierosolymam
1127 760 1271 822 dico,
1293 757 1595 827 deplorant,
1615 765 1667 811 et
1681 753 1888 808 ruinam
1905 752 2022 819 ejus
2043 751 2232 807 stolide

675 855 859 924 lugent
880 892 898 920 ,
922 851 1044 919 jure
1076 849 1258 903 bestiae
1281 845 1409 901 ferte
1446 853 1845 914 comparamur.
1873 840 2230 907 Quamobrem

673 944 911 1000 dicitur:
950 961 970 996 ι
1009 938 1074 994 Et
1097 939 1448 1010 ingemiscent
1477 943 1728 1005 tanquam
1760 947 1956 996 ursus;
1985 950 2004 983 ι
2034 930 2087 985 in
2111 929 2232 984 aliis

674 1049 808 1089 vero
856 1032 1072 1095 dicitur,
1114 1025 1142 1082 t
1199 1025 1352 1082 Sicut
1388 1038 1513 1079 ursa
1561 1023 1715 1091 prole
1746 1022 1957 1077 orbata.
1997 1038 2016 1071 ι
2057 1015 2230 1074 Ursus

676 1127 857 1193 itaque
902 1127 1187 1184 vocantur,
1237 1116 1360 1187 quia
1397 1115 1512 1170 haec
1559 1113 1674 1169 fera
1713 1111 1962 1168 homines
1991 1109 2230 1164 devorat.

675 1211 1115 1281 Quandoquidem
1169 1215 1224 1263 et
1267 1205 1370 1276 ipsi
1408 1204 1654 1260 homines
1693 1200 2042 1264 devorabam,
2073 1199 2234 1253 caedi-

677 1306 779 1360 bus
812 1311 1064 1358 vacantes
1091 1339 1107 1366 ,
1153 1307 1209 1354 et
1233 1296 1524 1368 prophetas
1547 1293 1902 1357 occidentes;
1934 1305 2074 1346 ursae
2107 1290 2234 1344 item

675 1395 832 1466 prole
859 1395 1066 1449 orbatae
1091 1388 1291 1446 similes
1320 1396 1469 1454 sunt,
1508 1386 1580 1442 ob
1607 1385 1834 1440 ﬁliorum
1869 1397 2088 1440 suorum
2123 1380 2239 1436 exi-

683 1487 819 1540 tium

753 1573 1023 1633 “33.13.
1062 1589 1081 1624 ι
1114 1569 1279 1641 impie
1321 1567 1551 1640 egimus,
1590 1575 1646 1623 et
1683 1565 1890 1621 mentiti
1937 1575 2154 1626 sumus,
2181 1568 2238 1615 et

677 1667 1083 1728 retrocessimus
1119 1679 1150 1718 s
1187 1663 1295 1718 Deo
1331 1670 1537 1716 nostro.
1569 1656 1753 1713 Locuti
1803 1669 1985 1711 sumus
2029 1652 2234 1720 iniqua,

2333 474 2606 547 δακρύειν,
2633 467 2709 527 ὧν
2741 471 2951 542 ἐξέχεαν
2990 468 3236 538 αἱμάτων
3258 466 3439 520 ἓνεκα.
3473 464 3624 518 Ἐπεὶ
3651 463 3708 516 δὲ
3737 463 3904 517 τοῦτο

2338 566 2435 637 μὶν
2457 565 2517 618 ού
2552 561 2992 636 προσποιοῦνται,
3026 557 3125 628 τὴν
3167 557 3224 610 δὲ
3269 556 3423 610 πόλιν
3469 555 3569 626 τὴν
3611 551 3903 624 αἰσθητὴν,

2333 657 2476 725 λέγω
2531 655 2597 726 δὴ
2643 655 2742 724 τὴν
2784 649 3155 722 Ἰερουσαλὴμ,
3200 647 3608 712 ἀποκλαίονται,
3655 645 3749 699 καὶ
3793 643 3904 713 τὴν

2337 751 2542 804 πτῶσιν
2590 748 2759 816 αὐτῆς
2797 742 3138 807 στενάζουσιν
3174 738 3415 807 ἀλόγως·
3457 737 3678 800 είκότως
3718 732 3903 805 ἀγρίῳ

2336 841 2509 913 θηρίῳ
2523 836 2960 908 παρεϐλήθησαν.
2981 832 3070 885 Διὸ
3083 831 3352 894 λέλεκταιξ
3379 848 3397 880 ι
3418 828 3529 883 Καὶ
3556 825 3905 892 στενάξουσιν

2333 935 2409 998 ὡς
2430 933 2657 1004 ἀρκτοςο
2687 948 2706 980 ι
2741 929 2835 982 καὶ
2877 929 2935 981 ὲν
2975 925 3153 988 ἀλλοις
3175 923 3232 977 δὲ
3258 922 3506 995 εἴρηται·
3539 939 3558 972 ε
3595 920 3680 983 Ὦς
3694 919 3901 989 ἄρκτος

2336 1022 2724 1092 ἀτεκνουμένη.
2758 1039 2776 1072 ι
2803 1021 3035 1092 Ἄρκτος
3074 1017 3175 1089 μὶν
3203 1011 3295 1070 οῦν
3331 1011 3419 1067 διὰ
3454 1011 3516 1065 τδ
3561 1008 3909 1083 ἀνθρωποϐό-

2337 1133 2429 1186 ρον
2450 1113 2544 1167 τοῦ
2582 1111 2745 1181 θηρὸς
2765 1109 3178 1182 ὠνομάσθησαν.
3217 1106 3368 1161 Ἐπεὶ
3392 1105 3486 1160 καὶ
3515 1104 3670 1158 αὐτοὶ
3693 1101 3910 1174 ἀνθρώ-

2338 1224 2472 1270 πους
2491 1205 2690 1274 ἔφαγον
2714 1201 3140 1274 μιαιφονοῦντας,
3171 1198 3414 1262 καὶτοὺς
3446 1196 3724 1268 προφήτας
3750 1193 3912 1248 ἀναι-

2343 1298 2561 1370 ροῦντες
2579 1313 2592 1327 ·
2623 1294 2996 1366 ἀτεκνουμένη
3021 1293 3077 1347 δὲ
3104 1292 3292 1364 ἄρκτῳ
3317 1287 3785 1361 παρωμοιὼθησαν
3818 1282 3913 1339 διὰ

2335 1395 2434 1467 τὴν
2454 1391 2726 1446 ἀπώλειαν
2740 1388 2847 1442 τῶν
2873 1385 3077 1441 τέκνων
3103 1382 3304 1440 αὐτῶν.

2414 1588 2432 1620 ε
2455 1567 2851 1639 Ἦσεϐήσαμεν,
2867 1566 2960 1621 καὶ
2972 1560 3336 1634 ἑψευσάμεθα,
3351 1560 3445 1614 καὶ
3459 1557 3772 1628 ἀπέστημεν
3787 1570 3916 1609 οπι-
3944 1634 3950 1639 ἢ

2343 1658 2466 1713 σθεν
2493 1657 2587 1710 τοῦ
2631 1654 2767 1710 Θεοῦ
2801 1653 2976 1728 ἡμῶν.
3019 1651 3384 1724 Ἐλαλήσαμεν
3411 1649 3590 1709 ἄδικα,
3623 1645 3716 1699 καὶ⁵
3751 1646 3915 1714 ἠπει-

678 1771 736 1818 et
779 1759 1191 1827 inobsequentes
1243 1752 1461 1830 fuimus.
1511 1748 1862 1818 Concepimus
1901 1753 1955 1799 et
1999 1738 2238 1799 meditati

2344 1749 2608 1819 θήσαμεν.
2646 1744 2926 1816 Ἐκύομεν,
2978 1743 3071 1798 καὶ
3098 1728 3520 1813 δμελετήσαμενι
3547 1732 3914 1804 ἀπὺκαρδίας

679 1864 867 1911 sumus
909 1848 976 1903 de
1006 1845 1168 1900 corde
1197 1851 1385 1897 nostro
1412 1839 1573 1896 verba
1622 1838 1822 1907 iniqua.
1855 1854 1874 1888 s
1910 1834 2034 1889 Haec
2063 1841 2240 1887 autem

678 1940 936 2011 propheta
979 1935 1110 1990 dicit
1150 1947 1216 1989 ex
1265 1943 1491 2001 persona
1532 1925 1743 1996 populi,
1791 1925 1988 1980 docens
2027 1936 2154 1985 eos,
2183 1929 2242 1974 ut

678 2009 1032 2086 conﬁteantur
1061 2022 1172 2078 Deo
1213 2030 1458 2091 peccata,
1485 2025 1542 2072 et
1571 2029 1690 2071 sese
1728 2022 1982 2070 accusent
2008 2028 2023 2077 ;
2054 2020 2112 2066 ut
2158 2009 2243 2066 vel

680 2121 753 2175 ita
793 2117 981 2174 saltem
1029 2113 1206 2168 animo
1252 2106 1595 2178 compuncti,
1635 2104 1860 2178 gradum
1906 2109 2161 2158 revocent
2186 2110 2243 2156 et

680 2121 753 2175 ita
793 2119 981 2174 saltem
1029 2119 1206 2168 animo
1252 2119 1595 2178 compunctt,
1629 2119 1696 2247 fr

679 2213 1057 2263 convertantur
1086 2198 1454 2270 pmnitentiam
1489 2197 1623 2250 edoc
1650 2192 1696 2247 i.

754 2297 912 2353 Vsus.
942 2292 1125 2348 14-20.
1158 2309 1178 2343 ι
1214 2289 1283 2344 Et
1330 2286 1650 2343 abduximus
1698 2292 1844 2338 retro
1880 2281 2159 2352 judicium,
2188 2289 2242 2336 et

675 2389 884 2462 justitla
914 2387 1068 2456 longe
1095 2380 1338 2439 discessit
1363 2394 1378 2430 :
1408 2376 1662 2447 quoniam
1709 2381 2025 2443 consumpta
2075 2381 2156 2427 est
2185 2371 2238 2426 in

681 2479 786 2535 viis
807 2491 991 2533 eorum
1015 2473 1235 2534 veritas,
1265 2477 1320 2526 et
1362 2481 1458 2538 per
1503 2474 1710 2520 rectum
1739 2464 1843 2518 iter
1879 2464 2111 2519 transire
2135 2476 2238 2516 nos

681 2575 992 2641 potuerunt.
1018 2563 1086 2619 Et
1116 2561 1319 2617 veritas
1362 2555 1570 2613 sublata
1617 2566 1736 2618 est,
1766 2562 1820 2609 et
1851 2551 2243 2608 transtulerant

682 2663 937 2718 mentem,
969 2663 1032 2707 ut
1072 2663 1178 2705 non
1204 2645 1582 2716 intelligerent.
1619 2641 1686 2698 Et
1722 2641 1857 2697 vidit
1885 2641 2164 2705 Dominus,
2188 2649 2243 2694 et

683 2759 792 2799 non
821 2740 1018 2810 placuit
1049 2738 1176 2809 ipsi,
1206 2736 1331 2807 quia
1369 2747 1475 2789 non
1513 2743 1630 2789 erat
1655 2730 1937 2801 judicium.
1973 2730 2041 2786 Et
2088 2731 2240 2794 vidit,

685 2842 741 2887 et
773 2846 876 2887 non
906 2838 1023 2886 erat
1053 2829 1174 2883 vir:
1199 2836 1253 2882 et
1283 2823 1669 2888 consideravit,
1693 2830 1872 2878 etnon
1891 2830 2011 2876 erat
2035 2823 2125 2891 qui
2146 2821 2241 2876 de-

686 2920 964 2976 fenderet:
993 2925 1048 2972 et
1071 2915 1215 2970 ultus
1242 2922 1325 2969 est
1349 2928 1442 2970 eos
1465 2911 1689 2967 bracbio
1717 2925 1835 2974 suo.
1857 2919 1913 2966 et
1939 2910 2241 2966 misericor-

687 3010 772 3064 dia
812 3005 1167 3064 conﬁrmavit.
1205 3003 1275 3058 Et
1319 3001 1493 3057 induit
1517 2999 1780 3069 justitiam
1818 3000 1975 3069 quasi
1999 2998 2240 3065 loricam,

681 3110 745 3157 et
780 3095 1159 3168 circumposuit
1197 3092 1399 3164 galeam
1439 3089 1692 3147 salutaris
1728 3089 1784 3144 in
1813 3088 2016 3158 capite,
2045 3096 2098 3143 et
2140 3087 2248 3142 cir-

688 3189 960 3248 cumdedit
999 3200 1058 3242 se
1091 3183 1413 3240 vestimento
1440 3180 1660 3235 ultionis
1698 3194 1714 3231 :
1746 3186 1802 3234 et
1847 3177 2079 3232 amictus
2112 3176 2247 3244 ejus.

689 3277 938 3347 ianqnam
965 3273 1325 3331 retributurus
1346 3270 1416 3325 sit
1444 3267 1874 3330 retributionem,
1899 3265 2248 3335 opprobrium

690 3366 1031 3425 adversariis.
1077 3362 1144 3418 Et
1187 3361 1454 3417 timebunt
1490 3355 1862 3414 Occidentales
1914 3369 2104 3409 nomen
2145 3354 2248 3409 Do-

689 3462 842 3526 mini,
872 3468 926 3514 et
953 3457 1043 3528 qui
1070 3462 1196 3511 sunt
1243 3453 1310 3508 ab
1342 3459 1465 3506 ortu
1504 3449 1668 3515 solis,
1707 3462 1902 3502 nomen
1936 3446 2247 3516 gloriosum.

693 3551 882 3607 Veniet
902 3548 1069 3611 enim,
1104 3544 1259 3615 quasi
1286 3541 1481 3597 ﬂuvius
1512 3539 1776 3594 violentus
1803 3538 1883 3592 ira
1913 3551 1944 3590 a
1976 3536 2200 3591 Domino
2231 3562 2248 3600 ε

688 3642 869 3698 veniet
897 3653 1017 3696 cum
1063 3637 1264 3701 furore,
1298 3643 1352 3689 et
1383 3631 1564 3686 veniet
1594 3638 1810 3700 propter
1839 3627 1968 3682 Sion
1997 3627 2087 3695 qui
2121 3625 2252 3681 libe-

691 3743 798 3797 rat,
825 3741 880 3786 et
906 3735 1114 3784 avertet
1159 3725 1463 3795 impietates
1497 3737 1526 3776 a
1571 3719 1757 3776 Jacob.
1793 3737 1812 3770 ι
1850 3717 1948 3773 Hic
1982 3717 2110 3772 item
2155 3731 2251 3786 per

693 3825 823 3880 Sion
856 3823 940 3890 pia
986 3819 1173 3890 religio
1210 3815 1564 3888 signiﬁcatur,
1606 3811 1766 3881 Quam
1807 3809 2036 3864 diversis
2078 3807 2250 3863 modis

692 3914 988 3971 Ecclesiam
1025 3911 1119 3966 Dei
1172 3923 1292 3974 esse
1337 3905 1737 3976 comprobatum
1783 3912 1888 3957 est.
1938 3899 2104 3968 Hujus
2147 3901 2250 3955 ita-

692 4022 798 4076 que
831 4004 925 4060 Dei
951 4000 1184 4058 civitatis
1211 4013 1374 4054 causa
1404 4004 1659 4052 venturus
1693 3992 1949 4048 liberator
1968 4006 2086 4048 esse
2114 3991 2249 4046 dici-

692 4109 803 4162 tur,
847 4094 936 4166 qui
973 4095 1083 4165 jam
1126 4104 1290 4161 prope
1324 4096 1426 4144 est.
1469 4085 1538 4141 Et
1579 4084 1707 4154 quid
1757 4081 1917 4139 iaciet
1952 4083 1977 4138 ἲ
2007 4081 2251 4138 Dimittet

693 4197 911 4261 peccata
943 4181 1325 4241 accedentibus
1348 4179 1418 4234 ad
1445 4193 1524 4234 se.

2342 1839 2495 1911 ήμῶν
2532 1839 2724 1907 λόγους
2755 1836 2991 1898 ἀδίκους.
3012 1852 3032 1886 s
3076 1832 3238 1901 Λέγει
3267 1830 3324 1884 δὲ
3350 1828 3523 1884 ταῦτα
3553 1829 3582 1879 ὁ
3624 1824 3916 1896 προφήτης

2340 1933 2404 1984 ὲκ
2428 1929 2718 2002 προσώπου
2751 1926 2843 1981 τοῦ
2875 1923 3025 1989 λαοῦ,
3059 1923 3325 1978 διδάσκων
3348 1919 3546 1982 αὐτοὺς
3575 1915 3917 1986 ἐξομολογεῖ-

2341 2022 2462 2076 σθαι
2476 2021 2554 2092 τῷ
2575 2019 2693 2090 Θεῷ
2714 2018 2814 2082 τὰς
2832 2015 3100 2089 ἁμαρτίας
3114 2015 3208 2069 καὶ
3222 2012 3542 2084 κατηγορεῖν
3569 2008 3770 2070 αὐτοὺς
3788 2007 3917 2060 εαυ-

2338 2110 2468 2175 τῶν,
2485 2096 2572 2163 ἴνα
2585 2109 2688 2164 κᾶν
2708 2107 2898 2172 οὕτως,
2917 2104 3212 2177 πληγέντες
3230 2103 3327 2175 τὴν
3352 2101 3547 2173 ψυχὴν,
3574 2097 3915 2153 ἀνανεύσωσι

2339 2205 2431 2257 καὶ
2461 2200 2849 2271 ἑπιστρὲψωσι,
2883 2199 3161 2270 μετανοεῖν
3177 2193 3529 2265 διδαχθέντες.

2415 2312 2433 2344 ι
2458 2292 2569 2347 Kal
2612 2291 2996 2360 ἀπεστήσαμεν
3041 2286 3215 2341 ὀπίσω
3254 2284 3351 2357 τὴν
3399 2284 3596 2358 κρίσιν,
3640 2285 3737 2338 καὶ
3769 2279 3914 2354 ἠδι-

2339 2380 2593 2451 καιοσύνη
2614 2376 2828 2450 μακρὰν
2858 2375 3192 2446 ἀφέστηκενο
3217 2374 3299 2428 δτι
3324 2370 3674 2444 κατηναλώθη
3703 2372 3764 2424 ὲν
3790 2369 3914 2430 ταῖς

2338 2469 2476 2537 ὁδοῖς
2501 2467 2679 2523 αὐτῶν
2716 2468 2751 2537 ὴ
2791 2464 3036 2536 ἀλήθεια,
3059 2463 3153 2516 καὶ
3189 2461 3256 2515 δι’
3282 2459 3496 2522 εὐθείας
3530 2459 3630 2513 οὐκ
3659 2458 3916 2512 ὲδύναντο

2336 2561 2582 2616 διελθεῖν.
2628 2559 2740 2614 Kal
2770 2559 2804 2629 ή
2831 2557 3056 2630 ἀλήθεια
3082 2553 3268 2629 ἦρται,
3303 2554 3397 2608 καὶ
3440 2551 3776 2623 μετέστησαν
3815 2548 3916 2619 τὴν

2337 2649 2573 2703 διάνοιαν
2604 2647 2696 2700 τοῦ
2727 2645 2983 2700 συνιέναι.
3015 2645 3126 2700 Kal
3149 2641 3254 2698 εἶδε
3285 2641 3506 2713 Κύριος,
3534 2639 3628 2694 καὶ
3661 2638 3764 2692 οὐκ
3789 2639 3919 2710 ἦρε-

2340 2753 2432 2792 σεν
2463 2735 2632 2807 αὐτῷ,
2688 2737 2770 2788 ὅτι
2800 2735 2900 2788 ούκ
2923 2730 2991 2805 ἦν
3017 2733 3216 2804 κρίσις.
3248 2731 3358 2784 Kal
3402 2723 3530 2793 εἶδε,
3575 2727 3670 2782 καὶ
3716 2728 3822 2780 οὐκ
3846 2721 3916 2798 ἦν

2341 2829 2482 2901 ἀνήρ
2504 2845 2517 2858 ·
2548 2829 2640 2883 καὶ
2662 2827 2973 2898 κατενόησε,
3002 2826 3096 2878 καὶ
3119 2825 3219 2876 οὐκ
3243 2818 3310 2893 ἧν
3339 2818 3758 2891 ἀντιληψόμενος
3776 2834 3792 2849 ⁸
3824 2819 3919 2872 xal

2342 2917 2587 2988 ἠμύνατο
2629 2917 2824 2980 αὐτοὺς
2861 2916 2940 2987 τῷ
2980 2914 3220 2987 βραχίονι
3251 2910 3434 2976 αὐτοῦ,
3467 2910 3562 2964 καὶ
3597 2911 3664 2980 τῇ
3689 2907 3920 2981 ιλεημο-

2350 3006 2482 3076 σύνῃ
2508 3005 2844 3076 ὲστηρίσατο.
2894 3004 3004 3058 Kal
3033 3002 3314 3056 ἐνεδύσατο
3341 2997 3682 3069 δικαιοσύνην
3703 2998 3784 3062 ὡς
3813 2997 3916 3052 θὼ-

2353 3112 2516 3167 ρακα,
2537 3095 2630 3148 καὶ
2651 3093 2926 3167 περιέθετο
2952 3088 3374 3164 περικεφαλαίαν
3395 3088 3662 3160 σωτηρίου
3691 3087 3790 3140 ἰπὶ
3816 3087 3920 3158 τῆς

2352 3186 2612 3256 κεφαλῆς,
2645 3187 2738 3241 καὶ
2789 3183 3143 3257 περιεϐάλετο
3167 3181 3378 3254 ἱμάτιον
3411 3179 3743 3250 ικδικὴσεως
3766 3195 3780 3209 ο
3822 3179 3920 3234 καὶ

2348 3276 2410 3329 τὸ
2440 3273 2779 3346 περιϐόλαιον
2801 3273 2986 3336 αὑτοῦ,
3019 3272 3094 3336 ὡς
3118 3267 3505 3325 ἀνταποδώσων
3531 3262 3915 3326 ἀνταπόδοσιν,

2347 3363 2543 3428 δνειδος
2573 3365 2681 3427 τοῖς
2703 3362 3050 3425 ὑπεναντίοις.
3065 3360 3176 3415 Kal
3200 3356 3591 3428 φοϐηθήσονται
3615 3352 3666 3406 οἱ
3687 3351 3918 3406 ἀπὸ-δυο

2351 3454 2500 3526 σμῶν
2519 3453 2580 3507 τὺ
2601 3453 2770 3524 δνομα
2795 3453 3020 3523 Κυρίου,
3053 3451 3146 3505 καὶ
3176 3449 3226 3503 oi
3253 3449 3346 3502 ἀπ’
3375 3443 3643 3500 ἀνατολῶν
3675 3441 3830 3514 ἡλίου
3855 3439 3919 3495 τὸ

2347 3545 2514 3615 ὄνομα
2540 3545 2601 3597 τδ
2631 3543 2855 3608 ἔνδοξον.
2878 3541 3033 3607 Ἥξει
3055 3540 3164 3612 γὰρ
3193 3538 3268 3604 ὡς
3293 3535 3533 3608 ποταμὸς
3565 3534 3739 3605 βιαῖος
3767 3535 3804 3602 ή
3832 3533 3919 3601 ὀρ-

2349 3633 2419 3704 γὴ
2450 3632 2600 3706 παρά
2641 3632 2873 3702 Κυρίου·
2899 3629 3016 3702 ἥξει
3044 3629 3182 3702 μετὰ
3207 3626 3403 3700 θυμοῦ,
3434 3627 3528 3682 καὶ
3565 3623 3684 3696 ἥξει
3726 3623 3918 3676 ῑνεκεν

2350 3722 2486 3786 Σιὼν
2507 3727 2536 3777 ὀ
2568 3723 2844 3796 ῥυόμενος,
2889 3722 2984 3775 καὶ
3015 3721 3346 3792 ἀποστρέψει
3380 3715 3632 3779 ἀσεϐείας
3657 3714 3768 3768 ἀπὸ
3807 3714 3914 3766 Ἰα-

2350 3814 2483 3869 κώϐ.
2511 3835 2529 3866 s
2567 3813 2732 3867 Πάλιν
2759 3813 2815 3865 δὲ
2848 3813 2941 3865 καὶ
2979 3810 3209 3865 ἐνταῦθα
3237 3810 3300 3862 τὸ
3340 3806 3583 3870 θεοσεϐὲς
3610 3803 3917 3875 πολίτευμα

2351 3901 2669 3973 σημαίνεται
2691 3902 2780 3955 διὰ
2816 3901 2913 3970 τῆς
2936 3898 3095 3963 Σιὼν,
3123 3899 3242 3969 ἥτις
3265 3897 3528 3968 διαφόρως
3560 3894 3916 3948 ἀπεδείκνυτο

2347 3989 2532 4064 οὖσαή
2571 3990 2860 4061 Ἐκκλησία
2896 3989 2988 4044 τοῦ
3025 3982 3178 4043 Θεοῦ.
3230 3987 3444 4057 Ταύτης
3474 3980 3567 4039 οῦν
3595 3983 3783 4037 ἕνεκεν
3815 3981 3916 4052 τῆς

2348 4082 2442 4137 τοῦ
2475 4082 2608 4135 Θεοῦ
2640 4081 2842 4145 πόλεως
2874 4079 3022 4152 ἥξειν
3066 4078 3283 4148 λέγεται
3331 4079 3360 4132 ό
3389 4077 3646 4150 ῥυόμενος
3677 4077 3706 4128 ὁ
3757 4075 3918 4145 ἀγχι-

2353 4173 2588 4227 stativa
2617 4173 2728 4225 Kal
2763 4172 2816 4226 τί
2866 4171 3111 4241 ποιήσει;
3160 4167 3506 4239 Συγχωρήσει
3553 4163 3652 4229 τὰς
3701 4163 3918 4226 ἀδικίας

2349 4267 2458 4329 τοῖς
2487 4262 2800 4335 προσιοῦσιν
2827 4259 2992 4332 αὐτῷ.

771 4361 933 4417 Vsus.
958 4360 1048 4415 2|.
1077 4378 1097 4412 ε
1133 4358 1201 4414 Et
1244 4358 1347 4414 hoc
1367 4355 1498 4430 ipsis
1532 4353 1926 4411 Testamentum
1953 4368 1983 4408 a
2012 4367 2097 4407 me
2147 4359 2242 4416 est,

2427 4373 2444 4406 ι
2471 4355 2578 4408 Kal.
2610 4353 2748 4425 αῦτη
2777 4354 2958 4417 αὐτοῖς
2994 4353 3028 4422 ἡ
3061 4351 3189 4424 παρ’
3211 4348 3342 4421 ἐμοῦ
3369 4347 3629 4419 Διαθήκη,
3655 4343 3775 4400 εἷπε
3803 4343 3915 4398 Κύ-

699 4454 835 4507 dixit
870 4451 1143 4506 Dominus.
1165 4448 1395 4518 Spiritus
1434 4461 1606 4514 meus,
1635 4446 1831 4517 quiest
1857 4445 1909 4499 in
1952 4453 2107 4499 te:et
2137 4457 2253 4496 ver-

702 4542 793 4608 ba,
821 4553 939 4609 quae
971 4538 1093 4592 dedi
1120 4538 1176 4592 in
1211 4552 1272 4592 os
1301 4546 1447 4591 tuum
1478 4553 1492 4591 :
1524 4545 1579 4592 et
1629 4551 1732 4590 non
1771 4533 2019 4590 deﬁcient
2051 4547 2119 4587 ex
2159 4544 2253 4587 ore

701 4642 814 4698 tuo,
839 4645 1010 4699 neque
1031 4643 1098 4684 ex
1143 4642 1239 4685 ore
1285 4627 1506 4684 seminis
1527 4627 1624 4682 tui.
1652 4625 1802 4680 Dixit
1829 4625 1970 4679 enim
2000 4621 2254 4678 Dominus

705 4721 894 4775 amodo
930 4727 985 4775 et
1033 4732 1202 4788 usque
1231 4718 1284 4772 iu
1313 4717 1585 4772 saeculum.
1613 4735 1634 4770 ι
1667 4715 1766 4771 Hic
1813 4715 1991 4784 itaque
2023 4713 2254 4782 Spiritus

699 4810 1097 4868 Testamentum
1124 4817 1242 4864 erat
1261 4824 1276 4861 :
1295 4808 1645 4878 quamobrem
1664 4806 1910 4862 Salvator
1927 4814 1980 4861 et
1997 4804 2252 4860 Dominus

703 4910 884 4956 noster
910 4899 1061 4955 Jesus
1085 4897 1329 4954 Christus
1370 4895 1646 4967 discipulis
1675 4898 1785 4952 suis
1815 4895 2070 4966 Spiritum
2109 4894 2253 4950 dedit

701 4993 921 5047 dicens:
953 5008 972 5042 ι
999 4990 1234 5059 Accipite
1274 4986 1532 5056 Spiritum
1561 4996 1804 5042 sanctum
1837 5003 1852 5050 ;
1883 4987 1928 5040 si
1955 4984 2247 5054 cujuspiam

704 5081 1016 5136 retuiseritis
1050 5088 1287 5150 peccata,
1331 5079 1673 5132 remittantur
1706 5078 1754 5131 ei
1788 5078 1853 5124 ”.
1888 5096 1905 5126 ι
1938 5076 2051 5130 {loc
2093 5075 2253 5143 igitur

707 5171 907 5226 Novum
955 5169 1354 5224 Testamentum
1387 5177 1490 5233 est,
1519 5178 1573 5223 et
1602 5178 1760 5237 caput
1795 5167 2050 5237 mysterii,
2078 5163 2249 5234 Spiri-

708 5270 792 5315 tus
820 5271 1056 5316 sanctus.
1082 5260 1147 5314 Et
1168 5261 1348 5322 verba,
1379 5275 1495 5330 quae
1531 5260 1648 5313 dedi
1683 5259 1733 5311 in
1758 5272 1818 5313 os
1856 5268 2022 5319 tuum,
2041 5267 2094 5309 et
2140 5269 2244 5309 nou

705 5351 968 5406 deﬁcient.
1011 5371 1028 5403 ι
1057 5351 1272 5407 Manent
1297 5353 1436 5406 enim
1466 5361 1522 5406 et
1549 5352 1600 5404 in
1636 5350 1883 5418 praesenti
1912 5359 1964 5403 ct
1987 5349 2037 5402 in
2071 5348 2249 5402 futuro

705 5439 894 5495 saeculo
919 5441 1031 5496 haec
1056 5442 1253 5506 omnia,
1272 5441 1564 5497 secundum
1600 5439 1900 5494 Servatoris
1938 5439 2103 5494 nostri
2132 5452 2248 5492 vcr-

813 5508 916 5574 Ὀ

772 5609 814 5640 ¹⁵
842 5607 997 5664 Joan.
1029 5627 1118 5677 xx,
1148 5613 1236 5684 9.9.,
1266 5617 1355 5672 25.

2355 4461 2483 4514 ριος.
2518 4445 2590 4497 Τὸ
2620 4442 2843 4514 Πνεῦμα
2863 4442 2924 4494 τὸ
2949 4439 3098 4511 ἐμὸν,
3126 4441 3155 4493 ὅ
3179 4441 3323 4492 ἐστιν
3350 4437 3440 4491 επὶ
3469 4438 3570 4499 σοὶ,
3604 4435 3698 4489 καὶ
3724 4435 3791 4514 τά
3823 4437 3917 4506 ρη-

2355 4500 2494 4605 ματα
2525 4535 2561 4588 θ.
2598 4500 2781 4588 ἔδωκα.
2817 4536 2896 4596 είς
2927 4500 2994 4584 τέ
3221 4545 3314 4582 σου
3333 4544 3346 4559 ο
3392 4526 3487 4581 καὶ
3511 4527 3573 4580 ού
3608 4525 3685 4596 μὴ
3717 4500 3918 4596 ἐκλίπῃ

2350 4625 2413 4677 ὲκ
2436 4625 2528 4677 τοῦ
2560 4625 2822 4695 στόματός
2850 4638 2965 4686 σου,
2999 4622 3093 4675 καὶ
3128 4623 3191 4676 ὲκ
3218 4618 3309 4674 τοῦ
3335 4618 3598 4688 στόματος
3623 4615 3716 4670 τοῦ
3748 4613 3891 4683 ait-ip

2355 4714 2519 4782 ματός
2545 4729 2659 4766 σου.
2695 4708 2829 4765 Εϊπε
2865 4711 2973 4781 γὰρ
3005 4709 3204 4780 Κύριος
3226 4707 3333 4763 ἀπὸ
3353 4706 3446 4761 τοῦ
3469 4705 3564 4759 νῦν
3596 4703 3692 4758 καὶ
3723 4705 3800 4767 είς
3824 4702 3916 4755 τὸν

2351 4804 2538 4859 αἰῶνα.
2564 4823 2582 4856 ι
2615 4804 2784 4857 Τοῦτο
2809 4801 2936 4872 γοῦν
2962 4802 3020 4855 τὸ
3053 4801 3272 4872 Πνεῦμα
3291 4802 3325 4870 ἡ
3357 4797 3594 4869 Διαθήκη
3621 4795 3882 4864 ἐτύγχανε

2349 4893 2530 4966 διόπερ
2550 4894 2578 4946 ὁ
2605 4894 2792 4964 Σωτὴρ
2837 4893 2930 4945 καὶ
2960 4891 3160 4964 Κύριος
3185 4891 3342 4961 ἡμῶν
3383 4881 3590 4960 Ἰησοῦς
3626 4887 3656 4939 ὁ
3682 4883 3914 4958 Χριστὸς

2349 4987 2457 5046 τοῖς
2484 4981 2673 5036 ἑαυτοῦ
2703 4982 2968 5053 μαθηταῖς
2996 4981 3160 5034 ὲδίδου
3185 4982 3245 5034 τὸ
3270 4978 3492 5050 Πνεῦμα
3520 4976 3723 5045 λέγων’
3759 4992 3780 5025 ε
3801 4973 3898 5029 Δάν

2349 5073 2469 5126 ϐετε
2517 5073 2740 5143 Πνεῦμα
2770 5073 2941 5141 ἆγιον,
2974 5072 3066 5125 ὲάν
3094 5087 3236 5134 τινος
3263 5069 3435 5140 ἀφῆτε
3468 5065 3568 5129 τὰς
3612 5062 3910 5136 ἁμαρτίας.

2348 5164 2591 5233 ἀφίενται
2622 5163 2787 5233 αύτῷ.
2813 5182 2832 5215 ι
2866 5161 3012 5234 Αὕτη
3045 5161 3221 5215 τοίνυν
3259 5162 3291 5230 ἡ
3324 5157 3499 5225 Καινὴ
3527 5154 3790 5225 Διαθήκη,
3818 5151 3912 5207 καὶ

2350 5256 2409 5308 τὸ
2462 5256 2752 5324 κεφάλαιον
2783 5254 2874 5308 τοῦ
2907 5252 3224 5324 μυστηρίου,
3259 5251 3319 5304 τὸ
3365 5247 3588 5318 Πνεῦμα
3635 5245 3696 5298 τὸ
3732 5245 3907 5312 ἄγων.

2357 5363 2375 5396 ι
2401 5347 2508 5398 Kal
2533 5346 2599 5399 τὰ
2633 5346 2853 5416 ῥήματα
2882 5344 2917 5398 ἀ
2948 5344 3120 5397 ἔδωκα
3159 5344 3240 5406 εἰς
3272 5341 3333 5395 τὸ
3360 5335 3452 5403 οὖς
3487 5355 3601 5405 σου,
3627 5338 3720 5391 καὶ
3741 5335 3804 5388 ού
3835 5333 3906 5406 μὴ

2351 5437 2563 5508 ἐκλίπῃ.
2592 5456 2608 5489 ι
2662 5436 2826 5491 Μένει
2855 5435 2962 5506 γὰρ
2987 5435 3077 5487 καὶ
3107 5434 3186 5497 είς
3214 5431 3304 5485 τδν
3337 5432 3577 5502 παρόντα
3609 5429 3783 5483 αίῶνα
3814 5423 3907 5479 καὶ
