4128 6294
212 383 313 440 ιὸθ

1182 365 1687 427 (ΖΟΜΜΕΝΤΔΒΙΑ
1728 365 1793 420 IN
1834 364 2086 422 ISAIAM.
2129 396 2196 406 —
2234 365 2386 422 CAP.
2429 364 2541 420 LX.

3356 358 3462 416 ‘90

216 505 295 565 εις
317 498 409 553 τδν
438 497 701 570 palma
745 494 916 549 ταῦτα
950 492 1143 556 πάντα,
1187 488 1326 542 κατά
1369 488 1435 541 τὰ
1458 488 1709 559 ῥήματα,
1749 484 1783 539 ἀ

1902 500 1951 540 )a
1987 487 2040 539 in
2065 484 2366 555 Evangeliis
2407 482 2599 539 tradita
2656 482 2726 538 ab
2767 478 3193 570 IpsorSalvatore
3226 476 3461 541 dicente,

219 587 453 655 ιδίδαξεν
480 588 643 652 αὐτὸς
685 589 715 640 6
746 584 936 656 Σωτὴρ
980 584 1036 635 ὲν
1060 577 1407 649 Εὑαγγελίοις
1451 576 1652 631 εἰπών’
1690 594 1709 627 ι
1732 576 1789 628 '0

220 680 444 751 οὐρανὸς
488 680 584 733 καὶ
617 679 652 749 ή
693 675 766 746 γῆ
799 672 1205 747 παρελεύσεται,
1246 672 1293 722 οῖ
1322 668 1377 722 δὲ
1410 668 1555 735 λόγοι
1599 682 1698 737 μου
1726 666 1788 718 οὺ

224 771 301 843 μή
324 768 679 842 παρέλθωσιν.
712 784 731 818 ι

752 892 1144 959 ΚΕΦΑΛΔῘΟΝ
1178 890 1252 945 Ξ’.

296 1009 316 1043 ι
336 986 593 1054 Φωτίζου,
622 984 877 1056 φωτίζον,
914 979 1293 1053 Ἰερουσαλήμ·
1332 980 1455 1051 ἥκει
1477 978 1584 1050 γάρ
1607 994 1699 1031 σου
1729 976 1790 1029 τὸ

219 1082 361 1151 φῶς,
386 1079 481 1134 καὶ
502 1081 537 1149 ή
558 1077 683 1143 δόξα
714 1076 917 1150 Κυρίου
947 1074 1039 1128 ἐπὶ
1066 1073 1126 1127 at
1169 1070 1549 1126 ἀνατέταλκεν.
1573 1088 1593 1121 ι
1640 1068 1790 1122 Ἐπεὶ

216 1173 398 1226 τοίνυν
430 1172 459 1224 6
486 1168 717 1242 Χριστὸς
748 1166 909 1230 αὐτὸς
931 1161 999 1236 ἧν
1030 1165 1091 1218 τὸ
1121 1163 1237 1233 φῶς
1261 1163 1354 1232 καὶ
1386 1165 1420 1233 ή
1444 1159 1670 1231 ἀλήθεια
1699 1158 1791 1212 καὶ

220 1262 422 1335 ήοζωὴ,
450 1262 540 1316 καὶ
564 1260 680 1331 φῶς
697 1262 806 1324 τοῖς
835 1259 913 1321 εἰς
930 1257 1020 1311 τὸν
1047 1255 1247 1325 κόσμον
1268 1270 1281 1283 ·
1313 1252 1533 1314 εἰκότως
1546 1251 1645 1320 τῆς
1672 1248 1792 1303 τού-

220 1371 318 1408 του
374 1352 667 1425 παρουσίας
722 1349 1013 1404 ἀπολαύειν
1067 1349 1098 1400 6
1131 1346 1285 1416 λόγος
1328 1347 1396 1416 τῇ
1442 1341 1791 1413 Ἰερουσαλὴμ

225 1444 562 1518 προσεφώνει
613 1442 824 1512 λέγων·
877 1458 896 1491 ι
924 1438 1181 1505 Φωτίζου,
1229 1434 1483 1506 φωτίζου,
1519 1434 1785 1504 Ἰερουσα-

221 1537 370 1609 λήμ·
400 1537 524 1607 ἥκει
550 1533 658 1604 γάρ
680 1549 773 1586 σου
797 1532 857 1586 τὸ
892 1530 1022 1601 φῶς.
1052 1548 1072 1582 ι
1129 1528 1313 1597 Αὐτῆς
1339 1526 1395 1580 δὲ
1419 1522 1556 1580 εῖναι
1591 1524 1786 1595 φάσκει

220 1630 286 1683 τὸ
306 1629 443 1698 φῶς,
467 1628 552 1681 διά
570 1628 631 1680 τὸ
652 1627 788 1697 αὐτῇ
810 1625 908 1688 τάς
932 1622 1059 1695 περὶ
1080 1620 1173 1674 τοῦ
1203 1618 1438 1692 Χριστοῦ
1465 1618 1792 1688 ἐπαγγελίας

224 1718 336 1770 ύπὺ
360 1716 467 1770 τῶν
495 1713 785 1787 προφητῶν
806 1711 1156 1785 κεκηρῦχθαι.
1191 1710 1255 1763 El
1280 1710 1378 1781 μὲν
1399 1706 1491 1763 οῦν
1513 1708 1793 1763 πεισθεῖσα

223 1809 304 1881 τῷ
334 1808 767 1879 παραγγέλματι,
1141 1801 1496 1896 μετειλήφει,
1521 1802 1621 1896 τὸν
1657 1803 1792 1872 Χρι-
1823 1840 1865 1896 Β

228 1901 353 1954 στὸν
371 1897 465 1953 τοῦ
496 1897 630 1951 Θεοῦ
664 1894 1100 1969 παραδεξαμένη,
1133 1892 1398 1964 διέμεινεν
1424 1893 1489 1946 ἂν
1515 1895 1572 1945 ὲν
1603 1894 1795 1965 εἰρήνῃ

227 1993 391 2065 μέχρι
422 1991 624 2054 τέλους.
676 1988 751 2042 Th
782 1988 890 2059 γάρ
931 1986 1099 2041 πάλαι
1138 2002 1219 2039 σοι
1252 1985 1478 2039 διάτῶν
1501 1985 1795 2055 προφητῶν

222 2081 661 2154 κατηγγελμένον
682 2078 799 2149 φῶς
829 2078 938 2132 ιδοὺ
971 2076 1067 2132 νῦν
1098 2075 1341 2149 ἐλήλυθε.
1377 2076 1467 2129 Διὸ
1501 2074 1576 2147 μὴ
1616 2074 1796 2145 μέλλε,

225 2166 460 2244 φωτίζου
489 2172 566 2239 δὲ,
598 2170 853 2241 φωτίζου,
890 2170 985 2224 καὶ
1013 2168 1114 2239 τῆς
1133 2169 1355 2241 χάριτος
1386 2166 1794 2239 μεταλάμσανε·

227 2263 343 2318 εστι
380 2263 489 2334 γάρ
514 2278 595 2315 σοι
625 2258 954 2330 φωτισθείσῃ
985 2258 1109 2312 τάδε
1142 2260 1235 2313 καὶ
1261 2256 1407 2311 τάδε.

303 2374 322 2407 ι
357 2353 485 2407 Ἰδοὺ
520 2353 706 2415 σκότος
750 2349 977 2419 καλύψει
1030 2350 1133 2420 γῆν
1165 2350 1259 2403 καὶ
1294 2350 1486 2418 γνόφος
1532 2350 1618 2403 ἐπ’
1646 2347 1795 2419 ἔθνη.

236 2445 362 2498 Ἐπὶ
391 2444 450 2497 δὲ
483 2443 543 2497 σὲ
573 2444 870 2515 φανήσεται
906 2440 1129 2512 Κύριος,
1162 2440 1258 2495 καὶ
1294 2443 1327 2512 ή
1358 2440 1482 2507 δόξα
1514 2441 1678 2493 αὐτοῦ
1708 2441 1801 2492 ἐπὶ

226 2534 287 2588 σὲ
315 2533 630 2604 ὀφθήσεται.
662 2552 681 2585 ι
724 2534 812 2598 Ὠς
845 2532 987 2588 κατὰ
1008 2533 1107 2603 τὴν
1137 2531 1358 2604 πρώτην
1387 2532 1682 2603 παρουσίαν
1706 2532 1800 2586 τοῦ

224 2625 479 2697 Σωτῆρος
509 2623 666 2696 ήμῶν
693 2624 951 2678 δύνασθαι
982 2622 1155 2678 ταῦτα
1182 2622 1518 2694 πληροῦσθαι
1548 2641 1561 2654 ι
1597 2625 1657 2677 οὐ
1694 2625 1801 2695 μὴν

225 2715 364 2770 ἀλλά
413 2718 506 2771 καὶ
539 2715 679 2771 κατὰ
710 2717 809 2788 τὴν
836 2716 1091 2785 δευτέραν
1132 2715 1227 2769 καὶ
1250 2714 1456 2782 ἔνδοξον
1481 2716 1644 2769 αὐτοῦ
1681 2715 1801 2770 θεο-

224 2808 454 2880 φάνειαν
479 2808 664 2872 τέλους
686 2806 825 2862 αύτά
851 2806 1154 2871 τεύξεσθαι.

301 2898 455 2954 «Καὶ
488 2898 841 2972 πορεύσονται
880 2896 1116 2968 βασιλεῖς
1155 2899 1213 2951 εν
1254 2897 1331 2968 τῷ
1371 2898 1509 2967 φωτί
1556 2915 1670 2963 σου,
1711 2899 1804 2952 καὶ

226 2990 357 3061 ιονη
378 2992 445 3061 τῇ
475 2989 817 3061 λαμπρότητι
850 3005 966 3043 σου.
990 3008 1008 3037 ο
1046 2989 1121 3042 Οὐ
1142 2987 1250 3060 γάρ
1270 2990 1361 3043 ἐπὶ
1387 2989 1591 3052 πάντας
1620 2990 1805 3043 ἀνατε-

226 3081 360 3145 λεῖς,
396 3080 511 3134 ἀλλ’
548 3080 642 3134 ἐπὶ
675 3080 867 3151 μόνους
893 3081 1019 3142 τοὺς
1056 3079 1259 3144 ἀξίους.
1287 3080 1426 3143 Τοὺς
1455 3079 1563 3151 γάρ
1590 3079 1665 3151 μὴ
1695 3097 1805 3133 τοι-

1894 595 1912 628 ι
1934 575 2140 632 Caelum
2181 585 2235 630 et
2274 584 2417 631 terra
2450 573 2774 637 transibunt,
2810 569 2972 628 verba
3002 578 3183 625 autem
3208 581 3325 623 mea
3353 581 3463 623 non

1898 669 2199 724 transibunt
2226 666 2289 721 “.
2313 686 2332 719 ι

2236 942 2245 949 .
2483 882 2708 943 CAPUT
2752 880 2863 938 LX.

1959 980 2121 1037 Vsus.
2141 983 2190 1035 l.
2228 998 2247 1032 ι
2267 979 2596 1046 llluminare,
2618 976 2945 1041 illuminare,
2964 972 3287 1037 Jerusalem,
3315 972 3467 1028 venit

1889 1077 2031 1128 enim
2076 1075 2251 1128 lumen
2301 1084 2468 1137 tuum,
2499 1081 2553 1126 et
2590 1070 2762 1139 gloria
2795 1066 3011 1121 Domini
3054 1079 3217 1135 super
3264 1073 3316 1119 te
3346 1072 3467 1119 orla

1889 1176 1994 1221 est.
2023 1184 2043 1217 ι
2083 1164 2345 1232 Quoniam
2374 1178 2503 1234 ergo
2531 1164 2644 1234 ipse
2674 1161 2927 1217 Christus
2957 1166 3076 1215 erat
3118 1158 3206 1212 lux
3231 1167 3287 1212 et
3324 1154 3472 1212 veri-

1892 1268 1972 1315 tas
1999 1269 2054 1315 et
2085 1258 2215 1323 vita,
2266 1256 2354 1311 lux
2383 1256 2590 1311 scilicet
2625 1256 2694 1309 iis
2713 1254 2805 1325 qui
2842 1253 2895 1307 in
2927 1251 3128 1307 mundo
3160 1259 3305 1310 sunt,
3347 1247 3470 1317 ejus

1890 1350 2171 1421 praesentia
2202 1347 2481 1402 [ruituram
2509 1346 2808 1402 Jerusalem
2843 1344 3039 1401 merito
3068 1341 3470 1413 pmnuntiahat

1894 1443 1977 1497 his
2007 1442 2205 1506 verbis,
2237 1459 2256 1492 ι
2287 1438 2593 1494 illuminare
2613 1478 2629 1505 ,
2665 1438 2992 1501 illuminare,
3018 1434 3342 1500 Jerusalem,
3372 1448 3468 1489 ve-

1889 1534 1971 1587 nit
2000 1533 2147 1587 enim
2180 1532 2270 1586 lux
2295 1543 2405 1587 tua.
2444 1549 2463 1582 ι
2499 1529 2627 1601 Ejus
2657 1542 2837 1586 autem
2863 1544 2983 1586 esse
3008 1528 3182 1584 lucem
3217 1528 3313 1593 ait,
3339 1527 3469 1597 quia

1898 1626 2000 1695 ipsi
2043 1624 2249 1679 venturi
2274 1623 2475 1679 Christi
2505 1622 2925 1693 pollicitationes
2962 1637 2991 1677 a
3026 1621 3305 1692 prophetis
3334 1636 3469 1691 prm-

1892 1716 2084 1770 dicalte
2108 1721 2249 1768 sunt.
2279 1711 2335 1767 Si
2366 1712 2527 1783 igitur
2557 1721 2825 1781 praecepto
2858 1712 3148 1783 morigera,
3180 1710 3316 1766 lucis
3339 1723 3469 1765 con-

1894 1821 2012 1861 sors
2043 1805 2248 1871 fuisset,
2284 1802 2554 1859 Christum
2580 1802 2675 1859 Dei
2705 1804 3069 1873 suscipiendo,
3106 1818 3277 1873 usque
3318 1802 3371 1856 in
3400 1802 3468 1856 ﬁ-

1898 1917 2017 1956 nem
2040 1901 2226 1969 utique
2248 1900 2300 1953 in
2324 1912 2454 1971 pace
2479 1897 2788 1953 mansisset.
2810 1895 3020 1951 Etenim
3043 1910 3169 1951 ecce
3185 1894 3301 1964 jam
3322 1894 3474 1948 venit

1897 1992 1988 2049 lux
2034 1991 2146 2056 illa,
2172 1990 2303 2047 olim
2343 1989 2437 2045 tibi
2479 2004 2575 2061 per
2607 1988 2900 2059 prophetas
2924 1987 3257 2042 annuntiata.
3292 1984 3472 2052 Quare

1896 2100 1964 2139 ne
1991 2083 2283 2147 cuncteris,
2326 2083 2423 2139 sed
2466 2080 2792 2149 illuminare,
2822 2079 3167 2146 illuminare,
3197 2086 3252 2133 et
3281 2076 3474 2147 gratia;

1898 2178 2166 2247 particeps
2189 2184 2343 2243 esto;
2368 2175 2461 2231 tibi
2492 2174 2638 2231 enim
2674 2172 2992 2229 illuminatas
3025 2172 3140 2227 haec
3166 2180 3222 2227 et
3257 2169 3348 2225 illa
3376 2168 3472 2225 ad-

1897 2273 2078 2320 erunt.

1968 2355 2135 2411 Vns.
2165 2354 2223 2409 2.
2259 2374 2277 2407 ι
2310 2354 2449 2411 Ecce
2484 2355 2719 2410 tenebm
2761 2352 3009 2423 operient
3039 2360 3263 2417 terram,
3291 2359 3347 2404 et
3380 2364 3473 2406 ca—

1899 2448 2009 2516 ligo
2045 2461 2205 2516 super
2238 2454 2449 2517 gentes.
2483 2444 2658 2515 Super
2682 2454 2735 2499 te
2769 2452 2946 2496 autem
2976 2444 3256 2511 appareuit
3288 2438 3472 2494 ')omi-

1901 2549 2022 2601 nus,
2057 2544 2112 2589 et
2158 2535 2325 2606 gloria
2356 2534 2474 2600 ejus
2513 2535 2563 2589 in
2598 2543 2650 2588 te
2696 2532 2985 2588 videbitur.
3022 2548 3041 2583 ι
3080 2531 3213 2598 Quae
3252 2544 3387 2585 sane
3416 2529 3471 2582 in

1900 2628 2075 2698 primo
2105 2626 2398 2681 Salvatoris
2414 2625 2645 2681 adventu
2670 2622 2928 2679 accidisse
2949 2630 3203 2691 possunt;
3222 2636 3287 2675 ac
3307 2620 3473 2676 etiam

1902 2721 1954 2773 in
1985 2718 2222 2775 secunda
2262 2727 2316 2773 et
2349 2718 2581 2789 gloriosa
2616 2716 2903 2786 divinaque
2929 2714 3046 2785 ejus
3085 2715 3370 2783 praesentia
3410 2711 3476 2766 ﬁ-

1901 2825 2025 2865 nem
2060 2808 2320 2878 consequi
2350 2806 2625 2863 valebunt.

1972 2898 2139 2955 Vsus.
2170 2900 2221 2954 5.
2247 2916 2267 2951 ι
2288 2898 2353 2953 Ει
2375 2896 2725 2953 ambulabunt
2759 2911 2913 2966 reges
2942 2895 2995 2949 in
3020 2894 3227 2949 lumine
3267 2902 3379 2956 tuo,
3420 2904 3477 2948 et

1902 3000 2089 3059 gentes
2104 2991 2155 3043 in
2169 2988 2457 3058 splendore
2470 2996 2581 3041 tuo.
2596 2986 2737 3041 »Νοιι
2754 2986 3005 3041 omnibus
3018 2988 3182 3047 enim.
3196 2985 3289 3041 sed
3300 2984 3477 3055 dignis

1904 3089 2109 3134 tantum
2159 3078 2372 3134 orieris.
2408 3075 2661 3147 indignos
2691 3078 2888 3148 quippe
2923 3078 3155 3133 tenebrae
3177 3077 3478 3133 exteriores

226 3171 422 3234 ούτους
447 3170 763 3241 διαλήψεται
788 3170 849 3222 τὸ
881 3168 1142 3241 ἐξώτερον
1176 3170 1362 3235 σκότος
1390 3170 1485 3224 καὶ
1522 3170 1584 3224 τὸ
1612 3170 1723 3242 πῦρ
1743 3171 1802 3225 ea

1906 3183 1959 3227 et
1984 3172 2123 3242 ignis
2151 3181 2389 3227 aeternus
2437 3170 2728 3239 excipient,
2761 3183 2970 3225 necnon
2998 3169 3104 3223 alia
3140 3170 3320 3224 omnia
3358 3184 3478 3240 qua

223 3262 467 3327 αἰώνιον,
494 3262 588 3316 καὶ
604 3264 706 3316 ὅσα
726 3261 859 3317 ἄλλα
882 3263 991 3324 τοῖς
1023 3261 1270 3315 ἀσεϐέσιν
1300 3262 1607 3334 ὴπεῖληται.
1635 3266 1722 3318 Δεῖ
1745 3263 1804 3317 δὲ

224 3353 494 3426 πρότερον
532 3352 706 3422 φωτὸς
743 3353 838 3405 καὶ
886 3352 1147 3423 ἀνατολῆς
1176 3356 1289 3417 τοῖς
1332 3354 1611 3425 μέλλουσιν
1640 3356 1802 3408 αὑτοῦ

224 3445 455 3514 amem
486 3446 584 3517 τὴν
611 3444 764 3511 δόξαν
785 3461 798 3475 ·
833 3445 1004 3509 ὅπως,
1031 3444 1089 3496 ὲν
1111 3444 1293 3517 ἡμέρᾳ
1318 3445 1497 3500 θεῖκοῦ
1524 3448 1699 3517 φωτὸς
1721 3464 1806 3517 γε-

225 3538 467 3608 νόμενοι,
522 3535 716 3608 θεωροὶ
740 3536 839 3607 τῆς
879 3533 1036 3606 δόξης
1056 3533 1150 3589 τοῦ
1186 3536 1507 3607 μονογενοῦς
1547 3537 1676 3591 ὶιοῦ
1709 3538 1803 3593 τοῦ

222 3627 367 3680 Θεοῦ
401 3626 763 3681 καταστῶσιν.

306 3713 506 3788 ι’Δρον
529 3716 712 3788 κύκλῳ
738 3719 863 3782 τοὺς
891 3718 1201 3790 ὀφθαλμούς
1232 3735 1347 3784 σου,
1378 3720 1473 3773 καὶ
1504 3719 1582 3773 ῐδε
1610 3738 1807 3794 συνηγ-

231 3808 372 3879 μένα
398 3808 467 3861 τά
490 3808 653 3862 τέκνα
682 3825 795 3863 σου.
826 3828 846 3862 ι
883 3808 972 3863 Διὸ
999 3809 1199 3874 πάντες
1234 3811 1284 3862 οἱ
1312 3808 1371 3875 ἐξ
1401 3809 1570 3864 ἐθνῶν
1602 3814 1681 3876 είς
1711 3813 1806 3866 τὸν

226 3897 367 3952 Θεὸν
393 3898 483 3951 διά
524 3897 613 3951 τοῦ
644 3898 885 3970 Χριστοῦ
923 3896 1348 3965 πεπιστευκότες
1386 3901 1711 3971 ἐπαγγελίαν
1732 3906 1808 3956 εἰ-

1904 3264 2086 3332 ἱιιιρίίε
2119 3263 2475 3316 comminatus
2499 3259 2758 3316 Dominus
2789 3269 2891 3315 est.
2934 3259 3068 3315 Nam
3111 3262 3205 3331 qui
3250 3261 3477 3331 gloriam

1903 3354 2021 3424 eius
2051 3355 2216 3409 visuri
2246 3363 2393 3421 sunt,
2430 3355 2548 3408 luce
2571 3353 2804 3423 primum
2832 3361 2886 3408 et
2909 3361 3030 3407 ortu
3056 3352 3172 3421 ejus
3209 3368 3347 3423 Opus
3376 3353 3480 3407 ha-

1903 3448 2065 3515 bent,
2093 3455 2151 3501 ut
2198 3445 2253 3500 in
2286 3446 2375 3501 die
2423 3444 2618 3499 divinae
2661 3443 2819 3511 lucis,
2844 3444 3029 3517 gloria
3058 3446 3320 3515 unigeniti
3354 3444 3477 3502 Filii

1903 3540 1998 3596 Dei
2023 3538 2389 3610 speculatores
2418 3551 2539 3593 esse
2570 3535 2806 3593 valeant.

1976 3720 2140 3777 Vsus.
2172 3720 2227 3775 4.
2266 3737 2287 3772 ι
2335 3718 2485 3774 Leva
2518 3718 2569 3772 in
2607 3717 2840 3774 circuitu
2866 3718 3053 3772 oculos
3080 3727 3221 3781 tuos,
3255 3725 3310 3771 et
3357 3715 3481 3771 vide

1906 3824 2261 3885 congregatos
2298 3812 2439 3867 ﬁlios
2478 3820 2617 3866 tuos.
2657 3829 2677 3863 ι
2720 3808 3081 3877 Quamobrem
3117 3817 3383 3877 quotquot
3411 3823 3480 3864 ex

1906 3906 2154 3978 gentibus
2178 3904 2380 3961 Christi
2401 3918 2565 3975 opera
2592 3904 2646 3957 in
2674 3902 2841 3956 Deum
2862 3901 3227 3965 crediderunt,
3250 3902 3481 3969 promis.

228 3988 469 4058 λήφασιν
514 3989 886 4045 ἀναπαύεσθαι
919 3993 999 4054 εἰς
1036 3992 1267 4056 κόλπους
1311 3992 1559 4063 ’Δὸραάμ
1609 3995 1703 4047 καὶ
1737 3996 1802 4047 Ἰ-

1906 3998 2113 4052 sionem
2166 4010 2444 4066 accepere,
2483 3994 2626 4065 quod
2660 3994 2712 4049 in
2760 3995 2880 4053 sinu
2926 3993 3181 4060 Abrahze,
3214 3993 3381 4047 lsaaci
3424 4002 3481 4048 et

231 4077 379 4131 σαάκ
405 4079 501 4132 καὶ
536 4078 746 4145 Ἰακὼϐ,
780 4079 936 4133 τοῦτο
960 4080 1056 4135 τοῦ
1088 4081 1337 4153 Σωτῆρος
1369 4081 1535 4135 αὐτοῦ
1568 4081 1809 4147 διδάξαν-

229 4185 344 4232 τος.
374 4169 487 4222 Καὶ
506 4170 566 4222 ὲν
586 4169 791 4241 ἑτέροις
817 4169 874 4223 δὲ
904 4170 1142 4225 πλείοσιν
1168 4173 1201 4242 ή
1229 4170 1288 4237 ἐξ
1308 4170 1477 4225 ὲθνῶν
1515 4171 1808 4245 Ἐκκλησία

232 4258 481 4331 θυγάτηρ
528 4261 886 4332 ἀνηγόρευται
925 4261 1062 4316 Σιὼν
1107 4263 1200 4317 καὶ
1247 4263 1490 4335 θυγάτηρ
1532 4250 1809 4335 Ἰερουσα-

230 4349 365 4422 λήμ.
389 4352 627 4405 ιἭκασι
656 4351 855 4417 πάντες
875 4355 924 4406 οἱ
954 4354 1059 4407 υἱοί
1084 4371 1178 4408 σου
1211 4354 1501 4427 μακρόθεν,
1517 4355 1613 4409 καὶ
1629 4357 1684 4409 αί
1711 4354 1807 4408 θυ-

232 4441 466 4513 γατέρες
488 4458 581 4495 σου
609 4443 696 4495 ἐπ’
730 4442 895 4513 ὤμων
922 4443 1265 4515 ἀρθήσονται.
1294 4464 1312 4497 ι
1337 4440 1517 4516 Ἦμεν
1543 4447 1650 4517 γὰρ
1677 4448 1808 4519 πόρ-

1904 4087 2090 4144 Jacobi
2112 4089 2352 4157 requiem
2394 4086 2633 4143 habituri
2667 4086 2777 4142 sint
2806 4100 2822 4139 :
2848 4086 2901 4140 id
2922 4085 3042 4155 ipso
3065 4085 3356 4140 Servatore
3384 4083 3483 4139 do—

1907 4190 2082 4235 cente.
2111 4180 2245 4234 Aliis
2274 4180 2404 4234 item
2452 4179 2505 4234 in
2536 4178 2670 4234 locis
2711 4178 2954 4235 Ecclesia
2997 4193 3063 4233 ex
3096 4177 3343 4249 gentibus
3370 4176 3479 4231 ﬁlia

1909 4270 2039 4328 Sion
2067 4282 2122 4327 et
2152 4272 2258 4327 ﬁlia
2310 4270 2605 4328 Jerusalem
2654 4280 2896 4327 vocatur.
2931 4289 2951 4323 ι
2984 4270 3260 4326 Venerunt
3287 4283 3480 4324 omnes

1910 4364 2001 4418 lilii
2049 4365 2123 4419 tui
2160 4366 2226 4419 de
2264 4364 2458 4433 longe,
2497 4374 2552 4418 et
2591 4362 2713 4417 lilia:
2751 4375 2855 4417 tua:
2890 4362 3134 4417 humeris
3191 4360 3483 4431 gestaban-

1910 4463 2015 4510 tur.
2059 4474 2079 4507 ι
2120 4455 2346 4509 Eramus
2368 4456 2566 4526 quippe
2590 4453 2750 4525 longe
2782 4464 2837 4509 et
2863 4435 3049 4523 procul
3078 4452 3237 4521 positi
3271 4467 3300 4505 a
3323 4465 3481 4519 repu-

236 4534 316 4603 ρω
351 4548 457 4585 που
494 4533 586 4585 καὶ
631 4531 847 4606 μακρὰν
883 4534 983 4604 τῆς
1018 4534 1291 4600 πολιτείας
1334 4536 1427 4589 τοῦ
1470 4537 1685 4609 Ἰσραὴλ
1715 4539 1802 4592 καὶ

1915 4546 2051 4602 blica
2072 4547 2302 4611 lsraelis,
2339 4560 2405 4603 ac
2424 4546 2588 4614 iustis
2620 4545 2890 4611 extranei,
2918 4560 3070 4616 spem
3110 4544 3487 4615 promissionis

235 4623 376 4688 ξένοι
397 4622 506 4677 τῶν
535 4624 776 4691 δικαίων,
820 4629 920 4698 τῆς
961 4628 1291 4696 ἐπαγγελίας
1319 4627 1509 4682 ἐλπίδα
1555 4629 1629 4701 μὴ
1658 4629 1806 4701 ἔχον-

232 4731 349 4779 τες,
378 4716 476 4769 καὶ
506 4715 653 4769 ἀθεοι
678 4719 738 4769 ὲν
771 4716 848 4788 τῷ
874 4718 1083 4790 κόσμῳ.
1120 4719 1188 4772 Αἵ
1202 4736 1262 4772 τε
1290 4718 1402 4791 γάρ
1426 4719 1628 4777 ἁπαλαί
1652 4718 1807 4775 οὖσαι

234 4805 407 4877 ψυχαὶ
442 4807 537 4859 καὶ
578 4806 657 4860 ἔτι
686 4809 895 4880 νήπιαι,
931 4809 1008 4873 ὡς
1040 4809 1371 4882 ἀρτιγένητα
1411 4809 1606 4882 βρέφη,
1631 4811 1695 4865 τὸ
1720 4812 1809 4865 λα)⁴

237 4897 391 4965 γικὴν
412 4898 507 4952 καὶ
525 4897 706 4951 ἄδολον
727 4899 868 4968 γάλα
898 4899 1214 4954 ἐπιποθοῦσι
1232 4918 1245 4931 ο
1274 4900 1363 4954 διά
1382 4918 1443 4954 τε
1466 4901 1564 4972 τῆς
1593 4904 1650 4955 ἐν
1675 4902 1809 4975 Χρι-

242 4986 352 5057 στῷ
387 4988 798 5059 ἀναγεννήσεως
824 4989 1114 5060 γενόμεναι
1164 4990 1329 5044 τέκνα
1382 4989 1476 5044 τοῦ
1538 4990 1805 5063 Ἀϐραὰμ,

239 5077 704 5143 ὑποσαστάζονται
742 5081 826 5131 ἐπ’
858 5078 1044 5151 ὤμων,
1069 5081 1351 5151 αἰρόμεναι
1383 5083 1478 5135 καὶ
1515 5081 1811 5150 ὑποκουφι-

237 5171 464 5239 ζόμεναι
493 5170 599 5224 ὑπὸ
612 5162 719 5223 τῶν
750 5171 1226 5242 χειραγωγούντων
1248 5172 1415 5235 αύτάς
1448 5171 1809 5226 διδασκάλων·

235 5257 348 5327 οἶος
380 5258 450 5333 ῆν
480 5265 511 5316 6
538 5262 746 5327 Παῦλος
777 5263 949 5332 λέγων
971 5280 987 5295 ο
1025 5282 1044 5314 ι
1066 5263 1152 5327 Ὠς
1183 5263 1248 5317 ἂν
1286 5265 1484 5336 τροφὸς
1530 5264 1710 5337 θάλπῃ
1746 5265 1815 5319 τὰ

236 5354 446 5424 ἑαυτῆς
460 5354 648 5421 τέκνα,
665 5354 836 5418 οὕτως
852 5353 1183 5424 ίμειρόμενοι
1203 5356 1377 5425 ὑμῶν,
1401 5374 1419 5407 ι
1442 5356 1536 5409 καὶ
1552 5354 1621 5408 τά
1637 5354 1782 5426 ἑξῆς.

321 5464 339 5497 ι
365 5446 501 5499 Τότε
539 5445 667 5517 ὄψῃ,
700 5446 796 5499 καὶ
831 5446 1135 5520 φοϐηθήσῃ,
1165 5449 1260 5501 καὶ
1287 5450 1527 5522 ἐκστήσῃ
1565 5452 1631 5519 τῇ
1681 5466 1815 5520 καρ-

242 5536 354 5609 δίᾳ,
402 5538 483 5593 ὅτι
523 5537 816 5610 μεταϐαλεῖ
848 5540 927 5603 εἰς
981 5539 1042 5592 σὲ
1089 5539 1315 5605 πλοῦτος
1366 5541 1659 5613 θαλάσσης,
1721 5543 1816 5597 καὶ

328 5763 369 5796 ⁸⁸
391 5763 575 5823 Matth.
602 5777 754 5828 xstv,
791 5762 879 5817 35.
975 5763 1061 5817 "l
1101 5764 1291 5819 Thess.
1333 5780 1397 5829 ιι,
1426 5765 1483 5822 7.

648 5857 921 5916 Parnm.
971 5856 1089 5916 Gn.
1133 5857 1338 5917 XXIV

1912 4650 2016 4690 non
2062 4635 2345 4700 habentes,
2375 4646 2540 4706 atque
2585 4636 2736 4707 impii
2767 4637 2819 4691 in
2866 4637 3067 4692 mundo
3104 4634 3487 4689 versabamur.

1909 4725 2044 4780 Nam
2074 4733 2274 4780 teneras
2302 4736 2357 4781 et
2384 4727 2559 4780 adhuc
2593 4727 2831 4782 infantes
2851 4727 3066 4792 animae,
3092 4724 3247 4796 quasi
3272 4722 3491 4793 pueruli

1913 4816 2072 4871 modo
2098 4816 2286 4887 geniti,
2338 4817 2663 4872 rationabile
2691 4828 2745 4873 et
2779 4820 2897 4873 sine
2936 4820 3062 4873 dolo
3095 4818 3178 4872 lac
3222 4814 3489 4883 concupi—

1914 4913 2070 4956 scunt
2096 4919 2110 4955 :
2133 4916 2196 4957 ac
2209 4917 2305 4972 per
2319 4904 2776 4974 regenerationem
2796 4906 2849 4961 in
2873 4905 3111 4969 Christo,
3141 4905 3234 4961 lilii
3257 4903 3491 4960 Abrahae

1914 4992 2150 5059 eﬁectze,
2186 4995 2429 5051 humeris
2487 5006 2772 5065 gestantur
2808 5012 2838 5051 a
2880 4999 3153 5068 magistris
3198 4997 3344 5062 suis,
3388 4996 3491 5049 vim

1918 5086 2166 5151 ducibus,
2195 5086 2418 5142 sublatae
2445 5099 2607 5158 atque
2632 5097 2969 5157 sustentatas,
2988 5089 3165 5159 qualis
3192 5098 3312 5145 erat
3344 5085 3487 5140 Pau-

1920 5178 2022 5242 lus,
2049 5177 2138 5246 qui
2164 5178 2257 5241 ait,
2291 5195 2309 5229 ι
2334 5176 2609 5249 Tanquam
2643 5180 2688 5235 si
2722 5180 2904 5236 nutrix
2943 5180 3122 5235 foveat
3152 5178 3293 5235 ﬁlios
3324 5190 3484 5240 suos,

1922 5266 1997 5321 ita
2025 5266 2395 5323 desiderantes
2413 5270 2478 5337 ",
2510 5287 2529 5322 ι
2572 5279 2679 5325 etc.

1990 5448 2156 5507 Vens.
2186 5452 2239 5508 5.
2286 5471 2305 5504 ι
2347 5453 2499 5509 Tunc
2544 5454 2771 5519 videbis,
2816 5463 2871 5510 et
2923 5452 3162 5518 timebis,
3201 5460 3257 5506 et
3302 5450 3491 5505 obstu—

1921 5556 2111 5613 posces
2137 5544 2320 5613 corde,
2374 5547 2501 5617 quia
2530 5545 2928 5605 transferentur
2954 5547 3006 5603 in
3048 5555 3099 5601 te
3131 5544 3335 5601 divitiae
3370 5559 3493 5597 mae

3098 5867 3171 5926 ili
