4128 6294
119 400 215 456 8θὸ

1081 380 1573 445 (ΞΟΜΜΕΝΤΛΚΙΛ
1604 378 1668 434 ΙΝ
1710 375 1968 431 ISAIAM.
2008 403 2076 413 —-
2112 370 2261 426 CAP.
2302 368 2412 424 LX.

3248 357 3345 412 ιτη

120 518 197 577 είς
218 518 526 584 ἀπαντησιν
560 510 652 564 τοῦ
679 510 878 579 Κυρίου
915 509 994 570 εἰς
1033 508 1185 577 ἀέρα.
1233 506 1326 558 καὶ
1355 503 1524 565 οὕτως
1558 500 1689 554 πάν⁶
1716 551 1718 557 ,

1819 496 1934 548 nino
1960 494 2014 547 in
2033 506 2160 547 acra
2175 510 2188 545 :
2206 501 2259 545 et
2286 492 2365 544 sic
2389 499 2600 556 semper
2626 497 2749 539 cum
2771 480 2997 536 Domino
3014 476 3215 533 erimus
3231 476 3295 536 l’;
3326 494 3344 525 ι

122 622 241 659 τοτε
285 606 378 657 σὺν
408 604 602 674 Κυρίῳ
642 600 909 671 ἐσόμεθα’
930 619 949 652 ι
985 597 1343 665 συναφθέντες
1369 592 1567 665 δηλαδὴ
1592 592 1687 647 καὶ

130 696 621 765 συγκαταλεγέντες
656 691 731 761 τῷ
768 689 914 762 χορῷ
944 689 1053 741 τῶν
1081 689 1138 739 ἐν
1180 686 1257 756 τῷ
1292 683 1539 755 προτέρῳ
1576 680 1689 751 λαῷ

128 788 585 860 κατωρθωκότων.
632 783 720 836 Διὸ
745 782 953 836 ἀποθαυ
963 779 1218 852 μάξαντες
1244 777 1340 849 τὴν
1378 778 1457 839 εἰς
1485 773 1690 844 ἀνθρώ-

127 900 261 945 πους
293 880 544 951 χυθεῖσαν
585 877 676 930 τοῦ
716 874 950 945 Χριστοῦ
979 875 1134 944 χάριν
1167 872 1260 925 καί⁸
1289 868 1395 922 τῶν
1436 868 1495 932 ἐξ
1525 866 1692 919 ἐθνῶν

127 971 449 1042 σωζομένων
488 970 549 1022 τὸ
586 967 805 1036 πλῆθος,
862 966 961 1035 τήν
1004 981 1063 1016 τε
1109 965 1187 1025 εἰς
1222 960 1483 1031 οὐρανοὺς
1518 958 1694 1011 αὐτῶν

124 1062 447 1131 ἀνάπτησιν,
481 1058 578 1129 τὴν
608 1057 742 1128 μετὰ
769 1056 864 1125 τὴν
887 1054 1062 1119 ἔξοδον
1083 1051 1176 1105 τοῦ
1204 1049 1316 1119 βίου
1345 1050 1473 1118 φασί
1492 1066 1504 1077 ι
1541 1048 1694 1110 Τίνες

125 1151 263 1213 οῖδε;
319 1151 394 1211 ὡς
433 1148 648 1217 νεφέλαι
691 1146 971 1208 πέτανται,
1008 1143 1100 1195 καὶ
1140 1142 1215 1203 ὠς
1244 1139 1562 1211 περιστεραὶ
1602 1138 1696 1189 σὺν

126 1244 366 1303 νεοσσοῖς
397 1241 480 1291 ἐπ’
515 1240 633 1309 ἐμέ.
658 1257 677 1290 ι

201 1351 221 1384 ι
245 1334 377 1401 Ἑμέ
394 1333 447 1384 αί
461 1332 610 1399 νῆσοι
625 1328 938 1398 ὑπέμειναν,
955 1326 1047 1379 καί
1070 1323 1224 1376 πλοῖα
1240 1320 1470 1392 Θαρσεῖς
1488 1321 1542 1371 ἐν
1560 1316 1698 1387 πρώ-

128 1439 260 1485 τοις,
282 1422 508 1488 ἀγαγεῖν
525 1419 593 1471 τὰ
613 1417 775 1470 τέκνα
802 1434 895 1468 σου
924 1412 1213 1485 μακρόθεν,
1242 1409 1441 1463 καὶτὸν
1463 1408 1700 1479 ἄργυρον

130 1512 328 1563 καὶτὸν
347 1510 541 1580 χρυσὸν
565 1506 741 1561 αὐτῶν
763 1507 875 1575 μετ’
898 1504 1095 1566 αὐτῶν,
1119 1500 1213 1555 καί
1231 1501 1316 1553 διὰ
1338 1500 1399 1551 τὸ
1422 1500 1588 1567 ὄνομα
1600 1499 1701 1550 Κυ-

134 1598 248 1669 ρίου
272 1598 333 1651 τὸ
364 1599 536 1665 ἅγιον,
558 1597 649 1649 καὶ
674 1597 761 1649 διὰ
776 1596 837 1648 τὸ
866 1595 954 1647 τὸν
970 1595 1121 1661 ἅγιον
1140 1591 1234 1645 τοῦ
1263 1589 1473 1661 Ἰσραὴλ
1496 1587 1701 1654 ἔνδοξον

131 1687 289 1743 εἶναι.
318 1708 335 1739 ι
370 1689 480 1750 Τάς
509 1687 798 1758 ἐκκλησίας
819 1686 875 1740 δὲ
903 1687 1095 1753 νήσους
1128 1684 1220 1735 καὶ
1248 1682 1334 1735 διά
1364 1681 1470 1733 τῶν
1497 1678 1700 1748 ἔμπρο-

134 1781 258 1835 σθεν
278 1783 309 1833 ό
330 1780 484 1848 λόγος
521 1780 759 1851 ᾐνίττετο
783 1778 1079 1848 σημαίνων.
1112 1776 1261 1829 Ἐπεὶ
1282 1774 1459 1825 τοίνυν
1484 1772 1581 1833 τὰς
1604 1772 1702 1822 ἐπ-

1788 583 2024 653 adiuncti
2068 582 2275 637 scilicet
2323 592 2378 635 et
2425 574 2761 632 annumerati
2807 572 2974 627 choro
3013 582 3223 629 eorum,
3257 568 3350 634 qui

1788 676 1841 729 in
1884 674 2062 743 prisco
2092 672 2181 726 illo
2219 670 2413 741 populo
2448 670 2614 739 probe
2642 680 2701 721 se
2733 670 3041 735 gesserunt.
3063 659 3351 725 Quocirca,

1790 762 2011 817 eﬂ'usam
2048 760 2248 815 Christi
2309 761 2361 813 in
2420 760 2663 814 homines
2718 755 2946 825 gratiam
2999 752 3353 814 admirantes,

1791 868 2000 908 necnon
2044 852 2304 921 gentium,
2336 866 2457 919 qua:
2487 848 2711 904 salutem
2744 846 3013 907 obtinent,
3048 842 3357 898 multitudi-

1792 959 1938 1008 nem,
1972 957 2265 1011 eorumque
2316 951 2436 1010 post
2470 951 2697 996 mortem
2752 938 2819 993 ad
2868 936 3063 992 cmlum
3092 934 3355 1003 volatum,

1796 1034 1999 1093 dicunt.
2028 1050 2047 1083 ι
2074 1032 2302 1097 Quinam
2332 1033 2382 1084 hi
2413 1031 2579 1085 sunt?
2619 1040 2677 1083 ut
2699 1028 2868 1083 nubes
2891 1025 3096 1093 volant,
3121 1035 3177 1081 et
3217 1026 3357 1081 sicut

1796 1125 2055 1181 columba
2086 1138 2208 1179 cum
2233 1124 2392 1193 pullis
2414 1138 2573 1193 super
2606 1137 2708 1178 me.
2736 1139 2757 1174 ι

1866 1303 2031 1377 Vens.
2078 1302 2130 1357 9.
2179 1320 2197 1352 ι
2248 1300 2329 1356 Me
2387 1300 2572 1355 insulae
2632 1309 3037 1369 exspectarunt,
3097 1308 3152 1355 et
3197 1315 3361 1355 naves

1800 1393 2023 1449 Tharsis
2052 1394 2105 1447 in
2136 1393 2421 1462 primis,ut
2452 1391 2721 1445 adducant
2758 1391 2895 1445 ﬁlios
2936 1400 3054 1445 tuos
3081 1390 3148 1445 de
3180 1389 3363 1460 longe,

1801 1496 1855 1541 et
1877 1497 2155 1555 argentum
2189 1495 2243 1539 et
2282 1499 2469 1539 aurum
2501 1498 2685 1538 eorum
2716 1498 2837 1537 cum
2878 1483 2981 1547 eis,
3015 1490 3231 1551 prapter
3271 1497 3364 1538 no-

1802 1593 1921 1633 tnen
1950 1576 2159 1631 Domini
2190 1586 2454 1642 sanctum,
2485 1586 2540 1629 et
2568 1585 2625 1628 ut
2654 1584 2875 1628 sanctus
2906 1572 3069 1627 Israel
3101 1573 3365 1642 gloriosus

1803 1670 1892 1723 sit.
1937 1687 1955 1720 ι
2000 1668 2268 1722 Ecclesias
2296 1680 2423 1722 vero
2476 1666 2528 1718 in
2581 1664 3008 1733 pracedentibus
3041 1679 3134 1731 per
3163 1663 3365 1716 insulas

1806 1756 2113 1810 adumbrari
2144 1756 2499 1824 signiﬁcabat.
2540 1756 2673 1822 Quia
2704 1756 2869 1823 igitur
2902 1756 3162 1825 promissa
3194 1762 3366 1822 patri-

131 1845 473 1943 ηγγελμένας
683 1872 806 1933 τοὺς
837 1845 1081 1939 *πατέρας
1121 1864 1446 1933 ἐπαγγελίας
1489 1863 1545 1913 αἱ
1604 1862 1691 1912 ἐκ-

1819 1864 1890 1901 ιυε
1922 1847 2058 1901 facta
2104 1847 2353 1901 Ecclesiae
2393 1848 2507 1910 Dei,
2562 1847 2870 1915 propltetias
2906 1845 3236 1909 evolventes,
3268 1860 3367 1897 ex-

134 1962 354 2032 κλησίαι
382 1960 476 2013 τοῦ
503 1958 635 2013 Θεοῦ
672 1958 771 2020 τάς
801 1958 1131 2029 προφητείας
1169 1954 1507 2025 διερχόμεναι
1537 1968 1701 2022 προσ-

134 2052 355 2113 εδόκων,
380 2050 600 2113 εἰκότως
620 2049 841 2119 φησίνσῖι
866 2049 992 2117 Ἐμὲ
1017 2048 1165 2117 νῆσοι
1195 2046 1509 2115 ὑπέμειναν.
1538 2044 1702 2096 Ηλοῖα

136 2140 393 2209 Θαρσεῖς·
422 2158 440 2190 ι
468 2138 759 2191 αἰνίττεται
788 2136 858 2189 τά
889 2136 1114 2206 σώματα
1134 2130 1213 2197 οἷς
1241 2133 1567 2203 ἐπενήξαντο
1607 2149 1703 2184 κα-

136 2231 204 2284 τά
234 2232 326 2284 τὸν
360 2231 549 2301 θνητὸν
582 2230 695 2299 βίον
736 2231 791 2281 αἰ
814 2229 998 2299 ψυχαί.
1043 2228 1274 2297 Θαρσεῖς
1316 2226 1371 2279 δὲ
1396 2224 1704 2292 ἀλλοφύλων

140 2322 301 2375 πάλιν
331 2322 589 2391 ἐτύγχανε
626 2320 808 2391 χώρα·
844 2321 923 2373 διὸ
963 2318 1091 2389 περί
1126 2318 1431 2387 ἀλλοφύλων
1466 2317 1705 2369 ἀπίστων

140 2414 353 2483 εἴρηταί
380 2430 481 2465 που
502 2430 513 2441 ·
554 2431 573 2464 ι
599 2413 684 2465 Ἐν
714 2412 978 2481 πνεύματι
1028 2411 1183 2481 βιαίῳ
1219 2410 1525 2481 συντρίψεις
1552 2408 1706 2461 πλοῖα

140 2506 391 2575 Θαρσεῖς.
420 2523 439 2555 ι
486 2503 621 2555 Ἀλλ’
644 2505 818 2555 ἐκεῖνο
856 2503 953 2573 μὲν
985 2501 1322 2572 συνετρίϐετο
1344 2518 1357 2531 ·
1390 2498 1621 2552 ἐνταῦθα
1651 2500 1708 2551 δὲ

138 2590 211 2647 τά
240 2594 405 2646 τέκνα
435 2593 535 2662 τῆς
572 2592 805 2656 παλαιᾶς
849 2592 1197 2663 Ἰερουσαλὴμ
1221 2592 1288 2643 τά
1324 2590 1381 2655 ἐξ
1416 2590 1582 2643 ἐθνῶν
1614 2592 1708 2642 αύ-

139 2687 208 2755 τῇ
244 2684 651 2753 προσγενόμενα
678 2684 860 2746 αὐτοῖς
902 2682 1103 2744 πλοίοις
1142 2682 1410 2752 μακρόθεν
1449 2681 1583 2750 πρὸς
1624 2682 1711 2734 αύ-

140 2774 240 2843 τὴν
269 2773 389 2843 ἥξει
410 2790 421 2802 ·
454 2774 750 2837 τουτέστιν,
774 2775 954 2835 αὐτοῖς
983 2772 1227 2843 σώμασιν
1255 2774 1346 2825 ἐπὶ
1374 2774 1434 2835 τὸ
1467 2775 1711 2842 κρεῖττον

147 2864 548 2935 μεταϐληθεῖσι.
577 2863 799 2929 Ἦξουσι
842 2865 1019 2917 τοίνυν
1058 2866 1236 2927 αὐτοῖς
1264 2867 1373 2927 τοῖς
1398 2864 1638 2933 σώμασιν
1664 2865 1711 2914 οἱ

144 2956 531 3025 προλεχθέντες
567 2956 665 3019 τὰς
703 2959 823 3011 κατ’
856 2957 1054 3028 ἀρετὴν
1098 2955 1322 3028 πράξεις
1350 2958 1585 3027 ἄργυρον
1624 2959 1715 3008 καὶ⁸

146 3045 343 3113 χρυσὸν
370 3044 769 3117 ὀνομαζομένας
793 3049 1137 3118 ἐπαγόμενοι.
1173 3046 1403 3119 Πράξεις
1422 3047 1476 3098 δὲ
1499 3041 1603 3098 οἶδε
1626 3044 1715 3097 τὸν

148 3134 343 3206 χρυσὸν
368 3138 463 3190 καὶ
494 3136 583 3188 τὸν
610 3136 846 3207 ἄργυρον
873 3138 902 3188 ό
940 3137 1274 3201 Ἀπόστολος.

1806 1938 2156 2005 spectabant,
2202 1936 2325 2006 jure
2377 1936 2473 2000 ait,
2524 1954 2542 1985 ι
2583 1936 2665 1990 Me
2718 1936 2906 1989 insulze
2961 1946 3368 2002 exspectarunt.

1807 2026 1978 2081 Naves
1998 2025 2263 2090 Tharsis;
2300 2045 2318 2077 ι
2352 2026 2437 2080 his
2468 2026 2773 2080 snbindicat
2818 2040 3066 2093 corpora,
3090 2023 3143 2078 in
3175 2024 3370 2092 quibus

1807 2120 2100 2173 enatabant
2156 2120 2349 2172 animae
2400 2119 2453 2172 in
2504 2119 2604 2173 hac
2640 2116 2850 2172 mortali
2898 2118 3007 2170 vita
3043 2117 3371 2171 constitutae.

1810 2208 2030 2263 Tharsis
2070 2210 2197 2263 item
2258 2209 2678 2279 alienigenarum
2726 2210 2968 2278 gentium
3015 2208 3161 2276 regio
3210 2216 3371 2262 erat:

1814 2313 1983 2366 quare
2010 2301 2075 2351 de
2110 2296 2400 2351 incredulis
2431 2297 2745 2367 alienigenis
2778 2296 2971 2351 alicubi
3006 2297 3221 2358 dicitur,
3268 2313 3286 2345 ι
3316 2294 3371 2348 lit

1812 2391 1999 2459 spiritu
2034 2390 2335 2443 vehementi
2368 2401 2615 2443 conteres
2644 2402 2808 2443 naves
2845 2386 3067 2441 Tharsis
3092 2388 3159 2439 ".
3204 2403 3223 2435 ι
3265 2383 3373 2439 Sed

1815 2480 1942 2535 illud
1984 2480 2199 2549 quidem
2248 2480 2668 2533 conterebatur:
2702 2478 2790 2533 hic
2837 2494 2965 2533 vero
3011 2478 3105 2533 ﬁlii
3144 2480 3376 2549 antiqua:

1816 2571 1958 2625 illius
1987 2570 2304 2635 Jerusalem,
2336 2570 2428 2640 qui
2463 2587 2529 2623 ex
2578 2570 2828 2638 gentibus
2857 2572 2922 2622 ad
2952 2584 3073 2623 eam
3118 2572 3377 2624 accedent

1815 2662 1999 2731 procul
2041 2672 2090 2715 et
2122 2662 2186 2715 ad
2218 2662 2389 2729 ipsam
2422 2660 2690 2729 appellent
2712 2662 2849 2715 vecti
2887 2660 3135 2726 navibus,
3184 2661 3236 2714 id
3272 2673 3377 2729 est,

1816 2755 2134 2823 corporibus
2182 2756 2234 2808 in
2268 2755 2459 2808 melius
2493 2754 2855 2809 commutatis.
2918 2754 3051 2809 Cum
3088 2754 3217 2822 ipsis
3248 2768 3380 2825 ergo

1818 2846 2132 2914 corporibus
2159 2846 2394 2911 praedicti
2428 2846 2663 2910 venient,
2706 2860 2867 2913 opera
2896 2860 3016 2898 cum
3040 2846 3239 2899 virtute
3266 2847 3382 2899 edi-

1819 2948 1893 3002 ta,
1925 2951 2115 2990 aurum
2153 2944 2208 2989 et
2259 2946 2542 3004 argentum
2596 2937 2755 2999 dicta,
2809 2937 3153 2991 advehentes.
3204 2938 3381 3007 Opera

1822 3043 1947 3082 vero
1973 3042 2069 3098 pro
2094 3041 2227 3081 auro
2250 3035 2305 3081 et
2334 3035 2555 3095 argento
2578 3026 2775 3095 accipit
2798 3026 3102 3095 Apostolus.

222 3249 242 3280 ι
261 3230 373 3283 Καὶ
411 3201 846 3300 οίκοδομησουσιν
870 3228 1172 3297 ἀλλογενεῖς
1198 3229 1267 3283 τά
1306 3230 1456 3300 τείχη
1484 3246 1597 3290 σου,
1628 3228 1718 3280 καὶ

1893 3230 2055 3285 Vens.
2091 3230 2175 3293 ιο,
2209 3230 2293 3283 il.
2333 3247 2351 3280 ‹
2387 3227 2454 3282 Ει
2478 3227 2821 3283 indicabunt
2856 3227 3169 3297 alienigena:
3201 3242 3385 3300 muros

149 3321 199 3373 οἰ
229 3320 471 3390 βασιλεῖς
501 3319 679 3373 αύτῶν
699 3321 1137 3390 παραστήσονταί
1176 3338 1275 3373 σοι.
1306 3321 1402 3372 Διά
1428 3320 1533 3390 γάρ
1553 3322 1720 3389 ὀργήν

155 3429 253 3482 μου
292 3409 541 3475 ἐπάταξά
563 3428 643 3473 σε,
688 3412 783 3464 καὶ
810 3412 895 3465 διὰ
916 3412 1060 3464 ἔλεον
1087 3412 1351 3482 ἠγάπησά
1382 3428 1458 3463 σε.
1493 3412 1599 3462 Καὶ
1628 3412 1722 3462 ἀν-

149 3503 493 3574 οιχθήσονται
519 3504 574 3553 αἰ
597 3501 760 3555 πύλαι
785 3518 876 3554 σου
902 3501 989 3555 διὰ
1016 3501 1232 3563 παντὸς,
1259 3500 1467 3571 ἡμέρας
1508 3500 1599 3553 καὶ
1641 3518 1725 3551 νυ-

151 3595 276 3657 κτὸς
308 3594 371 3646 ού
408 3593 833 3664 κλεισθήσονται,
873 3596 1186 3661 εἰσαγαγεῖν
1236 3593 1371 3664 πρὸς
1403 3592 1463 3643 σὲ
1500 3590 1725 3661 δύναμιν

150 3684 341 3746 ἐθνῶν.
371 3685 465 3737 καὶ
505 3683 743 3753 βασιλεῖς
768 3684 944 3737 αύτῶν
970 3685 1285 3752 ἀγομένους.
1320 3702 1337 3734 ι
1372 3682 1481 3736 Καὶ
1508 3682 1637 3735 αὐτὸ
1662 3682 1726 3734 δι’

152 3776 329 3847 ἔργων
367 3776 784 3845 ὲπιτελούμενον
811 3776 930 3846 ὄψει
959 3777 1257 3846 ἐπιστήσας
1282 3775 1370 3829 τὸν
1400 3775 1545 3839 νοῦν,
1570 3776 1643 3838 ὼς
1671 3775 1730 3839 ἐξ

154 3866 459 3935 ἀλλογενῶν
491 3868 583 3920 καὶ
612 3866 920 3935 ἀλλοφύλων
948 3852 1125 3919 ἐθνῶν
1154 3866 1253 3935 τῆς
1288 3866 1609 3936 Ἐκκλησίας
1633 3865 1727 3918 τοῦ

152 3956 291 4010 Θεοῦ
338 3956 682 4025 προεστῶτες
715 3957 905 4026 ἄνδρες
942 3956 1309 4020 διδασκαλίαις
1336 3958 1731 4027 περιφράττου-

156 4063 261 4109 σιν,
291 4045 483 4115 ῶσπερ
513 4045 620 4098 τισὶ
647 4046 951 4117 περιϐόλοις
978 4047 1072 4099 καὶ
1096 4046 1332 4114 τείχεσιν
1370 4044 1729 4115 ἀσφαλιζόμε-

156 4154 238 4193 vat
272 4136 366 4188 τὸν
394 4136 494 4205 τῆς
535 4136 841 4199 θεοσεϐείας
874 4136 1052 4204 λόγον,
1089 4138 1168 4199 εἰς
1201 4137 1260 4189 τὸ
1305 4136 1377 4207 μὴ
1416 4136 1734 4207 παρεισδύε-

158 4228 282 4282 σθαι
315 4229 447 4289 τοὺς
476 4226 784 4297 ἀλλοτρίους
814 4228 912 4298 τῆς
940 4227 1194 4290 πίστεως,
1227 4228 1359 4297 μηδὲ
1388 4226 1571 4297 χώραν
1592 4227 1733 4297 ἔχειν

157 4318 455 4387 ἐπιϐουλῆς
482 4319 620 4371 κατά
641 4318 747 4370 τῶν
779 4319 877 4388 τῆς
902 4318 1156 4387 ἀληθείας
1177 4318 1481 4388 δογμάτων.
1516 4320 1578 4371 Ol
1603 4318 1734 4385 γοῦν

158 4412 267 4464 τῶν
306 4410 631 4480 Ῥωμαϊκῶν
670 4411 964 4480 ταγμάτων
996 4410 1274 4479 ἄρχοντες,
1316 4410 1407 4461 καὶ
1456 4410 1561 4461 τῶν
1609 4426 1737 4479 κρα-

157 4503 403 4557 τούντων
439 4502 697 4571 βασιλέων
743 4504 771 4554 ό
799 4500 960 4569 φόϐος
1003 4501 1070 4553 τά
1110 4501 1318 4572 μεγάλα
1371 4501 1731 4571 συμϐάλλεται

160 4595 304 4664 πρὸς
345 4593 653 4663 ἀνατροπὴν
680 4592 786 4646 τῶν
822 4592 1189 4645 ἐπιϐουλεύειν
1214 4595 1279 4662 τῇ
1319 4592 1610 4662 Ἐκκλησία
1642 4592 1733 4643 τοῦ

162 4684 302 4738 Θεοῦ
333 4685 705 4753 πειρωμένων.
732 4684 901 4737 Πύλαι
932 4682 989 4736 δὲ
1016 4682 1115 4752 τῆς
1148 4684 1239 4737 τοῦ
1263 4683 1396 4737 Θεοῦ
1429 4683 1633 4745 πόλεως
1659 4682 1740 4735 τί-

163 4793 251 4838 νες
289 4774 355 4826 ἂν
381 4768 489 4824 εἷεν
514 4774 547 4843 ἢ
580 4778 631 4826 αἱ
667 4775 1018 4846 στοιχειώδεις
1043 4777 1135 4829 καί
1167 4776 1470 4828 εἰσακτικαὶ
1496 4774 1741 4828 διδασκα-

165 4866 313 4927 λίαις
342 4863 441 4916 Διὰ
466 4864 657 4929 νυκτὸς
686 4868 777 4919 καὶ
802 4869 1035 4939 ἡμέρας,
1067 4868 1252 4940 φησὶν,
1285 4866 1551 4937 ὴνεῷχθαι
1576 4869 1741 4920 πᾶσιν

166 4954 483 5027 ἀνθρώποις
506 4956 639 5025 πρὸς
663 4957 723 5009 τὸ
750 4960 955 5022 πάντας
986 4958 1317 5029 εἰσδέχεσθαι
1342 4960 1465 5021 τοὺς
1494 4956 1553 5023 ἐξ
1580 4960 1741 5012 ἁπάνο

164 5064 275 5100 των
324 5044 435 5097 τῶν
477 5044 644 5099 ἐθνῶν
690 5046 957 5100 θεοσεϐεῖν
1004 5048 1433 5119 προῃρημένους.
1478 5049 1741 5117 Δυνάμεις

169 5138 267 5206 μὲν
306 5131 400 5189 οὖν
427 5135 533 5189 τῶν
557 5137 722 5193 ἐθνῶν
748 5139 883 5190 εἰσιν
920 5139 968 5191 οἰ
1005 5139 1289 5209 δυνάμενοι
1319 5141 1527 5207 λέγειν·
1564 5157 1581 5188 ι
1603 5140 1742 5193 Πάν-

166 5246 230 5280 τα
266 5227 447 5296 ἰσχύω
479 5230 535 5280 ἐν
567 5227 644 5298 τῷ
677 5227 1055 5300 ἐνδυναμοῦντί
1093 5247 1159 5300 με
1181 5247 1194 5259 ·
1228 5249 1245 5281 ι
1295 5229 1530 5299 βασιλεῖς
1559 5229 1614 5280 δὲ
1647 5229 1741 5281 αύ-

167 5321 280 5372 τῶν
319 5320 367 5371 οἱ
396 5316 660 5389 ἐξαίρετοι
694 5320 789 5373 καὶ
814 5321 911 5391 τῆς
936 5320 1255 5392 ἐπουρανίου
1283 5321 1555 5391 βασιλείας
1580 5319 1736 5383 ἄξιοι.

174 5411 324 5479 Ἤδη
349 5409 406 5462 δὲ
434 5410 524 5462 καὶ
545 5414 885 5479 σωματικοὺς
920 5412 1200 5483 Ῥωμαίων
1228 5414 1626 5483 αὐτοκράτορας
1649 5412 1743 5464 καὶ

178 5498 425 5567 βασιλεῖς
450 5498 590 5569 ὁρῶν
618 5516 701 5561 τις
745 5499 1135 5572 ὑποτρέχοντας
1165 5502 1262 5571 τῆς
1300 5500 1618 5570 Ἐκκλησίας
1650 5496 1743 5551 τοῦ

177 5590 318 5645 Θεοῦ
344 5590 446 5652 τάς
459 5589 653 5654 πύλας,
678 5591 771 5644 καὶ
793 5590 899 5643 τῶν
915 5592 1044 5644 εῖσω
1068 5592 1249 5645 πυλῶν
1281 5592 1589 5663 μυστηρίων
1616 5608 1746 5643 κατ-

1822 3335 1963 3388 tuos,
1998 3333 2052 3379 et
2089 3338 2242 3393 reges
2270 3337 2455 3377 eorum
2502 3321 2755 3376 astabunt
2810 3321 2927 3376 tibi.
2990 3320 3215 3389 Propter
3250 3320 3386 3373 iram

1823 3418 1965 3469 enim
2010 3429 2183 3469 meam
2229 3413 2465 3482 percussi
2502 3422 2576 3477 te,
2614 3422 2668 3466 et
2714 3422 2934 3481 propter
2962 3411 3387 3465 misericordiam

1824 3507 1983 3561 dilexi
2025 3515 2095 3560 te.
2132 3506 2198 3559 Et
2225 3506 2537 3574 aperientur
2586 3513 2752 3573 portae
2786 3515 2890 3557 tua:
2933 3519 3164 3572 semper,
3192 3504 3279 3557 die
3326 3517 3393 3557 ac

1827 3608 1982 3651 nocte
2010 3612 2113 3651 non
2141 3596 2482 3658 claudentur,
2518 3606 2579 3649 ut
2609 3596 2868 3649 inducant
2910 3595 2975 3647 ad
3016 3604 3066 3647 te
3096 3596 3389 3663 potentiam

1827 3690 2087 3759 gentium,
2122 3696 2176 3741 et
2215 3701 2367 3755 reges
2405 3701 2590 3757 earum
2632 3686 2819 3740 duces.
2857 3703 2876 3736 ι
2938 3685 3001 3737 Et
3033 3685 3137 3739 hoc
3176 3700 3234 3739 re
3268 3700 3393 3754 per-

1830 3788 2007 3832 actum
2049 3778 2250 3843 videas,
2280 3778 2325 3831 si
2351 3778 2533 3831 animo
2566 3777 2838 3839 attendas,
2883 3791 2945 3829 ex
2990 3776 3308 3845 alienigenis
3338 3788 3395 3830 et

1830 3869 2097 3923 extraneis
2145 3869 2394 3937 gentibus
2440 3873 2588 3921 viros
2654 3864 2910 3922 Ecclesia:
2964 3867 3053 3920 Dei
3114 3866 3396 3935 praefectos

1830 3962 2000 4029 ipsam
2016 3960 2255 4013 doctrina
2288 3958 2733 4021 circummunire,
2753 3960 2852 4028 piae
2873 3957 3144 4026 religionis
3170 3960 3395 4011 verbum

1832 4052 1984 4121 quasi
2008 4062 2159 4121 septo
2197 4061 2251 4105 et
2284 4066 2441 4105 muro
2474 4060 2732 4114 tutantes,
2770 4065 2835 4104 ne
2882 4044 3044 4103 alieni
3082 4064 3108 4101 a
3142 4050 3245 4103 ﬁde
3278 4050 3398 4103 sub-

1834 4150 2043 4209 repant,
2062 4154 2196 4193 neve
2218 4139 2393 4192 locum
2420 4139 2652 4193 habeant
2688 4138 2911 4193 insidias
2937 4146 3124 4191 contra
3152 4136 3400 4190 veritatis

1834 4235 2083 4300 dogmata
2119 4230 2362 4299 parandi.
2428 4229 2791 4283 Romanorum
2831 4232 3030 4297 quippe
3062 4228 3397 4281 exercituum

1835 4323 2124 4392 principes,
2175 4336 2238 4375 ac
2282 4320 2661 4390 imperantium
2715 4334 2900 4388 regum
2947 4329 3122 4373 metus
3168 4319 3403 4371 maxime

1836 4416 2120 4470 conferunt
2171 4413 2235 4465 ad
2269 4411 2640 4481 depellendum
2683 4423 2798 4471 eos,
2858 4409 2949 4476 qui
3006 4408 3259 4463 Ecclesia:
3312 4410 3405 4465 Dei

1768 4536 1809 4590 υ
1842 4506 2065 4559 insidias
2094 4512 2326 4557 struunt.
2374 4502 2548 4557 Ρυτιιε
2606 4509 2786 4554 autem
2824 4501 3059 4555 civitatis
3108 4501 3221 4564 Dei,
3255 4516 3407 4569 quas-

1840 4611 1962 4650 nam
1994 4594 2214 4657 fuerint,
2234 4594 2333 4646 nisi
2360 4593 2713 4647 elementares
2737 4592 2839 4645 illa:
2858 4601 2911 4646 et
2942 4591 3177 4646 initiales
3202 4593 3374 4645 doctri

1839 4686 1953 4741 nae?
1983 4685 2147 4740 Nocte
2166 4693 2218 4738 et
2243 4684 2350 4746 die,
2375 4686 2570 4753 inquit,
2600 4684 2849 4739 omnibus
2880 4684 3188 4738 hominibus
3208 4694 3408 4751 apertae

1840 4785 1987 4841 sunt,
2018 4786 2077 4830 ut
2129 4776 2399 4843 excipiant
2430 4790 2524 4829 eos
2578 4791 2644 4829 ex
2684 4776 2936 4829 omnibus
2986 4774 3256 4845 gentibus,
3316 4775 3407 4843 qui

1843 4869 2009 4923 Deum
2044 4868 2222 4923 colere
2253 4868 2304 4921 in
2342 4870 2613 4937 proposito
2642 4867 2863 4922 habent.
2891 4866 3135 4922 Potentia
3170 4866 3409 4936 gentium

1844 4967 1971 5011 sunt
2005 4958 2039 5011 ii
2067 4958 2155 5024 qui
2186 4958 2364 5011 dicere
2393 4959 2596 5018 valent,
2625 4976 2643 5009 ι
2666 4957 2854 5013 Omnia
2886 4972 3101 5025 possum
3134 4957 3186 5009 in
3216 4970 3281 5010 eo
3318 4956 3410 5023 qui

1849 5063 1934 5101 me
1989 5048 2257 5101 confortat
2286 5046 2369 5099 ":
2408 5065 2425 5096 ι
2471 5060 2623 5115 reges
2666 5061 2851 5100 earum
2889 5047 2924 5099 ii
2978 5057 3103 5100 sunt
3143 5047 3232 5115 qui
3282 5060 3411 5113 prte-

1846 5137 2133 5191 stantiores
2186 5146 2241 5190 et
2282 5136 2488 5191 caelesti
2538 5150 2703 5207 regno
2756 5136 2901 5205 digni
2954 5138 3240 5190 habentur.
3292 5135 3410 5187 iam

1847 5245 2007 5297 vero,
2064 5245 2187 5285 cum
2250 5245 2507 5300 corporeo
2551 5244 2702 5284 more
2750 5237 3001 5297 acceptos
3047 5227 3411 5282 Romanorum

1846 5319 2196 5389 imperatores
2226 5321 2456 5374 vidimus
2484 5322 2549 5373 ad
2586 5319 2842 5374 ecclesias
2880 5318 2972 5372 Dei
3006 5324 3412 5376 concurrentes,

1848 5418 1902 5462 et
1938 5411 2313 5479 mysteriorum
2343 5425 2464 5479 quae
2502 5409 2642 5463 intra
2664 5407 2858 5476 jannas
2885 5415 3215 5476 peraguntur
3244 5404 3414 5471 parti-

1851 5499 2015 5565 cipes,
2054 5502 2321 5569 quomodo
2378 5498 2617 5554 vaticinii
2657 5498 2940 5553 veritatem
2995 5511 3101 5550 non
3154 5492 3414 5550 conﬁtea—

1854 5590 2009 5643 mur?

181 5681 553 5755 αξιουμένους,
590 5678 709 5743 πῶς
744 5680 845 5731 ούκ
872 5679 1123 5750 ἀλήθειαν
1163 5683 1497 5752 μαρτυρήσει
1534 5681 1609 5751 τῷ
1639 5680 2002 5751 θεσπίσματι;

257 5777 335 5831 ’Ἰ
386 5774 573 5833 Thess.
602 5790 673 5840 tv,
710 5772 795 5826 l6.
838 5774 913 5871 l"
935 5773 1244 5835 Psal.xu'tt.
1274 5776 1327 5831 8.

1419 5778 1459 5809 ²¹
1493 5776 1719 5845 Philipp.
1754 5791 1823 5841 tv,
1856 5776 1935 5830 l5.
