4128 6294
721 400 838 460 4θῖ

1400 377 1665 438 EUSEBII
1698 367 2172 432 (LESARIENSIS
2207 362 2356 422 OPP.
2397 357 2581 414 PARS
2612 354 2701 409 Ill.
2739 381 2810 393 -—
2845 345 3252 405 EXEGETICA.

3818 340 3938 397 696

721 493 726 504 ι
801 515 963 571 Vm.
1011 507 1216 574 13,13.
1252 503 1494 558 «Gentes
1541 498 1686 554 enim
1737 504 1795 550 et
1845 507 2018 562 reges,
2049 489 2142 560 qui
2171 484 2268 542 tibi

2440 499 2461 532 ι
2483 478 2565 532 Τά
2577 476 2687 548 γάρ
2706 474 2834 544 tam
2847 471 2940 527 καὶ
2957 467 3278 540 οίβαστλεῖς,
3293 465 3482 526 οιτινες
3501 460 3564 514 οὗ
3587 456 3934 514 δουλεύσουσι

729 623 842 664 ποι
876 603 1136 663 servient,
1173 595 1442 668 peribunt,
1497 600 1553 643 et
1588 597 1774 659 gentes
1809 582 2058 637 vastitate
2094 586 2270 632 vasta-

728 701 953 753 bantur.
977 691 1042 748 Et
1067 675 1234 759 gloria
1273 682 1464 738 Libani
1510 681 1577 734 ad
1615 689 1671 734 te
1698 675 1896 739 veniet,
1923 673 1976 726 in
2000 669 2272 740 cyparisso

722 786 936 856 etpinu
961 792 1018 840 et
1038 779 1198 835 cedro
1219 767 1398 836 simul,
1425 773 1491 826 ad
1522 765 1921 841 gloriﬁcandum
1947 761 2122 818 locum
2147 773 2272 814 san-

731 849 878 933 ctum
901 887 1096 931 meum.
1136 887 1156 921 ι
1190 867 1323 922 Nam
1375 861 1597 919 salutari
1627 867 1683 914 et
1714 852 2070 926 pulcherrima
2098 849 2272 904 seui-

733 977 850 1023 tute
880 961 1078 1020 civitati
1110 959 1204 1013 Dei
1237 955 1570 1012 serviendum
1594 945 1967 1014 est,vidclicet
1998 940 2272 1004 Ecclesiae,

724 1056 918 1126 et‘pia
945 1048 1208 1120 religioni,
1236 1060 1354 1115 quae
1381 1043 1434 1096 in
1458 1056 1520 1096 ea
1548 1040 1766 1100 colitur,
1795 1030 2168 1104 pulcherrima
2217 1037 2274 1084 et

731 1121 1047 1202 celsissimaé
1071 1135 1260 1194 Libani
1287 1132 1503 1188 arbores
1548 1128 1876 1190 delerentur,
1907 1132 1966 1178 ut
1987 1122 2095 1182 illis
2121 1121 2273 1176 locus

725 1247 951 1296 unctus
981 1247 1134 1287 meus
1161 1229 1332 1299 gloria
1364 1223 1647 1279 aﬁeiatur.
1663 1219 1821 1272 Tales
1841 1224 2019 1270 autem
2057 1210 2273 1276 fuerint,

723 1325 930 1384 eruditi
956 1323 1058 1377 viri
1087 1335 1153 1374 ex
1183 1315 1449 1386 gentibus,
1477 1309 1742 1381 sapientia
1777 1305 1956 1362 seculi
1983 1302 2140 1372 huius
2173 1302 2276 1356 im-

738 1417 872 1483 buti,
905 1429 1043 1484 quos
1089 1412 1143 1465 in
1195 1403 1432 1461 Ecclesia
1466 1401 1560 1456 Dei
1590 1399 1863 1465 ﬂorentes,
1893 1410 1957 1451 ac
2011 1392 2277 1450 sermonis

738 1515 994 1579 apparatu
1022 1504 1187 1572 ipsam
1213 1502 1469 1552 ornantes
1499 1490 1860 1559 conspicatus,
1907 1486 2217 1554 neutiquam
2245 1495 2278 1536 a

736 1574 868 1654 ea.
898 1598 1134 1656 abcrres,
1181 1590 1228 1644 si
1263 1587 1410 1642 dicas
1450 1598 1544 1639 eos
1594 1581 1876 1651 allegorica
1929 1589 2099 1640 more,
2138 1574 2279 1645 ligus

737 1689 951 1751 Libani,
1003 1683 1322 1754 cyparissos,
1351 1679 1508 1744 pinus
1547 1685 1604 1730 et
1637 1673 1826 1729 cedros
1863 1669 2044 1724 vocari
2079 1684 2096 1719 :
2130 1665 2282 1736 queis

737 1783 889 1837 locs
922 1785 1140 1830 sanctus
1169 1772 1262 1828 Dei
1305 1785 1510 1825 necnon
1549 1764 1777 1834 vestigia
1813 1761 2006 1832 pedum
2033 1759 2168 1828 ejus,
2197 1757 2278 1810 vi-

739 1872 920 1928 delicet
951 1866 1213 1932 Ecclesia,
1234 1863 1579 1934 gloriﬁcatur.

810 2134 972 2190 Vm.
1007 2129 1095 2185 14.
1126 2145 1147 2179 ι
1185 2125 1252 2180 Et
1281 2123 1433 2178 ibunt
1472 2117 1540 2172 ad
1573 2125 1626 2172 te
1656 2114 1904 2169 timentes
1940 2107 2033 2163 lilii
2070 2119 2280 2170 eorum,

741 2229 834 2298 qui
874 2234 928 2280 te
956 2219 1390 2278 bumiliaverunt,
1428 2219 1483 2264 et
1511 2207 1857 2263 irritaverunt
1881 2221 1895 2256 :
1921 2209 1975 2256 et
2006 2197 2285 2254 vocaberis

742 2288 938 2373 civitas
970 2312 1124 2374 Sion,
1163 2300 1558 2362 sancti‘lsrael.
1591 2317 1610 2351 ι
1653 2296 1718 2351 Et
1757 2308 1886 2350 sane
1912 2291 2107 2346 multos
2137 2288 2286 2343 novi-

743 2423 863 2463 mus
895 2420 965 2461 ει
993 2403 1082 2466 iis,
1109 2397 1201 2468 qui
1230 2396 1358 2452 olim
1391 2395 1445 2447 in
1473 2391 1764 2446 Ecclesiam
1794 2385 2103 2454 blaspbema
2123 2378 2286 2434 verba

743 2495 1100 2568 protulerunt,
1132 2492 1405 2560 ipsamque
1433 2484 1792 2545 irritaverunt,
1818 2475 1908 2547 qui
1937 2475 2049 2544 jam
2081 2477 2284 2525 mutata

746 2585 1029 2650 sententia,
1063 2583 1225 2637 Deum
1261 2581 1314 2634 iu
1344 2591 1408 2633 ea
1454 2575 1731 2630 adoratum
1753 2573 2042 2624 venerunt.

813 2769 968 2825 Vm
1013 2763 1194 2820 15-17.
1240 2779 1261 2812 ι
1297 2758 1432 2826 Quia
1461 2753 1608 2809 fuisti
1652 2747 1926 2807 derelicta,
1957 2750 2012 2797 et
2041 2738 2166 2796 odio
2193 2736 2288 2791 ba-

745 2861 878 2926 bita,
907 2868 966 2913 et
990 2871 1096 2912 non
1128 2863 1247 2910 erat
1274 2851 1367 2920 qui
1412 2846 1785 2902 auxiliaretur.
1825 2837 1894 2892 Et
1920 2846 2114 2906 ponam
2153 2840 2207 2883 te
2233 2827 2288 2881 in

741 2919 1157 3006 exsultationem
1208 2919 1608 3011 sempiternam,
1641 2934 1695 2987 in
1733 2928 1968 2984 laetitiam
1997 2919 2290 2995 generatio-

745 3044 906 3099 nibus
928 3009 1360 3112 generationum,
1385 3039 1441 3086 et
1474 3041 1634 3098 auges
1671 3025 1753 3078 lac
1780 3018 2042 3091 gentium,
2075 3021 2131 3068 et
2163 3009 2292 3066 divi-

747 3137 850 3191 tias
870 3146 1053 3203 regum
1083 3127 1350 3185 comedes.
1395 3122 1462 3177 Et
1507 3130 1824 3186 cognosces,

748 3230 1028 3289 Dominus,
1049 3222 1140 3292 qui
1168 3218 1370 3274 salvum
1414 3223 1466 3268 te
1497 3211 1658 3271 facio,
1689 3216 1746 3262 et
1781 3205 1872 3272 qui
1911 3212 2043 3256 eruo
2073 3206 2124 3251 te

748 3317 934 3376 Israel.
962 3286 1029 3370 Et
1054 3286 1151 3382 pro
1176 3324 1282 3364 aere
1309 3303 1526 3360 afferam
1583 3298 1680 3352 tibi
1739 3308 1926 3349 aurum
1960 3309 1978 3347 :
2007 3301 2106 3358 pro
2145 3286 2289 3339 ferro

747 3372 927 3464 autem
949 3372 1164 3459 aﬂeram
1196 3398 1288 3452 tibi
1323 3402 1620 3465 argentum,
1645 3401 1741 3456 pro
1771 3382 1929 3452 lignis
1948 3378 2169 3434 aﬂ’eram
2191 3372 2287 3427 tibi

745 3515 842 3565 aes,
866 3507 927 3552 et.
952 3509 1050 3563 pro
1071 3489 1333 3559 lapidibus
1369 3485 1590 3539 ferrum.
1613 3479 1678 3533 Et
1704 3477 1843 3531 dabo
1869 3470 2138 3543 principes
2169 3473 2288 3519 tuos

740 3593 803 3645 in
829 3560 995 3656 pace,
1031 3591 1086 3638 et
1120 3581 1399 3649 episcopos
1443 3583 1562 3628 tuos
1603 3571 1656 3624 in
1693 3566 1920 3637 iustitia.
1955 3581 1975 3614 ι
2007 3560 2119 3615 Hoc
2158 3570 2288 3612 vero

745 3650 874 3750 quid
905 3677 1091 3737 fuerit,
1120 3673 1223 3728 nisi
1255 3684 1448 3724 novum
1493 3663 1800 3736 mysterium
1843 3653 2168 3724 evangelicae
2195 3650 2290 3704 duo

746 3743 954 3833 ctrina,
973 3776 1029 3822 et
1047 3761 1390 3820 elementaris
1408 3757 1498 3812 illa
1524 3753 1656 3808 Novi
1673 3747 2000 3806 Testamenti
2023 3743 2288 3807 doctrina,

747 3862 900 3930 cujus
925 3864 1201 3913 consortes
1227 3860 1352 3906 sunt
1378 3850 1410 3903 ii
1437 3848 1526 3917 qui
1558 3846 1610 3899 in
1639 3841 1853 3898 Christo
1885 3842 2287 3908 regeneranlur,

746 3927 840 4018 qui
872 3945 1062 4014 seipsis
1096 3941 1343 3996 meliores
1387 3936 1549 3990 futuri
1595 3944 1739 4000 sunt,
1787 3944 1854 3985 ae
1894 3927 1985 3982 Dei
2012 3931 2292 3980 structura:

749 4038 1012 4094 utiliores.
1049 4030 1493 4101 quemadmodum
1530 4034 1586 4080 et
1637 4022 1818 4092 primi,
1856 4021 1947 4089 qui
1976 4032 2074 4087 pro
2104 4028 2210 4070 aere
2235 4021 2291 4067 et

749 4126 894 4180 ferro
927 4136 1117 4177 aurum
1146 4128 1201 4174 et
1228 4124 1505 4186 argentum
1549 4114 1603 4168 in
1652 4108 2118 4167 commutationem
2153 4101 2291 4156 obtio

752 4212 1020 4271 nuerunt?

821 4352 979 4405 Vns.
1011 4347 1099 4403 18.
1135 4365 1154 4398 ι
1198 4346 1264 4400 Ει
1297 4359 1402 4399 non
1440 4341 1686 4396 audietur
1723 4337 1896 4391 adhuc
1927 4330 2185 4401 iniustitia
2237 4328 2290 4382 in

753 4454 896 4497 terra
932 4450 1230 4506 tua,neque
1253 4432 1524 4494 contritio,
1566 4443 1740 4500 neque
1769 4424 1984 4481 miseria
2019 4424 2072 4476 in
2098 4419 2292 4475 ﬁnibus

2372 587 2475 634 σοι,
2499 566 2847 628 ἀπολοῦνται,
2879 561 2974 616 καὶ
3008 560 3080 612 τά
3099 559 3227 627 ἔθνη
3253 556 3456 628 ἐρημίᾳ
3488 552 3933 623 ἐρημωθήσεται.

2371 661 2479 716 Kal
2499 661 2534 731 ή
2556 657 2682 722 δόξα
2702 655 2800 710 τοῦ
2827 653 3056 708 Λιϐάνου
3082 649 3219 720 πρὸς
3250 649 3310 701 σὲ
3336 645 3457 717 ἥξει
3494 645 3555 697 ἑν
3583 643 3937 714 κυπαρίσσῳ,

2371 751 2465 806 καὶ
2493 749 2694 822 πεύκη,
2745 745 2842 800 καὶ
2890 742 3063 813 κέδρῳ
3111 737 3497 809 ἀμα,δοξάσαι
3533 733 3941 787 mmet»

2371 842 2528 911 ἀγιόν
2557 856 2678 912 μου.
2721 855 2743 890 ι
2777 833 3066 889 Δουλεῦσαι
3094 831 3204 901 γάρ
3255 829 3337 881 δεῖ
3378 826 3478 898 τὴν
3522 825 3781 896 σωτήρων
3839 822 3942 876 καὶ

2371 929 2661 997 καλλίστην
2710 924 2954 979 δουλείαν
2989 923 3056 992 τῇ
3085 917 3180 972 τοῦ
3215 916 3351 970 Θεοῦ
3389 917 3562 980 πόλει,
3593 913 3737 980 λέγω
3768 911 3829 965 δί
3868 912 3945 980 τῇ

2377 1201 2711 1274 μισθήσεται,
2761 1197 2844 1258 είς
2887 1193 2950 1246 τδ
2977 1192 3045 1245 δι’
3071 1188 3271 1274 αὐτῶν
3290 1183 3613 1254 δοξασθῆναι
3643 1183 3735 1235 τὸν
3763 1181 3948 1233 τόπον

2373 1270 2463 1348 τὸν
2484 1270 2636 1360 ἀγιόν
2658 1305 2778 1360 μου.
2809 1283 3049 1338 Τοιοῦτοι
3075 1281 3122 1334 δ’
3148 1279 3215 1334 ἀν
3236 1273 3342 1331 εῑεν
3365 1275 3416 1329 οι
3444 1273 3503 1341 te
3529 1272 3696 1326 ιονῶν
3721 1270 3946 1338 me“-

2377 1400 2466 1453 μοι
2499 1359 2687 1451 ἄνδρες
2715 1376 2810 1430 καὶ
2829 1373 3016 1442 σοφίας
3040 1370 3135 1424 τοῦ
3157 1367 3351 1430 αἰῶνος
3379 1365 3568 1419 τούτου
3597 1359 3945 1433 μετεσχηκό-

2373 1449 2466 1535 τες
2487 1489 2501 1503 ·
2642 1471 2701 1522 ὲν
2731 1469 2798 1538 τῇ
2830 1461 3121 1533 Ἐκκλησία
3140 1457 3234 1513 τοῦ
3260 1455 3394 1512 Θεοῦ
3414 1454 3808 1527 διαπρέποντας
3840 1449 3953 1506 καὶ

2377 1561 2714 1633 κοσμοῦντας
2743 1557 2911 1628 αὐτὴν
2941 1557 3008 1626 τῇ
3039 1551 3133 1606 τοῦ
3151 1551 3310 1619 λόγου
3331 1547 3653 1620 παρασκευῇ
3671 1543 3952 1614 θεασάμε-

2376 1671 2467 1718 νος
2499 1653 2599 1705 οὐκ
2620 1650 2688 1705 ἀν
2714 1647 2978 1720 ἁμάρτοις
2999 1643 3195 1706 αὐτοὺς
3217 1635 3357 1696 εἶναι
3387 1638 3456 1693 τά
3485 1637 3616 1703 ξύλα
3645 1635 3739 1690 τοῦ
3772 1634 3954 1689 Διδά-

2380 1762 2471 1798 νου
2497 1783 2512 1808 ,
2542 1741 2876 1811 κυπάρισσον
2914 1736 3010 1790 καὶ
3035 1733 3243 1796 πεύκας
3275 1730 3371 1785 καὶ
3401 1729 3646 1801 κόδρους,
3684 1729 3829 1781 κατά
3862 1726 3950 1780 νό-

2305 1837 2347 1892 D
2377 1852 2474 1907 μον
2513 1831 2839 1903 ἀλληγορίας
2869 1828 3065 1882 εἰπών·
3101 1824 3168 1879 δι’
3213 1817 3289 1878 ὧν
3333 1818 3610 1888 δοξάζεται
3651 1821 3681 1872 6
3707 1818 3882 1881 τόπος
3918 1818 3953 1869 6

2378 1926 2531 1995 ἀγιος
2554 1923 2649 1977 τοῦ
2662 1921 2820 1986 Θεοῦ,
2848 1919 2944 1973 καὶ
2967 1917 3175 1980 δτόπος
3197 1913 3305 1970 τῶν
3330 1911 3506 1966 τωδῶν
3526 1910 3710 1976 αὐτοῦ,
3733 1907 3951 1981 δηλαδὴ

2378 2022 2415 2091 ή
2444 2015 2757 2088 Ἐκκλησία.

2453 2128 2473 2160 ι
2507 2108 2618 2161 Kal
2650 2103 3003 2177 πορεύσονται
3031 2098 3167 2171 πρὸς
3205 2096 3269 2150 σὲ
3292 2093 3586 2155 δεδοικότες
3614 2089 3720 2144 υίοὶ
3747 2104 3957 2142 ταπει-

2381 2200 2666 2258 νωσάντων
2714 2214 2795 2261 σε,
2833 2194 2931 2248 καὶ
2981 2189 3394 2262 παροξυνάντων
3438 2202 3520 2249 σε,
3566 2184 3662 2237 καὶ
3691 2181 3962 2254 κληθήσῃ

2381 2291 2534 2353 πόλις
2552 2288 2710 2353 Σιὼν,
2751 2283 2908 2354 ἀγίου
2947 2279 3184 2352 Ἰσραήλ.
3219 2295 3239 2329 ι
3265 2275 3378 2330 Kal
3412 2273 3584 2335 άλλως
3609 2271 3667 2324 δὲ
3696 2268 3801 2322 τῶν
3837 2267 3960 2321 πά.-

2381 2381 2472 2434 λαι
2496 2374 2996 2451 βλασφημησάντων
3039 2367 3136 2440 τὴν
3184 2363 3526 2436 Ἐκκλησίαν,
3574 2360 3668 2414 καὶ
3705 2356 3961 2428 πιροξυ-

2384 2450 2586 2526 νάντων
2626 2467 2816 2536 αὐτὴν,
2854 2461 2950 2517 καὶ
2987 2454 3308 2523 διωξάντων,
3342 2452 3568 2515 πολλοὺς
3602 2450 3757 2520 ἴσμεν
3779 2463 3960 2518 μετα-

2386 2561 2666 2623 ϐαλόντας,
2703 2557 2798 2610 καὶ
2829 2553 2923 2608 ἐπὶ
2955 2550 3018 2605 τὺ
3053 2546 3374 2621 προσκυνεῖν
3417 2543 3506 2597 τον
3545 2543 3605 2596 ὲν
3635 2540 3768 2611 αὐτῇ
3802 2536 3962 2593 Θσδν

2387 2652 2729 2725 ἐληλυθότας.

2461 2719 2484 2794 ί
2509 2740 2608 2795 Διά
2626 2739 2688 2792 τὸ
2706 2733 3025 2808 γεγενῆσθαί
3051 2750 3111 2786 σε
3130 2723 3710 2799 ἐγκαταλελειμμένην,
3733 2719 3830 2773 καὶ
3859 2735 3968 2791 μ-

2389 2832 2712 2907 μισημένην,
2733 2828 2828 2883 καὶ
2861 2829 2960 2881 οὐκ
2974 2821 3043 2897 ἧν
3066 2826 3096 2877 6
3123 2820 3350 2893 βοηθῶν.
3374 2819 3486 2907 Kal
3513 2816 3663 2887 θήσω
3687 2829 3746 2866 σε
3771 2809 3966 2880 ἀταλ-

2593 2899 2829 2979 αίιῢνιον,
2865 2909 3198 2983 εὐφροσύνην
3226 2906 3425 2976 γενεῶν
3454 2904 3684 2973 γενεαῖς,
3717 2899 3813 2954 καὶ
3851 2899 3967 2970 θη-

2390 2989 2573 3072 λάσεις
2597 3006 2738 3076 γάλα
2774 3003 2963 3067 ἐθνῶν,
3002 3001 3097 3054 και
3139 2997 3364 3052 πλοῦτον
3395 2993 3653 3066 βασιλέων
3681 2989 3960 3060 φάγεσαι.

1867 3110 1993 3181 quia
2027 3075 2133 3174 rego
2171 3115 2284 3157 sum

2391 3098 2504 3151 Kal
2533 3075 2736 3167 γνώσῃ,
2772 3093 2855 3145 ὅτι
2897 3088 3005 3158 ἐγὼ
3038 3086 3239 3157 Κύριος
3275 3087 3307 3138 6
3338 3082 3524 3147 σώζων
3549 3097 3631 3142 σε,
3670 3077 3759 3131 καὶ
3787 3075 3964 3140 ὲξαιο

2151 3194 2290 3248 Dens
2313 3176 2357 3234 (ἶ
2392 3187 2645 3260 ρούμενός
2665 3202 2724 3238 σε
2752 3183 2885 3245 Θεὸς
2927 3177 3162 3249 Ἰσραήλ.
3189 3175 3298 3229 Καὶ
3321 3173 3442 3227 ἀντὶ
3470 3167 3666 3242 χαλκοῦ
3703 3168 3840 3221 clam
3869 3183 3966 3219 σοι

2387 3256 2626 3351 χρυσίον,
2649 3276 2744 3330 καὶ
2762 3274 2884 3327 ἀντὶ
2908 3270 3121 3342 σιδήρου
3148 3265 3281 3320 οἴσω
3303 3282 3386 3319 σοι
3407 3261 3665 3334 ἀργύριον
3685 3276 3700 3290 ο
3733 3257 3867 3311 ἀντὶ
3900 3256 3969 3311 δὲ

2387 3348 2555 3436 ξύλων
2596 3369 2728 3421 οἴσω
2759 3382 2840 3419 σοι
2865 3362 3080 3436 χαλκδν,
3114 3360 3236 3415 ἀντὶ
3272 3359 3330 3412 δὲ
3354 3357 3538 3423 λίθων,
3567 3348 3817 3423 σίδηρον(
3835 3349 3969 3404 Καὶ

2383 3461 2539 3515 δώσω
2567 3461 2692 3522 τοὺς
2720 3457 2986 3529 άρχοντάς
3015 3472 3108 3509 σου
3127 3456 3185 3507 ὲν
3209 3452 3424 3524 εἰρήνῃ,
3451 3448 3546 3500 καὶ
3569 3445 3692 3508 τοὺς
3719 3440 3958 3495 ἐπισκό-

2386 3570 2520 3616 πους
2552 3568 2646 3603 σου
2675 3551 2736 3601 ὲν
2762 3545 3147 3617 δικαιοσύνῃὴ
3187 3543 3357 3597 Τοῦτο
3382 3540 3439 3593 δὲ
3466 3539 3519 3592 τί
3541 3536 3656 3591 ποτ’
3686 3534 3749 3588 ἀν
3778 3530 3881 3603 εὲη
3910 3534 3968 3587 εί

2390 3643 2465 3716 μὴ
2515 3643 2577 3696 τὸ
2607 3641 2791 3694 καινὸν
2823 3639 3112 3709 μυστήριον
3153 3635 3253 3704 τῆς
3293 3628 3650 3700 εὐαγγελικῆς
3690 3625 3965 3679 διδασκα-

2387 3715 2526 3796 λίας,
2560 3731 2654 3785 καὶ
2691 3730 2727 3800 ή
2771 3725 3111 3798 στοιχειώδης
3138 3721 3452 3777 διδασκαλία
3478 3719 3578 3787 τῆς
3598 3715 3800 3784 Καινῆς
3829 3717 3967 3768 Δια·

2388 3830 2578 3900 θήκης,
2602 3822 2671 3898 ἦς
2705 3822 3016 3895 μετέχουσιν
3047 3822 3096 3874 οἱ
3135 3820 3195 3871 ὲν
3238 3814 3456 3888 Χριστῷ
3494 3807 3968 3879 ἀναγεννώμενοι,

2391 3899 2627 3990 βελτίους
2663 3916 2760 3986 μὲν
2801 3911 3007 3968 ἑαυτῶν
3045 3910 3393 3981 γενησόμενοι
3424 3906 3517 3960 καὶ
3543 3899 3964 3975 χρησιμώτεροι

2386 4014 2453 4082 τῇ
2497 4008 2591 4063 τοῦ
2633 4004 2768 4061 Θεοῦ
2811 4004 3062 4060 οίκοδοιιῆ
3096 4000 3238 4054 κατά
3261 3999 3387 4060 τοὺς
3423 3994 3692 4066 πρώτους,
3733 3991 3781 4044 οἳ
3825 3991 3964 4044 ἀντὶ

2389 4101 2587 4172 χαλκοῦ
2615 4099 2707 4153 καὶ
2729 4097 2946 4168 σιδήρου
2973 4092 3174 4167 χρυσοῦ
3196 4109 3256 4147 τε
3281 4092 3375 4144 καὶ
3396 4087 3635 4160 ἀργύρου
3663 4083 3825 4155 τιμήν
3857 4083 3962 4138 ἀν-

2387 4191 2841 4263 τικατηλλάξαντο
2857 4204 2874 4254 ;

2466 4347 2485 4379 ι
2521 4327 2631 4381 Kal
2667 4325 2767 4379 οὐκ
2789 4320 3180 4392 ἀκουσθήσεται
3213 4315 3297 4370 ἔτι
3321 4312 3506 4368 ἀδικία
3542 4311 3601 4365 ὲν
3630 4311 3696 4380 τῇ
3727 4308 3797 4378 τῇ
3825 4322 3958 4370 σου,

2391 4419 2510 4472 οὐδὲ
2533 4417 2860 4487 σύντριμμα,
2877 4411 2996 4466 οὐδὲ
3022 4404 3362 4477 ταλαιπωρία
3389 4405 3448 4457 ὲν
3477 4402 3591 4464 τοῖς
3619 4398 3784 4470 ὁρίοις
3813 4411 3919 4448 σου
3937 4410 3956 4426 ·

751 4534 896 4587 tuis:
924 4529 1018 4585 sed
1057 4486 1387 4582 vocabuntur
1417 4486 1667 4577 Salutare
1714 4517 1855 4573 muri
1891 4515 1989 4580 tui,
2022 4521 2078 4568 et
2116 4519 2284 4580 portae

2390 4511 2524 4564 ἀλλά
2553 4486 2878 4580 κληθήσεται
2906 4503 3175 4574 Σωτήρων
3203 4496 3278 4552 τὰ
3293 4496 3447 4565 τείχη
3473 4510 3590 4559 σου,
3620 4489 3716 4545 καὶ
3757 4488 3814 4540 al
3849 4486 3962 4540 ani-

752 4632 876 4685 tum,
912 4620 1198 4686 sculptura.
1232 4635 1252 4668 ι
1299 4615 1401 4670 Pro
1440 4614 1550 4676 illo,
1592 4629 1613 4662 ι
1657 4610 1927 4672 Salutare,
1971 4623 1993 4657 ι
2027 4602 2288 4658 Hebraica

753 4709 1040 4778 scriptura,
1077 4724 1096 4757 ι
1119 4705 1300 4760 Jesum
1344 4722 1363 4755 ι
1397 4702 1631 4772 praefert,
1691 4695 1977 4769 ipsissimis
2007 4691 2291 4749 elementis

751 4810 809 4856 et
840 4796 1260 4857 cbaracteribus,
1286 4793 1441 4863 queis
1478 4792 1591 4861 ipse
1620 4787 1871 4843 Salvator
1894 4783 2184 4844 scribitur;
2215 4782 2290 4835 ita

748 4901 812 4948 ut
838 4891 955 4960 ipsa
983 4888 1151 4944 virtus
1180 4884 1477 4940 Salvatoris
1507 4881 1676 4936 nostri
1726 4878 1885 4944 Iesu,
1929 4891 2029 4947 pro
2059 4884 2214 4945 septo
2238 4881 2294 4930 et

748 4998 904 5042 muro
921 4983 1084 5038 ﬁrmo
1114 4981 1181 5037 iis
1211 4979 1301 5050 qui
1337 4977 1448 5033 Deo
1471 4975 1616 5044 digni
1649 4975 1864 5042 fuerint,
1888 4973 2066 5028 futura
2095 4973 2188 5026 sit.

823 5207 988 5262 Vens.
1020 5205 1108 5260 19.
1134 5222 1159 5256 ι
1189 5203 1257 5257 Et
1288 5216 1392 5257 non
1419 5199 1525 5254 erit
1550 5196 1644 5251 tibi
1662 5191 2004 5265 amplius,sol
2029 5190 2083 5245 in
2117 5186 2293 5241 lucem

748 5297 878 5363 diei,
909 5310 1086 5364 neque
1122 5303 1273 5349 ortus
1297 5293 1437 5347 luna
1481 5287 1802 5344 illuminabit
1842 5291 2053 5340 noctem
2106 5290 2290 5335 tuam:

749 5389 843 5443 sed
889 5388 994 5443 erit
1021 5385 1115 5440 tibi
1148 5384 1401 5438 Dominus
1428 5381 1518 5436 lux
1546 5378 1890 5446 sempiterna,
1912 5384 1966 5428 et
1995 5374 2158 5439 Deus,
2192 5369 2300 5439 glo-

753 5479 833 5531 ria
859 5486 973 5532 tua.
1011 5496 1032 5528 a
1065 5477 1171 5531 Sed
1210 5473 1456 5544 columna
1493 5468 1736 5539 quadam
1783 5465 1978 5520 divina:
2031 5461 2169 5517 lucis
2198 5461 2302 5515 erit

757 5569 1124 5637 resplendens,
1146 5565 1351 5622 scilicet
1371 5577 1566 5632 corpus
1591 5572 1894 5627 resurgens,
1923 5556 2068 5626 quod
2103 5554 2302 5610 dicitur

758 5661 1130 5715 vestimentum
1150 5655 1431 5711 Salutaris.
1460 5651 1576 5707 Non
1604 5649 1747 5704 enim
1770 5647 1905 5703 ultra
1934 5660 2133 5716 corpus
2154 5657 2303 5698 mor-

763 5754 834 5808 tis
863 5750 987 5818 erit,
1012 5748 1168 5819 quale
1200 5745 1398 5803 Paulus
1429 5743 1733 5802 declarabat
1775 5739 1858 5797 bis
1882 5738 2084 5805 verbis,
2124 5755 2143 5789 ι
2169 5733 2300 5802 Quis

2391 4602 2498 4666 λαι,
2523 4600 2766 4671 γλύμμα.
2797 4616 2818 4649 ι
2855 4595 2999 4650 ’Δντὶ
3021 4593 3080 4646 δὲ
3103 4589 3220 4654 τοῦ,
3247 4607 3267 4640 ι
3295 4585 3590 4658 Σωτηρίου,
3617 4602 3639 4637 ι
3662 4583 3698 4654 ή
3732 4580 3952 4653 Ἐϐραῖ-

2391 4694 2461 4765 ad}
2481 4685 2781 4761 ἀνάγνωσις
2804 4687 2894 4741 τὸν
2914 4705 2934 4738 ι
2957 4683 3165 4755 Ἰησοῦν
3184 4701 3203 4733 ι
3221 4678 3383 4735 αὐτόν
3403 4694 3464 4732 τε
3492 4675 3734 4746 περιέχει
3754 4673 3951 4738 αὐτοῖς

2392 4764 2670 4855 στοιχείοις
2685 4781 2780 4835 καὶ
2800 4776 3192 4850 χαρακτῆρσιν,
3213 4770 3347 4833 οῐοις
3376 4771 3406 4823 6
3427 4767 3614 4838 Σωτὴρ
3639 4764 3796 4836 ήμῶν
3816 4765 3962 4820 ἀνα-

2391 4876 2684 4948 γράφεται·
2727 4871 2803 4934 ὡς
2828 4868 2928 4940 τὴν
2957 4863 3121 4920 αὑτοῦ
3140 4863 3364 4932 δύναμιν
3391 4859 3486 4914 τοῦ
3515 4857 3763 4927 Σωτῆρος
3790 4856 3966 4926 ήμῶν

2406 4945 2577 5039 Ἰησοῦ
2600 4964 2721 5018 ἀντὶ
2739 4958 3021 5030 περιϐόλου
3046 4955 3142 5010 καὶ
3163 4953 3374 5024 τείχους
3400 4948 3626 5022 στερροῦ
3648 4948 3761 5010 τοῖς
3776 4945 3965 5012 ἀξίοις

2394 5057 2487 5112 τοῦ
2513 5052 2650 5111 Θεοῦ
2671 5049 2941 5122 γενέσθαι.

2468 5210 2490 5242 ι
2523 5190 2636 5246 Καὶ
2662 5188 2762 5241 οὐκ
2787 5185 2940 5238 ἔσται
2975 5181 3053 5236 ἔτι
3092 5197 3175 5235 σοι
3201 5180 3234 5233 6
3269 5178 3421 5249 ήλιος
3452 5175 3532 5239 είς
3563 5172 3679 5244 φῶς
3713 5171 3964 5244 ἡμέρας,

2396 5283 2514 5337 οὐδὲ
2545 5278 2775 5350 ἀνατολὴ
2828 5276 3051 5348 σελήνης
3100 5272 3292 5343 φωτιεϊ
3341 5286 3435 5321 σου
3471 5267 3572 5338 τὴν
3596 5264 3764 5318 νύκτα
3777 5279 3794 5294 ·
3837 5263 3966 5316 ἀλλ’

2398 5373 2546 5427 ἔσται
2570 5389 2653 5424 σοι
2675 5369 2874 5440 Κύριος
2895 5365 3009 5435 φῶς
3036 5362 3272 5428 αἰώνιον,
3297 5359 3434 5414 καὶὸ
3455 5356 3606 5421 Θεὸς,
3622 5354 3748 5418 δόξα
3778 5369 3905 5408 σου.
3937 5371 3963 5407 a

2394 5463 2569 5534 Στήλη
2588 5461 2646 5516 δέ
2674 5476 2757 5519 τις
2783 5459 2934 5512 ἐσται
2958 5457 3074 5528 φῶς
3093 5451 3555 5526 ἀπαστράπτουσα
3577 5448 3740 5510 θεῖον,
3763 5443 3828 5497 τὸ
3861 5445 3967 5497 σῶ-

2397 5573 2474 5626 μα
2497 5556 2596 5625 τῆς
2623 5552 2984 5615 ἀναστάσεως,
3009 5550 3070 5603 τὺ
3096 5547 3384 5619 λεγόμενον
3411 5543 3623 5613 ἱμάτιον
3653 5538 3960 5608 Σωτηρίου.

2395 5646 2589 5700 Οὐκέτι
2614 5645 2722 5714 γὰρ
2749 5642 2975 5696 θανάτου
3007 5640 3185 5711 σῶμα,
3209 5634 3321 5692 οἷον
3358 5635 3389 5686 6
3423 5631 3628 5693 Παῦλος
3653 5628 3842 5699 ἐδήλου
3871 5627 3964 5680 λέ-

2396 5754 2540 5806 γωνο
2575 5755 2595 5788 ι
2626 5734 2724 5798 Τίς
2751 5749 2817 5804 με
2847 5732 3068 5805 ῥύσεται
3101 5731 3167 5785 ὲκ
3196 5725 3290 5783 τοῦ
3320 5723 3564 5794 σώματος
3601 5717 3695 5773 τοῦ
3722 5715 3963 5773 θανάτου
