  <div class='ocr_page' id='page_1' title='image "/cluster/home/n/w/nwhite01/storage/ocr_20150623/24/pst.000005712083/267.png"; bbox 0 0 4128 6294; ppageno 0'>
   <div class='ocr_carea' id='block_1_1' title="bbox 778 373 882 433">
    <p class='ocr_par' dir='ltr' id='par_1_1' title="bbox 778 373 882 433">
     <span class='ocr_line' id='line_1_1' title="bbox 778 373 882 433; baseline -0.01 0"><span class='ocrx_word' id='word_1_1' title='bbox 778 373 882 433; x_wconf 61' lang='lat'><strong>‘99</strong></span> 
     </span>
    </p>
   </div>
   <div class='ocr_carea' id='block_1_2' title="bbox 1431 341 3267 422">
    <p class='ocr_par' dir='ltr' id='par_1_2' title="bbox 1431 341 3267 422">
     <span class='ocr_line' id='line_1_2' title="bbox 1431 341 3267 422; baseline -0.012 -2"><span class='ocrx_word' id='word_1_2' title='bbox 1431 359 1695 422; x_wconf 73' lang='lat' dir='ltr'><strong>EUSEBII</strong></span> <span class='ocrx_word' id='word_1_3' title='bbox 1730 353 2198 414; x_wconf 67' lang='lat' dir='ltr'><strong>CESARIENSIS</strong></span> <span class='ocrx_word' id='word_1_4' title='bbox 2231 352 2377 410; x_wconf 81' lang='lat' dir='ltr'><strong>OPP.</strong></span> <span class='ocrx_word' id='word_1_5' title='bbox 2421 350 2600 408; x_wconf 79' lang='lat' dir='ltr'><strong>PARS</strong></span> <span class='ocrx_word' id='word_1_6' title='bbox 2634 345 2722 403; x_wconf 71' lang='grc' dir='ltr'>ιιι.</span> <span class='ocrx_word' id='word_1_7' title='bbox 2761 375 2828 388; x_wconf 93' lang='lat'><strong>-</strong></span> <span class='ocrx_word' id='word_1_8' title='bbox 2865 341 3267 400; x_wconf 74' lang='lat' dir='ltr'><strong>EXEGETICA.</strong></span> 
     </span>
    </p>
   </div>
   <div class='ocr_carea' id='block_1_3' title="bbox 779 443 2376 559">
    <p class='ocr_par' dir='ltr' id='par_1_3' title="bbox 779 468 2376 559">
     <span class='ocr_line' id='line_1_3' title="bbox 779 468 2376 559; baseline -0.01 -17"><span class='ocrx_word' id='word_1_9' title='bbox 779 492 895 559; x_wconf 80' lang='lat' dir='ltr'><strong>Ipse</strong></span> <span class='ocrx_word' id='word_1_10' title='bbox 939 497 1066 538; x_wconf 86' lang='lat' dir='ltr'><strong>vero</strong></span> <span class='ocrx_word' id='word_1_11' title='bbox 1115 479 1370 534; x_wconf 86' lang='lat' dir='ltr'><strong>Dominus</strong></span> <span class='ocrx_word' id='word_1_12' title='bbox 1395 485 1498 541; x_wconf 83' lang='lat' dir='ltr'><strong>est,</strong></span> <span class='ocrx_word' id='word_1_13' title='bbox 1529 474 1618 544; x_wconf 88' lang='lat' dir='ltr'><strong>qui</strong></span> <span class='ocrx_word' id='word_1_14' title='bbox 1643 483 1693 530; x_wconf 92' lang='lat' dir='ltr'><strong>te</strong></span> <span class='ocrx_word' id='word_1_15' title='bbox 1729 481 1966 527; x_wconf 90' lang='lat' dir='ltr'><strong>sanctam</strong></span> <span class='ocrx_word' id='word_1_16' title='bbox 1991 468 2313 534; x_wconf 85' lang='lat' dir='ltr'><strong>Eccleslam,</strong></span> <span class='ocrx_word' id='word_1_17' title='bbox 2340 469 2376 526; x_wconf 79' lang='grc' dir='ltr'><strong>Α</strong></span> 
     </span>
    </p>
   </div>
   <div class='ocr_carea' id='block_1_4' title="bbox 2408 443 3961 559">
    <p class='ocr_par' dir='ltr' id='par_1_4' title="bbox 2413 443 3961 549">
     <span class='ocr_line' id='line_1_4' title="bbox 2413 443 3961 549; baseline -0.011 -33"><span class='ocrx_word' id='word_1_18' title='bbox 2413 462 2572 525; x_wconf 76' lang='grc' dir='ltr'>αὐτὸς</span> <span class='ocrx_word' id='word_1_19' title='bbox 2595 460 2651 514; x_wconf 74' lang='grc' dir='ltr'><strong>δὲ</strong></span> <span class='ocrx_word' id='word_1_20' title='bbox 2676 460 2706 513; x_wconf 84' lang='grc' dir='ltr'><strong>ό</strong></span> <span class='ocrx_word' id='word_1_21' title='bbox 2730 457 2932 526; x_wconf 76' lang='grc' dir='ltr'>Κύριος</span> <span class='ocrx_word' id='word_1_22' title='bbox 2958 454 3056 526; x_wconf 75' lang='grc' dir='ltr'><strong>τὴν</strong></span> <span class='ocrx_word' id='word_1_23' title='bbox 3087 443 3280 507; x_wconf 64' lang='grc' dir='ltr'>εαυτοῦ</span> <span class='ocrx_word' id='word_1_24' title='bbox 3309 449 3522 521; x_wconf 80' lang='grc' dir='ltr'><strong>νύμφην</strong></span> <span class='ocrx_word' id='word_1_25' title='bbox 3560 443 3866 511; x_wconf 72' lang='grc' dir='ltr'>ἀπολαϐὼν,</span> <span class='ocrx_word' id='word_1_26' title='bbox 3885 446 3961 549; x_wconf 50' lang='grc' dir='ltr'>ξι</span> 
     </span>
    </p>
   </div>
   <div class='ocr_carea' id='block_1_5' title="bbox 778 562 2316 646">
    <p class='ocr_par' dir='ltr' id='par_1_5' title="bbox 778 562 2316 646">
     <span class='ocr_line' id='line_1_5' title="bbox 778 562 2316 646; baseline -0.013 -14"><span class='ocrx_word' id='word_1_27' title='bbox 778 573 1030 646; x_wconf 71' lang='lat' dir='ltr'><strong>perfectis</strong></span> <span class='ocrx_word' id='word_1_28' title='bbox 1089 568 1340 624; x_wconf 85' lang='lat' dir='ltr'><strong>membris</strong></span> <span class='ocrx_word' id='word_1_29' title='bbox 1397 572 1758 628; x_wconf 83' lang='lat' dir='ltr'><strong>constantem,</strong></span> <span class='ocrx_word' id='word_1_30' title='bbox 1788 577 1854 618; x_wconf 80' lang='lat' dir='ltr'><strong>ex</strong></span> <span class='ocrx_word' id='word_1_31' title='bbox 1903 562 2082 632; x_wconf 88' lang='lat' dir='ltr'><strong>prisco</strong></span> <span class='ocrx_word' id='word_1_32' title='bbox 2125 570 2316 627; x_wconf 81' lang='lat' dir='ltr'><strong>nempe</strong></span> 
     </span>
    </p>
   </div>
   <div class='ocr_carea' id='block_1_6' title="bbox 783 651 2313 736">
    <p class='ocr_par' dir='ltr' id='par_1_6' title="bbox 783 651 2313 736">
     <span class='ocr_line' id='line_1_6' title="bbox 783 651 2313 736; baseline -0.012 -15"><span class='ocrx_word' id='word_1_33' title='bbox 783 663 979 736; x_wconf 83' lang='lat' dir='ltr'><strong>populo</strong></span> <span class='ocrx_word' id='word_1_34' title='bbox 1007 670 1060 717; x_wconf 92' lang='lat' dir='ltr'><strong>et</strong></span> <span class='ocrx_word' id='word_1_35' title='bbox 1096 660 1196 715; x_wconf 90' lang='lat' dir='ltr'><strong>hoc</strong></span> <span class='ocrx_word' id='word_1_36' title='bbox 1233 669 1371 710; x_wconf 91' lang='lat' dir='ltr'><strong>novo</strong></span> <span class='ocrx_word' id='word_1_37' title='bbox 1406 669 1472 710; x_wconf 78' lang='lat' dir='ltr'><strong>ex</strong></span> <span class='ocrx_word' id='word_1_38' title='bbox 1512 654 1755 724; x_wconf 73' lang='lat' dir='ltr'><strong>gentibus</strong></span> <span class='ocrx_word' id='word_1_39' title='bbox 1793 651 2030 716; x_wconf 89' lang='lat' dir='ltr'><strong>coeunti,</strong></span> <span class='ocrx_word' id='word_1_40' title='bbox 2066 652 2117 704; x_wconf 92' lang='lat' dir='ltr'><strong>in</strong></span> <span class='ocrx_word' id='word_1_41' title='bbox 2150 664 2313 719; x_wconf 88' lang='lat' dir='ltr'><strong>spon-</strong></span> 
     </span>
    </p>
   </div>
   <div class='ocr_carea' id='block_1_7' title="bbox 777 743 2301 824">
    <p class='ocr_par' dir='ltr' id='par_1_7' title="bbox 777 743 2301 824">
     <span class='ocr_line' id='line_1_7' title="bbox 777 743 2301 824; baseline -0.012 -10"><span class='ocrx_word' id='word_1_42' title='bbox 777 775 891 814; x_wconf 92' lang='lat' dir='ltr'><strong>sam</strong></span> <span class='ocrx_word' id='word_1_43' title='bbox 929 755 1150 824; x_wconf 87' lang='lat' dir='ltr'><strong>accepit.</strong></span> <span class='ocrx_word' id='word_1_44' title='bbox 1192 750 1390 807; x_wconf 83' lang='lat' dir='ltr'><strong>Deinde</strong></span> <span class='ocrx_word' id='word_1_45' title='bbox 1437 748 1729 804; x_wconf 86' lang='lat' dir='ltr'><strong>Ecclesiam</strong></span> <span class='ocrx_word' id='word_1_46' title='bbox 1776 746 1945 815; x_wconf 91' lang='lat' dir='ltr'><strong>ipsam</strong></span> <span class='ocrx_word' id='word_1_47' title='bbox 1977 743 2301 814; x_wconf 74' lang='lat' dir='ltr'><strong>alloquitur:</strong></span> 
     </span>
    </p>
   </div>
   <div class='ocr_carea' id='block_1_8' title="bbox 779 831 2309 915">
    <p class='ocr_par' dir='ltr' id='par_1_8' title="bbox 779 831 2309 915">
     <span class='ocr_line' id='line_1_8' title="bbox 779 831 2309 915; baseline -0.013 -11"><span class='ocrx_word' id='word_1_48' title='bbox 779 847 946 915; x_wconf 82' lang='lat' dir='ltr'><strong>Hujus</strong></span> <span class='ocrx_word' id='word_1_49' title='bbox 993 846 1083 898; x_wconf 87' lang='lat' dir='ltr'><strong>filii</strong></span> <span class='ocrx_word' id='word_1_50' title='bbox 1135 840 1424 898; x_wconf 88' lang='lat' dir='ltr'><strong>secundum</strong></span> <span class='ocrx_word' id='word_1_51' title='bbox 1461 853 1675 893; x_wconf 88' lang='lat' dir='ltr'><strong>carnem</strong></span> <span class='ocrx_word' id='word_1_52' title='bbox 1717 835 1931 891; x_wconf 84' lang='lat' dir='ltr'><strong>fuerunt</strong></span> <span class='ocrx_word' id='word_1_53' title='bbox 1957 834 2119 888; x_wconf 78' lang='lat' dir='ltr'><strong>divini</strong></span> <span class='ocrx_word' id='word_1_54' title='bbox 2147 831 2309 886; x_wconf 85' lang='lat' dir='ltr'><strong>disci-</strong></span> 
     </span>
    </p>
   </div>
   <div class='ocr_carea' id='block_1_9' title="bbox 776 926 2308 1008">
    <p class='ocr_par' dir='ltr' id='par_1_9' title="bbox 776 926 2308 1008">
     <span class='ocr_line' id='line_1_9' title="bbox 776 926 2308 1008; baseline -0.013 -16"><span class='ocrx_word' id='word_1_55' title='bbox 776 939 910 1008; x_wconf 86' lang='lat' dir='ltr'><strong>puli,</strong></span> <span class='ocrx_word' id='word_1_56' title='bbox 939 937 1027 1006; x_wconf 88' lang='lat' dir='ltr'><strong>qui</strong></span> <span class='ocrx_word' id='word_1_57' title='bbox 1069 944 1330 989; x_wconf 86' lang='lat' dir='ltr'><strong>summam</strong></span> <span class='ocrx_word' id='word_1_58' title='bbox 1376 943 1506 998; x_wconf 77' lang='lat' dir='ltr'><strong>erga</strong></span> <span class='ocrx_word' id='word_1_59' title='bbox 1552 929 1724 998; x_wconf 89' lang='lat' dir='ltr'><strong>ipsam</strong></span> <span class='ocrx_word' id='word_1_60' title='bbox 1771 926 2092 981; x_wconf 87' lang='lat' dir='ltr'><strong>charitatem</strong></span> <span class='ocrx_word' id='word_1_61' title='bbox 2126 935 2308 976; x_wconf 88' lang='lat' dir='ltr'><strong>serva-</strong></span> 
     </span>
    </p>
   </div>
   <div class='ocr_carea' id='block_1_10' title="bbox 779 1012 2312 1093">
    <p class='ocr_par' dir='ltr' id='par_1_10' title="bbox 779 1012 2312 1093">
     <span class='ocr_line' id='line_1_10' title="bbox 779 1012 2312 1093; baseline -0.012 -10"><span class='ocrx_word' id='word_1_62' title='bbox 779 1037 934 1093; x_wconf 89' lang='lat' dir='ltr'><strong>runt;</strong></span> <span class='ocrx_word' id='word_1_63' title='bbox 985 1027 1058 1080; x_wconf 92' lang='lat' dir='ltr'><strong>ita</strong></span> <span class='ocrx_word' id='word_1_64' title='bbox 1113 1031 1174 1078; x_wconf 92' lang='lat' dir='ltr'><strong>ut</strong></span> <span class='ocrx_word' id='word_1_65' title='bbox 1225 1021 1312 1077; x_wconf 89' lang='lat' dir='ltr'><strong>illa</strong></span> <span class='ocrx_word' id='word_1_66' title='bbox 1361 1019 1576 1075; x_wconf 76' lang='lat' dir='ltr'><strong>dilectio</strong></span> <span class='ocrx_word' id='word_1_67' title='bbox 1618 1016 1809 1073; x_wconf 79' lang='lat' dir='ltr'><strong>similis</strong></span> <span class='ocrx_word' id='word_1_68' title='bbox 1852 1016 2098 1070; x_wconf 88' lang='lat' dir='ltr'><strong>videatur</strong></span> <span class='ocrx_word' id='word_1_69' title='bbox 2132 1012 2181 1067; x_wconf 87' lang='lat' dir='ltr'><strong>ei</strong></span> <span class='ocrx_word' id='word_1_70' title='bbox 2208 1025 2312 1082; x_wconf 83' lang='lat' dir='ltr'><strong>qua</strong></span> 
     </span>
    </p>
   </div>
   <div class='ocr_carea' id='block_1_11' title="bbox 776 1101 2312 1182">
    <p class='ocr_par' dir='ltr' id='par_1_11' title="bbox 776 1101 2312 1182">
     <span class='ocr_line' id='line_1_11' title="bbox 776 1101 2312 1182; baseline -0.013 -10"><span class='ocrx_word' id='word_1_71' title='bbox 776 1117 994 1172; x_wconf 63' lang='lat' dir='ltr'><strong>allectus</strong></span> <span class='ocrx_word' id='word_1_72' title='bbox 1024 1123 1106 1167; x_wconf 91' lang='lat' dir='ltr'><strong>est</strong></span> <span class='ocrx_word' id='word_1_73' title='bbox 1132 1112 1345 1182; x_wconf 75' lang='lat' dir='ltr'><strong>juvenis</strong></span> <span class='ocrx_word' id='word_1_74' title='bbox 1364 1124 1484 1164; x_wconf 89' lang='lat' dir='ltr'><strong>eum</strong></span> <span class='ocrx_word' id='word_1_75' title='bbox 1515 1106 1720 1176; x_wconf 73' lang='lat' dir='ltr'><strong>virgine</strong></span> <span class='ocrx_word' id='word_1_76' title='bbox 1742 1104 2012 1160; x_wconf 76' lang='lat' dir='ltr'><strong>habitans.</strong></span> <span class='ocrx_word' id='word_1_77' title='bbox 2043 1101 2134 1157; x_wconf 83' lang='lat' dir='ltr'><strong>Sic</strong></span> <span class='ocrx_word' id='word_1_78' title='bbox 2165 1101 2312 1154; x_wconf 64' lang='lat' dir='ltr'><strong>laeta-</strong></span> 
     </span>
    </p>
   </div>
   <div class='ocr_carea' id='block_1_12' title="bbox 776 1192 2311 1269">
    <p class='ocr_par' dir='ltr' id='par_1_12' title="bbox 776 1192 2311 1269">
     <span class='ocr_line' id='line_1_12' title="bbox 776 1192 2311 1269; baseline -0.011 -9"><span class='ocrx_word' id='word_1_79' title='bbox 776 1208 922 1260; x_wconf 84' lang='lat' dir='ltr'><strong>bitur</strong></span> <span class='ocrx_word' id='word_1_80' title='bbox 979 1203 1234 1258; x_wconf 87' lang='lat' dir='ltr'><strong>Dominus</strong></span> <span class='ocrx_word' id='word_1_81' title='bbox 1283 1212 1446 1269; x_wconf 87' lang='lat' dir='ltr'><strong>super</strong></span> <span class='ocrx_word' id='word_1_82' title='bbox 1484 1206 1559 1262; x_wconf 91' lang='lat' dir='ltr'><strong>te,</strong></span> <span class='ocrx_word' id='word_1_83' title='bbox 1608 1192 2056 1265; x_wconf 84' lang='lat' dir='ltr'><strong>quemadmodum</strong></span> <span class='ocrx_word' id='word_1_84' title='bbox 2089 1203 2311 1261; x_wconf 84' lang='lat' dir='ltr'><strong>sponsus</strong></span> 
     </span>
    </p>
   </div>
   <div class='ocr_carea' id='block_1_13' title="bbox 773 1282 2309 1364">
    <p class='ocr_par' dir='ltr' id='par_1_13' title="bbox 773 1282 2309 1364">
     <span class='ocr_line' id='line_1_13' title="bbox 773 1282 2309 1364; baseline -0.011 -14"><span class='ocrx_word' id='word_1_85' title='bbox 773 1309 935 1364; x_wconf 88' lang='lat' dir='ltr'><strong>super</strong></span> <span class='ocrx_word' id='word_1_86' title='bbox 971 1305 1186 1362; x_wconf 89' lang='lat' dir='ltr'><strong>sponsa.</strong></span> <span class='ocrx_word' id='word_1_87' title='bbox 1223 1287 1429 1342; x_wconf 86' lang='lat' dir='ltr'><strong>Etenim</strong></span> <span class='ocrx_word' id='word_1_88' title='bbox 1456 1285 1523 1340; x_wconf 91' lang='lat' dir='ltr'><strong>de</strong></span> <span class='ocrx_word' id='word_1_89' title='bbox 1571 1284 1712 1341; x_wconf 66' lang='lat' dir='ltr'><strong>celo</strong></span> <span class='ocrx_word' id='word_1_90' title='bbox 1739 1283 2018 1340; x_wconf 84' lang='lat' dir='ltr'><strong>descendit</strong></span> <span class='ocrx_word' id='word_1_91' title='bbox 2068 1282 2309 1351; x_wconf 86' lang='lat' dir='ltr'><strong>unigeni-</strong></span> 
     </span>
    </p>
   </div>
   <div class='ocr_carea' id='block_1_14' title="bbox 775 1372 2309 1448">
    <p class='ocr_par' dir='ltr' id='par_1_14' title="bbox 775 1372 2309 1448">
     <span class='ocr_line' id='line_1_14' title="bbox 775 1372 2309 1448; baseline -0.008 -9"><span class='ocrx_word' id='word_1_92' title='bbox 775 1395 887 1439; x_wconf 86' lang='lat' dir='ltr'><strong>tum</strong></span> <span class='ocrx_word' id='word_1_93' title='bbox 930 1383 1022 1438; x_wconf 88' lang='lat' dir='ltr'><strong>Dei</strong></span> <span class='ocrx_word' id='word_1_94' title='bbox 1051 1379 1302 1443; x_wconf 81' lang='lat' dir='ltr'><strong>Verbum,</strong></span> <span class='ocrx_word' id='word_1_95' title='bbox 1333 1386 1391 1432; x_wconf 91' lang='lat' dir='ltr'><strong>ut</strong></span> <span class='ocrx_word' id='word_1_96' title='bbox 1421 1375 1752 1448; x_wconf 86' lang='lat' dir='ltr'><strong>fructiferam</strong></span> <span class='ocrx_word' id='word_1_97' title='bbox 1784 1375 2093 1430; x_wconf 82' lang='lat' dir='ltr'><strong>ostenderet</strong></span> <span class='ocrx_word' id='word_1_98' title='bbox 2125 1372 2309 1428; x_wconf 84' lang='lat' dir='ltr'><strong>Eccle-</strong></span> 
     </span>
    </p>
   </div>
   <div class='ocr_carea' id='block_1_15' title="bbox 773 1465 2307 1542">
    <p class='ocr_par' dir='ltr' id='par_1_15' title="bbox 773 1465 2307 1542">
     <span class='ocr_line' id='line_1_15' title="bbox 773 1465 2307 1542; baseline -0.009 -12"><span class='ocrx_word' id='word_1_99' title='bbox 773 1476 932 1541; x_wconf 83' lang='lat' dir='ltr'><strong>siam,</strong></span> <span class='ocrx_word' id='word_1_100' title='bbox 978 1487 1134 1542; x_wconf 88' lang='lat' dir='ltr'><strong>quam</strong></span> <span class='ocrx_word' id='word_1_101' title='bbox 1185 1470 1294 1539; x_wconf 83' lang='lat' dir='ltr'><strong>ipse</strong></span> <span class='ocrx_word' id='word_1_102' title='bbox 1339 1467 1440 1524; x_wconf 88' lang='lat' dir='ltr'><strong>sibi</strong></span> <span class='ocrx_word' id='word_1_103' title='bbox 1491 1467 1751 1537; x_wconf 76' lang='lat' dir='ltr'><strong>virginem</strong></span> <span class='ocrx_word' id='word_1_104' title='bbox 1809 1474 2011 1520; x_wconf 84' lang='lat' dir='ltr'><strong>castam</strong></span> <span class='ocrx_word' id='word_1_105' title='bbox 2053 1465 2307 1528; x_wconf 82' lang='lat' dir='ltr'><strong>admovit,</strong></span> 
     </span>
    </p>
   </div>
   <div class='ocr_carea' id='block_1_16' title="bbox 774 1555 2310 1628">
    <p class='ocr_par' dir='ltr' id='par_1_16' title="bbox 774 1555 2310 1628">
     <span class='ocr_line' id='line_1_16' title="bbox 774 1555 2310 1628; baseline -0.008 -7"><span class='ocrx_word' id='word_1_106' title='bbox 774 1581 880 1621; x_wconf 90' lang='lat' dir='ltr'><strong>non</strong></span> <span class='ocrx_word' id='word_1_107' title='bbox 910 1566 1192 1619; x_wconf 85' lang='lat' dir='ltr'><strong>habentem</strong></span> <span class='ocrx_word' id='word_1_108' title='bbox 1219 1559 1483 1615; x_wconf 81' lang='lat' dir='ltr'><strong>maculam</strong></span> <span class='ocrx_word' id='word_1_109' title='bbox 1526 1573 1698 1628; x_wconf 89' lang='lat' dir='ltr'><strong>neque</strong></span> <span class='ocrx_word' id='word_1_110' title='bbox 1733 1557 1976 1622; x_wconf 83' lang='lat' dir='ltr'><strong>sordem,</strong></span> <span class='ocrx_word' id='word_1_111' title='bbox 2002 1555 2109 1610; x_wconf 90' lang='lat' dir='ltr'><strong>imo</strong></span> <span class='ocrx_word' id='word_1_112' title='bbox 2138 1555 2310 1624; x_wconf 82' lang='lat' dir='ltr'><strong>potius</strong></span> 
     </span>
    </p>
   </div>
   <div class='ocr_carea' id='block_1_17' title="bbox 778 1642 2308 1714">
    <p class='ocr_par' dir='ltr' id='par_1_17' title="bbox 778 1642 2308 1714">
     <span class='ocr_line' id='line_1_17' title="bbox 778 1642 2308 1714; baseline -0.008 -5"><span class='ocrx_word' id='word_1_113' title='bbox 778 1661 1015 1709; x_wconf 87' lang='lat' dir='ltr'><strong>sanctam</strong></span> <span class='ocrx_word' id='word_1_114' title='bbox 1042 1661 1096 1705; x_wconf 88' lang='lat' dir='ltr'><strong>et</strong></span> <span class='ocrx_word' id='word_1_115' title='bbox 1128 1647 1543 1704; x_wconf 90' lang='lat' dir='ltr'><strong>immaculatam.</strong></span> <span class='ocrx_word' id='word_1_116' title='bbox 1592 1645 1674 1701; x_wconf 76' lang='lat' dir='ltr'><strong>Ab</strong></span> <span class='ocrx_word' id='word_1_117' title='bbox 1707 1646 1796 1700; x_wconf 91' lang='lat' dir='ltr'><strong>illo</strong></span> <span class='ocrx_word' id='word_1_118' title='bbox 1831 1644 1996 1714; x_wconf 91' lang='lat' dir='ltr'><strong>igitur</strong></span> <span class='ocrx_word' id='word_1_119' title='bbox 2019 1642 2308 1712; x_wconf 75' lang='lat' dir='ltr'><strong>evangelici</strong></span> 
     </span>
    </p>
   </div>
   <div class='ocr_carea' id='block_1_18' title="bbox 777 1733 2306 1806">
    <p class='ocr_par' dir='ltr' id='par_1_18' title="bbox 777 1733 2306 1806">
     <span class='ocr_line' id='line_1_18' title="bbox 777 1733 2306 1806; baseline -0.007 -8"><span class='ocrx_word' id='word_1_120' title='bbox 777 1743 1009 1798; x_wconf 86' lang='lat' dir='ltr'><strong>instituti</strong></span> <span class='ocrx_word' id='word_1_121' title='bbox 1046 1740 1249 1795; x_wconf 84' lang='lat' dir='ltr'><strong>semina</strong></span> <span class='ocrx_word' id='word_1_122' title='bbox 1284 1738 1574 1806; x_wconf 88' lang='lat' dir='ltr'><strong>accipiens,</strong></span> <span class='ocrx_word' id='word_1_123' title='bbox 1611 1735 1976 1804; x_wconf 88' lang='lat' dir='ltr'><strong>spiritualibus</strong></span> <span class='ocrx_word' id='word_1_124' title='bbox 2025 1733 2306 1789; x_wconf 73' lang='lat' dir='ltr'><strong>sacriﬁciis</strong></span> 
     </span>
    </p>
   </div>
   <div class='ocr_carea' id='block_1_19' title="bbox 772 1825 2211 1902">
    <p class='ocr_par' dir='ltr' id='par_1_19' title="bbox 772 1825 2211 1902">
     <span class='ocr_line' id='line_1_19' title="bbox 772 1825 2211 1902; baseline -0.007 -14"><span class='ocrx_word' id='word_1_125' title='bbox 772 1844 827 1889; x_wconf 87' lang='lat' dir='ltr'><strong>ct</strong></span> <span class='ocrx_word' id='word_1_126' title='bbox 864 1834 1066 1889; x_wconf 85' lang='lat' dir='ltr'><strong>sanctis</strong></span> <span class='ocrx_word' id='word_1_127' title='bbox 1095 1832 1345 1902; x_wconf 83' lang='lat' dir='ltr'><strong>operibus</strong></span> <span class='ocrx_word' id='word_1_128' title='bbox 1367 1829 1653 1900; x_wconf 75' lang='lat' dir='ltr'><strong>fulgentem</strong></span> <span class='ocrx_word' id='word_1_129' title='bbox 1680 1841 1927 1897; x_wconf 84' lang='lat' dir='ltr'><strong>sponsam</strong></span> <span class='ocrx_word' id='word_1_130' title='bbox 1953 1825 2211 1881; x_wconf 82' lang='lat' dir='ltr'><strong>exhibuit.</strong></span> 
     </span>
    </p>
   </div>
   <div class='ocr_carea' id='block_1_20' title="bbox 840 2000 2307 2075">
    <p class='ocr_par' dir='ltr' id='par_1_20' title="bbox 840 2000 2307 2075">
     <span class='ocr_line' id='line_1_20' title="bbox 840 2000 2307 2075; baseline -0.004 -13"><span class='ocrx_word' id='word_1_131' title='bbox 840 2008 1002 2063; x_wconf 73' lang='lat' dir='ltr'><strong>Vsus.</strong></span> <span class='ocrx_word' id='word_1_132' title='bbox 1036 2007 1151 2062; x_wconf 85' lang='lat'><strong>6-8.</strong></span> <span class='ocrx_word' id='word_1_133' title='bbox 1192 2006 1299 2061; x_wconf 70' lang='lat' dir='ltr'><strong>«Et</strong></span> <span class='ocrx_word' id='word_1_134' title='bbox 1344 2020 1503 2075; x_wconf 86' lang='lat' dir='ltr'><strong>super</strong></span> <span class='ocrx_word' id='word_1_135' title='bbox 1547 2015 1729 2060; x_wconf 89' lang='lat' dir='ltr'><strong>muros</strong></span> <span class='ocrx_word' id='word_1_136' title='bbox 1786 2011 1928 2069; x_wconf 91' lang='lat' dir='ltr'><strong>tuos,</strong></span> <span class='ocrx_word' id='word_1_137' title='bbox 1987 2000 2307 2068; x_wconf 75' lang='lat' dir='ltr'><strong>Jerusalem,</strong></span> 
     </span>
    </p>
   </div>
   <div class='ocr_carea' id='block_1_21' title="bbox 770 2092 2308 2162">
    <p class='ocr_par' dir='ltr' id='par_1_21' title="bbox 770 2092 2308 2162">
     <span class='ocr_line' id='line_1_21' title="bbox 770 2092 2308 2162; baseline -0.004 -10"><span class='ocrx_word' id='word_1_138' title='bbox 770 2095 1021 2152; x_wconf 88' lang='lat' dir='ltr'><strong>constitui</strong></span> <span class='ocrx_word' id='word_1_139' title='bbox 1050 2095 1295 2149; x_wconf 89' lang='lat' dir='ltr'><strong>custodes</strong></span> <span class='ocrx_word' id='word_1_140' title='bbox 1323 2101 1430 2148; x_wconf 87' lang='lat' dir='ltr'><strong>tota</strong></span> <span class='ocrx_word' id='word_1_141' title='bbox 1459 2092 1551 2147; x_wconf 85' lang='lat' dir='ltr'><strong>die</strong></span> <span class='ocrx_word' id='word_1_142' title='bbox 1597 2104 1652 2146; x_wconf 88' lang='lat' dir='ltr'><strong>et</strong></span> <span class='ocrx_word' id='word_1_143' title='bbox 1686 2102 1794 2148; x_wconf 92' lang='lat' dir='ltr'><strong>tota</strong></span> <span class='ocrx_word' id='word_1_144' title='bbox 1833 2099 2010 2155; x_wconf 89' lang='lat' dir='ltr'><strong>nocte,</strong></span> <span class='ocrx_word' id='word_1_145' title='bbox 2047 2093 2138 2162; x_wconf 84' lang='lat' dir='ltr'><strong>qui</strong></span> <span class='ocrx_word' id='word_1_146' title='bbox 2173 2107 2308 2146; x_wconf 89' lang='lat' dir='ltr'><strong>nun-</strong></span> 
     </span>
    </p>
   </div>
   <div class='ocr_carea' id='block_1_22' title="bbox 767 2179 2308 2256">
    <p class='ocr_par' dir='ltr' id='par_1_22' title="bbox 767 2179 2308 2256">
     <span class='ocr_line' id='line_1_22' title="bbox 767 2179 2308 2256; baseline -0.004 -16"><span class='ocrx_word' id='word_1_147' title='bbox 767 2200 930 2256; x_wconf 83' lang='lat' dir='ltr'><strong>quam</strong></span> <span class='ocrx_word' id='word_1_148' title='bbox 973 2185 1240 2249; x_wconf 88' lang='lat' dir='ltr'><strong>tacebunt,</strong></span> <span class='ocrx_word' id='word_1_149' title='bbox 1281 2194 1546 2239; x_wconf 82' lang='lat' dir='ltr'><strong>memores</strong></span> <span class='ocrx_word' id='word_1_150' title='bbox 1589 2181 1818 2238; x_wconf 89' lang='lat' dir='ltr'><strong>Domini.</strong></span> <span class='ocrx_word' id='word_1_151' title='bbox 1880 2179 1995 2237; x_wconf 85' lang='lat' dir='ltr'><strong>Non</strong></span> <span class='ocrx_word' id='word_1_152' title='bbox 2041 2190 2124 2235; x_wconf 89' lang='lat' dir='ltr'><strong>est</strong></span> <span class='ocrx_word' id='word_1_153' title='bbox 2165 2180 2308 2235; x_wconf 90' lang='lat' dir='ltr'><strong>enim</strong></span> 
     </span>
    </p>
   </div>
   <div class='ocr_carea' id='block_1_23' title="bbox 768 2270 2308 2342">
    <p class='ocr_par' dir='ltr' id='par_1_23' title="bbox 768 2270 2308 2342">
     <span class='ocr_line' id='line_1_23' title="bbox 768 2270 2308 2342; baseline -0.003 -14"><span class='ocrx_word' id='word_1_154' title='bbox 768 2275 925 2332; x_wconf 85' lang='lat' dir='ltr'><strong>vobis</strong></span> <span class='ocrx_word' id='word_1_155' title='bbox 960 2274 1169 2339; x_wconf 83' lang='lat' dir='ltr'><strong>similis,</strong></span> <span class='ocrx_word' id='word_1_156' title='bbox 1203 2273 1248 2329; x_wconf 91' lang='lat' dir='ltr'><strong>si</strong></span> <span class='ocrx_word' id='word_1_157' title='bbox 1284 2272 1542 2342; x_wconf 74' lang='lat' dir='ltr'><strong>corrigat,</strong></span> <span class='ocrx_word' id='word_1_158' title='bbox 1577 2281 1632 2328; x_wconf 91' lang='lat' dir='ltr'><strong>et</strong></span> <span class='ocrx_word' id='word_1_159' title='bbox 1654 2271 1817 2326; x_wconf 77' lang='lat' dir='ltr'><strong>faciat</strong></span> <span class='ocrx_word' id='word_1_160' title='bbox 1846 2270 2146 2327; x_wconf 77' lang='lat' dir='ltr'><strong>Jerusalem</strong></span> <span class='ocrx_word' id='word_1_161' title='bbox 2180 2285 2308 2340; x_wconf 89' lang='lat' dir='ltr'><strong>gau-</strong></span> 
     </span>
    </p>
   </div>
   <div class='ocr_carea' id='block_1_24' title="bbox 767 2360 2306 2430">
    <p class='ocr_par' dir='ltr' id='par_1_24' title="bbox 767 2360 2306 2430">
     <span class='ocr_line' id='line_1_24' title="bbox 767 2360 2306 2430; baseline -0.006 -9"><span class='ocrx_word' id='word_1_162' title='bbox 767 2367 915 2422; x_wconf 83' lang='lat' dir='ltr'><strong>dium</strong></span> <span class='ocrx_word' id='word_1_163' title='bbox 940 2364 993 2419; x_wconf 90' lang='lat' dir='ltr'><strong>in</strong></span> <span class='ocrx_word' id='word_1_164' title='bbox 1024 2374 1180 2419; x_wconf 88' lang='lat' dir='ltr'><strong>terra.</strong></span> <span class='ocrx_word' id='word_1_165' title='bbox 1214 2360 1422 2417; x_wconf 68' lang='lat' dir='ltr'><strong>Iuravit</strong></span> <span class='ocrx_word' id='word_1_166' title='bbox 1458 2361 1715 2416; x_wconf 89' lang='lat' dir='ltr'><strong>Dominus</strong></span> <span class='ocrx_word' id='word_1_167' title='bbox 1746 2375 1843 2430; x_wconf 88' lang='lat' dir='ltr'><strong>per</strong></span> <span class='ocrx_word' id='word_1_168' title='bbox 1882 2360 2104 2430; x_wconf 83' lang='lat' dir='ltr'><strong>gloriam</strong></span> <span class='ocrx_word' id='word_1_169' title='bbox 2133 2374 2306 2424; x_wconf 87' lang='lat' dir='ltr'><strong>suam,</strong></span> 
     </span>
    </p>
   </div>
   <div class='ocr_carea' id='block_1_25' title="bbox 769 2445 2307 2519">
    <p class='ocr_par' dir='ltr' id='par_1_25' title="bbox 769 2445 2307 2519">
     <span class='ocr_line' id='line_1_25' title="bbox 769 2445 2307 2519; baseline -0.003 -14"><span class='ocrx_word' id='word_1_170' title='bbox 769 2460 825 2506; x_wconf 90' lang='lat' dir='ltr'><strong>et</strong></span> <span class='ocrx_word' id='word_1_171' title='bbox 853 2464 949 2519; x_wconf 91' lang='lat' dir='ltr'><strong>per</strong></span> <span class='ocrx_word' id='word_1_172' title='bbox 974 2448 1339 2504; x_wconf 74' lang='lat' dir='ltr'><strong>fortitudinem</strong></span> <span class='ocrx_word' id='word_1_173' title='bbox 1368 2448 1576 2503; x_wconf 84' lang='lat' dir='ltr'><strong>brachii</strong></span> <span class='ocrx_word' id='word_1_174' title='bbox 1601 2448 1702 2502; x_wconf 89' lang='lat' dir='ltr'><strong>sui.</strong></span> <span class='ocrx_word' id='word_1_175' title='bbox 1725 2466 1744 2499; x_wconf 76' lang='grc' dir='ltr'><strong>ι</strong></span> <span class='ocrx_word' id='word_1_176' title='bbox 1772 2445 1908 2502; x_wconf 88' lang='lat' dir='ltr'><strong>Olim</strong></span> <span class='ocrx_word' id='word_1_177' title='bbox 1941 2448 2136 2517; x_wconf 88' lang='lat' dir='ltr'><strong>quippe</strong></span> <span class='ocrx_word' id='word_1_178' title='bbox 2161 2458 2307 2517; x_wconf 88' lang='lat' dir='ltr'><strong>gesta</strong></span> 
     </span>
    </p>
   </div>
   <div class='ocr_carea' id='block_1_26' title="bbox 769 2535 2307 2605">
    <p class='ocr_par' dir='ltr' id='par_1_26' title="bbox 769 2535 2307 2605">
     <span class='ocr_line' id='line_1_26' title="bbox 769 2535 2307 2605; baseline -0.002 -12"><span class='ocrx_word' id='word_1_179' title='bbox 769 2549 898 2594; x_wconf 86' lang='lat' dir='ltr'><strong>sunt</strong></span> <span class='ocrx_word' id='word_1_180' title='bbox 929 2538 1053 2605; x_wconf 88' lang='lat' dir='ltr'><strong>ista,</strong></span> <span class='ocrx_word' id='word_1_181' title='bbox 1080 2552 1200 2593; x_wconf 87' lang='lat' dir='ltr'><strong>cum</strong></span> <span class='ocrx_word' id='word_1_182' title='bbox 1246 2535 1478 2591; x_wconf 85' lang='lat' dir='ltr'><strong>fructum</strong></span> <span class='ocrx_word' id='word_1_183' title='bbox 1508 2550 1661 2590; x_wconf 90' lang='lat' dir='ltr'><strong>suum</strong></span> <span class='ocrx_word' id='word_1_184' title='bbox 1692 2536 1745 2589; x_wconf 91' lang='lat' dir='ltr'><strong>in</strong></span> <span class='ocrx_word' id='word_1_185' title='bbox 1774 2535 1954 2591; x_wconf 90' lang='lat' dir='ltr'><strong>cibum</strong></span> <span class='ocrx_word' id='word_1_186' title='bbox 1983 2535 2174 2590; x_wconf 89' lang='lat' dir='ltr'><strong>darent</strong></span> <span class='ocrx_word' id='word_1_187' title='bbox 2208 2537 2307 2590; x_wconf 87' lang='lat' dir='ltr'><strong>ini-</strong></span> 
     </span>
    </p>
   </div>
   <div class='ocr_carea' id='block_1_27' title="bbox 767 2627 2307 2699">
    <p class='ocr_par' dir='ltr' id='par_1_27' title="bbox 767 2627 2307 2699">
     <span class='ocr_line' id='line_1_27' title="bbox 767 2627 2307 2699; baseline 0.001 -17"><span class='ocrx_word' id='word_1_188' title='bbox 767 2629 926 2684; x_wconf 86' lang='lat' dir='ltr'><strong>micis</strong></span> <span class='ocrx_word' id='word_1_189' title='bbox 978 2627 1090 2694; x_wconf 89' lang='lat' dir='ltr'><strong>Dei,</strong></span> <span class='ocrx_word' id='word_1_190' title='bbox 1135 2628 1188 2682; x_wconf 90' lang='lat' dir='ltr'><strong>id</strong></span> <span class='ocrx_word' id='word_1_191' title='bbox 1229 2635 1463 2699; x_wconf 86' lang='lat' dir='ltr'><strong>agentes,</strong></span> <span class='ocrx_word' id='word_1_192' title='bbox 1504 2627 1565 2681; x_wconf 91' lang='lat' dir='ltr'><strong>id</strong></span> <span class='ocrx_word' id='word_1_193' title='bbox 1605 2633 1876 2696; x_wconf 85' lang='lat' dir='ltr'><strong>curantes,</strong></span> <span class='ocrx_word' id='word_1_194' title='bbox 1909 2635 1968 2681; x_wconf 90' lang='lat' dir='ltr'><strong>ut</strong></span> <span class='ocrx_word' id='word_1_195' title='bbox 2015 2637 2162 2698; x_wconf 73' lang='lat' dir='ltr'><strong>gesta</strong></span> <span class='ocrx_word' id='word_1_196' title='bbox 2211 2643 2307 2684; x_wconf 84' lang='lat' dir='ltr'><strong>sua</strong></span> 
     </span>
    </p>
   </div>
   <div class='ocr_carea' id='block_1_28' title="bbox 769 2715 2308 2788">
    <p class='ocr_par' dir='ltr' id='par_1_28' title="bbox 769 2715 2308 2788">
     <span class='ocr_line' id='line_1_28' title="bbox 769 2715 2308 2788; baseline -0.001 -14"><span class='ocrx_word' id='word_1_197' title='bbox 769 2719 1105 2774; x_wconf 63' lang='lat' dir='ltr'><strong>damonibus</strong></span> <span class='ocrx_word' id='word_1_198' title='bbox 1149 2732 1269 2788; x_wconf 84' lang='lat' dir='ltr'><strong>esca</strong></span> <span class='ocrx_word' id='word_1_199' title='bbox 1326 2726 1526 2773; x_wconf 85' lang='lat' dir='ltr'><strong>essent.</strong></span> <span class='ocrx_word' id='word_1_200' title='bbox 1576 2715 1692 2773; x_wconf 75' lang='lat' dir='ltr'><strong>1am</strong></span> <span class='ocrx_word' id='word_1_201' title='bbox 1736 2733 1865 2772; x_wconf 84' lang='lat' dir='ltr'><strong>vero</strong></span> <span class='ocrx_word' id='word_1_202' title='bbox 1905 2717 1990 2782; x_wconf 88' lang='lat' dir='ltr'><strong>iis,</strong></span> <span class='ocrx_word' id='word_1_203' title='bbox 2023 2720 2114 2788; x_wconf 91' lang='lat' dir='ltr'><strong>qui</strong></span> <span class='ocrx_word' id='word_1_204' title='bbox 2173 2733 2308 2774; x_wconf 76' lang='lat' dir='ltr'><strong>novo</strong></span> 
     </span>
    </p>
   </div>
   <div class='ocr_carea' id='block_1_29' title="bbox 769 2807 2304 2879">
    <p class='ocr_par' dir='ltr' id='par_1_29' title="bbox 769 2807 2304 2879">
     <span class='ocr_line' id='line_1_29' title="bbox 769 2807 2304 2879; baseline 0.001 -16"><span class='ocrx_word' id='word_1_205' title='bbox 769 2807 975 2863; x_wconf 70' lang='lat' dir='ltr'><strong>saeculo-</strong></span> <span class='ocrx_word' id='word_1_206' title='bbox 1013 2807 1244 2864; x_wconf 90' lang='lat' dir='ltr'><strong>donandi</strong></span> <span class='ocrx_word' id='word_1_207' title='bbox 1283 2817 1335 2862; x_wconf 89' lang='lat' dir='ltr'><strong>et</strong></span> <span class='ocrx_word' id='word_1_208' title='bbox 1363 2807 1623 2878; x_wconf 87' lang='lat' dir='ltr'><strong>promissa</strong></span> <span class='ocrx_word' id='word_1_209' title='bbox 1657 2810 1929 2879; x_wconf 86' lang='lat' dir='ltr'><strong>accepturi</strong></span> <span class='ocrx_word' id='word_1_210' title='bbox 1983 2819 2127 2877; x_wconf 87' lang='lat' dir='ltr'><strong>sunt,</strong></span> <span class='ocrx_word' id='word_1_211' title='bbox 2157 2810 2304 2864; x_wconf 89' lang='lat' dir='ltr'><strong>iura-</strong></span> 
     </span>
    </p>
   </div>
   <div class='ocr_carea' id='block_1_30' title="bbox 765 2897 2308 2969">
    <p class='ocr_par' dir='ltr' id='par_1_30' title="bbox 765 2897 2308 2969">
     <span class='ocr_line' id='line_1_30' title="bbox 765 2897 2308 2969; baseline 0.002 -18"><span class='ocrx_word' id='word_1_212' title='bbox 765 2906 949 2953; x_wconf 86' lang='lat' dir='ltr'><strong>mento</strong></span> <span class='ocrx_word' id='word_1_213' title='bbox 972 2897 1224 2953; x_wconf 79' lang='lat' dir='ltr'><strong>Dominus</strong></span> <span class='ocrx_word' id='word_1_214' title='bbox 1240 2897 1486 2962; x_wconf 81' lang='lat' dir='ltr'><strong>aﬂirmat,</strong></span> <span class='ocrx_word' id='word_1_215' title='bbox 1504 2913 1564 2953; x_wconf 84' lang='lat' dir='ltr'><strong>se</strong></span> <span class='ocrx_word' id='word_1_216' title='bbox 1588 2914 1690 2954; x_wconf 90' lang='lat' dir='ltr'><strong>non</strong></span> <span class='ocrx_word' id='word_1_217' title='bbox 1709 2901 1936 2969; x_wconf 85' lang='lat' dir='ltr'><strong>amplius</strong></span> <span class='ocrx_word' id='word_1_218' title='bbox 1965 2901 2195 2956; x_wconf 90' lang='lat' dir='ltr'><strong>inimicis</strong></span> <span class='ocrx_word' id='word_1_219' title='bbox 2216 2901 2308 2956; x_wconf 88' lang='lat' dir='ltr'><strong>da-</strong></span> 
     </span>
    </p>
   </div>
   <div class='ocr_carea' id='block_1_31' title="bbox 769 2988 2309 3058">
    <p class='ocr_par' dir='ltr' id='par_1_31' title="bbox 769 2988 2309 3058">
     <span class='ocr_line' id='line_1_31' title="bbox 769 2988 2309 3058; baseline 0.004 -18"><span class='ocrx_word' id='word_1_220' title='bbox 769 2998 946 3042; x_wconf 88' lang='lat' dir='ltr'><strong>turum</strong></span> <span class='ocrx_word' id='word_1_221' title='bbox 975 3001 1094 3042; x_wconf 84' lang='lat' dir='ltr'><strong>esse</strong></span> <span class='ocrx_word' id='word_1_222' title='bbox 1129 2988 1336 3044; x_wconf 87' lang='lat' dir='ltr'><strong>fructus</strong></span> <span class='ocrx_word' id='word_1_223' title='bbox 1366 3002 1568 3053; x_wconf 90' lang='lat' dir='ltr'><strong>eorum,</strong></span> <span class='ocrx_word' id='word_1_224' title='bbox 1613 2991 1707 3045; x_wconf 88' lang='lat' dir='ltr'><strong>sed</strong></span> <span class='ocrx_word' id='word_1_225' title='bbox 1755 2991 1905 3058; x_wconf 84' lang='lat' dir='ltr'><strong>ipsos</strong></span> <span class='ocrx_word' id='word_1_226' title='bbox 1943 2991 2010 3045; x_wconf 90' lang='lat' dir='ltr'><strong>iis</strong></span> <span class='ocrx_word' id='word_1_227' title='bbox 2053 2990 2309 3046; x_wconf 84' lang='lat' dir='ltr'><strong>fruiturus</strong></span> 
     </span>
    </p>
   </div>
   <div class='ocr_carea' id='block_1_32' title="bbox 771 3075 2308 3149">
    <p class='ocr_par' dir='ltr' id='par_1_32' title="bbox 771 3075 2308 3149">
     <span class='ocr_line' id='line_1_32' title="bbox 771 3075 2308 3149; baseline 0.003 -18"><span class='ocrx_word' id='word_1_228' title='bbox 771 3090 915 3131; x_wconf 85' lang='lat' dir='ltr'><strong>esse.</strong></span> <span class='ocrx_word' id='word_1_229' title='bbox 948 3075 1080 3129; x_wconf 78' lang='lat' dir='ltr'><strong>Nam</strong></span> <span class='ocrx_word' id='word_1_230' title='bbox 1126 3091 1246 3130; x_wconf 86' lang='lat' dir='ltr'><strong>eum</strong></span> <span class='ocrx_word' id='word_1_231' title='bbox 1288 3077 1508 3146; x_wconf 83' lang='lat' dir='ltr'><strong>probam</strong></span> <span class='ocrx_word' id='word_1_232' title='bbox 1544 3079 1706 3132; x_wconf 89' lang='lat' dir='ltr'><strong>vitam</strong></span> <span class='ocrx_word' id='word_1_233' title='bbox 1754 3087 1908 3148; x_wconf 90' lang='lat' dir='ltr'><strong>agant</strong></span> <span class='ocrx_word' id='word_1_234' title='bbox 1959 3093 2022 3135; x_wconf 89' lang='lat' dir='ltr'><strong>ac</strong></span> <span class='ocrx_word' id='word_1_235' title='bbox 2062 3079 2308 3149; x_wconf 78' lang='lat' dir='ltr'><strong>religiose</strong></span> 
     </span>
    </p>
   </div>
   <div class='ocr_carea' id='block_1_33' title="bbox 769 3143 2376 3240">
    <p class='ocr_par' dir='ltr' id='par_1_33' title="bbox 769 3143 2376 3240">
     <span class='ocr_line' id='line_1_33' title="bbox 769 3143 2376 3240; baseline 0.003 -21"><span class='ocrx_word' id='word_1_236' title='bbox 769 3177 1079 3230; x_wconf 87' lang='lat' dir='ltr'><strong>versentur,</strong></span> <span class='ocrx_word' id='word_1_237' title='bbox 1117 3143 1326 3236; x_wconf 67' lang='lat' dir='ltr'><strong>aequum</strong></span> <span class='ocrx_word' id='word_1_238' title='bbox 1365 3182 1493 3223; x_wconf 88' lang='lat' dir='ltr'><strong>sane</strong></span> <span class='ocrx_word' id='word_1_239' title='bbox 1532 3178 1614 3223; x_wconf 89' lang='lat' dir='ltr'><strong>est</strong></span> <span class='ocrx_word' id='word_1_240' title='bbox 1659 3179 1719 3223; x_wconf 90' lang='lat' dir='ltr'><strong>ut</strong></span> <span class='ocrx_word' id='word_1_241' title='bbox 1760 3143 1992 3239; x_wconf 69' lang='lat' dir='ltr'><strong>propriis</strong></span> <span class='ocrx_word' id='word_1_242' title='bbox 2045 3143 2308 3240; x_wconf 74' lang='lat' dir='ltr'><strong>gaudeant</strong></span> <span class='ocrx_word' id='word_1_243' title='bbox 2333 3143 2376 3201; x_wconf 58' lang='grc' dir='ltr'><strong>(ἶ</strong></span> 
     </span>
    </p>
   </div>
   <div class='ocr_carea' id='block_1_34' title="bbox 772 3257 2307 3327">
    <p class='ocr_par' dir='ltr' id='par_1_34' title="bbox 772 3257 2307 3327">
     <span class='ocr_line' id='line_1_34' title="bbox 772 3257 2307 3327; baseline 0.001 -15"><span class='ocrx_word' id='word_1_244' title='bbox 772 3257 1054 3313; x_wconf 87' lang='lat' dir='ltr'><strong>fructibus.</strong></span> <span class='ocrx_word' id='word_1_245' title='bbox 1092 3277 1117 3309; x_wconf 76' lang='grc' dir='ltr'><strong>σ</strong></span> <span class='ocrx_word' id='word_1_246' title='bbox 1141 3259 1198 3313; x_wconf 77' lang='lat' dir='ltr'><strong>Si</strong></span> <span class='ocrx_word' id='word_1_247' title='bbox 1225 3259 1361 3312; x_wconf 90' lang='lat' dir='ltr'><strong>ultra</strong></span> <span class='ocrx_word' id='word_1_248' title='bbox 1395 3259 1592 3313; x_wconf 91' lang='lat' dir='ltr'><strong>dedero</strong></span> <span class='ocrx_word' id='word_1_249' title='bbox 1623 3260 1861 3313; x_wconf 89' lang='lat' dir='ltr'><strong>triticum</strong></span> <span class='ocrx_word' id='word_1_250' title='bbox 1903 3268 2074 3327; x_wconf 88' lang='lat' dir='ltr'><strong>tuum,</strong></span> <span class='ocrx_word' id='word_1_251' title='bbox 2103 3270 2159 3314; x_wconf 91' lang='lat' dir='ltr'><strong>et</strong></span> <span class='ocrx_word' id='word_1_252' title='bbox 2204 3261 2307 3314; x_wconf 88' lang='lat' dir='ltr'><strong>ali-</strong></span> 
     </span>
    </p>
   </div>
   <div class='ocr_carea' id='block_1_35' title="bbox 772 3349 2306 3414">
    <p class='ocr_par' dir='ltr' id='par_1_35' title="bbox 772 3349 2306 3414">
     <span class='ocr_line' id='line_1_35' title="bbox 772 3349 2306 3414; baseline 0.004 -11"><span class='ocrx_word' id='word_1_253' title='bbox 772 3357 953 3404; x_wconf 86' lang='lat' dir='ltr'><strong>menta</strong></span> <span class='ocrx_word' id='word_1_254' title='bbox 977 3358 1063 3403; x_wconf 91' lang='lat' dir='ltr'><strong>tua</strong></span> <span class='ocrx_word' id='word_1_255' title='bbox 1091 3349 1320 3404; x_wconf 82' lang='lat' dir='ltr'><strong>inimicis</strong></span> <span class='ocrx_word' id='word_1_256' title='bbox 1345 3349 1469 3414; x_wconf 89' lang='lat' dir='ltr'><strong>tuis,</strong></span> <span class='ocrx_word' id='word_1_257' title='bbox 1492 3359 1546 3404; x_wconf 89' lang='lat' dir='ltr'><strong>et</strong></span> <span class='ocrx_word' id='word_1_258' title='bbox 1572 3351 1632 3404; x_wconf 78' lang='lat' dir='ltr'><strong>si‘</strong></span> <span class='ocrx_word' id='word_1_259' title='bbox 1649 3351 1786 3405; x_wconf 80' lang='lat' dir='ltr'><strong>ultra</strong></span> <span class='ocrx_word' id='word_1_260' title='bbox 1808 3351 1997 3407; x_wconf 91' lang='lat' dir='ltr'><strong>bibant</strong></span> <span class='ocrx_word' id='word_1_261' title='bbox 2023 3351 2122 3406; x_wconf 88' lang='lat' dir='ltr'><strong>filii</strong></span> <span class='ocrx_word' id='word_1_262' title='bbox 2145 3353 2306 3409; x_wconf 84' lang='lat' dir='ltr'><strong>alieni</strong></span> 
     </span>
    </p>
   </div>
   <div class='ocr_carea' id='block_1_36' title="bbox 769 3440 1693 3512">
    <p class='ocr_par' dir='ltr' id='par_1_36' title="bbox 769 3440 1693 3512">
     <span class='ocr_line' id='line_1_36' title="bbox 769 3440 1693 3512; baseline 0.001 -18"><span class='ocrx_word' id='word_1_263' title='bbox 769 3441 951 3495; x_wconf 91' lang='lat' dir='ltr'><strong>vinum</strong></span> <span class='ocrx_word' id='word_1_264' title='bbox 981 3448 1152 3508; x_wconf 90' lang='lat' dir='ltr'><strong>tuum,</strong></span> <span class='ocrx_word' id='word_1_265' title='bbox 1182 3440 1236 3495; x_wconf 91' lang='lat' dir='ltr'><strong>in</strong></span> <span class='ocrx_word' id='word_1_266' title='bbox 1262 3454 1370 3512; x_wconf 89' lang='lat' dir='ltr'><strong>quo</strong></span> <span class='ocrx_word' id='word_1_267' title='bbox 1397 3440 1649 3498; x_wconf 82' lang='lat' dir='ltr'><strong>laborasti</strong></span> <span class='ocrx_word' id='word_1_268' title='bbox 1675 3456 1693 3495; x_wconf 90' lang='lat'><strong>:</strong></span> 
     </span>
    </p>
   </div>
   <div class='ocr_carea' id='block_1_37' title="bbox 841 3617 2308 3691">
    <p class='ocr_par' dir='ltr' id='par_1_37' title="bbox 841 3617 2308 3691">
     <span class='ocr_line' id='line_1_37' title="bbox 841 3617 2308 3691; baseline 0.004 -21"><span class='ocrx_word' id='word_1_269' title='bbox 841 3617 1003 3672; x_wconf 75' lang='lat' dir='ltr'><strong>Vens.</strong></span> <span class='ocrx_word' id='word_1_270' title='bbox 1038 3617 1091 3673; x_wconf 91' lang='lat'><strong>9.</strong></span> <span class='ocrx_word' id='word_1_271' title='bbox 1140 3636 1158 3670; x_wconf 82' lang='grc' dir='ltr'><strong>ι</strong></span> <span class='ocrx_word' id='word_1_272' title='bbox 1183 3617 1289 3674; x_wconf 90' lang='lat' dir='ltr'><strong>Sed</strong></span> <span class='ocrx_word' id='word_1_273' title='bbox 1327 3618 1418 3689; x_wconf 89' lang='lat' dir='ltr'><strong>qui</strong></span> <span class='ocrx_word' id='word_1_274' title='bbox 1463 3619 1796 3691; x_wconf 88' lang='lat' dir='ltr'><strong>collegerint,</strong></span> <span class='ocrx_word' id='word_1_275' title='bbox 1825 3621 2105 3676; x_wconf 90' lang='lat' dir='ltr'><strong>comedent</strong></span> <span class='ocrx_word' id='word_1_276' title='bbox 2133 3636 2219 3688; x_wconf 85' lang='lat' dir='ltr'><strong>ea,</strong></span> <span class='ocrx_word' id='word_1_277' title='bbox 2253 3630 2308 3676; x_wconf 92' lang='lat' dir='ltr'><strong>et</strong></span> 
     </span>
    </p>
   </div>
   <div class='ocr_carea' id='block_1_38' title="bbox 767 3705 2307 3781">
    <p class='ocr_par' dir='ltr' id='par_1_38' title="bbox 767 3705 2307 3781">
     <span class='ocr_line' id='line_1_38' title="bbox 767 3705 2307 3781; baseline 0.005 -23"><span class='ocrx_word' id='word_1_278' title='bbox 767 3705 1060 3762; x_wconf 83' lang='lat' dir='ltr'><strong>laudabunt</strong></span> <span class='ocrx_word' id='word_1_279' title='bbox 1090 3706 1396 3773; x_wconf 87' lang='lat' dir='ltr'><strong>Dominum,</strong></span> <span class='ocrx_word' id='word_1_280' title='bbox 1421 3717 1475 3764; x_wconf 89' lang='lat' dir='ltr'><strong>et</strong></span> <span class='ocrx_word' id='word_1_281' title='bbox 1501 3710 1596 3779; x_wconf 89' lang='lat' dir='ltr'><strong>qui</strong></span> <span class='ocrx_word' id='word_1_282' title='bbox 1625 3712 2092 3781; x_wconf 87' lang='lat' dir='ltr'><strong>congregaverint,</strong></span> <span class='ocrx_word' id='word_1_283' title='bbox 2124 3713 2307 3768; x_wconf 79' lang='lat' dir='ltr'><strong>bibent</strong></span> 
     </span>
    </p>
   </div>
   <div class='ocr_carea' id='block_1_39' title="bbox 773 3797 2306 3859">
    <p class='ocr_par' dir='ltr' id='par_1_39' title="bbox 773 3797 2306 3859">
     <span class='ocr_line' id='line_1_39' title="bbox 773 3797 2306 3859; baseline 0.005 -8"><span class='ocrx_word' id='word_1_284' title='bbox 773 3811 835 3851; x_wconf 88' lang='lat' dir='ltr'><strong>ea</strong></span> <span class='ocrx_word' id='word_1_285' title='bbox 860 3797 913 3851; x_wconf 92' lang='lat' dir='ltr'><strong>in</strong></span> <span class='ocrx_word' id='word_1_286' title='bbox 947 3798 1099 3852; x_wconf 91' lang='lat' dir='ltr'><strong>atriis</strong></span> <span class='ocrx_word' id='word_1_287' title='bbox 1129 3799 1332 3854; x_wconf 87' lang='lat' dir='ltr'><strong>sanctis</strong></span> <span class='ocrx_word' id='word_1_288' title='bbox 1371 3800 1524 3854; x_wconf 84' lang='lat' dir='ltr'><strong>meis.</strong></span> <span class='ocrx_word' id='word_1_289' title='bbox 1547 3819 1567 3852; x_wconf 73' lang='grc' dir='ltr'><strong>ι</strong></span> <span class='ocrx_word' id='word_1_290' title='bbox 1604 3799 1728 3856; x_wconf 66' lang='lat' dir='ltr'><strong>llaec</strong></span> <span class='ocrx_word' id='word_1_291' title='bbox 1750 3815 1878 3856; x_wconf 86' lang='lat' dir='ltr'><strong>vero</strong></span> <span class='ocrx_word' id='word_1_292' title='bbox 1903 3802 2102 3857; x_wconf 88' lang='lat' dir='ltr'><strong>fuerint</strong></span> <span class='ocrx_word' id='word_1_293' title='bbox 2126 3803 2306 3859; x_wconf 78' lang='lat' dir='ltr'><strong>multa:</strong></span> 
     </span>
    </p>
   </div>
   <div class='ocr_carea' id='block_1_40' title="bbox 779 3887 1650 3960">
    <p class='ocr_par' dir='ltr' id='par_1_40' title="bbox 779 3887 1650 3960">
     <span class='ocr_line' id='line_1_40' title="bbox 779 3887 1650 3960; baseline 0.005 -18"><span class='ocrx_word' id='word_1_294' title='bbox 779 3887 882 3942; x_wconf 75' lang='lat' dir='ltr'><strong>illa:</strong></span> <span class='ocrx_word' id='word_1_295' title='bbox 908 3889 1213 3945; x_wconf 87' lang='lat' dir='ltr'><strong>mansiones</strong></span> <span class='ocrx_word' id='word_1_296' title='bbox 1242 3891 1380 3960; x_wconf 91' lang='lat' dir='ltr'><strong>apud</strong></span> <span class='ocrx_word' id='word_1_297' title='bbox 1417 3891 1650 3948; x_wconf 83' lang='lat' dir='ltr'><strong>Patrem.</strong></span> 
     </span>
    </p>
   </div>
   <div class='ocr_carea' id='block_1_41' title="bbox 844 3977 2302 4056">
    <p class='ocr_par' dir='ltr' id='par_1_41' title="bbox 844 3977 2302 4056">
     <span class='ocr_line' id='line_1_41' title="bbox 844 3977 2302 4056; baseline 0.006 -23"><span class='ocrx_word' id='word_1_298' title='bbox 844 3977 1002 4035; x_wconf 74' lang='lat' dir='ltr'><strong>Vsus.</strong></span> <span class='ocrx_word' id='word_1_299' title='bbox 1041 3980 1127 4034; x_wconf 80' lang='grc'><strong>10.</strong></span> <span class='ocrx_word' id='word_1_300' title='bbox 1168 3998 1187 4032; x_wconf 83' lang='grc' dir='ltr'><strong>ι</strong></span> <span class='ocrx_word' id='word_1_301' title='bbox 1216 3982 1291 4037; x_wconf 88' lang='lat' dir='ltr'><strong>lte</strong></span> <span class='ocrx_word' id='word_1_302' title='bbox 1321 3997 1416 4050; x_wconf 89' lang='lat' dir='ltr'><strong>per</strong></span> <span class='ocrx_word' id='word_1_303' title='bbox 1437 3994 1621 4052; x_wconf 87' lang='lat' dir='ltr'><strong>portas</strong></span> <span class='ocrx_word' id='word_1_304' title='bbox 1648 3999 1812 4040; x_wconf 83' lang='lat' dir='ltr'><strong>meas.</strong></span> <span class='ocrx_word' id='word_1_305' title='bbox 1839 4003 1858 4037; x_wconf 74' lang='grc' dir='ltr'><strong>ι</strong></span> <span class='ocrx_word' id='word_1_306' title='bbox 1887 3985 1983 4042; x_wconf 83' lang='lat' dir='ltr'><strong>His</strong></span> <span class='ocrx_word' id='word_1_307' title='bbox 2013 4001 2173 4056; x_wconf 91' lang='lat' dir='ltr'><strong>porro</strong></span> <span class='ocrx_word' id='word_1_308' title='bbox 2205 4002 2302 4042; x_wconf 90' lang='lat' dir='ltr'><strong>no-</strong></span> 
     </span>
    </p>
   </div>
   <div class='ocr_carea' id='block_1_42' title="bbox 767 4067 2303 4142">
    <p class='ocr_par' dir='ltr' id='par_1_42' title="bbox 767 4067 2303 4142">
     <span class='ocr_line' id='line_1_42' title="bbox 767 4067 2303 4142; baseline 0.005 -18"><span class='ocrx_word' id='word_1_309' title='bbox 767 4067 856 4126; x_wconf 89' lang='lat' dir='ltr'><strong>bis</strong></span> <span class='ocrx_word' id='word_1_310' title='bbox 883 4070 1325 4125; x_wconf 89' lang='lat' dir='ltr'><strong>considerandam</strong></span> <span class='ocrx_word' id='word_1_311' title='bbox 1351 4070 1509 4127; x_wconf 78' lang='lat' dir='ltr'><strong>oﬂ&#39;ert</strong></span> <span class='ocrx_word' id='word_1_312' title='bbox 1555 4073 1830 4129; x_wconf 62' lang='lat' dir='ltr'><strong>caelestem</strong></span> <span class='ocrx_word' id='word_1_313' title='bbox 1867 4074 1962 4129; x_wconf 90' lang='lat' dir='ltr'><strong>Dei</strong></span> <span class='ocrx_word' id='word_1_314' title='bbox 2006 4077 2303 4142; x_wconf 88' lang='lat' dir='ltr'><strong>civitatem,</strong></span> 
     </span>
    </p>
   </div>
   <div class='ocr_carea' id='block_1_43' title="bbox 768 4157 2307 4230">
    <p class='ocr_par' dir='ltr' id='par_1_43' title="bbox 768 4157 2307 4230">
     <span class='ocr_line' id='line_1_43' title="bbox 768 4157 2307 4230; baseline 0.003 -18"><span class='ocrx_word' id='word_1_315' title='bbox 768 4157 987 4226; x_wconf 82' lang='lat' dir='ltr'><strong>ejusque</strong></span> <span class='ocrx_word' id='word_1_316' title='bbox 1023 4167 1203 4226; x_wconf 88' lang='lat' dir='ltr'><strong>portas</strong></span> <span class='ocrx_word' id='word_1_317' title='bbox 1235 4173 1249 4208; x_wconf 92' lang='lat'>:</span> <span class='ocrx_word' id='word_1_318' title='bbox 1277 4173 1398 4228; x_wconf 80' lang='lat' dir='ltr'><strong>qua:</strong></span> <span class='ocrx_word' id='word_1_319' title='bbox 1441 4158 1620 4212; x_wconf 89' lang='lat' dir='ltr'><strong>omnia</strong></span> <span class='ocrx_word' id='word_1_320' title='bbox 1665 4159 1719 4213; x_wconf 89' lang='lat' dir='ltr'><strong>in</strong></span> <span class='ocrx_word' id='word_1_321' title='bbox 1774 4159 1883 4225; x_wconf 90' lang='lat' dir='ltr'><strong>illo,</strong></span> <span class='ocrx_word' id='word_1_322' title='bbox 1921 4161 2062 4230; x_wconf 87' lang='lat' dir='ltr'><strong>quod</strong></span> <span class='ocrx_word' id='word_1_323' title='bbox 2092 4161 2307 4230; x_wconf 88' lang='lat' dir='ltr'><strong>pollice-</strong></span> 
     </span>
    </p>
   </div>
   <div class='ocr_carea' id='block_1_44' title="bbox 769 4248 2307 4322">
    <p class='ocr_par' dir='ltr' id='par_1_44' title="bbox 769 4248 2307 4322">
     <span class='ocr_line' id='line_1_44' title="bbox 769 4248 2307 4322; baseline 0.003 -21"><span class='ocrx_word' id='word_1_324' title='bbox 769 4258 878 4315; x_wconf 90' lang='lat' dir='ltr'><strong>tur,</strong></span> <span class='ocrx_word' id='word_1_325' title='bbox 908 4248 1103 4303; x_wconf 68' lang='lat' dir='ltr'><strong>saculo</strong></span> <span class='ocrx_word' id='word_1_326' title='bbox 1140 4249 1319 4318; x_wconf 88' lang='lat' dir='ltr'><strong>dignis</strong></span> <span class='ocrx_word' id='word_1_327' title='bbox 1345 4250 1664 4318; x_wconf 85' lang='lat' dir='ltr'><strong>pandentur.</strong></span> <span class='ocrx_word' id='word_1_328' title='bbox 1698 4265 1761 4305; x_wconf 91' lang='lat' dir='ltr'><strong>ac</strong></span> <span class='ocrx_word' id='word_1_329' title='bbox 1791 4252 2034 4307; x_wconf 88' lang='lat' dir='ltr'><strong>dicetur:</strong></span> <span class='ocrx_word' id='word_1_330' title='bbox 2075 4272 2093 4304; x_wconf 88' lang='grc'><strong>‹</strong></span> <span class='ocrx_word' id='word_1_331' title='bbox 2112 4252 2187 4307; x_wconf 84' lang='lat' dir='ltr'><strong>lte</strong></span> <span class='ocrx_word' id='word_1_332' title='bbox 2212 4267 2307 4322; x_wconf 91' lang='lat' dir='ltr'><strong>per</strong></span> 
     </span>
    </p>
   </div>
   <div class='ocr_carea' id='block_1_45' title="bbox 765 4338 2307 4411">
    <p class='ocr_par' dir='ltr' id='par_1_45' title="bbox 765 4338 2307 4411">
     <span class='ocr_line' id='line_1_45' title="bbox 765 4338 2307 4411; baseline 0.004 -20"><span class='ocrx_word' id='word_1_333' title='bbox 765 4347 952 4407; x_wconf 89' lang='lat' dir='ltr'><strong>portas</strong></span> <span class='ocrx_word' id='word_1_334' title='bbox 984 4352 1152 4404; x_wconf 88' lang='lat' dir='ltr'><strong>meas,</strong></span> <span class='ocrx_word' id='word_1_335' title='bbox 1175 4347 1228 4392; x_wconf 89' lang='lat' dir='ltr'><strong>et</strong></span> <span class='ocrx_word' id='word_1_336' title='bbox 1256 4340 1395 4393; x_wconf 87' lang='lat' dir='ltr'><strong>viam</strong></span> <span class='ocrx_word' id='word_1_337' title='bbox 1427 4338 1586 4396; x_wconf 81' lang='lat' dir='ltr'><strong>facite</strong></span> <span class='ocrx_word' id='word_1_338' title='bbox 1619 4340 1809 4409; x_wconf 89' lang='lat' dir='ltr'><strong>populo</strong></span> <span class='ocrx_word' id='word_1_339' title='bbox 1833 4356 1973 4406; x_wconf 89' lang='lat' dir='ltr'><strong>meo,</strong></span> <span class='ocrx_word' id='word_1_340' title='bbox 1999 4342 2307 4411; x_wconf 86' lang='lat' dir='ltr'><strong>lapidesque</strong></span> 
     </span>
    </p>
   </div>
   <div class='ocr_carea' id='block_1_46' title="bbox 2410 534 3959 623">
    <p class='ocr_par' dir='ltr' id='par_1_46' title="bbox 2410 534 3959 623">
     <span class='ocr_line' id='line_1_46' title="bbox 2410 534 3959 623; baseline -0.011 -17"><span class='ocrx_word' id='word_1_341' title='bbox 2410 552 2509 623; x_wconf 79' lang='grc' dir='ltr'><strong>τὴν</strong></span> <span class='ocrx_word' id='word_1_342' title='bbox 2537 550 2695 618; x_wconf 79' lang='grc' dir='ltr'>άγίαν</span> <span class='ocrx_word' id='word_1_343' title='bbox 2727 546 3064 617; x_wconf 83' lang='grc' dir='ltr'>Ἐκκλησίαν,</span> <span class='ocrx_word' id='word_1_344' title='bbox 3118 546 3182 597; x_wconf 69' lang='grc' dir='ltr'><strong>εκ</strong></span> <span class='ocrx_word' id='word_1_345' title='bbox 3212 541 3426 596; x_wconf 84' lang='grc' dir='ltr'>τελείων</span> <span class='ocrx_word' id='word_1_346' title='bbox 3479 538 3654 610; x_wconf 81' lang='grc' dir='ltr'>μελῶν</span> <span class='ocrx_word' id='word_1_347' title='bbox 3683 534 3959 592; x_wconf 82' lang='grc' dir='ltr'>συνεστῶ-</span> 
     </span>
    </p>
   </div>
   <div class='ocr_carea' id='block_1_47' title="bbox 2412 624 3962 706">
    <p class='ocr_par' dir='ltr' id='par_1_47' title="bbox 2412 624 3962 706">
     <span class='ocr_line' id='line_1_47' title="bbox 2412 624 3962 706; baseline -0.009 -11"><span class='ocrx_word' id='word_1_348' title='bbox 2412 659 2530 704; x_wconf 86' lang='grc' dir='ltr'>σαν,</span> <span class='ocrx_word' id='word_1_349' title='bbox 2584 640 2646 693; x_wconf 73' lang='grc' dir='ltr'>εκ</span> <span class='ocrx_word' id='word_1_350' title='bbox 2674 656 2733 692; x_wconf 86' lang='grc' dir='ltr'><strong>τε</strong></span> <span class='ocrx_word' id='word_1_351' title='bbox 2780 636 2873 690; x_wconf 80' lang='grc' dir='ltr'><strong>τοῦ</strong></span> <span class='ocrx_word' id='word_1_352' title='bbox 2912 634 3174 706; x_wconf 79' lang='grc' dir='ltr'><strong>προτέρου</strong></span> <span class='ocrx_word' id='word_1_353' title='bbox 3212 631 3340 686; x_wconf 80' lang='grc' dir='ltr'>λαοῦ</span> <span class='ocrx_word' id='word_1_354' title='bbox 3382 631 3478 685; x_wconf 75' lang='grc' dir='ltr'>καὶ</span> <span class='ocrx_word' id='word_1_355' title='bbox 3506 627 3601 683; x_wconf 79' lang='grc' dir='ltr'>τοῦ</span> <span class='ocrx_word' id='word_1_356' title='bbox 3624 628 3743 682; x_wconf 96' lang='grc' dir='ltr'>νέου</span> <span class='ocrx_word' id='word_1_357' title='bbox 3779 626 3874 682; x_wconf 74' lang='grc' dir='ltr'><strong>τοῦ</strong></span> <span class='ocrx_word' id='word_1_358' title='bbox 3896 624 3962 691; x_wconf 62' lang='grc' dir='ltr'>ἑξ</span> 
     </span>
    </p>
   </div>
   <div class='ocr_carea' id='block_1_48' title="bbox 2408 717 3961 798">
    <p class='ocr_par' dir='ltr' id='par_1_48' title="bbox 2408 717 3961 798">
     <span class='ocr_line' id='line_1_48' title="bbox 2408 717 3961 798; baseline -0.012 -12"><span class='ocrx_word' id='word_1_359' title='bbox 2408 732 2594 786; x_wconf 81' lang='grc' dir='ltr'>ἐθνῶν.</span> <span class='ocrx_word' id='word_1_360' title='bbox 2621 725 2751 784; x_wconf 77' lang='grc' dir='ltr'>Εἶτα</span> <span class='ocrx_word' id='word_1_361' title='bbox 2801 728 2893 782; x_wconf 78' lang='grc' dir='ltr'>καὶ</span> <span class='ocrx_word' id='word_1_362' title='bbox 2930 726 3064 798; x_wconf 81' lang='grc' dir='ltr'>πρὸς</span> <span class='ocrx_word' id='word_1_363' title='bbox 3094 725 3193 795; x_wconf 82' lang='grc' dir='ltr'>τὴν</span> <span class='ocrx_word' id='word_1_364' title='bbox 3227 720 3546 793; x_wconf 77' lang='grc' dir='ltr'><strong>Ἐκκλησίαν</strong></span> <span class='ocrx_word' id='word_1_365' title='bbox 3575 721 3802 772; x_wconf 82' lang='grc' dir='ltr'>ποιεῖται</span> <span class='ocrx_word' id='word_1_366' title='bbox 3823 717 3961 780; x_wconf 76' lang='grc' dir='ltr'>τοὺς</span> 
     </span>
    </p>
   </div>
   <div class='ocr_carea' id='block_1_49' title="bbox 2409 800 3964 888">
    <p class='ocr_par' dir='ltr' id='par_1_49' title="bbox 2409 800 3964 888">
     <span class='ocr_line' id='line_1_49' title="bbox 2409 800 3964 888; baseline -0.012 -14"><span class='ocrx_word' id='word_1_367' title='bbox 2409 821 2626 888; x_wconf 87' lang='grc' dir='ltr'>λόγους·</span> <span class='ocrx_word' id='word_1_368' title='bbox 2646 817 2845 886; x_wconf 79' lang='grc' dir='ltr'><strong>ταύτης</strong></span> <span class='ocrx_word' id='word_1_369' title='bbox 2871 814 3152 884; x_wconf 89' lang='grc' dir='ltr'>γεγόνασιν</span> <span class='ocrx_word' id='word_1_370' title='bbox 3183 811 3289 862; x_wconf 74' lang='lat' dir='ltr'><strong>uici.</strong></span> <span class='ocrx_word' id='word_1_371' title='bbox 3322 808 3459 862; x_wconf 87' lang='grc' dir='ltr'><strong>κατά</strong></span> <span class='ocrx_word' id='word_1_372' title='bbox 3482 807 3658 878; x_wconf 80' lang='grc' dir='ltr'>σάρκα</span> <span class='ocrx_word' id='word_1_373' title='bbox 3683 807 3733 858; x_wconf 78' lang='lat' dir='ltr'><strong>ei</strong></span> <span class='ocrx_word' id='word_1_374' title='bbox 3760 800 3964 858; x_wconf 64' lang='grc' dir='ltr'>θεοπύ-</span> 
     </span>
    </p>
   </div>
   <div class='ocr_carea' id='block_1_50' title="bbox 2411 893 3959 980">
    <p class='ocr_par' dir='ltr' id='par_1_50' title="bbox 2411 893 3959 980">
     <span class='ocr_line' id='line_1_50' title="bbox 2411 893 3959 980; baseline -0.012 -17"><span class='ocrx_word' id='word_1_375' title='bbox 2411 927 2513 962; x_wconf 90' lang='grc' dir='ltr'>σιοι</span> <span class='ocrx_word' id='word_1_376' title='bbox 2543 906 2793 980; x_wconf 81' lang='grc' dir='ltr'>μαθηταὶ,</span> <span class='ocrx_word' id='word_1_377' title='bbox 2816 905 2911 976; x_wconf 79' lang='grc' dir='ltr'><strong>τὴν</strong></span> <span class='ocrx_word' id='word_1_378' title='bbox 2931 902 3209 972; x_wconf 80' lang='grc' dir='ltr'>είς.ἀκραν</span> <span class='ocrx_word' id='word_1_379' title='bbox 3229 900 3398 969; x_wconf 79' lang='grc' dir='ltr'>αὐτῆς</span> <span class='ocrx_word' id='word_1_380' title='bbox 3422 896 3681 962; x_wconf 79' lang='grc' dir='ltr'>σώζοντες</span> <span class='ocrx_word' id='word_1_381' title='bbox 3700 893 3925 962; x_wconf 80' lang='grc' dir='ltr'><strong>ἀγάπην</strong></span> <span class='ocrx_word' id='word_1_382' title='bbox 3941 909 3959 924; x_wconf 66' lang='grc'><strong><em>³</em></strong></span> 
     </span>
    </p>
   </div>
   <div class='ocr_carea' id='block_1_51' title="bbox 2409 980 3964 1063">
    <p class='ocr_par' dir='ltr' id='par_1_51' title="bbox 2409 980 3964 1063">
     <span class='ocr_line' id='line_1_51' title="bbox 2409 980 3964 1063; baseline -0.012 -10"><span class='ocrx_word' id='word_1_383' title='bbox 2409 999 2547 1052; x_wconf 83' lang='grc' dir='ltr'>ὥστε</span> <span class='ocrx_word' id='word_1_384' title='bbox 2603 998 2774 1050; x_wconf 77' lang='grc' dir='ltr'>δοκεῖν</span> <span class='ocrx_word' id='word_1_385' title='bbox 2827 993 2924 1063; x_wconf 77' lang='grc' dir='ltr'>τὴν</span> <span class='ocrx_word' id='word_1_386' title='bbox 2974 989 3266 1061; x_wconf 77' lang='grc' dir='ltr'>γενομένην</span> <span class='ocrx_word' id='word_1_387' title='bbox 3295 985 3686 1057; x_wconf 77' lang='grc' dir='ltr'><strong>φιλοστοργίαν,</strong></span> <span class='ocrx_word' id='word_1_388' title='bbox 3713 980 3804 1038; x_wconf 79' lang='grc' dir='ltr'><strong>οἷά</strong></span> <span class='ocrx_word' id='word_1_389' title='bbox 3851 999 3964 1054; x_wconf 81' lang='grc' dir='ltr'><strong>περ</strong></span> 
     </span>
    </p>
   </div>
   <div class='ocr_carea' id='block_1_52' title="bbox 2408 1075 3962 1158">
    <p class='ocr_par' dir='ltr' id='par_1_52' title="bbox 2408 1075 3962 1158">
     <span class='ocr_line' id='line_1_52' title="bbox 2408 1075 3962 1158; baseline -0.012 -14"><span class='ocrx_word' id='word_1_390' title='bbox 2408 1089 2669 1158; x_wconf 78' lang='grc' dir='ltr'><strong>νεανίσκῳ</strong></span> <span class='ocrx_word' id='word_1_391' title='bbox 2705 1085 3040 1155; x_wconf 83' lang='grc' dir='ltr'>συνῳκηκότι</span> <span class='ocrx_word' id='word_1_392' title='bbox 3069 1079 3337 1150; x_wconf 82' lang='grc' dir='ltr'>παρθένῳ.</span> <span class='ocrx_word' id='word_1_393' title='bbox 3372 1076 3554 1140; x_wconf 79' lang='grc' dir='ltr'>Οὕτως</span> <span class='ocrx_word' id='word_1_394' title='bbox 3588 1075 3962 1146; x_wconf 78' lang='grc' dir='ltr'>εὐφρανθήσεο</span> 
     </span>
    </p>
   </div>
   <div class='ocr_carea' id='block_1_53' title="bbox 2407 1161 3967 1248">
    <p class='ocr_par' dir='ltr' id='par_1_53' title="bbox 2407 1161 3967 1248">
     <span class='ocr_line' id='line_1_53' title="bbox 2407 1161 3967 1248; baseline -0.012 -15"><span class='ocrx_word' id='word_1_395' title='bbox 2407 1197 2495 1232; x_wconf 90' lang='grc' dir='ltr'><strong>ται</strong></span> <span class='ocrx_word' id='word_1_396' title='bbox 2528 1177 2728 1248; x_wconf 79' lang='grc' dir='ltr'>Κύριος</span> <span class='ocrx_word' id='word_1_397' title='bbox 2750 1175 2843 1228; x_wconf 73' lang='grc' dir='ltr'><strong>ἐπὶ</strong></span> <span class='ocrx_word' id='word_1_398' title='bbox 2870 1172 2972 1237; x_wconf 73' lang='grc' dir='ltr'>σοὶ,</span> <span class='ocrx_word' id='word_1_399' title='bbox 3001 1169 3247 1240; x_wconf 87' lang='grc' dir='ltr'>καθάπερ</span> <span class='ocrx_word' id='word_1_400' title='bbox 3271 1166 3459 1238; x_wconf 85' lang='grc' dir='ltr'>ἀμέλει</span> <span class='ocrx_word' id='word_1_401' title='bbox 3494 1164 3586 1218; x_wconf 79' lang='grc' dir='ltr'>καὶ</span> <span class='ocrx_word' id='word_1_402' title='bbox 3612 1164 3839 1234; x_wconf 76' lang='grc' dir='ltr'>νυμφίος</span> <span class='ocrx_word' id='word_1_403' title='bbox 3867 1161 3967 1216; x_wconf 65' lang='grc' dir='ltr'><strong>ἐπὶ</strong></span> 
     </span>
    </p>
   </div>
   <div class='ocr_carea' id='block_1_54' title="bbox 2409 1248 3968 1341">
    <p class='ocr_par' dir='ltr' id='par_1_54' title="bbox 2409 1248 3968 1341">
     <span class='ocr_line' id='line_1_54' title="bbox 2409 1248 3968 1341; baseline -0.013 -17"><span class='ocrx_word' id='word_1_404' title='bbox 2409 1271 2612 1341; x_wconf 82' lang='grc' dir='ltr'>νύμφῃ.</span> <span class='ocrx_word' id='word_1_405' title='bbox 2642 1265 2925 1334; x_wconf 78' lang='grc' dir='ltr'>Καθήκετο</span> <span class='ocrx_word' id='word_1_406' title='bbox 2959 1263 3066 1335; x_wconf 88' lang='grc' dir='ltr'><strong>γάρ</strong></span> <span class='ocrx_word' id='word_1_407' title='bbox 3115 1261 3174 1327; x_wconf 76' lang='grc' dir='ltr'>ἐξ</span> <span class='ocrx_word' id='word_1_408' title='bbox 3204 1257 3444 1328; x_wconf 74' lang='grc' dir='ltr'>οὐρανῶν</span> <span class='ocrx_word' id='word_1_409' title='bbox 3482 1256 3512 1307; x_wconf 80' lang='grc' dir='ltr'><strong>ὁ</strong></span> <span class='ocrx_word' id='word_1_410' title='bbox 3543 1254 3828 1324; x_wconf 76' lang='grc' dir='ltr'>μονογενὴς</span> <span class='ocrx_word' id='word_1_411' title='bbox 3864 1248 3968 1304; x_wconf 80' lang='grc' dir='ltr'>τοῦ</span> 
     </span>
    </p>
   </div>
   <div class='ocr_carea' id='block_1_55' title="bbox 2407 1341 3965 1426">
    <p class='ocr_par' dir='ltr' id='par_1_55' title="bbox 2407 1341 3965 1426">
     <span class='ocr_line' id='line_1_55' title="bbox 2407 1341 3965 1426; baseline -0.013 -12"><span class='ocrx_word' id='word_1_412' title='bbox 2407 1359 2538 1414; x_wconf 79' lang='grc' dir='ltr'>Θεοῦ</span> <span class='ocrx_word' id='word_1_413' title='bbox 2571 1359 2758 1426; x_wconf 82' lang='grc' dir='ltr'><strong>Λόγος,</strong></span> <span class='ocrx_word' id='word_1_414' title='bbox 2791 1355 2856 1408; x_wconf 78' lang='grc' dir='ltr'><strong>ἵν’</strong></span> <span class='ocrx_word' id='word_1_415' title='bbox 2886 1353 3157 1424; x_wconf 74' lang='grc' dir='ltr'><strong>ἔγκαρπον</strong></span> <span class='ocrx_word' id='word_1_416' title='bbox 3200 1349 3453 1418; x_wconf 78' lang='grc' dir='ltr'>ἀποφήνῃ</span> <span class='ocrx_word' id='word_1_417' title='bbox 3477 1343 3572 1415; x_wconf 83' lang='grc' dir='ltr'>τὴν</span> <span class='ocrx_word' id='word_1_418' title='bbox 3613 1341 3965 1411; x_wconf 80' lang='grc' dir='ltr'>Ἐκκλησίαν,</span> 
     </span>
    </p>
   </div>
   <div class='ocr_carea' id='block_1_56' title="bbox 2410 1433 3969 1521">
    <p class='ocr_par' dir='ltr' id='par_1_56' title="bbox 2410 1433 3969 1521">
     <span class='ocr_line' id='line_1_56' title="bbox 2410 1433 3969 1521; baseline -0.012 -17"><span class='ocrx_word' id='word_1_419' title='bbox 2410 1463 2474 1521; x_wconf 82' lang='grc' dir='ltr'>ην</span> <span class='ocrx_word' id='word_1_420' title='bbox 2495 1449 2652 1511; x_wconf 82' lang='grc' dir='ltr'>αὐτὸς</span> <span class='ocrx_word' id='word_1_421' title='bbox 2677 1445 2852 1516; x_wconf 79' lang='grc' dir='ltr'>ἑαυτῷ</span> <span class='ocrx_word' id='word_1_422' title='bbox 2881 1443 3193 1516; x_wconf 73' lang='grc' dir='ltr'>παρέστησε</span> <span class='ocrx_word' id='word_1_423' title='bbox 3213 1438 3474 1510; x_wconf 76' lang='grc' dir='ltr'>παρθένον</span> <span class='ocrx_word' id='word_1_424' title='bbox 3499 1436 3686 1508; x_wconf 80' lang='grc' dir='ltr'>ἁγνὴν,</span> <span class='ocrx_word' id='word_1_425' title='bbox 3715 1435 3787 1506; x_wconf 77' lang='grc' dir='ltr'>μὴ</span> <span class='ocrx_word' id='word_1_426' title='bbox 3805 1433 3969 1504; x_wconf 73' lang='grc' dir='ltr'>έχου-</span> 
     </span>
    </p>
   </div>
   <div class='ocr_carea' id='block_1_57' title="bbox 2410 1527 3963 1608">
    <p class='ocr_par' dir='ltr' id='par_1_57' title="bbox 2410 1527 3963 1608">
     <span class='ocr_line' id='line_1_57' title="bbox 2410 1527 3963 1608; baseline -0.011 -14"><span class='ocrx_word' id='word_1_427' title='bbox 2410 1558 2507 1596; x_wconf 90' lang='grc' dir='ltr'><strong>σαν</strong></span> <span class='ocrx_word' id='word_1_428' title='bbox 2543 1538 2724 1593; x_wconf 88' lang='grc' dir='ltr'>σπίλον</span> <span class='ocrx_word' id='word_1_429' title='bbox 2761 1537 2794 1607; x_wconf 76' lang='grc' dir='ltr'>ἢ</span> <span class='ocrx_word' id='word_1_430' title='bbox 2830 1535 3040 1608; x_wconf 79' lang='grc' dir='ltr'><strong>ῥυτίδα·</strong></span> <span class='ocrx_word' id='word_1_431' title='bbox 3086 1532 3246 1600; x_wconf 87' lang='grc' dir='ltr'>ἀγίαν</span> <span class='ocrx_word' id='word_1_432' title='bbox 3271 1531 3327 1583; x_wconf 78' lang='grc' dir='ltr'><strong>δὲ</strong></span> <span class='ocrx_word' id='word_1_433' title='bbox 3360 1528 3554 1600; x_wconf 78' lang='grc' dir='ltr'>μᾶλλον</span> <span class='ocrx_word' id='word_1_434' title='bbox 3587 1527 3679 1580; x_wconf 74' lang='grc' dir='ltr'>καὶ</span> <span class='ocrx_word' id='word_1_435' title='bbox 3704 1527 3963 1597; x_wconf 75' lang='grc' dir='ltr'>ἄμωμον.</span> 
     </span>
    </p>
   </div>
   <div class='ocr_carea' id='block_1_58' title="bbox 2407 1613 3966 1699">
    <p class='ocr_par' dir='ltr' id='par_1_58' title="bbox 2407 1613 3966 1699">
     <span class='ocr_line' id='line_1_58' title="bbox 2407 1613 3966 1699; baseline -0.012 -15"><span class='ocrx_word' id='word_1_436' title='bbox 2407 1629 2677 1699; x_wconf 81' lang='grc' dir='ltr'><strong>Δεξαμένη</strong></span> <span class='ocrx_word' id='word_1_437' title='bbox 2713 1625 2890 1679; x_wconf 79' lang='grc' dir='ltr'>τοίνυν</span> <span class='ocrx_word' id='word_1_438' title='bbox 2922 1624 3052 1695; x_wconf 80' lang='grc' dir='ltr'>παρ’</span> <span class='ocrx_word' id='word_1_439' title='bbox 3088 1618 3249 1674; x_wconf 76' lang='grc' dir='ltr'>αὐτοῦ</span> <span class='ocrx_word' id='word_1_440' title='bbox 3289 1618 3387 1688; x_wconf 80' lang='grc' dir='ltr'>τῆς</span> <span class='ocrx_word' id='word_1_441' title='bbox 3423 1614 3778 1684; x_wconf 80' lang='grc' dir='ltr'>εύαγγελικῆς</span> <span class='ocrx_word' id='word_1_442' title='bbox 3800 1613 3966 1667; x_wconf 76' lang='grc' dir='ltr'>πολι-</span> 
     </span>
    </p>
   </div>
   <div class='ocr_carea' id='block_1_59' title="bbox 2407 1704 3968 1785">
    <p class='ocr_par' dir='ltr' id='par_1_59' title="bbox 2407 1704 3968 1785">
     <span class='ocr_line' id='line_1_59' title="bbox 2407 1704 3968 1785; baseline -0.013 -12"><span class='ocrx_word' id='word_1_443' title='bbox 2407 1721 2552 1782; x_wconf 85' lang='grc' dir='ltr'>τείας</span> <span class='ocrx_word' id='word_1_444' title='bbox 2595 1718 2663 1770; x_wconf 74' lang='grc' dir='ltr'>τὰ</span> <span class='ocrx_word' id='word_1_445' title='bbox 2701 1714 3006 1785; x_wconf 85' lang='grc' dir='ltr'>σπέρματα,</span> <span class='ocrx_word' id='word_1_446' title='bbox 3037 1708 3424 1780; x_wconf 84' lang='grc' dir='ltr'>πνευματικαῖς</span> <span class='ocrx_word' id='word_1_447' title='bbox 3449 1705 3657 1768; x_wconf 89' lang='grc' dir='ltr'>θυσίαις</span> <span class='ocrx_word' id='word_1_448' title='bbox 3687 1705 3782 1757; x_wconf 63' lang='grc' dir='ltr'><strong>καί⁵</strong></span> <span class='ocrx_word' id='word_1_449' title='bbox 3806 1704 3968 1771; x_wconf 85' lang='grc' dir='ltr'>ἀγιο-</span> 
     </span>
    </p>
   </div>
   <div class='ocr_carea' id='block_1_60' title="bbox 2337 1793 3968 1882">
    <p class='ocr_par' dir='ltr' id='par_1_60' title="bbox 2337 1793 3968 1882">
     <span class='ocr_line' id='line_1_60' title="bbox 2337 1793 3968 1882; baseline -0.011 -18"><span class='ocrx_word' id='word_1_450' title='bbox 2337 1815 2379 1871; x_wconf 85' lang='grc' dir='ltr'><strong>Β</strong></span> <span class='ocrx_word' id='word_1_451' title='bbox 2412 1810 2642 1882; x_wconf 83' lang='grc' dir='ltr'>πρεπέσι</span> <span class='ocrx_word' id='word_1_452' title='bbox 2669 1802 3050 1876; x_wconf 79' lang='grc' dir='ltr'>κατορθώμασι</span> <span class='ocrx_word' id='word_1_453' title='bbox 3074 1800 3171 1872; x_wconf 80' lang='grc' dir='ltr'>τὴν</span> <span class='ocrx_word' id='word_1_454' title='bbox 3215 1797 3430 1869; x_wconf 78' lang='grc' dir='ltr'><strong>νύμφην</strong></span> <span class='ocrx_word' id='word_1_455' title='bbox 3453 1795 3832 1851; x_wconf 73' lang='grc' dir='ltr'>ἐκλάμπουσαν</span> <span class='ocrx_word' id='word_1_456' title='bbox 3863 1793 3968 1847; x_wconf 55' lang='grc' dir='ltr'>ἀν</span> 
     </span>
    </p>
   </div>
   <div class='ocr_carea' id='block_1_61' title="bbox 2404 1898 2617 1963">
    <p class='ocr_par' dir='ltr' id='par_1_61' title="bbox 2404 1898 2617 1963">
     <span class='ocr_line' id='line_1_61' title="bbox 2404 1898 2617 1963; baseline -0.005 -11"><span class='ocrx_word' id='word_1_457' title='bbox 2404 1898 2617 1963; x_wconf 82' lang='grc' dir='ltr'>έδειξεν.</span> 
     </span>
    </p>
   </div>
   <div class='ocr_carea' id='block_1_62' title="bbox 2479 1973 3978 2052">
    <p class='ocr_par' dir='ltr' id='par_1_62' title="bbox 2479 1973 3978 2052">
     <span class='ocr_line' id='line_1_62' title="bbox 2479 1973 3978 2052; baseline -0.011 -11"><span class='ocrx_word' id='word_1_458' title='bbox 2479 2007 2500 2040; x_wconf 83' lang='grc' dir='ltr'><strong>ι</strong></span> <span class='ocrx_word' id='word_1_459' title='bbox 2539 1989 2648 2041; x_wconf 82' lang='grc' dir='ltr'><strong>Καὶ</strong></span> <span class='ocrx_word' id='word_1_460' title='bbox 2681 1987 2775 2039; x_wconf 74' lang='grc' dir='ltr'><strong>ἐπὶ</strong></span> <span class='ocrx_word' id='word_1_461' title='bbox 2804 1985 2912 2038; x_wconf 90' lang='grc' dir='ltr'><strong>τῶν</strong></span> <span class='ocrx_word' id='word_1_462' title='bbox 2937 1981 3127 2052; x_wconf 85' lang='grc' dir='ltr'>τειχῶν</span> <span class='ocrx_word' id='word_1_463' title='bbox 3153 1995 3268 2045; x_wconf 88' lang='grc' dir='ltr'>σου,</span> <span class='ocrx_word' id='word_1_464' title='bbox 3299 1974 3666 2048; x_wconf 78' lang='grc' dir='ltr'>Ἰερουσαλὴμ,</span> <span class='ocrx_word' id='word_1_465' title='bbox 3696 1973 3978 2045; x_wconf 65' lang='grc' dir='ltr'><strong>κατέοειηιηησ⁵</strong></span> 
     </span>
    </p>
   </div>
   <div class='ocr_carea' id='block_1_63' title="bbox 2407 2063 3969 2150">
    <p class='ocr_par' dir='ltr' id='par_1_63' title="bbox 2407 2063 3969 2150">
     <span class='ocr_line' id='line_1_63' title="bbox 2407 2063 3969 2150; baseline -0.013 -14"><span class='ocrx_word' id='word_1_466' title='bbox 2407 2098 2473 2136; x_wconf 89' lang='grc' dir='ltr'><strong>σα</strong></span> <span class='ocrx_word' id='word_1_467' title='bbox 2498 2078 2740 2150; x_wconf 81' lang='grc' dir='ltr'>φύλακας</span> <span class='ocrx_word' id='word_1_468' title='bbox 2775 2077 2901 2145; x_wconf 82' lang='grc' dir='ltr'>ὅλην</span> <span class='ocrx_word' id='word_1_469' title='bbox 2936 2074 3034 2145; x_wconf 81' lang='grc' dir='ltr'>τὴν</span> <span class='ocrx_word' id='word_1_470' title='bbox 3060 2071 3270 2142; x_wconf 83' lang='grc' dir='ltr'>ἡμέραν</span> <span class='ocrx_word' id='word_1_471' title='bbox 3302 2067 3398 2123; x_wconf 83' lang='grc' dir='ltr'>καὶ</span> <span class='ocrx_word' id='word_1_472' title='bbox 3421 2067 3547 2138; x_wconf 83' lang='grc' dir='ltr'>ὅλην</span> <span class='ocrx_word' id='word_1_473' title='bbox 3570 2066 3668 2138; x_wconf 82' lang='grc' dir='ltr'>τὴν</span> <span class='ocrx_word' id='word_1_474' title='bbox 3689 2063 3969 2131; x_wconf 79' lang='grc' dir='ltr'>νύκτα,.οι</span> 
     </span>
    </p>
   </div>
   <div class='ocr_carea' id='block_1_64' title="bbox 2403 2155 3964 2236">
    <p class='ocr_par' dir='ltr' id='par_1_64' title="bbox 2403 2155 3964 2236">
     <span class='ocr_line' id='line_1_64' title="bbox 2403 2155 3964 2236; baseline -0.013 -9"><span class='ocrx_word' id='word_1_475' title='bbox 2403 2174 2490 2227; x_wconf 79' lang='grc' dir='ltr'>διὰ</span> <span class='ocrx_word' id='word_1_476' title='bbox 2514 2173 2698 2235; x_wconf 85' lang='grc' dir='ltr'>τέλους</span> <span class='ocrx_word' id='word_1_477' title='bbox 2717 2169 2778 2223; x_wconf 87' lang='grc' dir='ltr'>οὐ</span> <span class='ocrx_word' id='word_1_478' title='bbox 2810 2164 3257 2236; x_wconf 86' lang='grc' dir='ltr'>σιωπηθήσονται,</span> <span class='ocrx_word' id='word_1_479' title='bbox 3287 2158 3706 2231; x_wconf 83' lang='grc' dir='ltr'>μιμνησκόμενοι</span> <span class='ocrx_word' id='word_1_480' title='bbox 3729 2155 3964 2228; x_wconf 81' lang='grc' dir='ltr'>Κυρίου.</span> 
     </span>
    </p>
   </div>
   <div class='ocr_carea' id='block_1_65' title="bbox 2407 2245 3970 2330">
    <p class='ocr_par' dir='ltr' id='par_1_65' title="bbox 2407 2245 3970 2330">
     <span class='ocr_line' id='line_1_65' title="bbox 2407 2245 3970 2330; baseline -0.014 -11"><span class='ocrx_word' id='word_1_481' title='bbox 2407 2265 2520 2318; x_wconf 84' lang='grc' dir='ltr'>Οὐκ</span> <span class='ocrx_word' id='word_1_482' title='bbox 2547 2263 2660 2316; x_wconf 76' lang='grc' dir='ltr'>ἐστι</span> <span class='ocrx_word' id='word_1_483' title='bbox 2688 2261 2794 2330; x_wconf 82' lang='grc' dir='ltr'><strong>γάρ</strong></span> <span class='ocrx_word' id='word_1_484' title='bbox 2820 2259 2945 2328; x_wconf 75' lang='grc' dir='ltr'>ὑμῖν</span> <span class='ocrx_word' id='word_1_485' title='bbox 2971 2256 3171 2325; x_wconf 84' lang='grc' dir='ltr'>ὅμοιος,</span> <span class='ocrx_word' id='word_1_486' title='bbox 3205 2251 3298 2306; x_wconf 70' lang='grc' dir='ltr'><strong>ιάν</strong></span> <span class='ocrx_word' id='word_1_487' title='bbox 3319 2249 3606 2322; x_wconf 81' lang='grc' dir='ltr'>διορθώσῃ,</span> <span class='ocrx_word' id='word_1_488' title='bbox 3638 2246 3730 2301; x_wconf 81' lang='grc' dir='ltr'>καὶ</span> <span class='ocrx_word' id='word_1_489' title='bbox 3759 2245 3970 2316; x_wconf 77' lang='grc' dir='ltr'>ποιήσῃ</span> 
     </span>
    </p>
   </div>
   <div class='ocr_carea' id='block_1_66' title="bbox 2416 2335 3970 2425">
    <p class='ocr_par' dir='ltr' id='par_1_66' title="bbox 2416 2335 3970 2425">
     <span class='ocr_line' id='line_1_66' title="bbox 2416 2335 3970 2425; baseline -0.014 -17"><span class='ocrx_word' id='word_1_490' title='bbox 2416 2351 2766 2425; x_wconf 79' lang='grc' dir='ltr'>Ἰερουσαλὴμ</span> <span class='ocrx_word' id='word_1_491' title='bbox 2797 2347 3076 2418; x_wconf 73' lang='grc' dir='ltr'>γαυρίαμα</span> <span class='ocrx_word' id='word_1_492' title='bbox 3108 2342 3202 2396; x_wconf 72' lang='grc' dir='ltr'><strong>ἐπὶ</strong></span> <span class='ocrx_word' id='word_1_493' title='bbox 3246 2343 3347 2412; x_wconf 81' lang='grc' dir='ltr'>τῆς</span> <span class='ocrx_word' id='word_1_494' title='bbox 3386 2343 3506 2412; x_wconf 75' lang='grc' dir='ltr'>γῆς.</span> <span class='ocrx_word' id='word_1_495' title='bbox 3534 2341 3734 2410; x_wconf 80' lang='grc' dir='ltr'>Ὠμοσε</span> <span class='ocrx_word' id='word_1_496' title='bbox 3757 2335 3970 2408; x_wconf 75' lang='grc' dir='ltr'>Κύριος</span> 
     </span>
    </p>
   </div>
   <div class='ocr_carea' id='block_1_67' title="bbox 2405 2429 3969 2514">
    <p class='ocr_par' dir='ltr' id='par_1_67' title="bbox 2405 2429 3969 2514">
     <span class='ocr_line' id='line_1_67' title="bbox 2405 2429 3969 2514; baseline -0.012 -14"><span class='ocrx_word' id='word_1_497' title='bbox 2405 2445 2544 2500; x_wconf 89' lang='grc' dir='ltr'><strong>κατά</strong></span> <span class='ocrx_word' id='word_1_498' title='bbox 2563 2444 2660 2514; x_wconf 85' lang='grc' dir='ltr'><strong>τῆς</strong></span> <span class='ocrx_word' id='word_1_499' title='bbox 2685 2441 2839 2512; x_wconf 81' lang='grc' dir='ltr'><strong>δόξης</strong></span> <span class='ocrx_word' id='word_1_500' title='bbox 2873 2435 3058 2500; x_wconf 81' lang='grc' dir='ltr'>αὐτοῦ,</span> <span class='ocrx_word' id='word_1_501' title='bbox 3083 2436 3174 2488; x_wconf 77' lang='grc' dir='ltr'>καὶ</span> <span class='ocrx_word' id='word_1_502' title='bbox 3201 2433 3340 2488; x_wconf 89' lang='grc' dir='ltr'><strong>κατά</strong></span> <span class='ocrx_word' id='word_1_503' title='bbox 3368 2434 3467 2505; x_wconf 82' lang='grc' dir='ltr'>τῆς</span> <span class='ocrx_word' id='word_1_504' title='bbox 3492 2431 3670 2502; x_wconf 85' lang='grc' dir='ltr'>ίσχύος</span> <span class='ocrx_word' id='word_1_505' title='bbox 3698 2429 3791 2483; x_wconf 82' lang='grc' dir='ltr'>τοῦ</span> <span class='ocrx_word' id='word_1_506' title='bbox 3823 2429 3969 2501; x_wconf 82' lang='grc' dir='ltr'>βρα-</span> 
     </span>
    </p>
   </div>
   <div class='ocr_carea' id='block_1_68' title="bbox 2405 2520 3968 2605">
    <p class='ocr_par' dir='ltr' id='par_1_68' title="bbox 2405 2520 3968 2605">
     <span class='ocr_line' id='line_1_68' title="bbox 2405 2520 3968 2605; baseline -0.017 -19"><span class='ocrx_word' id='word_1_507' title='bbox 2405 2536 2578 2605; x_wconf 84' lang='grc' dir='ltr'>χίονος</span> <span class='ocrx_word' id='word_1_508' title='bbox 2607 2528 2791 2585; x_wconf 74' lang='grc' dir='ltr'>αὐτοῦ.</span> <span class='ocrx_word' id='word_1_509' title='bbox 2826 2546 2846 2580; x_wconf 82' lang='grc'>›</span> <span class='ocrx_word' id='word_1_510' title='bbox 2885 2526 3057 2580; x_wconf 80' lang='grc' dir='ltr'><strong>Πάλαι</strong></span> <span class='ocrx_word' id='word_1_511' title='bbox 3098 2526 3194 2597; x_wconf 73' lang='grc' dir='ltr'>μὲν</span> <span class='ocrx_word' id='word_1_512' title='bbox 3223 2523 3331 2596; x_wconf 87' lang='grc' dir='ltr'><strong>γάρ</strong></span> <span class='ocrx_word' id='word_1_513' title='bbox 3359 2522 3528 2586; x_wconf 74' lang='grc' dir='ltr'>ταῦτα</span> <span class='ocrx_word' id='word_1_514' title='bbox 3558 2520 3791 2589; x_wconf 75' lang='grc' dir='ltr'>ἐγένετο,</span> <span class='ocrx_word' id='word_1_515' title='bbox 3820 2522 3968 2590; x_wconf 73' lang='grc' dir='ltr'>ὁπη-</span> 
     </span>
    </p>
   </div>
   <div class='ocr_carea' id='block_1_69' title="bbox 2405 2614 3971 2695">
    <p class='ocr_par' dir='ltr' id='par_1_69' title="bbox 2405 2614 3971 2695">
     <span class='ocr_line' id='line_1_69' title="bbox 2405 2614 3971 2695; baseline -0.01 -15"><span class='ocrx_word' id='word_1_516' title='bbox 2405 2627 2531 2680; x_wconf 85' lang='grc' dir='ltr'>νίκα</span> <span class='ocrx_word' id='word_1_517' title='bbox 2555 2624 2645 2678; x_wconf 83' lang='grc' dir='ltr'>τὸν</span> <span class='ocrx_word' id='word_1_518' title='bbox 2662 2621 2866 2678; x_wconf 76' lang='grc' dir='ltr'>ἑαυτῶν</span> <span class='ocrx_word' id='word_1_519' title='bbox 2893 2621 3099 2695; x_wconf 78' lang='grc' dir='ltr'>καρπὸν</span> <span class='ocrx_word' id='word_1_520' title='bbox 3122 2617 3317 2691; x_wconf 70' lang='grc' dir='ltr'>βρῶμα</span> <span class='ocrx_word' id='word_1_521' title='bbox 3337 2619 3592 2688; x_wconf 82' lang='grc' dir='ltr'>παρεῖχον</span> <span class='ocrx_word' id='word_1_522' title='bbox 3609 2617 3722 2678; x_wconf 89' lang='grc' dir='ltr'>τοῖς</span> <span class='ocrx_word' id='word_1_523' title='bbox 3748 2614 3971 2686; x_wconf 75' lang='grc' dir='ltr'>ἐχθροῖς</span> 
     </span>
    </p>
   </div>
   <div class='ocr_carea' id='block_1_70' title="bbox 2404 2701 3970 2782">
    <p class='ocr_par' dir='ltr' id='par_1_70' title="bbox 2404 2701 3970 2782">
     <span class='ocr_line' id='line_1_70' title="bbox 2404 2701 3970 2782; baseline -0.01 -14"><span class='ocrx_word' id='word_1_524' title='bbox 2404 2714 2496 2768; x_wconf 80' lang='grc' dir='ltr'><strong>τοῦ</strong></span> <span class='ocrx_word' id='word_1_525' title='bbox 2532 2711 2689 2778; x_wconf 82' lang='grc' dir='ltr'>Θεοῦ,</span> <span class='ocrx_word' id='word_1_526' title='bbox 2726 2710 2948 2764; x_wconf 71' lang='grc' dir='ltr'>τοιαῦτα</span> <span class='ocrx_word' id='word_1_527' title='bbox 2992 2709 3313 2782; x_wconf 83' lang='grc' dir='ltr'>πράττοντες</span> <span class='ocrx_word' id='word_1_528' title='bbox 3359 2706 3451 2759; x_wconf 82' lang='grc' dir='ltr'>καὶ</span> <span class='ocrx_word' id='word_1_529' title='bbox 3486 2703 3834 2774; x_wconf 77' lang='grc' dir='ltr'>ἐνεργοῦντες</span> <span class='ocrx_word' id='word_1_530' title='bbox 3889 2701 3970 2766; x_wconf 76' lang='grc' dir='ltr'><strong>ὡς</strong></span> 
     </span>
    </p>
   </div>
   <div class='ocr_carea' id='block_1_71' title="bbox 2404 2785 3971 2875">
    <p class='ocr_par' dir='ltr' id='par_1_71' title="bbox 2404 2785 3971 2875">
     <span class='ocr_line' id='line_1_71' title="bbox 2404 2785 3971 2875; baseline -0.007 -17"><span class='ocrx_word' id='word_1_531' title='bbox 2404 2803 2690 2875; x_wconf 79' lang='grc' dir='ltr'>δαιμονίων</span> <span class='ocrx_word' id='word_1_532' title='bbox 2713 2800 2959 2871; x_wconf 83' lang='grc' dir='ltr'>γίνεσθαι</span> <span class='ocrx_word' id='word_1_533' title='bbox 2975 2798 3178 2871; x_wconf 79' lang='grc' dir='ltr'>τροφὴν</span> <span class='ocrx_word' id='word_1_534' title='bbox 3205 2785 3302 2861; x_wconf 69' lang='grc' dir='ltr'><strong>τάς</strong></span> <span class='ocrx_word' id='word_1_535' title='bbox 3325 2794 3528 2849; x_wconf 73' lang='grc' dir='ltr'>ἑαυτῶν</span> <span class='ocrx_word' id='word_1_536' title='bbox 3556 2793 3779 2866; x_wconf 78' lang='grc' dir='ltr'>πράξεις</span> <span class='ocrx_word' id='word_1_537' title='bbox 3798 2810 3813 2823; x_wconf 79' lang='grc' dir='ltr'><strong>ο</strong></span> <span class='ocrx_word' id='word_1_538' title='bbox 3843 2793 3971 2847; x_wconf 78' lang='grc' dir='ltr'>νυνὶ</span> 
     </span>
    </p>
   </div>
   <div class='ocr_carea' id='block_1_72' title="bbox 2404 2882 3969 2957">
    <p class='ocr_par' dir='ltr' id='par_1_72' title="bbox 2404 2882 3969 2957">
     <span class='ocr_line' id='line_1_72' title="bbox 2404 2882 3969 2957; baseline -0.009 -9"><span class='ocrx_word' id='word_1_539' title='bbox 2404 2895 2462 2948; x_wconf 62' lang='grc' dir='ltr'>δέ</span> <span class='ocrx_word' id='word_1_540' title='bbox 2493 2896 2604 2957; x_wconf 86' lang='grc' dir='ltr'>τοῖς</span> <span class='ocrx_word' id='word_1_541' title='bbox 2630 2892 2724 2946; x_wconf 80' lang='grc' dir='ltr'><strong>τοῦ</strong></span> <span class='ocrx_word' id='word_1_542' title='bbox 2753 2891 2873 2945; x_wconf 84' lang='grc' dir='ltr'>νέου</span> <span class='ocrx_word' id='word_1_543' title='bbox 2906 2889 3097 2951; x_wconf 89' lang='grc' dir='ltr'>αἰῶνος</span> <span class='ocrx_word' id='word_1_544' title='bbox 3125 2883 3700 2954; x_wconf 80' lang='grc' dir='ltr'>καταξιωθησομένοις,</span> <span class='ocrx_word' id='word_1_545' title='bbox 3731 2883 3826 2936; x_wconf 68' lang='grc' dir='ltr'><strong>καὶΙ</strong></span> <span class='ocrx_word' id='word_1_546' title='bbox 3856 2882 3969 2936; x_wconf 73' lang='grc' dir='ltr'><strong>τῶν</strong></span> 
     </span>
    </p>
   </div>
   <div class='ocr_carea' id='block_1_73' title="bbox 2407 2973 3972 3056">
    <p class='ocr_par' dir='ltr' id='par_1_73' title="bbox 2407 2973 3972 3056">
     <span class='ocr_line' id='line_1_73' title="bbox 2407 2973 3972 3056; baseline -0.01 -16"><span class='ocrx_word' id='word_1_547' title='bbox 2407 2982 2828 3056; x_wconf 73' lang='grc' dir='ltr'>ἐπηγγελμένων</span> <span class='ocrx_word' id='word_1_548' title='bbox 2866 2979 3223 3050; x_wconf 84' lang='grc' dir='ltr'>τευξομένοις,</span> <span class='ocrx_word' id='word_1_549' title='bbox 3256 2977 3402 3049; x_wconf 80' lang='grc' dir='ltr'>ὅρκῳ</span> <span class='ocrx_word' id='word_1_550' title='bbox 3435 2975 3660 3046; x_wconf 75' lang='grc' dir='ltr'>ὄμνυσιν</span> <span class='ocrx_word' id='word_1_551' title='bbox 3697 2976 3726 3027; x_wconf 78' lang='grc' dir='ltr'><strong>ὁ</strong></span> <span class='ocrx_word' id='word_1_552' title='bbox 3757 2973 3972 3046; x_wconf 80' lang='grc' dir='ltr'>Κύριος</span> 
     </span>
    </p>
   </div>
   <div class='ocr_carea' id='block_1_74' title="bbox 2412 3063 3974 3149">
    <p class='ocr_par' dir='ltr' id='par_1_74' title="bbox 2412 3063 3974 3149">
     <span class='ocr_line' id='line_1_74' title="bbox 2412 3063 3974 3149; baseline -0.013 -16"><span class='ocrx_word' id='word_1_553' title='bbox 2412 3078 2604 3149; x_wconf 84' lang='grc' dir='ltr'>μηκέτι</span> <span class='ocrx_word' id='word_1_554' title='bbox 2633 3075 2819 3127; x_wconf 86' lang='grc' dir='ltr'>δώσειν</span> <span class='ocrx_word' id='word_1_555' title='bbox 2848 3073 3060 3143; x_wconf 76' lang='grc' dir='ltr'>ἐχθροῖς</span> <span class='ocrx_word' id='word_1_556' title='bbox 3083 3070 3209 3131; x_wconf 80' lang='grc' dir='ltr'>τοὺς</span> <span class='ocrx_word' id='word_1_557' title='bbox 3235 3063 3690 3137; x_wconf 43' lang='grc' dir='ltr'>καρποὺςηαύτῶν,</span> <span class='ocrx_word' id='word_1_558' title='bbox 3725 3063 3841 3116; x_wconf 84' lang='grc' dir='ltr'>ἀλλ’</span> <span class='ocrx_word' id='word_1_559' title='bbox 3870 3065 3974 3116; x_wconf 80' lang='grc' dir='ltr'>αύ-</span> 
     </span>
    </p>
   </div>
   <div class='ocr_carea' id='block_1_75' title="bbox 2409 3153 3970 3228">
    <p class='ocr_par' dir='ltr' id='par_1_75' title="bbox 2409 3153 3970 3228">
     <span class='ocr_line' id='line_1_75' title="bbox 2409 3153 3970 3228; baseline -0.006 -10"><span class='ocrx_word' id='word_1_560' title='bbox 2409 3165 2534 3228; x_wconf 84' lang='grc' dir='ltr'>τοὺς</span> <span class='ocrx_word' id='word_1_561' title='bbox 2565 3162 2741 3217; x_wconf 84' lang='grc' dir='ltr'>αὐτῶν</span> <span class='ocrx_word' id='word_1_562' title='bbox 2773 3159 3076 3216; x_wconf 87' lang='grc' dir='ltr'>ἀπολαύειν.</span> <span class='ocrx_word' id='word_1_563' title='bbox 3123 3154 3529 3226; x_wconf 78' lang='grc' dir='ltr'>Κατορθοῦντας</span> <span class='ocrx_word' id='word_1_564' title='bbox 3576 3153 3684 3228; x_wconf 83' lang='grc' dir='ltr'><strong>γὰρ</strong></span> <span class='ocrx_word' id='word_1_565' title='bbox 3720 3155 3815 3206; x_wconf 78' lang='grc' dir='ltr'>τὸν</span> <span class='ocrx_word' id='word_1_566' title='bbox 3842 3157 3970 3208; x_wconf 81' lang='grc' dir='ltr'>κατ’</span> 
     </span>
    </p>
   </div>
   <div class='ocr_carea' id='block_1_76' title="bbox 2411 3243 3972 3328">
    <p class='ocr_par' dir='ltr' id='par_1_76' title="bbox 2411 3243 3972 3328">
     <span class='ocr_line' id='line_1_76' title="bbox 2411 3243 3972 3328; baseline -0.008 -18"><span class='ocrx_word' id='word_1_567' title='bbox 2411 3255 2606 3328; x_wconf 85' lang='grc' dir='ltr'>ἀρετὴν</span> <span class='ocrx_word' id='word_1_568' title='bbox 2634 3254 2744 3323; x_wconf 86' lang='grc' dir='ltr'>βίον</span> <span class='ocrx_word' id='word_1_569' title='bbox 2765 3253 2858 3306; x_wconf 68' lang='grc' dir='ltr'>καὶ</span> <span class='ocrx_word' id='word_1_570' title='bbox 2885 3247 3143 3310; x_wconf 76' lang='grc' dir='ltr'>θεοσεϐῶς</span> <span class='ocrx_word' id='word_1_571' title='bbox 3162 3245 3460 3314; x_wconf 83' lang='grc' dir='ltr'>διάγοντας,</span> <span class='ocrx_word' id='word_1_572' title='bbox 3488 3245 3690 3299; x_wconf 87' lang='grc' dir='ltr'>δίκαιον</span> <span class='ocrx_word' id='word_1_573' title='bbox 3725 3243 3834 3298; x_wconf 82' lang='grc' dir='ltr'><strong>τῶν</strong></span> <span class='ocrx_word' id='word_1_574' title='bbox 3874 3246 3972 3298; x_wconf 81' lang='lat' dir='ltr'><strong>ot-</strong></span> 
     </span>
    </p>
   </div>
   <div class='ocr_carea' id='block_1_77' title="bbox 2411 3335 3970 3411">
    <p class='ocr_par' dir='ltr' id='par_1_77' title="bbox 2411 3335 3970 3411">
     <span class='ocr_line' id='line_1_77' title="bbox 2411 3335 3970 3411; baseline -0.006 -13"><span class='ocrx_word' id='word_1_575' title='bbox 2411 3345 2572 3398; x_wconf 81' lang='grc' dir='ltr'>κείων</span> <span class='ocrx_word' id='word_1_576' title='bbox 2600 3343 2887 3398; x_wconf 79' lang='grc' dir='ltr'>ἀπολαύειν</span> <span class='ocrx_word' id='word_1_577' title='bbox 2910 3338 3152 3411; x_wconf 78' lang='grc' dir='ltr'>καρπῶν.</span> <span class='ocrx_word' id='word_1_578' title='bbox 3189 3357 3208 3390; x_wconf 85' lang='grc' dir='ltr'><strong>ι</strong></span> <span class='ocrx_word' id='word_1_579' title='bbox 3236 3337 3297 3390; x_wconf 84' lang='grc' dir='ltr'>Εί</span> <span class='ocrx_word' id='word_1_580' title='bbox 3322 3335 3562 3390; x_wconf 81' lang='grc' dir='ltr'>ἐτιδώσω</span> <span class='ocrx_word' id='word_1_581' title='bbox 3576 3336 3665 3389; x_wconf 82' lang='grc' dir='ltr'>τὸν</span> <span class='ocrx_word' id='word_1_582' title='bbox 3680 3336 3823 3388; x_wconf 80' lang='grc' dir='ltr'>σῖτόν</span> <span class='ocrx_word' id='word_1_583' title='bbox 3845 3352 3970 3403; x_wconf 84' lang='grc' dir='ltr'>σου,</span> 
     </span>
    </p>
   </div>
   <div class='ocr_carea' id='block_1_78' title="bbox 2410 3427 3973 3506">
    <p class='ocr_par' dir='ltr' id='par_1_78' title="bbox 2410 3427 3973 3506">
     <span class='ocr_line' id='line_1_78' title="bbox 2410 3427 3973 3506; baseline -0.004 -16"><span class='ocrx_word' id='word_1_584' title='bbox 2410 3437 2501 3490; x_wconf 80' lang='grc' dir='ltr'>καὶ</span> <span class='ocrx_word' id='word_1_585' title='bbox 2534 3436 2599 3488; x_wconf 83' lang='grc' dir='ltr'><strong>τὰ</strong></span> <span class='ocrx_word' id='word_1_586' title='bbox 2629 3433 2887 3506; x_wconf 80' lang='grc' dir='ltr'>βρώματά</span> <span class='ocrx_word' id='word_1_587' title='bbox 2916 3449 3006 3485; x_wconf 81' lang='grc' dir='ltr'><strong>σου</strong></span> <span class='ocrx_word' id='word_1_588' title='bbox 3026 3433 3136 3494; x_wconf 87' lang='grc' dir='ltr'>τοῖς</span> <span class='ocrx_word' id='word_1_589' title='bbox 3159 3428 3370 3500; x_wconf 66' lang='grc' dir='ltr'>ἐχθροῖς</span> <span class='ocrx_word' id='word_1_590' title='bbox 3396 3444 3510 3494; x_wconf 86' lang='grc' dir='ltr'>σου,</span> <span class='ocrx_word' id='word_1_591' title='bbox 3527 3428 3620 3480; x_wconf 76' lang='grc' dir='ltr'>καὶ</span> <span class='ocrx_word' id='word_1_592' title='bbox 3642 3428 3720 3480; x_wconf 76' lang='grc' dir='ltr'>ἐτι</span> <span class='ocrx_word' id='word_1_593' title='bbox 3747 3427 3973 3484; x_wconf 77' lang='grc' dir='ltr'>πίονται</span> 
     </span>
    </p>
   </div>
   <div class='ocr_carea' id='block_1_79' title="bbox 2411 3515 3856 3597">
    <p class='ocr_par' dir='ltr' id='par_1_79' title="bbox 2411 3515 3856 3597">
     <span class='ocr_line' id='line_1_79' title="bbox 2411 3515 3856 3597; baseline -0.008 -16"><span class='ocrx_word' id='word_1_594' title='bbox 2411 3529 2516 3581; x_wconf 77' lang='grc' dir='ltr'>υιοὶ</span> <span class='ocrx_word' id='word_1_595' title='bbox 2536 3527 2800 3597; x_wconf 86' lang='grc' dir='ltr'>ἀλλότριοι</span> <span class='ocrx_word' id='word_1_596' title='bbox 2857 3525 2948 3578; x_wconf 83' lang='grc' dir='ltr'>τὸν</span> <span class='ocrx_word' id='word_1_597' title='bbox 2989 3519 3130 3577; x_wconf 79' lang='grc' dir='ltr'>οἶνόν</span> <span class='ocrx_word' id='word_1_598' title='bbox 3171 3539 3290 3587; x_wconf 88' lang='grc' dir='ltr'>σου,</span> <span class='ocrx_word' id='word_1_599' title='bbox 3336 3515 3485 3590; x_wconf 64' lang='grc' dir='ltr'><strong>ὲφίᾧ</strong></span> <span class='ocrx_word' id='word_1_600' title='bbox 3515 3518 3856 3590; x_wconf 75' lang='grc' dir='ltr'>ἐμόχθησαςο</span> 
     </span>
    </p>
   </div>
   <div class='ocr_carea' id='block_1_80' title="bbox 2487 3608 3974 3683">
    <p class='ocr_par' dir='ltr' id='par_1_80' title="bbox 2487 3608 3974 3683">
     <span class='ocr_line' id='line_1_80' title="bbox 2487 3608 3974 3683; baseline -0.007 -10"><span class='ocrx_word' id='word_1_601' title='bbox 2487 3618 2619 3673; x_wconf 83' lang='grc' dir='ltr'>Ἀλλ’</span> <span class='ocrx_word' id='word_1_602' title='bbox 2663 3619 2713 3670; x_wconf 87' lang='grc' dir='ltr'>οἱ</span> <span class='ocrx_word' id='word_1_603' title='bbox 2753 3614 3140 3683; x_wconf 74' lang='grc' dir='ltr'>συναγαγόντες</span> <span class='ocrx_word' id='word_1_604' title='bbox 3178 3613 3438 3681; x_wconf 82' lang='grc' dir='ltr'>φάγονται</span> <span class='ocrx_word' id='word_1_605' title='bbox 3471 3608 3628 3674; x_wconf 71' lang='grc' dir='ltr'>αὐτὰ,</span> <span class='ocrx_word' id='word_1_606' title='bbox 3675 3609 3767 3662; x_wconf 74' lang='grc' dir='ltr'>καὶ</span> <span class='ocrx_word' id='word_1_607' title='bbox 3818 3610 3974 3663; x_wconf 74' lang='grc' dir='ltr'>αἰνέ-</span> 
     </span>
    </p>
   </div>
   <div class='ocr_carea' id='block_1_81' title="bbox 2412 3702 3974 3780">
    <p class='ocr_par' dir='ltr' id='par_1_81' title="bbox 2412 3702 3974 3780">
     <span class='ocr_line' id='line_1_81' title="bbox 2412 3702 3974 3780; baseline -0.006 -15"><span class='ocrx_word' id='word_1_608' title='bbox 2412 3728 2560 3765; x_wconf 88' lang='grc' dir='ltr'>σουσι</span> <span class='ocrx_word' id='word_1_609' title='bbox 2586 3709 2808 3780; x_wconf 83' lang='grc' dir='ltr'>Κύριον,</span> <span class='ocrx_word' id='word_1_610' title='bbox 2853 3706 2946 3760; x_wconf 71' lang='grc' dir='ltr'>καὶ</span> <span class='ocrx_word' id='word_1_611' title='bbox 2979 3707 3026 3759; x_wconf 93' lang='grc' dir='ltr'><strong>οί</strong></span> <span class='ocrx_word' id='word_1_612' title='bbox 3071 3703 3461 3772; x_wconf 87' lang='grc' dir='ltr'>συναγαγόντες</span> <span class='ocrx_word' id='word_1_613' title='bbox 3494 3702 3703 3755; x_wconf 84' lang='grc' dir='ltr'>πίονται</span> <span class='ocrx_word' id='word_1_614' title='bbox 3730 3702 3874 3755; x_wconf 82' lang='grc' dir='ltr'>αὐτὰ</span> <span class='ocrx_word' id='word_1_615' title='bbox 3911 3703 3974 3755; x_wconf 70' lang='grc' dir='ltr'><strong>ὲν</strong></span> 
     </span>
    </p>
   </div>
   <div class='ocr_carea' id='block_1_82' title="bbox 2409 3783 3973 3863">
    <p class='ocr_par' dir='ltr' id='par_1_82' title="bbox 2409 3783 3973 3863">
     <span class='ocr_line' id='line_1_82' title="bbox 2409 3783 3973 3863; baseline -0.005 -10"><span class='ocrx_word' id='word_1_616' title='bbox 2409 3802 2524 3863; x_wconf 80' lang='grc' dir='ltr'>ταῖς</span> <span class='ocrx_word' id='word_1_617' title='bbox 2577 3797 2833 3852; x_wconf 86' lang='grc' dir='ltr'>έπαύλεσι</span> <span class='ocrx_word' id='word_1_618' title='bbox 2869 3797 2987 3858; x_wconf 86' lang='grc' dir='ltr'>ταῖς</span> <span class='ocrx_word' id='word_1_619' title='bbox 3029 3793 3209 3862; x_wconf 82' lang='grc' dir='ltr'>ἁγίαις</span> <span class='ocrx_word' id='word_1_620' title='bbox 3260 3810 3383 3863; x_wconf 88' lang='grc' dir='ltr'>μου.</span> <span class='ocrx_word' id='word_1_621' title='bbox 3416 3811 3436 3844; x_wconf 70' lang='grc' dir='ltr'><strong>ι</strong></span> <span class='ocrx_word' id='word_1_622' title='bbox 3478 3787 3599 3845; x_wconf 73' lang='grc' dir='ltr'>Εἶεν</span> <span class='ocrx_word' id='word_1_623' title='bbox 3631 3791 3674 3843; x_wconf 75' lang='grc' dir='ltr'><strong>δ’</strong></span> <span class='ocrx_word' id='word_1_624' title='bbox 3703 3789 3768 3844; x_wconf 77' lang='grc' dir='ltr'>ἂν</span> <span class='ocrx_word' id='word_1_625' title='bbox 3799 3783 3973 3845; x_wconf 70' lang='grc' dir='ltr'>αὗται</span> 
     </span>
    </p>
   </div>
   <div class='ocr_carea' id='block_1_83' title="bbox 2408 3883 3425 3958">
    <p class='ocr_par' dir='ltr' id='par_1_83' title="bbox 2408 3883 3425 3958">
     <span class='ocr_line' id='line_1_83' title="bbox 2408 3883 3425 3958; baseline -0.006 -16"><span class='ocrx_word' id='word_1_626' title='bbox 2408 3892 2472 3944; x_wconf 79' lang='grc' dir='ltr'><strong>αί</strong></span> <span class='ocrx_word' id='word_1_627' title='bbox 2490 3889 2676 3944; x_wconf 75' lang='grc' dir='ltr'>πολλαὶ</span> <span class='ocrx_word' id='word_1_628' title='bbox 2703 3887 2858 3958; x_wconf 80' lang='grc' dir='ltr'>μοναὶ</span> <span class='ocrx_word' id='word_1_629' title='bbox 2883 3887 2938 3940; x_wconf 86' lang='grc' dir='ltr'><strong>αί</strong></span> <span class='ocrx_word' id='word_1_630' title='bbox 2967 3884 3115 3956; x_wconf 84' lang='grc' dir='ltr'><strong>παρά</strong></span> <span class='ocrx_word' id='word_1_631' title='bbox 3134 3884 3208 3953; x_wconf 84' lang='grc' dir='ltr'>τῷ</span> <span class='ocrx_word' id='word_1_632' title='bbox 3233 3883 3425 3956; x_wconf 85' lang='grc' dir='ltr'>Πατρί.</span> 
     </span>
    </p>
   </div>
   <div class='ocr_carea' id='block_1_84' title="bbox 2489 3973 3972 4051">
    <p class='ocr_par' dir='ltr' id='par_1_84' title="bbox 2489 3973 3972 4051">
     <span class='ocr_line' id='line_1_84' title="bbox 2489 3973 3972 4051; baseline -0.003 -20"><span class='ocrx_word' id='word_1_633' title='bbox 2489 4000 2506 4031; x_wconf 80' lang='grc' dir='ltr'><strong>ι</strong></span> <span class='ocrx_word' id='word_1_634' title='bbox 2540 3977 2837 4051; x_wconf 87' lang='grc' dir='ltr'>Πορεύεσθε</span> <span class='ocrx_word' id='word_1_635' title='bbox 2871 3976 2959 4030; x_wconf 82' lang='grc' dir='ltr'><strong>διὰ</strong></span> <span class='ocrx_word' id='word_1_636' title='bbox 2981 3977 3088 4030; x_wconf 87' lang='grc' dir='ltr'><strong>τῶν</strong></span> <span class='ocrx_word' id='word_1_637' title='bbox 3117 3974 3298 4028; x_wconf 88' lang='grc' dir='ltr'>πυλῶν</span> <span class='ocrx_word' id='word_1_638' title='bbox 3329 3991 3450 4045; x_wconf 87' lang='grc' dir='ltr'>μου.</span> <span class='ocrx_word' id='word_1_639' title='bbox 3490 3993 3511 4027; x_wconf 76' lang='lat' dir='ltr'><strong>a</strong></span> <span class='ocrx_word' id='word_1_640' title='bbox 3543 3974 3699 4027; x_wconf 86' lang='grc' dir='ltr'>Νοεῖν</span> <span class='ocrx_word' id='word_1_641' title='bbox 3737 3973 3792 4026; x_wconf 73' lang='grc' dir='ltr'><strong>δὲ</strong></span> <span class='ocrx_word' id='word_1_642' title='bbox 3833 3974 3972 4043; x_wconf 74' lang='grc' dir='ltr'>ἡμῖν</span> 
     </span>
    </p>
   </div>
   <div class='ocr_carea' id='block_1_85' title="bbox 2411 4063 3968 4142">
    <p class='ocr_par' dir='ltr' id='par_1_85' title="bbox 2411 4063 3968 4142">
     <span class='ocr_line' id='line_1_85' title="bbox 2411 4063 3968 4142; baseline -0.005 -18"><span class='ocrx_word' id='word_1_643' title='bbox 2411 4071 2636 4142; x_wconf 85' lang='grc' dir='ltr'>παρέχει</span> <span class='ocrx_word' id='word_1_644' title='bbox 2666 4069 2754 4123; x_wconf 82' lang='grc' dir='ltr'><strong>διὰ</strong></span> <span class='ocrx_word' id='word_1_645' title='bbox 2781 4067 2983 4122; x_wconf 89' lang='grc' dir='ltr'>τούτων</span> <span class='ocrx_word' id='word_1_646' title='bbox 3019 4066 3114 4138; x_wconf 81' lang='grc' dir='ltr'>τὴν</span> <span class='ocrx_word' id='word_1_647' title='bbox 3143 4063 3460 4135; x_wconf 78' lang='grc' dir='ltr'>ἐπουράνιον</span> <span class='ocrx_word' id='word_1_648' title='bbox 3495 4064 3587 4118; x_wconf 84' lang='grc' dir='ltr'>τοῦ</span> <span class='ocrx_word' id='word_1_649' title='bbox 3621 4064 3754 4117; x_wconf 87' lang='grc' dir='ltr'><strong>Θεοῦ</strong></span> <span class='ocrx_word' id='word_1_650' title='bbox 3785 4064 3968 4127; x_wconf 84' lang='grc' dir='ltr'>πόλιν,</span> 
     </span>
    </p>
   </div>
   <div class='ocr_carea' id='block_1_86' title="bbox 2412 4153 3963 4231">
    <p class='ocr_par' dir='ltr' id='par_1_86' title="bbox 2412 4153 3963 4231">
     <span class='ocr_line' id='line_1_86' title="bbox 2412 4153 3963 4231; baseline -0.006 -16"><span class='ocrx_word' id='word_1_651' title='bbox 2412 4163 2622 4224; x_wconf 75' lang='grc' dir='ltr'>καὶτὰς</span> <span class='ocrx_word' id='word_1_652' title='bbox 2652 4160 2817 4231; x_wconf 80' lang='grc' dir='ltr'>αὐτῆς</span> <span class='ocrx_word' id='word_1_653' title='bbox 2848 4159 3018 4220; x_wconf 87' lang='grc' dir='ltr'>πύλας</span> <span class='ocrx_word' id='word_1_654' title='bbox 3035 4173 3049 4187; x_wconf 86' lang='grc'><strong>·</strong></span> <span class='ocrx_word' id='word_1_655' title='bbox 3079 4155 3116 4209; x_wconf 80' lang='grc' dir='ltr'>ἃ</span> <span class='ocrx_word' id='word_1_656' title='bbox 3138 4155 3201 4225; x_wconf 82' lang='grc' dir='ltr'><strong>δὴ</strong></span> <span class='ocrx_word' id='word_1_657' title='bbox 3224 4155 3398 4208; x_wconf 88' lang='grc' dir='ltr'>πάντα</span> <span class='ocrx_word' id='word_1_658' title='bbox 3422 4155 3560 4208; x_wconf 86' lang='grc' dir='ltr'>κατὰ</span> <span class='ocrx_word' id='word_1_659' title='bbox 3583 4153 3672 4207; x_wconf 82' lang='grc' dir='ltr'><strong>τὸν</strong></span> <span class='ocrx_word' id='word_1_660' title='bbox 3691 4153 3963 4221; x_wconf 68' lang='grc' dir='ltr'>ὲπηγγελυ</span> 
     </span>
    </p>
   </div>
   <div class='ocr_carea' id='block_1_87' title="bbox 2414 4243 3970 4323">
    <p class='ocr_par' dir='ltr' id='par_1_87' title="bbox 2414 4243 3970 4323">
     <span class='ocr_line' id='line_1_87' title="bbox 2414 4243 3970 4323; baseline -0.007 -18"><span class='ocrx_word' id='word_1_661' title='bbox 2414 4253 2568 4323; x_wconf 83' lang='grc' dir='ltr'>μένον</span> <span class='ocrx_word' id='word_1_662' title='bbox 2615 4251 2783 4306; x_wconf 85' lang='grc' dir='ltr'>αἰῶνα</span> <span class='ocrx_word' id='word_1_663' title='bbox 2831 4249 3326 4319; x_wconf 86' lang='grc' dir='ltr'>ἀναπετασθήσεται</span> <span class='ocrx_word' id='word_1_664' title='bbox 3368 4249 3480 4310; x_wconf 83' lang='grc' dir='ltr'>τοῖς</span> <span class='ocrx_word' id='word_1_665' title='bbox 3513 4245 3680 4310; x_wconf 77' lang='grc' dir='ltr'>ἀξίοις</span> <span class='ocrx_word' id='word_1_666' title='bbox 3735 4243 3826 4296; x_wconf 75' lang='grc' dir='ltr'>καὶ</span> <span class='ocrx_word' id='word_1_667' title='bbox 3882 4244 3970 4295; x_wconf 83' lang='grc' dir='ltr'>λε-</span> 
     </span>
    </p>
   </div>
   <div class='ocr_carea' id='block_1_88' title="bbox 2411 4336 3969 4414">
    <p class='ocr_par' dir='ltr' id='par_1_88' title="bbox 2411 4336 3969 4414">
     <span class='ocr_line' id='line_1_88' title="bbox 2411 4336 3969 4414; baseline -0.004 -19"><span class='ocrx_word' id='word_1_668' title='bbox 2411 4340 2683 4414; x_wconf 84' lang='grc' dir='ltr'>χθήσεται·</span> <span class='ocrx_word' id='word_1_669' title='bbox 2730 4361 2749 4394; x_wconf 86' lang='grc' dir='ltr'><strong>ι</strong></span> <span class='ocrx_word' id='word_1_670' title='bbox 2776 4340 3072 4412; x_wconf 85' lang='grc' dir='ltr'>Πορεύεσθε</span> <span class='ocrx_word' id='word_1_671' title='bbox 3102 4340 3185 4395; x_wconf 80' lang='grc' dir='ltr'><strong>διὰ</strong></span> <span class='ocrx_word' id='word_1_672' title='bbox 3209 4339 3316 4392; x_wconf 84' lang='grc' dir='ltr'><strong>τῶν</strong></span> <span class='ocrx_word' id='word_1_673' title='bbox 3347 4338 3528 4392; x_wconf 86' lang='grc' dir='ltr'>πυλῶν</span> <span class='ocrx_word' id='word_1_674' title='bbox 3559 4353 3679 4407; x_wconf 90' lang='grc' dir='ltr'>μου,</span> <span class='ocrx_word' id='word_1_675' title='bbox 3723 4337 3815 4388; x_wconf 70' lang='grc' dir='ltr'>καὶ</span> <span class='ocrx_word' id='word_1_676' title='bbox 3848 4336 3969 4389; x_wconf 77' lang='grc' dir='ltr'><strong>ὁδο-</strong></span> 
     </span>
    </p>
   </div>
   <div class='ocr_carea' id='block_1_89' title="bbox 766 4427 2376 4506">
    <p class='ocr_par' dir='ltr' id='par_1_89' title="bbox 766 4427 2376 4506">
     <span class='ocr_line' id='line_1_89' title="bbox 766 4427 2376 4506; baseline 0.002 -23"><span class='ocrx_word' id='word_1_677' title='bbox 766 4429 834 4483; x_wconf 86' lang='lat' dir='ltr'><strong>de</strong></span> <span class='ocrx_word' id='word_1_678' title='bbox 860 4430 942 4482; x_wconf 88' lang='lat' dir='ltr'><strong>via</strong></span> <span class='ocrx_word' id='word_1_679' title='bbox 964 4427 1222 4497; x_wconf 85' lang='lat' dir='ltr'><strong>projicite.</strong></span> <span class='ocrx_word' id='word_1_680' title='bbox 1253 4429 1466 4484; x_wconf 83' lang='lat' dir='ltr'><strong>Elevate</strong></span> <span class='ocrx_word' id='word_1_681' title='bbox 1489 4432 1698 4501; x_wconf 84' lang='lat' dir='ltr'><strong>signum</strong></span> <span class='ocrx_word' id='word_1_682' title='bbox 1734 4433 1785 4485; x_wconf 90' lang='lat' dir='ltr'><strong>in</strong></span> <span class='ocrx_word' id='word_1_683' title='bbox 1820 4441 2022 4501; x_wconf 83' lang='lat' dir='ltr'><strong>gentes.</strong></span> <span class='ocrx_word' id='word_1_684' title='bbox 2048 4453 2068 4484; x_wconf 74' lang='grc' dir='ltr'><strong>ι</strong></span> <span class='ocrx_word' id='word_1_685' title='bbox 2094 4432 2304 4487; x_wconf 86' lang='lat' dir='ltr'><strong>Nullum</strong></span> <span class='ocrx_word' id='word_1_686' title='bbox 2339 4482 2376 4506; x_wconf 55' lang='grc' dir='ltr'>ἢ</span> 
     </span>
    </p>
   </div>
   <div class='ocr_carea' id='block_1_90' title="bbox 2408 4427 3966 4506">
    <p class='ocr_par' dir='ltr' id='par_1_90' title="bbox 2411 4427 3966 4506">
     <span class='ocr_line' id='line_1_90' title="bbox 2411 4427 3966 4506; baseline -0.005 -18"><span class='ocrx_word' id='word_1_687' title='bbox 2411 4436 2670 4506; x_wconf 84' lang='grc' dir='ltr'>ποιήσατε</span> <span class='ocrx_word' id='word_1_688' title='bbox 2710 4432 2788 4503; x_wconf 83' lang='grc' dir='ltr'>τῷ</span> <span class='ocrx_word' id='word_1_689' title='bbox 2825 4432 2940 4503; x_wconf 87' lang='grc' dir='ltr'>λαῷ</span> <span class='ocrx_word' id='word_1_690' title='bbox 2974 4449 3096 4504; x_wconf 87' lang='grc' dir='ltr'>μου,</span> <span class='ocrx_word' id='word_1_691' title='bbox 3135 4432 3228 4486; x_wconf 57' lang='grc' dir='ltr'><strong>καὶ⁸</strong></span> <span class='ocrx_word' id='word_1_692' title='bbox 3263 4431 3388 4493; x_wconf 81' lang='grc' dir='ltr'>τοὺς</span> <span class='ocrx_word' id='word_1_693' title='bbox 3415 4429 3591 4491; x_wconf 87' lang='grc' dir='ltr'>λίθους</span> <span class='ocrx_word' id='word_1_694' title='bbox 3623 4427 3688 4480; x_wconf 87' lang='grc' dir='ltr'><strong>έκ</strong></span> <span class='ocrx_word' id='word_1_695' title='bbox 3713 4428 3809 4496; x_wconf 78' lang='grc' dir='ltr'>τῆς</span> <span class='ocrx_word' id='word_1_696' title='bbox 3840 4427 3966 4481; x_wconf 73' lang='grc' dir='ltr'><strong>ὁδοῦ</strong></span> 
     </span>
    </p>
   </div>
   <div class='ocr_carea' id='block_1_91' title="bbox 768 4517 2376 4598">
    <p class='ocr_par' dir='ltr' id='par_1_91' title="bbox 768 4517 2376 4587">
     <span class='ocr_line' id='line_1_91' title="bbox 768 4517 2376 4587; baseline 0.003 -17"><span class='ocrx_word' id='word_1_697' title='bbox 768 4519 930 4578; x_wconf 84' lang='lat' dir='ltr'><strong>enim.</strong></span> <span class='ocrx_word' id='word_1_698' title='bbox 958 4518 1150 4586; x_wconf 90' lang='lat' dir='ltr'><strong>inquit,</strong></span> <span class='ocrx_word' id='word_1_699' title='bbox 1182 4519 1637 4587; x_wconf 89' lang='lat' dir='ltr'><strong>impedimentum,</strong></span> <span class='ocrx_word' id='word_1_700' title='bbox 1668 4519 1843 4573; x_wconf 89' lang='lat' dir='ltr'><strong>nullus</strong></span> <span class='ocrx_word' id='word_1_701' title='bbox 1869 4521 2006 4574; x_wconf 81' lang='lat' dir='ltr'><strong>obex</strong></span> <span class='ocrx_word' id='word_1_702' title='bbox 2033 4520 2160 4585; x_wconf 86' lang='lat' dir='ltr'><strong>erit,</strong></span> <span class='ocrx_word' id='word_1_703' title='bbox 2203 4535 2309 4575; x_wconf 90' lang='lat' dir='ltr'><strong>non</strong></span> <span class='ocrx_word' id='word_1_704' title='bbox 2341 4517 2376 4537; x_wconf 77' lang='lat'>”</span> 
     </span>
    </p>
   </div>
   <div class='ocr_carea' id='block_1_92' title="bbox 2408 4517 3969 4598">
    <p class='ocr_par' dir='ltr' id='par_1_92' title="bbox 2409 4517 3969 4598">
     <span class='ocr_line' id='line_1_92' title="bbox 2409 4517 3969 4598; baseline -0.005 -18"><span class='ocrx_word' id='word_1_705' title='bbox 2409 4526 2741 4598; x_wconf 78' lang='grc' dir='ltr'>διαρῤίψατε.</span> <span class='ocrx_word' id='word_1_706' title='bbox 2779 4523 3037 4594; x_wconf 85' lang='grc' dir='ltr'>Ἐξάρατε</span> <span class='ocrx_word' id='word_1_707' title='bbox 3069 4521 3342 4592; x_wconf 82' lang='grc' dir='ltr'>σύσσημον</span> <span class='ocrx_word' id='word_1_708' title='bbox 3367 4521 3444 4584; x_wconf 83' lang='grc' dir='ltr'><strong>είς</strong></span> <span class='ocrx_word' id='word_1_709' title='bbox 3469 4519 3535 4572; x_wconf 80' lang='grc' dir='ltr'>τὰ</span> <span class='ocrx_word' id='word_1_710' title='bbox 3555 4518 3702 4588; x_wconf 81' lang='grc' dir='ltr'>ἔθνη.</span> <span class='ocrx_word' id='word_1_711' title='bbox 3733 4537 3752 4569; x_wconf 75' lang='grc' dir='ltr'><strong>ι</strong></span> <span class='ocrx_word' id='word_1_712' title='bbox 3781 4517 3969 4588; x_wconf 77' lang='grc' dir='ltr'><strong>Μηδὲν</strong></span> 
     </span>
    </p>
   </div>
   <div class='ocr_carea' id='block_1_93' title="bbox 766 4607 2311 4681">
    <p class='ocr_par' dir='ltr' id='par_1_93' title="bbox 766 4607 2311 4681">
     <span class='ocr_line' id='line_1_93' title="bbox 766 4607 2311 4681; baseline 0.005 -20"><span class='ocrx_word' id='word_1_713' title='bbox 766 4607 991 4672; x_wconf 88' lang='lat' dir='ltr'><strong>invidia,</strong></span> <span class='ocrx_word' id='word_1_714' title='bbox 1013 4623 1116 4661; x_wconf 91' lang='lat' dir='ltr'><strong>non</strong></span> <span class='ocrx_word' id='word_1_715' title='bbox 1141 4609 1297 4673; x_wconf 89' lang='lat' dir='ltr'><strong>livor,</strong></span> <span class='ocrx_word' id='word_1_716' title='bbox 1327 4625 1428 4664; x_wconf 92' lang='lat' dir='ltr'><strong>non</strong></span> <span class='ocrx_word' id='word_1_717' title='bbox 1445 4619 1731 4678; x_wconf 64' lang='lat' dir='ltr'><strong>praetentus</strong></span> <span class='ocrx_word' id='word_1_718' title='bbox 1757 4612 2046 4681; x_wconf 89' lang='lat' dir='ltr'><strong>quispiam,</strong></span> <span class='ocrx_word' id='word_1_719' title='bbox 2073 4629 2178 4667; x_wconf 91' lang='lat' dir='ltr'><strong>non</strong></span> <span class='ocrx_word' id='word_1_720' title='bbox 2203 4612 2311 4668; x_wconf 71' lang='lat' dir='ltr'><strong>dte-</strong></span> 
     </span>
    </p>
   </div>
   <div class='ocr_carea' id='block_1_94' title="bbox 777 4699 2309 4774">
    <p class='ocr_par' dir='ltr' id='par_1_94' title="bbox 777 4699 2309 4774">
     <span class='ocr_line' id='line_1_94' title="bbox 777 4699 2309 4774; baseline 0.007 -25"><span class='ocrx_word' id='word_1_721' title='bbox 777 4710 919 4762; x_wconf 87' lang='lat' dir='ltr'><strong>mon,</strong></span> <span class='ocrx_word' id='word_1_722' title='bbox 948 4713 1052 4752; x_wconf 90' lang='lat' dir='ltr'><strong>non</strong></span> <span class='ocrx_word' id='word_1_723' title='bbox 1086 4699 1306 4767; x_wconf 87' lang='lat' dir='ltr'><strong>spiritus</strong></span> <span class='ocrx_word' id='word_1_724' title='bbox 1351 4699 1634 4769; x_wconf 87' lang='lat' dir='ltr'><strong>malignus,</strong></span> <span class='ocrx_word' id='word_1_725' title='bbox 1668 4717 1772 4757; x_wconf 92' lang='lat' dir='ltr'><strong>non</strong></span> <span class='ocrx_word' id='word_1_726' title='bbox 1807 4703 2114 4760; x_wconf 86' lang='lat' dir='ltr'><strong>adversaria</strong></span> <span class='ocrx_word' id='word_1_727' title='bbox 2162 4713 2309 4774; x_wconf 87' lang='lat' dir='ltr'><strong>pote-</strong></span> 
     </span>
    </p>
   </div>
   <div class='ocr_carea' id='block_1_95' title="bbox 765 4788 2308 4866">
    <p class='ocr_par' dir='ltr' id='par_1_95' title="bbox 765 4788 2308 4866">
     <span class='ocr_line' id='line_1_95' title="bbox 765 4788 2308 4866; baseline 0.006 -24"><span class='ocrx_word' id='word_1_728' title='bbox 765 4799 876 4842; x_wconf 83' lang='lat' dir='ltr'><strong>stas</strong></span> <span class='ocrx_word' id='word_1_729' title='bbox 912 4788 1083 4843; x_wconf 90' lang='lat' dir='ltr'><strong>oberit</strong></span> <span class='ocrx_word' id='word_1_730' title='bbox 1135 4790 1324 4859; x_wconf 89' lang='lat' dir='ltr'><strong>populo</strong></span> <span class='ocrx_word' id='word_1_731' title='bbox 1359 4805 1499 4858; x_wconf 91' lang='lat' dir='ltr'><strong>meo,</strong></span> <span class='ocrx_word' id='word_1_732' title='bbox 1539 4793 1820 4862; x_wconf 90' lang='lat' dir='ltr'><strong>quominus</strong></span> <span class='ocrx_word' id='word_1_733' title='bbox 1858 4796 1908 4850; x_wconf 94' lang='lat' dir='ltr'><strong>in</strong></span> <span class='ocrx_word' id='word_1_734' title='bbox 1943 4811 2165 4866; x_wconf 91' lang='lat' dir='ltr'><strong>regnum</strong></span> <span class='ocrx_word' id='word_1_735' title='bbox 2196 4812 2308 4852; x_wconf 83' lang='lat' dir='ltr'><strong>coe-</strong></span> 
     </span>
    </p>
   </div>
   <div class='ocr_carea' id='block_1_96' title="bbox 769 4878 2311 4959">
    <p class='ocr_par' dir='ltr' id='par_1_96' title="bbox 769 4878 2311 4959">
     <span class='ocr_line' id='line_1_96' title="bbox 769 4878 2311 4959; baseline 0.007 -28"><span class='ocrx_word' id='word_1_736' title='bbox 769 4878 941 4932; x_wconf 91' lang='lat' dir='ltr'><strong>lorum</strong></span> <span class='ocrx_word' id='word_1_737' title='bbox 986 4881 1335 4950; x_wconf 78' lang='lat' dir='ltr'><strong>ingrediatur.</strong></span> <span class='ocrx_word' id='word_1_738' title='bbox 1367 4882 1493 4940; x_wconf 67' lang='lat' dir='ltr'><strong>Haec</strong></span> <span class='ocrx_word' id='word_1_739' title='bbox 1523 4895 1699 4940; x_wconf 90' lang='lat' dir='ltr'><strong>autem</strong></span> <span class='ocrx_word' id='word_1_740' title='bbox 1737 4886 2059 4956; x_wconf 86' lang='lat' dir='ltr'><strong>quibusdam</strong></span> <span class='ocrx_word' id='word_1_741' title='bbox 2111 4889 2311 4959; x_wconf 81' lang='lat' dir='ltr'><strong>angeli-</strong></span> 
     </span>
    </p>
   </div>
   <div class='ocr_carea' id='block_1_97' title="bbox 767 4968 1460 5028">
    <p class='ocr_par' dir='ltr' id='par_1_97' title="bbox 767 4968 1460 5028">
     <span class='ocr_line' id='line_1_97' title="bbox 767 4968 1460 5028; baseline 0.01 -7"><span class='ocrx_word' id='word_1_742' title='bbox 767 4968 848 5022; x_wconf 79' lang='lat' dir='ltr'><strong>cis</strong></span> <span class='ocrx_word' id='word_1_743' title='bbox 881 4970 1164 5025; x_wconf 86' lang='lat' dir='ltr'><strong>virtutibus</strong></span> <span class='ocrx_word' id='word_1_744' title='bbox 1197 4971 1460 5028; x_wconf 87' lang='lat' dir='ltr'><strong>dicentur.</strong></span> 
     </span>
    </p>
   </div>
   <div class='ocr_carea' id='block_1_98' title="bbox 843 5145 2308 5213">
    <p class='ocr_par' dir='ltr' id='par_1_98' title="bbox 843 5145 2308 5213">
     <span class='ocr_line' id='line_1_98' title="bbox 843 5145 2308 5213; baseline 0.009 -17"><span class='ocrx_word' id='word_1_745' title='bbox 843 5145 1002 5199; x_wconf 71' lang='lat' dir='ltr'><strong>Vens.</strong></span> <span class='ocrx_word' id='word_1_746' title='bbox 1027 5147 1112 5213; x_wconf 83' lang='grc' dir='ltr'>Η,</span> <span class='ocrx_word' id='word_1_747' title='bbox 1134 5149 1226 5204; x_wconf 74' lang='grc'><strong>12.</strong></span> <span class='ocrx_word' id='word_1_748' title='bbox 1260 5169 1277 5200; x_wconf 80' lang='grc' dir='ltr'><strong>ι</strong></span> <span class='ocrx_word' id='word_1_749' title='bbox 1301 5150 1437 5206; x_wconf 88' lang='lat' dir='ltr'><strong>Ecce</strong></span> <span class='ocrx_word' id='word_1_750' title='bbox 1459 5151 1598 5205; x_wconf 90' lang='lat' dir='ltr'><strong>enim</strong></span> <span class='ocrx_word' id='word_1_751' title='bbox 1624 5152 1876 5210; x_wconf 90' lang='lat' dir='ltr'><strong>Dominus</strong></span> <span class='ocrx_word' id='word_1_752' title='bbox 1903 5156 2140 5210; x_wconf 86' lang='lat' dir='ltr'><strong>auditum</strong></span> <span class='ocrx_word' id='word_1_753' title='bbox 2184 5155 2308 5210; x_wconf 90' lang='lat' dir='ltr'><strong>fecit.</strong></span> 
     </span>
    </p>
   </div>
   <div class='ocr_carea' id='block_1_99' title="bbox 770 5236 2310 5307">
    <p class='ocr_par' dir='ltr' id='par_1_99' title="bbox 770 5236 2310 5307">
     <span class='ocr_line' id='line_1_99' title="bbox 770 5236 2310 5307; baseline 0.01 -24"><span class='ocrx_word' id='word_1_754' title='bbox 770 5247 940 5298; x_wconf 85' lang='lat' dir='ltr'><strong>nsque</strong></span> <span class='ocrx_word' id='word_1_755' title='bbox 981 5236 1044 5288; x_wconf 86' lang='lat' dir='ltr'><strong>ad</strong></span> <span class='ocrx_word' id='word_1_756' title='bbox 1083 5247 1380 5291; x_wconf 83' lang='lat' dir='ltr'><strong>extremum</strong></span> <span class='ocrx_word' id='word_1_757' title='bbox 1415 5249 1588 5305; x_wconf 79' lang='lat' dir='ltr'><strong>teme,</strong></span> <span class='ocrx_word' id='word_1_758' title='bbox 1625 5241 1795 5296; x_wconf 89' lang='lat' dir='ltr'><strong>Dicite</strong></span> <span class='ocrx_word' id='word_1_759' title='bbox 1830 5245 1948 5299; x_wconf 75' lang='lat' dir='ltr'><strong>filia:</strong></span> <span class='ocrx_word' id='word_1_760' title='bbox 1990 5243 2140 5307; x_wconf 90' lang='lat' dir='ltr'><strong>Sion,</strong></span> <span class='ocrx_word' id='word_1_761' title='bbox 2177 5245 2310 5298; x_wconf 87' lang='lat' dir='ltr'><strong>Ecce</strong></span> 
     </span>
    </p>
   </div>
   <div class='ocr_carea' id='block_1_100' title="bbox 2410 4609 3968 4688">
    <p class='ocr_par' dir='ltr' id='par_1_100' title="bbox 2410 4609 3968 4688">
     <span class='ocr_line' id='line_1_100' title="bbox 2410 4609 3968 4688; baseline -0.004 -18"><span class='ocrx_word' id='word_1_762' title='bbox 2410 4617 2539 4688; x_wconf 82' lang='grc' dir='ltr'>γὰρ,</span> <span class='ocrx_word' id='word_1_763' title='bbox 2569 4617 2749 4688; x_wconf 72' lang='grc' dir='ltr'>φησὶν,</span> <span class='ocrx_word' id='word_1_764' title='bbox 2785 4614 2933 4667; x_wconf 73' lang='grc' dir='ltr'>ἔσται</span> <span class='ocrx_word' id='word_1_765' title='bbox 2962 4612 3206 4684; x_wconf 85' lang='grc' dir='ltr'>κώλυμα,</span> <span class='ocrx_word' id='word_1_766' title='bbox 3243 4612 3374 4683; x_wconf 82' lang='grc' dir='ltr'>μηδὲ</span> <span class='ocrx_word' id='word_1_767' title='bbox 3404 4611 3672 4682; x_wconf 79' lang='grc' dir='ltr'>ἐμπόδιον,</span> <span class='ocrx_word' id='word_1_768' title='bbox 3713 4609 3849 4679; x_wconf 79' lang='grc' dir='ltr'>μηδέ</span> <span class='ocrx_word' id='word_1_769' title='bbox 3881 4627 3968 4673; x_wconf 85' lang='grc' dir='ltr'><strong>τις</strong></span> 
     </span>
    </p>
   </div>
   <div class='ocr_carea' id='block_1_101' title="bbox 2413 4699 3970 4782">
    <p class='ocr_par' dir='ltr' id='par_1_101' title="bbox 2413 4699 3970 4782">
     <span class='ocr_line' id='line_1_101' title="bbox 2413 4699 3970 4782; baseline -0.004 -24"><span class='ocrx_word' id='word_1_770' title='bbox 2413 4707 2621 4775; x_wconf 85' lang='grc' dir='ltr'>φθόνος,</span> <span class='ocrx_word' id='word_1_771' title='bbox 2657 4704 3098 4782; x_wconf 25' lang='grc' dir='ltr'>μηδὲιβάσκανος,</span> <span class='ocrx_word' id='word_1_772' title='bbox 3131 4701 3204 4773; x_wconf 84' lang='grc' dir='ltr'><strong>μὴ</strong></span> <span class='ocrx_word' id='word_1_773' title='bbox 3243 4701 3512 4772; x_wconf 82' lang='grc' dir='ltr'>πρόφασίς</span> <span class='ocrx_word' id='word_1_774' title='bbox 3548 4719 3626 4765; x_wconf 85' lang='grc' dir='ltr'><strong>τε,</strong></span> <span class='ocrx_word' id='word_1_775' title='bbox 3685 4699 3814 4770; x_wconf 82' lang='grc' dir='ltr'>μηδὲ</span> <span class='ocrx_word' id='word_1_776' title='bbox 3850 4701 3970 4752; x_wconf 82' lang='grc' dir='ltr'>δαί-</span> 
     </span>
    </p>
   </div>
   <div class='ocr_carea' id='block_1_102' title="bbox 2415 4791 3968 4869">
    <p class='ocr_par' dir='ltr' id='par_1_102' title="bbox 2415 4791 3968 4869">
     <span class='ocr_line' id='line_1_102' title="bbox 2415 4791 3968 4869; baseline -0.004 -18"><span class='ocrx_word' id='word_1_777' title='bbox 2415 4816 2550 4869; x_wconf 91' lang='grc' dir='ltr'>μων,</span> <span class='ocrx_word' id='word_1_778' title='bbox 2591 4798 2665 4868; x_wconf 87' lang='grc' dir='ltr'><strong>μὴ</strong></span> <span class='ocrx_word' id='word_1_779' title='bbox 2699 4795 2912 4864; x_wconf 82' lang='grc' dir='ltr'>πνεῦμα</span> <span class='ocrx_word' id='word_1_780' title='bbox 2959 4795 3208 4864; x_wconf 87' lang='grc' dir='ltr'>πονηρὸν,</span> <span class='ocrx_word' id='word_1_781' title='bbox 3249 4794 3321 4864; x_wconf 82' lang='grc' dir='ltr'>μὴ</span> <span class='ocrx_word' id='word_1_782' title='bbox 3359 4793 3581 4862; x_wconf 86' lang='grc' dir='ltr'>δύναμις</span> <span class='ocrx_word' id='word_1_783' title='bbox 3616 4791 3968 4860; x_wconf 70' lang='grc' dir='ltr'>ἀντικειμένη</span> 
     </span>
    </p>
   </div>
   <div class='ocr_carea' id='block_1_103' title="bbox 2413 4883 3968 4955">
    <p class='ocr_par' dir='ltr' id='par_1_103' title="bbox 2413 4883 3968 4955">
     <span class='ocr_line' id='line_1_103' title="bbox 2413 4883 3968 4955; baseline -0.005 -12"><span class='ocrx_word' id='word_1_784' title='bbox 2413 4889 2750 4943; x_wconf 84' lang='grc' dir='ltr'>διακωλυέτω</span> <span class='ocrx_word' id='word_1_785' title='bbox 2776 4887 2863 4941; x_wconf 78' lang='grc' dir='ltr'>τὸν</span> <span class='ocrx_word' id='word_1_786' title='bbox 2893 4886 3017 4940; x_wconf 84' lang='grc' dir='ltr'>λαὸν</span> <span class='ocrx_word' id='word_1_787' title='bbox 3041 4885 3128 4937; x_wconf 83' lang='grc' dir='ltr'>τὸν</span> <span class='ocrx_word' id='word_1_788' title='bbox 3159 4884 3286 4954; x_wconf 76' lang='grc' dir='ltr'>ἐμὸν</span> <span class='ocrx_word' id='word_1_789' title='bbox 3321 4887 3399 4947; x_wconf 82' lang='grc' dir='ltr'><strong>είς</strong></span> <span class='ocrx_word' id='word_1_790' title='bbox 3426 4883 3521 4955; x_wconf 79' lang='grc' dir='ltr'><strong>τὴν</strong></span> <span class='ocrx_word' id='word_1_791' title='bbox 3552 4883 3820 4952; x_wconf 82' lang='grc' dir='ltr'>βασιλείαν</span> <span class='ocrx_word' id='word_1_792' title='bbox 3856 4883 3968 4936; x_wconf 83' lang='grc' dir='ltr'><strong>τῶν</strong></span> 
     </span>
    </p>
   </div>
   <div class='ocr_carea' id='block_1_104' title="bbox 2412 4973 3970 5050">
    <p class='ocr_par' dir='ltr' id='par_1_104' title="bbox 2412 4973 3970 5050">
     <span class='ocr_line' id='line_1_104' title="bbox 2412 4973 3970 5050; baseline -0.004 -17"><span class='ocrx_word' id='word_1_793' title='bbox 2412 4979 2648 5050; x_wconf 74' lang='grc' dir='ltr'>οὐρανῶν</span> <span class='ocrx_word' id='word_1_794' title='bbox 2700 4977 2942 5031; x_wconf 83' lang='grc' dir='ltr'>εἰσιέναι.</span> <span class='ocrx_word' id='word_1_795' title='bbox 2985 4973 3167 5029; x_wconf 77' lang='grc' dir='ltr'>Ταῦτα</span> <span class='ocrx_word' id='word_1_796' title='bbox 3196 4975 3252 5027; x_wconf 81' lang='grc' dir='ltr'>δὲ</span> <span class='ocrx_word' id='word_1_797' title='bbox 3297 4975 3431 5046; x_wconf 84' lang='grc' dir='ltr'>πρός</span> <span class='ocrx_word' id='word_1_798' title='bbox 3475 4993 3623 5037; x_wconf 87' lang='grc' dir='ltr'>τινας</span> <span class='ocrx_word' id='word_1_799' title='bbox 3669 4973 3970 5041; x_wconf 76' lang='grc' dir='ltr'>ἀγγελικὰς</span> 
     </span>
    </p>
   </div>
   <div class='ocr_carea' id='block_1_105' title="bbox 2385 5067 3022 5141">
    <p class='ocr_par' dir='ltr' id='par_1_105' title="bbox 2385 5067 3022 5141">
     <span class='ocr_line' id='line_1_105' title="bbox 2385 5067 3022 5141; baseline -0.006 -18"><span class='ocrx_word' id='word_1_800' title='bbox 2385 5071 2723 5141; x_wconf 67' lang='grc' dir='ltr'>..λεχθήσεται</span> <span class='ocrx_word' id='word_1_801' title='bbox 2752 5067 3022 5138; x_wconf 83' lang='grc' dir='ltr'>δυνάμεις.</span> 
     </span>
    </p>
   </div>
   <div class='ocr_carea' id='block_1_106' title="bbox 2490 5155 3971 5229">
    <p class='ocr_par' dir='ltr' id='par_1_106' title="bbox 2490 5155 3971 5229">
     <span class='ocr_line' id='line_1_106' title="bbox 2490 5155 3971 5229; baseline -0.002 -17"><span class='ocrx_word' id='word_1_802' title='bbox 2490 5181 2506 5212; x_wconf 85' lang='grc' dir='ltr'><strong>ι</strong></span> <span class='ocrx_word' id='word_1_803' title='bbox 2547 5161 2673 5214; x_wconf 77' lang='grc' dir='ltr'><strong>Ἰδοὺ</strong></span> <span class='ocrx_word' id='word_1_804' title='bbox 2700 5159 2807 5229; x_wconf 83' lang='grc' dir='ltr'><strong>γὰρ</strong></span> <span class='ocrx_word' id='word_1_805' title='bbox 2839 5158 3039 5228; x_wconf 85' lang='grc' dir='ltr'>Κύριος</span> <span class='ocrx_word' id='word_1_806' title='bbox 3071 5157 3321 5227; x_wconf 78' lang='grc' dir='ltr'>ἐποίησεν</span> <span class='ocrx_word' id='word_1_807' title='bbox 3349 5155 3612 5210; x_wconf 77' lang='grc' dir='ltr'>ἀκουστὸν</span> <span class='ocrx_word' id='word_1_808' title='bbox 3651 5156 3752 5218; x_wconf 80' lang='grc' dir='ltr'><strong>ἕως</strong></span> <span class='ocrx_word' id='word_1_809' title='bbox 3802 5157 3971 5225; x_wconf 76' lang='grc' dir='ltr'>ἐσχά-</span> 
     </span>
    </p>
   </div>
   <div class='ocr_carea' id='block_1_107' title="bbox 2413 5247 3972 5321">
    <p class='ocr_par' dir='ltr' id='par_1_107' title="bbox 2413 5247 3972 5321">
     <span class='ocr_line' id='line_1_107' title="bbox 2413 5247 3972 5321; baseline -0.001 -18"><span class='ocrx_word' id='word_1_810' title='bbox 2413 5270 2503 5306; x_wconf 86' lang='grc' dir='ltr'><strong>του</strong></span> <span class='ocrx_word' id='word_1_811' title='bbox 2533 5251 2630 5321; x_wconf 80' lang='grc' dir='ltr'>τῆς</span> <span class='ocrx_word' id='word_1_812' title='bbox 2651 5251 2774 5318; x_wconf 71' lang='grc' dir='ltr'>γῆς’</span> <span class='ocrx_word' id='word_1_813' title='bbox 2802 5250 3002 5303; x_wconf 75' lang='grc' dir='ltr'>Εἴπατε</span> <span class='ocrx_word' id='word_1_814' title='bbox 3051 5253 3114 5320; x_wconf 76' lang='grc' dir='ltr'><strong>τῇ</strong></span> <span class='ocrx_word' id='word_1_815' title='bbox 3160 5249 3384 5321; x_wconf 69' lang='grc' dir='ltr'>θυγατρὶ</span> <span class='ocrx_word' id='word_1_816' title='bbox 3414 5248 3549 5300; x_wconf 87' lang='grc' dir='ltr'>Σιών</span> <span class='ocrx_word' id='word_1_817' title='bbox 3569 5265 3581 5277; x_wconf 90' lang='grc'><strong>·</strong></span> <span class='ocrx_word' id='word_1_818' title='bbox 3635 5248 3761 5300; x_wconf 79' lang='grc' dir='ltr'><strong>Ἰδοῦ</strong></span> <span class='ocrx_word' id='word_1_819' title='bbox 3792 5247 3818 5299; x_wconf 85' lang='grc' dir='ltr'>ὁ</span> <span class='ocrx_word' id='word_1_820' title='bbox 3858 5247 3972 5301; x_wconf 85' lang='grc' dir='ltr'><strong>Σω-</strong></span> 
     </span>
    </p>
   </div>
   <div class='ocr_carea' id='block_1_108' title="bbox 770 5320 2376 5413">
    <p class='ocr_par' dir='ltr' id='par_1_108' title="bbox 770 5320 2310 5401">
     <span class='ocr_line' id='line_1_108' title="bbox 770 5320 2310 5401; baseline 0.009 -27"><span class='ocrx_word' id='word_1_821' title='bbox 770 5320 1017 5375; x_wconf 75' lang='lat' dir='ltr'><strong>Salvator</strong></span> <span class='ocrx_word' id='word_1_822' title='bbox 1046 5325 1136 5378; x_wconf 86' lang='lat' dir='ltr'><strong>tibi</strong></span> <span class='ocrx_word' id='word_1_823' title='bbox 1168 5328 1308 5380; x_wconf 86' lang='lat' dir='ltr'><strong>venit</strong></span> <span class='ocrx_word' id='word_1_824' title='bbox 1332 5329 1531 5385; x_wconf 81' lang='lat' dir='ltr'><strong>habens</strong></span> <span class='ocrx_word' id='word_1_825' title='bbox 1564 5334 1860 5386; x_wconf 80' lang='lat' dir='ltr'><strong>mercedem</strong></span> <span class='ocrx_word' id='word_1_826' title='bbox 1900 5350 2073 5396; x_wconf 84' lang='lat' dir='ltr'><strong>suam,</strong></span> <span class='ocrx_word' id='word_1_827' title='bbox 2099 5345 2151 5387; x_wconf 91' lang='lat' dir='ltr'><strong>et</strong></span> <span class='ocrx_word' id='word_1_828' title='bbox 2177 5349 2310 5401; x_wconf 85' lang='lat' dir='ltr'><strong>Opus</strong></span> 
     </span>
    </p>
   </div>
   <div class='ocr_carea' id='block_1_109' title="bbox 2408 5320 3969 5413">
    <p class='ocr_par' dir='ltr' id='par_1_109' title="bbox 2412 5320 3969 5413">
     <span class='ocr_line' id='line_1_109' title="bbox 2412 5320 3969 5413; baseline 0 -21"><span class='ocrx_word' id='word_1_829' title='bbox 2412 5343 2514 5413; x_wconf 77' lang='grc' dir='ltr'>τήρ</span> <span class='ocrx_word' id='word_1_830' title='bbox 2546 5320 2625 5392; x_wconf 84' lang='grc' dir='ltr'><strong>σοι</strong></span> <span class='ocrx_word' id='word_1_831' title='bbox 2656 5339 3024 5409; x_wconf 84' lang='grc' dir='ltr'>παραγέγονεν</span> <span class='ocrx_word' id='word_1_832' title='bbox 3055 5340 3192 5408; x_wconf 75' lang='grc' dir='ltr'>ἔχων</span> <span class='ocrx_word' id='word_1_833' title='bbox 3221 5340 3308 5390; x_wconf 80' lang='grc' dir='ltr'>τὸν</span> <span class='ocrx_word' id='word_1_834' title='bbox 3333 5320 3523 5391; x_wconf 73' lang='grc' dir='ltr'>ἑαυτοῦ</span> <span class='ocrx_word' id='word_1_835' title='bbox 3553 5337 3758 5408; x_wconf 79' lang='grc' dir='ltr'>μισθὸν,</span> <span class='ocrx_word' id='word_1_836' title='bbox 3784 5338 3882 5391; x_wconf 81' lang='grc' dir='ltr'>καὶ</span> <span class='ocrx_word' id='word_1_837' title='bbox 3908 5339 3969 5392; x_wconf 74' lang='grc' dir='ltr'><strong>τὸ</strong></span> 
     </span>
    </p>
   </div>
   <div class='ocr_carea' id='block_1_110' title="bbox 767 5415 2305 5495">
    <p class='ocr_par' dir='ltr' id='par_1_110' title="bbox 767 5415 2305 5495">
     <span class='ocr_line' id='line_1_110' title="bbox 767 5415 2305 5495; baseline 0.008 -29"><span class='ocrx_word' id='word_1_838' title='bbox 767 5422 1083 5469; x_wconf 80' lang='lat' dir='ltr'><strong>suum&#39;ante</strong></span> <span class='ocrx_word' id='word_1_839' title='bbox 1117 5415 1304 5471; x_wconf 83' lang='lat' dir='ltr'><strong>faciem</strong></span> <span class='ocrx_word' id='word_1_840' title='bbox 1350 5435 1521 5475; x_wconf 82' lang='lat' dir='ltr'><strong>suam.</strong></span> <span class='ocrx_word' id='word_1_841' title='bbox 1561 5423 1620 5477; x_wconf 83' lang='lat' dir='ltr'><strong>Et</strong></span> <span class='ocrx_word' id='word_1_842' title='bbox 1665 5426 1876 5479; x_wconf 81' lang='lat' dir='ltr'><strong>vocabit</strong></span> <span class='ocrx_word' id='word_1_843' title='bbox 1905 5441 2024 5479; x_wconf 91' lang='lat' dir='ltr'><strong>eum</strong></span> <span class='ocrx_word' id='word_1_844' title='bbox 2057 5427 2305 5495; x_wconf 87' lang='lat' dir='ltr'><strong>populum</strong></span> 
     </span>
    </p>
   </div>
   <div class='ocr_carea' id='block_1_111' title="bbox 770 5509 2305 5578">
    <p class='ocr_par' dir='ltr' id='par_1_111' title="bbox 770 5509 2305 5578">
     <span class='ocr_line' id='line_1_111' title="bbox 770 5509 2305 5578; baseline 0.009 -23"><span class='ocrx_word' id='word_1_845' title='bbox 770 5514 1039 5568; x_wconf 78' lang='lat' dir='ltr'><strong>sanctum,</strong></span> <span class='ocrx_word' id='word_1_846' title='bbox 1074 5509 1405 5578; x_wconf 88' lang='lat' dir='ltr'><strong>redemptum</strong></span> <span class='ocrx_word' id='word_1_847' title='bbox 1461 5527 1489 5564; x_wconf 87' lang='lat' dir='ltr'><strong>a</strong></span> <span class='ocrx_word' id='word_1_848' title='bbox 1543 5514 1787 5568; x_wconf 88' lang='lat' dir='ltr'><strong>Domino.</strong></span> <span class='ocrx_word' id='word_1_849' title='bbox 1823 5515 1899 5570; x_wconf 91' lang='lat' dir='ltr'><strong>Tu</strong></span> <span class='ocrx_word' id='word_1_850' title='bbox 1933 5527 2108 5570; x_wconf 90' lang='lat' dir='ltr'><strong>autem</strong></span> <span class='ocrx_word' id='word_1_851' title='bbox 2146 5532 2305 5571; x_wconf 85' lang='lat' dir='ltr'><strong>voca-</strong></span> 
     </span>
    </p>
   </div>
   <div class='ocr_carea' id='block_1_112' title="bbox 775 5587 2310 5664">
    <p class='ocr_par' dir='ltr' id='par_1_112' title="bbox 775 5587 2310 5664">
     <span class='ocr_line' id='line_1_112' title="bbox 775 5587 2310 5664; baseline 0.013 -26"><span class='ocrx_word' id='word_1_852' title='bbox 775 5587 914 5641; x_wconf 84' lang='lat' dir='ltr'><strong>beris</strong></span> <span class='ocrx_word' id='word_1_853' title='bbox 950 5593 1201 5659; x_wconf 86' lang='lat' dir='ltr'><strong>requisita</strong></span> <span class='ocrx_word' id='word_1_854' title='bbox 1231 5597 1443 5664; x_wconf 86' lang='lat' dir='ltr'><strong>civitas,</strong></span> <span class='ocrx_word' id='word_1_855' title='bbox 1471 5610 1523 5653; x_wconf 92' lang='lat' dir='ltr'><strong>et</strong></span> <span class='ocrx_word' id='word_1_856' title='bbox 1569 5618 1670 5656; x_wconf 88' lang='lat' dir='ltr'><strong>non</strong></span> <span class='ocrx_word' id='word_1_857' title='bbox 1738 5603 1941 5658; x_wconf 83' lang='lat' dir='ltr'><strong>relicta.</strong></span> <span class='ocrx_word' id='word_1_858' title='bbox 1972 5624 1988 5654; x_wconf 80' lang='lat'><strong>)</strong></span> <span class='ocrx_word' id='word_1_859' title='bbox 2019 5604 2093 5659; x_wconf 87' lang='lat' dir='ltr'><strong>Ne</strong></span> <span class='ocrx_word' id='word_1_860' title='bbox 2125 5606 2310 5658; x_wconf 80' lang='lat' dir='ltr'><strong>existi—</strong></span> 
     </span>
    </p>
   </div>
   <div class='ocr_carea' id='block_1_113' title="bbox 774 5681 2304 5766">
    <p class='ocr_par' dir='ltr' id='par_1_113' title="bbox 774 5681 2304 5766">
     <span class='ocr_line' id='line_1_113' title="bbox 774 5681 2304 5766; baseline 0.016 -37"><span class='ocrx_word' id='word_1_861' title='bbox 774 5689 882 5732; x_wconf 84' lang='lat' dir='ltr'><strong>met</strong></span> <span class='ocrx_word' id='word_1_862' title='bbox 934 5681 1215 5751; x_wconf 80' lang='lat' dir='ltr'><strong>quispiam,</strong></span> <span class='ocrx_word' id='word_1_863' title='bbox 1255 5687 1344 5752; x_wconf 82' lang='lat' dir='ltr'><strong>ait,</strong></span> <span class='ocrx_word' id='word_1_864' title='bbox 1395 5690 1506 5746; x_wconf 72' lang='lat' dir='ltr'><strong>haec</strong></span> <span class='ocrx_word' id='word_1_865' title='bbox 1547 5694 1611 5748; x_wconf 87' lang='lat' dir='ltr'><strong>dc</strong></span> <span class='ocrx_word' id='word_1_866' title='bbox 1661 5694 1881 5750; x_wconf 65' lang='lat' dir='ltr'><strong>Juolaico</strong></span> <span class='ocrx_word' id='word_1_867' title='bbox 1935 5697 2127 5766; x_wconf 74' lang='lat' dir='ltr'><strong>pupillo</strong></span> <span class='ocrx_word' id='word_1_868' title='bbox 2163 5698 2260 5752; x_wconf 81' lang='lat' dir='ltr'><strong>dici</strong></span> <span class='ocrx_word' id='word_1_869' title='bbox 2297 5718 2304 5749; x_wconf 93' lang='lat'>:</span> 
     </span>
    </p>
   </div>
   <div class='ocr_carea' id='block_1_114' title="bbox 2415 5426 3963 5499">
    <p class='ocr_par' dir='ltr' id='par_1_114' title="bbox 2415 5426 3963 5499">
     <span class='ocr_line' id='line_1_114' title="bbox 2415 5426 3963 5499; baseline -0.001 -19"><span class='ocrx_word' id='word_1_870' title='bbox 2415 5430 2569 5499; x_wconf 75' lang='grc' dir='ltr'>ἔργον</span> <span class='ocrx_word' id='word_1_871' title='bbox 2607 5427 2765 5480; x_wconf 73' lang='grc' dir='ltr'>αὐτοῦ</span> <span class='ocrx_word' id='word_1_872' title='bbox 2801 5428 2906 5498; x_wconf 83' lang='grc' dir='ltr'>πρὸ</span> <span class='ocrx_word' id='word_1_873' title='bbox 2934 5428 3217 5499; x_wconf 72' lang='grc' dir='ltr'>προσώπου</span> <span class='ocrx_word' id='word_1_874' title='bbox 3253 5426 3436 5479; x_wconf 74' lang='grc' dir='ltr'>αὐτοῦ.</span> <span class='ocrx_word' id='word_1_875' title='bbox 3473 5428 3580 5479; x_wconf 81' lang='lat' dir='ltr'><strong>Ka‘t</strong></span> <span class='ocrx_word' id='word_1_876' title='bbox 3613 5426 3827 5479; x_wconf 83' lang='grc' dir='ltr'>καλέσει</span> <span class='ocrx_word' id='word_1_877' title='bbox 3867 5428 3963 5479; x_wconf 66' lang='grc' dir='ltr'><strong>αὖ.</strong></span> 
     </span>
    </p>
   </div>
   <div class='ocr_carea' id='block_1_115' title="bbox 2414 5519 3969 5590">
    <p class='ocr_par' dir='ltr' id='par_1_115' title="bbox 2414 5519 3969 5590">
     <span class='ocr_line' id='line_1_115' title="bbox 2414 5519 3969 5590; baseline -0.001 -16"><span class='ocrx_word' id='word_1_878' title='bbox 2414 5525 2502 5575; x_wconf 70' lang='grc' dir='ltr'><strong>τὸν</strong></span> <span class='ocrx_word' id='word_1_879' title='bbox 2557 5523 2680 5575; x_wconf 80' lang='grc' dir='ltr'>λαὸν</span> <span class='ocrx_word' id='word_1_880' title='bbox 2726 5521 2898 5587; x_wconf 77' lang='grc' dir='ltr'>ἅγιον,</span> <span class='ocrx_word' id='word_1_881' title='bbox 2943 5519 3340 5590; x_wconf 81' lang='grc' dir='ltr'>λελυτρωμένον</span> <span class='ocrx_word' id='word_1_882' title='bbox 3384 5519 3488 5571; x_wconf 76' lang='grc' dir='ltr'><strong>ὑπὸ</strong></span> <span class='ocrx_word' id='word_1_883' title='bbox 3531 5520 3752 5588; x_wconf 78' lang='grc' dir='ltr'>Κυρίου.</span> <span class='ocrx_word' id='word_1_884' title='bbox 3805 5520 3881 5572; x_wconf 67' lang='grc' dir='ltr'><strong>Σὺ</strong></span> <span class='ocrx_word' id='word_1_885' title='bbox 3911 5520 3969 5573; x_wconf 78' lang='grc' dir='ltr'><strong>δὲ</strong></span> 
     </span>
    </p>
   </div>
   <div class='ocr_carea' id='block_1_116' title="bbox 2417 5605 3966 5680">
    <p class='ocr_par' dir='ltr' id='par_1_116' title="bbox 2417 5605 3966 5680">
     <span class='ocr_line' id='line_1_116' title="bbox 2417 5605 3966 5680; baseline 0 -19"><span class='ocrx_word' id='word_1_886' title='bbox 2417 5609 2656 5680; x_wconf 72' lang='grc' dir='ltr'>κληθήσῃ</span> <span class='ocrx_word' id='word_1_887' title='bbox 2683 5605 3076 5676; x_wconf 75' lang='grc' dir='ltr'>ὲπιζητουμένη</span> <span class='ocrx_word' id='word_1_888' title='bbox 3104 5607 3256 5668; x_wconf 81' lang='grc' dir='ltr'>πόλις</span> <span class='ocrx_word' id='word_1_889' title='bbox 3298 5607 3391 5660; x_wconf 73' lang='grc' dir='ltr'>καὶ</span> <span class='ocrx_word' id='word_1_890' title='bbox 3431 5608 3529 5660; x_wconf 80' lang='grc' dir='ltr'>οὐκ</span> <span class='ocrx_word' id='word_1_891' title='bbox 3557 5607 3966 5675; x_wconf 72' lang='grc' dir='ltr'>ἐγκαταλελειμ-</span> 
     </span>
    </p>
   </div>
   <div class='ocr_carea' id='block_1_117' title="bbox 2420 5695 3956 5770">
    <p class='ocr_par' dir='ltr' id='par_1_117' title="bbox 2420 5695 3956 5770">
     <span class='ocr_line' id='line_1_117' title="bbox 2420 5695 3956 5770; baseline 0.005 -23"><span class='ocrx_word' id='word_1_892' title='bbox 2420 5701 2568 5768; x_wconf 55' lang='lat' dir='ltr'><strong>nivi}.</strong></span> <span class='ocrx_word' id='word_1_893' title='bbox 2610 5718 2626 5749; x_wconf 77' lang='grc' dir='ltr'><strong>ι</strong></span> <span class='ocrx_word' id='word_1_894' title='bbox 2657 5697 2746 5767; x_wconf 79' lang='grc' dir='ltr'>Μὴ</span> <span class='ocrx_word' id='word_1_895' title='bbox 2774 5697 2878 5765; x_wconf 77' lang='grc' dir='ltr'>γὰρ</span> <span class='ocrx_word' id='word_1_896' title='bbox 2904 5695 3160 5766; x_wconf 74' lang='grc' dir='ltr'>νομιζέτω</span> <span class='ocrx_word' id='word_1_897' title='bbox 3187 5715 3283 5761; x_wconf 78' lang='grc' dir='ltr'>τις,</span> <span class='ocrx_word' id='word_1_898' title='bbox 3328 5699 3505 5770; x_wconf 64' lang='grc' dir='ltr'>φησὶν,</span> <span class='ocrx_word' id='word_1_899' title='bbox 3551 5698 3675 5767; x_wconf 75' lang='grc' dir='ltr'>περὶ</span> <span class='ocrx_word' id='word_1_900' title='bbox 3705 5697 3794 5752; x_wconf 72' lang='grc' dir='ltr'>τοῦ</span> <span class='ocrx_word' id='word_1_901' title='bbox 3836 5701 3956 5753; x_wconf 66' lang='grc' dir='ltr'>Ἰου-</span> 
     </span>
    </p>
   </div>
  </div>
