4128 6294
271 299 356 355 $1
1192 293 1692 354 COMMENTARIA
1728 293 1797 351 IN

1908 294 2084 352 MAI.
2125 327 2195 339 —
2227 297 2376 353 CAP.
2417 295 2599 353 LXIII.

3375 299 3482 354 θυι

268 412 415 467 δαίων
438 408 563 466 λαοῦ
586 410 758 466 ταῦτα
780 411 1026 484 είρῆσθαι
1042 430 1056 444 ·
1083 414 1381 487 ἐπειδήπερ
1404 414 1579 469 πάντα
1599 416 1666 470 τά
1684 415 1808 487 ιθνη

1914 419 2165 488 quoniam
2196 434 2384 476 omnes
2414 427 2602 491 gentes
2626 416 2839 489 signum
2867 416 3047 472 levare
3069 416 3247 483 jubet,
3284 425 3337 471 et
3359 432 3476 470 om-

267 503 320 557 τδ
371 506 586 575 σημεῖον
623 504 874 577 αἴρεσθαι
911 506 1253 576 προστάττει,
1314 508 1410 561 καὶ
1454 507 1661 571 πάντας
1707 507 1811 572 ἕως

266 589 479 659 ἐσχάτου
533 590 635 662 τῆς
687 591 790 662 γῆς
856 593 1263 662 εὐαγγελίζεται
1314 595 1384 649 τά
1429 596 1808 667 προλεχθέντα.

268 681 426 735 Πάλαι
456 682 551 752 μιν
580 677 675 736 οὖν
715 683 856 737 κατά
883 684 980 755 τὴν
1004 684 1223 757 πρώτην
1250 686 1412 740 αύτοῦ
1457 687 1755 759 παρουσίαν
1784 688 1813 739 ὁ

266 770 410 834 αὐτὸς
455 767 521 844 ἧν
557 772 753 846 Σωτὴρ
791 774 859 827 δι’
906 770 981 829 ὧν
1028 775 1229 847 ἔπραξε
1267 778 1360 831 καὶ⁵
1384 777 1648 831 πέπονθεν
1674 777 1815 849 ὑπὲρ

265 861 344 916 τοῦ
402 862 507 917 τῶν
566 864 870 937 ἀνθρώπων
926 867 1114 936 γένους
1164 869 1264 940 τὴν
1322 871 1472 942 παρά
1520 869 1615 923 τοῦ
1677 868 1813 923 Θεοῦ

267 954 517 1026 σωτηρίαν
539 956 656 1020 τοῖς
681 959 760 1021 είς
780 957 940 1011 αὐτὸν
970 958 1280 1014 πιστεύουσι
1304 962 1597 1032 προξενῶν,
1621 960 1749 1034 παρ’
1770 955 1816 1029 ᾧ

265 1046 347 1098 καὶ
374 1045 573 1117 Ἰησοῦς
595 1046 911 1120 ὠνομάσθη,
947 1049 1088 1103 κατά
1106 1051 1205 1124 τὴν
1226 1052 1319 1106 τοῦ
1348 1052 1575 1122 ἀγγέλου
1612 1068 1815 1124 μαρτυ-

266 1136 387 1207 ρίαν.

750 1234 1143 1289 ΚΕΦΔΔΔΙΟΝ
1187 1234 1304 1290 ΞΓ.

325 1360 345 1394 ι
376 1343 470 1407 Τίς
501 1338 659 1410 οὗτος
702 1347 732 1400 δ
764 1348 1196 1421 παραγενόμενος
1222 1349 1283 1415 ἐξ
1323 1348 1501 1421 Ἐδὼμ
1520 1388 1537 1414 ,
1565 1348 1815 1422 ἐρύθημα

260 1434 474 1504 ίματίων
514 1437 580 1491 ἐκ
632 1438 835 1510 Βοσόρ;
871 1440 1040 1504 οὕτως
1081 1441 1279 1513 ὡραῖος
1324 1444 1382 1495 ἐν
1417 1443 1578 1516 στολῇ
1613 1444 1775 1499 αὑτοῦ
1798 1462 1813 1476 -

260 1523 341 1595 βία
372 1527 505 1597 μετά
549 1528 754 1598 ίσχύος.
802 1530 938 1598 Ἐγὼ
982 1531 1679 1605 διαλέγομαιοδικαιοσύνην
1723 1535 1818 1588 καὶ

258 1614 421 1685 κρίσιν
447 1617 743 1689 Σωτηρίου.
777 1637 796 1670 ι
827 1620 1244 1691 Προσωποποιεῖ
1276 1624 1305 1675 ὁ
1334 1622 1491 1691 λόγος
1518 1624 1816 1695 ἐρωτήσεις

256 1704 401 1756 τινῶν
434 1705 687 1777 ὁρώντων
712 1707 801 1761 τὸν
827 1706 1059 1779 Χριστὸν
1090 1710 1370 1782 πολεμικῷ
1402 1711 1641 1782 σχήματι
1683 1712 1818 1765 θεω-

258 1792 501 1862 ρούμενον
534 1798 631 1850 καὶ
654 1796 750 1868 τὴν
782 1798 1071 1869 περιϐολὴν
1100 1802 1416 1873 ᾑμαγμένον
1439 1820 1453 1833 ·
1475 1803 1527 1856 οῖ
1554 1804 1647 1857 καὶ
1676 1802 1811 1875 πρὸς

255 1880 495 1953 ἀλλήλους
519 1888 654 1954 φασὶ
676 1886 738 1939 τὸ
765 1885 911 1950 ξένον
929 1887 1023 1941 τοῦ
1048 1891 1327 1961 σχήματος
1350 1890 1776 1963 ἐκπληττόμενοι
1792 1909 1805 1922 ’

258 1988 277 2021 ι
312 1970 401 2034 Τίς
438 1967 593 2041 οὗτος
634 1973 663 2027 ό
710 1976 1150 2047 παραγενόμενος
1188 1974 1250 2041 ἐξ
1310 1976 1507 2047 Ἐδὼμ,
1559 1978 1812 2049 ἐρύθημα

254 2059 471 2130 ἱματίων
502 2066 569 2117 ἐκ
599 2065 802 2137 Βοσόρ;
851 2084 871 2118 ι
928 2066 1142 2138 Ἐπειδὴ
1185 2067 1295 2139 γάρ
1330 2070 1363 2140 ἠ
1422 2066 1600 2139 Ἐδὼμ
1644 2068 1739 2123 καὶ
1776 2069 1810 2139 ἡ

250 2148 410 2222 Βοσὸρ
434 2153 537 2222 τῆς
575 2154 682 2208 τῶν
711 2156 1018 2226 ἀλλοφύλων
1046 2156 1229 2229 χώρας
1256 2159 1353 2213 καὶ
1383 2158 1471 2212 ἀεὶ
1505 2158 1615 2212 τῶν
1656 2157 1813 2212 πολε-

252 2239 379 2312 μίων
416 2244 511 2297 τοῦ
564 2245 779 2319 Ἰσραὴλ
805 2250 1177 2320 τυγχάνουσιν,
1217 2250 1440 2315 είκότως
1481 2251 1571 2305 διά
1610 2250 1812 2306 τούτων

248 2331 348 2383 τῶν
375 2332 655 2404 ὀνομάτων
678 2336 776 2400 τὰς
806 2339 1185 2409 ἀντικειμένας
1212 2339 1473 2411 δυνάμεις
1493 2340 1808 2405 αίνίττεται,

250 2421 336 2475 καὶ
369 2422 477 2477 τῶν
521 2426 905 2499 ἀνῃρημένων,
952 2432 1046 2484 καὶ
1078 2431 1318 2503 ὡσπερεὶ
1348 2433 1811 2503 κατεσφαγμένων

248 2510 329 2565 τὸν
368 2514 663 2587 ἱματισμὸν
708 2519 871 2573 αὐτοῦ
919 2538 1051 2591 φησι
1098 2523 1464 2591 πεφοινίσθαι.
1510 2525 1723 2597 Σφόδρα
1754 2525 1811 2579 δέ

249 2603 398 2658 αὐτὸν
428 2607 638 2662 ἀλλοῖον
664 2611 897 2683 ὁρῶντες
931 2614 994 2666 ἐκ
1034 2614 1133 2685 τῆς
1162 2615 1303 2669 κατά
1333 2614 1441 2669 τῶν
1473 2616 1685 2670 ἀσεϐῶν
1728 2635 1811 2670 τι-

250 2696 471 2767 μωρίας,
498 2701 622 2754 ούδέ
654 2703 939 2773 γνωρίζειν
970 2704 1205 2759 ἐοίκασιν
1242 2706 1426 2773 αὑτὸν,
1463 2708 1685 2780 φαιδρὸν
1716 2709 1811 2763 καὶ

247 2787 467 2859 γαληνὸν
506 2793 602 2846 καὶ
641 2795 848 2866 ἥμερον
884 2796 1045 2850 αὑτὸν
1078 2798 1447 2867 ἐπιστάμενοι·
1484 2799 1564 2853 διὸ
1602 2801 1809 2855 πυνθά-

246 2894 416 2932 νονται
470 2880 753 2951 λέγοντες;
795 2903 814 2936 ι
852 2886 947 2949 Τίς
978 2877 1131 2951 οὗτος
1194 2888 1223 2940 ὁ
1265 2890 1704 2961 παραγενόμενος
1751 2892 1810 2961 ἐξ

258 2967 444 3039 Ἐδὼμ,
465 2970 717 3043 ἐρύθημα
733 2975 958 3043 ίματίων
973 2977 1037 3030 ἐκ
1048 2976 1245 3048 Βοσόρ;
1270 2996 1392 3030 ›-ι
1414 2979 1805 3052 ’Υπερμαχῶνι

246 3056 365 3128 γὰρ,
396 3059 539 3113 κατὰ
570 3061 660 3113 τὸν
687 3062 1002 3135 Σύμμαχον,
1035 3065 1143 3119 τῶν
1170 3067 1369 3133 ἀδίκως
1395 3070 1498 3123 ὑπὸ
1527 3070 1635 3124 τῶν
1665 3073 1811 3127 ἀντι-

247 3148 506 3217 κειμένων
539 3151 819 3223 δυνάμεων
866 3160 1385 3231 καταπονουμένων,
1418 3162 1545 3225 τοὺς
1592 3162 1690 3233 μὲν
1734 3164 1813 3229 ῶς

246 3240 465 3310 ἐχθροὺς
502 3246 833 3316 μετήρχετο,
866 3249 993 3312 τοὺς
1021 3250 1078 3303 δὲ
1128 3252 1327 3315 ἔσωζεν
1370 3253 1668 3325 ἐλευθερῶν
1714 3258 1813 3329 τῆς

248 3331 344 3383 ὑπὸ
372 3335 481 3397 τοῖς
506 3336 718 3407 ἐχθροῖς
740 3338 1077 3404 δυναστείας.

312 3439 330 3471 ι
363 3423 463 3476 Διά
493 3424 547 3477 τί
583 3442 673 3478 σου
716 3428 920 3500 ἐρυθρά
945 3430 1013 3484 τὰ
1057 3432 1264 3503 ἱμάτια,
1300 3435 1395 3487 καὶ
1435 3436 1505 3488 τά
1542 3436 1813 3507 ἐνδύματά

246 3529 333 3566 σου
362 3515 439 3578 ὡς
467 3516 575 3569 ἀπὸ
604 3520 839 3589 πατητοῦ
865 3521 1054 3591 ληνοῦ;
1090 3527 1307 3599 Πλήρης
1341 3528 1745 3600 πεπατημένης.
1786 3552 1806 3584 ι

246 3603 379 3674 Ὅρα
413 3605 471 3659 δὲ
505 3606 622 3671 πῶς
651 3609 860 3681 εἴρηται
892 3612 1051 3683 ληνὸν
1080 3618 1453 3686 πεπατηκέναι
1486 3620 1807 3689 μονώτατος.

240 3693 398 3765 Μόνῳ
429 3697 541 3769 γάρ
568 3700 715 3769 αὐτῷ
740 3702 839 3773 τὴν
865 3703 1047 3768 κρίσιν
1068 3704 1297 3761 δέδωκεν
1323 3709 1352 3761 ὁ
1384 3709 1594 3781 Πατὴρ,
1628 3712 1726 3782 τὴν
1754 3711 1811 3764 δὲ

240 3786 341 3840 τῶν
380 3789 793 3862 ἁμαρτημάτων
822 3793 1084 3866 ἔκπραξιν
1110 3794 1269 3867 ληνὸν
1297 3797 1455 3852 εἴωθε
1490 3800 1671 3857 καλεῖν
1688 3818 1702 3831 ο
1728 3799 1812 3853 διὸ

240 3878 295 3929 ἐν
337 3882 451 3943 τοῖς
492 3880 718 3953 Θρήνοις
782 3884 1049 3955 Ἱερεμίας
1093 3888 1262 3958 φησί’
1300 3908 1333 3944 ι.
1360 3888 1533 3959 Ληνὸν
1573 3892 1811 3962 ἐπάτησε

239 3966 442 4037 Κύριος
482 3971 733 4043 παρθένῳ
776 3972 1007 4045 θυγατρὶ
1058 3976 1259 4029 Ἰούδα·
1318 3978 1413 4030 ἐπὶ
1450 3978 1658 4043 τούτοις
1701 3980 1811 4048 ἐγὼ

238 4058 426 4111 κλαίω.
461 4079 482 4113 ι
515 4062 721 4133 ’Ὥσπερ
741 4063 797 4115 δὲ
825 4067 857 4133 ἡ
894 4065 987 4118 ἐπὶ
1017 4066 1077 4119 τὸ
1107 4066 1238 4120 αὐτὸ
1259 4067 1369 4121 τῶν
1396 4069 1810 4141 ἁμαρτημάτων

238 4149 458 4221 εὐθύνη,
493 4153 587 4206 καὶ
616 4156 645 4207 ό
673 4154 890 4225 ἐλεγχος
920 4156 1007 4209 ἐπ’
1035 4158 1236 4222 αὐτοῖς,
1270 4159 1305 4229 ἦ
1339 4176 1398 4212 τε
1433 4159 1693 4231 ἐκπραξις
1718 4163 1811 4216 καὶ

238 4240 271 4308 ἡ
299 4243 541 4313 τιμωρία
566 4243 724 4315 ληνὸς
750 4246 1060 4317 ὠνόμασται
1081 4264 1095 4277 ’
1130 4248 1271 4301 οὕτω
1308 4250 1400 4303 καὶ
1438 4250 1549 4303 τῶν
1591 4252 1808 4320 ἀγαθῶν

236 4333 467 4402 καρπῶν
507 4336 569 4387 ἐκ
599 4334 699 4406 τῆς
736 4336 947 4407 ἀγαθῆς
987 4338 1233 4408 ἀμπέλου
1262 4342 1627 4412 τρυγωμένων
1659 4343 1809 4415 ληνοὶ

237 4421 498 4490 θεοφιλεῖς
546 4426 639 4479 καὶ
688 4426 807 4497 Θεῷ
848 4428 1077 4501 ἀρεσταὶ
1130 4430 1400 4498 γίνονται·
1448 4432 1534 4502 ἐφ’
1580 4429 1669 4497 αἷς
1712 4436 1808 4489 καὶ

240 4532 260 4563 ι
282 4512 582 4586 Ἐπιλήνιοι
622 4535 641 4569 ι
679 4516 835 4587 ΰμνοι
868 4520 1107 4591 εἴρηνται
1133 4520 1190 4574 ἐν
1220 4524 1331 4585 τοῖς
1355 4522 1621 4594 Ψαλμοῖς.
1653 4543 1671 4576 ι
1706 4526 1804 4579 Διά

232 4602 286 4653 τί
324 4620 419 4655 σου
463 4604 668 4677 ἐρυθρά
710 4607 779 4660 τὰ
811 4607 1021 4678 ἱμάτια,
1058 4610 1152 4663 καὶ
1193 4609 1263 4663 τά
1293 4610 1567 4684 ἐνδύματά
1601 4631 1694 4668 σου
1727 4615 1803 4679 ὼς

234 4692 341 4746 ἀπὸ
376 4696 615 4765 πατητοῦ
648 4696 843 4768 ληνοῦ;
874 4698 1092 4771 Πλήρης
1126 4704 1529 4775 πεπατημένης.
1575 4724 1593 4757 ι
1627 4706 1805 4759 Μολύ-

233 4800 311 4837 νει
346 4785 405 4838 δὲ
442 4785 511 4838 τὰ
554 4788 820 4859 ἐνδύματα
857 4789 1019 4843 αὑτοῦ
1041 4831 1055 4855 ,
1092 4792 1279 4863 ῶσπερ
1312 4795 1515 4867 ἐρυθρά
1549 4798 1801 4865 γενέσθαι

232 4874 372 4927 αύτά
396 4874 610 4944 λέγεται
633 4880 1043 4952 προσωποποιίᾳ
1071 4882 1342 4955 ἐμφατικῇ
1362 4901 1375 4914 ·
1404 4886 1552 4939 ῶσπε
1562 4906 1591 4959 ρ
1624 4888 1715 4941 καὶ
1739 4890 1801 4941 τὸ

234 4960 371 5034 αἷμα
404 4963 513 5018 τῶν
545 4965 771 5037 ἐχθρῶν,
808 4970 933 5041 περὶ
962 4962 1022 5022 οὗ
1069 4987 1233 5040 φησι·
1285 4992 1304 5024 ι
1352 4976 1460 5028 Καὶ
1490 4978 1798 5047 κατήγαγον

231 5052 291 5103 τὸ
330 5047 472 5123 αἷμα
512 5054 689 5107 αὐτῶν
722 5057 802 5119 είς
820 5058 941 5126 γῆν.
980 5075 1000 5109 ›
1028 5058 1101 5110 Οὐ
1129 5058 1236 5129 γὰρ
1266 5061 1329 5131 δὴ
1377 5063 1629 5133 αἰσθητὸν
1662 5062 1797 5138 αἷμα

232 5145 453 5215 νοητέον
493 5140 629 5198 εἶναι
666 5146 793 5217 περὶ
821 5147 919 5210 τὰς
947 5149 1324 5220 ἀντικειμένας
1351 5153 1627 5225 δυνάμεις.

306 5253 328 5285 ι
377 5236 487 5289 Καὶ
524 5237 632 5291 τῶν
663 5237 831 5291 ἐθνῶν
855 5240 954 5292 οὐκ
988 5239 1131 5293 ἔστιν
1161 5243 1300 5313 ἀνὴρ
1338 5246 1454 5314 μετ’
1492 5247 1647 5317 ἐμοῦ.
1691 5252 1799 5305 Καὶ

230 5327 589 5399 κατέπάτησα
614 5329 810 5391 αὐτοὺς
837 5330 891 5382 ἐν
919 5328 1074 5399 θυμῷ
1107 5347 1227 5399 μου,
1256 5336 1348 5386 καὶ
1374 5337 1675 5391 κατέθλασα
1706 5343 1801 5393 αύ-

230 5417 359 5482 τοὺς
383 5419 458 5482 ὠς
474 5420 595 5491 γῆν,
622 5420 719 5473 καὶ
746 5423 1050 5493 κατήγαγον
1078 5424 1139 5476 τὸ
1172 5419 1307 5495 αἷμα
1324 5428 1500 5481 αὐτῶν
1520 5432 1597 5493 είς
1619 5432 1739 5501 γῆν.
1769 5454 1784 5485 ι

244 5508 462 5581 Ἐπειδὴ
494 5511 601 5582 γὰρ
630 5512 848 5566 ἐδόκουν
880 5514 938 5566 τὸ
968 5514 1227 5585 πρότερον
1258 5517 1619 5585 ἀνυπότακτοὲ
1653 5541 1792 5591 τινες

305 5686 351 5717 ⁸⁵
382 5686 648 5751 Threna,
690 5691 763 5751 tt},
807 5689 863 5739 16

1912 514 2072 568 nibus
2105 526 2279 583 usque
2315 513 2382 567 ad
2431 520 2733 569 extremum
2767 520 2926 566 terrae
2962 510 3216 579 praedicta
3270 524 3453 565 annun

1916 604 2031 657 tiat.
2068 601 2209 659 Olim
2241 604 2456 673 quidem
2503 603 2562 658 in
2603 602 2779 673 primo
2805 616 2904 656 suo
2945 602 3179 655 adventu
3215 598 3329 667 ipse
3362 597 3484 651 Sal-

1913 703 2088 761 vator,
2114 710 2211 766 per
2254 711 2315 751 ea
2342 710 2463 766 quze
2490 709 2587 765 pro
2620 696 2857 750 humano
2880 707 3085 761 genere
3117 690 3246 747 fecit
3279 699 3333 745 et
3357 704 3483 759 per-

1912 802 2098 858 pessus
2126 798 2229 853 est,
2262 803 2381 842 eam
2417 802 2534 858 qum
2560 802 2592 842 a
2621 787 2735 842 Deo
2765 794 2855 841 est
2902 784 3134 841 salutem
3172 784 3226 838 in
3261 797 3321 837 se
3363 796 3482 835 ere-

1913 878 2163 934 dentibus
2192 878 2532 943 conciliabat,
2555 878 2698 933 unde
2727 875 2886 933 Jesus
2922 874 3227 946 appellatus
3259 881 3365 940 est,
3403 887 3485 928 se-

1915 968 2150 1024 cundum
2194 968 2369 1038 angeli
2403 967 2794 1023 testimonium.

2470 1229 2698 1288 CAPUT
2732 1227 2913 1285 LXIII.

1986 1322 2151 1378 Vsus.
2180 1323 2231 1378 1.
2268 1341 2288 1376 ι
2319 1322 2449 1391 Quis
2476 1332 2558 1379 est
2582 1326 2686 1380 iste
2710 1324 2801 1394 qui
2830 1320 2980 1378 venit
3008 1322 3073 1378 de
3101 1320 3291 1385 Edom,
3320 1318 3487 1376 rubor

1915 1417 2360 1473 vestimentorum
2396 1417 2464 1474 de
2487 1417 2687 1473 Bosor?
2712 1416 2792 1472 sic
2820 1414 3090 1470 formosus
3112 1415 3166 1470 in
3186 1413 3323 1470 stola
3351 1428 3474 1478 sua,

1914 1510 2175 1565 violentia
2223 1525 2346 1565 cum
2374 1510 2720 1566 fortitudine.
2747 1508 2863 1582 Ego
2888 1508 3083 1579 loquor
3118 1506 3389 1577 justitiam
3432 1514 3490 1561 et

1912 1600 2177 1672 judicium
2228 1601 2560 1658 Salutaris.»
2605 1598 3015 1671 lnterrogantes
3059 1598 3266 1655 inducit
3295 1612 3489 1668 perso-

1918 1707 2017 1749 nas
2046 1692 2306 1764 quasdam
2346 1692 2628 1747 Christum
2680 1691 2877 1747 bellico
2921 1690 3110 1746 habitu
3163 1696 3220 1744 et
3252 1696 3489 1744 cruento

1845 1764 1891 1825 Β
1916 1786 2117 1842 amictu
2162 1784 2406 1841 videntes
2436 1800 2448 1834 :
2475 1800 2597 1854 qua:
2644 1784 2909 1855 stupende
2963 1783 3160 1838 vestitu
3196 1782 3485 1853 perculsae,

1918 1878 1993 1935 ita
2020 1888 2205 1933 mutuo
2232 1878 2619 1947 colloquuntur
2654 1894 2667 1930 :
2708 1894 2726 1929 ι
2750 1868 2887 1943 Quis
2931 1884 3017 1932 est
3058 1875 3181 1943 iste,
3209 1875 3301 1946 qui
3337 1875 3489 1930 venit

1918 1969 1984 2024 de
2020 1968 2209 2034 Edom,
2259 1968 2426 2023 rubor
2463 1968 2905 2023 vestimentorum
2948 1982 3014 2023 ex
3063 1967 3273 2022 Bosor‘l
3303 1986 3321 2018 ι
3350 1965 3488 2021 Nam

1918 2060 2043 2131 quia
2073 2059 2240 2115 Edom
2285 2069 2341 2114 et
2377 2058 2549 2114 Bosor
2573 2060 3000 2131 alienigenarum
3026 2060 3275 2130 regiones
3308 2067 3484 2126 erant,

1918 2152 2101 2209 lsraeli
2140 2166 2355 2223 semper
2396 2151 2632 2219 infestae;
2670 2152 2757 2208 his
2798 2151 3113 2207 nominibus
3142 2150 3487 2206 adversaria:

1918 2252 2214 2313 potestates
2266 2252 2629 2314 congruenter
2682 2242 2927 2307 indicat,
2980 2257 3044 2297 ac
3100 2241 3485 2296 vestimentum

1918 2348 2076 2389 suum
2099 2348 2361 2390 caesorum
2394 2349 2458 2390 ac
2486 2334 2857 2405 jngulatorum
2890 2348 3083 2388 cruore
3112 2333 3263 2403 quasi
3292 2348 3485 2401 purpu-

1918 2435 2095 2480 ratum
2124 2438 2245 2480 esse
2274 2425 2427 2481 dicit.
2463 2425 2594 2480 Cu’m
2638 2435 2817 2481 autem
2860 2426 3034 2495 ipsum
3080 2441 3110 2479 a
3151 2435 3368 2495 sumpto
3420 2427 3490 2481 de

1917 2517 2096 2589 impiis
2131 2518 2393 2589 supplicio
2419 2518 2574 2574 valde
2611 2519 2949 2572 immutatum
2982 2524 3229 2583 cernant,
3266 2532 3334 2571 ne
3360 2517 3487 2585 qui-

1917 2610 2037 2665 dem
2054 2624 2213 2665 nosse
2238 2610 2507 2677 videntur,
2535 2623 2695 2679 quem
2722 2609 2924 2673 laetum,
2958 2607 3305 2678 tranquillum
3338 2622 3489 2663 man-

1916 2711 2236 2772 auctumque
2272 2716 2393 2758 esse
2428 2701 2679 2758 sciebant
2708 2716 2722 2752 :
2756 2701 3108 2772 quamobrem
3136 2699 3486 2755 sciscitantur

1915 2794 2001 2851 his
2028 2794 2207 2850 verbis
2232 2810 2246 2845 :
2273 2812 2292 2846 ι
2321 2794 2452 2861 Quis
2488 2802 2571 2849 est
2592 2794 2692 2849 iste
2720 2793 2811 2863 qui
2843 2794 2992 2849 venit
3018 2794 3083 2848 de
3107 2791 3300 2858 Edom,
3318 2791 3484 2846 rubor

1916 2886 2359 2942 vestimentorum
2384 2888 2450 2941 de
2486 2886 2699 2942 Bosorl
2732 2903 2853 2937 ι-ι
2880 2881 3231 2955 Propugnans
3260 2902 3279 2935 ι
3313 2883 3481 2947 enim,

1916 2978 2212 3033 secundum
2250 2978 2657 3048 Symmachum,
2680 2992 2780 3049 pro
2810 2981 2899 3042 iis,
2931 2976 3022 3046 qui
3056 2975 3125 3029 ab
3157 2973 3483 3029 adversariis

1915 3071 2272 3139 potestatibus
2318 3068 2716 3144 adﬁgebantur,
2774 3069 2894 3129 illos
2936 3068 3153 3138 quidem
3206 3076 3277 3126 ut
3297 3066 3484 3121 hostes

1914 3158 2223 3224 invadebat,
2259 3158 2360 3216 hos
2390 3168 2573 3214 autem
2615 3160 2789 3215 salute
2821 3159 3080 3227 donabat,
3117 3156 3186 3213 ab
3233 3156 3484 3214 inimico—

1913 3266 2031 3306 rum
2060 3252 2299 3323 potentia
2338 3260 2575 3323 ereptos.

1986 3409 2149 3466 Vens.
2181 3409 2236 3463 2.
2280 3428 2300 3462 ι
2322 3409 2500 3478 Quare
2530 3410 2699 3467 rubra
2733 3411 3059 3467 vestimenta
3086 3417 3196 3476 tua,
3235 3417 3287 3464 et
3322 3408 3487 3463 indu-

1912 3512 2095 3557 menta
2130 3512 2219 3557 tua
2269 3508 2425 3573 quasi
2470 3521 2499 3559 a
2549 3506 2756 3561 calcato
2794 3504 3095 3561 torculari?
3125 3502 3327 3558 Plenus
3354 3518 3485 3558 con-

1910 3594 2143 3653 culcata.
2172 3615 2193 3650 ι
2219 3596 2354 3653 Vide
2394 3599 2662 3670 quomodo
2694 3598 2840 3655 solus
2870 3596 3110 3653 torcular
3134 3593 3487 3650 conculcasse

1911 3692 2139 3747 dicatur.
2185 3691 2293 3762 Ipsi
2347 3704 2586 3761 namque
2630 3691 2732 3746 soli
2778 3691 3040 3760 judicium
3088 3694 3239 3751 dedit
3273 3694 3480 3747 Pater:

1909 3794 2254 3854 peccatorum
2288 3798 2417 3839 vero
2446 3784 2704 3838 ultionem
2732 3786 2968 3839 torcular
2990 3786 3263 3856 appellare
3292 3788 3432 3841 solet
3464 3803 3482 3843 :

1911 3892 2083 3946 quare
2113 3877 2167 3931 in
2206 3876 2438 3931 Threnis
2470 3876 2544 3930 ait
2568 3874 2832 3931 Jeremias
2859 3892 2871 3928 :
2906 3895 2925 3928 ι
2953 3877 3216 3932 Torcular
3252 3877 3483 3931 calcavit

1912 3968 2169 4024 Dominus
2190 3969 2386 4039 virgini
2420 3969 2542 4024 ﬁlia:
2566 3969 2703 4024 Juda
2732 3988 2745 4022 ι
2772 3986 2935 4041 super
2970 3971 3055 4025 his
3078 3984 3177 4040 ego
3196 3969 3349 4040 ploro
3374 3969 3439 4027 ".
3456 3988 3476 4022 ι

1910 4061 2375 4128 Quemadmodum
2429 4070 2609 4116 autem
2661 4062 2943 4117 confertim
2997 4061 3197 4117 habitae
3229 4071 3482 4131 peccato-

1910 4169 2027 4208 rum
2062 4168 2256 4225 pmnaa,
2294 4154 2621 4223 redargutio,
2644 4152 2777 4209 uitio
2827 4165 2883 4209 et
2914 4154 3235 4224 supplicium
3299 4164 3481 4209 torcu-

1908 4242 1991 4297 lar
2016 4255 2284 4299 vocantur
2308 4262 2323 4311 ;
2355 4244 2431 4298 ita
2460 4252 2515 4297 et
2545 4244 2809 4299 bonorum
2838 4243 3107 4298 fructuum
3137 4260 3203 4299 ex
3226 4245 3365 4299 bona
3397 4246 3481 4297 vi-

1910 4348 2009 4388 nea
2034 4333 2429 4403 decerptorum,
2462 4333 2571 4388 Deo
2598 4332 2851 4387 amabilia
2877 4342 2929 4386 et
2959 4334 3151 4402 placita
3183 4333 3479 4389 toreularia

1838 4460 1885 4517 υ
1909 4432 2170 4495 parantur
2196 4440 2209 4476 :
2236 4439 2338 4493 qua
2368 4424 2433 4479 de
2458 4438 2620 4481 causa
2653 4423 2836 4491 hymni
2866 4440 2884 4473 ι
2926 4424 3031 4477 Pro
3064 4424 3425 4480 torcularibus
3453 4444 3475 4477 ι

1908 4516 2160 4569 dicuntur
2206 4515 2260 4569 in
2310 4514 2561 4571 Psalmis.
2591 4534 2609 4567 ι
2639 4516 2818 4580 Quare
2848 4514 3011 4569 rubra
3053 4515 3395 4580 vestimenta,
3426 4524 3481 4571 et

1906 4606 2222 4664 indumenta
2274 4619 2362 4664 tua
2416 4610 2569 4680 quasi
2614 4625 2643 4664 a
2691 4609 2901 4666 calcato
2951 4609 3249 4663 torculari?
3282 4607 3480 4667 Plenus

1906 4700 2237 4756 conculcata.
2268 4720 2287 4754 ι
2332 4702 2674 4758 Vestimenta
2702 4718 2866 4772 porro
2891 4701 3155 4768 inquinat,
3193 4702 3265 4754 ita
3293 4711 3351 4754 ut
3375 4717 3472 4754 rn-

1903 4794 2034 4847 bore
2086 4794 2383 4865 tingantur,
2442 4810 2799 4867 prosopopaea
2849 4811 2981 4853 usus
3038 4796 3356 4863 aptissima;
3416 4803 3474 4846 nt

1904 4885 2069 4938 etiam
2126 4899 2248 4939 cum
2281 4886 2347 4940 de
2400 4888 2664 4959 sanguine
2704 4889 3049 4945 inimicorum
3083 4891 3155 4944 ita
3188 4888 3467 4957 loquitur:

1908 4990 1929 5025 ι
1959 4973 2024 5027 Ει
2054 4974 2250 5030 deduxi
2290 4981 2609 5047 sanguinem
2652 4995 2844 5035 eorum
2880 4983 2930 5036 in
2979 4992 3199 5037 terram.
3232 4999 3249 5032 ι
3288 4979 3473 5048 Neque

1902 5066 2044 5118 enim
2090 5067 2142 5119 in
2190 5069 2517 5125 adversariis
2572 5072 2931 5139 potestatibus
2984 5072 3301 5143 sanguinem
3354 5085 3476 5124 esse

1901 5161 2244 5230 cogitandum
2271 5172 2373 5217 est.
3012 5156 3017 5161 ’

1972 5253 2135 5307 Vens.
2166 5254 2218 5307 5.
2263 5274 2280 5305 ι
2310 5255 2375 5310 Ει
2405 5257 2468 5310 de
2502 5257 2748 5320 gentibus
2784 5272 2889 5312 non
2924 5266 3005 5311 est
3042 5256 3122 5310 vir
3146 5271 3376 5310 mecnrn.
3411 5256 3473 5308 Et

1901 5344 2210 5399 conculcavi
2256 5361 2349 5399 eos
2404 5348 2454 5399 in
2510 5347 2692 5403 furore
2734 5365 2871 5410 meo.
2902 5358 2955 5402 et
2995 5347 3230 5417 confregi
3281 5361 3375 5399 eos
3418 5348 3467 5399 in

1903 5444 2126 5500 terram,
2155 5446 2209 5491 et
2256 5438 2455 5492 deduxi
2494 5441 2811 5507 sanguinem
2868 5455 3051 5495 eorum
3092 5440 3143 5491 in
3190 5447 3387 5491 terram
3447 5456 3467 5489 ι

1904 5528 2035 5585 Nam
2081 5530 2204 5598 quia
2260 5531 2406 5598 prius
2467 5546 2569 5585 non
2621 5531 2807 5587 domiti
2860 5546 2997 5597 esse,
3036 5543 3132 5583 nec
3180 5528 3477 5583 viclorintu.
