4128 6294
727 311 823 370 505

1377 301 1644 362 EUSEBII
1673 302 2149 360 CESARIENSIS
2187 302 2335 360 OPP.
2377 300 2555 358 PARS
2603 300 2690 356 Ill.
2726 327 2793 341 -
2821 296 3220 357 EXEGETICA.

3807 300 3927 356 505

725 433 1016 489 concedere
1047 428 1389 490 videbantur,
1425 423 1558 493 iure
1575 422 1814 478 devictos
1843 421 1961 476 illos
2002 435 2066 475 ac
2107 415 2275 487 deje-‘

2365 414 2608 473 εἶναικαὶ
2645 417 2807 488 μηδὲν
2843 413 3289 487 παραχωροῦντες
3314 410 3412 482 τῆς
3446 411 3617 484 νίκης,
3657 412 3920 478 εἰκότως,

725 534 840 581 ctos
872 518 1236 590 subindicans,
1269 515 1346 570 ait
1376 514 1428 568 in
1455 521 1654 568 terram
1688 511 1948 582 deiectam
1983 509 2147 566 fuisse
2180 510 2258 563 vi-

723 613 943 668 ctoriam
973 623 1179 664 eorum.
1218 623 1236 656 ι
1263 604 1329 659 Ει
1364 601 1602 672 confregi
1631 615 1726 657 eos
1749 601 1800 656 in
1829 609 2045 665 terram,
2079 609 2133 655 et
2161 599 2256 655 de-

722 703 848 758 duxi
879 700 1192 770 sanguinem
1225 707 1410 752 eorum
1441 692 1493 747 in
1523 701 1740 750 terram.
1768 709 1788 746 ι

791 876 955 934 Vens.
995 875 1048 930 ι.
1087 893 1105 926 ι
1129 873 1251 928 Dies
1281 869 1422 927 enim
1462 867 1830 924 retributionis
1883 867 2030 921 venit
2077 866 2173 929 eis,
2207 874 2260 920 et

722 983 895 1023 annus
929 961 1310 1032 redemptionis
1349 960 1518 1015 adest.
1553 976 1573 1011 ι
1613 958 1884 1026 Siquidem
1913 972 2017 1013 uno
2054 956 2261 1012 eodem-

722 1069 825 1123 que
872 1063 1108 1120 tempore
1166 1063 1291 1104 suos
1332 1047 1592 1112 redimet;
1623 1046 1742 1100 aliis
1795 1059 1922 1102 vero
1979 1046 2256 1107 retribuet,

724 1149 882 1210 prout
919 1139 1058 1210 apud
1101 1138 1320 1208 Moysen
1371 1135 1630 1205 scriptum
1680 1144 1806 1190 est:
1844 1134 1953 1188 «Et
2004 1135 2262 1189 retribuet

721 1236 1008 1290 vindictam
1059 1232 1309 1297 inimicis,
1365 1239 1419 1288 et
1458 1231 1764 1286 odientibus
1815 1245 1875 1287 se
1906 1229 2202 1284 retribuet:
2237 1248 2254 1281 ι

723 1325 1166 1396 quemadmodum
1201 1322 1302 1387 iis,
1326 1321 1413 1392 qui
1447 1321 1702 1390 pietatem
1731 1321 2026 1387 coluerunt,
2062 1319 2258 1375 Serva-

722 1427 811 1472 tor
841 1430 962 1472 cum
1010 1413 1252 1469 mercede
1303 1427 1396 1468 sua
1429 1413 1644 1467 venisse
1694 1412 1910 1475 dicitur,
1945 1419 2001 1465 ut
2045 1410 2260 1481 praemia

721 1508 1002 1572 tribueret,
1030 1513 1083 1561 et
1106 1502 1285 1560 bravia
1315 1516 1557 1571 supernae
1586 1501 1876 1558 vocationis
1920 1501 1986 1557 iis
2032 1502 2120 1570 qui
2166 1515 2261 1571 pro

722 1598 920 1669 pietate
972 1594 1327 1660 certaverint;
1365 1593 1438 1648 ita
1489 1603 1543 1648 et
1599 1593 1774 1663 impiis
1839 1601 1893 1648 et
1935 1592 2260 1648 contrariam

722 1692 865 1745 viam
914 1686 1144 1743 emensis
1185 1686 1296 1756 ipse
1327 1687 1486 1740 timor
1541 1684 1768 1748 accedit,
1803 1693 1859 1738 et
1885 1691 2104 1738 ventura
2132 1681 2262 1736 ultio

2355 512 2455 582 τὴν
2490 505 2657 582 ἧτταν
2691 510 2780 562 καὶ
2807 507 2903 577 τὴν
2933 507 3253 560 ταπείνωσιν
3286 503 3462 558 αὐτῶν
3487 505 3919 575 αἱνιτττόμιενος,

2357 601 2552 670 φάσκει
2584 601 2662 662 είς
2687 599 2788 668 γῆν
2815 596 3222 666 κατενηνοχέναι
3256 593 3316 648 τὸ
3341 595 3486 658 νῖκος
3513 594 3707 648 αὐτῶν.
3742 614 3761 646 ε
3795 597 3922 649 Καὶ

2357 689 2705 758 κατεπάτησα
2731 689 2923 752 αὐτοὺς
2951 687 3026 751 ὡς
3051 686 3175 756 γῆν,
3208 687 3301 740 καὶ
3332 686 3637 757 κατήγαγον
3664 687 3722 739 τὸ
3761 681 3918 757 αἷμα

2356 781 2533 836 αὐτῶν
2570 782 2648 843 είς
2679 779 2800 850 γῆν.
2845 799 2864 832 ι

2430 889 2451 923 ι
2504 870 2708 941 Ἡμέρα
2739 868 2848 941 γὰρ
2891 867 3293 932 ἀνταποδόσεως
3329 868 3561 940 ἐπῆλθεν
3599 869 3777 932 αὐτοῖς
3813 869 3924 924 καὶ

2357 963 2599 1028 ἐνιαυτὸς
2631 961 2944 1034 λυτρώσεως
2977 962 3222 1031 πάρεστι.
3262 979 3281 1014 ι
3327 960 3413 1014 Ἐν
3443 961 3620 1032 ταυτῷ
3647 962 3755 1035 γὰρ
3778 963 3921 1025 τοὺς

2363 1055 2462 1127 μὲν
2485 1054 2713 1138 οἰκείους
2757 1051 3104 1125 λυτρώσεται,
3139 1054 3248 1116 τοῖς
3278 1050 3334 1105 δέ
3357 1051 3735 1117 ἀνταποδώσει,
3764 1050 3921 1105 κατὰ

2358 1146 2419 1199 τὸ
2444 1144 2724 1216 εἰρημένον
2750 1143 2898 1216 παρὰ
2929 1143 3149 1214 Μωῦσῆ·
3181 1161 3199 1195 ι
3220 1142 3328 1196 Kal
3368 1141 3724 1196 ἀνταποδώσει
3751 1141 3918 1213 δίκην

2359 1239 2470 1302 τοῖς
2527 1237 2765 1308 ἐχθροῖς,
2821 1237 2914 1290 καὶ
2959 1239 3072 1299 τοῖς
3127 1232 3370 1306 μισοῦσιν
3439 1233 3822 1288 ἀνταποδώσει.
3885 1251 3912 1286 r

2365 1331 2570 1401 Ὥσπερ
2608 1331 2717 1393 τοῖς
2751 1327 3123 1400 κατορθώσασι
3166 1328 3266 1400 τήν
3310 1325 3610 1381 θεοσέϐειαν
3653 1327 3681 1378 6
3716 1325 3921 1398 Σαηὴρ

2361 1420 2572 1488 ἐλέγετο
2608 1419 2935 1490 ἐληλυθέναι,
2970 1419 3104 1490 ἔχων
3132 1418 3220 1473 τὸν
3251 1416 3440 1472 ἐαυτοῦ
3475 1416 3678 1487 μισθὸν,
3715 1416 3790 1479 ὡς
3839 1415 3922 1470 ἀν

2362 1511 2460 1574 τὰς
2483 1509 2709 1580 ἀμοιϐάς
2735 1509 2914 1580 ἀποδῷ
2943 1511 3035 1564 καὶ
3058 1509 3127 1562 τά
3153 1508 3378 1580 βραϐεῖα
3415 1511 3509 1578 τῆς
3534 1508 3642 1562 ἀνω
3666 1505 3922 1577 κλήσεως

2361 1603 2472 1666 τοῖς
2513 1601 2648 1673 ὺπέρ
2683 1601 2958 1664 εὐσεϐείας
2993 1598 3409 1670 ἠγωνισμένοις·
3445 1597 3584 1650 οὕτω
3621 1599 3730 1660 τοῖς
3778 1598 3921 1650 ἀσε-

2365 1692 2482 1746 ϐέσι
2511 1691 2602 1746 καὶ
2631 1692 2728 1762 τὴν
2757 1691 2996 1745 ἐναντίαν
3018 1690 3132 1744 666v
3157 1688 3534 1761 πορευομένοις
3555 1690 3583 1741 6
3613 1686 3768 1749 αὑτός
3796 1687 3923 1766 ἐστι

719 1777 1044 1850 ρτεεάίςὶιιιτ.
1102 1775 1215 1830 «Et
1263 1774 1527 1830 retribuet
1585 1773 1872 1827 vindictam
1929 1771 2180 1836 inimicis,
2211 1782 2266 1826 et

2366 1781 2523 1850 φόϐος
2563 1781 2654 1834 καὶ
2692 1780 2752 1832 τὸ
2788 1778 3153 1851 τιμωρητικὸν
3187 1776 3335 1848 ἥξειν
3368 1775 3692 1840 θεσπίζεται.
3741 1794 3758 1827 ι
3800 1775 3923 1828 Καὶ

720 1869 1026 1927 odientibus
1052 1883 1109 1924 se
1138 1867 1417 1923 retribuet.

791 2047 956 2102 Vens.
983 2046 1037 2111 5,
1069 2043 1122 2099 6.
1154 2063 1171 2094 ι
1197 2043 1262 2098 Ει
1308 2043 1513 2114 aspexi,
1545 2051 1599 2098 et
1645 2056 1751 2098 non
1780 2051 1898 2115 erat
1932 2043 2259 2098 auxiliator:

720 2145 775 2194 et
822 2134 1176 2201 consideravi,
1236 2143 1290 2190 et
1347 2133 1519 2188 nullus
1570 2142 1705 2198 erat,
1733 2133 1824 2203 qui
1873 2134 2170 2202 adiuvaret.
2197 2135 2263 2188 Et

719 2227 861 2283 eruit
898 2240 990 2282 eos
1026 2226 1304 2281 brachium
1340 2239 1538 2292 meum,
1589 2235 1642 2280 et
1691 2223 1838 2280 furor
1885 2239 2035 2280 meus
2070 2226 2258 2279 adluit.

718 2316 786 2372 Et
817 2315 1123 2374 conculcavi
1148 2330 1241 2371 eos
1278 2317 1332 2371 in
1364 2317 1444 2372 ira
1468 2332 1604 2384 mea,
1638 2330 1692 2372 et
1731 2316 1923 2372 deduxi
1948 2321 2261 2386 sanguinem

722 2421 908 2464 eorum
941 2407 994 2462 in
1024 2415 1242 2461 terram.
1277 2425 1295 2457 ι
1334 2405 1442 2463 Cur
1467 2408 1581 2462 hac
1607 2407 1858 2462 dicantur
1882 2407 2260 2479 intelligemus,

721 2500 767 2554 si
793 2499 1205 2568 perpendamus,
1246 2499 1509 2566 quomodo
1550 2499 1663 2569 ipse
1703 2497 1849 2554 solus
1879 2513 1996 2555 sese
2036 2513 2262 2554 evacua-

720 2591 880 2654 verit,
930 2590 1101 2644 forma
1145 2589 1282 2648 servi
1330 2599 1566 2658 accepta,
1628 2603 1689 2644 ac
1737 2603 1855 2645 sese
1902 2589 2263 2644 humiliaverit

721 2681 901 2735 factus
943 2679 1200 2735 obediens
1240 2692 1410 2748 usque
1448 2679 1512 2733 ad
1553 2688 1800 2743 mortem,
1831 2689 2058 2735 mortem
2084 2690 2259 2734 autem

723 2769 918 2826 crucis.
967 2768 1099 2824 Nam
1154 2783 1271 2839 quae
1302 2769 1478 2825 nullus
1531 2785 1764 2840 unquam
1817 2771 2115 2836 hominum,
2163 2785 2263 2826 nec

726 2861 1058 2932 angelorum,
1091 2875 1192 2916 nec
1224 2862 1522 2917 divinarum
1563 2864 1818 2918 virtutum
1843 2863 2115 2927 sustinuit,
2152 2864 2264 2932 ipse

721 2952 870 3009 solus
907 2967 1004 3024 pro
1055 2952 1230 3008 salute
1253 2962 1432 3009 nostra
1456 2953 1675 3010 exhibet
1703 2971 1718 3011 :
1753 2970 1817 3011 ac
1847 2955 1946 3025 ipsi
1974 2953 2070 3011 soli
2101 2953 2263 3010 Pater

722 3059 916 3103 nomen
944 3046 1110 3130 dedit,
1132 3047 1278 3116 quod
1309 3055 1391 3104 est
1435 3061 1598 3117 super
1629 3062 1787 3104 omne
1815 3063 2029 3110 nomen,
2062 3062 2125 3102 ac
2151 3063 2264 3102 om—

2366 1868 2723 1923 ἀνταποδώσει
2767 1869 2917 1940 δίκην
2953 1871 3064 1933 τοῖς
3110 1866 3338 1938 ἐχθροῖς,
3383 1867 3476 1920 καὶ
3516 1867 3626 1928 τοῖς
3668 1864 3924 1936 μισοῦσιν

2365 1959 2744 2014 ἀνταποδώσει.
2784 1979 2801 2011 ι

2440 2069 2458 2102 ι
2499 2051 2608 2104 Καὶ
2657 2050 2944 2119 ἐπέϐλεψα,
2983 2050 3074 2103 καὶ⁸
3115 2049 3214 2102 οὐκ
3254 2043 3321 2117 ἦν
3368 2046 3578 2118 βοηθός·
3620 2047 3711 2101 καὶ
3749 2061 3927 2116 προσ-

2367 2135 2579 2205 ενόησα,
2607 2135 2699 2188 καὶ
2725 2135 2896 2198 οὐδεὶς
2910 2135 3354 2207 ἀντελαμϐάνετο.
3391 2136 3498 2190 Καὶ
3524 2133 3787 2206 ἐρρύσατο
3819 2133 3926 2187 αύ-

2367 2226 2489 2290 τσὺς
2517 2227 2545 2278 6
2577 2225 2813 2298 βραχίων
2851 2243 2971 2296 μου,
3009 2229 3100 2281 καὶ
3143 2229 3172 2281 ό
3205 2226 3371 2298 θυμός
3403 2243 3501 2297 μου
3541 2225 3760 2295 ἐπέστη.
3808 2224 3930 2278 Καὶ

2367 2314 2717 2385 κατεπάτησα
2749 2315 2942 2378 αὐτοὺς
2964 2318 3030 2386 τῇ
3062 2314 3195 2386 όργῇ
3234 2331 3357 2384 μου,
3391 2315 3485 2368 καὶ
3516 2314 3824 2384 κατήγαγον
3855 2312 3928 2365 τὸ

2367 2403 2504 2475 αἷμα
2528 2404 2702 2459 αὐτῶν
2729 2406 2808 2470 είς
2843 2409 2961 2477 γῆν.
3007 2423 3024 2456 ι
3062 2406 3340 2476 Νοήσσμεν
3365 2403 3420 2457 δέ
3464 2403 3579 2468 πῶς
3607 2406 3636 2458 6
3657 2402 3810 2472 λόγος
3837 2401 3926 2455 εῖ-

2369 2513 2546 2567 ρηται,
2581 2497 2965 2568 ἐπιστήσαντες
2995 2495 3110 2558 πῶς
3143 2496 3299 2566 μόνος
3328 2496 3484 2560 αὐτὸς
3507 2494 3762 2549 ἐκένωσεν
3788 2494 3926 2547 ἐαυ-

2364 2587 2454 2640 τὸν
2489 2586 2698 2657 μορφὴν
2744 2585 2926 2638 δούλου
2969 2583 3146 2638 λαϐὼν
3166 2625 3181 2649 ,
3216 2585 3310 2638 καὶ
3339 2583 3696 2637 ἐταπείνωσεν
3727 2580 3926 2635 ἐαυτὸν

2367 2677 2602 2747 ὑπήκοος
2629 2675 2915 2747 γενόμενος
2945 2674 3104 2746 μέχρι
3140 2674 3387 2740 θανάτου,
3410 2672 3635 2729 θανάτου
3666 2671 3722 2725 δέ
3753 2685 3924 2731 σταυ-

2369 2770 2481 2840 ροῦ.
2517 2771 2584 2822 Ἀ
2609 2767 2715 2841 γάρ
2739 2767 2910 2831 οὐδεὶς
2932 2765 3147 2821 πώποτε
3175 2765 3492 2838 ἀνθρώπων,
3509 2763 3628 2818 οὐδὲ
3649 2761 3922 2831 ἀγγέλων,

2365 2861 2486 2916 ούδέ
2511 2860 2618 2915 τῶν
2649 2860 2805 2914 θείων
2832 2859 3108 2928 δυνάμεων
3140 2857 3366 2927 ὑπέστη,
3407 2855 3560 2926 μόνος
3593 2853 3750 2916 αὐτὸς
3777 2851 3930 2924 ὑπὲρ

2367 2952 2466 3022 τῆς
2491 2951 2760 3023 ἡμετέρας
2782 2949 3152 3003 ἀναδείκνυται
3175 2947 3460 3018 σωτηρίας,
3492 2945 3581 2998 καὶ
3605 2945 3746 3016 μόνῳ
3770 2942 3926 3014 αὐτῷ

2368 3048 2396 3100 6
2426 3043 2612 3115 Πατήρ
2644 3042 2931 3114 ἐχαρίσατο
2965 3041 3026 3095 τὸ
3051 3041 3219 3111 ὄνομα
3246 3040 3304 3094 τὸ
3331 3039 3470 3110 ὺπέρ
3501 3038 3605 3092 πᾶν
3630 3036 3796 3107 ϐνομα
3827 3035 3929 3089 καὶ

723 3138 872 3192 nium
929 3135 1032 3207 ipsi
1081 3125 1339 3204 iudicium
1396 3138 1630 3192 tradidit.
1674 3137 1769 3194 ille
1810 3153 1957 3203 vero,
1989 3147 2207 3208 accepta
2236 3154 2264 3192 a

2367 3136 2464 3207 τὴν
2488 3135 2626 3189 κατά
2660 3135 2875 3189 πάντων
2906 3131 3082 3204 κρίσιν
3108 3130 3448 3203 ἐνεχείρισεν·
3476 3130 3504 3182 6
3527 3128 3603 3194 δέ,
3635 3127 3731 3199 τὴν
3766 3126 3929 3201 παρά

725 3229 888 3285 Patre
933 3236 1225 3297 potestate,
1277 3227 1411 3284 alios
1448 3229 1662 3298 quidem
1711 3228 1875 3296 eruit,
1906 3243 2043 3299 quos
2093 3227 2266 3284 salute

726 3318 976 3384 donavit;
1013 3318 1254 3374 inimicos
1303 3325 1484 3374 autem
1517 3326 1571 3373 et
1617 3320 1953 3376 adversarios
1986 3321 2038 3374 iu
2089 3319 2264 3392 fugam

726 3410 862 3465 verti
874 3419 908 3462 ι.

794 3504 957 3559 Vens.
975 3503 1027 3566 7,
1047 3501 1099 3557 8.
1129 3500 1533 3559 «Misericordia
1561 3499 1768 3556 Domini
1792 3501 2104 3560 recordatus
2129 3517 2265 3568 sum,

726 3596 982 3651 virtutum
1027 3593 1234 3649 Domini
1275 3592 1332 3648 in
1369 3592 1775 3660 omnibusque
1814 3592 2062 3648 retribuit
2092 3593 2265 3650 nobis.

729 3685 993 3740 Dominus
1021 3681 1184 3751 iudex
1215 3682 1401 3737 bonus
1431 3678 1614 3736 domui
1645 3678 1832 3746 lsraei,
1867 3680 2085 3736 adducit
2119 3682 2270 3737 nobis

727 3773 1022 3831 secundum
1055 3770 1483 3827 misericordiam
1517 3783 1690 3835 suam,
1718 3777 1771 3823 et
1799 3767 2090 3824 secundum
2136 3769 2272 3824 mul-

727 3864 1009 3923 titudinem
1051 3861 1273 3931 iustitia:
1312 3874 1440 3917 suae.
1467 3859 1534 3915 Et
1563 3859 1699 3915 dixit
1731 3876 1743 3914 :
1769 3856 1885 3916 Non
1918 3861 2148 3930 populus
2177 3875 2273 3932 po-

727 3954 884 4026 pulus
939 3967 1090 4008 meus
1142 3951 1285 4006 :illii
1334 3964 1668 4021 nemiaquam
1726 3950 2143 4021 repudiaverim.
2207 3951 2275 4006 Et

731 4044 904 4100 factus
931 4053 1014 4098 est
1044 4043 1197 4112 ipsis.
1228 4043 1282 4095 in
1334 4040 1582 4097 salutem.
1606 4058 1623 4092 ι
1667 4039 1813 4106 Haec,
1867 4041 2063 4111 inquit,
2092 4041 2270 4120 omnia

731 4133 1073 4197 recordabar,
1099 4131 1518 4202 magnitudinem
1537 4129 1788 4184 bonitatis
1813 4143 1925 4185 suae
1946 4144 2230 4187 recensens
2255 4147 2268 4184 :

730 4226 870 4281 hanc
905 4240 1034 4280 vero
1067 4224 1297 4279 maxime
1339 4221 1565 4292 gratiam
1599 4220 1853 4291 eiargitus
1879 4231 1982 4288 est,
2018 4233 2077 4277 ut
2103 4237 2272 4294 popu-

732 4315 842 4370 lum
871 4313 1010 4371 iiiios
1039 4322 1258 4370 vocaret
1291 4327 1440 4378 suos,
1468 4313 1515 4367 si
1545 4321 1719 4366 tamen
1769 4311 1841 4366 illi
1867 4313 2092 4384 gratiam
2119 4328 2271 4370 suam

734 4422 840 4463 non
872 4406 1289 4477 repudiaverint.

803 4496 963 4550 Vens.
999 4495 1148 4550 9-16.
1192 4493 1306 4551 «Ex
1357 4493 1501 4550 omni
1549 4491 1883 4548 tribulatione
1940 4508 2124 4551 eorum
2168 4511 2273 4553 non

734 4587 973 4656 legatus,
1018 4599 1122 4640 non
1169 4581 1422 4653 angelus,
1466 4581 1559 4638 sed
1610 4581 1723 4650 ipse
1752 4581 1973 4638 salvavit
2005 4599 2118 4648 eos,
2153 4585 2275 4654 quia

737 4674 990 4746 diligebat
1028 4688 1139 4740 eos,
1164 4683 1217 4728 et
1244 4676 1498 4742 parcebant
1544 4674 1640 4727 eis.
1674 4672 1787 4742 ipse
1822 4674 2047 4729 redemit
2080 4689 2195 4742 eos,
2225 4685 2279 4732 et

737 4767 991 4838 suscepit,
1025 4776 1081 4821 et
1109 4765 1365 4819 exultavit
1407 4779 1502 4820 eos
1551 4763 1800 4818 omnibus
1852 4764 2037 4820 diebus
2072 4766 2274 4822 saeculi.

737 4856 839 4926 ipsi
868 4866 1041 4911 autem
1078 4871 1181 4911 non
1205 4854 1565 4918 crediderunt,
1603 4862 1655 4909 et
1683 4855 2139 4912 exacerbaverunt
2166 4859 2277 4928 spi-

739 4951 898 5002 ritum
935 4958 1175 5003 sanctum
1199 4945 1313 5015 eius
1346 4961 1360 4997 :
1397 4955 1451 5000 et
1496 4960 1786 5000 conversus
1817 4958 1897 5001 est
1927 4948 2055 5017 ipsis
2086 4949 2140 5002 in
2182 4950 2281 5003 ini-

740 5041 994 5096 miciliam
1020 5056 1034 5092 :
1057 5040 1167 5108 ipse
1190 5039 1505 5109 Oppugnavit
1530 5039 1715 5093 eos.Et
1733 5042 2037 5097 recordatus
2063 5053 2145 5098 est
2171 5043 2284 5099 dic-

740 5147 860 5186 rum
893 5141 1234 5186 aeternorum.
1270 5129 1367 5186 Ubi
1394 5129 1585 5198 estqui
1631 5130 1815 5184 eduxit
1843 5130 1906 5186 de
1937 5132 2068 5188 mari
2114 5144 2287 5204 pasto-

740 5238 851 5280 rem
899 5221 1116 5279 ovium?
1148 5221 1250 5278 Ubi
1290 5230 1371 5276 est
1407 5221 1495 5291 qui
1542 5222 1718 5290 posuit
1761 5222 1810 5276 in
1866 5221 1995 5292 ipsis
2025 5223 2283 5293 Spiritum

741 5313 1023 5368 sanctum?
1055 5314 1142 5382 qui
1205 5313 1388 5367 eduxit
1441 5311 1660 5367 dextera
1712 5311 1946 5381 Moysen,
2007 5316 2283 5372 brachium

744 5405 921 5475 gloria:
945 5405 1060 5471 eius
1081 5405 1102 5458 ’ί
1126 5403 1411 5460 Ρτιενσιυίι
1430 5419 1564 5475 aqua
1596 5420 1625 5460 a
1657 5403 1798 5459 facie
1819 5406 1955 5474 ejus,
1990 5417 2044 5461 ut
2087 5405 2290 5463 faceret

745 5494 841 5548 sibi
878 5509 1067 5550 nomen
1102 5495 1508 5564 sempiternum.
1557 5496 1719 5551 Duxit
1751 5512 1842 5553 eos
1876 5515 1970 5569 per
2012 5501 2285 5570 abyssum.

747 5594 997 5653 tanquam
1051 5601 1243 5654 equum
1298 5600 1392 5654 per
1438 5586 1802 5653 solitudinem,
1844 5605 2016 5660 neque
2076 5593 2286 5647 labora-

749 5685 895 5740 runt,
927 5686 977 5734 et
1015 5687 1262 5747 tanquam
1314 5677 1549 5748 iumenta
1587 5697 1681 5753 per
1731 5696 1956 5752 .ampum
2014 5682 2288 5742 descendit

2367 3227 2578 3298 Πατρδς
2618 3224 2795 3280 λαϐὼν
2819 3223 3086 3292 ἐξουσίαν,
3125 3224 3251 3288 τοὺς
3287 3223 3382 3294 μὲν
3416 3221 3657 3295 ἐρρύετο,
3683 3220 3777 3286 οὓς
3812 3237 3892 3276 σω

2367 3315 2557 3388 τηρίας
2599 3316 2768 3385 ήξίου,
2806 3315 2931 3379 τοὺς
2963 3314 3019 3368 δέ
3064 3313 3351 3386 πολεμίους
3392 3314 3485 3367 καὶ
3521 3313 3646 3377 τοὺς
3697 3311 3927 3383 ἐχθροὺς

2367 3408 2682 3482 ἐτροποῦτο.

2442 3519 2459 3553 ι
2505 3497 2607 3555 Τὸν
2637 3499 2780 3553 ἔλεον
2808 3498 3009 3570 Κυρίου
3043 3498 3336 3571 ἐμνήσθην,
3364 3496 3462 3561 τάς
3491 3497 3689 3568 ἀρετὰς
3714 3493 3921 3570 κυρίου

2368 3592 2424 3644 ἐν
2450 3591 2633 3654 πᾶσιν,
2661 3583 2741 3654 οἷς
2763 3591 2890 3667 ἡμῖν
2915 3588 3317 3645 ἀνταποδίδωσι.
3351 3589 3550 3662 Κύριος
3577 3587 3766 3659 κριτής
3789 3587 3925 3654 ἀγα-

2370 3683 2460 3747 θὺς
2488 3681 2564 3752 τῷ
2588 3681 2720 3751 οίκῳ
2759 3680 2995 3752 Ἰσραὴλ,
3022 3680 3214 3749 ἐπάγει
3238 3681 3368 3752 ήμῖν
3399 3677 3540 3735 κατά
3565 3678 3626 3732 τὸ
3657 3677 3804 3742 ἕλεος
3827 3677 3924 3731 αὑ-

2369 3773 2484 3837 τοῦ,
2512 3772 2607 3827 καὶ
2635 3770 2774 3826 κατά
2799 3770 2860 3825 τὸ
2890 3769 3091 3841 πλῆθος
3117 3770 3215 3841 τῆς
3239 3768 3577 3840 δικαιοσύνης
3604 3767 3788 3822 αὑτοῦ.
3815 3766 3922 3822 Καὶ

2372 3858 2547 3917 είπεν·
2584 3861 2694 3932 Οὐχ
2719 3863 2747 3915 6
2780 3859 2903 3924 λαδς
2929 3859 3054 3923 λαός
3082 3877 3200 3930 μου·
3223 3860 3388 3915 τέκνα
3410 3859 3470 3913 οὐ
3498 3858 3571 3930 μή
3598 3857 3920 3929 ἀθετήσωσι.

2371 3953 2478 4009 Καὶ
2518 3951 2730 4021 ἐγένετο
2774 3950 2954 4015 αὐτόῖς
2991 3952 3069 4015 εἰς
3101 3951 3389 4024 σωτηρίαν.
3436 3968 3456 4004 ι
3493 3947 3674 4002 Ταῦτα
3721 3948 3920 4014 τοίνυν,

2373 4044 2523 4116 φησὶ,
2560 4043 2733 4097 πάντα
2763 4042 3054 4113 ἀναμνήσω
3097 4040 3166 4096 τά
3211 4041 3390 4114 πλήθη
3425 4038 3922 4111 καταριθμούμενος

2371 4140 2469 4209 τῆς
2508 4135 2860 4207 ἀγαθωσύνης
2892 4135 3053 4191 αὑτοῦ
3074 4176 3090 4204 ,
3127 4137 3186 4190 ἐν
3234 4130 3316 4200 οἷς
3351 4135 3444 4190 καὶ
3480 4133 3636 4190 τοῦτο
3673 4135 3920 4206 μέγιστον

2373 4232 2679 4303 ἐδωρήσατο
2712 4230 2986 4303 χάρισμα,
3019 4226 3359 4295 καταξιώσας
3390 4228 3555 4283 τέκνα
3600 4228 3765 4283 αὑτοῦ
3805 4229 3920 4283 ὀνο-

2377 4324 2546 4396 μάσαι
2570 4322 2661 4378 τὸν
2687 4322 2833 4390 λαὸν,
2867 4325 2915 4377 ει
2947 4321 3021 4395 μὴ
3050 4321 3290 4377 ἀθετοῖεν
3315 4321 3413 4392 τὴν
3441 4319 3603 4375 αὑτοῦ
3639 4319 3820 4393 χάριν.

2454 4527 2475 4562 ι
2527 4508 2619 4562 Ἐκ
2645 4506 2821 4578 πάσης
2847 4505 3072 4576 θλίψεως
3099 4503 3275 4559 αὐτῶν
3302 4504 3363 4558 οὐ
3394 4501 3651 4574 πρέσϐυς,
3684 4501 3806 4557 οὐδὲ
3829 4501 3927 4571 ἀγ-

2379 4597 2550 4668 γελος,
2583 4588 2692 4650 ἀλλ’
2725 4596 2883 4660 αὐτὸς
2918 4595 3120 4649 ἐσωσεν
3147 4593 3356 4658 αὐτοὺς,
3383 4591 3471 4647 διά
3497 4592 3556 4647 τὸ
3591 4593 3809 4664 ἀγαπᾷν
3836 4593 3939 4648 αὑ·-

2377 4688 2501 4751 τοὺς
2521 4688 2613 4741 καὶ
2634 4684 2905 4756 φείδεσθαι
2931 4681 3128 4738 αὐτῶν.
3159 4683 3328 4748 Αὐτὸς
3350 4681 3687 4756 ἐλυτρὼσατο
3711 4683 3922 4746 αὐτοὺς,

2379 4779 2472 4833 καὶ
2499 4777 2752 4833 ἀνέλαϐεν
2778 4776 2993 4841 αὐτοὺς,
3029 4775 3122 4830 καὶ
3166 4773 3376 4846 ὕψωσεν
3402 4774 3596 4838 αὐτοὺς
3623 4773 3805 4838 πάσας
3834 4774 3927 4838 τάς

2381 4866 2587 4938 ἡμέρας
2616 4864 2707 4920 τοῦ
2742 4866 2951 4928 αἰῶνος.
2997 4862 3244 4918 Abt-616s
3283 4862 3600 4934 ἠπείθησαν,
3645 4862 3740 4918 καὶ
3787 4879 3924 4936 παρ-

2383 4955 2586 5023 ώξυναν
2607 4956 2668 5010 τὸ
2691 4953 2914 5028 Πνεῦμα
2926 4954 2986 5009 τὸ
3004 4954 3152 5024 ἀγιον
3177 4951 3358 5008 αὐτοῦ’
3383 4952 3476 5009 καὶ
3496 4952 3734 5026 ἐστράφη
3751 4953 3926 5016 αὐτοῖς

2384 5048 2462 5110 είς
2486 5045 2680 5118 ἐχθραν
2704 5063 2718 5077 ο
2749 5045 2907 5111 αὐτὸς
2935 5045 3266 5117 ἐπολέμησεν
3298 5043 3510 5110 αὐτούς.
3539 5044 3649 5100 Καὶ
3689 5042 3926 5117 ἐμνήσθη

2387 5136 2602 5207 ἡμερῶν
2628 5136 2876 5191 αἰωνίων.
2905 5135 3013 5190 Ποῦ
3045 5136 3073 5190 6
3098 5134 3430 5201 ἀναϐιϐάσας
3460 5137 3522 5190 ἐκ
3543 5135 3641 5207 τῆς
3661 5133 3928 5206 θαλάσσης

2384 5230 2475 5283 τὸν
2499 5229 2726 5301 ποιμένα
2753 5227 2860 5283 τῶν
2899 5227 3213 5302 προϐάτων;
3247 5226 3357 5282 Ποῦ
3389 5229 3532 5282 ἐστιν
3554 5228 3584 5282 6
3613 5225 3725 5290 θεὶς
3750 5227 3810 5280 ἐν
3842 5225 3929 5282 αὑ-

2385 5323 2492 5384 τοῖς
2515 5318 2574 5374 τὸ
2594 5319 2813 5392 Πνεῦμα
2835 5318 3066 5388 τδ.ἀγιον
3085 5336 3100 5386 ;
3122 5320 3152 5374 6
3170 5318 3390 5389 ἀγαγὼν
3409 5320 3476 5390 τῇ
3503 5316 3650 5390 δεξιᾷ
3671 5318 3925 5388 Μωῦσῆν.

2384 5413 2413 5466 6
2451 5411 2682 5484 βραχίων
2724 5412 2824 5482 τῆς
2854 5409 3005 5484 δόξης
3048 5410 3242 5479 adsed;
3277 5410 3617 5482 Κατίσχυσεν
3652 5407 3802 5481 ὕδωρ
3829 5407 3926 5464 ἀπὸ

2385 5501 2667 5573 προσώπου
2720 5502 2916 5568 αὑτοῦ,
2977 5503 3196 5573 ποιῆσαι
3251 5501 3426 5572 ἐαυτῷ
3476 5500 3644 5574 ὄνομα
3696 5499 3920 5555 αἰώνιον.

2389 5593 2624 5662 Ἥγαγεν
2671 5591 2865 5656 αὐτοὺς
2903 5592 2966 5647 δι’
2999 5592 3255 5656 ἀϐύσσου,
3283 5591 3357 5656 ὡς
3394 5593 3557 5646 ῖππον
3603 5591 3672 5646 δι’
3705 5591 3919 5662 ἐρήμων

2387 5682 2474 5734 καὶ.
2501 5681 2598 5736 οὐκ
2630 5681 2944 5754 expulsam,
2978 5681 3066 5737 καὶ
3096 5680 3169 5746 ὡς
3200 5681 3368 5753 κτήνη
3398 5679 3482 5736 διὰ
3513 5680 3692 5737 πεδίου
3733 5674 3921 5745 κατέϐη
