4128 6294
185 349 290 405 505

1107 342 1605 399 COMMENTARIA
1644 343 1710 399 IN
1749 342 2005 401 ISAIAM.
2042 377 2110 387 --
2145 344 2294 401 CAP.
2335 342 2516 400 LXIII.

3340 344 3444 402 503

186 466 422 536 Πνεῦμα
464 462 611 535 παρά
640 461 865 532 Κυρίου,
897 460 987 512 καὶ
1026 459 1308 531 ὡδήγησεν
1337 460 1551 523 αὐτοὺς.
1587 461 1770 524 Οὕτως

1875 462 2109 533 Spiritus
2152 478 2182 518 a
2223 462 2469 531 Domino,
2510 470 2564 519 et
2593 461 2819 518 deduxit
2842 474 2958 517 eos.
2988 458 3079 515 Sic
3109 460 3308 517 duxisti
3342 478 3441 531 po-

185 561 403 628 ἥγαγες
448 557 537 610 τὸν
570 555 694 609 λαόν
738 568 851 615 σου,
883 551 1105 622 ποιῆσαι
1139 550 1347 621 σεαυτῷ
1388 551 1558 622 δνομα
1588 551 1761 623 δόξης.

198 648 570 718 Ἐπίστρεψον
606 648 668 698 ὲκ
712 643 805 698 τοῦ
842 642 1092 714 οὐρανοῦ,
1142 644 1237 696 κα)⁵
1274 643 1350 696 ίδε
1388 643 1451 695 ὲκ
1492 643 1586 695 τοῦ
1617 642 1765 695 οίκου

187 741 277 794 τσῖ
317 743 486 809 ἀγίου
521 757 633 795 σου.
667 737 776 791 Ποῦ
823 738 966 789 ἔστιν
1003 739 1031 791 ὁ
1073 735 1233 805 ζῆλος
1268 753 1360 789 σου
1402 736 1496 789 καὶ
1534 737 1565 806 ή
1616 735 1767 806 ἰσχύς

189 848 318 896 σου;
352 832 473 885 Ποῦ
511 833 623 884 ἐστι
650 828 709 881 τὸ
736 828 933 899 πλῆθος
960 826 1051 881 τοῦ
1095 827 1277 891 ἐλέους
1304 844 1417 893 σου,
1452 827 1545 879 καὶ
1568 827 1769 897 οίκτιρ-

190 919 307 990 μῶν
366 934 490 982 σου,
538 920 618 970 ότι
674 916 898 984 ἀνέσχου
948 914 1135 987 ἡμῶν;
1192 915 1262 968 Σὺ
1324 914 1432 987 γάρ
1486 913 1537 968 ei
1580 916 1768 987 Πατὴρ

185 1010 371 1080 ἡμῶν,
403 1011 490 1063 ὅτι
537 1007 782 1078 Ἀϐραὰμ
811 1008 909 1061 οὐκ
933 1008 1071 1074 ιγνω
1108 1007 1271 1076 ἡμᾶς,
1303 1006 1395 1059 καὶ
1426 1007 1641 1077 Ἰσραὴλ
1671 1007 1769 1061 οὐκ

187 1098 411 1166 ἐπέγνω
439 1100 604 1169 ἡμᾶς.
645 1097 803 1150 Ἀλλὰ
830 1099 913 1161 σὺ,
944 1094 1133 1167 Κύριε,
1169 1096 1359 1167 Πατὴρ
1396 1095 1573 1166 ἡμῶν,
1610 1096 1769 1166 ῥῦσαι

186 1190 357 1259 ἡμᾶς,
394 1188 489 1241 ἀπ’
522 1188 696 1259 ἀρχῆς
723 1187 782 1241 τὸ
808 1186 976 1257 ὄνομά
1006 1203 1098 1240 σου
1127 1187 1211 1257 ἐφ’
1238 1189 1386 1258 ἡμᾶς
1410 1187 1547 1240 ἔστι.
1580 1207 1597 1239 ι
1630 1187 1766 1257 Ἤδη

189 1280 298 1352 γὰρ
336 1282 441 1334 καὶ
469 1280 654 1334 ἀλλοτε
698 1279 953 1342 πολλάκις
1002 1279 1429 1349 ἁμαρτησάντων
1476 1280 1633 1351 ἡμῶν
1676 1281 1769 1332 άν-

190 1370 374 1441 ἑσχου·
403 1372 503 1425 καὶ
533 1371 683 1424 οὐδὲν
710 1370 1036 1441 θαυμαστὸν,
1058 1370 1240 1442 ἐπειδὴ
1262 1371 1404 1438 ἆπαξ
1430 1371 1769 1442 κατηξίωσας

192 1463 369 1515 εἰπεῖν
394 1479 408 1492 ·
459 1480 478 1511 ι
538 1462 593 1514 ὐ
631 1460 755 1524 λαός
790 1479 891 1531 μου
925 1461 1110 1526 τέκνα,
1152 1464 1245 1515 καὶ
1284 1465 1311 1516 ὁ
1345 1463 1469 1525 λαός
1516 1481 1617 1533 μου
1668 1461 1770 1515 υἱοί

191 1552 347 1602 εἰσιν.
387 1569 408 1600 ι
452 1549 540 1612 Ὠς
572 1546 663 1603 οὖν
694 1550 872 1621 πατὴρ
892 1550 1094 1605 τέκνων
1121 1551 1497 1622 καὶπρότερον
1520 1551 1767 1621 άνέσχου,

174 1640 287 1694 ’καὶ
330 1640 435 1693 νῦν
468 1640 628 1693 πάλιν
660 1641 885 1711 ἀνέσχον
907 1659 921 1673 ⁸
957 1644 1016 1696 οὐ
1060 1642 1168 1715 γὰρ
1213 1642 1461 1713 Ἀϐραὰμ
1492 1639 1559 1713 ἦν
1591 1644 1770 1713 πατὴρ

192 1731 385 1801 ἡμῶν,
425 1732 475 1784 εξ
526 1732 617 1784 καὶ
660 1732 1021 1786 διακονεῖσθαι
1069 1738 1133 1805 τῇ
1189 1733 1329 1787 κατά
1385 1733 1561 1804 σάρκα
1614 1733 1771 1804 ἡμῶν

195 1822 338 1888 εδοξε
366 1822 601 1891 γενέσει.
644 1823 859 1894 Ἀληθεῖ
888 1824 943 1876 δὲ
978 1825 1119 1894 λόγῳ
1154 1827 1217 1879 σὺ
1248 1826 1435 1895 Πατὴρ
1476 1826 1652 1895 ἡμῶν,
1687 1822 1772 1879 οἷα
1802 1822 1845 1876 Β

195 1915 381 1985 πατὴρ
430 1914 647 1968 πάντων
683 1918 1004 1986 πνευμάτων
1048 1917 1338 1987 ὑπάρχων,
1374 1917 1467 1969 κα)⁸
1512 1917 1619 1969 τῶν
1651 1918 1769 1969 κατ’

196 2005 378 2059 εικόνα
406 2007 792 2077 πεποιημένων
818 2007 1021 2076 ψυχῶν.
1051 2006 1141 2059 Διὸ
1165 2005 1427 2075 ῥύσασθαι
1454 2008 1600 2075 ἡμᾶς
1624 2008 1770 2059 ἀντι-

193 2095 479 2167 ϐολοῦμεν·
524 2117 541 2149 ι
566 2098 682 2151 ιΑιιν
708 2098 879 2169 ἀρχῆς
905 2098 965 2150 τὸ
988 2097 1159 2167 ὄνομά
1182 2114 1271 2150 σου
1300 2099 1381 2167 ἐφ’
1411 2100 1556 2169 ἡμᾶς
1575 2099 1709 2150 ὲστι.
1746 2116 1764 2148 ι

269 2207 288 2239 ι
331 2189 398 2241 Τί
427 2188 738 2259 ὲπλάνησας
768 2191 913 2261 ἡμᾶς
933 2230 946 2253 ,
983 2188 1154 2260 Κύριε
1176 2228 1191 2254 ,
1222 2190 1329 2242 ἀπὸ
1363 2190 1459 2259 τῆς
1486 2190 1606 2243 ὁδοῦ
1644 2206 1768 2254 σου;

198 2281 539 2353 ἐσκλήρυνας
582 2282 681 2345 τὰς
722 2282 945 2353 καρδίας
985 2282 1175 2352 ἡμῶν,
1216 2280 1310 2335 τοῦ
1376 2283 1450 2353 μὴ
1490 2282 1770 2350 φοϐεῖσθαί

201 2389 292 2438 σε;
341 2373 704 2445 Ἐπίστρεψον
737 2373 823 2426 διὰ
857 2374 979 2436 τοὺς
1010 2374 1228 2435 δούλους
1261 2390 1375 2437 σου,
1406 2373 1493 2426 διὰ
1534 2373 1631 2437 τὰς
1673 2392 1772 2443 φυ-

198 2462 291 2526 λάς
314 2464 417 2535 τῆς
451 2463 813 2535 κληρονομίας
844 2482 955 2518 σου.
1000 2484 1017 2516 ι
1067 2466 1123 2519 Ὀ
1157 2466 1442 2537 προφήτης
1476 2467 1649 2519 πάντα
1680 2466 1771 2519 ἐπὶ

198 2553 448 2608 τὸν¹Θεδν
478 2556 737 2627 ἀναφέρει
762 2573 774 2587 ·
806 2557 903 2627 οὐχ
934 2556 1009 2620 ὡς
1036 2555 1127 2609 τοῦ
1157 2556 1291 2610 Θεοῦ
1324 2556 1497 2609 αἰτίου
1530 2558 1660 2628 ἡμῖν
1689 2574 1770 2626 γι-

198 2644 422 2714 νομὲνου
452 2644 544 2698 τοῦ
579 2647 912 2718 ἁμαρτάνειν
932 2685 947 2709 ,
976 2646 1089 2700 ἀλλ’
1114 2646 1404 2710 ἐνδιδόντος
1431 2648 1524 2701 καὶ
1557 2665 1769 2717 συγχω-

204 2734 421 2806 ροῦντος
457 2737 641 2791 ὲκεῖνα
683 2737 938 2809 πράττειν
968 2737 1003 2792 ἃ.
1037 2738 1100 2790 άν
1145 2756 1228 2801 τις
1278 2739 1528 2808 αἱρῆται·
1562 2740 1636 2801 ὡς
1672 2739 1770 2809 τὴν

204 2826 298 2895 μὲν
330 2828 511 2882 αἰτίαν
544 2828 685 2899 ἔχειν
714 2828 773 2893 ὲξ
800 2832 831 2900 ὴ
843 2829 978 2900 μῶν,
1012 2829 1111 2899 τὴν
1150 2829 1206 2881 δὲ
1251 2829 1528 2900 ἀναφορὰν
1561 2830 1650 2882 ἐπὶ
1680 2830 1770 2882 τὸν

204 2915 352 2969 Θεόν.
386 2936 406 2969 ι
452 2918 569 2972 Ἵνα
600 2919 792 2991 μικρὸν
825 2918 1318 2993 κληρονομήσωμεν
1351 2918 1443 2972 τοῦ
1484 2919 1643 2991 ὅρους
1678 2919 1769 2973 τοῦ

203 3006 353 3075 ἁγίου
398 3024 532 3061 σου·
581 3028 599 3060 ι
632 3009 763 3063 ὡσεί⁵
808 3010 1276 3079 καταλειφθέντων
1306 3009 1508 3073 αὐτῶν,
1555 3010 1648 3063 καὶ
1696 3016 1769 3081 μὴ

1877 554 2063 625 pulum
2099 564 2268 620 tuum,
2302 562 2358 608 ιιι
2392 555 2604 610 faceres
2639 553 2738 608 tibi
2760 567 2955 606 nomen
2988 552 3190 623 gloria.
3216 553 3446 631 gonver-

1876 657 1991 704 tere
2016 648 2085 704 de
2114 650 2275 713 casio,
2302 658 2357 703 et
2381 648 2505 703 vide
2545 647 2613 703 de
2644 648 2806 702 domo
2836 655 3020 700 sancta
3070 654 3179 701 tua.
3220 646 3318 703 Ubi
3362 660 3447 705 est

1875 739 2023 795 zelus
2071 749 2196 793 tuus
2232 748 2285 793 et
2314 737 2575 793 fortitudo
2623 736 2751 791 tua?
2786 733 2889 791 Ubi
2915 745 3001 791 est
3030 735 3315 792 multitudo
3344 739 3448 793 mi-

1875 829 2185 886 sericordia:
2218 838 2339 891 tuae,
2374 838 2430 884 et
2464 828 2873 884 miserationum
2913 835 3150 890 tuarum,
3187 829 3445 897 quoniam

1877 919 2180 976 sustinuisti
2208 920 2342 975 nos?
2362 918 2441 973 Tu
2490 920 2636 973 enim
2660 934 2720 973 es
2745 917 2911 973 Pater
2944 926 3154 981 noster,
3190 916 3445 985 quoniam

1878 1014 2150 1069 Abraham
2184 1027 2289 1066 non
2328 1011 2478 1066 novit
2509 1025 2627 1078 nos,
2657 1018 2711 1064 et
2738 1009 2904 1064 Israel
2938 1006 3348 1079 nosignoravit.
3377 1006 3450 1059 At

1877 1117 1955 1174 tu,
1983 1106 2227 1168 Domine,
2255 1103 2414 1159 Pater
2444 1113 2650 1165 noster,
2682 1103 2854 1158 libera
2900 1116 3022 1165 nos,
3052 1103 3120 1155 ab
3166 1100 3319 1155 initio
3350 1115 3448 1154 no-

1876 1214 1999 1255 men
2038 1207 2187 1253 tuum
2225 1212 2390 1265 super
2450 1210 2550 1251 nos
2606 1205 2709 1251 est.
2744 1214 2763 1247 ι
2798 1193 2918 1249 iam
2958 1194 3103 1249 enim
3154 1207 3294 1261 sape
3346 1208 3445 1247 nos

1875 1303 2165 1360 peccantes
2205 1288 2471 1354 tolerasti,
2519 1287 2762 1356 nihilque
2791 1286 3008 1350 mirum,
3039 1286 3253 1355 quando
3280 1283 3448 1339 semei

1877 1382 2055 1436 dicere
2083 1381 2339 1451 dignatus
2371 1392 2430 1433 es
2457 1395 2471 1431 :
2504 1396 2523 1430 ι
2551 1378 2785 1447 Populus
2836 1391 2990 1431 meus
3027 1376 3230 1445 proles,
3272 1385 3328 1429 et
3354 1391 3450 1445 p0-

1876 1475 2035 1543 pulus
2060 1488 2211 1528 meus
2244 1472 2356 1526 lilii.
2386 1490 2405 1525 ι
2440 1470 2509 1525 Ut
2541 1480 2697 1540 pater
2720 1470 2901 1541 itaque
2960 1468 3099 1523 ﬁlios
3128 1468 3255 1523 olim
3285 1470 3463 1522 susti--

1880 1567 2065 1633 nuisti,
2114 1575 2165 1622 et
2196 1566 2308 1636 jam
2345 1566 2582 1621 sustines
2605 1580 2620 1618 ι
2646 1580 2754 1619 non
2788 1565 2931 1620 enim
2969 1562 3255 1617 .Abraham
3293 1570 3449 1631 pater

1878 1669 2062 1714 noster
2108 1668 2247 1723 erat.
2284 1658 2385 1714 etsi
2447 1668 2633 1712 nostro
2680 1656 2973 1713 secundum
3020 1667 3241 1710 carnem
3302 1653 3448 1708 ortui

1878 1749 2187 1803 ministrare
2216 1749 2365 1803 visus
2390 1747 2479 1803 sit.
2509 1746 2616 1803 Sed
2650 1761 2836 1801 revera
2874 1756 2927 1801 tu
2962 1746 3120 1801 Pater
3152 1757 3336 1800 noster
3364 1760 3446 1811 es,

1875 1848 1930 1893 ut
1955 1840 2047 1907 qui
2085 1840 2323 1895 omnium
2360 1840 2645 1908 spirituum
2710 1846 2763 1891 et
2799 1837 3103 1890 animarum
3147 1835 3215 1890 ad
3248 1835 3323 1889 tui
3367 1835 3447 1889 si-

1875 1931 2231 1985 militudinem
2279 1930 2541 1985 factarum
2574 1936 2727 1999 pater
2762 1928 2859 1982 sis.
2888 1926 3065 1994 Quare
3090 1941 3342 1997 rogamus
3370 1935 3446 1990 te,

1874 2038 1973 2077 nos
2008 2037 2165 2077 eruas
2199 2041 2212 2075 :
2252 2021 2362 2075 «Ab
2396 2021 2549 2075 initio
2575 2034 2767 2073 nomen
2808 2030 2954 2073 tuutn
2978 2031 3140 2083 super
3174 2031 3273 2071 nos
3304 2025 3442 2071 est.»

1942 2203 2106 2259 Vsus.
2140 2204 2225 2269 l7,
2256 2202 2342 2257 18.
2379 2221 2398 2254 ι
2428 2202 2538 2258 Cur
2565 2214 2751 2257 errare
2782 2215 2880 2255 nos
2910 2199 3110 2266 fecisti,
3144 2200 3391 2263 Domine,
3415 2214 3446 2252 a

1873 2298 1955 2351 via
1994 2297 2127 2350 tua?
2163 2294 2428 2349 lndurasti
2473 2298 2637 2349 corda
2668 2303 2875 2357 nostra,
2905 2302 2963 2347 ut
2992 2307 3097 2347 non
3132 2292 3449 2349 timeremus

1876 2396 1943 2441 te.
1981 2387 2308 2441 Convertere
2358 2394 2579 2456 propter
2607 2399 2795 2439 servos
2825 2392 2975 2448 tuos,
3005 2391 3061 2437 et
3090 2391 3309 2451 propter
3346 2384 3447 2437 tri-

1873 2478 1971 2531 bus
2015 2478 2347 2533 hazreditatis
2401 2486 2521 2531 tuze.
2562 2496 2581 2529 ι
2630 2476 2821 2532 Omnia
2869 2476 2936 2532 ad
2976 2474 3143 2530 Deum
3186 2475 3449 2543 propheta

1872 2569 2037 2625 refert
2063 2587 2078 2624 :
2113 2584 2216 2623 non
2245 2570 2383 2638 quod
2411 2568 2552 2623 Deus
2579 2567 2735 2623 nobis
2767 2567 3024 2636 peccandi
3062 2580 3225 2621 causa
3263 2565 3446 2630 fuerit,

1874 2661 1967 2717 sed
1997 2662 2139 2731 quod
2171 2660 2478 2730 permiserit
2525 2668 2578 2713 et
2625 2659 2956 2715 concesserit
2985 2658 3074 2713 illa
3109 2673 3290 2728 agere,
3324 2672 3457 2729 quae

1872 2753 2047 2823 quivis
2074 2753 2293 2823 elegerit
2320 2771 2333 2817 ;
2370 2752 2444 2807 ita
2478 2760 2535 2806 ut
2566 2751 2776 2822 peccati
2808 2763 2973 2804 causa
3006 2764 3173 2819 penes
3211 2764 3308 2803 nos
3337 2752 3445 2805 sit:

1872 2844 1964 2899 sed
1999 2853 2177 2898 tamen
2211 2844 2278 2898 ad
2324 2843 2492 2897 Deum
2526 2843 2813 2899 referatur.
2847 2859 2868 2893 ι
2910 2840 2982 2897 Ut
3023 2842 3292 2896 modicum
3326 2856 3454 2911 pos-

1873 2935 2142 2989 sideamus
2169 2934 2365 2989 montis
2396 2934 2568 2989 sancti
2617 2934 2715 2989 tui.
2746 2952 2766 2987 ι
2799 2934 2965 2999 Quasi
2999 2932 3130 3004 ipsis
3154 2934 3449 3000 derelictis,

1874 3038 1974 3077 nec
2010 3037 2293 3092 resurgere
2320 3022 2626 3078 valentibus
2663 3023 2732 3077 ob
2778 3022 3011 3079 inflictas
3061 3022 3286 3095 plagas,
3327 3039 3455 3095 quas

206 3097 635 3170 ἀνατελλομένων
667 3099 755 3153 διὰ
784 3100 1005 3171 πληγῶν
1028 3100 1135 3154 τῶν
1162 3100 1486 3154 κωλυουσῶν
1519 3100 1769 3171 ἁμαρτά-

1878 3115 2023 3185 ipsos
2052 3128 2083 3168 a
2113 3112 2385 3185 peccando
2410 3113 2692 3169 arcebant.

206 3207 259 3243 νε
266 3208 331 3245 ιν.

277 3298 297 3335 ε
372 3281 703 3354 Ἐγενόμεθα
742 3282 817 3346 ὡς
860 3282 923 3337 τὸ
972 3282 1064 3337 ἀπ’
1099 3284 1271 3355 ἀρχῆς
1318 3284 1405 3337 ὅτε
1452 3282 1550 3337 οὐκ
1595 3278 1767 3355 ἦρξας

207 3370 378 3441 ἡμῶν,
422 3372 543 3427 οὐδὲ
570 3372 771 3445 ἐκλήθη
801 3373 862 3428 τὸ
887 3373 1055 3445 ὄνομά
1084 3391 1177 3427 σου
1215 3375 1298 3443 ἐφ’
1324 3374 1489 3445 ἡμᾶς.
1528 3393 1547 3425 ι
1586 3375 1670 3437 Ὠς
1706 3376 1768 3425 ἐκ

212 3459 491 3533 προσώπου
522 3462 616 3517 τοῦ
640 3463 769 3517 λαοῦ
798 3463 969 3518 ταῦτά
991 3480 1173 3535 φησιν.
1207 3464 1419 3536 Ὠσπερ
1438 3463 1547 3535 γὰρ
1576 3464 1770 3533 ἐσκλή-

215 3568 365 3621 ρυνας
391 3555 621 3609 πάντοτε
650 3552 746 3626 τὴν
771 3554 995 3626 καρδίαν
1017 3554 1109 3608 τοῦ
1131 3553 1347 3624 Φαραὼ,
1374 3553 1513 3607 οὕτω
1539 3554 1630 3607 καὶ
1653 3553 1765 3616 νῦν,

210 3642 387 3712 φησὶν,
429 3643 977 3715 ἡμᾶς’ὲσκλήρυνας,
1010 3642 1259 3709 ἀναξίους
1294 3636 1433 3695 εἶναι
1459 3642 1648 3713 κρίνας
1675 3640 1768 3693 τοῦ

211 3731 365 3800 φόϐου
394 3750 518 3786 σου*
559 3732 693 3788 ἀλλά
724 3733 818 3788 καὶ
855 3733 1163 3804 ιπλάνησας
1202 3729 1347 3804 ἡμᾶς
1383 3733 1447 3786 σὺ
1491 3731 1671 3795 αὐτὸς,
1724 3725 1767 3785 ὦ

209 3824 393 3896 Κύριε,
424 3824 521 3879 τοῦ
554 3823 627 3895 μὴ
656 3824 918 3898 γνωρίσαι
951 3824 1049 3895 τὴν
1088 3824 1206 3878 ὁδόν
1236 3841 1347 3877 σου.
1381 3824 1529 3895 Πλὴν
1574 3823 1686 3878 ἀλλ’
1721 3822 1769 3876 εί

210 3916 299 3969 καὶ
320 3918 482 3987 ἡμεῖς
510 3912 760 3981 τοιοῦτοι,
790 3917 853 3970 σὺ
899 3916 1029 3985 γοῦν
1074 3915 1151 3979 ὡς
1180 3914 1330 3979 Θεὸς,
1365 3914 1452 3969 διὰ
1488 3916 1615 3978 τοὺς
1650 3914 1769 3969 δού-

209 4004 326 4071 λους
355 4023 450 4061 σου
487 4006 654 4077 (elato;
692 4005 803 4079 γὰρ
830 4002 967 4061 εἷναί
999 4023 1151 4070 τινας
1191 4006 1250 4059 ὲν
1274 4006 1350 4077 τῷ
1380 4005 1574 4079 πλήθει
1598 4004 1771 4061 τοιού-

211 4098 408 4167 τους),
450 4096 795 4167 ὲπίστρεψον.
840 4098 952 4151 Καὶ
1000 4096 1187 4168 ἐπειδὴ
1230 4095 1428 4168 κλῆρός
1467 4114 1558 4151 σου
1600 4115 1769 4170 κατη-

212 4182 475 4258 ξιὼϐημεν
513 4185 894 4258 ὀνομάζεσθαι,
928 4186 1241 4259 ἱκετεύομεν
1262 4207 1279 4239 ι
1303 4186 1654 4257 Ἐπιστρέψαι
1684 4188 1773 4241 διὰ

210 4278 328 4342 τοὺς
352 4277 570 4342 δούλους
597 4294 711 4342 σου,
738 4275 831 4331 καὶ
856 4276 945 4330 διὰ
970 4277 1067 4340 τάς
1089 4276 1261 4348 φυλὰς
1287 4277 1384 4348 τῆς
1408 4277 1773 4348 κληρονομίας

213 4383 317 4423 σου.
367 4387 387 4422 ε
430 4368 756 4440 Δυνηθῶμεν
786 4368 879 4421 καὶ
904 4369 1061 4439 ἡμεῖς
1086 4368 1137 4421 οι
1165 4366 1371 4431 ἀνάξιοι
1403 4369 1601 4439 μικρᾶς
1629 4384 1771 4431 τινος

1939 3271 2103 3325 Vens.
2142 3269 2229 3325 i9.
2276 3287 2295 3321 ι
2332 3268 2482 3324 Facti
2539 3283 2726 3325 sumus
2770 3267 2918 3324 velut
2972 3269 3040 3323 ab
3092 3270 3265 3336 initio,
3321 3286 3447 3328 cum

1869 3378 1976 3418 non
2030 3360 2391 3425 dominareris
2443 3361 2657 3427 nostri,
2716 3374 2890 3430 neque
2941 3361 3287 3417 invocaretur
3344 3376 3447 3417 no-

1868 3470 1991 3511 men
2021 3464 2166 3510 tuum
2200 3469 2363 3525 super
2394 3468 2513 3509 nos.
2548 3470 2568 3505 a
2634 3452 2799 3520 Quasi
2850 3468 2917 3509 ex
2964 3468 3197 3524 persona
3261 3454 3441 3525 populi

1870 3546 1983 3600 haec
2009 3544 2219 3601 eﬂ'atur.
2267 3545 2423 3600 Sicut
2466 3544 2635 3609 enim,
2677 3546 2774 3611 ait,
2820 3559 2915 3600 cor
2952 3544 3252 3601 Pharaonis
3299 3560 3449 3603 sem-

1869 3652 1966 3707 per
2030 3636 2327 3702 induraati,
2392 3636 2467 3691 ita
2522 3648 2665 3691 nunc
2716 3649 2931 3705 quoque
2996 3652 3094 3692 nos
3157 3637 3450 3701 indurasti,

1871 3730 2123 3800 indignos
2154 3728 2405 3798 judicans
2450 3728 2645 3783 timore
2692 3737 2823 3783 tuo:
2853 3729 3155 3799 quinetiam
3202 3742 3257 3785 tu
3308 3732 3446 3801 ipsc,

1869 3822 2115 3885 Domine,
2153 3834 2340 3876 errare
2372 3834 2470 3875 nos
2512 3820 2715 3887 fecisti,
2746 3828 2807 3875 ut
2847 3821 2991 3876 viam
3034 3832 3181 3877 tuam
3230 3824 3452 3893 ignora-

1870 3927 2071 3969 remus.
2096 3913 2366 3984 ilaaterum
2389 3912 2600 3968 etiamsi
2626 3926 2726 3967 nos
2755 3911 2892 3968 tales
2912 3913 3104 3979 simus,
3148 3922 3203 3967 tu
3237 3923 3451 3979 tamen,

1870 4013 2057 4074 utpote
2090 4004 2250 4068 Deus,
2285 4011 2507 4073 propter
2555 4016 2745 4059 servos
2791 4010 2913 4058 tuos
2952 4003 3101 4072 (nam
3144 4003 3452 4060 verisimle

1870 4105 1954 4152 est
1983 4098 2034 4151 in
2067 4094 2218 4151 turba
2268 4095 2525 4163 quosdam
2555 4093 2864 4163 huiusmodi
2894 4093 3060 4165 'esse)
3089 4104 3436 4151 convertere.

1873 4188 1939 4242 Et
1966 4189 2091 4257 quia
2125 4187 2270 4258 digni
2308 4186 2476 4242 habiti
2509 4201 2697 4243 sumus
2719 4186 2809 4255 qui
2842 4185 3133 4242 hareditas
3162 4197 3250 4240 tua
3281 4201 3448 4242 voca-

1874 4295 2075 4345 remur,
2102 4280 2220 4335 ideo
2249 4293 2555 4349 precamur,
2595 4294 2615 4329 ι
2644 4276 2977 4333 Convertere
3013 4287 3235 4348 propter
3258 4293 3454 4335 servos

1875 4382 2015 4439 tuos,
2041 4382 2096 4427 et
2148 4381 2367 4443 propter
2418 4372 2590 4426 tribus
2628 4370 2962 4426 hereditatis
3007 4379 3132 4427 tute.
3174 4389 3195 4425 ι
3243 4369 3309 4425 Et
3346 4386 3453 4427 nos

212 4460 411 4526 ἐλπίδος
458 4463 644 4531 τυχεῖν
690 4463 747 4514 εν
792 4459 869 4532 τῷ
917 4458 1307 4532 ὲπηγγελμένῳ
1355 4458 1460 4512 ὑπὸ
1512 4457 1604 4512 σοῦ
1658 4458 1770 4531 ὄρει

1876 4480 2088 4535 quoque
2114 4464 2387 4519 valeamus
2412 4502 2428 4529 ,
2462 4462 2595 4519 licet
2636 4461 2884 4532 indigni,
2932 4464 3200 4518 modicam
3248 4463 3447 4518 saltem

211 4552 369 4624 ἀγίῳσ
406 4546 468 4607 οὗ
511 4552 786 4617 παντελῶς
813 4551 907 4607 νῦν
955 4550 1422 4621 ἐκπεπτώκαμεν·
1458 4551 1687 4622 ἐπείπερ
1723 4552 1773 4604 οί

215 4644 511 4700 ὑπεναντίοι
546 4645 700 4717 ἡμῶν
740 4644 1121 4715 κατεπάτησαν
1155 4643 1216 4697 τὸ
1244 4642 1487 4714 ἀγίασμά
1518 4659 1638 4696 σου·
1675 4642 1772 4697 καὶ

215 4737 344 4792 τοῦτ’
383 4737 626 4810 ἔπραξαν
660 4738 745 4791 διὰ
775 4738 835 4792 τὸ
866 4737 926 4791 σὲ
968 4736 1381 4808 ἀποστραφῆναι
1413 4736 1578 4806 ἡμᾶς.
1614 4735 1768 4788 Οὖτω

217 4826 334 4893 γοῦν
385 4827 834 4897 καταλειφθέντες
885 4827 1081 4900 ἔρημοι
1135 4827 1234 4898 τῆς
1294 4825 1392 4896 σῆς
1442 4825 1764 4895 ἐπισκοπῆς,

216 4918 427 4973 τοιοῦτοι
456 4918 552 4972 νῦν
592 4920 777 4989 ἔσμεν,
810 4922 982 4974 όποῖοι
1017 4918 1111 4973 καὶ
1149 4916 1276 4990 πρίν
1305 4932 1363 4970 σε
1398 4916 1552 4987 ἡμῶν
1590 4916 1765 4988 ἀρξαι.

224 5010 304 5075 Ὠς
340 5012 441 5085 γὰρ
475 5009 546 5085 ἦν
588 5028 715 5065 ποτε
764 5013 982 5084 χρόνος,
1018 5013 1107 5066 ὅτε
1143 5010 1269 5064 οὔτε
1307 5011 1611 5081 προφήτας,
1648 5009 1771 5062 οὕτε

220 5100 405 5173 ἱερέας,
445 5103 571 5159 οὔτε
605 5102 861 5174 βασιλεῖς,
891 5102 1012 5157 οὔτε
1052 5120 1104 5157 τι
1130 5103 1239 5157 τῶν
1274 5102 1381 5158 σῶν
1425 5105 1774 5175 χαρισμάτων

219 5192 443 5264 εἴχομενο
478 5196 572 5249 τὸν
610 5191 771 5248 αὑτὸν
799 5194 996 5266 τρόπον
1028 5197 1119 5249 καὶ
1150 5195 1243 5248 νῦν
1272 5196 1351 5259 είς
1392 5195 1605 5265 εκείνην
1648 5212 1776 5248 κατ-

219 5281 436 5358 έστημεν
474 5288 574 5358 τὴν
612 5287 865 5360 ἐρημίαν.
909 5286 1093 5341 Ταῦτα
1130 5288 1307 5342 πάντα
1348 5286 1522 5341 ἔοικεν
1570 5287 1771 5357 ἀναφέ-

225 5376 395 5446 ρεσθαι
425 5380 519 5432 ἐπὶ
559 5378 651 5432 τὸν
679 5378 868 5449 καιρὸν
901 5378 991 5432 τὸν
1033 5378 1168 5448 μετά
1206 5378 1306 5450 τὴν
1335 5377 1634 5448 παρουσίαν
1678 5377 1769 5430 τοῦ

222 5463 451 5541 Σωτῆρος
503 5470 690 5540 ἡμῶν·
730 5470 788 5523 εν
826 5462 870 5538 ᾧ
902 5468 1178 5533 παντελῶς
1208 5468 1635 5541 κατελείφθησαν
1679 5469 1765 5523 διὰ

224 5555 283 5610 τὰ
317 5560 448 5613 κατά
478 5558 571 5613 τοῦ
600 5560 849 5631 Σωτῆρος
873 5559 1029 5632 ἡμῶν
1065 5559 1398 5631 τολμηθέντα
1426 5561 1624 5624 αὐτοῖς.
1656 5560 1768 5613 Νῦν

227 5643 320 5715 γὰρ
339 5648 408 5712 ὡς
431 5649 643 5721 ἀληθῶς
668 5648 894 5704 τοιοῦτοι
919 5650 1225 5719 γεγόνασιν,
1260 5651 1334 5714 ὡς
1363 5651 1422 5703 τὸ
1448 5652 1541 5705 ἀπ’
1572 5651 1764 5722 ἀρχῆς,

231 5732 305 5790 ὅτε
338 5741 426 5795 οὐκ
457 5737 625 5814 ἦρχεν
661 5741 838 5796 αὐτῶν
874 5746 901 5795 ό
938 5742 1087 5811 Θεὸς,
1124 5743 1261 5797 ὥστε
1283 5743 1535 5800 δύνασθαι
1568 5743 1761 5812 λέγειν·

1880 4573 2029 4629 spem
2065 4556 2321 4625 consequi
2356 4556 2409 4611 in
2442 4564 2623 4612 monte
2652 4563 2839 4610 sancto
2876 4563 2988 4621 tuo,
3036 4569 3197 4626 quem
3227 4554 3450 4625 pollice-

1878 4651 1952 4706 ris
1980 4667 1994 4705 :
2022 4664 2088 4705 ex
2114 4664 2223 4719 quo
2248 4650 2357 4720 jam
2388 4663 2611 4719 prorsus
2635 4646 2973 4713 excidimus;
2999 4646 3124 4717 quia
3150 4644 3451 4703 adversarii

1875 4740 2047 4797 nostri
2078 4740 2534 4797 conculcaverunt
2563 4737 2933 4793 sanctuarium
2964 4747 3135 4805 tuum,
3160 4738 3321 4809 idque
3366 4738 3448 4793 fe-

1876 4842 2087 4900 cerunt,
2128 4832 2253 4901 quia
2300 4840 2579 4886 aversatus
2609 4846 2709 4887 nos
2739 4844 2819 4885 es.
2881 4827 2972 4883 Sic
3016 4828 3181 4899 igitur
3202 4828 3453 4886 derelictiv

1877 4934 1931 4979 et
1957 4923 2265 4979 visitatione
2299 4933 2390 4977 tua
2419 4921 2657 4992 privati,
2693 4922 2827 4977 tales
2853 4919 2965 4990 jam
3001 4936 3189 4975 sumus
3210 4960 3226 4985 ,
3259 4919 3457 4991 quales

1877 5029 2095 5071 eramus
2126 5025 2412 5084 antequam
2445 5018 2744 5084 imperares
2777 5014 2953 5069 nobis.
2982 5012 3455 5080 Quemadmodum.

1878 5108 2020 5163 enim
2044 5118 2255 5177 tempus
2277 5106 2403 5161 olim
2437 5107 2553 5171 fuit,
2576 5121 2698 5161 cum
2727 5119 2899 5176 neque
2924 5106 3239 5175 prophetas,
3268 5117 3453 5173 neque

1881 5200 2212 5264 sacerdotes,
2245 5212 2420 5269 neque
2445 5212 2621 5269 reges,
2654 5212 2830 5264 neque
2857 5197 3001 5252 aliud
3030 5197 3303 5267 quidpiam
3327 5212 3356 5250 a
3394 5206 3445 5251 te

1880 5304 2075 5345 munus
2116 5288 2461 5355 haberemus,
2515 5289 2593 5343 sic
2620 5297 2675 5343 et
2709 5302 2852 5343 nunc
2878 5287 3125 5344 eamdem
3169 5288 3223 5342 in
3249 5286 3443 5342 solitu-

1878 5381 2055 5436 dinem
2080 5388 2134 5434 et
2161 5381 2528 5436 conditionem
2556 5379 2866 5434 recidimus.
2896 5377 3021 5434 Haec
3048 5378 3226 5432 omnia
3251 5376 3442 5431 referri.

1875 5470 2129 5527 videntur
2154 5472 2221 5525 ad
2254 5480 2483 5541 tempus,
2514 5472 2659 5541 quod
2693 5471 2982 5525 adventum
3018 5467 3317 5523 Salvatoris
3345 5481 3442 5520 no-

1823 5622 1826 5626 ,
1874 5562 1973 5617 Sli'i
2000 5560 2345 5617 subsecutum
2374 5570 2457 5618 est
2483 5579 2497 5617 :
2533 5577 2641 5633 quo
2666 5576 2887 5633 prorsus
2910 5559 3153 5616 derelicti
3180 5566 3339 5623 sunt,
3370 5558 3440 5612 ob

1873 5651 2077 5708 scelera
2103 5662 2288 5707 contra
2328 5652 2575 5708 eumdem
2611 5651 2945 5707 Salvatoretn
2975 5650 3045 5704 ab
3074 5651 3205 5720 ipsis
3243 5662 3430 5716 perpe-

1874 5754 2034 5802 trata.
2067 5745 2215 5803 Nunc
2255 5747 2394 5802 enim
2440 5760 2627 5802 revera
2666 5746 2800 5803 tales
2830 5754 2976 5811 sunt,
3006 5743 3192 5816 quales
3222 5749 3379 5800 erant
3405 5756 3450 5795 a.
