4128 6294
774 344 874 402 807

1459 334 1724 394 EUSEBII
1761 331 2224 393 CJESABIENSIS
2261 330 2409 388 OPP.
2451 328 2628 386 PARS
2666 326 3246 386 lll.—EXEGETICA.

770 459 1052 532 principio,
1084 471 1203 512 eum
1230 455 1460 512 nondum
1486 456 1614 525 ipsis
1641 456 1776 511 Deus
1807 455 2165 510 dominantur
2189 492 2206 517 ,
2235 462 2296 510 ut
2320 459 2366 515 Α
2397 481 2400 496 ‹

2295 498 2296 501 η
2320 459 2366 515 Α
2397 471 2418 504 ι
2460 451 2784 520 Ἐγινόμεθα
2807 453 2882 512 ὥς
2903 448 2964 501 τδ
2985 447 3078 501 ἀπ’
3104 427 3296 514 ἀρχῆς,
3326 459 3411 496 ..τε
3433 458 3532 496 ουκ
3552 435 3722 512 ἡρξας
3754 441 3925 513 ἡμῶν,

769 553 949 608 dicere
980 549 1193 603 valeant
1226 566 1240 602 :
1272 565 1290 598 t
1325 546 1471 614 Facti
1513 561 1693 602 sumus
1717 545 1858 598 velut
1887 545 1954 599 ab
1993 544 2144 598 initio
2175 557 2296 596 cum

771 657 874 697 non
903 637 1254 695 dominareris
1294 637 1496 699 nostri,
1525 642 1692 705 neque
1735 635 2068 689 invocaretur
2109 646 2297 687 nomen

766 739 917 788 tuum
945 743 1108 798 super
1135 741 1251 784 nos.
1285 743 1307 778 ι

1315 809 1536 870 CAPUT
1573 810 1751 866 LXIV.

835 907 995 962 Vsus.
1028 906 1077 960 Ι.
1113 923 1133 955 ι
1174 903 1229 958 Si
1269 902 1480 972 aperias
1511 901 1705 955 cmlum
1729 938 1746 964 ,
1780 910 1980 953 tremor
2006 901 2298 970 apprehen-

765 994 857 1051 det
884 1011 913 1048 a
951 1002 1002 1049 te
1049 1000 1292 1055 montes,
1323 1000 1377 1044 et
1408 989 1716 1058 liquescent.
1759 1007 1778 1039 ι
1831 989 2092 1043 Caeterum
2137 988 2299 1057 probe

767 1087 1010 1140 novimus
1041 1091 1092 1136 et
1117 1095 1426 1150 persuasum
1458 1078 1744 1140 habemus,
1770 1077 1815 1132 si
1845 1077 2072 1132 volueris
2098 1078 2296 1132 calum

765 1173 1012 1240 aperire,
1051 1179 1234 1238 utpote
1293 1168 1431 1222 Deus
1479 1167 1845 1234 omnipotens,
1893 1175 2175 1220 tremorem
2224 1166 2295 1219 tui

766 1269 976 1315 montes
1026 1260 1476 1330 appreltensurum
1510 1270 1661 1318 esse,
1689 1253 1935 1309 videlicet
1965 1254 2298 1309 adversaries

765 1360 1076 1422 pmestates,
1127 1364 1242 1416 quae
1277 1355 1460 1403 contra
1500 1345 1854 1416 cognitionem
1893 1345 1968 1416 tui
2000 1344 2295 1413 eriguntur.

835 1441 990 1494 Vsus.
1026 1439 1080 1502 2,
1114 1439 1167 1493 ‘5.
1199 1457 1217 1489 ι
1256 1436 1547 1491 Sicutcera
1590 1450 1622 1496 ρ
1667 1433 1805 1489 facie
1851 1434 1991 1502 ignis
2026 1434 2296 1503 liquescit,

763 1541 820 1587 et
846 1532 1119 1587 cotnburet
1153 1528 1286 1597 ignis
1317 1534 1432 1581 tuos
1460 1525 1813 1589 adversarios,
1867 1533 1921 1579 et
1964 1523 2296 1578 manifestum

767 1622 870 1674 erit
901 1633 1090 1673 nomen
1139 1627 1284 1670 tuum
1330 1615 1694 1670 adversariis:
1733 1629 1762 1668 a
1808 1613 1942 1670 facie
1987 1623 2072 1667 tua
2119 1622 2299 1684 gentes

769 1709 1135 1763 turbabuntur.
1163 1724 1181 1757 ι
1207 1706 1344 1760 Sane
1372 1723 1390 1756 ι
1419 1705 1580 1760 Deum
1598 1719 1752 1758 nemo
1774 1703 1904 1757 vidit
1925 1703 2212 1771 unquam"
2231 1719 2248 1768 ;
2270 1720 2290 1754 ι

2398 543 2516 596 οὐδὲ
2540 541 2738 613 ἐκλήθη
2767 539 2828 594 τὸ
2849 536 3018 609 δνομά
3044 552 3136 589 σου
3157 534 3240 604 ἐφ’
3265 534 3426 604 ἡμᾶς.
3463 550 3482 584 ι

2897 796 3282 856 ΚΕΦΔΛΔΙΟΝ
3318 794 3433 849 ΞΝ.

2475 913 2494 946 ι
2546 893 2667 948 Ἐὰν
2685 891 2899 962 ἀνοίξῃς
2926 891 3017 944 τὸν
3052 886 3300 960 οὐρανὸν,
3341 885 3540 956 τρόμος
3555 882 3781 955 ⁸λὴιιιεται
3827 879 3928 935 ἀπὸ

2400 983 2495 1039 σοῦ
2527 984 2647 1056 ὅρη,
2677 983 2769 1036 καὶ
2810 983 3154 1052 τακὴσονται.
3194 995 3213 1028 ι
3257 976 3402 1046 Πλὴν
3441 974 3555 1029 ἀλλ’
3587 973 3738 1044 ἴσμεν
3779 972 3928 1040 ἀκρι-

2400 1073 2509 1137 σῶς
2546 1073 2636 1126 καὶ
2674 1069 3028 1140 πεπείσμεθα,
3063 1068 3164 1134 ὅτι,
3204 1064 3296 1120 ἐὰν
3335 1064 3562 1135 θελήσῃς
3613 1060 3810 1127 ἀνοῖξαι
3839 1059 3928 1112 τὸν

2399 1162 2620 1234 οὐρανὸν
2644 1161 2774 1224 Θεὸς
2799 1159 2874 1214 ὣν
2914 1159 3007 1212 καὶ
3046 1159 3219 1212 πάντα
3260 1155 3584 1226 δυνάμενος,
3619 1152 3812 1224 τρόμος
3839 1150 3931 1220 λὴ-

2398 1253 2556 1322 ψεται
2581 1251 2686 1305 ἀπὸ
2708 1249 2800 1303 σοῦ
2826 1249 2946 1321 ὅρη,
2967 1249 3064 1312 τὰς
3080 1245 3452 1317 ἀντικειμένας
3471 1242 3664 1315 δηλαδὴ
3685 1240 3931 1313 δυνάμεις

2399 1343 2498 1406 τὰς
2528 1339 2885 1414 ἐπαιρομένας
2913 1339 3052 1394 κατά
3080 1339 3180 1408 τῆς
3209 1334 3458 1405 γνιὶισεὼς
3488 1352 3601 1388 σου.

2477 1449 2495 1484 ι
2553 1430 2639 1493 Ὠς
2669 1429 2835 1500 κηρὸς
2869 1428 2974 1481 ἀπὸ
3018 1425 3304 1497 προσιὶιπου
3348 1425 3517 1497 πυρὸς
3559 1424 3799 1494 τήκεται,
3842 1421 3934 1477 καὶ

2401 1519 2725 1574 κατακαύσει
2755 1518 2864 1590 πῦρ
2881 1519 3006 1580 τοὺς
3030 1516 3392 1580 ὑπεναντίους,
3420 1515 3514 1568 xal
3539 1514 3762 1585 φανερὸν
3782 1513 3934 1566 ἔσται

2400 1611 2460 1665 τὸ
2488 1610 2655 1680 ὄνομά
2685 1627 2777 1663 σου
2811 1611 2921 1671 τοῖς
2958 1607 3307 1670 ὑπεναντίοις.
3353 1606 3483 1660 Ἀπὸ
3525 1604 3808 1676 προσώπου
3843 1619 3936 1656 σου

2402 1698 2526 1770 ἔθνη
2545 1698 2990 1771 πραχθήσονται.
3023 1716 3042 1748 ι
3064 1699 3174 1752 Καὶ
3204 1697 3307 1768 μὴν
3332 1715 3350 1749 ι
3375 1697 3506 1750 Θεὸν
3532 1696 3700 1758 οὐδεὶς
3725 1693 3931 1765 ἑώρακε

766 1807 842 1863 et,
881 1817 900 1849 t
935 1796 1099 1851 Nemo
1127 1798 1326 1851 videbit
1354 1795 1539 1850 faciem
1570 1809 1761 1860 meam,
1783 1803 1837 1848 et
1870 1794 2009 1847 vivet
2033 1793 2101 1846 ".
2139 1811 2159 1845 ι
2195 1791 2299 1846 Sed
2330 1801 2372 1855 Β

2330 1801 2372 1855 Β
2401 1792 2634 1853 πώποτε,
2677 1809 2695 1842 ι
2731 1792 2845 1856 καὶ,
2881 1807 2900 1843 ι
2944 1793 3127 1856 Οὐδεὶς
3159 1788 3345 1859 ὄψεταί
3384 1805 3484 1859 μου
3526 1787 3587 1840 τὸ
3627 1787 3932 1858 πρόσωπον,

763 1886 850 1940 bis
881 1886 1092 1940 videtur
1118 1886 1277 1940 Deum
1303 1886 1661 1948 subindicare,
1689 1885 1779 1953 qui
1810 1885 1860 1938 in
1892 1883 2106 1936 deserto
2131 1880 2298 1953 Moysi

763 1978 980 2032 oracula
1020 1977 1188 2038 dedit,
1213 1985 1266 2030 et
1295 1977 1382 2044 qui
1410 1976 1478 2029 ab
1515 1974 1658 2029 omni
1702 1973 1893 2043 popqu
1917 1973 2062 2029 visus
2095 1982 2174 2027 eat
2205 1987 2300 2040 per

765 2068 990 2137 gloriam
1039 2067 1285 2120 omnibus
1319 2054 1680 2134 apparentem,
1715 2065 1780 2118 de
1819 2077 1926 2132 qua
1958 2065 2155 2119 dictum
2183 2070 2296 2117 est:

773 2175 793 2209 ι
823 2158 892 2214 Et
917 2157 1045 2211 vidit
1068 2155 1243 2211 omnis
1275 2155 1500 2226 populus
1527 2153 1749 2225 gloriam
1777 2152 1983 2209 Domini
2013 2155 2080 2207 ".
2115 2171 2129 2204 ι

835 2325 994 2382 Vitas.
1021 2326 1135 2381 5-6.
1178 2344 1199 2379 ι
1228 2326 1358 2382 Cum
1397 2327 1589 2384 feceris
1613 2327 1862 2398 gloriosa,
1895 2337 2093 2383 tremor
2117 2325 2190 2381 tui
2216 2328 2299 2380 ln-

763 2417 921 2470 vadet
947 2426 1172 2485 montes.
1199 2417 1241 2471 A
1268 2418 1462 2472 saeculo
1488 2434 1591 2472 non
1613 2418 1932 2481 audivimus,
1962 2433 2132 2487 neque
2157 2418 2295 2473 ocui

765 2506 932 2561 nostri
959 2506 1204 2561 viderunt
1227 2506 1410 2572 Deum,
1437 2517 1628 2576 praeter
1665 2515 1735 2570 te,
1761 2516 1815 2560 et
1847 2521 2004 2574 opera
2033 2517 2152 2572 tua,
2181 2523 2298 2578 quae

767 2595 932 2650 facies
957 2597 1388 2664 exspectantibus
1413 2596 1849 2651 misericordiam.
1875 2597 2128 2654 Occurret
2153 2597 2294 2652 enim

765 2685 832 2740 iis
878 2685 969 2752 qui
1015 2683 1217 2738 faciunt
1253 2684 1534 2753 justitiam,
1560 2692 1615 2738 et
1639 2685 1840 2740 viarum
1889 2694 2095 2739 tuarum
2122 2700 2295 2741 recor-

764 2775 1052 2829 dabuntur.
1082 2775 1220 2829 Ecce
1268 2783 1320 2828 tu
1367 2775 1534 2829 iratus
1579 2789 1671 2840 es,
1706 2785 1761 2830 et
1801 2791 1901 2831 nos
1938 2776 2293 2846 peccavimus.

763 2862 967 2918 Idcirco
993 2865 1321 2930 erravimus,
1361 2874 1414 2920 et
1445 2864 1570 2919 facti
1621 2880 1802 2920 sumus
1845 2867 1998 2936 quasi
2041 2864 2295 2920 immuutﬁ

765 2967 949 3008 omnes
977 2969 1110 3010 nos:
1144 2965 1397 3024 tanquam
1434 2968 1642 3024 pannus
1683 2955 1917 3010 sedentis
1941 2956 2113 3010 omnis
2139 2955 2297 3024 justi-

767 3043 841 3095 tia
865 3053 1066 3099 nostra.
1100 3063 1120 3096 ι
1152 3045 1300 3111 Quod
1326 3045 1368 3100 si
1401 3060 1501 3113 qua
1533 3045 1668 3113 apud
1699 3061 1793 3099 nos
1837 3045 2059 3114 reperiri
2086 3054 2295 3114 putetur

2399 1886 2492 1938 καὶ
2517 1883 2734 1954 ζήσεται
2753 1898 2769 1912 ⁸
2809 1901 2828 1934 ι
2857 1881 2968 1935 ἀλλ’
3003 1881 3142 1934 ἔοικε
3167 1880 3256 1934 τὸν
3281 1878 3410 1933 Θεδν
3435 1877 3521 1931 διὰ
3548 1876 3747 1930 τούτων
3771 1875 3936 1929 αἰνετ-

2396 1975 2579 2029 τεσθαι
2601 1974 2690 2026 τὸν
2716 1973 2811 2026 καὶ
2835 1973 2926 2024 ἐπὶ
2947 1972 3043 2043 τῆς
3063 1972 3263 2042 ἐρὴμου
3292 1967 3695 2040 χρηματίσαντα
3712 1965 3936 2035 Μωῦσῆ,

2395 2063 2474 2134 τῷ
2507 2081 2565 2116 τε
2604 2063 2764 2116 παντὶ
2798 2061 2908 2130 λαῷ
2947 2059 3238 2131 ἑωραμένῳ
3275 2057 3364 2110 διὰ
3404 2057 3502 2126 τῆς
3543 2053 3940 2126 ἐμφαινομένης

2394 2157 2506 2218 τοῖς
2549 2156 2682 2207 πᾶσι
2708 2151 2863 2223 δόξης
2897 2151 3022 2224 περὶ
3047 2145 3116 2221 ἧς
3142 2149 3378 2220 εἴρηται·
3413 2164 3433 2199 ι
3458 2145 3566 2200 Kal
3605 2143 3751 2217 ἐώρα
3783 2145 3890 2207 πᾶς
3911 2144 3940 2196 ὁ

2395 2245 2521 2309 λαὸς
2549 2245 2646 2316 τὴν
2676 2242 2827 2308 δόξαν
2870 2242 3091 2314 Κυρίου.
3123 2259 3143 2292 ι

2469 2355 2491 2388 ι
2525 2336 2690 2389 Ὅταν
2722 2337 2878 2404 ποιῇς
2905 2332 2974 2386 τὰ
3005 2329 3208 2393 ἔνδοξα,
3232 2328 3432 2400 τρόμος
3461 2326 3684 2398 λήψεται
3713 2324 3820 2380 ἀπὺ
3847 2322 3937 2378 σοῦ

2393 2425 2514 2496 ὅρη.
2556 2423 2687 2476 Ἀπὸ
2724 2422 2814 2476 τοῦ
2840 2422 3028 2484 αἰῶνος
3049 2420 3147 2473 οὐκ
3173 2418 3502 2488 ἠκούσαμεν,
3535 2416 3656 2469 οὐδὲ
3679 2413 3940 2484 ὀφθαλμοὶ

2392 2514 2548 2585 ἡμῶν
2569 2509 2704 2566 εἶδον
2728 2512 2856 2566 Θεὸν
2897 2512 3034 2582 πλὴν
3061 2528 3173 2576 σου,
3207 2510 3302 2564 καὶ
3333 2509 3402 2562 τά
3431 2507 3565 2580 ἔργα
3605 2523 3717 2571 σου,
3753 2506 3788 2560 ἃ
3826 2521 3942 2558 ποι-

2393 2604 2545 2674 ἡσεις
2577 2606 2686 2666 τοῖς
2715 2602 3068 2672 ὑπομένουσιν
3091 2601 3253 2654 ἐλεον.
3279 2599 3667 2668 Συναντὴσεται
3698 2595 3807 2667 γὰρ
3832 2598 3940 2658 τοῖς

2393 2693 2600 2747 ποιοῦσι
2623 2693 2683 2746 τὸ
2705 2692 2927 2756 δίκαιον,
2961 2691 3053 2744 καὶ
3083 2691 3189 2744 τῶν
3228 2689 3361 2743 ὁδῶν
3403 2706 3495 2742 σου
3531 2687 3939 2759 μνησθήσονται.

2407 2784 2533 2837 Ἰδοὺ
2568 2785 2631 2837 σὺ
2655 2781 2946 2854 ὡργὶσθης,
2983 2781 3076 2833 και⁵
3105 2780 3263 2851 ἡμεῖς
3292 2779 3622 2850 ἡμάρτομεν.
3655 2774 3754 2828 Διά
3788 2773 3944 2829 scina

2394 2873 2768 2946 ἐπλανήθημεν
2798 2875 2890 2928 καὶ
2937 2871 3266 2944 ἐγενήθημεν
3305 2870 3379 2934 ὡς
3410 2869 3702 2940 ἀκάθαρτοι
3747 2867 3948 2929 πάντες

2395 2963 2578 3031 ἡμεῖς·
2609 2962 2683 3025 ὼς
2725 2963 2887 3030 ῥάκος
2926 2959 3341 3030 ἀποκαθημένης
3377 2957 3525 3008 πᾶσα
3568 2957 3601 3026 ἡ
3635 2954 3940 3022 δικαιοσύνη

2395 3049 2568 3120 ἡμῶν.
2620 3067 2639 3100 ι
2672 3049 2737 3101 El
2765 3049 2819 3102 δὲ
2850 3048 2940 3101 καί
2965 3065 3047 3111 τις
3072 3051 3127 3100 ἐν
3166 3047 3296 3116 ἡμῖν
3322 3041 3574 3114 ἐνομίσθη
3599 3039 3941 3112 εὑρίσκεσθαι

762 3131 968 3201 iustitia
1003 3135 1244 3202 actioque
1275 3135 1462 3204 proba,
1495 3149 1559 3189 ea
1605 3135 1849 3191 sordibus
1875 3137 2037 3206 plena
2061 3146 2115 3192 et
2142 3137 2294 3192 inde-
2321 3127 2362 3184 C

2321 3127 2362 3184 (ἶ
2393 3138 2698 3210 δικαιοσύνη
2731 3140 2824 3192 καὶ
2847 3138 3041 3209 πρᾶξις
3070 3135 3269 3201 δικαία,
3295 3134 3652 3207 ἐρῤυπωμένη
3682 3133 3776 3187 καὶ⁸
3807 3131 3941 3202 αὐτὴ

767 3237 890 3278 cora
925 3238 1047 3278 esse
1074 3225 1504 3294 deprehenditur.

843 3315 998 3369 Vsus.
1044 3315 1193 3368 7-12.
1227 3334 1247 3365 ι
1278 3316 1342 3370 Et
1374 3316 1685 3373 deﬂuximus
1723 3316 1873 3386 quasi
1914 3317 2036 3372 folia
2085 3327 2298 3389 propter

767 3406 1073 3477 iniquitates
1110 3415 1348 3461 nostras:
1377 3409 1455 3462 sic
1486 3419 1676 3464 ventus
1710 3408 1912 3464 auferet
1958 3424 2085 3473 nos,
2111 3421 2163 3464 et
2191 3425 2294 3464 non

765 3499 970 3566 estqui
1009 3496 1216 3553 invocet
1259 3512 1450 3552 nomen
1497 3507 1678 3564 tuum,
1725 3515 1824 3554 nec
1855 3500 1944 3568 qui
1994 3501 2295 3555 recordatus

766 3588 1130 3656 apprehendat
1157 3597 1247 3644 te:
1282 3587 1531 3658 quoniam
1571 3589 1806 3644 avertisti
1856 3591 2047 3644 faciem
2095 3599 2237 3644 tuam
2263 3606 2293 3644 a

766 3680 942 3742 nobis,
973 3689 1028 3730 et
1069 3679 1328 3734 tradidisti
1359 3695 1454 3735 nos
1483 3691 1702 3750 propter
1731 3681 2035 3751 iniquitates
2062 3690 2291 3737 nostras.

764 3766 835 3823 Et
854 3783 1010 3832 nunc,
1043 3768 1280 3834 Domine,
1313 3769 1471 3825 Pater
1508 3781 1688 3826 noster
1719 3781 1799 3836 tu,
1826 3788 1922 3828 nos
1943 3788 2070 3828 vero
2103 3775 2292 3837 lutum,

765 3873 898 3926 opus
943 3875 1190 3914 manuum
1223 3869 1432 3914 tuarum
1479 3875 1683 3927 omnes,
1711 3877 1798 3924 ,ηε
1847 3863 2095 3917 irascaris
2143 3863 2294 3919 nobis

765 3951 941 4012 valde,
992 3964 1162 4017 neque
1213 3951 1263 4003 in
1314 3959 1552 4018 tempore
1607 3953 1912 4007 memineris
1946 3953 2286 4021 iniquitatum

771 4048 1092 4092 nostrarum.
1124 4038 1188 4092 Et
1221 4055 1361 4094 nunc
1390 4041 1618 4102 intuere,
1655 4041 1893 4108 Domine,
1922 4044 2170 4109 quoniam
2197 4057 2295 4112 po-

769 4127 923 4196 pulus
950 4139 1069 4181 tuus
1109 4143 1294 4182 omnes
1324 4144 1440 4182 nos.
1472 4130 1669 4183 Civitas
1711 4132 1879 4185 sancti
1916 4131 1988 4185 tui
2032 4131 2170 4186 facta
2213 4140 2295 4186 est

770 4218 975 4272 deserta
1004 4216 1130 4271 Sion
1165 4235 1178 4270 :
1215 4228 1273 4271 ut
1303 4218 1570 4272 desertum
1598 4219 1734 4272 facta
1762 4229 1844 4273 est
1868 4210 2182 4282 Jerusalem,
2239 4221 2291 4273 in

768 4307 1196 4362 maledictionem
1232 4312 1440 4371 domus,
1475 4316 1714 4360 sanctum
1746 4318 2008 4373 nostrum,
2048 4318 2100 4361 et
2127 4307 2290 4376 gloria

767 4396 852 4450 cui
880 4397 1264 4451 benedixerunt
1290 4408 1468 4467 patres
1497 4397 1685 4461 nostri,
1711 4399 1832 4465 igne
1857 4398 2148 4463 combusta,
2178 4412 2292 4452 om-

769 4486 964 4552 niaque
993 4486 1218 4554 gloriosa
1242 4497 1423 4541 nostra
1453 4487 1819 4541 conciderunt.
1848 4489 2019 4556 Atque
2043 4488 2094 4541 in
2127 4488 2292 4540 omni-

769 4574 869 4629 bus
904 4574 1018 4629 istis
1048 4576 1367 4643 sustinuisti,
1401 4576 1643 4641 Domine,
1673 4585 1729 4631 et
1777 4578 2007 4644 tacuisti,
2036 4587 2090 4632 et
2121 4577 2296 4632 bumi-

771 4662 915 4716 liasti
947 4678 1041 4717 nos
1072 4664 1244 4718 valde.
1277 4681 1297 4715 ι

1316 4752 1539 4808 CAPUT
1573 4753 1732 4810 LXV.

838 4838 996 4894 Vsus.
1037 4842 1144 4894 l—5.
1185 4860 1202 4893 t
1235 4843 1465 4913 Apparui
1496 4860 1597 4899 non
1630 4846 1935 4916 negantibus
1958 4861 2038 4901 me
2066 4862 2079 4898 :
2108 4847 2292 4901 inven-

767 4937 853 4984 tus
877 4945 992 4984 sum
1020 4932 1085 4984 ab
1111 4932 1174 4985 iis
1203 4935 1294 5001 qui
1339 4949 1423 4988 me
1471 4951 1572 4988 non
1606 4937 1930 5004 quierebaut.
1967 4937 2081 4990 Dixi
2116 4952 2129 4988 :
2158 4937 2293 4991 Ecce

768 5023 975 5083 adsum,
1008 5023 1149 5089 genti
1199 5038 1317 5090 quae
1370 5040 1474 5077 non
1532 5025 1801 5078 invocavit
1847 5041 2037 5080 nomen
2092 5041 2289 5079 meum.

770 5108 1006 5174 Expandi
1039 5125 1224 5163 manus
1265 5125 1408 5164 meas
1435 5120 1542 5165 tOta
1577 5112 1658 5166 die
1685 5115 1748 5164 ad
1776 5113 2020 5180 populum
2050 5128 2152 5167 non
2192 5113 2290 5166 ob-

769 5205 1170 5263 temperantem,
1199 5207 1246 5252 et
1294 5199 1770 5264 contradicentem,
1807 5201 1871 5254 iis
1891 5242 1904 5264 ,
1939 5202 2027 5269 qui
2056 5202 2294 5255 ambula-

770 5285 896 5338 bant
924 5285 974 5338 in
998 5287 1080 5338 via
1115 5304 1212 5340 non
1241 5290 1396 5354 bona,
1427 5290 1518 5342 sed
1542 5300 1661 5358 post
1679 5301 1894 5359 peccata
1919 5307 2032 5345 sua.
2063 5291 2292 5360 Populus

772 5372 877 5434 itic,
904 5373 993 5439 qui
1019 5377 1301 5428 exacerbat
1335 5391 1438 5441 me,
1485 5377 1538 5430 in
1568 5389 1854 5444 conspectu
1889 5394 2004 5433 meo
2034 5395 2242 5448 semper
2275 5398 2288 5432 :

774 5459 871 5528 ipsi
903 5461 1172 5516 immolant
1203 5465 1255 5518 in
1292 5465 1484 5528 hortis,
1513 5475 1567 5521 et
1594 5467 1807 5521 adolent
1837 5468 2106 5524 incensum
2133 5485 2294 5539 super

851 5638 894 5667 ³⁵
915 5634 1065 5692 Joau.
1100 5655 1135 5703 :,
1174 5640 1256 5695 l8.

2394 3231 2488 3285 καὶ
2507 3230 2696 3300 ἄτιμος
2724 3231 3055 3301 ἐλὴλεγκται.

2466 3336 2486 3370 ι
2516 3320 2625 3372 Kal
2647 3318 2871 3390 ἐξερρύη
2881 3335 2976 3388 μεν
2997 3316 3071 3380 ὡς
3096 3317 3268 3386 φύλλα
3289 3315 3377 3369 διὰ
3395 3315 3494 3379 τὰς
3516 3313 3936 3386 ἀνομίας

2391 3407 2560 3471 οὕτως
2598 3408 2794 3477 ἄνεμος
2826 3407 2957 3460 οῐσει
2989 3409 3161 3477 ἡμᾶς·
3198 3408 3290 3460 καὶ
3311 3395 3582 3460 οὺιίέστιν
3606 3406 3636 3458 ὸ
3660 3402 3944 3458 ἑπικαλού·

2393 3515 2552 3569 μενος
2579 3498 2640 3550 τὸ
2661 3497 2828 3567 δνομά
2848 3513 2960 3562 σου,
2981 3497 3075 3551 καὶ
3095 3499 3123 3550 ὁ
3149 3497 3403 3568 μνησθεὶς
3423 3497 3798 3552 ἀντιλαϐέσθαι
3825 3511 3938 3549 σουο

2388 3591 2468 3643 ὅτι
2499 3587 2838 3658 ἀπέστρεψας
2858 3587 2917 3640 τὸ
2943 3588 3222 3658 πρόσωπόν
3244 3603 3336 3640 σου
3362 3588 3455 3657 ἀφ’
3478 3587 3653 3660 ἡμῶν,
3686 3587 3778 3641 καὶ
3807 3602 3944 3657 παρ-

2390 3678 2593 3744 έδωκας
2639 3679 2782 3749 ἡμᾶς
2828 3676 2913 3730 διὰ
2966 3677 3063 3740 τὰς
3110 3676 3378 3750 ἁμαρτίας
3433 3677 3608 3747 ἡμῶν.
3664 3677 3774 3729 Kal
3824 3675 3938 3739 νῦν,

2390 3771 2558 3840 Κύριε
2581 3809 2597 3833 ,
2623 3769 2808 3840 Πατὴρ
2848 3766 3001 3840 ἡμῶν
3038 3768 3123 3833 σὺ,
3154 3770 3314 3839 ἡμεῖς
3342 3767 3399 3822 δὲ
3440 3767 3626 3839 πηλὸς,
3665 3766 3802 3839 ἔργα
3831 3764 3938 3818 τῶν

2390 3861 2585 3931 χειρῶν
2617 3877 2708 3913 σου
2743 3860 2958 3924 πάντες,
3001 3861 3074 3931 μὴ
3105 3860 3320 3932 ὀργιζου
3352 3861 3481 3930 ἡμῖν
3515 3859 3738 3931 σφόδρα,
3775 3858 3851 3930 μὴ
3881 3859 3933 3910 ἐι

2390 3948 2564 4021 καιρῷ
2596 3948 2838 4019 μνησθῇς
2869 3947 3146 4019 ἁμαρτιῶν
3175 3947 3348 4018 ἡμῶν.
3376 3946 3486 4000 Kal
3509 3947 3601 4000 νῦν
3633 3946 3937 4015 ἐπίϐλεψον,

2390 4039 2470 4091 ὅτι
2491 4039 2616 4101 λαός
2643 4055 2732 4090 σου
2758 4037 2952 4101 πάντες
2985 4039 3162 4109 ἡμεῖς.
3198 4037 3357 4112 Πόλις
3383 4035 3476 4090 τοῦ
3510 4035 3661 4104 ἁγίου
3692 4053 3786 4088 σου
3822 4038 3937 4104 ἐγε-

2389 4130 2519 4201 νήθη
2547 4131 2748 4201 ἔρημος
2787 4129 2942 4195 Σιὼν,
2984 4131 3057 4193 ὡς
3079 4131 3278 4201 ἕρημος
3304 4129 3530 4199 ἐγενήθη
3570 4128 3933 4201 Ἰερουσαλὴμ,

2389 4222 2466 4283 εἰς
2505 4221 2742 4291 κατάραν
2768 4221 2796 4272 ὁ
2825 4217 2998 4285 οἶκος,
3046 4221 3105 4274 τὸ
3131 4220 3284 4288 ἆγιον
3321 4219 3497 4289 ἡμῶν,
3531 4219 3622 4272 καὶ
3653 4221 3686 4290 ἡ
3712 4219 3836 4283 δόξα
3869 4219 3932 4290 ἡν

2389 4310 2691 4380 ηὑλόγησαν
2733 4313 2780 4363 οἱ
2824 4311 3050 4381 πατέρες
3094 4309 3270 4380 ἡμῶν,
3299 4310 3524 4381 ἐγενήθη
3555 4309 3932 4382 πυρίκαυστος,

2323 4449 2365 4502 D
2393 4399 2486 4450 καὶ
2535 4398 2709 4452 πάντα
2745 4399 2925 4463 ἔνδοξα
2963 4400 3116 4468 ἡμῶν
3180 4398 3453 4452 συνέπεσε.
3512 4400 3619 4452 Καὶ
3663 4399 3754 4451 ἐπὶ
3803 4400 3929 4452 πᾶσι

2391 4487 2595 4551 τούτοις
2633 4488 2878 4557 ἀνέσχου,
2926 4488 3117 4558 Κύριε,
3166 4490 3258 4542 καὶ
3287 4489 3616 4559 ἐσιώπησας,
3668 4490 3763 4544 καὶ
3811 4492 3931 4544 ἐτα-

2395 4577 2658 4649 πείνωσας
2695 4577 2840 4646 ἡμᾶς
2869 4575 3089 4645 σφόδρα.
3127 4593 3145 4626 ι

2876 4750 3264 4804 ΚΕΦΑΛΑΙΟΝ
3310 4751 3426 4806 ΞΕ’.

2470 4856 2489 4888 ι
2542 4838 2813 4908 Ἐμφανὴς
2844 4840 3103 4910 ἐγενήθην
3131 4843 3240 4904 τοῖς
3261 4842 3358 4910 ἐμὲ
3386 4840 3459 4911 μὴ
3489 4839 3819 4912 ἐπερωτῶσι,
3841 4841 3924 4893 εὖ·

2399 4926 2556 4998 ρέθην
2600 4932 2707 4991 τοῖς
2747 4931 2846 4998 ἐμὲ
2882 4929 2956 5000 μὴ
2995 4929 3260 4998 ζητοῦσιν.
3305 4927 3476 4983 Εἷπα·
3535 4930 3662 4984 Ἰδού
3707 4933 3822 5001 εἰμι
3854 4931 3926 5000 τῷ

2397 5015 2553 5080 ἔθνει,
2583 5019 2630 5070 οἳ
2657 5019 2753 5070 οὐκ
2785 5018 3043 5070 ἐκάλεσαν
3071 5037 3169 5089 μου
3192 5021 3250 5072 τὸ
3271 5020 3457 5090 ὄνομα.
3482 5021 3810 5086 Ἐξεπέτασα
3833 5021 3924 5083 τὰς

2396 5109 2576 5177 χεῖράς
2612 5126 2710 5177 μου
2747 5109 2874 5179 ὅλην
2899 5109 2994 5179 τὴν
3027 5110 3233 5180 ἡμέραν
3273 5111 3410 5181 πρὸς
3434 5110 3557 5164 λαὸν
3585 5111 3920 5170 ἀπειθοῦντα.

2393 5200 2484 5252 καὶ
2527 5199 2892 5267 ἀντιλέγοντα,
2933 5200 3055 5264 τοὺς
3089 5202 3480 5272 πορευομένους
3522 5201 3622 5272 ὁδῷ
3667 5203 3726 5255 οὐ
3769 5203 3920 5272 καλῇ,

2391 5288 2502 5340 ἀλλ’
2529 5289 2699 5342 ὀπίσω
2744 5289 2848 5342 τῶν
2895 5291 3170 5360 ἁμαρτιῶν
3220 5292 3413 5345 αὐτῶν.
3452 5292 3509 5344 '0
3547 5291 3670 5354 λαὸς
3708 5287 3860 5352 οὗτος
3896 5294 3922 5344 ὀ

2394 5380 2701 5450 παροξύνων
2742 5399 2805 5450 με
2836 5382 3069 5434 ἐναντίον
3098 5381 3226 5451 ἐμοῦ
3259 5382 3347 5434 διὰ
3369 5383 3564 5445 παντός
3586 5399 3603 5415 ⁶
3645 5384 3797 5439 αὐτοὶ
3839 5383 3920 5435 09-

2397 5469 2662 5533 σιάζουσιν
2713 5471 2768 5524 ἐν
2803 5472 2910 5533 τοῖς
2950 5471 3174 5540 κήποις,
3223 5471 3314 5525 καὶ
3363 5469 3623 5539 θυμιῶσιν
3673 5471 3765 5524 ἐπὶ
3813 5473 3920 5531 ταῖς

1367 5641 1411 5673 ’⁸
1440 5641 1606 5698 Exod.
1637 5658 1827 5712 nam,
1861 5641 1949 5701 20.
2025 5646 2066 5677 ³⁷
2100 5645 2250 5701 Num.
2282 5661 2384 5712 ut,
2427 5647 2504 5702 ιθ.
