4128 6294
1257 344 1751 407 εοιιιεατλιιιλ
1788 341 1856 397 IN
1888 338 2143 399 ISAIAM.
2178 370 2252 383 —-
2285 336 2447 394 CAP.
2477 334 2636 393 LXV.

3456 328 3559 386 510

308 477 547 543 πλίνθοις
569 477 687 540 τοίς
710 473 1024 547 δαιμονίοις,
1051 471 1089 527 ἃ
1112 470 1211 527 οὐκ
1233 470 1401 525 ἐστιν.
1441 488 1460 521 ι
1497 467 1565 523 Et
1607 485 1691 531 τις
1740 464 1877 519 θέλει

1987 461 2188 517 lateres
2220 456 2521 523 daemoniis,
2544 468 2665 526 quae
2692 466 2797 508 non
2830 458 2981 508 sunt.
3006 468 3027 504 ι
3049 446 3107 505 Si
3134 447 3277 519 quis,
3302 445 3550 500 veritatis

307 569 596 641 φιλαλήθει
626 565 875 637 λογισμῷ
895 563 995 637 τῆν
1022 564 1320 637 ἐμὴν-δρᾷν
1346 559 1772 632 φιλανθρωπίαν,
1802 557 1884 611 εὓ-

313 679 403 734 ροι
444 661 511 716 ἀν
536 658 805 730 φθάνοντά
838 674 907 728 με
936 658 1057 721 ταῖς
1104 656 1441 727 εὐεργεσίαις
1483 653 1576 706 καὶ
1608 653 1732 715 τοὺς
1781 667 1883 720 μα-

311 755 454 827 κρὰν
480 750 798 823 ἀφεστῶτας
823 749 922 820 τῆς
945 749 1085 819 ἐμῆς
1129 746 1402 816 γνώσεως.
1449 745 1655 799 Αὐτίκα
1683 742 1747 813 δὴ
1787 736 1881 795 οὖν

312 848 427 910 τοῖς
466 842 622 905 ἐκτὸς
663 840 1017 913 μηδεπώποτε
1044 836 1351 911 ἐρωτήσασί
1393 851 1459 906 με
1491 831 1708 905 ἐμφανῆ
1748 848 1879 884 κατ-

309 937 519 1005 έστησα
568 931 804 1003 ἐμαυτὸν
853 930 919 984 δι’
964 925 1401 999 ὑπερόάλλουσαν
1440 922 1844 995 φιλανθρωπίαν
1864 938 1878 953 ο

313 1028 460 1083 ὥστε
491 1026 591 1098 ἢδη
644 1024 770 1088 τοὺς
811 1024 1113 1092 ἀλλογενεϊς
1145 1022 1239 1076 καὶ
1267 1016 1716 1087 ἀλλοφύλουςτὴν
1742 1014 1881 1085 ἐμὴν

308 1118 514 1189 γνῶσιν
542 1114 907 1187 ἀνειληφέναι,
938 1116 1139 1185 καίπερ
1163 1112 1328 1184 μηδὲν
1350 1112 1429 1173 είς
1459 1107 1616 1162 τοῦτο
1641 1104 1883 1176 συμϐαλ-

309 1210 591 1281 λομένους.
644 1208 804 1262 Ἀλλά
858 1207 951 1261 καὶ
992 1209 1107 1269 τοῖς
1138 1204 1213 1276 μὴ
1265 1201 1530 1273 ζητήσασι
1586 1198 1683 1271 τὴν
1741 1196 1881 1267 ἐμὴν

310 1301 479 1374 χάριν
508 1300 709 1371 ταύτης
736 1296 1037 1371 μετέδωκα,
1074 1296 1283 1366 φθάσας
1308 1309 1369 1347 τε
1406 1292 1504 1355 τὰς
1537 1290 1739 1361 ἐτέρων
1770 1304 1880 1341 πα-

313 1392 639 1463 ρακλήσεις·
673 1390 800 1459 πρὶν
830 1389 925 1442 καὶ
968 1386 1253 1452 εὑξασθαι,
1300 1386 1430 1456 πρὶν
1478 1381 1579 1435 καὶ
1608 1377 1881 1434 ἱκετεῦσαι

309 1482 533 1547 αὑτοὺς,
556 1476 705 1534 εἶπον
723 1495 741 1510 ·
786 1479 917 1533 ’1δοὺ
946 1478 1196 1549 πάρειμι.

392 1589 411 1622 ι
454 1571 541 1624 Ἐν
568 1572 680 1632 τοῖς
711 1569 955 1640 μνήμασι
986 1568 1077 1621 καὶ
1108 1569 1165 1619 ἐν
1186 1566 1295 1628 τοῖς
1330 1564 1612 1635 σπηλαίοις
1636 1559 1876 1630 κοιμῶν-

306 1679 404 1715 ται
431 1661 519 1714 διὰ
542 1660 765 1714 ἐνύπνια
801 1661 851 1712 ol
880 1658 1125 1720 ἔσθοντες
1158 1657 1326 1729 κρέας
1363 1656 1527 1721 ὑειον,
1563 1656 1658 1708 καὶ
1696 1652 1879 1721 ζωμὸν

1986 552 2165 607 studio
2186 559 2388 614 motus,
2423 562 2599 602 meam
2628 560 2755 617 erga
2778 542 3028 599 homines
3055 539 3397 596 clementiam
3433 550 3563 605 per-

1984 642 2218 712 pendere
2258 640 2408 706 velit,
2435 641 2482 694 is
2510 638 2750 694 inveniet
2778 650 2863 691 me
2897 649 3109 705 semper
3143 632 3225 688 vel
3253 646 3369 699 eos,
3394 631 3486 701 qui
3523 644 3555 683 a

1982 732 2287 802 cognitione
2316 745 2436 785 mea
2465 728 2653 801 procul
2680 728 2870 783 remoti
2899 734 3081 789 erant,
3104 722 3381 779 beneﬂciis
3410 735 3556 789 pra:-

1982 823 2216 877 venisse.
2268 821 2337 876 Et
2382 835 2511 877 vero
2540 821 2836 885 extraneis,
2889 817 2983 886 qui
3018 832 3104 871 me
3157 827 3430 883 nunquam
3471 811 3556 866 in-

1985 920 2397 980 terrogaverant
2434 950 2451 975 ,
2506 909 2576 965 ob
2628 909 2735 963 vim
2797 905 3026 962 allectus
3083 903 3212 969 mei,
3266 899 3556 957 manifeste

1982 1003 2226 1071 apparui,
2265 1002 2335 1055 ita
2362 1009 2420 1055 ut
2453 1000 2568 1070 jam
2613 1000 2933 1071 alienigena;
2983 1005 3040 1052 et
3070 993 3341 1067 peregrini
3377 993 3558 1059 cogni-

1981 1094 2183 1148 tionem
2218 1092 2320 1147 mei
2371 1083 2618 1147 assecuti
2651 1091 2802 1159 sint;
2838 1089 2939 1146 etsi
2970 1086 3045 1143 illi
3074 1084 3276 1141 nullam
3330 1097 3555 1152 operam

1981 1200 2043 1241 ea
2072 1186 2125 1238 in
2159 1199 2219 1238 re
2245 1184 2511 1239 dederint.
2541 1181 2653 1238 lmo
2680 1181 2843 1236 etiam
2880 1181 2974 1245 iis,
2994 1180 3086 1248 qui
3118 1177 3346 1247 gratiam
3374 1189 3554 1232 meam

1981 1290 2091 1331 non
2146 1274 2485 1342 quaerebant,
2520 1287 2713 1342 preces
2746 1286 2938 1327 eorum
2990 1277 3323 1338 praeverteris
3377 1266 3551 1336 ipsam

1982 1364 2180 1419 tradidi
2214 1381 2228 1417 :
2266 1363 2580 1433 priusquam
2614 1368 2888 1433 rogarent,
2930 1358 3248 1430 priusquam
3278 1355 3552 1426 supplica-

1980 1464 2123 1517 rent,
2152 1454 2287 1516 dixi,
2311 1454 2450 1509 Ecce
2485 1453 2695 1507 adsum.

2054 1547 2211 1600 Vsus.
2244 1545 2361 1600 4-8.
2383 1563 2401 1596 ι
2429 1545 2483 1598 ln
2511 1545 2781 1615 sepulcris
2803 1551 2858 1599 et
2888 1544 2942 1599 in
2976 1542 3251 1614 speluncis
3274 1539 3554 1596 dormiunt

1980 1646 2198 1705 propter
2223 1636 2459 1699 somnia,
2499 1635 2587 1704 qui
2637 1634 2927 1689 comedunt
2962 1649 3180 1689 carnem
3229 1632 3462 1696 suillam,
3495 1639 3553 1685 et

310 1751 960 1824 θυσιῶν,’μεμολυμμένα
1002 1721 1290 1803 πάνταητά
1355 1748 1521 1817 σκεύη
1570 1745 1771 1799 αὐτῶν.
1811 1746 1875 1797 Oi

1978 1729 2065 1796 jus
2107 1728 2428 1791 bosuarum,
2466 1724 2691 1795 profana
2733 1740 2859 1778 vasa
2886 1724 3067 1779 omnia
3113 1738 3320 1779 eorum.
3350 1721 3553 1789 Quidi-

306 1846 578 1914 λέγοντες,
608 1837 803 1914 ﬁdem
834 1842 929 1894 ἀπ’
958 1839 1115 1910 ἐμοῦ,
1145 1838 1218 1910 μὴ
1251 1826 1473 1909 ἐγγίσῃς
1506 1854 1616 1907 μοι,
1650 1836 1731 1889 ὅτι
1769 1851 1873 1887 κα-

309 1937 478 2009 Θαρός
502 1928 818 2007 ἒίμι.οὖτος
838 1932 1041 1996 καπνὸς
1065 1930 1159 1984 τοῦ
1190 1928 1361 2000 θυμοῦ
1381 1946 1498 2001 μου.
1518 1928 1634 1997 Πύρ
1660 1928 1873 1979 καίεται

308 2032 374 2084 ἐν
405 2028 552 2098 αὐτῷ
606 2027 785 2089 πάσας
822 2025 921 2088 τὰς
973 2022 1203 2095 ἡμέρας.
1253 2022 1382 2075 Ἰδοὺ
1432 2022 1736 2092 γέγραπται
1786 2020 1873 2071 ὲν-

305 2116 503 2173 ώπιόν⁹
525 2132 648 2187 μου’
682 2114 757 2169 οὑ
808 2114 1067 2184 σιωπήσω
1104 2113 1208 2175 ἕως
1246 2112 1312 2165 ἂν
1349 2110 1615 2163 ἀποδώσω
1656 2110 1735 2171 είς
1783 2107 1873 2161 τὸν

307 2207 510 2263 κόλπον
539 2206 717 2262 αὑτιῖιν
740 2205 839 2270 τὰς
864 2203 1138 2276 ἁμαρτίας
1165 2202 1346 2257 αὑτῶν
1363 2202 1456 2255 καὶ
1484 2201 1592 2253 τῶν
1622 2199 1873 2269 πατέρων

304 2284 507 2365 αὑτῶν,
555 2297 702 2366 λέγει
734 2296 960 2368 Κύριος.
1006 2296 1070 2352 Οἳ
1100 2295 1399 2365 ἐθυμίασαν
1425 2294 1518 2346 ἐπὶ
1547 2292 1655 2345 τῶν
1704 2292 1873 2363 ὀρέων

306 2392 406 2456 καὶ
437 2391 529 2444 ἐπὶ
551 2390 659 2443 τῶν
689 2388 890 2459 βουνῶν
924 2387 1204 2441 ὠνείδισάν
1235 2403 1322 2457 με,
1354 2382 1616 2438 ἀποδώσω
1643 2382 1712 2435 τά
1735 2382 1871 2454 ἔργα

305 2482 485 2540 αὐτῶν
525 2482 605 2545 είς
646 2481 738 2534 τὸν
776 2480 972 2533 κόλπον
1004 2479 1201 2533 αὐτῶν.
1234 2476 1421 2539 Οὕτως
1462 2476 1607 2544 λέγει
1645 2474 1866 2545 Κύριος·

310 2574 412 2627 Ὃν
438 2572 638 2644 τρόπον
670 2571 1021 2643 εὑρεθήσεται
1060 2570 1089 2622 ό
1128 2568 1239 2642 pd»:
1292 2570 1349 2622 ἐν
1395 2568 1473 2639 τῷ
1527 2566 1730 2637 βότρυῖ,
1776 2566 1872 2619 καὶ

305 2664 493 2733 ἐροῦσι
511 2681 525 2693 ·
552 2664 643 2732 Μὴ
667 2662 880 2736 λυμήνῃ
897 2662 1080 2725 αὑτὸν,
1096 2662 1178 2714 ὅτι
1202 2660 1417 2728 εὑλογία
1438 2659 1584 2711 ἐστὶν
1614 2660 1672 2711 ἐν
1700 2657 1867 2727 αὐτῷ*

304 2756 480 2831 οὕτως
508 2757 719 2824 ποιήσω
740 2755 923 2807 ἕνεκεν
947 2753 1041 2806 τοῦ
1078 2752 1415 2814 δουλεύοντάς
1444 2767 1552 2821 μοι.
1595 2769 1613 2801 ι
1654 2749 1792 2802 Ἀλλ’
1821 2748 1877 2801 εῐ

306 2846 414 2902 πού
444 2864 528 2910 τις
574 2846 723 2908 ἐντὸς
765 2844 943 2898 αὐτῶν
984 2842 1256 2914 εὑρεθείη,
1301 2843 1375 2905 ὼς
1422 2843 1479 2895 ἐν
1514 2841 1699 2912 βότρυῖ
1734 2836 1871 2910 ξηρᾷ

306 2938 467 3009 ὑγιὴς
513 2937 605 2990 καὶ
645 2936 955 3008 ἐρρωμένος
995 2934 1123 3004 ρὼξ,
1149 2935 1209 2987 οὑ
1234 2934 1567 2986 διαπεσεῖται
1591 2932 1721 3003 παρ’
1750 2932 1870 3001 ἐμοὶ

304 3028 387 3099 τῷ
417 3031 599 3098 κριτῇ,
631 3027 750 3080 οὑδὲ
779 3026 1155 3079 συναπολεῖται
1196 3028 1308 3088 τοῖς
1344 3022 1748 3094 ἀπολλυμένοις,
1780 3021 1867 3075 διὰ

1911 1794 2126 1883 Βἐιιιιιη
2162 1819 2344 1888 Longe
2378 1833 2407 1871 a
2442 1794 2545 1880 me,
2574 1831 2641 1870 ne
2667 1815 3070 1885 appropinques
3103 1813 3263 1881 mihi,
3291 1813 3549 1883 quoniam

1978 1912 2204 1965 mundus
2228 1925 2367 1965 sum.
2394 1908 2499 1963 lste
2529 1917 2613 1963 est
2640 1907 2817 1962 fumus
2853 1908 3050 1961 furoris
3076 1906 3203 1961 mei.
3230 1904 3375 1976 lgnis
3396 1904 3553 1958 ardet

1976 2000 2028 2054 in
2061 2013 2124 2055 eo
2152 2000 2366 2054 cunctis
2386 1998 2595 2052 diebus.
2624 1996 2762 2050 Ecce
2778 1996 3035 2066 scriptum
3066 2006 3147 2050 est
3180 1996 3231 2049 in
3255 2005 3554 2064 conspectu

1976 2106 2095 2147 meo
2122 2107 2145 2143 :r
2174 2089 2287 2146 Non
2330 2092 2517 2148 tacebo
2580 2090 2753 2144 donec
2784 2089 3004 2143 reddam
3058 2088 3111 2142 in
3137 2088 3312 2142 sinum
3357 2101 3549 2141 eorum

1973 2191 2195 2252 peccata
2230 2184 2466 2252 ipsorum
2499 2190 2555 2236 et
2596 2189 2810 2250 patrum
2838 2193 3083 2243 suorum,
3112 2178 3241 2232 dicit
3266 2177 3573 2232 DominuI.‘

1973 2272 2074 2340 Qui
2102 2273 2455 2328 adoleverunt
2480 2272 2758 2326 incensum
2809 2284 2969 2339 supra
3018 2279 3230 2323 montes
3288 2278 3343 2322 et
3385 2282 3550 2338 supra

1972 2364 2136 2419 colles
2154 2362 2779 2433 exprobraveruntmibi,
2802 2361 3091 2414 retribuam
3112 2373 3269 2429 opera
3290 2374 3476 2412 eorum
3492 2359 3548 2415 i‘n

1971 2455 2145 2509 sinum
2159 2469 2365 2509 eorum.
2384 2453 2474 2507 Sic
2486 2453 2911 2507 dicitDominus:
2929 2450 3384 2516 Quemadmodum
3398 2449 3550 2504 iuve-

1972 2546 2149 2601 nietur
2166 2546 2348 2599 acinus
2365 2544 2416 2599 in
2446 2545 2622 2608 botro,
2640 2543 2884 2597 etdicent
2902 2560 2916 2595 :
2937 2540 3014 2595 Ne
3024 2540 3215 2607 perdas
3232 2540 3401 2605 illum,
3421 2541 3550 2608 quia

1970 2636 2277 2693 benedictio
2301 2645 2384 2691 est
2412 2636 2465 2689 in
2488 2634 2578 2689 illo
2614 2652 2629 2699 ;
2660 2635 2738 2690 sic
2760 2633 2951 2688 faciam
2978 2644 3194 2702 propter
3216 2633 3545 2686 servientem

1972 2725 2126 2779 mihi.
2159 2743 2179 2777 ι
2217 2725 2324 2779 Sed
2366 2724 2410 2779 si
2443 2724 2564 2793 quis
2623 2724 2765 2776 inter
2809 2736 2905 2777 eos
2946 2721 3269 2790 reperiatur,
3308 2721 3448 2775 sicut
3492 2720 3547 2774 in

1970 2818 2130 2872 botro
2154 2817 2326 2879 arida,
2347 2830 2513 2871 sanus
2539 2813 3089 2885 vividusque'acinus,
3114 2826 3217 2866 non
3236 2812 3393 2865 cadet
3408 2808 3548 2879 apud

1972 2923 2057 2963 me
2087 2908 2344 2979 iudicem,
2395 2920 2575 2976 neque
2609 2922 2730 2959 cum
2775 2904 3129 2975 pereuntibus
3165 2902 3384 2971 peribit,
3420 2901 3546 2969 quia

1974 2998 2371 3055 benedictionis
2407 2998 2685 3067 particeps
2708 3004 2811 3051 est.
2838 2993 3010 3049 Tanto
3037 3001 3215 3047 autem
3258 2990 3551 3061 pretiosior

307 3082 369 3171 τό
404 3082 647 3188 pals-eisi»;
666 3116 829 3169 αὑτὸν
852 3115 1115 3183 εὐλογίας.
1154 3082 1307 3166 Οὕτω
1329 3113 1386 3165 δὲ
1417 3082 1566 3166 ἔσται
1590 3114 1618 3165 ὁ
1783 3105 1873 3165 οὑ-

1980 3096 2120 3165 apud
2153 3107 2240 3150 me
2267 3092 2371 3147 erit
2406 3092 2495 3145 hic
2534 3091 2745 3153 acinus,
2790 3096 2994 3157 quanto
3044 3086 3242 3139 rarior.
3282 3085 3363 3138 Ad
3403 3082 3548 3137 hunc

308 3223 399 3269 τος
429 3208 607 3275 τίμιος
646 3205 773 3276 παρ’
806 3204 956 3274 ἐμοὶ,
984 3205 1093 3273 ὅσῳ
1129 3204 1223 3256 καὶ
1259 3202 1499 3264 σπάνιος.
1535 3202 1693 3255 Κατὰ
1718 3202 1874 3255 τοῦτο

308 3296 365 3350 δὲ
396 3297 457 3350 τὸ
486 3296 832 3367 παράδειγμα
852 3295 945 3347 καὶ¹
974 3295 1064 3347 ἐπὶ
1082 3292 1175 3346 τοῦ
1205 3291 1405 3355 παντὸς
1432 3290 1616 3355 ἔθνους
1645 3292 1874 3363 ποιήσω,

309 3389 466 3460 είπερ
513 3404 596 3450 τις
643 3386 889 3458 εὑρεθείη
926 3387 1018 3438 καὶ
1062 3386 1120 3437 ἐν
1154 3382 1361 3446 τούτοις
1402 3382 1670 3454 σωτηρίας
1705 3381 1874 3447 ἄξιος.

387 3498 409 3530 ι
437 3477 641 3531 Τούτου
665 3478 850 3530 ἕνεκεν
883 3477 943 3529 οὐ
971 3476 1045 3547 μὴ
1074 3474 1323 3527 ἀπολέσω
1343 3474 1571 3539 πάντας,
1591 3474 1684 3526 καὶ
1705 3472 1877 3539 ἐξάξω

309 3570 371 3622 τὺ
398 3566 459 3632 ἐξ
500 3567 694 3621 Ἰακὼὸ
727 3567 947 3638 σπέρμα
980 3566 1073 3620 καὶ
1092 3566 1149 3632 ἐξ
1195 3564 1389 3618 Ἰούδα·
1426 3564 1521 3617 καὶ
1542 3562 1879 3633 κληρονομή-

311 3676 397 3712 σει
428 3659 490 3710 τὸ
534 3659 657 3730 ὅρος
699 3658 760 3711 τὸ
794 3658 946 3726 ἅγιόν
978 3672 1111 3727 μου·
1142 3656 1236 3710 καὶ
1286 3655 1782 3726 κληρονομήσουσιν
1828 3656 1877 3708 oi

309 3750 556 3803 ἐκλεκτοί
602 3767 704 3819 μου
752 3749 846 3801 καὶ
883 3749 931 3800 oi
964 3746 1145 3815 δοῦλοί
1181 3764 1305 3816 μου,
1333 3745 1426 3799 καὶ
1462 3746 1877 3815 κατοικήσουσιν

309 3842 448 3895 ἐκεῖ.
489 3862 508 3893 ι
546 3842 619 3894 Τὸ
655 3840 859 3910 ἀγαθὸν
907 3842 1001 3893 καὶ
1048 3841 1271 3893 σπάνιον
1322 3840 1574 3909 σπέρμα,
1610 3837 1807 3908 δηλαδὴ
1851 3840 1879 3890 δ

309 3933 667 3995 ἀποστολικδς
712 3933 869 4003 χορὸς
896 3931 1011 3985 ’τοῦ
1064 3930 1300 4002 πλήθους
1345 3929 1452 3984 τῶν
1497 3929 1879 3999 ἀπολλυμένων

309 4023 644 4095 ἀφορισθείς.
676 4024 844 4077 Πάλιν
877 4023 1151 4077 κάνταῦθα
1200 4022 1488 4086 ἐκλεκτοὺς
1522 4022 1616 4074 καὶ
1665 4020 1879 4083 δούλους

308 4114 475 4169 αὑτοῦ
511 4116 638 4178 τοὺς
678 4115 1004 4179 ἀποστόλους
1038 4114 1313 4185 σημαίνει,
1363 4114 1556 4176 οἵτινες
1594 4112 1669 4176 ὡς
1708 4112 1880 4183 ρὦες

308 4206 598 4278 εὕρηνται·
642 4206 734 4269 οὒς
759 4207 851 4259 καὶ
876 4206 1232 4277 ἐκλεξάμενος
1258 4205 1645 4275 περιφυλάττει
1677 4206 1741 4257 ἐκ
1773 4204 1881 4256 τῶν

311 4298 537 4368 ἐτέρων,
573 4299 667 4351 καὶ
701 4298 921 4369 σπέρμά
945 4299 1096 4366 ἅγιον
1127 4299 1219 4350 καὶ
1250 4297 1499 4350 ἐκλεκτὸν
1524 4296 1824 4366 ὠνόμασεν.

388 4405 407 4437 ι
437 4388 548 4440 Καὶ
577 4386 788 4439 ἔσονται
817 4389 873 4439 ἐν
892 4386 970 4456 τῷ
995 4386 1183 4457 δρυμῷ
1206 4386 1459 4450 ἐπαύλεις
1483 4386 1766 4456 ποιμνίων,
1786 4386 1880 4439 καὶ

1975 3188 2133 3255 plane
2148 3184 2363 3239 modum
2393 3192 2449 3238 et
2475 3182 2703 3237 lormam
2733 3195 2854 3235 cum
2882 3187 3039 3245 gente
3068 3185 3180 3232 tota
3211 3190 3325 3231 rem
3364 3188 3544 3244 agam,

1976 3277 2024 3331 si
2057 3277 2178 3347 quis
2199 3289 2368 3345 penes
2394 3274 2517 3328 illos
2537 3272 2839 3342 reperiatur
2864 3270 3039 3325 salute
3060 3267 3269 3338 dignus.

2046 3455 2209 3510 Vsus.
2236 3454 2289 3510 9.
2316 3471 2334 3505 ι
2363 3450 2487 3507 Ideo
2517 3465 2623 3504 non
2663 3448 2885 3518 perdam
2922 3460 3130 3511 omnes,
3156 3450 3212 3498 et
3232 3443 3456 3497 educam
3477 3439 3548 3494 d’e

1974 3547 2141 3602 JaCOl)
2163 3561 2367 3609 semen,
2387 3553 2441 3598 et
2466 3543 2532 3597 de
2550 3542 2685 3596 Juda
2709 3559 2722 3595 :
2743 3550 2796 3596 et
2832 3538 3130 3609 possidebit
3153 3544 3387 3591 montem
3413 3546 3546 3586 sarr-

1977 3649 2122 3694 ctum
2145 3652 2320 3692 meum
2345 3653 2360 3688 :
2389 3633 2857 3690 etbaareditabunt
2876 3631 3031 3688 electi
3054 3630 3158 3685 mei
3178 3637 3232 3682 et
3254 3626 3395 3682 servi
3419 3623 3545 3687 mei,

1977 3739 2031 3784 et
2056 3726 2375 3784 habitabunt
2406 3725 2501 3779 ibi.
2532 3743 2551 3776 ι
2574 3724 2775 3778 Bonum
2802 3732 2856 3775 et
2889 3734 3068 3774 rarum
3103 3732 3311 3778 semen,
3351 3713 3546 3767 videli-

1980 3830 2063 3876 cet
2106 3819 2433 3889 apostolicus
2463 3817 2696 3882 chorus,
2744 3829 2773 3867 a
2818 3811 3164 3883 pereuntium
3205 3805 3549 3863 multitudine

1980 3908 2486 3983 sequestratus.llic
2511 3922 2722 3961 rursum
2749 3906 2951 3959 electos
2973 3913 3026 3957 et
3046 3915 3231 3957 servos
3257 3914 3385 3953 suos
3409 3912 3540 3967 apo-

1982 4005 2148 4063 stolos
2169 4013 2351 4069 vocat,
2384 4001 2475 4070 qui
2500 4000 2648 4054 velut
2669 3997 2809 4052 acini
2836 3994 3035 4065 reperti
3066 4001 3216 4055 sunt,
3248 4004 3386 4060 quos
3414 3988 3543 4042 item

1980 4100 2049 4153 ab
2071 4096 2350 4153 se-el‘ectos
2366 4109 2433 4149 ex
2461 4093 2583 4147 aliis
2605 4090 2861 4155 servavit,
2894 4096 2951 4143 et
2988 4099 3173 4141 semen
3211 4091 3458 4138 sanctum
3490 4086 3547 4133 et

1980 4192 2211 4247 electum
2252 4186 2484 4243 vocavit.

2052 4369 2219 4425 Vens.
2256 4368 2338 4422 Ill.
2373 4384 2392 4418 ι
2435 4366 2503 4420 Ει
2543 4370 2700 4435 erunt
2735 4362 2786 4416 in
2815 4359 2952 4415 saltu
2997 4354 3166 4412 caulae
3204 4365 3451 4423 gregum,
3490 4355 3547 4403 et

310 4477 534 4549 φάραγξ
556 4476 751 4548 νἈχὼρ
778 4479 856 4540 είς
875 4445 1178 4531 ἀναπαυσιν
1206 4445 1492 4545 βουκολίων
1514 4445 1591 4545 at];
1607 4475 1721 4546 λαῷ
1752 4493 1873 4546 μου,

1988 4463 2142 4518 vallis
2175 4460 2355 4515 Achor
2391 4461 2442 4511 in
2488 4456 2726 4525 requiem
2766 4460 3137 4507 armentorum
3176 4445 3375 4515 populo
3402 4454 3549 4505 meo,

309 4569 361 4622 οἶ
420 4569 691 4638 ἐζήτησάν
726 4586 857 4640 με.»
901 4567 1117 4639 Δρυμὸν
1163 4568 1219 4621 δὲ
1266 4567 1453 4622 εἴωθεν
1502 4571 1536 4638 ἡ
1582 4567 1771 4639 Γραφὴ
1816 4569 1878 4621 τὺ

310 4660 523 4729 πλῆθος
546 4661 653 4713 τῶν
679 4660 988 4729 ἀλλοφύλων
1010 4661 1193 4713 καλεῖν
1221 4659 1315 4712 καὶ
1355 4659 1653 4728 ἀλλογενῶν
1677 4659 1843 4713 ἐθνῶν
1861 4676 1875 4691 ο

312 4753 373 4804 ἐν
398 4747 480 4814 οἷς
514 4751 767 4815 ἐπαύλεις
804 4753 1066 4822 ποιμνίων
1094 4751 1307 4803 ἔσεσθαι
1336 4751 1614 4815 θεσπίζει,
1658 4750 1754 4814 τὰς
1788 4753 1879 4805 ἐκ-

310 4842 543 4912 κλησίας
568 4842 675 4894 τῶν
702 4842 794 4895 τοῦ
840 4842 973 4895 Θεοῦ
1004 4843 1287 4912 προϐάτων
1321 4843 1715 4913 αἰνιττόμενος.
1739 4843 1881 4907 Λαὸς

312 4936 370 4988 δὲ
391 4938 419 4987 ὁ
452 4933 755 5003 ἐκζητήσας
774 4935 933 4987 αὑτὸν
958 4936 985 4987 ὁ
1018 4935 1126 5006 ρὼξ
1154 4930 1219 5005 ἦν
1250 4935 1344 4988 κει.)⁵
1375 4935 1436 4986 τὸ
1450 4933 1705 5005 ἀνωτέρω
1730 4936 1882 5007 είρηο-

318 5024 479 5095 μένον
515 5023 734 5093 σπέρμα
773 5026 821 5076 οἱ
873 5025 1115 5078 ἐκλεκτοὶ
1155 5025 1361 5077 δοῦλοι·
1409 5025 1473 5077 δι’
1505 5017 1577 5076 ὧν
1630 5024 1881 5093 βουκόλια

318 5114 454 5183 βοῶν
498 5114 594 5167 καὶ
644 5114 865 5183 ποίμνια
906 5114 1272 5185 συστήσασθαι
1306 5116 1403 5169 οὑκ
1434 5118 1488 5167 ἐν
1533 5112 1610 5184 τῷ
1651 5115 1884 5185 Ἰσραὴλ,

315 5207 431 5259 οὐδὲ
455 5209 514 5258 ἐν
544 5208 609 5275 τῇ
653 5206 917 5259 Ἰουδαίων
940 5207 1113 5277 χώρᾳ,
1141 5205 1275 5259 ἀλλὰ
1306 5209 1361 5259 ἐν
1392 5208 1467 5275 τῷ
1496 5206 1683 5278 δρυμῷ
1710 5209 1801 5259 καὶ
1824 5208 1883 5259 ἐν

315 5301 379 5367 τῇ
411 5297 665 5369 λεχθείσῃ
700 5298 940 5367 φάραγγι
986 5298 1161 5367 Ἀχὼρ
1184 5299 1532 5369 προφητεύει.

392 5408 409 5438 ι
455 5390 645 5459 Ὑμεῖς
692 5388 748 5439 δὲ
784 5388 833 5439 οἱ
866 5390 1317 5456 ἐγκαταλιπόντες
1356 5408 1442 5458 με,
1477 5390 1569 5442 καὶ
1601 5389 1886 5443 ἐπιλανθα-

314 5481 526 5549 νόμενοι
560 5482 621 5533 τὸ
656 5480 779 5551 ὅρος
812 5480 871 5532 τὸ
910 5480 1059 5548 ἅγιόν
1096 5499 1223 5549 μου,
1272 5482 1364 5533 καὶ
1402 5482 1774 5550 ἐτοιμάζοντες
1807 5482 1885 5550 τῷ

313 5574 574 5644 δαιμονίῳ
627 5572 948 5644 τράπεζαν,
1000 5574 1095 5625 καὶ
1148 5573 1474 5643 πληροῦντες
1516 5577 1580 5643 τῇ
1621 5573 1758 5643 τύχῃ
1797 5574 1885 5627 κέ-

316 5684 518 5737 ρασμα.
563 5665 704 5732 Ἐγὼ
732 5662 1040 5734 παραδώσω
1071 5665 1213 5735 ὑμᾶς
1245 5670 1322 5728 είς
1350 5667 1649 5736 μάχαιραν·
1690 5666 1887 5728 πάντες

310 5759 366 5809 ἐν
397 5760 578 5829 σταγῇ
604 5755 859 5810 πεσεῖσθε
884 5773 895 5784 ·
934 5756 1012 5808 ὅτι
1048 5757 1277 5812 ἐκάλεσα
1310 5760 1470 5827 ὑμᾶς,
1516 5761 1607 5813 καὶ
1629 5760 1723 5828 οὑχ
1758 5760 1886 5829 ὑπη-

1986 4557 2077 4627 qui
2103 4554 2427 4625 quaesierunt
2453 4565 2557 4603 me.
2589 4568 2608 4601 ι
2629 4546 2781 4602 Solet
2810 4544 3091 4613 Scriptura
3128 4540 3549 4607 alienigenarum

1988 4659 2043 4703 et
2072 4658 2451 4703 extraneorum
2474 4641 2709 4713 gentium
2740 4635 3140 4693 multitudinem
3165 4631 3361 4686 saltum
3387 4640 3552 4681 voca-

1989 4757 2066 4805 re,
2104 4742 2155 4793 in
2188 4738 2383 4806 quibus
2423 4736 2605 4789 caulas
2640 4746 2860 4804 gregum
2911 4729 3026 4783 fore
3072 4725 3423 4785 vaticinatur,
3456 4716 3552 4772 Dei

1977 4834 2157 4893 ovium
2200 4829 2456 4884 ecclesias
2505 4826 2871 4879 snliindicans.
2915 4820 3149 4886 Populus
3182 4832 3311 4871 vero
3339 4814 3431 4883 qui
3459 4826 3554 4865 cx—

1982 4925 2203 4999 quisivil
2224 4938 2367 4983 cum,
2400 4920 2585 4973 acinus
2606 4924 2744 4979 erat,
2786 4926 2840 4969 et
2866 4929 3048 4968 semen
3082 4910 3328 4980 superius
3351 4919 3556 4961 memo-

1986 5030 2160 5074 ratum
2186 5055 2201 5078 ,
2236 5014 2391 5067 clccti
2445 5012 2560 5079 ejus
2599 5011 2783 5063 {atrioli
2815 5024 2828 5060 :
2864 5023 3094 5077 quorum
3145 5021 3307 5075 opera
3369 5002 3557 5059 caulas

1984 5112 2143 5165 boum
2185 5118 2235 5157 ct
2276 5106 2433 5157 milia
2471 5119 2575 5155 non
2604 5102 2655 5155 in
2696 5100 2913 5163 Israelc,
2945 5099 3187 5168 nequcin
3224 5096 3427 5159 Iudaea,
3462 5095 3555 5148 sed

1990 5205 2041 5255 in
2069 5202 2203 5253 saltu
2251 5208 2302 5248 et
2350 5199 2398 5248 in
2446 5205 2739 5253 memorata
2780 5193 2918 5246 valle
2962 5192 3140 5245 Achor
3180 5187 3554 5243 constituenda

1990 5310 2107 5346 esse
2142 5290 2484 5358 prmtmntiat.

2060 5387 2223 5437 Vnus.
2264 5384 2349 5445 ll,
2388 5382 2475 5433 l2.
2505 5399 2523 5431 ι
2556 5379 2662 5433 Vos
2690 5390 2894 5442 autem,
2925 5377 3013 5444 qui
3045 5374 3408 5443 dereliquistis
3452 5387 3554 5432 me.

1990 5489 2042 5531 et
2070 5477 2218 5531 obliti
2249 5476 2377 5527 estis
2394 5474 2588 5526 montis
2613 5474 2779 5525 sancti
2807 5472 2932 5531 mci,
2959 5470 3045 5537 qui
3073 5469 3273 5537 paratis
3297 5464 3557 5517 daemonio

1994 5586 2255 5633 mensam,
2293 5581 2344 5623 et
2374 5569 2463 5636 qui
2500 5568 2733 5636 impletis
2768 5566 2993 5619 fortunae
3025 5563 3274 5615 libamen.
3299 5560 3407 5630 Ego
3451 5569 3557 5611 tra-

1997 5668 2116 5718 dam
2162 5678 2257 5715 vos
2304 5662 2356 5714 in
2395 5660 2629 5729 gladium
2677 5679 2687 5711 :
2732 5671 2917 5711 omnes
2963 5656 3012 5707 in
3061 5654 3204 5708 cmde
3248 5654 3553 5705 corrnetis:

1996 5756 2248 5827 quoniam
2274 5754 2455 5809 vocavi
2485 5767 2595 5817 vos,
2627 5762 2677 5805 ct
2703 5767 2804 5806 non
2840 5748 3163 5812 audivistis;
3196 5747 3399 5799 locutus
3418 5758 3537 5797 sum
