4128 6294
675 346 772 402 5H

1335 341 1603 400 EUSEBII
1636 341 2108 401 CESABIENSIS
2141 339 2291 398 OPP.
2330 337 2509 393 PARS
2544 334 2632 394 ll].
2669 365 2740 378 —
2771 332 3174 392 EXEGETICA.

674 471 732 518 et
759 453 1176 531 contempsistis,
1193 466 1246 517 et
1267 458 1470 517 fecistis
1497 460 1757 516 malumin
1769 471 2056 532 conspectu
2078 476 2215 525 meo,

2318 458 2548 512 κούσατε
2559 455 2692 527 (ter
2707 455 2941 528 ιλάλησα
2953 454 3048 508 καὶ
3063 450 3468 524 παρηκούσατε,
3479 450 3576 504 καὶ
3583 448 3847 521 έποιήσατ
3863 470 3872 505 :

676 564 730 612 et
752 569 871 624 qua
912 553 1157 609 nolebam
1188 551 1446 622 elegistis.
1485 570 1505 604 ι
1540 553 1801 619 Quoniam
1842 567 1941 623 ego
1977 553 2091 622 ipse
2125 553 2214 620 qui

674 660 767 701 vos
801 645 1087 714 praesentia
1125 657 1241 698 mea
1284 643 1473 711 dignos
1516 642 1714 709 habui,
1764 656 1860 697 vos
1891 641 2099 711 priores
2125 656 2218 710 per

674 737 1050 806 ntemetipsum
1091 734 1296 798 vocavi,
1345 748 1443 788 vos
1483 745 1663 789 autem
1708 748 1812 788 non
1851 733 2165 789 obedivistis
2199 749 2214 785 :

671 844 834 897 quant
865 829 996 882 item
1019 824 1450 883 criminationem
1487 827 1637 894 prius
1664 821 1951 879 eﬂ’erebam
1988 823 2072 878 bis
2101 838 2220 877 ver-

671 919 775 985 bis,
808 939 826 972 ι
869 919 1003 986 Quia
1032 918 1174 983 veni,
1201 926 1260 973 et
1295 933 1400 971 non
1422 925 1540 971 erat
1568 917 1758 982 homo;
1783 915 1992 982 vocavi,
2031 924 2086 971 et
2113 931 2216 969 non

670 1019 790 1065 erat
818 1012 908 1081 qni
949 1009 1182 1064 audiret.
1211 1027 1231 1061 ι
1263 1007 1494 1064 Rursum
1523 1007 1578 1063 in
1609 1007 1859 1078 populum
1895 1006 2032 1062 tales
2053 1019 2184 1060 accu
2203 1036 2218 1047 -

671 1100 913 1169 sationes.
949 1099 1202 1165 instituit,
1235 1097 1432 1152 docens
1465 1110 1560 1159 se,
1599 1105 1779 1166 utpote
1808 1094 1999 1157 Deum,
2030 1093 2122 1162 qui
2151 1093 2219 1148 ad

664 1189 887 1257 iustitiae
910 1189 1160 1244 trutinam
1185 1187 1362 1243 omnia
1408 1185 1592 1251 faciat,
1628 1198 1900 1255 nunquam
1947 1183 2222 1253 neglectu-

671 1295 790 1336 rum
821 1295 914 1335 eos
951 1293 1094 1345 esse,
1130 1280 1221 1349 qui
1252 1278 1353 1334 sibi
1382 1277 1574 1348 quovis
1601 1276 1657 1331 in
1698 1275 1819 1331 loco
1864 1275 2124 1338 serviant,
2152 1289 2218 1329 ex

666 1388 994 1444 quacunque
1035 1383 1192 1444 gente
1237 1370 1457 1426 fuerint.
1497 1368 1695 1436 Omnes
1729 1369 1960 1440 quippe,
1991 1369 2083 1439 qui
2117 1367 2218 1422 sibi

670 1465 880 1519 servire
920 1470 1244 1533 proponunt,
1277 1460 1449 1516 salute
1477 1461 1658 1515 donat.
1691 1459 1840 1530 Ipsos
1867 1461 2032 1530 igitur
2068 1459 2219 1514 exci-

671 1557 810 1626 piet,
840 1571 904 1610 ac
937 1550 1004 1610 iis
1040 1553 1310 1610 cmicstem
1351 1553 1527 1610 cibum
1561 1552 1946 1624 suppeditabit,
1983 1553 2221 1610 salutare

671 1659 865 1713 nempe
895 1645 1149 1708 Verbum,
1184 1643 1325 1714 quod
1347 1642 1444 1709 ait,
1474 1660 1494 1694 ι
1535 1643 1647 1710 Ego
1675 1658 1792 1698 sum
1824 1641 2000 1713 panis,
2031 1641 2118 1711 qui
2152 1641 2219 1696 de

669 1734 809 1790 coelo
837 1735 1087 1791 descendi
1111 1735 1176 1789 ⁸⁸.
1209 1753 1228 1787 ι
1264 1734 1330 1789 Ει
1381 1733 1437 1789 hi
1490 1734 1704 1804 quidem
1757 1743 2054 1789 memorato
2083 1747 2219 1802 pane

668 1826 974 1881 nutrientur
1001 1833 1056 1881 et
1080 1826 1498 1890 saturabuntur;
1531 1840 1627 1880 vos
1659 1833 1862 1888 autem,
1908 1824 2101 1894 inquit,
2127 1826 2219 1894 qui

667 1918 896 1988 gratiam
923 1933 1094 1972 meam
1123 1933 1228 1973 non
1256 1917 1589 1986 suscepistis,
1627 1914 1966 1971 rationabilis
1989 1915 2094 1970 cibi
2123 1930 2218 1985 pe-

667 2008 824 2063 nuria
850 2009 1100 2064 esurietis
1125 2025 1141 2063 :
1170 2009 1404 2078 itemque
1431 2008 1520 2078 qui
1546 2007 1675 2063 mihi
1715 2007 1956 2063 serviunt
1995 2007 2219 2062 immor-

668 2098 794 2154 talis
851 2100 974 2154 vitze
1025 2111 1150 2169 potu
1198 2100 1569 2170 replebuntur,
1619 2099 1687 2153 de
1726 2112 1835 2168 quo
1878 2097 2080 2154 dictum
2110 2106 2216 2162 est,

672 2208 693 2242 ι
733 2189 1049 2261 Quicunque
1084 2190 1281 2246 biberit
1313 2206 1382 2246 ex
1420 2206 1557 2260 aqua
1599 2204 1761 2260 quam
1801 2204 1902 2255 ego
1941 2190 2078 2246 dabo
2125 2190 2174 2245 ei
2198 2229 2214 2253 ,

665 2279 762 2337 fiet
792 2281 848 2336 in
872 2296 936 2338 eo
962 2281 1080 2338 fons
1104 2297 1255 2354 aquae
1279 2283 1526 2338 salientis
1551 2282 1606 2337 in
1630 2282 1794 2336 vitam
1821 2282 2158 2337 meritam".
2193 2303 2212 2335 ι

726 2459 898 2515 Vsus.
933 2461 1113 2517 l5—l5.
1137 2481 1156 2511 ο
1187 2461 1475 2533 PrOpterea
1493 2462 1609 2518 haec
1630 2462 1762 2517 dicit
1785 2461 2063 2527 Dominus,
2082 2461 2219 2517 Ecce

619 2602 622 2604 ν
663 2548 756 2619 qui
785 2551 1025 2605 serviunt
1051 2552 1182 2606 mihi
1227 2554 1542 2619 comedent;
1571 2567 1668 2608 vos
1709 2562 1887 2609 autem
1913 2553 2166 2610 esurietis
2198 2569 2211 2604 :

664 2658 790 2699 ecce
805 2645 895 2714 qui
912 2645 1151 2700 serviunt
1168 2647 1299 2701 mihi
1317 2645 1522 2711 bibent,
1535 2659 1632 2702 vos
1647 2657 1824 2702 autem
1843 2646 2042 2702 sitietis
2059 2663 2075 2701 :
2089 2658 2217 2701 ecce

663 2736 756 2806 qni
795 2735 1041 2791 serviunt
1069 2735 1199 2791 mihi
1236 2735 1576 2803 laetabuntur,
1599 2745 1887 2810 vosautem
1921 2736 2215 2793 confunde-

662 2826 796 2880 mini
828 2841 844 2880 :
881 2841 1009 2883 ecce
1030 2827 1121 2897 qui
1150 2827 1389 2884 serv'utt
1408 2827 1538 2884 mibi
1562 2814 1909 2885 exsultabant
1930 2829 1984 2884 in
2011 2828 2212 2894 latitia,

662 2930 760 2971 vos
780 2925 960 2971 autem
982 2916 1283 2973 clamabitis
1308 2927 1527 2989 propter
1555 2909 1793 2974 dolorem
1821 2920 2003 2975 cordis
2024 2919 2211 2987 vestri,

661 3015 760 3061 eta
781 3008 1104 3063 contritione
1128 3008 1350 3079 spiritus
1369 3010 1538 3065 vestri
1567 3009 1858 3068 ululabilis.
1879 3011 2214 3083 Relinquetis

664 3096 808 3151 enim
844 3113 1036 3154 nomen
1067 3107 1305 3154 vestrum
1332 3100 1386 3154 in
1429 3101 1770 3156 saturitatem
1812 3101 1999 3158 electis
2036 3104 2208 3171 meis;
2237 3132 2280 3190 ο

663 3199 760 3239 vos
789 3194 968 3240 autem
1022 3187 1310 3244 interliciet
1354 3187 1659 3246 Dominus:
1705 3191 2067 3248 servientibus
2112 3206 2209 3248 au-

663 3280 774 3352 tem
814 3274 945 3329 mihi
979 3276 1259 3332 vocabitur
1291 3292 1484 3334 nomen
1526 3294 1743 3336 novum.
1783 3300 1804 3335 ι
1843 3281 1997 3350 Quod
2034 3281 2078 3338 si
2109 3298 2209 3339 cu-

662 3361 807 3416 riose
846 3371 1064 3432 agentes
1090 3365 1331 3420 ediscere
1359 3366 1588 3436 cupiatis
1624 3369 1846 3439 quinam
1877 3370 2010 3424 mihi
2039 3371 2212 3425 servi-

661 3452 767 3507 turi
795 3453 923 3518 sint,
951 3462 1007 3509 et
1029 3455 1168 3524 quod
1192 3455 1297 3513 illis
1316 3459 1389 3513 sit
1415 3472 1629 3524 nomen,
1661 3461 1854 3517 scitote
1879 3462 2044 3518 Deum
2077 3478 2212 3520 non-

662 3543 788 3598 dum
813 3544 1049 3614 ipsorum
1076 3560 1268 3603 nomen
1293 3547 1470 3618 palam
1510 3547 1703 3607 efferre
1731 3551 1891 3620 velle,
1923 3555 2016 3609 sed
2044 3553 2097 3608 id
2127 3568 2211 3610 so-

660 3632 933 3690 lammodo
978 3635 1308 3707 signiﬁcare,
1352 3640 1493 3709 quod
1544 3655 1721 3710 neque
1767 3642 1935 3698 israel
1980 3645 2208 3701 vocandi

660 3724 789 3788 sint,
867 3739 1040 3797 neque
1103 3726 1269 3785 Iacob
1295 3767 1313 3796 ,
1365 3744 1538 3798 neque
1595 3729 1762 3788 Judaei
1789 3772 1806 3799 ,
1849 3747 2026 3806 neque
2103 3735 2210 3791 alio

658 3808 908 3878 quopiam
942 3812 1274 3881 {hominibus
1334 3826 1462 3872 noto
1504 3819 1782 3877 vocabulo.
1811 3820 2018 3879 Novum
2062 3824 2208 3879 enim

660 3900 926 3968 quoddam
945 3915 1010 3956 ac
1029 3905 1457 3962 recentissimum
1476 3923 1669 3964 nomen
1698 3911 2037 3981 imponetur;
2064 3914 2213 3971 illud-

656 4000 767 4054 que
790 3986 1045 4055 insolens.
1074 4004 1139 4046 ac
1175 4006 1445 4063 nunquam
1485 3994 1619 4050 alias
1646 3996 1912 4064 auditum,
1942 4000 2086 4070 quod
2114 4000 2212 4066 be-

659 4074 938 4132 nedicetur
971 4079 1025 4134 in
1058 4088 1223 4148 terra,
1241 4092 1513 4140 accrescet
1535 4085 1684 4154 item,
1704 4097 1761 4143 et
1778 4088 2212 4160 multiplicabitur

656 4177 766 4233 pra
791 4167 936 4223 omni
973 4171 1239 4240 corporali
1284 4171 1671 4231 benedictione.
1711 4177 1845 4234 Nam
1876 4180 1921 4236 si
1967 4196 2071 4252 qua
2106 4182 2210 4237 alia

658 4256 913 4324 augendas
939 4259 1264 4316 multitudini
1286 4269 1410 4333 apta
1431 4262 1525 4319 Dei
1550 4265 1854 4323 benedictio
1881 4271 2058 4336 fuerit,
2073 4272 2213 4328 hanc

658 4341 787 4399 item
825 4360 1181 4420 consequetur
1217 4366 1412 4408 nomen
1439 4354 1611 4412 servis
1644 4357 1780 4413 meis
1813 4358 2208 4429 imponendum.

2314 547 2376 600 τὸ
2423 547 2656 618 πονηρὸν
2683 549 2920 603 ἐναντίον
2948 545 3106 618 ἐμοῦ,
3142 546 3237 599 καὶ
3265 544 3302 600 ά
3327 544 3428 598 οὑκ
3466 542 3769 614 ἐϐουλόμην
3790 543 3863 610 ιε-

2315 637 2586 702 ελέξασθε.
2615 656 2634 690 ι
2653 638 2866 712 Ἐπειδὴ
2881 638 3039 701 αὐτὸς
3058 636 3168 706 ἐγὼ
3193 637 3292 708 τῆς
3321 634 3556 706 ἐμαυτοῦ
3577 634 3866 705 παρουσίας

2315 727 2660 796 καταξιώσας
2691 731 2835 792 ὑμᾶς
2871 728 3065 793 αὐτοὺς
3084 726 3329 800 πρώτους
3357 728 3502 797 ὑμᾶς
3537 726 3604 780 δι’
3638 725 3868 796 ὲμαυτο⁹

2315 819 2578 890 κέκληκαο
2615 821 2770 891 ὑμεῖς
2801 821 2858 874 δὲ
2882 822 2980 891 οὑχ
2999 817 3342 879 ὑπηκούσατε
3360 835 3374 848 ·
3401 818 3484 870 ὅτι
3507 817 3601 870 καὶ
3631 815 3740 887 πρὸ
3758 817 3855 870 τού

2315 929 2410 966 του
2436 913 2683 984 ᾐτιώμην
2714 913 2907 982 λέγων’
2939 932 2959 965 ι
2981 912 3123 966 Διότι
3150 906 3332 981 ἦλθον,
3361 911 3455 964 καὶ
3476 905 3655 981 ὠκῆν
3675 907 3870 979 άνθρω

2317 1021 2441 1068 ποςο
2473 1004 2728 1070 ἐκάλεσα,
2757 1005 2854 1058 καὶ
2873 1005 2972 1058 οὑκ
2991 999 3058 1074 ἦν
3088 1005 3116 1056 ό
3143 1002 3450 1056 ὑπακούων.
3490 1021 3510 1055 ι
3546 1001 3717 1056 Πάλιν
3744 1000 3875 1072 πρὸς

2315 1093 2408 1146 τὸν
2446 1092 2709 1159 neme;
2743 1093 3108 1164 προκειμένας
3139 1093 3372 1145 ποιεῖται
3408 1089 3765 1162 κατηγορίας,
3799 1087 3860 1141 δι·

2316 1183 2550 1248 δάσκων,
2601 1183 2677 1246 ώς
2718 1182 3060 1254 δικαιοσύνης
3103 1181 3252 1252 ζυγῷ
3278 1182 3456 1236 πάντα
3483 1180 3760 1250 πράττων,
3802 1177 3874 1243 ὡς

2317 1270 2469 1335 Θεὸς,
2487 1270 2731 1341 οὐδαμῶς
2761 1269 2860 1341 μὲν
2881 1271 3186 1342 παρόψεται
3208 1270 3335 1333 τοὺς
3354 1269 3476 1323 ὅποι
3498 1267 3699 1338 δήποτε
3727 1267 3876 1338 αὑτῷ

2316 1361 2686 1425 δουλεύοντας,
2728 1360 2788 1426 ἐξ
2824 1361 2938 1415 οἵου
2969 1361 3014 1416 δ’
3042 1361 3110 1416 ἂν
3140 1361 3327 1425 ἔθνους
3356 1355 3484 1415 εἷεν.
3516 1360 3733 1423 Πάντας
3768 1359 3876 1432 γὰρ

2319 1453 2504 1518 ante;
2528 1451 2778 1518 διασώζει
2799 1455 2926 1517 τοὺς
2964 1451 3231 1507 δουλεύειν
3267 1452 3414 1524 αὑτῷ
3441 1451 3876 1526 προῃρημένους.

2319 1544 2684 1616 Παραδέξεται
2713 1540 2827 1608 οὖν,
2863 1545 2958 1600 καὶ
2999 1545 3208 1609 τούτοις
3237 1544 3463 1617 παρέξει
3504 1544 3602 1618 τὴν
3641 1545 3871 1617 ἐπουρά-

2317 1655 2429 1692 νιον
2460 1637 2684 1712 τροφὴν,
2717 1637 2810 1691 τὸν
2832 1637 3005 1706 Λόγον
3035 1637 3133 1692 τὸν
3171 1639 3435 1710 σωτήριον
3462 1637 3554 1690 τὸν
3585 1637 3871 1711 εἰρηκότα·

2324 1753 2344 1786 ι
2387 1715 2525 1802 Ἐγώ
2563 1735 2679 1803 ειμι
2720 1734 2750 1785 ὁ
2790 1733 2953 1803 ἄρτος
2995 1734 3024 1787 ό
3065 1734 3130 1786 ὲκ
3164 1732 3258 1787 τοῦ
3285 1733 3513 1804 οὐρανοῦ
3541 1733 3807 1796 καταϐάς.
3850 1752 3871 1784 ι

2249 1788 2291 1844 Β
2318 1788 2477 1876 Οὗτοι
2520 1788 2631 1892 μὲν·
2661 1817 2754 1875 οὖν
2917 1788 3156 1893 λεχθέντι
3187 1824 3335 1894 άρτῳ
3354 1788 3744 1895 ’τραφήσονται
3767 1788 3874 1876 οιαὶ

2317 1912 2801 1986 ὲμπλησθήσονται·
2821 1914 2976 1985 ὑμεῖς
2993 1913 3070 1977 δὲ,
3089 1915 3240 1984 φησι,
3255 1914 3306 1966 oi
3328 1912 3403 1984 μὴ
3416 1914 3514 1986 τὴν
3529 1913 3670 1984 ἐμὴν
3687 1913 3874 1967 ὑποδε-

2305 1989 2540 2076 ’ξάμενοι
2565 2006 2745 2079 χάριν,
2771 2006 2949 2078 ένδείᾳ
2979 2006 3202 2076 λογικῆς
3222 2006 3426 2077 τροφῆς
3447 2004 3712 2077 λιμώξετε
3729 2020 3746 2036 ·
3781 2004 3874 2058 καὶ

2317 2097 2480 2151 πάλιν
2503 2100 2552 2151 oi
2585 2098 2684 2168 μὲν
2716 2098 2840 2169 ἐμοὶ
2866 2095 3202 2160 δουλεύοντες
3235 2096 3395 2151 πότου
3426 2097 3570 2166 ζωῆς
3601 2094 3870 2150 ἀθανάτου

2317 2190 2748 2261 πλησθήσονται,
2788 2190 2915 2261 περὶ
2954 2182 3015 2242 οὗ
3051 2188 3330 2243 λέλεκται·
3370 2207 3390 2241 ι
3428 2187 3622 2252 Ὃςὲν
3670 2187 3770 2258 πίῃ
3811 2188 3874 2240 ὲκ

2314 2282 2408 2336 τοῦ
2439 2282 2648 2346 ὓδατος,
2676 2273 2739 2335 οὑ
2783 2281 2893 2350 ἐγὼ
2923 2281 3078 2335 δώσω
3106 2281 3272 2352 αὑτῷ,
3299 2282 3584 2352 γενήσεται
3619 2282 3680 2335 ὲν
3727 2279 3874 2352 αὐτῷ

2314 2373 2463 2445 πηγὴ
2492 2372 2680 2436 ὓδατος
2707 2371 2994 2442 ἁλλομένου
3015 2374 3095 2433 εις
3123 2371 3266 2443 ζωὴν
3284 2371 3520 2426 αἰώνιον.
3542 2389 3562 2422 ι

2387 2482 2406 2514 t
2459 2463 2558 2516 At&
2601 2462 2757 2517 τοῦτο
2792 2463 2917 2516 τάδε
2962 2462 3109 2531 λέγει
3139 2462 3370 2534 Κύριος·
3410 2463 3541 2516 Ἰδοὺ
3569 2463 3618 2516 οἱ
3649 2460 3868 2517 δουλεύ-

2310 2555 2458 2619 ονεές
2493 2572 2585 2626 μοι
2624 2555 2916 2624 φάγονται,
2947 2556 3102 2625 ὑμεῖς
3123 2555 3180 2609 δὲ
3207 2555 3510 2609 πεινάσετε·
3547 2553 3657 2609 locis
3677 2555 3732 2608 οῖ
3752 2554 3872 2608 δου-

2310 2644 2553 2709 λεύοντες
2579 2663 2668 2717 μοι
2698 2645 2932 2709 πίονται,
2965 2647 3120 2717 ὑμεῖς
3156 2646 3214 2701 δὲ
3233 2645 3516 2718 διψήσετε’
3545 2646 3657 2701 ἰδοὺ
3681 2646 3734 2700 oi
3753 2645 3872 2701 δου-

2310 2733 2553 2800 λεύοντες
2575 2753 2662 2806 μοι
2680 2737 3328 2808 εὑφρανθήσονται,ὑμεῖς
3351 2737 3408 2791 δὲ
3423 2736 3866 2810 αίσχυνθήσεσθε·

2312 2823 2422 2878 ίδοὺ
2458 2827 2508 2878 oi
2533 2823 2869 2891 δουλεύοντες
2901 2844 2991 2898 μοι
3019 2827 3429 2895 άγαλλιάσονται
3459 2830 3518 2882 ὲν
3539 2829 3869 2902 εὐφροσύνῃ,

2311 2917 2468 2986 ὑμεῖς
2496 2915 2554 2971 δὲ
2575 2916 2902 2990 κεκράξεσθε
2924 2918 3012 2972 διά
3034 2931 3127 2972 τον
3153 2919 3314 2974 πόνον
3325 2920 3425 2991 τῆς
3441 2921 3669 2992 καρδίας
3692 2922 3867 2993 ὑμῶν,

2310 3005 2404 3060 καὶ
2431 3006 2540 3060 ἀπὸ
2580 3008 2870 3080 συντριϐἧς
2902 3007 3206 3080 πνεύματος
3231 3008 3384 3080 ὑμῶν
3419 3009 3717 3078 nossem.
3750 3012 3869 3067 Κα-

2309 3095 2592 3166 ταλείψττε
2623 3096 2734 3170 7&9
2775 3097 2837 3150 τὸ
2876 3096 3045 3170 ϐνομα
3087 3097 3241 3169 ὑμῶν
3280 3099 3362 3161 είς
3412 3097 3734 3172 πλησμονὴν
3759 3101 3872 3164 τοῖς

2311 3185 2586 3252 ἐκλεκτοῖς
2623 3204 2756 3258 μουσ
2791 3187 2934 3259 ὑμᾶς
2959 3188 3018 3242 δι
3056 3188 3236 3242 άνελεῖ
3259 3185 3492 3260 Κύριος·
3522 3189 3636 3252 τοῖς
3665 3187 3725 3240 δὲ
3753 3188 3874 3242 δου-

2307 3276 2522 3330 λεύουσί
2543 3294 2632 3348 μοι
2645 3277 2971 3351 κληθήσεται
2983 3279 3154 3351 ὄνομα
3166 3278 3368 3333 καινόν.
3383 3298 3403 3332 ι
3423 3279 3486 3333 El
3507 3278 3564 3332 δὲ
3581 3280 3870 3351 περιεργό-

2307 3355 2462 3440 τερον
2484 3368 2715 3423 έθέλοιτε
2740 3369 2930 3442 μαθεῖν
2944 3372 3088 3436 τίνες
3106 3365 3215 3426 εἷεν
3224 3372 3274 3426 oi
3289 3371 3567 3444 μέλλοντες
3575 3371 3870 3437 δουλεύειν,

2307 3460 2403 3514 καὶ
2442 3460 2497 3514 τί
2531 3461 2713 3527 αὑτοῖς
2748 3462 2950 3534 ὄνομα,
2991 3461 3322 3530 γινώσκετε,
3358 3463 3442 3517 ὃτι
3474 3461 3628 3517 οὔπω
3657 3463 3762 3535 μὲν
3791 3466 3871 3529 εἰς

2309 3552 2538 3623 φανερὸν
2560 3551 2795 3624 τοῦνομα
2813 3553 2989 3607 αὑτῶν
3007 3556 3037 3607 ό
3066 3553 3196 3616 Θεὸς
3217 3552 3466 3624 βούλεται
3485 3554 3714 3624 ἀγαγεῖν
3738 3573 3754 3586 ·
3783 3573 3872 3610 το-

2311 3643 2500 3698 σοῦτον
2526 3644 2584 3698 δὲ
2605 3643 2764 3716 μόνον
2795 3644 3067 3717 σημαίνει,
3097 3645 3174 3709 ὡς
3197 3643 3319 3699 οὗτε
3352 3644 3565 3716 Ἰσραὴλ
3580 3644 3872 3718 κληθήσον-

2310 3751 2433 3799 ται,
2471 3733 2596 3789 οὑτε
2631 3734 2843 3801 Ἰακὼϐ,
2893 3734 3017 3790 οὔτε
3057 3735 3316 3801 Ἰουδαῖοι,
3363 3735 3488 3790 οὔτε
3511 3736 3652 3800 ὅλως
3675 3753 3732 3790 τι
3760 3735 3870 3790 τῶν

2307 3826 2614 3899 ἀνθρώποις
2638 3827 3108 3899 συνεγνωσμὲνων.
3137 3829 3336 3884 Καινδν
3363 3829 3474 3901 γάρ
3486 3846 3539 3882 τι
3553 3830 3650 3883 καὶ
3669 3828 3870 3885 νεώτα-

2306 3933 2400 3971 τον
2429 3918 2612 3982 αὑτοῖς
2636 3918 3010 3990 ἑπιτεθήσεται
3051 3917 3242 3991 όνομα,
3272 3918 3442 3987 ξένον,
3489 3920 3585 3975 καὶ
3609 3920 3866 3992 μηδεπώο

2308 4025 2438 4064 ποτε
2465 4010 2745 4078 άκουσθὲν,
2770 4012 2801 4065 δ
2818 4011 3234 4085 gemmeam“
3267 4013 3362 4066 imi.
3388 4012 3488 4084 τῆς
3515 4012 3620 4083 γῆς
3644 4012 3865 4079 αὐξανό-

2312 4113 2492 4168 μενον,
2518 4099 2613 4153 καὶ
2631 4099 3029 4172 πληθυνόμενον
3053 4101 3192 4174 ὑπὲρ
3222 4101 3404 4156 πᾶσαν
3438 4101 3757 4174 σωματικὴν
3777 4103 3864 4156 εὑ-

2309 4187 2513 4258 λογίαν.
2538 4190 2602 4244 Εἰ
2623 4191 2731 4264 γάρ
2756 4209 2841 4256 τις
2858 4193 2952 4246 καὶ
2967 4191 3102 4262 άλλη
3129 4192 3364 4266 πλήθους
3381 4193 3636 4266 ποιητικὴ
3665 4194 3865 4266 τυγχάο

2309 4295 2388 4332 νει
2425 4279 2490 4334 ὲκ
2516 4279 2649 4335 Θεοῦ
2698 4280 2938 4351 εὐλογία,
2983 4281 3188 4354 ταύτης
3221 4282 3467 4351 τεύξεται
3496 4283 3558 4338 τὸ
3590 4283 3767 4357 ϐνομα
3805 4283 3864 4339 τὸ

2309 4365 2756 4440 ἔπιτεθησόμενον
2779 4371 2891 4433 τοῖς
2909 4369 3215 4425 δουλεύουσί
3249 4388 3341 4443 μοι

732 4436 896 4532 Vens.
925 4438 1145 4532 l6,_i7.
1181 4461 1201 4495 ι
1228 4441 1549 4501 Benedicent
1589 4448 1734 4504 enim
1782 4448 1896 4506 Deo
1937 4465 2070 4507 vero
2106 4461 2205 4508 :et

2379 4469 2399 4502 ε
2447 4436 2808 4526 salmonea;
2837 4459 2947 4529 γάρ
2974 4458 3066 4512 τὸν
3093 4459 3228 4513 Θεδν
3250 4436 3346 4514 ῖςδν
3371 4459 3669 4532 anew“:
3689 4463 3784 4516 καὶ
3809 4462 3858 4516 oi

657 4530 748 4598 qui
797 4527 983 4596 iurant
1031 4530 1087 4585 in
1133 4540 1297 4600 terra,
1341 4533 1600 4602 jurabunt
1643 4553 1742 4609 per
1775 4538 1943 4595 Deum
1993 4556 2202 4600 verum.

656 4615 1048 4673 Obliviscentur
1093 4621 1235 4676 enim
1292 4625 1647 4684 tribulationis
1709 4629 1928 4699 prima,
1991 4639 2047 4685 et
2096 4646 2204 4688 non

654 4707 905 4774 ascendet
931 4708 986 4763 in
1019 4724 1117 4766 cor
1145 4727 1352 4768 eorum.
1381 4715 1493 4771 Erit
1527 4718 1670 4773 enim
1700 4720 1896 4776 emittm
1922 4735 2117 4776 novum
2148 4732 2206 4777 et

654 4806 796 4854 terra
829 4814 990 4868 nova,
1015 4816 1114 4859 nec
1145 4806 1569 4864 recordabuntur
1598 4811 1857 4879 priorum,
1887 4826 1989 4868 nec
2022 4813 2203 4870 veniet

652 4891 706 4946 in
735 4905 830 4946 cor
865 4907 1069 4948 eorum.
1093 4911 1116 4947 ι
1165 4892 1299 4952 Nam
1325 4897 1458 4954 alias
1482 4913 1603 4955 cum
1648 4909 1774 4956 tunc
1800 4902 1995 4958 cmlum
2028 4905 2204 4975 suspi-

650 4991 871 5048 cerent,
921 4998 1034 5040 rem
1082 4997 1317 5042 creatam
1365 4988 1612 5047 colebant
1659 5006 1771 5063 pre
1814 4991 2102 5063 Creatore,
2147 5004 2206 5053 et
2243 5063 2245 5065 1

652 5079 852 5127 terram
891 5074 1140 5132 similiter
1161 5077 1323 5134 veluti
1351 5078 1518 5136 Deum
1544 5084 1959 5151 venerabantur,
1988 5099 2201 5143 necnon

650 5172 866 5220 exertos
901 5179 969 5220 ex
1007 5165 1094 5222 illa
1124 5165 1333 5226 fructus
1378 5187 1394 5225 :
1441 5186 1585 5228 nunc
1611 5187 1740 5229 vero
1769 5175 1965 5230 cmlum
2005 5191 2199 5233 novum

651 5262 706 5306 et
736 5261 931 5310 terram
961 5271 1151 5313 novam
1182 5259 1446 5327 videntes,
1478 5278 1642 5335 opera
1672 5278 1922 5324 manuum
1947 5266 2044 5325 Dei
2071 5282 2196 5327 esse

652 5340 907 5411 fatemur,
933 5361 1042 5403 non
1066 5358 1246 5406 autem
1271 5350 1404 5408 deos
1419 5366 1540 5410 esse
1566 5361 1757 5425 putant

758 5542 805 5575 "
831 5542 987 5602 Joan.
1021 5564 1099 5616 vt,
1126 5549 1217 5607 ll.
1291 5551 1513 5612 “Joan.
1542 5569 1617 5620 tv,
1648 5555 1738 5615 ﬂ.

743 5636 834 5708 43)
872 5637 968 5696 llic
988 5651 1041 5697 et
1067 5643 1120 5699 in

656 5721 762 5775 non
789 5710 927 5766 male
957 5722 1155 5796 vortas
1186 5710 1508 5774 résnoadere.
1534 5717 1666 5777 Nam
1700 5719 1803 5778 hoc
1831 5738 1930 5781 usu
1959 5710 2193 5796 plerum-

2304 4542 2589 4616 ὀμνύοντες
2603 4547 2696 4600 ἐπὶ
2709 4546 2810 4618 τῆς
2827 4547 2933 4620 γῆς
2947 4548 3305 4620 ὀμοῧνταιτδν
3325 4549 3456 4604 Θεὸν
3472 4551 3562 4605 τὸν
3585 4551 3856 4624 ἀληθινόν.

2317 4635 2689 4708 Ἐπιλήσονται
2716 4637 2827 4710 7&9
2859 4638 2957 4709 τὴν
2989 4638 3166 4711 θλίψιν
3207 4641 3306 4713 τὴν
3347 4639 3587 4714 πρώτην,
3622 4644 3722 4697 καὶ
3764 4643 3861 4697 οὐκ

2304 4725 2628 4799 ἀναϐήσεται
2671 4729 2853 4785 αὐτῶν
2902 4730 2997 4785 ἐπὶ
3044 4731 3142 4804 τὴν
3184 4731 3428 4804 καρδίαν.
3458 4733 3657 4787 Ἔσται
3699 4735 3806 4806 7&9
3831 4736 3861 4788 ό

2305 4815 2530 4886 οὐρανὸς
2556 4818 2740 4884 καινὸς
2771 4821 2920 4892 καὶὴ
2955 4820 3029 4892 γῆ
3051 4821 3229 4895 καινὴ,
3259 4824 3354 4878 καὶ
3379 4823 3442 4878 οὑ
3473 4825 3549 4897 μὴ
3584 4825 3858 4897 μνησθῶσι

2303 4906 2411 4961 τῶν
2452 4908 2751 4982 προτέρων,
2793 4911 2902 4965 οὐδ’
2931 4912 2992 4966 οὑ
3039 4913 3114 4986 μὴ
3158 4913 3359 4987 ἐπέλθῃ
3406 4915 3585 4971 αὑτῶν
3625 4918 3723 4972 επὶ
3761 4916 3859 4990 τὴν

2303 4999 2545 5072 καρδίαν.
2583 5019 2604 5053 ι
2644 5001 2855 5066 Ἄλλως
2889 5002 2987 5074 μὲν
3019 5004 3127 5077 7&9
3152 5005 3275 5059 τότε
3313 5004 3546 5077 δρῶντες
3574 5006 3670 5060 τᾶν
3696 5008 3857 5080 οὐρα-

2301 5088 2409 5155 νὸν,
2439 5089 2686 5146 ἐσέϐοντο
2707 5094 2775 5164 τῇ
2807 5093 2978 5148 κτίσει
3013 5095 3164 5167 παρὰ
3198 5096 3289 5151 τὸν
3316 5096 3594 5164 κτίσαντα,
3629 5099 3729 5153 καὶ
3764 5097 3859 5169 τὴν

2301 5178 2404 5250 γῆν
2424 5179 2623 5250 ὁμοίως
2657 5180 2981 5249 ὲθεοποίουν,
3006 5185 3102 5238 καὶ
3119 5187 3246 5250 τοὺς
3275 5188 3340 5241 ὲκ
3360 5187 3562 5260 ταύτης
3591 5189 3858 5261 βλαστών-

2301 5286 2400 5334 τας
2419 5271 2665 5342 καρπούς
2686 5288 2703 5304 ο
2748 5270 2843 5326 νῦν
2869 5272 2916 5327 δ’
2939 5274 3028 5328 ὅτε
3055 5275 3238 5330 καινὸν
3280 5275 3502 5346 όψοντες
3521 5277 3614 5332 τὸν
3635 5278 3857 5350 οὐρανὸν

2301 5361 2397 5415 καὶ
2443 5363 2541 5433 τὴν
2582 5363 2706 5434 γῆν,
2735 5363 2872 5436 ἔργα
2892 5365 3089 5438 χειρῶν
3137 5365 3274 5421 Θεοῦ
3313 5363 3451 5424 εἷναι
3485 5368 3853 5441 ὁμολογοῦσιν,

2302 5453 2482 5508 οὐκέτι
2506 5453 2564 5508 es
2594 5454 2749 5519 θεοὺς
2773 5449 2912 5512 εἶναι
2939 5458 3268 5530 νομίζωσιν.

1145 5647 1488 5716 sequentibus
1513 5648 1645 5706 locis
1682 5663 1866 5708 vocem
1898 5653 2192 5711 ὑπακούειν
2296 5673 2401 5728 que
2427 5659 2543 5715 hanc
2580 5674 2683 5715 vox
2721 5662 2953 5718 occurrit
2981 5671 3090 5720 tum
3132 5665 3187 5722 in
3218 5665 3496 5738 Scriptura
3531 5679 3710 5738 sacra,
3746 5677 3851 5723 tam

1145 5730 1155 5772 ι
1186 5718 1508 5774 resnoadere.
1534 5717 1666 5777 Nam
1700 5719 1803 5778 hoc
1831 5738 1930 5781 usu
1959 5726 2193 5785 nlcrunt-
2298 5731 2441 5785 anud
2473 5729 2606 5785 alios
2639 5731 2950 5785 scriptorcs.

2298 5743 2441 5800 apud
2473 5743 2606 5788 auos
2639 5743 2950 5804 scriptorcs.
