4128 6294
270 369 369 425 513

1187 360 1691 419 COIMENTARIA
1727 361 1795 417 IN
1834 360 2092 419 ISAIAII.
2130 396 2199 406 —-
2235 365 2386 421 CAP.
2428 363 2586 420 LXV.

3404 369 3510 424 5H»

337 503 359 537 ι
400 485 541 539 Ἀλλ’
570 484 909 555 εὐφροσύνην
936 482 1029 537 καὶ
1057 484 1372 551 ἀγαλλίασιν
1407 484 1730 555 εὑρήσουσιν
1773 485 1820 537 ει

2006 484 2167 539 Vsus.
2197 486 2389 542 {8-20.
2429 503 2448 537 ι
2478 485 2583 540 Sed
2617 484 2857 539 laetitiam
2888 493 2943 541 et
2976 486 3391 547 exsultationem
3424 490 3509 543 iu-

266 578 420 647 αύτῇ.
453 578 575 631 Ὅτι
607 576 716 629 ἰδοὺ
758 574 874 643 ἐγὼ
912 574 1049 627 ποαῖ)
1088 572 1400 645 ἀγαλλίαμα
1436 575 1827 645 Ἰερουσαλὴμ,

267 668 470 720 καὶτὸν
503 667 635 720 λαόν
667 683 767 737 μου
794 666 1133 737 εὐφροσύνην
1151 682 1164 693 ·
1193 666 1285 717 καὶ
1316 664 1714 735 ἀγαλλιάσομαι
1737 665 1831 717 ἐπὶ

276 757 647 831 Ἰερουσαλὴμ,
669 758 765 812 καὶ
780 758 1222 829 εὐφρανθήσομαι
1238 756 1334 810 ἐπὶ
1347 757 1426 828 τῷ
1441 757 1559 828 λαῷ
1580 774 1703 828 μου⁹
1736 758 1830 812 καὶ

271 849 452 901 οὐκέτι
474 849 549 919 μὴ
567 847 803 919 ἀκουσθῇ
833 849 890 901 ὲν
906 850 1041 919 αὐτῇ
1066 846 1215 919 φωνὴ
1243 847 1519 919 κλαυθμοῦ
1534 849 1655 901 οὐδὲ
1679 850 1829 921 φωνὴ

271 940 537 1010 κραυγῆς,
560 938 669 991 οὐδ’
687 939 748 991 οὺ
780 939 855 1009 μὴ
870 938 1091 1010 γένηται
1117 938 1196 992 ετι
1221 940 1341 992 ἐκεῖ
1360 938 1536 1011 ἄωρος
1565 940 1659 993 καὶ
1696 957 1831 1011 πρε-

266 1028 487 1100 σσύιης,
515 1028 575 1091 ὃς
595 1030 693 1081 οὐκ
731 1028 996 1100 ἐμπλήσει
1018 1028 1109 1081 τὸν
1136 1028 1325 1100 χρόνον
1350 1028 1535 1084 αὑτοῦ.
1570 1049 1590 1081 ι
1623 1031 1831 1093 Πάντες

264 1120 368 1193 γὰρ
411 1122 509 1191 τῆς
546 1123 675 1193 παρ’
704 1122 828 1191 ἐμοὶ
875 1122 1224 1184 ἀναστάσεως
1250 1122 1503 1191 τυχόντες
1547 1123 1689 1176 κατά
1736 1121 1829 1175 τὸν

264 1214 452 1284 καιρὸν
481 1212 589 1266 τῶν
619 1211 956 1281 ἐπαγγελιῶν
984 1212 1065 1274 εἰς
1082 1211 1249 1282 ἄνδρα
1276 1211 1501 1276 τέλειον,
1520 1214 1598 1275 εἰς
1633 1211 1829 1283 μέτρον

264 1304 479 1374 ἡλικίας
522 1301 741 1374 ἥξουσι·
791 1302 886 1356 καὶ
943 1304 1146 1365 πάντες
1195 1302 1408 1355 ἔσονται
1466 1303 1689 1373 ἀκμαῖοι
1730 1302 1829 1366 τάς

258 1394 543 1467 μψυχάςμῦς
574 1398 711 1466 μήτε
737 1394 915 1466 ἄωρον
941 1397 1133 1465 νήπιον
1165 1394 1259 1447 καὶ
1273 1393 1464 1464 ἀτελῆ,
1500 1396 1634 1464 μήτε
1661 1394 1829 1466 ὑπερ-

262 1485 532 1557 σεσηκότα
575 1487 669 1539 καὶ
711 1486 1059 1556 γεγηρακότα
1105 1488 1163 1537 ὲν
1209 1486 1391 1548 αὐτοῖς
1441 1484 1823 1555 εὑρίσκεσθαι·

262 1578 462 1641 ⁴πάντες
494 1578 550 1631 δὲ
580 1576 858 1647 ὁμήλικες,
893 1578 969 1639 ὡς
998 1577 1065 1629 ἂν
1098 1577 1188 1645 ὑφ’
1218 1575 1535 1645 ἕνα-καιρὸν
1566 1576 1666 1645 τῆς
1693 1578 1825 1629 ἀνα-

262 1668 503 1731 στάσεως
521 1667 848 1737 τευξόμενοι,
866 1669 961 1719 καὶ
993 1669 1121 1737 μιᾶς
1136 1666 1550 1735 παλιγγενεσίας
1576 1667 1829 1739 μεθέξον-

262 1772 367 1820 τες.

1930 576 2147 631 venient
2188 577 2243 629 in
2289 591 2375 631 ea.
2404 575 2669 643 Quoniam
2699 590 2829 631 ecce
2867 591 2968 648 ego
3009 576 3152 633 facio
3186 579 3508 636 exsultatio-

1931 680 2053 720 nem
2078 665 2398 733 Jerusalem,
2424 678 2478 721 et
2507 666 2761 737 populum
2794 682 2973 722 meum
3008 668 3249 723 laetitiam
3278 686 3294 724 :
3328 680 3386 725 et
3417 687 3509 725 ex-

1928 758 2139 814 sultabo
2169 773 2329 827 super
2373 758 2705 822 Jerusalem,
2738 768 2794 813 et
2827 758 3055 814 lzetabor
3096 776 3261 831 super
3307 763 3510 833 popqu

1929 862 2087 901 meo:
2119 854 2173 901 et
2221 862 2327 901 non
2374 847 2516 902 ultra
2551 848 2800 902 audietur
2832 848 2887 902 in
2941 852 3057 918 ipsa
3092 865 3197 905 vox
3246 849 3425 916 ﬂetus,
3452 862 3510 908 et

1930 952 2029 991 vox
2076 937 2361 1000 clamoris.
2403 953 2575 1006 neque
2620 938 2759 992 ultra
2817 938 2924 993 erit
2970 939 3042 993 ibi
3078 940 3403 996 immaturus
3450 952 3511 999 et

1928 1040 2117 1087 senex.
2161 1027 2248 1095 qui
2301 1042 2406 1081 non
2441 1027 2665 1095 impleat
2705 1036 2917 1098 tempus
2951 1044 3130 1084 suum.
3155 1048 3174 1082 ι
3230 1030 3508 1104 Quotquot

1927 1116 2070 1168 enim
2118 1117 2566 1171 resurrectionem
2615 1134 2643 1172 a
2696 1134 2783 1173 me
2829 1118 3029 1174 'datam
3080 1134 3507 1193 consequentur.

1930 1212 2173 1272 tempore
2203 1204 2642 1273 promissionum,
2690 1208 2746 1261 in
2792 1207 2967 1263 virum
3004 1211 3305 1279 perfectum
3348 1223 3405 1268 et
3451 1214 3503 1268 in

1928 1308 2234 1347 mensuram
2263 1294 2436 1349 aetatis
2466 1297 2723 1351 venient:
2762 1305 2928 1367 atque
2969 1313 3163 1356 omnes
3196 1302 3377 1358 anima
3412 1319 3505 1359 ve-

1926 1386 2034 1457 geti
2080 1396 2255 1450 erunt,
2285 1388 2358 1441 ita
2390 1396 2447 1442 ut
2481 1404 2655 1459 neque
2690 1389 3015 1446 immaturus
3046 1401 3102 1447 et
3139 1408 3245 1448 non
3283 1396 3506 1452 adultus

1922 1476 2156 1544 juvenis,
2205 1491 2379 1547 neque
2416 1486 2576 1531 aetate
2606 1490 2895 1549 provectus
2925 1490 3018 1534 aut
3046 1496 3213 1536 senex
3243 1483 3316 1538 ibi
3352 1500 3507 1555 repe-

1927 1568 2128 1629 riatur,
2178 1569 2275 1622 sed
2332 1570 2480 1638 paris
2531 1570 2708 1624 aetatis
2751 1586 2966 1637 omnes,
3013 1582 3198 1642 utpote
3245 1574 3339 1644 qui
3393 1590 3505 1630 uno

1926 1658 2224 1726 eodemque
2257 1668 2497 1728 tempore
2537 1670 2857 1731 resurgant,
2900 1672 2955 1717 et
2996 1662 3505 1737 ejusdemJegene-

1927 1747 2157 1801 rationis
2190 1758 2473 1803 consortes
2500 1750 2633 1803 sint.

334 1866 354 1896 ι
396 1847 591 1899 Ἔσται
620 1846 729 1917 γάρ
752 1848 781 1899 ό
800 1845 920 1908 νέος
943 1843 1133 1897 ἑκατὸν
1154 1842 1310 1905 ἑτῶν,
1334 1845 1364 1896 ὁ
1385 1843 1441 1895 δὲ
1472 1842 1820 1913 ἀποθνήσκων

2005 1858 2024 1891 ι
2055 1837 2173 1892 Erit
2218 1840 2361 1893 enim
2411 1839 2626 1908 juvenis
2660 1850 2875 1898 centum
2920 1858 3209 1911 annorum,
3239 1846 3332 1916 qui
3371 1863 3501 1904 vero

260 1936 582 2009 ἁμαρτωλὸς
607 1936 803 1992 ἑκατὸν
827 1936 985 2001 ἑτῶν,
1019 1935 1112 1987 καὶ
1152 1934 1553 2005 ἑπικατάρατος
1581 1933 1756 1985 ἔσται.
1796 1952 1815 1983 ι

260 2030 331 2083 Τδ
355 2029 471 2083 ἴσον
494 2028 590 2081 τοῦ
622 2029 811 2100 χρόνου
844 2028 945 2097 τῆς
970 2029 1034 2081 ὲκ
1061 2027 1269 2097 νεκρῶν
1296 2026 1640 2088 ἀναστάσεως
1677 2041 1821 2094 παρ-

260 2122 504 2193 ἔστησεν.
543 2121 733 2173 Ἔσται
778 2115 872 2173 οὖν
908 2121 938 2172 ὀ
972 2117 1292 2189 ἁμαρτωλὸς
1320 2116 1415 2169 καὶ⁵
1440 2116 1603 2177 αὐτὸς
1631 2115 1822 2170 ἑκατὸν

260 2213 411 2276 ἑτῶν,
459 2212 555 2265 καὶ
585 2211 985 2282 ὲπικατάρατος
1034 2209 1187 2261 ἔσται
1218 2208 1476 2276 ἀκμαῖος,
1520 2208 1616 2259 καὶ
1645 2206 1721 2270 ὼς
1762 2208 1820 2259 ὲν

258 2301 422 2372 κακίᾳ
454 2302 679 2364 τέλειος,
710 2300 1151 2371 ἀποθνήσκωντῇ
1181 2295 1374 2350 ἑαυτοῦ
1398 2296 1642 2368 ἁμαρτίᾳ
1666 2313 1681 2327 ·
1704 2298 1734 2350 ὃ
1759 2314 1819 2350 τε

259 2391 372 2454 νέος
398 2391 562 2446 πάλιν
585 2390 777 2445 ἑκατὸν
800 2391 957 2454 ἑτῶν,
978 2390 1073 2443 καὶ
1091 2388 1252 2451 αὐτὸς
1266 2387 1468 2452 τέλειος
1489 2391 1548 2442 εν
1573 2389 1818 2455 τελείοις,

257 2485 333 2545 είς
366 2484 641 2555 σωτηρίαν
675 2482 1248 2554 παραλαμϐανόμενος.

328 2596 348 2628 ι
376 2578 489 2631 Καὶ
511 2576 951 2647 οἰκοδομήσωσιν
974 2575 1169 2639 οἰκίας,
1203 2574 1298 2627 καὶ⁸
1326 2575 1480 2628 αὐτοὶ
1508 2575 1819 2645 ἐνοικήσου-

257 2681 339 2718 σι·
376 2666 473 2718 καὶ
509 2664 1006 2733 καταφυτεύσουσιν
1040 2665 1389 2735 ἀμπελῶνας,
1426 2666 1521 2718 καὶ
1548 2664 1706 2717 αὐτοὶ
1727 2665 1823 2732 φά-

254 2772 434 2824 γονται
474 2756 544 2809 τὰ
595 2756 913 2827 γεννήματα
970 2756 1170 2810 αὐτῶν.
1218 2775 1239 2808 ι
1278 2757 1405 2819 Τοῖς
1452 2756 1559 2827 γάρ
1613 2755 1820 2808 ἑαυτῶν

254 2846 429 2918 ιργοις
460 2846 559 2900 καὶ
580 2848 701 2910 ταῖς
723 2848 950 2909 οἰκείαις
970 2846 1235 2919 πράξεσιν
1262 2847 1577 2919 ποριοῦνται
1610 2850 1821 2912 ἑαυτοῖς

254 2937 347 3002 τὰς
382 2939 552 3008 μονὰς
582 2938 681 3000 τὰς
708 2936 860 3007 παρά
889 2937 968 3008 τῷ
1006 2938 1213 3008 Πατρί·
1238 2938 1373 2992 ἀλλά
1410 2939 1537 3003 τοὺς
1575 2939 1820 3008 καρποὺς

253 3027 356 3081 Ιδῶν
385 3028 566 3081 πόνων
591 3027 769 3082 αὐτῶν
800 3029 1062 3097 φάγονται
1079 3044 1093 3056 ·
1128 3027 1315 3099 διόπερ
1343 3029 1379 3082 ἃ
1404 3029 1819 3099 γεωργήσαντες

255 3120 576 3190 συνήγαγον,
610 3119 783 3173 ταῦτα
812 3121 1123 3191 εὑρήσουσι,
1170 3121 1265 3173 καὶ
1300 3119 1360 3184 ἐξ
1399 3120 1576 3173 αὐτῶν
1604 3122 1818 3192 τραφή-
1844 3173 1887 3231 C

256 3226 451 3265 σονται.
542 3220 545 3227 ‘

322 3320 342 3353 ι
381 3303 455 3355 οὐ
506 3301 583 3372 μή
629 3300 1073 3373 οἰκοδομήσουσι,
1117 3304 1213 3357 καὶ
1252 3303 1400 3358 ἄλλοι
1447 3305 1815 3376 ὲνοικήσουσι,

252 3393 418 3448 καλώ
455 3394 531 3464 μὴ
564 3392 907 3462 φυτεύσουσι,
934 3395 1026 3447 καὶ
1046 3382 1193 3449 ἄλλοι
1218 3396 1500 3464 φάγονται.
1531 3397 1686 3449 Κατὰ
1708 3394 1817 3465 γὰρ

250 3486 345 3550 τάς
374 3485 590 3557 ἡμέρας
630 3485 726 3537 τοῦ
752 3484 908 3550 ξύλου
956 3487 1056 3557 τῆς
1084 3484 1229 3557 ζωῆς
1274 3487 1487 3541 ἔσονται
1516 3489 1573 3541 αί
1613 3488 1815 3559 ἡμέραι

251 3577 341 3631 τοῦ
373 3577 505 3632 λαοῦ
551 3594 650 3648 μου
672 3594 688 3608 ’
723 3578 793 3631 τὰ
831 3577 940 3648 γάρ
980 3575 1117 3648 ἔργα
1158 3577 1267 3631 τῶν
1298 3579 1476 3633 πόνων
1502 3579 1684 3632 αὐτῶν
1708 3596 1815 3631 πα-

251 3668 591 3725 λαιώσουσιν.
638 3688 657 3721 ι
702 3669 840 3722 Ἀλλ’
872 3669 952 3731 εἰς
992 3668 1217 3741 ἄπειρον
1256 3670 1431 3725 αἰῶνα
1469 3672 1527 3725 ἐν
1564 3669 1817 3739 ἀθανάτῳ

251 3762 447 3833 ιύζωῖᾳ
475 3760 718 3825 διάξουσι
739 3776 755 3792 ο
785 3760 864 3814 διὸ
888 3759 1165 3812 λέλεκται·
1210 3779 1228 3812 ι
1262 3761 1416 3815 Κατά
1435 3762 1542 3833 γὰρ
1564 3762 1662 3824 τὰς
1682 3762 1817 3832 ἠμέ-

253 3870 350 3925 ρας
380 3852 476 3906 τοῦ
516 3850 674 3916 ξύλου
703 3851 802 3921 τῆς
842 3848 989 3920 ζωῆς
1023 3851 1081 3903 αἰ
1122 3850 1328 3921 ἡμέραι
1354 3850 1449 3903 τοῦ
1475 3850 1605 3903 λαοῦ
1632 3867 1753 3921 μου.
1789 3869 1809 3902 ι

250 3945 321 3999 Τὸ
352 3944 512 4011 ξύλον
542 3945 599 3998 δὲ
630 3944 842 4016 εῖρηται
883 3944 942 3996 ὲν
976 3943 1054 4015 τῷ
1094 3943 1405 4015 παραδείσῳ
1426 3941 1519 3995 τοῦ
1549 3941 1685 3995 Θεοῦ
1719 3960 1815 3994 πε-

250 4035 577 4105 φυτεῦσθαι·
624 4033 898 4087 δείκνυται
949 4032 1258 4105 τοιγαροῦν,
1306 4034 1389 4086 ὅτι
1433 4033 1534 4085 οὐκ
1585 4032 1689 4099 ἔξω
1718 4032 1813 4086 τοῦ

247 4127 378 4181 Θεοῦ
404 4128 459 4179 αἰ
480 4126 806 4195 ἐπαγγελίαι
838 4125 1183 4196 τυγχάνουσι.
1216 4126 1294 4178 Δι’
1320 4118 1396 4180 ὧν
1433 4126 1688 4179 ἁπάντων
1722 4144 1816 4180 σα-

248 4220 361 4290 φῶς
394 4219 588 4290 ἕτερον
611 4218 737 4272 λαὸν
772 4218 981 4287 εἰσάγει
1019 4216 1196 4287 ἐαυτῷ
1231 4216 1388 4288 παρά
1415 4217 1510 4271 τοῦ
1548 4218 1814 4271 Ἰουδαίων

248 4312 451 4375 εθνους.
486 4305 648 4366 οὗτοι
674 4312 785 4382 γὰρ
811 4310 1298 4382 παλαιωθήσονται,
1331 4309 1451 4363 οὐδὲ
1481 4308 1689 4381 ἑτέροις
1717 4328 1815 4365 κα-

245 4405 592 4475 ταλείψουσι,
631 4403 918 4476 μέλλοντες
958 4398 1111 4466 αὖθις
1159 4401 1512 4473 μεθίστασθαι
1538 4401 1633 4455 τοῦ
1674 4402 1811 4472 βίου,

1923 1928 2175 1989 moritur.
2209 1938 2460 1997 peccator
2496 1940 2712 1985 centum
2760 1948 3027 1991 annorum
3072 1946 3127 1991 et
3172 1938 3498 1995 maledictus

1922 2021 2045 2074 erit.
2073 2038 2094 2071 ι
2136 2018 2337 2083 Etatis
2378 2030 2435 2077 et
2468 2026 2728 2097 temporis
2757 2025 2811 2080 in
2843 2030 3245 2083 resurrectione
3272 2033 3504 2101 aequali-

1924 2121 2091 2168 tatem
2143 2115 2258 2169 fore
2304 2114 2561 2172 declarat.
2603 2118 2721 2173 Erit
2773 2119 2939 2190 igitur
2994 2132 3254 2192 peccator
3288 2137 3343 2184 et
3388 2130 3505 2199 ipsa

1922 2215 2138 2259 centum
2184 2222 2487 2273 annorum,
2530 2217 2586 2264 et
2627 2209 2943 2268 maledictus
2988 2216 3129 2280 erit,
3176 2228 3401 2290 vegetus
3444 2231 3502 2275 et

1922 2297 2078 2365 quasi
2110 2298 2165 2351 in
2196 2298 2399 2365 malitia
2435 2300 2704 2370 perfectus
2737 2304 2977 2359 moriens
3026 2308 3078 2360 in
3114 2320 3336 2377 peccato
3374 2327 3496 2367 suo.

1919 2386 2143 2443 Juvenis
2181 2389 2307 2444 item
2360 2402 2575 2446 centum
2625 2379 2918 2459 annorum,
2958 2406 3015 2451 et
3062 2398 3178 2467 ipse
3219 2400 3501 2469 perfectus

1920 2479 2065 2535 inter
2090 2480 2381 2550 perfectos,
2406 2493 2462 2538 et
2485 2484 2541 2539 in
2570 2486 2801 2539 salutem
2831 2500 3155 2544 assumetur.

1989 2572 2155 2630 Vsus.
2179 2575 2271 2629 21.
2309 2594 2328 2627 ι
2356 2575 2425 2630 Et
2454 2578 2803 2634 adificabunt
2833 2582 3045 2647 domos,
3089 2592 3144 2638 et
3189 2584 3290 2655 ipsi
3337 2587 3497 2642 inha-

1920 2664 2170 2720 bitabunt
2204 2684 2219 2721 :
2251 2676 2306 2723 et
2348 2668 2667 2739 plantabunt
2712 2671 2923 2739 vineas,
2968 2684 3026 2728 et
3064 2674 3165 2743 ipsi
3212 2678 3500 2732 comedent

1921 2754 2127 2811 fructus
2153 2772 2360 2811 earum.
2386 2778 2406 2810 ι
2437 2756 2572 2813 Nam
2615 2760 2730 2816 suis
2769 2763 2868 2831 ipsi
2915 2766 3174 2832 operibus
3214 2776 3269 2834 et
3303 2768 3498 2834 gestis,

1921 2848 2226 2903 mansiones
2257 2849 2377 2903 illas
2398 2864 2517 2921 qua
2544 2853 2683 2920 apud
2714 2850 2929 2907 Patrem
2956 2831 3107 2920 sunt,
3153 2831 3255 2909 sibi
3294 2831 3496 2926 procu-

1920 2939 2119 2993 rabunt
2148 2958 2163 2992 :
2191 2938 2285 2994 sed
2317 2940 2481 2995 etiam
2528 2941 2742 2996 fructus
2771 2943 3017 2998 laborum
3066 2961 3284 3001 suorum
3314 2962 3480 3003 como

1921 3028 2051 3083 dent
2076 3047 2091 3082 ;
2118 3028 2373 3099 quoniam
2400 3044 2465 3084 ea
2493 3045 2610 3098 quae
2642 3041 2838 3087 terram
2874 3033 3117 3089 colentes
3141 3050 3293 3091 suam
3326 3039 3498 3093 colle-

1920 3126 2135 3190 gerunt,
2159 3133 2224 3174 ea
2257 3120 2552 3189 reperient.
2579 3120 2647 3176 iis
2678 3121 2912 3178 alentur.

1986 3298 2152 3354 Vsus.
2176 3298 2269 3353 22.
2300 3318 2320 3351 ι
2348 3297 2698 3369 Nequaquam
2729 3299 3099 3366 aediﬁcabunt,
3120 3310 3177 3356 et
3209 3299 3300 3355 alii
3339 3301 3494 3356 iuba-

1917 3393 2198 3460 bitabunt;
2233 3407 2572 3463 nequaquam
2605 3392 2947 3463 plantabunt,
2980 3403 3035 3449 et
3065 3393 3153 3448 alii
3189 3394 3491 3449 comedent.

1918 3486 2051 3540 Nam
2095 3487 2389 3541 secundum
2434 3484 2554 3540 dies
2596 3485 2735 3557 ligni
2778 3486 2903 3541 vita:
2945 3495 3107 3541 erunt
3154 3487 3270 3541 dies
3310 3488 3493 3555 p0puli

1916 3580 2065 3634 mei:
2098 3593 2262 3648 opera
2307 3579 2451 3633 enim
2496 3579 2741 3634 laborum
2790 3578 3032 3647 ipsorum
3079 3588 3490 3633 veterascent.»

1918 3670 2024 3725 Sed
2067 3686 2162 3740 per
2197 3670 2408 3725 inﬁnita
2443 3671 2640 3726 saecula
2685 3671 2740 3725 in
2780 3669 3073 3725 immortali
3119 3670 3208 3723 illa
3243 3678 3298 3723 et
3348 3669 3492 3726 felici

1915 3762 2026 3815 vita
2065 3763 2259 3831 degent
2289 3780 2306 3821 :
2334 3775 2503 3832 quare
2551 3762 2756 3818 dictum
2807 3771 2921 3827 est,
2976 3760 3153 3815 «Nam
3196 3763 3492 3817 secundum

1916 3853 2032 3908 dies
2078 3853 2205 3924 ligni
2260 3855 2385 3909 vita:
2437 3867 2596 3910 erunt
2638 3855 2757 3910 dies
2804 3854 2985 3925 papuli
3042 3855 3211 3909 mei.)
3263 3853 3490 3924 Liguunt

1916 3955 2095 4000 autem
2134 3946 2263 4000 illud
2311 3947 2363 4001 in
2397 3947 2647 4016 paradiso
2680 3946 2774 3999 Dei
2808 3946 3104 4016 plantatuin
3142 3945 3309 4000 fuisse
3355 3947 3491 4000 dici~

1918 4045 2037 4103 tur;
2072 4036 2254 4106 itaque
2291 4054 2396 4092 non
2442 4045 2596 4093 extra
2625 4037 2931 4107 paradisum
2963 4037 3052 4091 Dei
3104 4037 3315 4106 impleri
3365 4052 3489 4105 pro-

1917 4128 2083 4183 missa
2114 4131 2435 4184 declaratur.
2463 4129 2668 4197 Quibus
2695 4130 2947 4186 omnibus
2986 4130 3152 4184 alium
3193 4131 3296 4185 sibi
3332 4146 3361 4185 a
3392 4130 3489 4186 .lu-

1916 4217 2073 4272 daico
2106 4216 2360 4286 populum
2404 4218 2649 4273 asciscit.
2679 4218 2760 4273 llli
2788 4234 3023 4289 namque
3067 4220 3487 4285 inveterascent,

1916 4324 2018 4364 nec
2069 4310 2233 4378 aliis,
2275 4326 2342 4366 ex
2377 4312 2479 4367 hac
2521 4312 2635 4366 vita
2674 4311 3060 4379 transferendi,
3101 4311 3317 4368 labores
3364 4328 3495 4369 suos

1917 4400 2253 4472 relinquent;
2286 4402 2341 4457 lii
2388 4417 2520 4458 vero
2552 4402 2796 4458 laborum
2845 4418 3063 4458 suorum
3109 4415 3260 4473 gesta
3305 4420 3497 4461 secum

244 4500 368 4561 τοὺς
392 4498 606 4552 ἑαυτῶν
642 4496 837 4561 πόνους
856 4514 870 4527 ⁸
903 4496 1020 4550 ἀλλ’
1048 4490 1194 4549 οὗτοι
1221 4494 1293 4549 τὰ
1322 4494 1460 4567 ἔργα
1501 4496 1609 4549 τῶν
1637 4495 1813 4551 πόνων

1920 4500 2215 4558 assument,
2246 4493 2591 4564 propriisque
2619 4492 2888 4549 fructibus
2920 4494 3255 4564 gaudebunt.

244 4589 420 4643 αὐτῶν
460 4591 545 4653 εἰς
591 4589 818 4652 ἑαυτοὺς
859 4586 1243 4659 ἀναλήψονται,
1300 4586 1395 4639 καὶ
1433 4588 1547 4649 τοῖς
1593 4586 1815 4650 οἰκείοις

246 4686 476 4755 καρποῖς
509 4683 957 4754 ὲντρυφήσουσιν.

320 4792 340 4826 ι
379 4776 444 4827 οι
469 4772 718 4826 ἐκλεκτοί
744 4788 847 4844 μου
876 4773 937 4827 οὐ
981 4770 1335 4825 κοπιάσοὺσιν
1371 4771 1452 4833 είς
1491 4769 1667 4835 κενὸν,
1696 4769 1816 4823 οὐδὲ

244 4867 723 4937 τεκνοποιήσουσιν
747 4866 827 4928 εἰς
856 4864 1128 4935 κατάρανο
1158 4864 1239 4916 ὅτι
1264 4862 1483 4933 σπέρμα
1516 4862 1815 4933 εὐλογημέ-

245 4976 331 5012 νον
346 4958 454 5013 ὑπὸ
482 4956 625 5011 Θεοῦ
643 4958 777 5020 ἐστι,
808 4958 903 5010 καὶ
925 4955 996 5009 τὰ
1014 4954 1209 5023 ἔκγονα
1230 4954 1410 5007 αὐτῶν
1436 4956 1552 5025 μετ’
1578 4954 1777 5010 αὐτῶν.
1791 4974 1809 5005 ι

244 5050 305 5102 Εἰ
326 5051 436 5122 γὰρ
458 5050 557 5105 καί
571 5065 717 5112 τινες
731 5048 937 5102 ἔσονται
962 5049 1105 5103 κατά
1130 5048 1223 5101 τὸν
1244 5047 1437 5117 καιρὸν
1453 5047 1562 5099 τῶν
1578 5048 1816 5116 ἐπαγγε-

243 5138 367 5193 λιῶν
397 5142 564 5195 κόποι
594 5140 857 5217 σωτήριοι
888 5140 984 5194 καὶ
1029 5138 1225 5208 ἀγαθοὶ
1273 5139 1369 5193 καὶ
1400 5139 1568 5208 ἡδεῖς,
1598 5140 1816 5203 ὁποίους

244 5227 461 5292 πάντως
498 5245 609 5281 που
650 5228 746 5281 καὶ
785 5229 819 5299 ή
867 5226 1129 5298 ἀγγελικὴ
1174 5227 1327 5292 τάξις
1365 5228 1659 5297 ὑπομένει*
1698 5227 1813 5281 ἀλλ’

243 5321 340 5373 οὐκ
368 5319 643 5384 ὲπικενῶς
672 5319 825 5373 ἔσται
859 5318 929 5373 τὰ
958 5320 1059 5390 τῆς
1088 5320 1350 5391 ἐργασίας
1373 5320 1556 5383 αὐτοῖς
1575 5338 1588 5351 ·
1622 5321 1814 5392 μισθὸς

244 5412 348 5483 γὰρ
383 5412 575 5476 αὐτοῖς
624 5411 847 5477 ὲπάξιος
883 5410 1326 5482 τεθησαύρισται.
1373 5413 1727 5466 Τεκνοποιίαν
1756 5412 1815 5466 δὲ

243 5504 523 5572 νοήσωμεν
551 5498 662 5552 τῶν
702 5498 889 5570 ψυχῶν
917 5500 1044 5563 τοὺς
1084 5500 1377 5571 λογισμοὺς
1416 5501 1509 5555 καὶ⁵
1555 5501 1656 5571 τῆς
1694 5500 1811 5553 δια-

244 5594 386 5656 νοίας
399 5592 531 5654 τοὺς
550 5592 819 5661 καρποὺς,
852 5590 943 5654 οὓς
964 5592 1204 5663 κατάρας
1238 5591 1455 5645 ἔσεσθαι
1477 5592 1808 5662 ἀλλοτρίους,

247 5684 491 5753 εὐλογίας
522 5682 585 5735 δὲ
616 5681 799 5747 ἀξίους
822 5682 1083 5748 θεσπίζει.
1117 5683 1302 5737 Ταῦτα
1329 5685 1423 5736 καὶ
1454 5685 1533 5746 εἰς
1546 5683 1636 5735 τὸν
1671 5700 1813 5752 παρ-

245 5775 366 5830 όντα
428 5776 547 5847 βίον
588 5773 1026 5844 ἐπιλαμϐάνεσθαι
1078 5772 1252 5847 οἶμαι,
1296 5773 1390 5829 τοῦ
1440 5773 1600 5843 λόγου
1649 5774 1812 5828 πάλιν

1987 4764 2151 4819 Vsus.
2187 4763 2278 4818 23.
2329 4780 2348 4813 ι
2390 4760 2558 4816 Electi
2610 4761 2713 4815 mei
2765 4776 2871 4816 non
2924 4759 3246 4817 laborabunt
3290 4762 3341 4816 iu
3392 4777 3491 4816 va-

1917 4872 2066 4921 num,
2098 4870 2269 4925 neque
2319 4854 2458 4909 filios
2504 4851 2839 4924 generabunt
2886 4852 2939 4907 in
2994 4852 3478 4907 maledictiouem:

1915 4948 2040 5017 quia
2069 4961 2253 5001 semen
2299 4944 2639 5000 benedictum
2668 4958 2699 4997 a
2746 4945 2855 4999 Deo
2893 4952 3006 5009 est,
3036 4954 3091 4998 et
3126 4953 3350 5014 nepotes
3396 4959 3487 4997 eo-

1916 5054 2037 5092 rum
2079 5052 2199 5093 cum
2230 5037 2371 5091 eis.»
2414 5036 2639 5090 Etiamsi
2679 5035 2825 5091 enim
2872 5036 3298 5106 promissionum
3348 5045 3490 5089 tem-

1915 5146 2070 5201 pore,
2117 5130 2333 5198 quidam
2385 5129 2687 5194 salutares,
2738 5128 2863 5183 boni
2930 5143 3231 5198 suavesque
3279 5127 3489 5182 labores

1915 5228 2043 5285 sint,
2069 5236 2202 5291 quos
2246 5220 2522 5291 angelicus
2548 5220 2684 5275 ordo
2728 5220 2983 5283 sustinet,
3015 5220 3108 5274 sed
3143 5233 3249 5273 non
3284 5219 3489 5271 frustra

1915 5315 2108 5370 cedent
2143 5313 2246 5367 illis
2289 5326 2495 5383 opera:
2529 5326 2651 5365 nam
2685 5312 2949 5381 condigna
2990 5310 3123 5378 ipsis
3152 5324 3367 5364 merces
3406 5323 3487 5361 re-

1916 5407 2087 5477 posita
2133 5416 2237 5460 est.
2280 5404 2596 5459 Liberorum
2630 5417 2761 5457 vero
2801 5403 3232 5472 procreationem
3280 5398 3487 5452 intelli-

1917 5514 2104 5570 gamus
2129 5512 2249 5552 esse
2285 5497 2478 5551 anima:
2507 5495 2882 5565 cogitationes,
2916 5494 3219 5559 mentisque
3248 5490 3485 5555 fructus,

1916 5607 2052 5662 quos
2102 5607 2131 5643 a
2186 5589 2560 5643 maledictione
2630 5586 2871 5649 alienos,
2924 5583 3301 5638 benedictione
3352 5594 3488 5633 vero

1917 5684 2111 5753 dignos
2160 5680 2275 5735 fore
2324 5678 2667 5732 vaticinatur.
2714 5674 2842 5727 Haec
2920 5688 2950 5727 e
2993 5672 3239 5741 praesenti
3271 5682 3486 5739 quoque

1919 5775 2030 5828 vita
2076 5771 2245 5839 accipi
2286 5783 2446 5838 posse
2491 5766 2765 5831 existimo,
2816 5764 2889 5819 ita
2924 5774 2981 5819 ut
3023 5763 3108 5818 liis
3157 5762 3487 5832 apostolicus
