4128 6294
677 346 778 400 515

1333 343 1418 400 ΕΙ]
1430 342 1600 398 SEBII
1638 341 2111 399 CESARIENSIS
2147 340 2213 398 Ol

2339 341 2512 397 PARS
2550 340 2638 398 lii.
2678 372 2747 382 —
2781 340 3192 398 EXEGETICA.

3773 346 3878 402 516

675 464 870 519 chorus
907 459 1286 516 subindicetur.
1325 477 1345 510 ι
1375 459 1496 513 Ideo
1537 459 1690 514 electi
1728 461 1829 514 mei
1875 475 1976 514 non
2010 459 2213 513 labora-

2317 455 2408 507 τὸν
2436 455 2593 526 χορὸν
2623 456 2713 508 τὸν
2745 453 3090 508 ἀποστολικδν
3118 451 3498 523 αἰνιττομένου.
3529 471 3549 505 ‹
3584 454 3686 509 Διά
3717 455 3876 510 τοῦτο

675 555 805 607 bunt
833 555 883 606 in
915 567 1127 616 vanum,
1158 565 1328 618 neque
1370 549 1506 603 lllios
1551 553 1908 618 procreabant
1955 554 2009 605 in
2047 551 2213 604 male-

674 643 1023 698 dictionem.»
1070 641 1438 710 Apostolorum
1507 641 1702 708 quippe
1751 639 1980 704 labores,
2027 651 2085 694 ut
2133 639 2218 694 vel

673 734 803 802 ipsis
829 733 997 787 oculis
1037 732 1258 800 patebit,
1289 745 1395 783 non
1443 731 1493 783 in
1526 745 1718 784 vanum
1767 732 2002 800 suscepti
2048 730 2217 797 fuere,

672 823 812 892 quod
841 835 1092 894 arguetur
1115 838 1178 874 ex
1207 821 1436 875 Ecclesia
1465 823 1531 874 ab
1558 821 1689 890 ipsis
1713 836 1808 890 per
1835 831 2002 876 totum
2031 822 2215 876 orbem

672 914 920 978 fuitdata;
956 924 1009 967 et
1037 912 1127 966 lilii
1159 928 1341 966 eorum
1373 927 1468 981 per
1501 910 1768 966 lavacrum
1797 913 2218 981 regenerationis

671 1005 726 1059 in
754 1003 963 1059 Christo
991 1003 1099 1056 nati
1124 1003 1455 1058 videbuntur.

746 1175 902 1230 Vens.
928 1175 1016 1230 24.
1055 1194 1074 1228 ι
1103 1175 1167 1230 Ει
1199 1176 1303 1229 erit
1336 1187 1619 1244 antequam
1668 1175 1932 1242 clament,
1978 1191 2077 1246 ego
2120 1192 2216 1231 ex-

671 1266 881 1319 audiam
916 1280 1048 1320 eos:
1081 1266 1253 1322 adhuc
1294 1266 1393 1320 illis
1442 1267 1780 1337 loquentibus
1826 1268 2035 1334 dicam,
2079 1267 2216 1335 Quid

671 1357 824 1410 est?»
878 1355 934 1410 ld
974 1372 1132 1426 porro
1175 1358 1230 1410 in
1271 1357 1490 1411 Actibus
1534 1357 1894 1425 apostolorum
1939 1357 2216 1427 impletum

672 1449 1066 1515 deprehendas;
1104 1464 1221 1501 nam
1261 1448 1368 1502 Deo
1399 1450 1528 1517 ipsis
1573 1459 1805 1513 astante,
1855 1448 2018 1501 multa
2067 1449 2217 1516 signa

672 1547 725 1589 et
773 1537 1007 1606 prodigia
1055 1538 1365 1590 edebantur.
1413 1537 1681 1606 Apostolis
1727 1553 1855 1592 vero
1900 1538 2012 1590 haec
2057 1551 2216 1606 agen-

674 1627 839 1688 tibus,
882 1628 1005 1680 hinc
1041 1627 1460 1697 alienigenarum
1498 1629 1734 1698 gentium
1769 1629 2047 1684 conversio
2087 1628 2215 1683 sub-

671 1717 1019 1782 sequebatur.

2318 547 2366 598 oi
2416 545 2654 598 ἐκλεκτοέ
2689 562 2788 614 μου
2822 546 2883 597 οὐ
2928 544 3274 598 κοπιάσουσιν
3318 545 3398 606 εις
3440 543 3591 596 κενὸν
3634 545 3758 598 οὐδὲ
3785 562 3877 600 τε·

2319 637 2726 705 κνοποιήσουσιν
2748 637 2826 697 εἰς
2859 633 3118 704 κατάραν.
3157 650 3176 684 ι
3219 633 3408 685 ¹Ἑσται
3445 631 3554 703 γὰρ
3575 632 3874 704 ὀφθαλμοῖς

2319 723 2648 795 παραλαϐεῖν
2695 723 2804 776 τῶν
2857 723 3165 777 ἀποστόλων
3208 724 3335 785 τοὺς
3388 722 3605 787 κόπους,
3661 725 3762 778 οὐκ
3794 726 3875 790 εις

2317 818 2472 870 κενὸν
2510 815 2898 886 γεγενημένους
2939 815 3044 869 ἀπὸ
3082 814 3182 883 τῆς
3219 814 3310 866 ὑπ’
3337 814 3512 868 αὐτῶν
3539 814 3876 889 ἱδρυνθείσης

2319 909 2438 962 καθ’
2467 909 2590 979 ὅλης
2613 907 2714 976 τῆς
2735 908 3053 978 οἰκουμένης
3089 905 3411 975 Ἐκκλησίας
3430 922 3445 937 ο
3474 909 3568 960 καὶ
3599 907 3669 961 τά
3709 909 3874 962 τέκνα

2318 997 2495 1051 αὐτῶν
2518 1002 2574 1051 ἐν
2598 997 2816 1068 Χριστῷ
2841 997 3164 1069 γεννηθέντα
3183 993 3269 1049 διὰ
3283 995 3380 1066 τῆς
3407 995 3499 1050 τοῦ
3513 996 3741 1070 λουτροῦ
3773 1017 3875 1056 πα.-

2317 1089 2664 1159 λιγγενεσίας.

2392 1199 2409 1232 ι
2433 1181 2541 1234 Καὶ
2565 1180 2713 1232 ἔσται
2743 1178 2870 1249 πρὶν
2895 1178 2928 1248 ἢ
2959 1179 3216 1250 κεκράξαι
3253 1179 3468 1242 αὐτοὺς,
3497 1178 3609 1248 ἐγὼ
3637 1181 3875 1236 ὑπακού-

2318 1289 2480 1342 σομαι
2506 1271 2679 1326 αὐτῶν
2699 1288 2712 1300 ·
2738 1269 2816 1323 ἐτι
2848 1270 3143 1324 λαλούντων
3169 1271 3345 1325 αὐτῶν
3377 1271 3502 1342 ἐρῶ·
3538 1273 3602 1326 Τί
3628 1275 3814 1339 .ἐστιν;
3849 1294 3869 1328 ι

2322 1364 2388 1415 Ἀ
2417 1363 2479 1434 δὴ
2503 1364 2608 1434 καὶ
2639 1361 2936 1432 ἐπληροῦτο
2973 1363 3065 1414 ἐπὶ
3092 1362 3199 1414 τῶν
3227 1362 3482 1435 Πράξεων
3501 1363 3610 1417 τῶν
3641 1365 3873 1419 ἀποστό-

2316 1453 2444 1505 λων·
2485 1453 2652 1506 πολλά
2690 1453 2796 1522 γὰρ
2837 1454 3034 1521 σημεῖα
3073 1453 3169 1505 καὶ
3210 1454 3410 1524 τέρατα
3438 1456 3736 1526 ἐνηργεῖτο,
3780 1455 3872 1508 τοῦ

2315 1543 2449 1596 Θεοῦ
2494 1545 2673 1607 αὐτοῖς
2715 1542 3075 1613 παρεστῶτος.
3110 1537 3208 1596 Ὧν
3241 1544 3462 1598 τοιαῦτα
3490 1545 3872 1616 ἐνεργούντων,

2315 1633 2618 1696 ἀκολούθως
2670 1633 2858 1704 ἡτῶν
2919 1632 3226 1702 ἀλλοφύλων
3281 1635 3446 1690 ἐθνῶν
3504 1637 3716 1704 ἐγίνετο
3757 1639 3874 1689 ἐπι-

2319 1723 2543 1792 στροφήο

731 1801 898 1860 Vens.
923 1805 1010 1859 25.
1051 1825 1070 1858 ‹
1099 1807 1246 1863 Tunc
1292 1809 1399 1880 lupi
1443 1820 1498 1865 et
1533 1811 1651 1880 agni
1701 1819 1988 1880 pascentur
2031 1809 2210 1874 simul,

2394 1831 2412 1864 ι
2454 1813 2585 1866 Τότε
2625 1812 2775 1864 λύκοι
2823 1813 2917 1865 καὶ
2955 1811 3114 1882 ἄρνες
3149 1811 3569 1884 βοσκηθήσονται
3615 1815 3752 1885 ἅμα,
3780 1814 3873 1867 καὶ

667 1905 722 1946 et
755 1895 836 1950 leo
864 1907 919 1951 ut
963 1900 1058 1952 bos
1099 1901 1340 1954 comedet
1383 1901 1579 1968 paleas,
1619 1916 1839 1970 serpens
1885 1912 2063 1955 autem
2107 1910 2216 1955 ter-

670 2001 784 2038 ram
816 1989 966 2056 quasi
1002 2004 1212 2057 panem.
1263 1990 1376 2044 Non
1430 1994 1716 2056 nocebunt,
1750 2008 1921 2062 neque
1964 1995 2213 2048 devasta-

669 2075 800 2128 bunt
847 2079 899 2129 in
936 2089 1115 2132 monte
1161 2089 1345 2133 saneto
1382 2095 1519 2144 meo,
1554 2081 1685 2135 dicit
1713 2081 1992 2136 Dominus.
2017 2101 2036 2133 ι
2082 2081 2213 2136 Nam

667 2169 756 2235 qui
788 2167 934 2234 prius
964 2183 1182 2237 rapaces
1207 2179 1260 2224 et
1287 2169 1492 2225 feroces
1518 2181 1691 2233 erant,
1723 2173 1794 2224 ita
1822 2183 1879 2226 ut
1909 2173 2049 2241 lupis
2075 2188 2218 2228 com-

666 2259 840 2325 parari
872 2269 1119 2326 possent,
1159 2261 1210 2313 in
1252 2271 1587 2315 mansuetum
1627 2277 1830 2318 morem
1873 2267 2212 2332 commutati,

668 2361 791 2402 cum
842 2350 992 2417 agnis
1035 2359 1089 2404 et
1136 2350 1307 2406 bobtts
1350 2354 1607 2422 gregatim
1650 2355 1964 2422 agebantur,
2004 2365 2062 2407 ut
2109 2370 2214 2410 uno

668 2437 965 2506 eodemque
1009 2454 1074 2493 ex
1130 2439 1325 2512 divinis
1381 2440 1698 2497 lectionibus
1739 2453 1991 2511 excerpto
2048 2446 2216 2499 ratio-

671 2529 832 2585 nabili
869 2532 988 2585 cibo
1033 2541 1325 2587 uterentur.
1366 2533 1466 2600 Qui
1505 2543 1680 2588 autem
1717 2535 1954 2588 moribus
2005 2535 2137 2588 nihil
2183 2551 2213 2590 a

668 2621 911 2674 leonibus
950 2622 1343 2689 discrepabant,
1380 2623 1492 2690 jam
1530 2637 1634 2677 non
1668 2623 1803 2677 ultra
1832 2625 2131 2679 carnivoris
2161 2633 2214 2679 et

667 2711 1025 2778 sanguinariis
1096 2712 1222 2767 feris
1271 2714 1506 2776 similes,
1567 2714 1725 2768 boum
1781 2715 1947 2768 instar
1992 2724 2048 2770 et
2111 2717 2212 2786 ipsi

665 2801 856 2854 divinae
897 2801 1149 2856 doctrinae
1191 2805 1407 2858 herbam
1458 2805 1825 2860 comedebaut.
1863 2803 1929 2858 Et
1968 2807 2058 2875 qui
2085 2807 2212 2862 olim

664 2899 965 2960 serpentem
1019 2891 1311 2958 referebat,
1354 2903 1579 2960 atroque
1619 2909 1824 2948 veneno
1876 2895 2064 2964 plenus
2105 2897 2209 2962 vir,

665 2983 935 3049 repudiata
972 2981 1190 3046 malitia,
1224 2998 1411 3051 panem
1434 2985 1676 3038 comedet
1701 3001 1716 3038 :
1748 3001 1844 3053 pro
1873 2995 2013 3038 terra
2041 3001 2204 3056 quam

664 3072 812 3137 prius
834 3073 1047 3137 edebat,
1075 3073 1375 3127 rationabili
1401 3084 1454 3129 et
1485 3076 1715 3129 humano
1747 3085 1904 3130 utens
1929 3075 2208 3132 alimento.

667 3161 846 3229 Usque
878 3163 1011 3216 adeo
1052 3173 1225 3218 autem
1274 3165 1573 3232 huiusmodi
1631 3165 1756 3220 ferae
1800 3178 2210 3234 mansuescent,

665 3263 723 3308 ut
758 3254 1024 3309 netninem
1069 3255 1261 3310 Ledam
1288 3257 1366 3310 vel
1408 3257 1747 3326 pessumdent
1783 3257 1837 3312 ln
1874 3272 2054 3314 monte
2101 3259 2212 3315 Dei.

1217 3413 1442 3469 CAPUT
1474 3413 1655 3470 LXVI.

732 3525 892 3580 Vens.
920 3527 1032 3580 1-5.
1071 3545 1088 3577 t
1117 3525 1208 3580 Sic
1256 3527 1383 3580 dicit
1430 3529 1706 3594 Dominus,
1741 3530 1945 3587 leum
1991 3534 2213 3590 thronus

664 3631 834 3681 meus,
867 3625 922 3669 et
963 3625 1105 3669 terra
1149 3616 1437 3670 scabellnm
1473 3621 1662 3686 pedum
1696 3637 1958 3678 meorum.
1991 3625 2210 3689 Qualem

664 3708 876 3762 domum
927 3706 1262 3761 azdilicabitis
1311 3707 1483 3760 mihi?
1528 3718 1583 3762 et
1627 3711 1748 3778 quis
1803 3711 1951 3767 locus
1999 3713 2204 3781 requie-

664 3797 822 3850 tionis
862 3798 1025 3850 meae?
1053 3797 1171 3852 llaec
1201 3797 1340 3850 enim
1370 3799 1547 3852 omnia
1585 3801 1710 3855 fecit
1755 3817 1945 3856 manus
1995 3818 2131 3868 inea,
2160 3815 2213 3858 et

663 3888 774 3940 haec
816 3890 992 3940 onmia
1022 3905 1135 3941 mea
1182 3899 1334 3954 sunt,
1383 3891 1512 3946 dicit
1555 3894 1826 3947 Dominus.
1869 3892 2035 3958 Quem
2083 3910 2211 3949 vero

665 3980 968 4046 respiciam,
1000 3981 1100 4032 nisi
1130 3982 1403 4044 humilem,
1439 3992 1492 4036 et
1526 3983 1782 4050 quietum,
1810 3993 1858 4037 et
1891 3993 2207 4038 trementem

662 4083 936 4124 sermones
965 4073 1148 4125 meos?
1181 4071 1398 4140 Iniquus
1443 4082 1641 4135 autem,
1674 4074 1764 4140 qui
1810 4073 2048 4126 immolat
2079 4074 2207 4126 mihi

662 4159 903 4223 vitulum,
945 4161 1096 4228 quasi
1142 4163 1350 4216 occidat
1396 4177 1622 4217 canem:
1654 4164 1743 4232 qui
1789 4177 1915 4217 vero
1944 4161 2101 4215 oil'crt
2135 4164 2209 4216 si-

662 4250 863 4316 milam,
888 4251 1037 4317 quasi
1062 4251 1277 4305 suillum
1309 4253 1618 4319 sanguinem
1647 4270 1660 4306 :
1694 4253 1782 4321 qui
1813 4255 1903 4306 dat
1934 4255 2205 4308 incensum

664 4341 717 4392 in
749 4342 1076 4404 memoriam,
1120 4344 1270 4410 quasi
1302 4343 1670 4412 blasphemus.
1703 4343 1767 4396 Et
1799 4343 1900 4412 ipsi
1933 4346 2208 4414 elegerunt

2317 1903 2449 1956 λέων
2483 1903 2558 1965 ὡς
2588 1902 2710 1970 βοῦς
2747 1903 2974 1970 φάγεται
2996 1903 3190 1973 ἄχυρα,
3223 1903 3345 1970 ὄφις
3373 1903 3430 1955 δὲ
3461 1903 3563 1973 γῆν
3587 1903 3661 1966 ὼς
3691 1905 3872 1973 ἄρτον.

2317 1995 2429 2046 Οὐκ
2462 1992 2819 2063 ἀδικήσουσιν,
2865 1993 2982 2045 οὐδὲ
3012 1992 3369 2063 λυμανοῦνται
3412 1993 3504 2045 ἐπὶ
3547 1993 3626 2064 τῷ
3655 1994 3774 2064 ὄρει
3798 1993 3874 2064 τῷ

2315 2085 2454 2150 ἁγίῳ
2486 2100 2604 2152 μου,
2651 2082 2796 2150 λέγει
2828 2084 3046 2153 Κύριος.
3089 2104 3106 2133 ι
3141 2085 3203 2136 Oi
3249 2081 3355 2154 γάρ
3408 2084 3667 2154 πρότερον
3699 2085 3865 2155 ἀρπαν

2317 2175 2490 2225 κτικοὶ
2517 2175 2607 2226 καὶ
2623 2173 2919 2244 θηριώδεις,
2937 2174 3009 2237 ὡς
3032 2173 3213 2238 λύκοις
3229 2173 3683 2244 παραϐάλλεσθαι,
3704 2191 3874 2245 μετα-

2316 2264 2625 2333 ϐαλλόμενοι
2674 2265 2765 2317 ἐπὶ
2814 2263 2872 2316 τὸ
2915 2265 3137 2336 ἥμερον,
3173 2266 3378 2335 ἀρνίοις
3409 2267 3502 2318 καὶ
3533 2266 3717 2335 βουσὶν
3755 2283 3873 2319 συν.

2314 2355 2651 2426 ηγελάζοντο,
2681 2354 2756 2417 ὡς
2779 2355 2905 2424 μιᾶς
2920 2355 3119 2426 καὶτῆς
3137 2355 3304 2426 αὐτῆς
3319 2356 3691 2426 μεταλαμϐἀνε
3700 2374 3749 2407 ιν
3777 2358 3872 2424 τῆς

2313 2445 2420 2499 ἀπὸ
2451 2445 2556 2497 τῶν
2605 2444 2760 2496 θείων
2802 2446 3242 2515 ἀναγνωσμάτων
3284 2446 3502 2515 λογικῆς
3544 2448 3773 2516 τροφῆς.
3807 2447 3870 2500 Οἱ

2313 2537 2368 2588 δὲ
2413 2538 2521 2600 τοῖς
2564 2536 2781 2606 τρόποις
2829 2536 3053 2589 λεόντων
3093 2538 3241 2590 οὐδὲν
3282 2538 3654 2606 διαφέροντες,
3689 2538 3872 2590 οὐκέτι

2315 2626 2696 2695 σαρκοφάγοις,
2732 2624 2849 2678 οὑδέ
2885 2623 3187 2696 ὠμοϐόροις
3214 2625 3404 2694 θηρσὶν
3433 2629 3684 2688 ἐοικότες,
3717 2624 3856 2694 δίκη·

2315 2717 2451 2784 βοῶν
2482 2717 2572 2769 καὶ
2591 2717 2742 2769 αὐτοὶ
2765 2716 2862 2787 τὴν
2891 2715 2997 2769 ἀπὸ
3021 2716 3119 2785 τῆς
3148 2715 3330 2768 ἐνθέου
3356 2715 3695 2779 διδασκαλίας
3735 2715 3873 2772 πόαν

2312 2807 2516 2877 ἢσθιον.
2573 2807 2680 2859 Καὶ
2713 2808 2740 2858 ὁ
2779 2806 2943 2859 πάλαι
2969 2805 3034 2876 δὴ
3069 2807 3330 2876 πρότερον
3360 2805 3610 2875 ὸφιιὶδης,
3641 2806 3737 2859 καὶ
3792 2803 3872 2860 ἰοῦ

2316 2901 2509 2970 μεστὸς
2558 2900 2714 2968 ἀνὴρ,
2746 2897 3057 2960 ἀποπτύσας
3098 2897 3196 2967 τὴν
3238 2900 3296 2950 ἐν
3344 2895 3489 2966 αὐτῷ
3518 2896 3738 2960 κακίαν,
3781 2895 3874 2952 νῦν

2314 2989 2474 3061 ἄρτον
2496 2990 2743 3057 φάγεται,
2773 2989 2943 3059 τροφῇ
2967 2987 3156 3057 λογικῇ
3189 2987 3281 3040 καὶ
3319 2987 3630 3059 ἀνθρωπίνῃ
3657 2987 3872 3059 χρώμε-

2314 3097 2421 3143 νος,
2453 3080 2568 3132 ἀνθ’
2592 3075 2658 3151 ἦς
2683 3079 2835 3148 ἤσθιε
2878 3078 3137 3150 πρότερον
3172 3081 3295 3147 γῆς.
3333 3076 3487 3130 Οῦτω
3519 3078 3580 3131 δὲ
3621 3080 3672 3131 οἱ
3707 3077 3872 3149 θῆρες

2317 3166 2458 3223 οῦτοι
2517 3170 3035 3241 ἐξημερωθήσονται,
3085 3169 3161 3232 ὡς
3211 3169 3412 3240 μηδένα
3464 3169 3688 3239 ἀδικεῖν,
3736 3170 3870 3242 μηδὲ

2315 3261 2657 3333 λυμαίνεσθαί
2683 3278 2833 3324 τινας
2852 3263 2909 3314 ἐν
2940 3259 3016 3332 τῷ
3047 3261 3161 3330 ὄρει
3197 3261 3290 3314 τοῦ
3312 3260 3468 3314 Θεοῦ.

2811 3417 3200 3472 κεφΑΑΑιυΝ
3257 3414 3394 3484 Ξςν,

2386 3549 2404 3580 ε
2439 3529 2619 3592 Οῦτως
2644 3529 2787 3598 λέγει
2812 3529 3033 3601 Κύριοςο
3074 3531 3130 3584 '0
3155 3529 3378 3601 οὐρανός
3408 3545 3505 3599 μου
3537 3529 3747 3602 θρόνος,
3772 3531 3869 3585 καὶ

2311 3621 2344 3689 ἡ
2377 3619 2449 3688 γῆ
2483 3620 2763 3675 ὑποπόδιον
2795 3619 2903 3672 τῶν
2932 3620 3106 3684 ποδῶν
3143 3639 3263 3691 μου.
3298 3622 3456 3674 Ποῖον
3485 3614 3632 3675 οἶκον
3663 3622 3868 3675 οἰκοδο-

2315 3712 2514 3781 μήσετέ
2547 3728 2632 3780 μοι
2657 3729 2671 3775 ;
2704 3712 2794 3763 καὶ
2821 3715 2968 3773 ποῖος
2989 3712 3150 3775 τόπος
3173 3711 3272 3781 τῆς
3302 3711 3698 3774 καταπαύσεώς
3728 3729 3866 3781 μους

2311 3801 2494 3852 Πάντα
2535 3800 2641 3870 γὰρ
2686 3798 2856 3851 ταῦτα
2903 3799 3153 3868 ἐποίησεν
3193 3801 3225 3869 ή
3270 3800 3390 3870 χείρ
3426 3817 3546 3870 μου,
3591 3799 3685 3852 καὶ
3723 3801 3868 3852 ἔστιν

2310 3892 2416 3961 ἐμὰ
2451 3892 2628 3944 πάντα
2667 3891 2859 3955 ταῦτα,
2893 3891 3038 3959 λέγει
3075 3891 3294 3962 Κύριος.
3328 3893 3433 3944 Καὶ
3471 3891 3562 3943 ἐπὶ
3592 3889 3713 3944 τίνα
3743 3893 3866 3945 ἐπι-

2311 3981 2507 4050 ϐλέψω,
2539 3981 2652 4033 ἀλλ’
2676 3982 2708 4051 ἢ
2730 3982 2821 4033 ἐπὶ
2845 3981 2932 4033 τὸν
2957 3981 3207 4033 ταπεινὸν
3237 3980 3331 4032 καὶ
3361 3979 3599 4050 ἡσύχιον,
3625 3981 3720 4033 καὶ
3737 3981 3865 4051 τρέ-

2313 4090 2475 4143 μοντα
2508 4074 2633 4137 τοὺς
2664 4075 2850 4142 λόγους
2896 4091 3026 4144 μου;
3087 4075 3141 4127 '0
3170 4073 3227 4125 δὲ
3272 4072 3469 4143 ἄνομος
3510 4075 3538 4125 ὁ
3585 4071 3728 4126 θύων
3773 4090 3864 4143 μοι

2312 4165 2525 4235 μόσχον,
2552 4165 2627 4229 ὼς
2656 4167 2982 4221 ἀποκτείνων
3007 4167 3142 4222 κύνα
3163 4184 3177 4198 ο
3200 4170 3229 4220 ὁ
3253 4167 3309 4220 δὲ
3333 4168 3618 4238 ἀναφέρων
3650 4167 3864 4238 σεμιδα-

2307 4255 2407 4321 λικι,
2440 4251 2678 4327 ὼςναῖμα
2704 4257 2866 4310 ῦειονο
2898 4262 2926 4310 ό
2953 4259 3124 4321 διδοὺς
3152 4258 3366 4313 λίϐανον
3392 4259 3471 4320 εἰς
3501 4259 3858 4329 μνημόσυνον,

2308 4346 2380 4405 ὡς
2406 4347 2737 4418 βλάσφημος.
2789 4350 2896 4402 Καὶ
2928 4351 3079 4402 αὐτοὶ
3112 4349 3419 4417 ἐξελέξαντο
3447 4351 3546 4413 τὰς
3574 4350 3726 4413 ὁδοὺς
3767 4352 3862 4405 αὑ-

662 4430 777 4483 vias
809 4443 952 4493 suas,
986 4439 1038 4483 et
1067 4431 1487 4487 abominationes
1525 4435 1757 4503 ipsorum
1801 4437 1978 4488 anima
2021 4451 2204 4490 eorum

2313 4437 2432 4499 τῶν,
2465 4438 2556 4490 καὶ
2586 4439 2652 4491 τὰ
2686 4438 3022 4509 βδελύγματα
3059 4439 3235 4492 αὐτῶν
3268 4441 3302 4510 ἡ
3340 4439 3484 4509 ψυχὴ
3525 4438 3703 4492 αὐτῶν
3738 4438 3862 4508 i106-

665 4520 847 4575 voluit.
870 4539 888 4570 ι
928 4519 1040 4573 Non
1069 4522 1212 4574 enim
1249 4523 1382 4588 haec,
1421 4524 1617 4592 inquit,
1659 4525 1908 4580 voluntas
1945 4542 2084 4591 mea,
2117 4544 2210 4581 ne.

662 4625 764 4677 qne
797 4625 926 4664 inea:
973 4611 1271 4677 hnjusmodi
1306 4616 1425 4679 vim,
1456 4617 1547 4669 sed
1590 4616 1656 4670 ad
1701 4616 1928 4671 lubitum
1962 4628 2015 4673 et
2045 4619 2210 4689 placi-

665 4711 772 4752 tum
799 4714 981 4755 eorum
1010 4711 1150 4756 sum.

736 4788 972 4846 νείκεά.
1013 4810 1033 4842 ‹
1065 4791 1129 4845 Ει
1171 4807 1270 4861 ego
1312 4793 1540 4864 deligam
1585 4796 1864 4853 illusiones
1905 4814 2113 4866 eorum,
2157 4810 2213 4856 et

662 4896 877 4950 peccata
924 4884 1213 4938 retribuam
1258 4887 1336 4939 eis
1373 4904 1386 4940 ε
1432 4887 1556 4955 quia
1595 4891 1779 4943 vocavi
1841 4905 1972 4956 eos,
2005 4902 2058 4944 et
2099 4906 2204 4946 non

660 4975 1010 5027 exaudierunt
1036 4989 1145 5042 me;
1179 4976 1386 5031 locutus
1415 4993 1556 5045 sum,
1582 4991 1637 5033 et
1662 4996 1767 5035 non
1796 4983 2082 5036 audierunt
2108 5001 2120 5036 :
2152 4993 2208 5038 et

662 5065 900 5118 fecerunt
938 5065 1132 5118 malum
1163 5065 1214 5120 in
1238 5079 1524 5138 conspectu
1551 5085 1688 5134 meo,
1713 5081 1767 5125 et
1797 5087 1914 5141 quas
1957 5074 2202 5128 nolebam

659 5156 992 5221 elegerunt.»
1037 5155 1381 5220 Quandonam
1427 5168 1603 5212 autem
1651 5171 1925 5215 vocantem
1972 5177 2074 5215 non
2118 5163 2202 5216 in-

663 5245 1012 5310 tellexerunt,
1058 5248 1157 5300 nisi
1202 5249 1414 5316 quando
1444 5263 1677 5318 praesens
1718 5250 1850 5319 ipsis
1895 5251 2199 5316 clamabat,

667 5356 684 5386 ι
711 5335 892 5390 Venite
915 5340 980 5390 ad
1009 5353 1090 5392 me
1114 5353 1322 5404 omnes,
1344 5341 1433 5409 qui
1459 5341 1716 5396 laboratis
1737 5350 1789 5396 et
1815 5343 2024 5397 onerati
2045 5343 2198 5410 estis,

657 5438 712 5481 et
735 5441 835 5496 ego
865 5430 1097 5484 reﬁciam
1129 5446 1222 5487 vos
1243 5431 1320 5485 “‘i
1351 5450 1370 5483 ι

733 5517 891 5574 Vens.
915 5521 968 5576 5.
1007 5539 1026 5574 ι
1054 5521 1246 5579 Audite
1273 5526 1437 5580 verba
1482 5523 1714 5591 Domini,
1748 5524 1838 5595 qui
1877 5524 2104 5580 tremitis
2134 5525 2199 5581 ad

729 5697 775 5729 ³⁸
813 5699 994 5755 Matth.
1024 5716 1095 5756 ιι.
1121 5701 1210 5754 εκ.

2306 4527 2451 4597 λησε.
2491 4547 2509 4579 ι
2561 4530 2633 4582 Uti
2673 4528 2777 4601 γὰρ
2823 4530 2931 4599 ἐμὰ
2965 4529 3158 4593 ταῦτα,
3209 4537 3361 4600 φησι,
3408 4530 3706 4600 θελήματα,
3740 4530 3862 4582 οὐδὲ

2305 4619 2426 4688 ἐμοὶ
2461 4621 2516 4671 αἱ
2547 4619 2654 4672 ὁδοὶ
2682 4613 2859 4684 αὗται,
2889 4621 3022 4674 ἀλλὰ
3044 4621 3142 4692 τῆς
3168 4620 3344 4674 αὐτῶν
3371 4621 3737 4692 προαιρέσεως
3765 4638 3860 4675 κα-

2306 4709 2562 4779 ταθύμια.

2383 4818 2401 4851 t
2437 4802 2544 4854 Καὶ
2594 4801 2703 4870 ἐγὼ
2739 4802 3023 4873 ἐκλέξομαι
3054 4803 3122 4857 τά
3153 4804 3510 4876 ἐμπαίγματα
3539 4804 3738 4871 αὐτῶν,
3765 4805 3860 4858 καὶ

2303 4887 2400 4950 τὰς
2441 4888 2712 4960 ἁμαρτίας
2754 4889 3115 4944 ἀνταποδώσω
3148 4893 3330 4955 αὐτοῖς
3375 4893 3456 4946 ὅτι
3493 4893 3724 4947 ἐκάλεσα
3764 4893 3857 4946 αὑ-

2305 4981 2445 5042 τοὺς,
2501 4981 2593 5033 καὶ
2636 4981 2734 5049 οὐχ
2773 4982 3083 5051 ὑπήκουσάν
3135 5001 3233 5054 μου
3257 5000 3271 5014 ο
3328 4985 3582 5054 ἐλάλησα,
3629 4986 3722 5038 καὶ
3759 4984 3858 5037 οὐκ

2306 5072 2557 5140 ἥκουσαν·
2605 5073 2696 5125 καὶ
2745 5073 3003 5144 ἐποίησαν
3047 5076 3111 5129 τὸ
3157 5077 3388 5148 πονηρὸν
3419 5078 3663 5132 ἐναντίον
3705 5075 3856 5146 ἐμοῦ,

2305 5165 2394 5216 καὶ
2414 5162 2448 5216 ἄ
2479 5168 2577 5216 οὐκ
2605 5163 2899 5234 ἐϐουλόμην
2921 5166 3248 5233 ἐξελέξαντο.
3279 5188 3298 5220 ι
3331 5170 3466 5222 Πότε
3491 5169 3548 5222 δὲ
3575 5168 3858 5226 καλοῦντος

2306 5255 2499 5318 αὐτοὺς
2551 5255 2612 5308 οὐ
2647 5256 2908 5326 συνῆκαν,
2954 5257 2987 5329 ἢ
3021 5259 3110 5313 ὅτε
3157 5261 3340 5323 αὐτοῖς
3372 5259 3671 5331 συντρίϐων
3709 5259 3854 5313 ἐϐόα·

2314 5363 2331 5395 ι
2366 5345 2525 5399 Δεῦτε
2559 5347 2694 5418 πρὸς
2728 5346 2817 5417 μὲ,
2848 5348 3047 5413 πάντες
3076 5351 3124 5403 οἱ
3157 5350 3449 5415 κοπιῶντες
3482 5352 3576 5405 καὶ
3610 5366 3854 5421 πεφορτι-

2307 5438 2512 5506 σμένοι,
2543 5435 2696 5505 κάγὼ
2726 5439 3021 5496 ἀναπαύσω
3048 5441 3225 5511 (apag;
3260 5459 3280 5494 ι

2380 5547 2399 5582 t
2443 5529 2731 5585 Ἀκούσατε
2757 5532 2974 5604 ῥήματα
3004 5532 3206 5605 Κυρίου
3265 5533 3315 5586 oi
3334 5531 3626 5604 τρέμοντες
3657 5531 3746 5586 τὸν
3769 5527 3852 5585 λό-
