4128 6294
234 334 336 392 ΒΗ

1148 334 1653 392 COIIMENTAR‘IA
1690 334 1757 392 IN
1795 335 2049 394 ISAIAI.
2090 365 2160 377 -—
2195 338 2347 396 CAP.
2387 338 2575 397 LX".

238 475 329 527 γον
356 456 544 513 αὑτοῦ.
567 458 796 524 Εἴπατε,
818 456 1035 527 ἀδελφοὶ
1059 457 1235 529 ἡμῶν,
1257 462 1369 522 τοῖς
1394 460 1641 530 μισοῦσιν
1664 461 1778 531 ὐμᾶ

1879 518 1881 524 _
1908 475 2214 517 sermonem
2241 459 2378 529 ejus.
2410 461 2603 524 Dicite,
2628 458 2825 516 fratres
2854 458 3049 527 nostri,
3071 460 3377 517 odientibus
3414 469 3472 515 ct

238 549 330 601 καὶ
370 548 832 619 βδελυσσομὲνοις,
868 549 955 601 ἵνα
989 548 1051 602 τὸ
1087 549 1255 621 ὄνομα
1305 551 1512 620 Κυρίου
1544 550 1795 623 δοξασθῇ,

234 642 326 695 καὶ
352 641 489 713 ὀφθῇ
514 642 572 693 tv
596 642 661 711 τῇ
683 640 987 714 εὐφροσύνῃ
1012 642 1211 709 αὐτῶν,
1245 644 1337 695 καὶ
1364 645 1557 697 ἐκεῖνοι
1577 645 1799 715 αίσχυνι-

234 728 508 800 θήσονται.
558 748 579 781 ι
616 728 983 797 Εὐαγγελικδν
1013 732 1192 794 αὐτοῖς
1225 731 1552 803 παραδίδωσι
1587 733 1799 805 παράγ-

232 822 410 891 γελμα
438 820 593 874 οὐδὲν
615 820 865 893 διαφέρον
899 822 1014 888 τοῦ,
1050 841 1070 876 ‹
1126 824 1396 891 ’Δγαπᾶτε
1418 824 1544 889 τοὺς
1571 824 1796 896 ἐχθροὺς

230 910 402 981 ὑμῶν,
438 909 620 973 καλῶς
645 913 849 965 ποιεῖτε
878 913 1003 975 τοὺς
1048 912 1337 983 μισοῦντας
1369 914 1534 985 ὑμᾶς,
1567 914 1796 986 προσεύ-

232 1001 391 1072 χεσθε
420 1002 561 1075 ὑπὲρ
587 1003 695 1057 τῶν
728 1004 1141 1078 ιπηρεαζόντων
1167 1007 1311 1077 ὑμᾶς
1348 1007 1442 1060 καὶ
1471 1006 1791 1071 διωκόντων,

233 1094 317 1147 ενα
342 1093 573 1164 γένησθε
601 1096 707 1149 υἰοί
733 1096 825 1150 τοῦ
850 1097 1061 1167 Πατρὺς
1090 1097 1241 1168 ὑμῶν
1260 1096 1352 1151 τοῦ
1380 1101 1438 1152 ἑν
1467 1100 1734 1169 οὐρανοῖς.
1767 1117 1793 1150 ι

229 1182 387 1237 οὕτω
415 1185 511 1237 καὶ
545 1186 577 1257 η
608 1185 910 1257 προφητεία
944 1186 1373 1257 παρακελεύεται
1406 1189 1501 1243 καὶ
1530 1189 1787 1243 διδάσκει.

286 1292 321 1325 -ι
362 1275 521 1346 Φωνὴ
559 1277 803 1347 κραυγῆς
835 1277 899 1329 ἐκ
926 1276 1163 1341 πόλεως,
1182 1279 1332 1351 φωνὴ
1364 1280 1429 1332 ὲκ
1456 1278 1605 1341 ναοῦ,
1642 1278 1790 1348 φωνὴ

226 1364 435 1435 Κυρίου
479 1366 915 1430 ἀνταποδιδόντος
944 1367 1297 1421 ἀνταπόδοσιν
1328 1372 1440 1432 τοῖς
1486 1368 1792 1440 ἀντικειμέ-

227 1471 357 1519 νοις.
399 1476 419 1507 ι
449 1456 513 1509 Εἰ
554 1455 661 1527 γὰρ
691 1456 859 1512 ταῦτα
891 1458 1199 1529 πράττοιτο,
1243 1458 1395 1530 ὑμῶν
1430 1460 1530 1531 μὲν
1558 1459 1699 1514 κατὰ
1730 1460 1791 1514 τὸ

225 1545 376 1610 τέλος
400 1547 509 1599 τῶν
532 1547 773 1617 άμοιόῶν
796 1549 1097 1621 εὐφροσύνη
1121 1540 1342 1620 ἔκδηλος
1371 1550 1517 1604 ἔσται
1548 1555 1661 1617 τοῖς
1688 1554 1791 1605 πᾶ-

226 1654 327 1691 σιν·
365 1641 561 1691 ἐκεῖνοι
591 1639 647 1691 δὲ
694 1640 1240 1711 καταισχυνθήσονται
1268 1641 1329 1693 τὺ
1362 1642 1622 1716 ὑμέτερον
1660 1641 1788 1696 θεα-

226 1730 449 1799 σάμενοι
493 1730 661 1794 τέλος,
697 1730 792 1784 καὶ
835 1728 933 1801 τὴν
979 1730 1185 1784 ἑαυτῶν
1215 1730 1486 1786 ἀπώλειαν
1526 1732 1665 1786 κατὰ
1696 1732 1787 1785 τὸν

1898 551 2340 607 abominantibus
2387 565 2498 615 vos,
2542 560 2599 606 ut
2628 566 2823 606 nomen
2858 551 3069 606 Domini
3112 551 3467 622 gloriﬁcetur,

1895 651 1951 698 et
1991 642 2236 697 videatur
2260 641 2315 696 in
2350 641 2531 696 laetitia
2559 656 2767 705 eorum,
2797 650 2853 695 et
2885 642 2959 695 illi
2990 640 3411 698 confundentur.
3439 661 3462 695 ι

1895 732 2267 803 Evangelicum
2302 732 2432 800 ipsis
2465 741 2787 801 pmceptum
2835 732 3029 794 tradit,
3074 731 3210 786 nihil
3254 733 3466 785 discre-

1894 837 2027 893 pans
2052 822 2120 877 ab
2151 835 2238 888 eo,
2275 837 2295 873 ι
2326 820 2541 891 Diligite
2579 822 2829 877 inimicos
2866 832 3113 898 vestros,
3159 822 3466 878 benefacite

1893 914 1982 978 iis,
2012 912 2104 984 qui
2136 904 2365 970 oderunt
2392 928 2508 977 vos,
2536 924 2689 968 orate
2726 928 2826 983 pro
2869 911 3228 983 amigentibus
3263 925 3317 970 et
3345 929 3465 984 per-

1892 1002 2240 1073 sequentibus
2272 1018 2403 1069 vos;
2445 1016 2504 1056 ut
2545 1004 2665 1057 sitis
2700 1001 2793 1055 lilii
2827 1000 3005 1056 Patris
3040 1004 3229 1067 vestri,
3259 1002 3350 1071 qui
3380 1011 3466 1056 est

1892 1100 1947 1150 in
1976 1094 2127 1151 oculis
2149 1096 2216 1151 “.
2245 1114 2264 1147 ι
2304 1095 2502 1150 Eadem
2532 1110 2756 1164 prorsus
2787 1096 3031 1167 praecipit
3057 1105 3110 1150 et
3145 1096 3300 1150 docet
3332 1110 3463 1163 pro-

1890 1185 2094 1255 phetia.

1962 1274 2123 1331 Vens.
2149 1274 2201 1329 6.
2240 1293 2258 1327 ι
2289 1274 2403 1330 Vox
2446 1274 2697 1329 clamoris
2736 1287 2803 1329 ex
2845 1274 3085 1338 civitate,
3126 1287 3229 1327 vox
3261 1287 3292 1327 e
3325 1282 3463 1328 tem-

1890 1365 1997 1437 plo.
2023 1380 2123 1421 vox
2156 1364 2366 1419 Domini
2398 1365 2744 1419 retribuentis
2773 1362 3181 1418 retributionem
3212 1362 3463 1415 advers»

1894 1457 2043 1511 riis.»
2077 1455 2208 1510 Nam
2235 1457 2277 1510 si
2317 1457 2428 1509 lucc
2459 1465 2705 1523 agantur,
2737 1454 2915 1508 laetitia
2945 1464 3145 1517 vestra,
3170 1452 3463 1507 accedente

1889 1546 2231 1613 pramiorum
2268 1554 2527 1612 tempore,
2570 1544 2823 1597 omnibus
2873 1543 3159 1597 manifesta
3198 1544 3342 1597 erit:
3382 1541 3458 1596 illi

1888 1648 2017 1687 vero
2084 1632 2243 1686 ﬁnem
2308 1642 2545 1687 vestrum
2606 1633 2900 1701 conspicati
2955 1631 3349 1687 confundentur
3401 1641 3461 1689 et

1888 1739 2041 1779 suam
2086 1723 2274 1792 judicii
2329 1724 2493 1778 divini
2554 1732 2796 1793 tempore
2854 1726 3146 1793 perniciem
3201 1724 3462 1796 cperibus

222 1820 320 1892 τῆς
349 1820 741 1892 δικαιοκρισίας
772 1822 959 1893 καιρὸν
982 1821 1077 1875 τοῦ
1106 1822 1240 1875 Θεοῦ
1270 1822 1449 1893 ἔργοις
1479 1823 1779 1894 μαθησόμε-

1891 1816 2145 1870 ediscant.
2176 1832 2194 1865 ι
2221 1812 2351 1874 ,νοι
2403 1814 2654 1868 clamoris
2711 1829 2777 1885 ex
2811 1815 3048 1878 civitate,
3107 1828 3209 1867 vox
3249 1829 3281 1870 e
3312 1823 3455 1868 tem-

222 1932 319 1968 νοι.
374 1932 397 1965 ε
433 1916 589 1985 Φωνὴ
621 1914 868 1986 κραυγῆς
909 1916 974 1967 sit
1006 1914 1231 1979 πόλεως,
1284 1916 1434 1986 φωνὴ
1481 1918 1543 1970 ἐκ
1575 1915 1723 1982 ναοῦ,
1760 1935 1778 1967 ι

221 2006 279 2058 αἰ
324 2006 423 2075 μὲν
450 2002 511 2069 ὲξ
536 2006 701 2075 αὐτῆς
727 2007 826 2074 τῆς
853 2005 1061 2069 πόλεως
1093 2005 1199 2059 τῶν
1230 2006 1525 2076 οἰκητόρων
1556 2006 1787 2059 ὲκὸοών-

219 2114 348 2160 των,
380 2098 435 2150 αἰ
471 2096 529 2150 δι
572 2096 631 2161 ιε
667 2096 830 2151 αὐτοῦ
856 2095 951 2150 τοῦ
982 2097 1131 2163 ναοῦ,
1172 2098 1279 2151 τῶν
1326 2098 1513 2169 ἱερέων
1541 2099 1633 2153 καί
1676 2100 1783 2153 τῶν

219 2188 420 2242 λοιπῶν
447 2188 770 2259 λειτουργῶν
797 2188 1260 2258 άποκλαιομένων.

294 2298 314 2331 ι
345 2280 485 2349 Πρὶν
515 2280 612 2350 τὴν
651 2278 945 2333 ὠδίνουσαν
968 2282 1167 2345 τεκεῖν,
1196 2279 1327 2349 πρὶν
1356 2280 1527 2333 ἐλθεῖν
1556 2280 1646 2334 τὸν
1680 2280 1781 2333 πό-

219 2388 307 2424 νον
355 2371 467 2425 τῶν
513 2371 737 2438 ὠδίνων,
786 2372 1036 2443 ἐξέφυγε,
1082 2373 1175 2425 καί¹
1220 2372 1401 2425 ἔτεκεν
1451 2372 1634 2445 ἄρσεν.
1686 2373 1782 2437 Τίς

217 2462 416 2532 ἢκουσε
464 2461 705 2527 τοιοῦτος
739 2462 833 2517 καὶ
884 2462 962 2526 τίς
999 2460 1239 2533 ἑώρακεν
1283 2462 1489 2527 οὕτως;
1530 2463 1593 2515 Εἰ
1626 2460 1781 2516 ῶδινε

217 2552 287 2619 γῆ
319 2552 379 2602 ὲν
419 2552 601 2621 ἡμέρᾳ
635 2552 753 2621 μιᾷ,
786 2551 819 2622 ἢ
870 2551 963 2604 καὶ
994 2551 1183 2621 ἐτέχθη
1218 2550 1369 2614 ἔθνος
1406 2551 1660 2618 εἰσάπαξ,
1696 2552 1779 2605 ὅτι

214 2638 374 2694 ὢδινε
402 2642 498 2694 καὶ
527 2640 680 2694 ἔτεκε
711 2640 851 2695 Σιὼν
877 2641 945 2695 τὰ
972 2643 1160 2696 παιδία
1192 2644 1359 2713 αὐτῆς
1383 2660 1397 2707 ;
1441 2661 1460 2694 s
1498 2643 1572 2695 Τὸ
1601 2642 1781 2696 θεοσε-

215 2733 310 2796 Gtc
350 2733 671 2802 πολίτευμα,
704 2734 796 2787 καὶ
823 2735 855 2805 ἠ
890 2734 1046 2805 καινὴ
1076 2736 1169 2787 καὶ
1196 2734 1289 2787 νέα
1324 2733 1479 2797 Σιὼν,
1518 2734 1715 2804 δηλαδὴ
1744 2734 1777 2804 ἡ

228 2822 521 2893 Ἐκκλησία
562 2821 655 2877 τοῦ
699 2820 857 2885 Θεοῦ,
890 2824 922 2892 η
960 2822 1028 2875 δι’
1070 2822 1222 2893 ὑμῶν
1256 2822 1649 2893 συστησομένη,
1691 2838 1778 2874 το-

206 2911 407 2964 ’σοῦτον
438 2911 647 2982 ἀθρόως
678 2912 925 2982 γεννήσει
957 2910 1159 2982 πλῆθος
1187 2910 1355 2965 ὲθνῶν
1392 2912 1485 2964 καὶ
1509 2911 1671 2976 λαῶν,
1702 2911 1777 2976 ὡς

216 3004 553 3074 ἐκπλαγῆναι
579 3004 667 3056 τὸν
693 3002 977 3056 ἀκούοντα.
1006 2997 1107 3056 Οἷα
1129 3002 1237 3075 γάρ
1255 3020 1339 3065 τις
1364 3002 1620 3074 ἐγκύμων
1640 3001 1777 3073 γυνὴ

214 3094 355 3149 κατὰ
404 3094 637 3164 γαστρὸς
686 3094 902 3165 ἔχουσα,
942 3093 1208 3165 μηδεμιᾶς
1249 3094 1435 3158 ὠδῖνος
1482 3111 1777 3167 προσγενο-
1802 3132 1845 3191 c

216 3187 403 3256 μένης,
452 3186 712 3254 αἰφνίδιον
752 3187 1058 3256 γεννήσειε,
1106 3186 1200 3239 καὶ
1242 3184 1399 3239 τοῦτο
1453 3188 1635 3258 ἄρσεν·
1683 3188 1773 3242 τὸν

212 3277 375 3330 αὐτὸν
402 3277 601 3348 τρόπον
634 3276 786 3347 καὶὴ
820 3275 916 3330 νέα
954 3276 1089 3329 Σιὼν
1134 3276 1261 3331 λαὸν
1307 3277 1489 3329 καινὸν
1523 3279 1615 3331 καὶ¹
1656 3278 1774 3331 ὅλον

209 3369 366 3432 ἔθνος
391 3367 622 3434 εἰσάπαξ
651 3367 859 3439 ἀθρόως
887 3367 1127 3433 τέξεται·
1161 3368 1236 3429 ὡς
1263 3363 1399 3421 εἶναι
1426 3365 1490 3420 τδ
1530 3370 1636 3421 πᾶν
1666 3384 1769 3421 πα-

216 3458 586 3529 ραδοξότατον,
617 3450 728 3511 οἷον
755 3456 1095 3511 οὑδεταῢποτε
1125 3457 1389 3527 ἠκούσθη.
1430 3459 1501 3511 Τὸ
1538 3460 1635 3528 μὲν
1666 3458 1775 3530 γὰρ

213 3547 490 3601 Ἰουδαίων
528 3546 698 3611 ἔθνος,
739 3546 832 3601 καὶ
864 3545 1025 3609 αὐτὸς
1062 3548 1089 3600 ό
1152 3546 1385 3619 Ἰσραὴλ,
1436 3548 1533 3601 οὐκ
1566 3548 1773 3619 ἀθρόως

204 3640 493 3711 παρέστη·
525 3637 657 3692 ἀλλὰ
694 3637 905 3707 πρῶτος
940 3638 1036 3707 μὲν
1069 3632 1137 3708 ἦν
1163 3638 1341 3691 αὐτῶν
1377 3640 1406 3693 ό
1454 3640 1767 3710 προπάτωρ·

206 3730 401 3783 τούτου
435 3729 495 3782 δὲ
536 3729 789 3797 γεγόνασι
823 3730 1008 3794 παῖδες
1043 3728 1127 3801 ιβ’·
1161 3726 1258 3783 εἴτ’
1288 3729 1345 3797 ἐξ
1381 3731 1499 3795 ἑνὸς
1544 3732 1771 3786 ἑκάστου

205 3822 313 3875 υἱοί
353 3838 415 3874 τε
449 3821 544 3874 καὶ
574 3820 886 3891 θυγατέρες·
931 3814 1007 3875 ὧν
1049 3820 1155 3874 υἰοί
1197 3839 1257 3873 τε
1300 3821 1393 3875 καὶ
1437 3821 1647 3889 ἔκγονοι
1678 3821 1773 3874 καὶ

204 3913 468 3982 ἀπόγονοι
498 3912 824 3983 ὑπέστησαν·
860 3912 999 3965 οῦτω
1029 3928 1088 3964 τε
1121 3912 1261 3965 κατὰ
1288 3912 1385 3981 τὴν
1429 3912 1535 3964 τῶν
1572 3911 1771 3981 γονέων

204 4002 459 4073 διαδοχὴν
485 4004 541 4053 ὲν
572 4000 775 4053 πλείοσι
799 4001 1009 4071 χρόνοις
1038 4001 1131 4053 καὶ
1178 4002 1236 4053 ὲν
1265 4000 1535 4071 διαφόροις
1563 4004 1770 4069 γενεαῖς

204 4093 443 4162 συνέστη
466 4092 527 4145 τὸ
558 4094 664 4145 πᾶν
689 4091 865 4145 αὐτῶν
890 4090 1057 4154 ἔθνος.

280 4204 303 4238 ε
353 4182 498 4251 Ἐγὼ
525 4183 581 4236 δὲ
613 4183 785 4236 ἔδωκα
814 4182 911 4253 τὴν
949 4180 1269 4253 προσδοκίαν
1296 4183 1518 4253 ταύτην,
1552 4181 1646 4235 καὶ
1673 4181 1771 4235 οὐκ

200 4276 486 4349 ἐμνήσθης
518 4291 637 4345 μου,
673 4270 791 4327 εἷπε
820 4276 1039 4344 Κύριος.
1075 4273 1187 4327 Οὐκ
1218 4273 1325 4328 ίδοὺ
1358 4271 1468 4341 ἐγὼ
1499 4273 1771 4343 γεννῶσαν

200 4370 297 4422 καὶ
329 4367 557 4437 στείραν
588 4365 834 4436 ἐποίησα,
867 4361 1015 4418 εἶπεν
1039 4366 1067 4417 ὁ
1102 4363 1233 4428 Θεός
1266 4380 1393 4429 σου;
1432 4384 1450 4417 ι
1493 4366 1649 4419 Κατὰ
1677 4365 1766 4420 τὸν

1885 1906 1989 1975 plo.
2018 1924 2036 1955 ι
2079 1903 2248 1959 Voces
2291 1903 2503 1973 quidem
2535 1903 2654 1957 alia:
2690 1905 2885 1959 civium
2924 1905 3341 1959 exclamantium
3386 1919 3457 1959 ex

1884 1998 2134 2058 civitate,
2206 1996 2323 2049 aliae
2393 2010 2458 2047 ex
2521 1995 2718 2062 templo
2796 1996 3041 2059 emissae,
3111 1997 3453 2050 sacerdotum

1885 2097 2314 2155 caeterorumque
2403 2086 2773 2139 ministrorum
2850 2085 3176 2155 lugentium,
3257 2085 3455 2139 futura:

1882 2189 2029 2233 sunt.

1953 2270 2115 2323 Vens.
2142 2268 2198 2333 7,
2224 2266 2277 2325 8.
2315 2285 2335 2319 ι
2367 2268 2670 2337 Antequam
2712 2270 3020 2339 parturiens
3056 2270 3264 2339 pariat,
3300 2279 3453 2325 ante-

1880 2377 2040 2430 quam
2088 2362 2303 2417 veniant
2350 2361 2562 2415 dolores
2609 2373 2826 2431 partus,
2871 2360 3096 2431 eﬂ'ugit,
3144 2373 3198 2416 et
3241 2363 3451 2431 peperit

1881 2452 2197 2507 masculum.
2226 2450 2359 2516 Quis
2403 2452 2607 2505 audivit
2647 2452 2788 2506 tale?
2828 2462 2881 2507 et
2912 2455 3036 2523 quis
3069 2456 3200 2507 vidit
3241 2454 3452 2509 simile?

1879 2542 2016 2599 Num
2056 2546 2345 2614 parturivit
2391 2554 2535 2599 terra
2578 2545 2664 2599 die
2695 2559 2821 2609 una,
2865 2560 2990 2599 num
3037 2554 3159 2598 nata
3202 2556 3283 2599 est
3318 2559 3450 2613 gens

1878 2634 2067 2700 simul,
2122 2637 2246 2705 quia
2306 2637 2593 2705 parturivit
2638 2650 2692 2690 et
2748 2636 2955 2706 peperit
3008 2635 3137 2690 Sion
3192 2638 3449 2705 parvulos

1878 2726 2073 2781 suos?»
2108 2727 2202 2781 Pia
2237 2727 2446 2797 religio,
2472 2740 2526 2781 et
2555 2741 2693 2779 nova
2721 2740 3016 2793 recensque
3046 2724 3198 2787 Sion,
3230 2726 3447 2781 scilicet

1877 2816 2116 2871 Ecclesia
2162 2816 2283 2883 Dei,
2330 2832 2426 2887 per
2470 2832 2564 2871 vos
2612 2816 3011 2882 constituenda,
3060 2826 3263 2871 tantam
3314 2831 3447 2870 con—

1878 2910 2056 2963 tertim
2085 2912 2325 2979 gentium
2355 2920 2409 2964 et
2446 2908 2762 2979 populorum
2804 2907 3207 2960 multitudinem
3244 2909 3421 2976 pariet

1878 3013 1937 3059 nt
1966 3004 2058 3074 qui
2090 3004 2320 3057 audierit
2346 3001 2713 3072 Obstupescat.
2745 3002 2959 3055 Atenim
2987 3002 3445 3070 quemadmodum

1878 3095 1922 3151 si
1961 3094 2154 3150 mulier
2196 3096 2437 3162 quaedam
2476 3103 2691 3148 uterum
2744 3102 2963 3163 gestans
3016 3107 3078 3147 ac
3130 3108 3438 3164 praegnans,

1876 3187 1994 3242 sine
2024 3186 2132 3240 ullo
2164 3186 2348 3239 dolore
2402 3193 2625 3255 repente
2676 3182 2973 3237 masculum
3030 3185 3241 3251 pariat;
3278 3187 3355 3238 sic
3389 3196 3447 3241 et

1875 3290 2012 3330 nova
2048 3274 2175 3331 Sion
2211 3275 2465 3344 populum
2513 3290 2710 3329 novum
2732 3314 2748 3338 ,
2792 3282 2848 3330 et
2888 3276 3195 3330 universam
3229 3288 3447 3347 gentem

1874 3366 2035 3423 semel
2060 3375 2115 3421 et
2144 3364 2424 3421 confertim
2460 3366 2667 3435 pariet;
2708 3365 2781 3419 ita
2814 3374 2873 3419 ut
2904 3367 3171 3434 stupenda
3206 3382 3292 3421 res
3326 3376 3443 3423 tota

1873 3456 1963 3518 sit,
2002 3454 2177 3524 qualis
2216 3456 2395 3509 audita
2436 3469 2708 3524 nunquam
2741 3454 2862 3508 l'uit.
2906 3452 3215 3509 Judaeorum
3246 3460 3445 3526 quippe

1875 3547 2019 3600 natio
2043 3553 2099 3600 et
2138 3545 2249 3613 ipse
2286 3543 2447 3599 Israel
2495 3558 2601 3598 non
2650 3543 2937 3598 confertim
2991 3545 3285 3613 productus
3312 3556 3439 3601 est:

1874 3652 1996 3692 nam
2043 3638 2191 3707 prior
2229 3636 2443 3705 quidem
2497 3636 2598 3690 fuit
2644 3651 2832 3691 eorum
2883 3638 3237 3706 progenitor:
3281 3638 3443 3706 hujus

1872 3742 1999 3781 vero
2030 3727 2312 3782 duodecim
2356 3725 2512 3781 fuere
2542 3726 2636 3781 lilii
2675 3745 2692 3782 ε
2737 3727 2863 3781 hinc
2895 3742 2962 3781 ex
3003 3728 3230 3797 singulis
3261 3729 3355 3782 lilii
3389 3738 3445 3783 et

1872 3816 2015 3885 ﬁlias,
2042 3818 2237 3887 quibus
2270 3818 2395 3871 item
2429 3818 2522 3872 ﬁlii
2563 3826 2617 3871 et
2662 3826 2888 3887 nepotes
2920 3826 2973 3871 et
3004 3818 3298 3887 abnepotes
3334 3822 3441 3874 orti

1872 3920 2014 3974 surt,
2057 3920 2218 3979 atque
2255 3910 2325 3962 ita
2359 3924 2454 3979 per
2484 3919 2764 3978 parentum
2796 3908 3218 3973 successionem,
3250 3909 3437 3964 multis

1872 4014 2130 4053 annorum
2178 4000 2487 4064 curriculis,
2531 4008 2585 4053 et
2620 3997 3268 4075 variisgenerationibus
3318 4002 3440 4054 uni-

1869 4102 2080 4143 versum
2108 4106 2274 4160 genus
2302 4105 2489 4146 eorum
2519 4089 2780 4144 constitit.

1942 4180 2104 4235 Vsus.
2134 4182 2187 4237 9.
2234 4200 2251 4231 ι
2282 4182 2395 4251 Ego
2430 4194 2561 4233 vero
2595 4180 2716 4233 dedi
2766 4191 3224 4249 exspectationem
3272 4181 3433 4246 hanc,

1870 4284 1923 4332 et
1960 4291 2065 4329 non
2103 4273 2416 4328 recordatus
2456 4286 2514 4327 es
2555 4272 2693 4337 mei,
2738 4272 2877 4326 dixit
2921 4272 3199 4327 Dominus.
3251 4272 3439 4329 Nonne

1868 4383 1967 4438 ego
1996 4368 2301 4437 gignentem
2342 4373 2396 4417 et
2428 4362 2665 4418 sterilem
2698 4364 2832 4427 feci,
2863 4364 2997 4418 dixit
3040 4366 3179 4419 Deus
3228 4366 3389 4419 tuus?
3412 4386 3432 4418 ι

200 4459 365 4511 αὑτὸν
389 4458 451 4511 δὲ
476 4458 674 4530 τρόπον
704 4455 850 4527 εὖροι
884 4456 949 4510 ἄν
974 4473 1058 4519 τις
1088 4456 1180 4509 καὶ
1206 4456 1273 4509 τὰ
1295 4456 1455 4509 λοιπὰ
1488 4456 1610 4527 ἔθνη
1645 4457 1768 4527 χρόα

1879 4460 2067 4514 Eodem
2104 4470 2324 4526 prorsus
2365 4455 2521 4509 modo
2550 4454 2685 4509 alias
2717 4471 2931 4526 quoque
2975 4466 3165 4525 gentes
3211 4473 3437 4511 numero

200 4566 316 4612 νοις
351 4551 433 4611 εἰς
481 4548 677 4618 πλῆθος
713 4546 1095 4601 ὲπιδεδωκότα·
1145 4548 1173 4599 ό
1216 4548 1273 4601 δὲ
1309 4549 1406 4619 τῆς
1448 4549 1769 4619 Ἐκκλησίας

198 4638 299 4693 τοῦ
329 4637 467 4692 Θεοῦ
497 4638 623 4703 λαὸς
653 4638 861 4709 ἀθρόως
883 4638 971 4707 ὑφ’
1000 4639 1095 4691 ἕνα
1122 4640 1309 4711 καιρὸν
1338 4642 1429 4693 καὶ
1457 4640 1642 4714 ῶσπερ
1666 4643 1770 4695 ὑπὸ

206 4731 340 4803 μίαν
380 4730 592 4800 ἡμέραν
628 4729 862 4800 δπλήρου
904 4730 972 4783 τὰ
1017 4730 1241 4783 πλεῖστα
1286 4732 1426 4803 μέρη
1452 4734 1553 4803 τῆς
1588 4734 1767 4787 οἰκου-

203 4822 411 4893 μένης·
449 4819 476 4872 θ
518 4819 581 4890 δὴ
612 4819 815 4886 ξενίζον
858 4822 1084 4893 πρᾶγμα
1116 4824 1211 4875 καὶ
1248 4822 1521 4895 θαύματος
1567 4825 1767 4888 παντὸς

201 4912 468 4965 ἐπέκεινα
516 4911 755 4982 ὑπάρχον
791 4911 913 4965 οὗτε
960 4913 1232 4985 ὀφθαλμὸς
1273 4914 1483 4987 ἑώρακε
1526 4915 1764 4983 πώποτε,

201 5002 330 5056 οὔτε
362 4997 457 5063 οὖς
484 5001 699 5072 ἧκουσε.

277 5112 301 5145 ε
338 5092 705 5163 Εὐφράνθητι,
749 5093 1117 5166 Ἰερουσαλὴμ,
1151 5098 1244 5151 καὶ
1274 5098 1679 5169 πανηγυρίσατε
1709 5100 1767 5153 ὲν

198 5186 371 5253 αὐτῇ,
403 5184 601 5247 πάντες
620 5185 667 5236 οἱ
689 5184 1002 5251 ἀγαπῶντες
1032 5188 1217 5257 αὑτήν.
1249 5187 1464 5259 Χάρητε
1486 5188 1602 5257 ἅμα
1629 5190 1764 5261 αὐτῇ

200 5275 356 5349 χαρᾷ
382 5274 580 5337 πάντες
620 5274 734 5327 ὅσοι
762 5275 1004 5328 πενθεῖτε
1038 5276 1122 5329 ἐπ’
1150 5279 1306 5349 αὐτῇ,
1341 5280 1427 5331 ἵνα
1471 5279 1757 5351 θηλάσητε,

199 5367 301 5421 καὶ
350 5364 695 5435 ὲμπλησθῆτε
736 5366 843 5419 ἀπὸ
884 5366 1085 5437 μαστοῦ
1135 5371 1527 5441 παρακλήσεως
1574 5372 1761 5443 αὐτῆς,

202 5457 291 5512 ενα
331 5453 723 5524 ὲκθηλάσαντες
765 5462 1077 5529 τρυφήσητε
1111 5461 1219 5514 άπὸ
1254 5463 1457 5514 εἰσόδου
1481 5461 1637 5532 δόξης
1662 5465 1763 5517 af»-

196 5548 328 5620 τῆς.
365 5566 385 5598 ι
416 5543 649 5615 Χαίρετε
680 5551 775 5603 καὶ
807 5550 1150 5619 ἀγαλλιᾶσθε,
1182 5552 1256 5616 ὡς
1292 5552 1570 5623 μέλλοντες
1602 5554 1762 5623 ἐμπί-

270 5733 318 5768 ⁸¹
350 5732 543 5790 ﬂatth.
575 5746 631 5796 7,
654 5728 744 5785 Η.

1874 4566 1936 4605 ac
1974 4548 2316 4604 multitudine
2346 4561 2467 4601 cum
2512 4554 2751 4615 tempore
2796 4557 2984 4601 auctas
3026 4548 3297 4617 reperias;
3339 4546 3434 4603 Dei

1874 4652 2051 4695 autem
2103 4638 2356 4694 Ecclesia:
2403 4638 2658 4708 populus,
2707 4638 2990 4692 confertim
3036 4653 3249 4707 unoque
3294 4648 3434 4692 tem-

1872 4750 2029 4805 pore,
2074 4743 2126 4787 et
2182 4732 2333 4801 quasi
2380 4748 2483 4785 una
2538 4732 2660 4797 die,
2697 4732 2986 4785 maximam
3031 4730 3179 4786 orbis
3225 4742 3433 4800 partem

1871 4825 2129 4897 implevit.
2165 4824 2339 4891 Quam
2380 4838 2493 4877 rem
2538 4838 2669 4878 sane
2711 4814 3027 4893 stupendam
3087 4826 3434 4894 omniumque

1870 4916 2358 4980 mirabilissimam,
2413 4928 2511 4968 nec
2540 4912 2728 4969 oculus
2770 4927 3007 4984 unquam
3046 4912 3288 4978 viderat,
3334 4929 3434 4969 nec

1867 5009 2011 5062 auris
2038 5007 2300 5062 audierat.

1938 5096 2215 5162 Vens.10,
2251 5098 2336 5155 ll.
2376 5115 2395 5149 ι
2425 5095 2648 5164 Laetare,
2675 5094 2993 5164 Jerusalem,
3024 5104 3078 5150 et
3106 5104 3431 5150 conventum

1866 5186 2024 5242 facile
2064 5189 2117 5240 in
2144 5202 2233 5253 ea,
2277 5200 2467 5241 omnes
2491 5186 2581 5254 qui
2612 5185 2832 5254 diligitis
2860 5200 3001 5239 eam.
3041 5185 3281 5238 Gaudete
3308 5199 3429 5238 cum

1865 5293 1928 5334 ea
1956 5278 2150 5348 gaudio
2177 5292 2366 5332 omnes
2393 5286 2657 5347 quotquot
2688 5276 2885 5346 lugetis
2928 5290 3090 5342 super
3125 5290 3212 5341 ea,
3244 5285 3301 5327 ut
3339 5290 3431 5329 su-

1867 5371 2026 5440 gatis,
2057 5378 2111 5423 et
2148 5368 2479 5438 impleamini
2525 5370 2594 5423 ab
2645 5368 2810 5421 ubere
2855 5366 3237 5421 consolationis
3276 5365 3427 5433 ejus;

1867 5472 1927 5515 ut
1964 5472 2245 5531 postquam
2282 5460 2561 5524 suxeritis,
2591 5459 2928 5514 delectemini
2961 5457 3028 5511 ab
3062 5458 3282 5511 introitu
3316 5457 3428 5525 glo-

1867 5555 1962 5610 riae
1988 5556 2120 5626 ejus.
2148 5573 2167 5607 ι
2205 5552 2449 5611 Gaudete
2483 5562 2538 5607 et
2572 5550 2856 5617 exsultate,
2886 5560 3067 5620 utpote
3093 5564 3160 5606 eo
3186 5548 3428 5615 lruituri,
