4128 6294
722 364 837 421 519

1389 358 1652 415 EUSEBII
1686 355 2148 416 CESABIENSIS
2184 355 2331 414 OPP.
2371 353 2546 410 PARS
2585 352 2675 408 lll.
2714 381 2784 394 ——
2821 347 3228 406 EXEGETICA.

727 477 821 546 qui
858 475 1037 544 statim
1065 489 1276 546 unoque
1314 483 1555 544 tempore
1582 474 1876 530 masculum
1917 474 2168 545 papulum
2205 472 2269 528 ibi

2380 471 2612 524 πλασθαι
2639 466 2734 522 τοῦ
2773 470 2830 521 ἐν
2861 466 2994 536 αὐτῇ
3032 464 3243 536 ἀθρόως
3276 463 3648 534 ’γεννήσαντος
3689 459 3818 514 λαδν
3855 459 3924 530 τῷ

733 569 840 622 Deo
862 567 1176 638 genuit,.ac
1214 574 1396 635 utpote
1427 566 1665 636 replendi
1707 566 1864 628 lacte,
1890 565 1958 620 ad
1988 564 2267 619 infantium

723 657 897 728 ipsius
922 655 1231 711 alimentum
1257 663 1462 724 parata,
1489 655 1630 726 quod
1671 669 1801 711 sane
1824 655 1910 709 lac
1935 655 2265 724 rationabile,

728 756 959 816 utraque
998 761 1066 800 ex
1113 747 1275 800 ubere
1311 743 1635 813 eﬂundetur,
1663 763 1728 803 ex
1767 746 1948 802 Veteri
1987 761 2177 817 nempe
2215 757 2269 801 et

730 836 880 891 Nova
930 836 1290 891 Testamento.
1341 835 1418 889 Ea
1467 838 1725 894 ambabus
1765 839 1911 895 enim
1966 837 2268 908 huiusmodi

729 924 998 988 uberibus,
1023 923 1088 978 de
1111 923 1308 994 quibus
1333 925 1531 980 dicitur
1555 927 1609 980 in
1650 926 1870 982 Cantica
1899 927 1966 991 ⁸⁸,
2005 945 2024 979 ι
2053 926 2269 982 Meliora

718 1022 848 1068 sunt
875 1016 1035 1066 ubera
1062 1018 1152 1065 tua
1190 1013 1333 1077 vino,
1382 1029 1403 1064 ι
1435 1013 1739 1070 rationabili
1759 1021 1816 1070 et
1837 1015 1955 1070 sine
1979 1014 2104 1071 dolo
2129 1015 2268 1072 lacte

727 1100 974 1173 puerulos
1022 1102 1304 1172 irrigabit,
1347 1104 1530 1176 sicque
1578 1104 1848 1175 perfectos
1893 1106 2148 1175 producet
2182 1108 2268 1162 vi-

727 1207 840 1248 ros.

795 1283 958 1340 Vna.
985 1283 1070 1338 12.
1114 1283 1290 1352 «Quia
1327 1283 1442 1339 haec
1484 1282 1617 1338 dicit
1661 1283 1949 1353 Dominus,
1992 1287 2128 1343 Ecce
2170 1302 2270 1358 ego

725 1375 937 1430 declina
967 1375 1035 1429 ad
1063 1388 1155 1430 eas
1180 1375 1330 1442 quasi
1366 1374 1553 1430 ﬂuvios
1601 1377 1767 1446 pacis,
1798 1387 1851 1430 et
1881 1379 2031 1447 quasi
2065 1389 2272 1434 torren-

725 1477 828 1534 tes,
859 1466 1122 1520 inundans
1150 1465 1370 1534 gloriam
1412 1454 1668 1534 gentium.
1697 1466 1908 1522 Parvuli
1955 1483 2139 1524 eorum
2179 1471 2270 1524 bu-

726 1559 888 1614 meris
923 1561 1300 1629 portabuntur,
1326 1564 1380 1611 et
1406 1573 1567 1626 super
1599 1573 1767 1627 genua
1799 1559 2264 1618 consolabuntur.»

723 1648 1077 1705 Consolatorii
1133 1650 1316 1718 itaque
1363 1657 1419 1702 et
1470 1648 1536 1702 ad
1587 1648 1862 1704 leniendas
1919 1651 2270 1720 simpliciores

724 1742 928 1797 animos
972 1741 1276 1796 concinnati
1310 1756 1604 1804 sermones.
1631 1741 1711 1796 lac
1739 1753 2034 1812 opportune
2068 1757 2271 1798 vocan-

2371 559 2490 630 Θεῷ
2504 546 2842 631 ἀρῤεναξκαὶ
2860 554 3126 624 γάλακτος
3150 551 3546 626 ἐκπληροῦσθαι
3571 553 3650 616 εις
3667 550 3926 621 ἐκτροφήν

2371 651 2476 705 τῶν
2502 651 2670 722 αὐτῆς
2695 649 2918 721 νηπίων.
2966 648 3031 701 Ὃ
3061 646 3126 717 δή
3157 645 3370 714 λογικὸν
3399 643 3539 714 γάλα
3569 643 3680 697 ἀπὸ
3707 641 3816 696 τῶν
3838 641 3924 696 δῦο

2373 741 2548 814 θηλῶν
2587 741 2755 811 αὐτῆς
2781 739 2983 811 ῥεύσει,
3028 738 3267 802 unus;
3294 735 3489 807 δηλαδή
3527 736 3623 789 καὶ
3643 733 3792 798 Νέας
3811 734 3925 787 Δια-

2374 833 2562 905 θήκης.
2602 832 2693 897 Ἐξ
2729 831 3050 904 ἀμφοτέρων
3080 829 3190 901 γὰρ
3211 829 3423 888 τούτων
3465 828 3572 882 τῶν
3602 826 3807 896 εαυτῆς
3834 841 3924 896 μα-

2373 926 2501 991 ζῶν,
2529 926 2658 997 περὶ
2685 919 2759 980 ὧν
2789 926 3000 996 εἴρηται
3023 922 3118 977 καὶ
3154 924 3211 975 ἐν
3235 920 3314 992 τῷ
3344 921 3600 992 ’ᾼσματι,
3622 920 3704 973 δτι
3737 937 3756 970 ι
3781 920 3927 984 1T6-

2375 1015 2458 1069 θοὶ
2483 1016 2532 1068 oi
2565 1014 2758 1086 μαστοί
2785 1031 2877 1068 σου
2910 1013 3049 1084 ὑπὲρ
3082 1011 3244 1076 οἶνον,
3279 1029 3298 1062 ι
3333 1013 3447 1074 τοῖς
3482 1008 3683 1079 ἐαυτῆς
3726 1005 3926 1078 νηπίοις

2373 1106 2679 1178 ἐπάρδουσα
2717 1125 2736 1158 ι
2771 1105 2832 1158 τὸ
2869 1105 3082 1173 λογικὸν
3117 1103 3215 1158 καὶ
3253 1101 3442 1157 ἄδολον
3482 1100 3645 1170 γάλα,
3679 1117 3701 1154 ι
3736 1098 3926 1171 Mm

2375 1197 2631 1268 προσάξει
2663 1196 2919 1260 τελείους.

2448 1305 2468 1339 ι
2500 1288 2618 1340 Ὀτι
2647 1285 2772 1341 τάδε
2815 1285 2960 1354 λέγει
2998 1285 3233 1357 Κύριος·
3286 1283 3417 1339 Ἰδοὺ
3454 1281 3563 1353 ἐγὼ
3588 1282 3823 1337 ἐκκλίνει)
3846 1282 3920 1347 εις

2372 1378 2568 1441 αὐτοὺς
2605 1379 2680 1441 ὡς
2719 1379 2994 1447 ποταμοὺς
3032 1378 3275 1448 εἰρήνης,
3323 1377 3417 1430 καὶ
3464 1375 3539 1438 ὡς
3574 1375 3924 1447 χειμάρρους,

2373 1467 2678 1532 ἐπικλύζων
2704 1467 2860 1533 δόξαν
2897 1466 3086 1522 ἐθνῶν.
3123 1467 3204 1520 Τὰ
3229 1467 3416 1521 παιδία
3451 1466 3628 1520 αὐτῶν
3651 1466 3742 1520 ἐπ’
3767 1465 3924 1538 ὤμων

2373 1560 2714 1632 ἀρθήσονται,
2747 1560 2840 1614 καὶ
2867 1559 2959 1613 ἐπὶ
2981 1556 3220 1628 γονάτων
3243 1557 3775 1630 παρακληθήσονται.
3815 1575 3836 1610 ε
3862 1558 3924 1611 0i

2372 1648 2500 1718 γοῦν
2526 1649 2673 1718 λόγοι
2701 1651 2749 1703 oi
2792 1649 3186 1721 παρακλητικοὶ
3225 1651 3319 1704 καὶ
3352 1647 3798 1720 παραμυθητιιεοὶ

2372 1739 2729 1811 ἀτελεστέρων
2751 1739 2935 1811 ψυχῶν
2961 1739 3100 1808 γάλα
3141 1739 3343 1812 κυρίως
3369 1737 3784 1810 ὠνομάσθησαν,
3813 1724 3909 1791 στι

724 1845 854 1887 tur:
881 1847 1006 1887 nam
1035 1833 1237 1888 solidus
1270 1832 1421 1886 cibus
1461 1831 1513 1884 in
1549 1832 1792 1901 mysticis
1820 1831 2165 1900 dogmatibus
2193 1832 2268 1885 in-

2373 1832 2498 1903 ρεάς
2524 1830 2729 1903 τροφῆς
2754 1834 2811 1885 ἐν
2841 1831 3070 1902 δόγμασι
3101 1832 3380 1900 μυστικοῖς
3400 1830 3717 1900 νοουμένης,
3746 1828 3840 1882 καὶ
3864 1829 3922 1881 ἐν

723 1920 1001 1992 telligitur,
1042 1932 1098 1975 et
1147 1923 1200 1975 in
1249 1917 1740 1989 speculationibus,
1789 1933 1908 1988 qua:
1971 1919 2024 1974 in
2077 1920 2271 1976 divinis

723 2011 1018 2080 Scripturls
1049 2010 1298 2081 reposita
1325 2017 1469 2064 sunt.

797 2099 956 2158 Vna.
982 2100 1067 2154 l3.
1105 2118 1124 2152 ι
1151 2099 1422 2166 Quomodo
1447 2101 1512 2174 si_
1530 2115 1690 2170 quem
1719 2109 1894 2154 mater
1935 2098 2264 2166 consoletur,

719 2193 798 2247 ita
821 2202 877 2248 et
905 2208 1004 2263 ego
1031 2191 1346 2247 consolabor
1366 2207 1492 2258 was,
1519 2202 1573 2247 et
1593 2194 1646 2247 in
1670 2191 1998 2247 Hierusalem
2024 2191 2271 2252 consola-

720 2283 932 2340 bimini.
959 2302 981 2338 ι
1021 2282 1117 2338 Hic
1169 2298 1378 2338 rursum
1422 2284 1645 2355 gloriam
1697 2283 1956 2354 gentium,
2005 2283 2272 2353 pradicte

721 2386 876 2426 nova
913 2370 1061 2426 Sioni
1095 2371 1579 2443 Hierosolymaque
1615 2373 1908 2435 ascribens,
1937 2386 2121 2440 pacem
2149 2386 2274 2441 gen-

711 2464 868 2519 tibus
900 2464 1237 2519 tribuendam
1280 2463 1558 2519 inundanti
1596 2463 1800 2518 ﬂumini
1842 2473 2143 2532 comparat.
2177 2461 2272 2519 His

722 2563 903 2608 autem
931 2553 1407 2624 pollicitationibus
1437 2554 1689 2623 superius
1731 2567 1945 2624 quoque
1989 2563 2073 2608 est
2119 2567 2268 2618 usus,

721 2634 1031 2715 signlﬂcans
1055 2659 1168 2709 eas,
1195 2646 1285 2714 qui
1312 2645 1488 2700 adhuc
1514 2646 1565 2700 in
1593 2643 1832 2699 Ecclesia
1862 2643 2096 2699 infantes
2121 2654 2264 2711 sunt,

721 2742 904 2805 utpote
933 2737 1024 2804 qui
1061 2734 1198 2787 lacte
1243 2733 1567 2796 nutriantur,
1606 2732 1907 2786 nutricibus
1951 2733 2269 2802 quibusdam

709 2825 1008 2896 gestandos
1053 2836 1202 2888 esse;
1254 2823 1372 2877 sive
1416 2837 1449 2877 a
1495 2821 1723 2877 sinceris
1773 2821 2030 2878 Ecclesia:
2082 2822 2270 2878 docto-

720 2916 870 2969 ribus
895 2924 952 2968 et
981 2913 1266 2982 praefectis,
1312 2913 1547 2982 itemque
1586 2927 1616 2965 a
1650 2913 1844 2966 divinis
1871 2923 1926 2966 et
1959 2911 2269 2968 celestibus

704 3005 945 3076 :angelis.
968 3004 1068 3071 Qui
1100 3005 1261 3076 igitur
1286 3004 1618 3058 valentiores
1642 3012 1785 3067 sunt,
1817 3003 2142 3058 inﬁrmiores
2174 3004 2268 3058 bu—

709 3093 889 3148 .meris
925 3093 1231 3163 gustabunt,
1262 3101 1316 3146 et
1344 3091 1410 3145 ad
1437 3106 1613 3161 genua
1643 3091 2098 3146 consolabuntur:
2129 3105 2193 3145 ac
2222 3091 2265 3144 el

723 3194 902 3239 mater
927 3183 1049 3238 liliis
1075 3182 1402 3247 blandiatur,
1428 3191 1482 3235 et
1511 3195 1611 3251 ego
1645 3181 1756 3251 ipse
1782 3180 2057 3246 Dominus,
2090 3191 2269 3250 utpote

721 3289 911 3331 eorum
951 3273 1189 3329 omnium
1234 3271 1418 3339 Pater,
1465 3272 1873 3328 imbecilliorum
1907 3273 2270 3329 consolatores

724 3364 1066 3423 consolabor.

817 3542 982 3600 νω.
1020 3543 1106 3599 ιι.
1159 3559 1180 3594 ι
1216 3541 1284 3597 Et
1327 3541 1598 3606 videbitis,
1645 3551 1704 3598 et
1749 3542 2001 3615 gaudebit
2051 3558 2145 3600 car
2175 3559 2272 3602 ve-

713 3645 917 3701 strum,
947 3645 1003 3690 et
1039 3648 1164 3690 assa
1208 3644 1386 3689 vestra
1433 3634 1586 3704 quasi
1616 3633 1780 3689 herba
1813 3635 2208 3704 germinabunt.
2241 3653 2262 3688 ι

720 3730 825 3787 llic
849 3729 1258 3801 promissionum
1282 3727 1404 3783 linis
1425 3729 1547 3793 erit,
1573 3743 1780 3798 nempe,
1801 3727 2061 3784 Videbitis
2081 3729 2266 3785 Deum.

716 3821 1081 3889 Quamobrem
1121 3818 1366 3874 Salvator
1430 3820 1528 3874 bas
1575 3819 1762 3875 beatas
1807 3821 2130 3890 praedicabat
2185 3822 2270 3879 bis

721 3913 924 3978 verbis,
963 3929 982 3964 ι
1019 3911 1169 3966 Beati
1209 3912 1405 3966 mundo
1436 3911 1615 3977 corde,
1650 3913 1907 3978 quoniam
1956 3912 2056 3983 ipsi
2101 3913 2266 3968 Deum

725 4004 979 4059 videbunt
1010 4003 1077 4056 ³³.
1113 4020 1134 4055 ι
1169 4031 1239 4044 -
1271 4019 1292 4053 ι
1317 4002 1393 4057 Et
1443 4014 1795 4074 cognoscetur
1831 4017 2021 4059 manus
2060 4004 2268 4059 Domini

724 4094 1040 4151 timentibus
1081 4108 1226 4158 eum,
1251 4101 1307 4147 et
1341 4093 1630 4148 minabitur
1657 4093 1966 4150 incredulis.
2000 4113 2022 4147 ι

795 4186 958 4243 Vno.
1003 4185 1092 4240 l5.
1127 4202 1148 4236 ι
1177 4185 1312 4240 Ecce
1353 4184 1494 4240 enim
1521 4183 1779 4240 Dominus
1809 4187 1958 4255 quasi
1996 4186 2134 4256 ignis
2179 4200 2271 4241 ve-

713 4279 858 4343 miet,
889 4286 944 4332 et
973 4276 1126 4346 quasi
1161 4284 1453 4346 tempestas
1487 4290 1680 4331 currus
1719 4275 1856 4345 ejus,
1891 4285 1948 4331 ut
1981 4278 2171 4332 reddat
2215 4277 2269 4331 in

718 4371 910 4426 furore
939 4367 1214 4434 ultionem,
1242 4377 1298 4422 et
1323 4368 1744 4437 increpationem
1774 4381 1925 4420 suam
1969 4367 2022 4422 in
2055 4366 2270 4423 ﬂamma

2371 1922 2681 1994 θεωρήμασι
2724 1923 2838 1985 τοϊς
2872 1922 2927 1975 ἐν
2965 1923 3094 1984 ’ταῖς
3137 1920 3306 1986 θείαις
3343 1921 3587 1992 Γραφαϊς
3627 1918 3897 1990 ἀποκειμι

2369 2027 2500 2074 νοις.

2444 2119 2464 2154 ι
2516 2102 2602 2166 Ὦς
2644 2103 2697 2156 εί
2738 2119 2860 2156 τινα
2913 2103 3094 2175 μήτηρ
3138 2100 3529 2174 παρακαλέσει,
3575 2099 3720 2154 οὕτω
3771 2098 3924 2170 κάγὼ

2370 2192 2732 2265 παρακαλέσω
2778 2193 2941 2264 ὑμᾶς,
2977 2194 3068 2246 καὶ
3097 2194 3154 2246 ἐν
3198 2190 3549 2264 Ἰερουσαλὴμ
3575 2191 3926 2262 παρακληθή-

2371 2281 2548 2334 σεσθε.
2587 2301 2606 2334 ι
2641 2283 2808 2336 Πάλιν
2841 2280 3119 2336 κάνταῦθα
3146 2281 3252 2336 τῶν
3273 2279 3442 2337 ἐθνῶν
3463 2281 3621 2346 δόξαν
3651 2281 3926 2336 συνάπτων

2367 2375 2433 2443 τῇ
2472 2371 2827 2446 προλεχθείσῃ
2867 2373 2963 2443 νέᾳ
2990 2372 3129 2426 Σιὼν
3169 2373 3262 2426 καὶ
3305 2375 3372 2444 τῇ
3431 2371 3800 2443 Ἰερουσαλὴμ,
3827 2371 3923 2442 τήν

2367 2464 2729 2536 δοθησομένην
2763 2468 2874 2528 τοῖς
2916 2464 3123 2518 ἐθνεσιν
3161 2465 3382 2537 είρήνην
3409 2462 3639 2534 τωταμῷ
3662 2461 3928 2518 κατακλὺ-

2371 2555 2513 2619 ζοντι
2553 2555 2903 2628 παραϐάλλει.
2934 2558 3047 2611 Καὶ
3073 2556 3328 2626 ἀνωτέρω
3353 2555 3409 2610 δε
3449 2558 3570 2618 ταῖς
3591 2555 3784 2623 αὐταῖς
3810 2553 3925 2608 txi-

2368 2663 2536 2717 χρητο
2564 2647 2933 2715 ἐπαγγελίαις,
2977 2646 3254 2718 σημαίνων
3290 2646 3366 2711 ὡς
3412 2647 3536 2708 τοὺς
3571 2644 3652 2698 ἐτι
3697 2645 3922 2716 νηπίους

2367 2737 2464 2808 τῆς
2495 2737 2841 2808 Ἐκκλησίας,·
2863 2738 2956 2792 ἅτε
2988 2737 3054 2809 δή
3076 2737 3306 2807 γάλακτι
3341 2736 3725 2807 τρεφομένους,
3775 2734 3923 2804 τιθη-

2368 2827 2448 2880 νοί
2476 2845 2620 2892 τινες
2659 2827 3144 2894 ὑποδαστάξουσιν.
3174 2829 3293 2898 ἦτοι
3332 2826 3635 2896 διδάσκαλοι
3661 2827 3759 2879 καὶ
3797 2841 3926 2897 προ-

2367 2921 2597 2985 εστῶτες
2622 2923 2829 2994 γνήσιοι
2849 2922 2945 2992 τῆς
2975 2921 3296 2992 Ἑκκλησίας
3313 2918 3410 2973 τοῦ
3429 2916 3685 2990 Χριστοῦ,
3720 2918 3773 2971 ai
3797 2916 3925 2971 θεῖοί

2364 3027 2426 3065 τε
2470 3013 2566 3066 καὶ
2612 3012 2849 3084 οὐράνιοι
2897 3012 3135 3081 ἄγγελοι.
3185 3013 3248 3066 Οί
3298 3011 3396 3082 μὲν
3444 3004 3536 3064 οὖν
3566 3007 3923 3080 δυνατώτεροι

2283 3137 2337 3196 .3
2367 3104 2493 3167 τοὺς
2537 3102 2953 3175 ἀσθενεστέρους
2989 3103 3076 3156 ἐπ’
3118 3100 3282 3173 ὤμων
3311 3099 3656 3172 ponticam,
3691 3096 3794 3196 εεαὶ
3835 3099 3925 3196 ἐπ)

2369 3195 2609 3263 γονάτων
2652 3193 3138 3265 παρακαλέσουσιν,
3187 3191 3373 3262 ὥσπερ
3417 3191 3471 3244 εί
3507 3207 3591 3254 τις
3638 3189 3824 3262 μήτ-ηρ
3859 3190 3925 3245 τά

2367 3284 2566 3354 ἐαυτῆς
2609 3283 2959 3356 παρακαλέσῃ
3006 3282 3192 3346 τέκνα,
3243 3279 3398 3350 κάγὼ
3429 3279 3587 3344 αὐτὸς
3621 3281 3652 3333 δ
3700 3278 3925 3351 Κύριος,

2367 3375 2462 3430 ἀτε
2486 3376 2550 3447 δὴ
2578 3376 2791 3430 πάντων
2819 3373 2994 3428 αὐτῶν
3021 3373 3279 3444 ὑπάρχων
3307 3371 3515 3442 Πατὴρ,
3563 3369 3927 3440 παρακαλέσω

2365 3468 2489 3531 τοὺς
2511 3467 2619 3520 τῶν
2646 3466 3040 3538 ὑποδεεστέρων
3066 3465 3502 3537 παρακλήτορας.

2442 3577 2460 3611 ι
2493 3560 2602 3613 Καὶ
2625 3558 2840 3628 ὄψεσθε,
2875 3556 2977 3612 καὶ
3004 3558 3303 3629 χαρήσεται
3336 3559 3370 3627 ή
3400 3558 3592 3630 καρδία
3617 3559 3798 3631 ὑμῶν,
3833 3555 3923 3612 καὶ

2365 3650 2498 3703 ὀστᾶ
2542 3648 2694 3719 ὑμῶν
2720 3647 2794 3711 ὡς
2826 3647 3020 3718 βοτάνη
3059 3647 3323 3701 ἀναπλεί.
3373 3666 3392 3699 ι
3440 3648 3548 3701 Καὶ
3591 3649 3753 3703 τοῦτο
3777 3648 3926 3710 τέλος

2365 3741 2518 3793 ἔσται
2540 3740 2651 3792 τῶν
2675 3737 3033 3808 ἐπαγγελιῶν,
3062 3738 3146 3802 τὺ,
3181 3737 3411 3808 Ὄψεσθε
3431 3737 3520 3791 τὸν
3547 3737 3700 3793 Θεόν.
3733 3738 3823 3790 Διδ
3836 3737 3924 3790 καὶ

2363 3834 2393 3886 ‘6
2417 3831 2604 3909 Σωτὴρ
2618 3830 2837 3894 τούτους
2852 3829 3149 3902 ἐμακάριζε
3165 3829 3338 3898 λέγων
3354 3847 3368 3860 ·
3388 3848 3407 3880 ι
3431 3829 3707 3902 Μακάριοι
3721 3831 3772 3883 at
3793 3827 3920 3882 καθ-

2364 3923 2488 3993 αροὶ
2517 3925 2584 3992 τῇ
2609 3921 2823 3994 καρδία,
2857 3923 2934 3976 δτι
2964 3920 3115 3974 αὐτοὶ
3138 3920 3228 3974 τδν
3256 3919 3388 3974 Θεὸν
3413 3919 3790 3990 διιονταω-ι
3813 3921 3919 3974 Καὶ

2365 4011 2734 4083 γνωσθήσεται
2759 4012 2793 4082 ή
2824 4011 2940 4084 χεὶρ
2967 4011 3166 4082 Κυρίου
3195 4013 3309 4074 τοῖς
3341 4010 3693 4083 φοϐουμένοις
3732 4009 3911 4074 αὐτὸν,

2365 4105 2461 4157 καὶ
2485 4103 2766 4175 ἀπειλήσει
2804 4106 2916 4170 τοῖς
2945 4101 3280 4157 ἀπειθοῦσιν.
3315 4121 3336 4155 s

2441 4212 2461 4247 ι
2498 4194 2626 4248 Ἰδοὺ
2661 4193 2766 4267 γὰρ
2791 4193 2992 4268 Κύριος
3020 4194 3096 4258 ὥς
3121 4193 3233 4264 πῦρ
3269 4192 3409 4265 ήξει,
3445 4193 3540 4248 καὶ
3565 4191 3643 4258 ὥς
3670 4191 3917 4259 καταιγὶς

2365 4285 2436 4340 τά
2494 4286 2714 4358 ἀρματα
2758 4284 2922 4339 αὐτοῦ
2943 4323 2960 4348 ,
3005 4283 3292 4338 ἀποδοῦναι
3337 4285 3396 4337 ἐν
3445 4282 3599 4354 θυμῷ
3644 4283 3917 4352 ἐκδίκησις

2366 4374 2551 4440 αὐτοῦ,
2585 4376 2679 4429 καὶ
2708 4373 3181 4445 ἀποσκορακισμὸν
3207 4373 3372 4427 αὐτοῦ
3401 4374 3459 4426 ἐν
3491 4372 3651 4441 φλογὶ
3682 4373 3871 4443 πυρός.
3891 4390 3911 4424 ι

715 4462 888 4530 ignis.
927 4479 948 4513 ι
983 4459 1099 4516 Jam
1140 4461 1446 4516 memoratis
1498 4460 1804 4516 hominibus
1847 4476 1967 4530 qua:
2019 4465 2263 4532 superius

2366 4468 2487 4531 Τοῖς
2519 4466 2617 4538 μὲν
2650 4465 2960 4536 δηλωθεῐσιν
2991 4463 3379 4533 ἐπαγγέλλεται
3405 4461 3473 4518 τά
3491 4463 3908 4534 προλελεγμένα·

727 4555 869 4608 dicta
898 4562 1024 4607 sunt
1047 4551 1368 4622 pollicetur;
1403 4552 1470 4607 iis
1495 4567 1644 4618 vero,
1677 4553 1770 4622 qui
1810 4555 2137 4608 contrariam
2185 4556 2266 4609 in-

727 4647 840 4700 iere
869 4645 1044 4708 viam,
1076 4644 1464 4700 comminatur:
1509 4660 1574 4699 ac
1621 4654 2011 4714 consequenter
2043 4647 2269 4701 commi-

728 4735 962 4790 nationis
986 4735 1248 4789 rationem
1277 4735 1494 4800 edocet,
1542 4739 1837 4791 secundum
1873 4744 1928 4790 et
1977 4735 2266 4806 gloriosum

721 4825 1029 4882 Servatoris
1050 4825 1335 4880 adventum
1367 4826 1672 4892 declarans,
1701 4827 1916 4896 quando
1944 4827 2123 4883 veniet
2144 4842 2266 4882 cum

727 4919 896 4987 gloria
922 4915 1122 4984 Patris,
1148 4926 1203 4972 et
1249 4931 1370 4972 cum
1415 4917 1618 4988 angelis
1649 4919 1780 4986 suis,
1825 4917 2077 4988 judicare
2119 4918 2267 4974 vivos

724 5019 782 5063 ει
812 5019 1071 5062 mortuos.

799 5095 965 5150 Vens.
1007 5097 1163 5155 16.,ι
1207 5094 1264 5151 ln
1306 5098 1429 5168 igne
1464 5099 1606 5153 enim
1673 5099 1883 5156 Domini
1941 5100 2274 5173 iudicabitur

716 5187 905 5242 omnis
935 5197 1108 5254 terra,
1140 5197 1196 5244 et
1233 5189 1285 5243 in
1321 5190 1498 5258 gladia
1539 5189 1656 5259 eius
1695 5193 1870 5247 omnis
1906 5206 2080 5247 caro:
2119 5191 2270 5245 multi

723 5280 996 5336 vulnerati
1019 5290 1177 5335 erunt
1205 5295 1236 5334 a
1254 5280 1505 5336 :Damino.
1538 5299 1564 5334 γι
1598 5280 1863 5335 Furorem
1893 5283 2009 5350 ejus
2038 5294 2162 5336 esse
2191 5280 2272 5334 ul-

722 5372 895 5426 strices
923 5381 1216 5442 potestates
1249 5373 1474 5442 intelligi
1521 5373 1706 5437 solet;
1753 5381 1807 5428 et
1849 5372 2265 5449 increpationem

725 5476 885 5518 suam
919 5464 971 5517 in
1001 5463 1213 5519 ﬂamma
1244 5464 1381 5534 ignis
1416 5474 1601 5518 contra
1643 5463 1858 5518 easdem
1909 5463 2104 5518 mittet.
2142 5459 2268 5516 Gla-

724 5559 878 5614 dium
900 5573 1026 5614 vero
1055 5574 1313 5630 corporeo
1359 5573 1507 5614 more
1555 5557 1816 5625 nominat,
1860 5567 1916 5614 et
1957 5554 2264 5613 vulneratos

800 5735 849 5767 “
887 5733 1044 5790 Cant.
1075 5749 1111 5798 ι,
1144 5733 1192 5786 l.
1266 5733 1307 5765 ³³
1330 5731 1513 5788 Matth.
1547 5747 1596 5798 ν,
1629 5731 1682 5785 8.

2369 4561 2480 4623 τοῖς
2505 4558 2561 4610 δὲ
2594 4557 2692 4628 τὴν
2723 4556 2968 4611 ἐναντίαν
3005 4553 3426 4626 πεπυρωμένοις
3458 4554 3575 4608 ὁδὸν
3626 4555 3913 4624 ἠπείλησεν

2369 4648 2624 4719 ἀπειλήν·
2672 4648 2768 4700 καὶ
2815 4645 3115 4708 ἀκολούθως
3156 4635 3389 4699 διδάσκει
3416 4645 3508 4698 τὸν
3546 4646 3644 4717 τῆς
3692 4645 3912 4715 ἀπειλῆς

2369 4737 2585 4810 τρόπον,
2653 4737 2918 4808 παριστὰς
2976 4737 3075 4808 τήν
3123 4735 3374 4804 δευτέραν
3432 4735 3526 4788 καὶ
3573 4733 3780 4799 ἔνδοξον
3822 4735 3910 4789 τοῦ

2371 4830 2616 4900 Σωτῆρος
2666 4828 2988 4899 παρουσίαν,
3031 4828 3119 4880 ὅτε
3143 4826 3262 4897 ήξει
3321 4825 3458 4898 μετά
3493 4827 3591 4898 τῆς
3619 4827 3779 4898 δόξης
3822 4826 3920 4880 τοῦ·

2371 4919 2580 4992 Πατρὸς
2604 4918 2699 4973 καὶ
2731 4918 2868 4990 μετά
2887 4917 2995 4972 τῶν
3018 4916 3256 4987 ἀγγέλων
3285 4917 3468 4981 αὐτοῦ,
3498 4919 3680 4989 κρῖναι
3713 4916 3912 4983 ζῶντας

2367 5013 2461 5066 καὶ
2486 5011 2728 5083 νεκρούς.

2441 5121 2460 5154 ι
2512 5103 2601 5155 Ἔν
2629 5101 2738 5172 γὰρ
2764 5099 2842 5170 τῷ
2864 5099 2995 5172 πυρὶ
3019 5099 3220 5172 Κυρίου
3243 5098 3560 5170 κριθήσεται
3585 5099 3735 5152 πᾶσα
3753 5100 3787 5167 ὴ
3821 5097 3909 5166 γῆ.

2364 5193 2460 5247 καὶ
2489 5195 2548 5246 ἐν
2587 5195 2655 5263 τῇ
2682 5191 2922 5263 ῥομφαίᾳ
2954 5190 3116 5246 αὐτοῦ
3145 5193 3292 5245 πᾶσα
3323 5191 3486 5261 σάρξ·
3535 5189 3715 5244 πολλοὶ
3755 5205 3909 5260 τραυ-

2371 5284 2558 5356 ματίαι
2597 5283 2808 5336 ἔσονται
2836 5282 2942 5336 ὑπὸ
2985 5282 3210 5357 Κυρίου.
3268 5300 3288 5334 ι
3337 5280 3517 5351 Θυμδς
3553 5279 3612 5332 δέ
3653 5278 3816 5332 αὐτοῦ
3856 5279 3909 5330 αἱ

2369 5374 2684 5429 κολαστικαὶ
2713 5373 2806 5426 καὶ
2839 5373 3197 5445 τιμωρητικαὶ
3240 5371 3494 5442 δυνάμεις
3517 5369 3735 5424 είὼθασι
3764 5367 3908 5439 νομί.

2366 5463 2570 5530 ζεσθαι,
2604 5463 2698 5518 καὶ
2733 5463 2822 5517 τὸν
2851 5463 3323 5536 ἀποσκορακισμὺν
3346 5461 3510 5516 αὐτοῦ
3538 5464 3596 5516 ἐν
3629 5462 3765 5532 πυρὶ
3787 5459 3908 5529 φλο-

2365 5555 2459 5625 γὸς
2485 5555 2625 5611 κατά
2654 5553 2762 5610 τῶν
2790 5554 2966 5611 αὐτῶν
2996 5556 3212 5629 ἀφήσει.
3253 5554 3550 5626 Ῥομφαίαν
3580 5553 3636 5608 δέ
3662 5550 3905 5626 ὀνομάζει
