4128 6294
224 386 320 445 BI
1116 385 1615 443 COMMENTARIA
1650 384 1722 442 IN
1766 384 2021 442 lSAlAM.
2062 416 2130 428 —
2168 384 2320 443 CAP.
2360 384 2543 442 LXVI.
3361 391 3465 445 522

224 509 697 572 σωματικωτερον.
724 501 819 555 καὶ
843 500 1187 571 τραυματίας
1538 499 1689 554 ἐπεὶ
1716 499 1791 571 μὴ
1822 513 1854 569 Δ

1833 513 1867 569 Α
1896 497 2170 553 similiter.
2206 497 2343 565 Quia
2391 497 2494 563 illi,
2544 503 2731 563 utpote
2776 494 2968 561 Judai,
3012 513 3118 553 non
3165 498 3269 554 alio
3300 505 3463 557 modo

221 588 393 655 ἄλλως
433 586 502 662 ἧν
530 590 770 656 ἀκούειν,
808 590 1091 653 Ἰουδαίους
1118 589 1275 654 ὂντας
1306 588 1401 644 καὶ
1449 590 1525 661 μὴ
1556 588 1698 653 οἴους
1729 606 1791 642 τε
1819 606 1847 630 ο

1832 606 1847 630 ι
1894 588 2195 659 intelligere
2221 597 2498 658 poterant,
2531 597 2592 642 ut
2626 587 2718 655 qui
2762 602 2869 641 non
2899 587 3143 646 valerent
3170 591 3462 647 verborum

220 680 652 752 παρακολουθεῖν
689 682 756 751 τῇ
796 679 905 733 τῶν
946 678 1119 749 λόγων
1149 679 1377 751 διανοίᾳ.
1438 680 1500 733 '0
1548 678 1646 750 μὲν
1696 674 1791 733 οὖν

1890 691 2125 737 mentem
2170 681 2451 751 subsequi.
2490 679 2781 749 Apostolus
2811 688 2961 735 certe
2995 680 3123 736 dicti
3175 684 3320 751 quod
3351 692 3465 738 tra-

230 767 554 831 ’Δπόστολος
590 768 683 822 τὸν
706 767 817 822 τῶν
855 769 1232 840 προκειμένων
1264 768 1389 823 νοῦν
1425 768 1679 839 διασαφεῖ
1700 769 1789 823 λέ-

1889 778 2102 831 ctamus
2140 785 2361 827 sensum
2398 772 2573 841 aperit
2608 770 2693 825 his
2716 770 2917 835 verbis,
2954 788 2974 822 ι
3023 770 3333 827 Secundum
3365 788 3464 828 au—

217 872 330 926 γων
348 877 361 889 ·
395 878 413 911 ι
442 858 599 912 Κατά
622 858 681 912 δέ
703 859 803 931 τὴν
835 859 1176 932 σκληρότητά
1192 876 1287 913 σου
1303 860 1396 913 καὶ
1422 862 1790 932 ἀμετανόητον

1891 871 1997 916 tem
2047 862 2302 919 duritiem
2346 872 2495 919 tuam
2551 871 2607 918 et
2658 861 3006 931 impmnitens
3054 878 3152 917 cor
3196 862 3463 919 thesauri-

218 948 447 1020 καρδίαν
481 948 827 1022 θησαυρίζεις
854 950 1065 1021 σεαυτῷ
1110 949 1279 1023 ὀργὴν
1316 952 1377 1005 ιν
1405 950 1588 1023 ἡμέρᾳ
1618 951 1789 1023 ὀργῆς

1889 968 1984 1008 sas
2008 952 2105 1009 tibi
2134 955 2271 1009 iram
2303 955 2356 1009 in
2384 955 2472 1011 die
2510 954 2606 1010 ira
2630 963 2687 1008 et
2716 951 3089 1019 rev'elationis,
3116 964 3171 1011 et
3193 954 3326 1023 justi
3366 954 3458 1024 ju-

217 1035 310 1088 καὶ
340 1035 757 1106 ἀποκαλύψεως,
794 1040 890 1093 καὶ
918 1039 1314 1110 δικαιοκρισίας
1358 1040 1516 1107 Θεοῦ,
1552 1041 1612 1106 ὃς
1653 1043 1789 1095 ἀπο-

1887 1042 2014 1099 dicii
2060 1045 2179 1111 Dei,
2226 1045 2320 1115 qui
2373 1045 2564 1103 reddet
2616 1044 2912 1116 unicuique
2954 1044 3254 1101 secundum
3292 1060 3457 1117 opera

215 1120 375 1178 δώσει
409 1125 625 1197 έκάστῳ
662 1127 802 1181 κατά
832 1127 903 1181 τά
927 1127 1063 1199 ἔργα
1092 1128 1280 1183 αὐτοῦ.
1318 1148 1339 1183 ι
1885 1152 1981 1193 sua
2009 1137 2077 1194 ".
2110 1157 2133 1191 ι

289 1232 312 1269 ε
344 1216 409 1270 Ol
450 1218 793 1301 ἁγνιζόμενοι
828 1219 923 1273 καὶ
951 1218 1371 1292 καθαριζόμενοι
1410 1223 1491 1287 είς
1521 1223 1647 1287 τοὺς
1680 1224 1783 1294 κή-

1957 1229 2126 1285 Vns.
2158 1231 2247 1286 Π.
2278 1250 2298 1283 ε
2327 1231 2429 1299 Qui
2459 1232 2881 1290 sanctiﬁcantur
2901 1244 2957 1291 et
2994 1233 3354 1305 puriﬁcantur
3398 1232 3453 1287 in

214 1323 371 1370 κους,
407 1310 504 1361 xal
545 1309 604 1361 έν
639 1312 753 1373 τοῖς
786 1310 1079 1382 προθύροις
1120 1310 1369 1376 έσθοντες
1404 1313 1571 1385 κρέας
1617 1313 1783 1381 ὕειον,

1886 1322 2079 1387 hortis,
2102 1332 2157 1378 et
2178 1322 2232 1378 in
2252 1322 2529 1380 liminibus
2541 1326 2891 1383 comedentes
2912 1342 3133 1384 carnem
3154 1327 3454 1396 porcinam,

215 1401 307 1455 καὶ
331 1400 402 1454 τὰ
429 1400 771 1472 βδελύγματα
803 1402 897 1456 καὶ
926 1404 1018 1455 τὸν
1046 1402 1174 1474 μῦν,
1204 1404 1299 1457 έπὶ
1330 1405 1391 1458 τὸ
1418 1406 1549 1459 αὐτὸ
1576 1405 1786 1461 ἀναλω-

1883 1423 1937 1468 et
1970 1413 2399 1471 abominationes
2443 1425 2499 1471 et
2541 1432 2774 1482 murem,
2809 1419 2971 1473 simul
2995 1427 3406 1473 consumeutur.
3428 1434 3452 1471 a

215 1491 495 1563 θήσονται.
537 1512 558 1544 ι
600 1493 686 1557 Ὠς
714 1494 909 1565 μηκέτι
941 1494 1083 1548 κατά
1107 1496 1196 1549 τδν
1222 1496 1385 1566 νόμον
1410 1496 1471 1550 ὃν
1499 1498 1783 1569 παρέδωκε

1883 1504 1958 1558 lta
1994 1514 2055 1559 ut
2092 1521 2199 1561 non
2236 1506 2466 1563 alterius
2496 1510 2793 1563 secundum
2824 1508 3018 1580 legem,
3045 1522 3207 1579 quam
3233 1506 3456 1563 tradidit

214 1582 454 1651 Πωῦσῆς
476 1583 935 1655 καθαριζομένους
965 1585 1143 1657 σποδῷ
1166 1586 1449 1658 δαμάλεως
1477 1589 1572 1643 καὶ
1598 1593 1784 1662 περιρ-

1885 1593 2339 1667 Moyses.cinere
2376 1599 2556 1654 vitula
2580 1607 2636 1653 et
2672 1600 3073 1666 aspersionibus
3113 1600 3321 1655 dierum
3367 1614 3457 1657 so-

215 1676 526 1748 ραντηρίοις
553 1676 771 1747 ἡμερῶν
796 1678 936 1731 έπτά
960 1679 1054 1731 καὶ
1078 1681 1198 1741 ταῖς
1223 1678 1313 1733 διά
1357 1679 1557 1734 θυσιῶν
1580 1680 1783 1753 καθάρ-

1882 1693 2049 1753 ptem,
2081 1686 2543 1744 sacriﬁciorumve
2566 1690 2975 1759 purgationibus
3015 1690 3449 1745 mandarentur:

216 1784 366 1823 σεσιν
385 1786 399 1800 ·
418 1769 541 1823 ἀντὶ
563 1769 624 1823 δὲ
650 1768 871 1834 τούτων,
900 1773 958 1825 έν
983 1772 1165 1835 αὐτοῖς
1184 1774 1689 1844 περινοστήσαντες,
1720 1773 1781 1827 τὸ
1815 1845 1844 1850 Α

1820 1845 1844 1850 _
1883 1775 1976 1830 sed
2013 1777 2205 1831 horum
2239 1778 2381 1842 vice,
2419 1789 2706 1850 postquam
2753 1779 2809 1833 in
2855 1779 2940 1835 bis
2970 1782 3171 1835 versati
3208 1779 3450 1846 fuerant,

210 1858 279 1940 δι’
320 1860 515 1923 ὓδατος
563 1859 856 1930 καθάρσιον
902 1863 1168 1933 ἀπαρκεῖν
1213 1862 1397 1926 αὐτοῖς
1436 1863 1623 1935 ᾤοντο,
1668 1868 1781 1929 τοῖς
1815 1845 1840 1904 ε

1820 1845 2261 1935 Bpurgationem
2312 1845 2648 1938 per'aquam
2695 1867 2946 1925 sufﬁcere
2995 1870 3099 1937 sibi
3146 1845 3450 1940 putabant,

209 1939 349 2006 ius
376 1970 530 2017 τινας
562 1954 768 2023 κήπους
812 1952 995 2007 ῦδασιν
1041 1952 1421 2018 ἀπολούεσθαι,
1452 1954 1546 2009 καὶ
1583 1955 1778 2026 μηκέτι

1881 1957 2239 2025 quorumdam
2284 1960 2564 2014 hortorum
2590 1961 2747 2031 aquis
2781 1976 2840 2017 se
2864 1961 3009 2017 ablui
3050 1969 3105 2016 et
3132 1960 3452 2035 emaculari,

214 2043 437 2113 μηδενὸς
456 2043 663 2097 δεῖσθαι
693 2043 801 2097 τῶν
824 2043 1348 2116 νενομοθετημένων.
1388 2046 1460 2099 Ἥ
1486 2046 1580 2100 καὶ
1605 2046 1778 2111 άλλως

1882 2061 1981 2101 nec
2015 2046 2154 2101 ultra
2188 2063 2378 2103 eorum
2420 2064 2539 2119 qua
2570 2052 2625 2105 in
2674 2052 2797 2120 lege
2820 2052 3215 2122 pracipiuntur
3247 2051 3356 2106 ullo
3392 2066 3454 2107 se

210 2134 346 2205 μετά
377 2135 585 2207 μιαράς
617 2135 712 2189 καὶ
742 2135 1083 2206 ἀκαθάρτους
1122 2136 1369 2206 πράξεις,
1395 2136 1689 2207 ἀθεμίτους
1716 2155 1777 2192 τε

1879 2150 2015 2206 opus
2044 2137 2268 2197 habere.
2294 2140 2699 2197 existimantes.
2728 2142 2862 2196 Nam
2902 2144 3040 2198 alias
3067 2152 3185 2211 post
3214 2142 3452 2198 admissa

207 2228 596 2299 αίσχρουργίας
640 2224 888 2299 ἐνόμιζον
930 2227 1105 2298 ψιλοῖς
1152 2226 1307 2282 ὕδασι
1338 2226 1653 2302 κιθαρίζειν
1678 2230 1777 2293 τὰς

1882 2228 2057 2296 turpia
2100 2227 2384 2293 facinora,
2430 2239 2486 2285 et
2529 2240 2651 2300 post
2704 2232 2919 2287 illicitas
2959 2234 3453 2301 turpesqueactio-

204 2318 411 2373 ιιυτῶν
441 2318 641 2389 ψυχάς.
774 2396 783 2411 λ

1880 2332 2002 2383 nes,
2037 2318 2275 2389 simplici
2319 2334 2457 2391 aqua
2502 2323 2714 2378 animas
2758 2325 3007 2378 mundari
3048 2338 3177 2378 suas
3220 2323 3451 2378 arbitra-

438 2430 441 2433 π
482 2430 493 2439 ·
772 2406 779 2417 “’
1876 2406 2094 2462 bantur.

283 2514 303 2548 ε
329 2496 506 2566 Κάγὼ
536 2495 606 2552 τὰ
632 2497 768 2570 έργα
796 2498 1001 2565 αὐτῶν,
1033 2501 1128 2555 καὶ
1168 2500 1259 2555 τὸν
1289 2500 1547 2573 λογισμὸν
1574 2500 1771 2555 αὐτῶν.

1952 2496 2112 2553 Vsus.
2144 2498 2229 2554 l8.
2275 2518 2294 2551 ε
2331 2499 2399 2555 Ει
2424 2516 2524 2572 ego
2548 2516 2712 2572 opera
2737 2517 2949 2567 eorum,
2975 2510 3030 2558 et
3060 2502 3445 2571 cogitationem

208 2587 479 2659 Ἔρχομαι
503 2593 823 2659 συναγαγεῖν
841 2592 1018 2646 πάντα
1034 2590 1105 2645 τά
1122 2590 1250 2663 ιθνη
1275 2591 1487 2655 καὶτὰς
1500 2591 1774 2660 γλώσσας,

1876 2602 2064 2643 eorum
2099 2588 2303 2663 [novi].
2345 2592 2411 2647 Et
2439 2594 2596 2648 venio
2626 2603 2689 2648 ut
2720 2608 3047 2664 congregem
3084 2608 3275 2648 omnes
3317 2608 3448 2665 gen-

208 2678 297 2732 ιιαὶ
309 2678 503 2749 ἥξουσι
521 2681 614 2734 καὶ
633 2680 852 2750 ὗψονται
878 2682 978 2754 τὴν
992 2681 1148 2747 δόξαν
1177 2700 1298 2754 μου.
1312 2702 1332 2734 ι
1360 2682 1698 2755 Σαφέστερον
1718 2683 1774 2736 δέ

1880 2687 1961 2735 tes
2003 2688 2060 2735 et
2104 2680 2356 2751 linguas:
2418 2690 2474 2737 et
2525 2682 2749 2737 venient
2801 2692 2856 2737 et
2909 2682 3172 2736 videbunt
3220 2684 3450 2753 gloriam

207 2769 238 2824 ό
271 2770 461 2845 Σωτὴρ
494 2773 551 2826 έν
579 2775 691 2836 τοῖς
722 2772 1071 2843 Εὑαγγελίοις
1108 2773 1346 2829 διδάσκει
1371 2773 1545 2829 ταῦτα
1567 2773 1769 2842 λέγων·

1876 2784 2072 2824 meam.
2115 2790 2135 2822 ι
2170 2770 2295 2827 Haec
2329 2772 2529 2829 clarius
2568 2774 2829 2829 Servatur
2857 2774 2913 2827 in
2952 2774 3260 2842 Evangeliis
3291 2776 3449 2830 docet

214 2877 235 2911 ι
261 2861 424 2917 ὀταν
452 2862 514 2916 δὲ
542 2861 670 2935 non
695 2864 726 2917 ό
750 2863 879 2927 Υἱὸς
901 2862 997 2917 τοῦ
1026 2863 1312 2937 ἀνθρώπου
1343 2865 1401 2917 έν
1429 2867 1496 2936 τῇ
1520 2864 1647 2935 δόξῃ
1679 2864 1773 2917 τοῦ

1874 2860 1963 2914 bis
2004 2863 2217 2916 verbis:
2251 2881 2269 2912 ι
2298 2862 2431 2918 Cum
2462 2863 2673 2919 venerit
2704 2862 2875 2917 Filius
2907 2865 3143 2919 hominis
3192 2866 3245 2920 in
3277 2864 3447 2935 gloria

212 2954 413 3027 Πατρδς
439 2955 630 3018 αὑτοῦ.
660 2956 754 3010 καὶ
787 2956 987 3020 πάντες
1009 2957 1061 3009 oi
1103 2956 1251 3025 ἀγιοι
1276 2956 1498 3026 ἄγγελοι
1528 2956 1645 3026 μετ’
1674 2955 1773 3008 αύ-

1876 2949 2058 3008 Patris
2086 2954 2191 3018 sui,
2220 2961 2277 3008 et
2306 2968 2495 3009 omnes
2519 2954 2696 3009 sancti
2724 2954 2900 3023 angeli
2932 2970 3055 3009 cum
3080 2971 3183 3013 eo:
3220 2964 3276 3010 et
3318 2971 3450 3009 cou-

206 3040 323 3096 τοῦ·
356 3043 450 3097 καὶ
475 3043 762 3119 συνάξουσι
784 3045 961 3099 πάντα
990 3043 1060 3099 τά
1090 3044 1218 3116 έθνη
1242 3043 1551 3117 ἔμπροσθεν
1582 3043 1771 3109 αὑτοῦ,

1875 3043 2176 3113 grcgabunt
2208 3057 2400 3099 omnes
2428 3052 2617 3113 gentes
2648 3044 2703 3099 in
2746 3054 3039 3116 conspectu
3079 3048 3233 3113 eius,
3270 3054 3327 3100 et
3360 3060 3449 3099 sc-

207 3132 294 3187 καὶ
320 3134 540 3206 ἀφοριεῖ
570 3122 788 3202 αὐτοὺς,
822 3136 880 3190 δν
908 3136 1108 3209 τρόπον
1135 3135 1385 3232 ἀφορίζὲ
1408 3139 1437 3191 ὀ
1462 3134 1665 3209 ποιμὴν
1701 3137 1769 3190 τά
1799 3174 1837 3232 C

1809 3174 1841 3232 Β
1875 3134 2122 3203 gregaliit
2146 3149 2261 3200 eos,
2294 3135 2745 3232 quemadmodum
2794 3144 3045 3232 segregat
3081 3145 3267 3205 pastor
3308 3150 3439 3232 oves

206 3223 445 3295 πρόϐατα
472 3224 585 3278 ἀπὸ
606 3225 716 3280 τῶν
749 3226 971 3297 ἐρίφων,
1013 3246 1032 3279 ι
1069 3227 1166 3280 καὶ
1195 3227 1264 3281 τά
1292 3224 1439 3298 ἑξῆς.
1471 3228 1585 3281 Kal
1612 3225 1771 3280 τοῦτο
1805 3223 1836 3232 “

1808 3223 1841 3232 ⁷
1874 3226 1943 3279 ab
1975 3224 2160 3289 haedis,
2198 3242 2219 3276 ο
2246 3232 2302 3280 et
2326 3233 2542 3279 caetera.
2574 3223 2642 3277 Et
2671 3224 2776 3278 hoc
2808 3223 3005 3277 iterum
3040 3226 3296 3295 gentibus
3324 3224 3438 3294 pol-

205 3312 261 3369 δέ
284 3314 442 3369 πάλιν
462 3318 579 3379 τοῖς
605 3315 812 3373 ῑθνεσιν
835 3317 1248 3387 έπαγγέλλεται,
1282 3317 1344 3371 τὸ
1371 3316 1768 3390 καταξιωθῆναι

1873 3314 2096 3382 licetur,
2127 3314 2271 3385 quod
2305 3328 2501 3383 nempe
2532 3313 2774 3368 futurum
2819 3315 2893 3371 sit
2923 3324 2981 3369 ut
3016 3316 3243 3384 gloriam
3274 3315 3444 3386 ipsius

208 3401 495 3457 θεάσασθαι
526 3404 627 3475 τὴν
648 3404 808 3471 δόξαν
838 3407 1019 3461 αὑτοῦ.

993 3408 1019 3460 i.
1874 3405 2057 3462 videre
2098 3406 2271 3475 dignae
2303 3406 2623 3460 habeantur.

279 3512 297 3546 ι
329 3496 438 3550 Kal
462 3496 777 3567 καταλείψω
802 3498 889 3552 έπ⁹
929 3499 1111 3554 αὐτῶν
1156 3502 1401 3573 σημεῖον,
1440 3499 1538 3555 καὶ
1571 3500 1770 3567 15am-

1941 3496 2107 3554 V'ns.
2148 3494 2237 3552 i9.
2272 3514 2291 3548 ε
2325 3494 2393 3549 Ει
2427 3495 2729 3566 relinquam
2761 3509 2926 3565 super
2966 3510 3063 3552 eos
3100 3498 3353 3567 signum:
3386 3505 3448 3554 οι

209 3585 369 3640 στελῶ
396 3587 456 3654 ἐξ
486 3587 667 3642 αὐτῶν
701 3590 1073 3661 σεσωσμένους
1099 3594 1179 3657 είς
1208 3592 1279 3646 τὰ
1314 3592 1465 3665 έθνη,
1506 3594 1587 3657 είς
1622 3592 1769 3665 Θαρ-

1871 3586 2117 3644 eraittam
2150 3603 2218 3643 es
2267 3586 2374 3643 illis
2410 3601 2508 3643 eos
2532 3588 2623 3656 qui
2661 3586 2853 3642 saivati
2906 3587 3111 3643 iuerint
3136 3590 3204 3644 ad
3234 3599 3443 3660 gentes,

209 3673 331 3737 σιϊς,
358 3672 452 3727 καὶ
483 3674 641 3739 ⁴ιοὺδ,
669 3676 764 3729 καὶ
791 3677 949 3743 Δοὺδ,
984 3680 1077 3732 καὶ
1108 3679 1311 3752 Moab],
1346 3680 1442 3734 καὶ
1467 3683 1547 3746 είς
1576 3679 1766 3745 Θοδέλ,

1872 3679 1927 3733 in
1959 3678 2203 3745 Tharsis,
2248 3687 2301 3734 et
2332 3677 2506 3744 Phud,
2544 3686 2600 3732 et
2641 3678 2783 3745 Lud,
2828 3688 2885 3734 et
2927 3679 2980 3733 in
3022 3679 3264 3743 Mosoch,
3299 3689 3355 3734 et
3386 3681 3443 3735 in

205 3763 293 3816 καὶ
313 3765 391 3827 είς
402 3764 502 3836 τὴν
518 3764 761 3833 Ἑλλάδα,
790 3767 883 3821 καὶ
903 3769 983 3833 είς
1008 3768 1106 3833 τὰς
1131 3771 1328 3843 νήσους
1349 3771 1449 3836 τάς
1478 3772 1665 3845 πόρρω
1681 3789 1695 3803 ο
1718 3772 1769 3825 οἱ

1872 3768 2095 3835 'l'hobei,
2128 3780 2184 3826 et
2213 3770 2267 3824 in
2306 3768 2593 3833 Graeciam,
2620 3779 2675 3823 et
2704 3769 2758 3823 in
2791 3768 2997 3825 insulas
3032 3779 3304 3835 remotas;
3344 3771 3438 3838 qui

204 3854 298 3909 οὐκ
320 3855 593 3927 ἀκηκόασί
624 3875 725 3929 μου
762 3858 823 3914 τὸ
848 3860 1037 3932 ὄνομα,
1068 3860 1191 3915 οὔτε
1220 3863 1497 3933 ἑωράκασι
1544 3880 1645 3933 μου
1672 3864 1773 3936 τὴν

1872 3877 1979 3917 non
2010 3862 2298 3916 audierunt
2336 3875 2531 3915 nomen
2579 3875 2783 3925 meum,
2835 3875 3010 3931 neque
3048 3862 3299 3916 viderunt
3325 3862 3443 3933 glo-

203 3944 371 4011 δόξαν.
400 3948 514 4003 Καὶ
545 3949 905 4018 ἀναγγελοῦσι
932 3952 1032 4022 τὴν
1057 3951 1214 4020 δόξαν
1247 3970 1349 4025 μου
1388 3954 1449 4007 έν
1474 3956 1588 4019 τοῖς
1624 3952 1771 4007 ἔθνε-

1872 3954 2009 4009 riam
2034 3968 2230 4011 meam.
2261 3953 2329 4009 Et
2354 3951 2755 4008 annuntiabunt
2776 3950 3001 4021 gloriam
3024 3966 3203 4007 meam
3231 3952 3285 4006 in
3311 3966 3442 4023 gen.

208 4049 275 4089 σι.
305 4054 324 4088 a
365 4038 476 4092 Kal
506 4040 571 4091 έν
607 4042 719 4103 τοῖς
744 4040 1051 4114 ἔμπροσθεν
1080 4042 1318 4111 ἐλέγετο,
1363 4045 1448 4098 ὅτι
1500 4064 1520 4097 ε
1554 4039 1649 4110 Οἷς
1670 4046 1770 4100 οὐκ

1874 4046 2037 4101 tibus.
2080 4063 2100 4098 ι
2134 4042 2395 4115 Superius
2420 4058 2637 4114 quoque
2667 4042 2973 4109 dicebatur,
3010 4059 3030 4093 ι
3064 4041 3103 4096 li
3130 4042 3326 4112 quibus
3350 4058 3444 4098 an-

206 4123 471 4198 άνηγγέλη
513 4128 644 4199 περίΙ
684 4128 851 4183 αὑτοῦ
892 4129 1134 4205 θψονται,
1167 4132 1218 4185 οἶ
1257 4131 1359 4186 οὐκ
1416 4132 1705 4204 ἀκηκόασι.
1744 4152 1765 4184 a

1871 4137 2181 4191 nuntiatum
2224 4150 2332 4190 non
2366 4146 2451 4191 est
2493 4134 2561 4189 de
2608 4132 2719 4199 illo.
2748 4132 3051 4197 videbunt,
3090 4141 3149 4186 et
3191 4132 3283 4201 qui
3325 4148 3441 4189 non

208 4217 311 4272 Kal
330 4218 513 4274 πάλιν·
552 4238 571 4272 ι
593 4221 874 4294 Ἐμφανὴς
898 4224 1164 4295 έγενόμην
1190 4227 1302 4288 τοῖς
1330 4224 1433 4296 ἐμὲ
1459 4224 1534 4297 μὴ
1561 4226 1770 4299 έπερω-

1872 4226 2177 4291 audierunt,
2219 4225 2559 4297 intelligent:
2604 4242 2623 4275 ι
2658 4232 2713 4278 et
2746 4224 2967 4287 iterum,
3008 4240 3029 4275 ι
3069 4222 3309 4293 Apparui
3348 4223 3439 4290 iis,

205 4308 381 4377 τῶσιν,
410 4311 643 4386 εὐρέθην
656 4315 768 4378 τοῖς
795 4313 895 4386 tua
925 4313 1001 4386 μὴ
1032 4314 1402 4388 ἐπιζητοῦσιν
1446 4312 1595 4370 εἴπω
1638 4318 1769 4373 Ἰδού

1869 4316 1962 4386 qui
2008 4329 2094 4371 me
2127 4330 2235 4371 non
2271 4312 2721 4383 interrogabant;
2765 4313 3018 4367 iuventus
3061 4325 3183 4366 sum
3232 4310 3301 4365 ab
3325 4311 3439 4381 iiis.

207 4401 333 4473 ειμι,
361 4406 474 4467 τοῖς
508 4402 586 4475 μὴ
632 4404 1077 4477 έπικαλουμένοις
1115 4406 1178 4460 τὸ
1206 4407 1378 4480 θνομά
1423 4427 1547 4480 μου.
1584 4430 1602 4463 ι
1635 4412 1770 4465 Τού-

1870 4408 1962 4476 qui
1996 4421 2085 4462 me
2109 4421 2214 4461 non
2242 4406 2600 4475 quarebaut:
2634 4403 2774 4467 dixi,
2819 4402 2958 4458 Ecce
2990 4401 3200 4467 adsum,
3246 4401 3317 4457 iis
3344 4403 3440 4471 qui

206 4508 308 4546 των
332 4493 533 4564 ἀδελφά
576 4495 831 4566 τυγχάνει
872 4498 943 4552 τά
983 4498 1374 4570 προειρημένα,
1417 4499 1483 4553 δι’
1524 4494 1598 4555 ὧν
1644 4504 1770 4566 τοὺς
1802 4508 1836 4563 D

1808 4508 1845 4563 ι)
1874 4513 1979 4553 non
2020 4498 2348 4552 invocabant
2399 4510 2592 4551 nomen
2640 4510 2841 4550 meum.
2876 4512 2897 4545 ι
2941 4492 3039 4549 His
3072 4493 3271 4547 adﬁnia
3314 4502 3438 4547 sunt

208 4583 389 4639 ἑαυτοῦ
418 4587 752 4654 ἀποστόλους
785 4588 1173 4658 ἐπαγγέλλεται
1202 4590 1549 4643 ἀποστέλλειν
1582 4591 1676 4644 ἐπὶ
1701 4591 1770 4645 τά

1856 4590 2151 4659 “prmmissa
2183 4590 2374 4649 verba.
2406 4587 2559 4656 queis
2590 4585 2863 4655 apostolos
2892 4598 3020 4638 suos
3060 4582 3129 4637 ad
3154 4595 3443 4637 extraneas

208 4675 449 4749 ἀλλότρια
473 4678 573 4733 τοῦ
626 4679 843 4752 Ἰσραὴλ
865 4678 993 4750 ἔθνη
1025 4680 1096 4734 τά
1132 4680 1468 4752 πορρωτάτω
1494 4682 1594 4752 τῆς
1638 4681 1767 4735 ’1ου-

1871 4680 2050 4735 lsraeli
2089 4688 2296 4750 gentes,
2328 4687 2382 4733 et
2410 4695 2439 4731 a
2470 4675 2654 4732 Judaa
2693 4675 3108 4739 remotissimus,
3142 4675 3438 4730 missurum

207 4766 369 4833 δαίας.

1871 4785 1931 4826 se
1965 4770 2271 4839 pollicetur.

276 4877 295 4910 ε
329 4860 436 4912 Καὶ
465 4858 656 4926 ἄξουσι
686 4860 811 4924 τους
841 4859 1100 4928 ἀδελφοὺς
1130 4859 1282 4932 ὑμῶν
1312 4861 1380 4915 έκ
1406 4860 1625 4916 πάντων
1654 4861 1763 4915 τῶν

1943 4862 2103 4916 ιω.
2133 4862 2223 4916 20.
2256 4878 2275 4911 ι
2309 4860 2375 4915 Et
2404 4860 2674 4913 adducent
2712 4856 2909 4912 fratres
2934 4865 3147 4911 vestros
3177 4869 3244 4910 ex
3269 4854 3438 4908 omni-

208 4947 385 5012 έθνῶν,
412 4949 590 5021 δῶρον
629 4950 835 5021 Κυρίῳ.
868 4969 889 5003 ι
924 4950 1175 5015 ’Δξουσιν
1198 4951 1415 5015 αὐτοὺς,
1454 4951 1606 5016 τέλος
1635 4952 1767 5020 ἀγα-

1869 4953 1969 5009 bus
1994 4954 2264 5024 gentibus,
2297 4953 2497 5006 donum
2543 4951 2791 5004 Domino.
2821 4967 2840 4999 ι
2872 4948 3155 5003 Adduceut
3181 4961 3274 5001 eos
3296 4945 3438 4999 hunc

211 5036 292 5093 θδν
330 5040 509 5104 αὐτοῖς
542 5038 703 5094 τοῦτο
747 5041 1264 5112 παραχωρήσαντες,
1308 5042 1396 5096 ὅτε
1440 5043 1536 5095 καὶ
1567 5042 1767 5112 ἀναλη-

1866 5042 1999 5111 ipsis
2036 5046 2231 5097 bonum
2256 5042 2416 5095 linem
2446 5049 2820 5109 procurantes,
2844 5038 3059 5106 quando
3073 5044 3435 5095 assuutentur.

210 5128 516 5201 φθήσονταιο
541 5129 746 5201 ὁμοίως
786 5130 865 5201 τῷ
920 5130 1075 5201 Ἠλίᾳ
1114 5132 1201 5201 έφ⁹
1250 5132 1455 5204 ἀρματι
1493 5132 1767 5203 ἀγγελικῷ

1866 5133 2090 5203 perinde
2119 5142 2285 5203 atque
2318 5131 2501 5186 llelias
2536 5146 2701 5184 curru
2743 5128 2992 5199 angelico
3033 5128 3198 5190 vecti,
3226 5124 3436 5180 caelesti

210 5221 494 5292 ὀχούμενοι,
529 5220 711 5291 φωτὸς
753 5221 1069 5293 έπουρανίου
1104 5224 1633 5296 περιαστράπτοντος
1664 5224 1765 5278 αὺ-

1867 5222 2071 5277 lumine
2100 5222 2230 5292 ipsis
2268 5219 2740 5289 circumiulgente.
2780 5237 2801 5271 s
2847 5217 2982 5273 Cum
3030 5216 3185 5285 equis
3214 5225 3271 5269 et
3310 5227 3434 5267 cur-

208 5311 338 5375 τούς.
370 5332 388 5364 ι
424 5313 563 5367 Μεθ’
594 5313 775 5366 ἵππων
800 5313 894 5366 καὶ
914 5313 1175 5384 ἁρμάτων
1198 5316 1258 5367 έν
1275 5313 1583 5386 λαμπήναις
1617 5315 1769 5387 ἡμιό-

1868 5314 2036 5375 ribtts,
2071 5314 2125 5365 iu
2172 5311 2437 5380 lampenis
2474 5313 2785 5375 mulorum,
2824 5325 2948 5365 cum
3002 5306 3338 5363 umbraculis
3380 5307 3433 5359 iu

209 5417 319 5465 νων,
350 5404 483 5473 μετά
508 5402 768 5459 σκιαδίων
791 5406 873 5468 εις
889 5404 989 5475 τὴν
1012 5405 1174 5473 ἀγίαν
1198 5405 1353 5459 πόλιν
1389 5405 1763 5479 Ἰερουσαλὴμ,

1869 5403 2141 5457 civitatem
2197 5410 2443 5456 sanctam
2489 5401 2831 5467 Jerusalem,
2892 5400 3030 5454 dixit
3084 5397 3363 5452 Dominus.
3408 5413 3430 5449 a

210 5487 316 5547 εῐπε
352 5495 575 5566 Κύριος.
618 5513 637 5546 ι
680 5495 914 5567 Νοήσεις
945 5495 1007 5549 δέ
1037 5498 1163 5560 τοὺς
1193 5497 1393 5562 ἵππους
1426 5498 1522 5552 καὶ
1561 5496 1633 5552 τά
1667 5498 1768 5571 ἀρ-

1872 5495 2053 5563 Equos
2093 5503 2148 5549 et
2186 5494 2464 5563 angelicas
2500 5495 2699 5550 rbedas
2733 5493 3020 5565 intelliges,
3072 5489 3117 5544 si
3157 5486 3437 5541 Zacharia-

215 5596 343 5651 ματα
368 5584 654 5653 ἀγγελικά,
694 5585 990 5655 έπιστήσας
1022 5584 1118 5638 τοῦ
1153 5587 1421 5657 Ζαχαοίου
1446 5589 1512 5658 τῇ
1556 5603 1765 5659 προφηο

1870 5584 2169 5657 ρτοριιοιῑκ
2191 5586 2433 5639 animum
2468 5584 2731 5655 applices,
2760 5584 2849 5640 ubi
2886 5595 3057 5652 equos
3084 5577 3320 5643 veloces,
3342 5590 3438 5633 vn-

276 5762 315 5795 ⁸⁸
338 5763 489 5821 Rom.
526 5780 590 5826 tt,
620 5764 675 5817 5.

510 5862 786 5923 Panos.
819 5861 934 5923 Gn.
977 5862 1122 5923 XXI
1136 5864 1207 5925 Υ.
2073 5917 2087 5933 .

2073 5917 2087 5933 _
3041 5855 3110 5914 ιτ
