4128 6294
1364 273 1633 366 susssn
1667 303 2140 362 CBSARIENSIS
2175 300 2325 361 opp.
2362 301 2542 360 psus
2576 301 2664 358 ιιι.
2702 334 2773 346 -
2809 301 3214 360 exeamus.

3818 304 3925 361 526

703 434 815 491 rios
838 441 896 492 et
919 430 1091 498 albos,
1127 444 1192 488 ac
1225 443 1423 488 currus
1466 430 1679 501 aliquos
1706 429 2044 494 describens,
2080 442 2249 499 ange-

2347 425 2486 497 τείᾳ,
2527 427 2656 496 παρ’
2687 419 2732 494 ᾧ
2763 425 2959 488 ίππους
2983 422 3193 494 ψαροὺς
3231 422 3324 477 καὶ
3353 423 3629 487 ποικίλους
3659 421 3756 477 καὶ
3796 422 3923 477 λευ-

702 522 836 581 licas
864 521 1521 579 virtutes.sublndicabat.
1570 519 1858 590 Lampenze
1884 529 2059 574 autem
2090 518 2260 574 mulo-

703 630 821 670 rum
853 613 1104 670 videntur
1132 612 1440 683 signiﬁcare
1469 625 1703 681 corpora
1735 612 2099 682 resurgentia,
2139 609 2257 679 qui-

700 705 803 762 bus
849 713 1018 761 vecta:
1063 703 1253 759 anima
1310 701 1365 756 in
1428 701 1704 756 caelestem
1773 701 2046 756 civitatem
2106 714 2260 754 assu-

702 805 944 850 mcntur.
973 794 1018 850 Ε
1057 808 1117 850 re
1144 801 1321 848 autem
1362 791 1560 873 dicitur
1602 791 1888 862 lampenze,
1922 791 2037 849 sive
2083 790 2260 864 fulgo-

572 929 584 940 .
703 901 816 952 res,
839 887 910 942 ob
940 885 1232 958 fulgentem
1267 885 1394 955 ipsis
1416 881 1670 954 'gloriam.

772 1062 939 1120 Vsus.
965 1063 1056 1119 Si.
1095 1082 1114 1116 ι
1152 1063 1223 1120 Ut
1260 1061 1490 1120 offerant
1517 1061 1614 1119 lilii
1655 1064 1825 1122 lsrael
1847 1065 2093 1122 victimas
2131 1080 2258 1121 suas

704 1157 834 1211 mihi
872 1171 991 1211 cum
1035 1156 1291 1225 psalmis:
1353 1165 1408 1210 et
1466 1170 1532 1210 ex
1579 1154 1660 1212 eis
1700 1171 1906 1212 sumam
1950 1158 2257 1214 sacerdotes

701 1257 757 1301 et
790 1245 1031 1312 Levitas,
1084 1246 1220 1302 dixit
1253 1247 1527 1303 Dominus.
1565 1265 1584 1299 ι
1631 1247 1698 1303 Ut
1741 1247 1920 1317 itaque
1965 1251 2255 1304 secundum

702 1349 1016 1407 corpoream
1049 1336 1219 1407 legem
1270 1337 1325 1392 in
1373 1344 1589 1391 terrena
1641 1335 1941 1394 Jerusalem
1990 1339 2105 1393 haec
2134 1353 2256 1408 age-

703 1427 834 1480 bant
867 1429 960 1497 qul
1005 1427 1204 1482 cultum
1254 1414 1675 1497 persolvebant;
1724 1428 1914 1484 eodem
1970 1428 2130 1483 modo
2170 1442 2256 1484 se-

700 1517 935 1573 cundum
967 1525 1238 1572 terrenum
1268 1517 1396 1572 illud
1423 1519 1749 1590 exemplum,
1778 1520 1866 1589 qui
1896 1520 1950 1575 in
1979 1520 2253 1575 celestem

701 1604 1090 1678 Jerosolymam
1117 1610 1426 1670 ascendent,
1459 1625 1582 1665 cum
1618 1610 1849 1681 propriis
1876 1609 2139 1666 fructibus
2165 1625 2255 1666 ve-

2358 517 2486 581 κοὺς
2513 517 2606 570 καὶ
2635 516 2856 595 ἀρματά
2890 533 3009 568 τινα
3037 513 3337 586 διαγράψας
3363 515 3392 567 6
3417 515 3592 584 λόγος,
3619 514 3921 583 ἀγγελικάς

2356 608 2596 678 ᾐνίττετο
2625 607 2899 677 δυνάμεις.
2939 607 3233 678 Δαμπῆναι
3274 606 3331 659 δὲ
3366 605 3604 676 ἡμιόνων
3632 604 3922 677 σημαίνειν

2356 699 2562 751 ἐοίκασι
2581 699 2650 752 τά
2675 697 2773 767 τῆς
2799 697 3145 760 ἀναστάσεως
3169 695 3418 767 σώματα,
3445 692 3526 761 οἷς
3552 696 3918 766 ὲποχούμεναι

2356 792 2411 843 αί
2443 789 2610 860 ψυχαὶ
2647 790 2726 852 είς
2765 788 2863 859 τὴν
2893 788 3209 859 ιπουράνιον
3249 787 3714 860 ἀναληφθήσονται
3743 785 3912 841 πόλιν.

2355 878 2430 935 Εὖ
2458 881 2514 934 δὲ
2539 881 2749 952 είρηται
2774 879 3050 951 λαμπῆναι
3077 878 3164 933 διὰ
3189 879 3288 950 τὴν
3324 878 3711 950 ἐπιλάμπουσιν
3736 879 3918 945 αὐτοις

2355 973 2532 1038 δόξαν.

2428 1082 2448 1116 ι
2491 1063 2576 1126 Ὠς
2603 1062 2991 1130 ἀνενέγκαισαν
3017 1063 3064 1114 oi
3090 1061 3195 1115 υίοὶ
3230 1059 3443 1132 Ἰσραήλ
3471 1060 3570 1125 τὰς
3595 1060 3791 1124 θυσίας
3820 1060 3919 1114 αύ-

2353 1155 2462 1208 τῶν
2513 1154 2635 1225 ιμοὶ
2683 1152 2820 1224 μετά
2860 1152 3125 1224 ψαλμῶν·
3171 1153 3263 1207 καὶ
3307 1154 3403 1206 ἀπ’
3447 1152 3626 1206 αὐτῶν
3670 1153 3916 1224 λήψομαι

2357 1247 2521 1318 ίερεῐς
2547 1245 2640 1300 καὶ
2666 1245 2918 1310 Λευίτας,
2950 1239 3072 1298 εἷπε
3103 1245 3322 1315 Κύριος.
3362 1262 3381 1295 t
3416 1244 3628 1314 Ὠσπερ
3653 1239 3748 1296 οὖν
3792 1244 3915 1298 τότε

2354 1339 2494 1392 κατὰ
2521 1337 2611 1390 τδν
2640 1335 2946 1408 σωματικὸν
2983 1336 3144 1407 νόμον
3183 1335 3278 1388 ἐπὶ
3313 1335 3412 1406 τῆς
3443 1337 3685 1403 ὲπιτείου
3724 1336 3920 1408 Ἱερουο

2355 1428 2534 1498 σαλὴμ
2558 1427 2704 1480 ταῦτ’
2735 1426 2997 1498 ἔπραττον
3024 1429 3072 1480 οί
3103 1427 3202 1498 τὴν
3235 1427 3488 1498 λατρείαν
3515 1425 3912 1490 ἐπιτελοῦντες

2352 1519 2442 1572 τὸν
2469 1517 2845 1589 αὐτὸντρόπον
2873 1517 3012 1570 κατά
3045 1517 3104 1570 τὸ
3129 1518 3220 1570 ἐπὶ
3254 1518 3359 1588 γῆς
3385 1517 3731 1588 παράδειγμα
3758 1519 3808 1572 oi
3834 1520 3918 1582 εις

2351 1611 2450 1682 τήν
2481 1611 2727 1679 οὐράνιον
2773 1607 3124 1682 Ἰερουσαλήμ
3167 1608 3408 1672 ἀνιόντες
3445 1609 3630 1678 ἥξουσι
3680 1611 3799 1679 μετ’
3837 1608 3920 1662 ol-

704 1700 872 1764 nient,
905 1712 1038 1768 quos
1063 1698 1260 1768 singuli
1289 1715 1358 1755 ex
1408 1697 1704 1756 fructileris
1738 1701 2022 1757 virtutibus
2067 1715 2125 1758 ut
2159 1705 2253 1758 do-

2354 1700 2516 1754 κείων
2557 1701 2804 1772 καρπῶν,
2835 1693 2910 1753 ὧν
2955 1700 3181 1760 tum;
3221 1700 3278 1751 ὲν
3316 1697 3459 1768 ψυχῇ
3494 1697 3918 1770 μετακομίζεται

703 1805 830 1845 num
855 1797 913 1845 et
938 1805 1131 1845 munus
1173 1791 1225 1846 in
1267 1793 1446 1846 anima
1485 1793 1741 1847 referent.

776 1897 938 1953 Ἶσις.
966 1896 1057 1954 22.
1097 1916 1118 1950 ι
1154 1897 1305 1954 Sicut
1345 1900 1487 1954 enim
1519 1900 1715 1954 ctelum
1764 1913 1960 1956 novum
2006 1909 2060 1954 et
2106 1912 2251 1956 terra

700 2002 858 2054 nova,
892 2004 1012 2058 qua:
1033 2001 1132 2057 ego
1157 1987 1318 2051 facio,
1353 1999 1667 2058 permanent
1695 1991 1747 2044 in
1779 2000 2068 2058 conspectu
2109 2005 2250 2057 meo,

701 2080 832 2134 dicit
866 2079 1121 2134 Dominus
1154 2096 1169 2146 ;
1201 2079 1280 2134 sic
1306 2081 1471 2134 stabit
1498 2095 1679 2135 semen
1713 2090 1947 2135 vestrum
1973 2091 2026 2136 et
2055 2098 2251 2138 nomen

699 2180 959 2224 vestrum.
993 2188 1013 2222 ι
1042 2168 1176 2224 Nam
1204 2171 1249 2226 si
1282 2185 1480 2225 novum
1507 2171 1726 2236 caelum,
1758 2182 1813 2226 et
1839 2186 1974 2226 nova
2002 2181 2168 2236 terra.
2199 2182 2253 2226 ct

699 2258 994 2314 Jerusalem
1045 2275 1182 2316 nova
1229 2271 1350 2326 est;
1403 2271 1798 2332 consequenter
1837 2265 2148 2319 sacerdotes
2197 2274 2251 2319 et

700 2347 898 2404 Levita:
928 2350 1050 2404 novi
1094 2359 1273 2414 erunt,
1314 2364 1482 2420 quare
1507 2352 1752 2421 superius
1787 2351 1998 2407 dicebat
2027 2369 2043 2407 :
2078 2370 2097 2404 ι
2136 2351 2249 2408 Non

704 2441 1126 2495 recordabuntur
1151 2442 1412 2510 priorum,
1444 2451 1499 2497 et
1529 2456 1635 2496 non
1669 2443 1925 2498 ascendet
1967 2444 2018 2498 in
2043 2459 2141 2499 cor
2167 2459 2252 2499 eo-

703 2545 847 2586 rum.
877 2550 899 2586 ι
933 2530 1112 2586 Prima
1142 2531 1322 2600 itaque
1348 2545 1455 2585 non
1486 2532 1853 2601 permanentia
1891 2543 2082 2598 erant,
2123 2549 2254 2604 qua-

699 2629 919 2691 propter
943 2623 1144 2676 dictum
1169 2629 1270 2684 est,
1307 2636 1327 2670 ι
1355 2619 1560 2676 Caelum
1586 2631 1642 2675 et
1685 2630 1825 2676 terra
1853 2625 2189 2690 transibunt;
2223 2645 2242 2678 ι

699 2724 766 2766 ae
803 2725 1050 2776 rursum,
1099 2729 1120 2763 ι
1166 2709 1461 2766 Plicabitur
1503 2709 1697 2774 caelum
1734 2721 1793 2766 ut
1833 2712 1990 2777 liber,
2039 2724 2095 2768 et
2126 2728 2249 2768 cor-

698 2803 947 2872 ruptione
982 2812 1360 2871 corrumpetur
1403 2811 1567 2859 terra.
1617 2820 1638 2854 ›
1670 2801 1858 2858 Futnri
1896 2819 2023 2859 vero
2061 2806 2245 2861 seculi

699 2893 952 2962 primitiae
995 2893 1280 2957 Christus;
1308 2893 1500 2948 deinde
1526 2893 1617 2964 qui
1648 2893 1852 2950 Christi
1898 2905 2025 2952 sunt
2051 2895 2107 2950 in
2153 2897 2250 2951 ad-

700 2992 862 3039 ventu
903 2983 1040 3052 ejus.

2284 1763 2328 1818 Β
2355 1791 2538 1864 δώρων
2565 1763 2664 1863 τῆς
2685 1763 2797 1844 τῶν
2817 1790 3025 1862 ἀρετῶν
3054 1791 3116 1843 ἐκ
3143 1763 3533 1861 καρποίρορίας.

2428 1899 2446 1930 ι
2488 1881 2583 1932 Ὃν
2609 1879 2807 1950 τρόπον
2836 1881 2944 1952 γάρ
2963 1882 2992 1934 6
3016 1877 3240 1948 οὐρανὸς
3275 1879 3455 1940 καινὸς
3485 1877 3579 1930 καὶ
3613 1877 3648 1949 ή
3688 1877 3759 1948 γῆ
3789 1892 3915 1930 και-

2350 1969 2438 2040 νὴ,
2473 1969 2510 2024 ἀ
2535 1965 2646 2038 ἐγὼ
2677 1968 2841 2031 ποιῶ,
2883 1969 3032 2040 μένει
3054 1969 3280 2022 ἐνώπιον
3316 1967 3470 2040 ἐμοῦ,
3499 1967 3648 2036 λέγει
3669 1967 3870 2038 Κύριος
3897 1984 3916 1999 .

2351 2061 2492 2138 οὕτω
2513 2062 2762 2133 στήσεται
2783 2060 2845 2113 τὸ
2877 2060 3095 2130 σπέρμα
3115 2060 3267 2130 ὑμῶν
3293 2061 3387 2113 καὶ
3416 2059 3475 2111 τὸ
3501 2058 3674 2128 ὄνομα
3703 2057 3874 2128 ὑμῶν.
3890 2077 3913 2110 ι

2352 2155 2413 2208 Εί
2438 2154 2544 2225 γὰρ
2565 2153 2789 2225 οὐρανὸς
2816 2152 2998 2215 καινός
3033 2153 3148 2205 εστι
3175 2152 3271 2206 καὶ
3302 2153 3335 2223 ή
3363 2152 3436 2222 γῆ
3461 2149 3641 2217 καινή,
3684 2150 3780 2203 καὶ
3821 2150 3921 2203 ἰεο

2355 2247 2630 2317 ρουσαλήμ
2663 2244 2839 2316 καινὴ,
2889 2245 3176 2298 ἀκόλουθον
3207 2245 3274 2298 ἂν
3316 2243 3400 2314 είη
3455 2242 3547 2296 καὶ
3592 2242 3720 2304 τοὺς
3750 2242 3921 2311 ἱερεῖς

2351 2339 2444 2390 καὶ
2471 2338 2702 2399 Λευίτας
2734 2336 2948 2400 καινοὺς
2974 2335 3187 2388 ἔσεσθαι
3210 2353 3225 2365 ’
3255 2335 3335 2388 διὸ
3362 2336 3454 2388 καὶ
3487 2336 3544 2386 εν
3567 2336 3677 2395 τοῖς
3707 2332 3920 2406 ἔμπρο-

2352 2429 2474 2483 σθεν
2506 2428 2655 2497 ἔλεγε
2679 2444 2694 2458 ο
2737 2447 2756 2480 ι
2803 2429 2876 2482 Οὺ
2915 2425 3194 2499 μνησθῶσι
3233 2426 3340 2480 τῶν
3364 2427 3663 2497 προτέρων,
3693 2424 3789 2478 καὶ
3813 2425 3924 2478 οὐκ

2349 2520 2673 2592 ἀναϐήσεται
2725 2519 2901 2574 αὐτῶν
2939 2520 3032 2573 ἰπὶ
3062 2521 3161 2591 τήν
3196 2519 3438 2589 καρδίαν.
3474 2536 3492 2568 ι
3529 2517 3610 2570 Τά
3668 2517 3766 2588 μὲν
3822 2511 3921 2570 οῦν

2350 2611 2542 2682 πρῶτα
2563 2611 2624 2666 οὐ
2654 2611 2881 2682 μένοντα
2904 2606 2972 2682 ἦν
2991 2627 3005 2640 ο
3043 2608 3123 2663 διὸ
3177 2609 3391 2678 ἐλέγετο
3413 2625 3427 2638 ·
3465 2627 3483 2658 ι
3523 2606 3763 2676 Οὐρανὸς
3795 2605 3925 2662 ‘stal

2349 2703 2383 2772 η
2410 2702 2480 2772 γῆ
2503 2701 2960 2772 παρελεύσονται·
3001 2719 3019 2751 ι
3055 2701 3150 2753 καὶ
3179 2699 3371 2752 πάλιν·
3405 2717 3424 2748 σ
3459 2697 3802 2767 Είλιγήσεται
3828 2695 3923 2748 οὑ-

2350 2792 2510 2864 ρανὺς
2532 2792 2608 2855 ὡς
2634 2791 2854 2861 βιϐλίον,
2889 2790 2986 2844 καὶ
3013 2791 3185 2862 φθορᾷ
3215 2788 3546 2860 φθαρήσεται
3571 2789 3605 2858 ή
3637 2788 3732 2858 γῆ.
3758 2806 3778 2838 ι
3807 2785 3922 2841 Τοῦ

2347 2883 2406 2937 δὲ
2439 2882 2717 2952 μέλλοντος
2743 2881 2936 2943 αίῶνος
2965 2881 3184 2952 ἀπαρχὴ
3218 2877 3452 2951 Χριστός
3473 2894 3488 2908 ·
3520 2876 3711 2931 ἔπειτα
3737 2878 3788 2930 oi
3819 2877 3924 2932 τοῦ

2348 2972 2583 3044 Χριστοῦ
2612 2973 2667 3025 ὲν
2703 2975 2767 3042 τῇ
2793 2971 3063 3043 παρουσίᾳ
3089 2969 3275 3023 αὑτοῦ.

772 3071 934 3127 Vens.
960 3073 1053 3128 ‘25.
1089 3089 1110 3124 s
1149 3073 1212 3127 Et
1235 3073 1340 3128 erit
1376 3072 1578 3128 mensis
1619 3087 1688 3129 es
1723 3089 1928 3139 mense,
1967 3085 2023 3132 et
2055 3077 2248 3134 sabba-

2425 3081 2444 3114 s
2476 3063 2584 3115 Καὶ
2606 3061 2756 3114 ἔσται
2781 3060 2886 3131 μὴν
2921 3060 2984 3112 ὲκ
3012 3059 3198 3131 μηνὸς,
3231 3058 3326 3112 καὶ
3356 3057 3620 3112 σάϐϐατον
3672 3057 3736 3110 εκ
3783 3055 3923 3153 21:6.-

703 3173 814 3218 tum
856 3178 919 3218 es
957 3163 1202 3222 sabbato.
1235 3162 1426 3219 Veniet
1453 3166 1790 3221 omniscaro
1820 3166 1887 3221 ad
1918 3167 2248 3223 adorandum

2350 3151 2532 3207 ϐάτου.
2559 3151 2714 3215 Ἥξει
2757 3151 2906 3204 πᾶσα
2936 3148 3072 3221 σὰρξ
3121 3147 3216 3202 τοῦ
3271 3148 3645 3220 προσκυνῆσαι
3684 3146 3926 3201 subitae»

702 3254 755 3308 in
797 3263 1086 3323 conspectu
1130 3270 1251 3311 meo
1293 3257 1345 3310 in
1388 3255 1709 3318 Jerusalem,
1745 3257 1875 3312 dicit
1915 3256 2195 3312 Dominus.
2222 3277 2242 3311 ι

703 3343 996 3398 Sabbatum
1059 3352 1238 3398 autem
1286 3342 1485 3398 Christi
1534 3343 1870 3407 intelligendi
1921 3358 2073 3398 more
2123 3358 2252 3398 con-

697 3441 952 3502 gruenter
990 3432 1226 3501 accipias
1266 3448 1364 3502 pro
1397 3431 1838 3488 solemnitatibus
1894 3432 1948 3487 in
1991 3433 2128 3490 caelo
2160 3449 2251 3488 ce-

699 3521 940 3586 lebratis,
987 3531 1042 3577 et
1085 3537 1182 3593 pro
1221 3524 1363 3579 veris
1407 3521 1518 3578 illic
1567 3524 1804 3580 sabbatis
1849 3524 1902 3579 in
1951 3525 2246 3590 mensibus,

697 3622 757 3667 ut
791 3613 866 3668 ibi
908 3628 1005 3668 usu
1035 3615 1282 3677 veniunt,
1320 3614 1677 3671 celebrandis.
1732 3615 1806 3669 De
1840 3615 2034 3685 quibus
2077 3617 2246 3684 proli-

699 3717 798 3758 xus
841 3711 895 3759 et
931 3705 1198 3775 explicatu
1227 3703 1456 3760 dillicilis
1493 3720 1672 3761 sermo
1696 3705 2059 3761 instituendus
2081 3713 2244 3771 esset,

697 3796 790 3865 qui
828 3795 987 3865 longo
1023 3796 1135 3852 otio
1163 3805 1218 3851 et
1246 3797 1465 3866 proprio
1488 3807 1804 3868 argumento
1839 3811 1974 3867 opus
2002 3797 2244 3853 haberet.

700 3885 932 3940 Carnem
970 3893 1149 3939 autem
1184 3899 1396 3940 omnem
1453 3894 1610 3940 vocat
1664 3899 1851 3940 omnes
1899 3894 2122 3955 gentes;
2171 3885 2244 3939 ita

698 3975 841 4028 enim
886 3974 1134 4043 superius
1180 3974 1482 4039 dicebatur,
1526 3992 1546 4028 ι
1594 3972 1808 4030 Videbit
1858 3985 2035 4030 autem
2070 3975 2244 4031 omnis

698 4079 829 4120 caro
861 4065 1107 4120 Salutate
1138 4065 1230 4119 Dei
1255 4079 1270 4124 :
1300 4073 1349 4118 et
1383 4063 1542 4130 alibi,
1582 4081 1600 4116 ι
1632 4063 1910 4118 Eﬂuudam
1943 4066 2007 4120 de
2041 4063 2244 4134 Spiritu

697 4169 818 4210 meo
845 4168 1004 4224 super
1034 4168 1246 4208 omnem
1274 4167 1512 4216 carnem,
1563 4163 1616 4208 et
1643 4155 2042 4224 prophetabnnt
2068 4156 2120 4210 in
2151 4153 2242 4209 Je-

696 4244 952 4299 rusalem.
1014 4262 1034 4296 ι
1083 4243 1368 4299 Ctelestem
1432 4244 1633 4298 indicat
1675 4243 2100 4317 Jerosolymam,
2150 4247 2242 4304 ubi

699 4333 994 4388 Salvatoris
1031 4332 1200 4387 nostri
1238 4346 1475 4402 regnum,
1495 4335 1774 4387 consistet.

2349 3243 2481 3315 ιμοῦ
2516 3245 2573 3297 ὲν
2609 3240 2972 3313 Ἰερουσαλήμ,
3003 3236 3123 3294 εἶπε
3145 3238 3368 3312 Κύριος.
3403 3259 3421 3291 ι
3449 3240 3521 3292 Τὸ
3563 3239 3618 3292 δὲ
3645 3239 3923 3305 σάϐϐατον

2346 3331 2579 3405 Χριστοῦ
2607 3331 2894 3386 ἀκόλουθόν
2924 3331 3040 3384 ἐστι
3083 3329 3224 3384 κατά
3271 3330 3506 3384 διάνοιαν
3548 3329 3922 3401 ἐκλαμϐάνειν

2344 3422 2444 3486 τάς
2474 3425 2532 3476 ὲν
2560 3421 2775 3495 οὐρανῷ
2805 3419 2997 3496 ἑορτὰς
3019 3421 3114 3475 καὶ
3144 3419 3216 3474 τά
3258 3421 3434 3474 ἐκεῖσε
3493 3419 3736 3474 σάϐϐατα
3780 3420 3924 3492 ἀλη-

2349 3512 2468 3567 θινά
2500 3515 2592 3566 ἐπὶ
2620 3514 2746 3576 τοὺς
2775 3513 2946 3584 μῆνας
2964 3512 3090 3578 τοὺς
3116 3512 3248 3565 εκεῖ.
3283 3510 3418 3582 Περὶ
3459 3503 3535 3564 ὧν
3570 3511 3736 3573 πολὺς
3764 3512 3795 3562 6
3827 3511 3922 3564 λό-

2348 3619 2441 3673 γος
2473 3603 2565 3656 καὶ
2594 3602 3037 3675 δυσερμήνευτος,
3061 3601 3251 3672 σχολῆς
3272 3619 3332 3654 τε
3364 3602 3577 3672 μακρᾶς
3591 3601 3687 3654 καὶ
3708 3601 3919 3666 οίκείας

2345 3693 2650 3756 ὑποθέσεως
2674 3693 2941 3763 δεόμενος.
2972 3693 3158 3763 Σάρκα
3181 3693 3238 3744 δὲ
3265 3694 3440 3746 πᾶσαν
3465 3691 3613 3760 λέγει
3641 3692 3816 3746 πάντα
3841 3693 3918 3748 τὰ

2345 3785 2470 3856 ἔθνη
2502 3783 2687 3838 τοῦτον
2739 3783 3016 3854 ὀνομάζων
3055 3783 3146 3837 τὸν
3187 3766 3416 3854 τρόπον·
3451 3781 3593 3836 οὕτω
3622 3782 3754 3851 γοῦν
3791 3782 3915 3837 ιλιι

2343 3891 2470 3944 γετο
2507 3875 2602 3928 καὶ
2645 3873 2732 3928 ϐιά
2762 3875 2869 3929 τῶν
2917 3872 3222 3946 ἔμπροσθεν
3246 3891 3260 3904 ·
3317 3892 3337 3926 ι
3377 3873 3603 3944 Ὀψεται
3651 3871 3708 3926 δὲ
3761 3875 3916 3930 πᾶσα

2345 3965 2482 4038 σὰρξ
2525 3967 2586 4020 τὸ
2619 3967 2890 4038 Σωτήριον
2917 3966 3008 4019 τοῦ
3033 3964 3200 4038 Θεοῦο
3237 3983 3256 4017 s
3287 3967 3381 4020 καὶ
3410 3963 3674 4035 ἀλλαχοῦο
3715 3983 3737 4016 ι
3783 3965 3911 4018 Ἐκ-

2344 4034 2452 4128 χειῦ
2483 4059 2589 4110 ἀπὸ
2620 4057 2712 4112 τοῦ
2738 4034 3064 4128 ΙΪ-νεύιμτόςι
3089 4073 3190 4126 μου
3215 4057 3308 4109 ἐπὶ
3353 4034 3767 4129 πᾶσανγσάρκα,
3816 4059 3911 4111 καὶ

2344 4148 2804 4222 προφητεύσουσιν
2846 4150 2904 4202 ἒν
2959 4148 3334 4219 Ἰερουσαλήμ.
3371 4167 3390 4200 ι
3424 4150 3536 4220 Τήν
3585 4149 3909 4220 ἐπουράνιον

2345 4243 2593 4313 σημαίνει
2630 4241 3001 4313 Ἰερουσαλήμ,
3027 4239 3156 4295 ἔνθα
3177 4242 3498 4311 συστήσεται
3522 4243 3558 4312 ή
3595 4239 3688 4294 τοῦ
3722 4239 3908 4312 Σωτῆ-

2344 4349 2434 4404 ρος
2454 4334 2606 4404 ήμῶν
2634 4332 2897 4403 βασιλεία.

766 4424 932 4478 Vsus.
966 4423 1057 4477 τι.
1098 4441 1116 4474 ι
1163 4421 1230 4476 Et
1258 4422 1484 4477 exibunt
1511 4432 1567 4478 et
1603 4424 1856 4478 videbunt
1889 4426 2123 4480 membra
2150 4425 2246 4480 lio-

2415 4443 2433 4476 ι
2487 4425 2595 4478 Καὶ
2643 4425 3011 4491 ἐξελεύσονται
3071 4426 3166 4480 καὶ
3216 4425 3434 4490 ϐψονται
3484 4425 3553 4477 τὰ
3590 4424 3740 4477 κῶλα
3793 4423 3903 4477 τῶν

697 4515 920 4580 minum,
955 4515 1044 4583 qui
1078 4515 1414 4582 praevaricati
1460 4525 1584 4568 sunt
1624 4515 1678 4570 in
1714 4528 1819 4568 me.
1849 4512 2057 4569 Vermis
2093 4517 2236 4571 enim

694 4619 880 4661 eorum
908 4619 1013 4658 non
1044 4605 1320 4670 morietur,
1347 4613 1401 4658 et
1426 4605 1565 4675 ignis
1589 4618 1773 4659 eorum
1800 4618 1906 4658 non
1934 4605 2241 4675 exstingue-

694 4705 806 4759 tut',
842 4703 898 4750 et
929 4705 1088 4749 erunt
1117 4695 1168 4749 in
1194 4705 1536 4763 conspectum
1570 4696 1714 4749 omni
1743 4696 1915 4749 carni.
1949 4717 1969 4748 s
1999 4695 2229 4761 Quinam

695 4785 750 4839 bi
781 4791 958 4839 essent
983 4784 1139 4838 initio
1167 4783 1462 4853 prophetiae
1481 4783 1616 4837 dixit
1648 4785 1732 4839 bis
1760 4785 1973 4839 verbis:
2013 4803 2032 4836 ι
2073 4783 2238 4839 Filios

692 4879 888 4947 genui,
931 4886 986 4932 et
1029 4877 1304 4933 esaltavi:
1340 4876 1440 4942 ipsi
1489 4885 1665 4930 autem
1707 4885 2027 4946 spreverunt
2071 4891 2175 4931 me.
2213 4895 2234 4929 ο

693 4967 791 5021 llis
816 4980 944 5034 ergo
979 4967 1282 5022 subindicat
1315 4965 1433 5019 illos
1471 4980 1538 5020 ex
1561 4962 1778 5031 ludatis,
1809 4967 1898 5035 qui
1934 4966 2230 5021 salutarem

693 5057 921 5125 gratiam
962 5056 1333 5124 repudiarunt.
1372 5054 1525 5110 llunc
1575 5054 1858 5125 impiorum
1907 5070 2030 5112 esse
2078 5058 2264 5111 llnem'

691 5146 879 5200 definit
908 5145 1153 5201 Salvator
1185 5155 1368 5201 noster
1413 5147 1464 5201 in
1509 5147 1827 5218 Evangeliis,
1858 5162 1953 5203 eos
1988 5149 2078 5219 qui
2109 5163 2138 5201 a
2167 5148 2240 5202 si-

694 5238 876 5293 nistris
905 5237 1022 5308 ejus
1069 5239 1290 5292 stabunt
1335 5239 1414 5292 sic
1459 5237 1772 5306 alloquens:
1806 5257 1824 5290 ι
1871 5239 2139 5294 Discedite
2180 5241 2233 5293 in

692 5327 867 5397 ignem
891 5340 1176 5395 aeternum,
1193 5342 1435 5400 paratum
1458 5331 1671 5385 diabolo
1689 5331 1953 5400 etangclis
1975 5331 2093 5400 ejus
2109 5331 2174 5384 ³⁸.
2209 5349 2228 5382 ι

693 5419 1150 5482 Quemadmodum
1179 5420 1343 5489 igitur
1373 5420 1447 5475 ibi
1477 5431 1711 5475 atcrnus
1741 5422 1938 5475 dicitur
1966 5422 2122 5492 ignis,
2153 5424 2233 5476 sic

693 5517 745 5561 ct
773 5509 872 5564 hoc
897 5510 1013 5565 loco
1049 5529 1068 5562 ι
1092 5512 1542 5583 inexstinguibilis
1567 5511 1780 5577 dicitur,
1809 5527 1912 5566 una
1943 5512 2234 5582 eademque

757 5685 804 5718 ³⁵
822 5683 1008 5743 Ialllt.
1039 5702 1161 5749 xxv,
1189 5687 1276 5747 ιι.

2345 4513 2642 4586 ἀνθρώπων
2691 4515 2799 4568 τῶν
2858 4516 3316 4588 παραϐεϐηκότων
3370 4518 3428 4568 ὲν
3497 4514 3640 4586 ἐμοί.
3680 4516 3741 4568 ὐ
3795 4515 3901 4587 γὰρ

2346 4604 2556 4675 σκώληξ
2583 4606 2758 4658 αὐτῶν
2788 4605 2848 4658 ού
2873 4606 3200 4678 τελευτήσει,
3228 4607 3318 4660 καὶ
3361 4605 3421 4659 τὸ
3468 4604 3579 4677 πῦρ
3618 4604 3798 4658 αὐτῶν
3838 4605 3900 4657 οὐ

2346 4693 2716 4765 σϐεσθήσεται,
2746 4697 2841 4749 καὶ
2888 4695 3100 4749 ἔσονται
3142 4697 3222 4760 είς
3259 4697 3447 4767 ὅρασιν
3472 4695 3621 4768 πάσῃ
3649 4695 3833 4764 σαρκί.
3875 4711 3893 4744 ι

2343 4779 2495 4844 Τίνες
2514 4781 2571 4833 δὲ
2595 4777 2734 4852 ἦσαν
2766 4774 2930 4846 οὗτοι,
2955 4783 3012 4834 ὲν
3035 4783 3174 4854 ἀρχῇ
3210 4782 3310 4854 τῆς
3343 4783 3674 4855 προφητείας
3711 4783 3896 4853 ἐδήλου

2340 4873 2509 4944 λέγων
2532 4892 2545 4906 °
2581 4895 2600 4928 ι
2634 4876 2792 4938 Υίοὺς
2831 4876 3112 4947 ἐγέννησα,
3153 4877 3246 4931 καὶ
3285 4876 3506 4948 ῦψωσα·
3552 4875 3704 4929 αὐτοὶ
3734 4876 3793 4930 δέ
3831 4891 3898 4947 με

2336 4966 2620 5038 ἠθέτησαν.
2659 4986 2677 5018 ι
2720 4965 2963 5036 ᾘνίξατο
2986 4967 3159 5022 τοίνυν
3199 4969 3327 5032 τοὺς
3375 4968 3442 5021 ιιι
3496 4965 3592 5020 τοῦ
3630 4967 3898 5023 Ἰουδαίων

2337 5058 2518 5123 ἔθνους
2547 5059 2644 5130 τὴν
2665 5060 2926 5129 σωτήριον
2950 5058 3315 5132 ἀθετήσαντας
3339 5059 3518 5131 χάριν.
3557 5058 3623 5112 '0
3650 5057 3717 5129 δὴ
3747 5059 3897 5125 τέλος

2336 5147 2444 5202 τῶν
2467 5149 2680 5203 ἀσεϐῶν
2708 5148 2946 5219 ὁρίζεται
2974 5150 3068 5205 καὶ
3093 5151 3123 5203 6
3149 5151 3340 5222 Σωτὴρ
3364 5150 3520 5220 ήμῶν
3557 5153 3618 5204 tv
3649 5149 3893 5220 Εὑαγγε-

2336 5238 2470 5304 λίοις
2490 5239 2659 5293 είπὼν
2681 5243 2794 5304 τοῖς
2819 5239 2897 5303 είς
2922 5241 2991 5295 τά
3017 5240 3279 5314 ἀριστερά
3304 5240 3467 5294 αὐτοῦ
3505 5243 3854 5312 στησομένοις
3874 5257 3889 5274 ⁸

2343 5349 2362 5380 s
2399 5329 2700 5402 Πορεύεσθε
2721 5333 2800 5394 εἰς
2831 5330 2892 5384 τὺ
2926 5331 3036 5405 πῦρ
3059 5333 3121 5385 τὺ
3140 5331 3377 5394 αἰώνιον,
3409 5332 3471 5386 τὸ
3496 5334 3890 5404 ἡτοιμασμένον

2336 5419 2413 5490 τῷ
2435 5420 2664 5492 διαϐόλῳ
2711 5421 2806 5475 καὶ
2840 5425 2950 5486 τοῖς
2993 5425 3243 5493 ἀγγέλοις
3280 5422 3462 5478 αὐτοῦ.
3505 5441 3526 5476 ι
3559 5424 3774 5496 Ὠσπερ
3801 5420 3888 5478 οὗν

2334 5514 2450 5566 ἐκεί
2479 5512 2694 5569 αἰώνιον
2722 5513 2933 5586 είρηται
2969 5515 3098 5587 πῦρ,
3142 5516 3283 5571 οὕτω
3327 5515 3421 5569 καὶ
3469 5513 3704 5571 ἐνταῦθα
3736 5514 3889 5572 huic»
