  <div class='ocr_page' id='page_1' title='image "/cluster/home/n/w/nwhite01/storage/ocr_20150623/24/pst.000005712083/282.png"; bbox 0 0 4128 6294; ppageno 0'>
   <div class='ocr_carea' id='block_1_1' title="bbox 290 372 1914 445">
    <p class='ocr_par' dir='ltr' id='par_1_1' title="bbox 290 376 1914 445">
     <span class='ocr_line' id='line_1_1' title="bbox 290 376 1914 445; baseline -0.008 1"><span class='ocrx_word' id='word_1_1' title='bbox 290 386 393 445; x_wconf 63' lang='lat'><strong><em>530</em></strong></span> <span class='ocrx_word' id='word_1_2' title='bbox 1460 376 1914 438; x_wconf 69' lang='lat' dir='ltr'><strong><em>COIIENTARI</em></strong></span> 
     </span>
    </p>
   </div>
   <div class='ocr_carea' id='block_1_2' title="bbox 1949 372 3538 445">
    <p class='ocr_par' dir='ltr' id='par_1_2' title="bbox 1949 372 3538 432">
     <span class='ocr_line' id='line_1_2' title="bbox 1949 372 3538 432; baseline -0.001 0"><span class='ocrx_word' id='word_1_3' title='bbox 1949 388 1966 432; x_wconf 69' lang='grc' dir='ltr'><strong><em>ι</em></strong></span> <span class='ocrx_word' id='word_1_4' title='bbox 2002 375 2071 432; x_wconf 82' lang='grc' dir='ltr'><strong>ΙΝ</strong></span> <span class='ocrx_word' id='word_1_5' title='bbox 2110 373 2366 432; x_wconf 75' lang='grc' dir='ltr'>ιυω.</span> <span class='ocrx_word' id='word_1_6' title='bbox 3432 372 3538 431; x_wconf 62' lang='grc' dir='ltr'>πο</span> 
     </span>
    </p>
   </div>
   <div class='ocr_carea' id='block_1_3' title="bbox 294 485 3535 567">
    <p class='ocr_par' dir='ltr' id='par_1_3' title="bbox 294 485 3535 567">
     <span class='ocr_line' id='line_1_3' title="bbox 294 485 3535 567; baseline -0.005 -9"><span class='ocrx_word' id='word_1_7' title='bbox 294 502 580 560; x_wconf 75' lang='lat' dir='ltr'><strong><em>Palatinus</em></strong></span> <span class='ocrx_word' id='word_1_8' title='bbox 618 502 762 565; x_wconf 83' lang='lat' dir='ltr'><strong><em>Vat.,</em></strong></span> <span class='ocrx_word' id='word_1_9' title='bbox 795 517 829 555; x_wconf 89' lang='lat' dir='ltr'><strong><em>a</em></strong></span> <span class='ocrx_word' id='word_1_10' title='bbox 854 500 1001 555; x_wconf 87' lang='lat' dir='ltr'><strong><em>nobis</em></strong></span> <span class='ocrx_word' id='word_1_11' title='bbox 1034 499 1313 555; x_wconf 84' lang='lat' dir='ltr'><strong><em>denotatus</em></strong></span> <span class='ocrx_word' id='word_1_12' title='bbox 1342 498 1518 554; x_wconf 86' lang='lat' dir='ltr'><strong><em>littera</em></strong></span> <span class='ocrx_word' id='word_1_13' title='bbox 1548 498 1617 566; x_wconf 88' lang='grc' dir='ltr'>Β,</span> <span class='ocrx_word' id='word_1_14' title='bbox 1643 498 1734 567; x_wconf 75' lang='lat' dir='ltr'><strong><em>qui</em></strong></span> <span class='ocrx_word' id='word_1_15' title='bbox 1765 498 1967 567; x_wconf 87' lang='lat' dir='ltr'><strong><em>pariter</em></strong></span> <span class='ocrx_word' id='word_1_16' title='bbox 1996 503 2241 550; x_wconf 84' lang='lat' dir='ltr'><strong><em>catenam</em></strong></span> <span class='ocrx_word' id='word_1_17' title='bbox 2266 492 2419 548; x_wconf 76' lang='lat' dir='ltr'><strong><em>liabet</em></strong></span> <span class='ocrx_word' id='word_1_18' title='bbox 2443 491 2512 547; x_wconf 84' lang='lat' dir='ltr'><strong><em>ad</em></strong></span> <span class='ocrx_word' id='word_1_19' title='bbox 2543 489 2764 556; x_wconf 90' lang='lat' dir='ltr'><strong><em>Lucam,</em></strong></span> <span class='ocrx_word' id='word_1_20' title='bbox 2795 490 2860 544; x_wconf 91' lang='lat' dir='ltr'><strong><em>ab</em></strong></span> <span class='ocrx_word' id='word_1_21' title='bbox 2889 486 2987 544; x_wconf 78' lang='lat' dir='ltr'><strong><em>illa</em></strong></span> <span class='ocrx_word' id='word_1_22' title='bbox 3013 485 3218 546; x_wconf 81' lang='lat' dir='ltr'><strong><em>Nicetat</em></strong></span> <span class='ocrx_word' id='word_1_23' title='bbox 3246 486 3535 545; x_wconf 76' lang='lat' dir='ltr'><strong><em>diuersam.</em></strong></span> 
     </span>
    </p>
   </div>
   <div class='ocr_carea' id='block_1_4' title="bbox 291 585 3536 666">
    <p class='ocr_par' dir='ltr' id='par_1_4' title="bbox 291 585 3536 666">
     <span class='ocr_line' id='line_1_4' title="bbox 291 585 3536 666; baseline -0.003 -13"><span class='ocrx_word' id='word_1_24' title='bbox 291 599 498 654; x_wconf 83' lang='lat' dir='ltr'><strong><em>Tertius</em></strong></span> <span class='ocrx_word' id='word_1_25' title='bbox 529 609 609 654; x_wconf 87' lang='lat' dir='ltr'><strong><em>est</em></strong></span> <span class='ocrx_word' id='word_1_26' title='bbox 648 597 873 653; x_wconf 72' lang='lat' dir='ltr'><strong><em>locarii</em></strong></span> <span class='ocrx_word' id='word_1_27' title='bbox 899 594 1309 666; x_wconf 73' lang='lat' dir='ltr'><strong><em>Chrysocephali</em></strong></span> <span class='ocrx_word' id='word_1_28' title='bbox 1338 595 1505 649; x_wconf 67' lang='lat' dir='ltr'><strong><em>code:</em></strong></span> <span class='ocrx_word' id='word_1_29' title='bbox 1530 591 1581 647; x_wconf 87' lang='lat' dir='ltr'><em>E</em></span> <span class='ocrx_word' id='word_1_30' title='bbox 1620 591 1741 651; x_wconf 83' lang='lat' dir='ltr'><strong><em>Vat.</em></strong></span> <span class='ocrx_word' id='word_1_31' title='bbox 1777 594 1902 647; x_wconf 82' lang='lat' dir='ltr'><strong><em>item</em></strong></span> <span class='ocrx_word' id='word_1_32' title='bbox 1935 591 2194 656; x_wconf 87' lang='lat' dir='ltr'><strong><em>ineditus,</em></strong></span> <span class='ocrx_word' id='word_1_33' title='bbox 2224 591 2396 644; x_wconf 75' lang='lat' dir='ltr'><strong><em>uarios</em></strong></span> <span class='ocrx_word' id='word_1_34' title='bbox 2434 588 2549 658; x_wconf 82' lang='lat' dir='ltr'><strong><em>ejus</em></strong></span> <span class='ocrx_word' id='word_1_35' title='bbox 2592 588 2649 643; x_wconf 83' lang='lat' dir='ltr'><strong><em>in</em></strong></span> <span class='ocrx_word' id='word_1_36' title='bbox 2678 585 2878 643; x_wconf 80' lang='lat' dir='ltr'><strong><em>Lucam</em></strong></span> <span class='ocrx_word' id='word_1_37' title='bbox 2922 594 3183 641; x_wconf 84' lang='lat' dir='ltr'><strong><em>tractatus</em></strong></span> <span class='ocrx_word' id='word_1_38' title='bbox 3236 585 3536 651; x_wconf 81' lang='lat' dir='ltr'><strong><em>continens,</em></strong></span> 
     </span>
    </p>
   </div>
   <div class='ocr_carea' id='block_1_5' title="bbox 288 680 3541 760">
    <p class='ocr_par' dir='ltr' id='par_1_5' title="bbox 288 680 3541 760">
     <span class='ocr_line' id='line_1_5' title="bbox 288 680 3541 760; baseline -0.004 -14"><span class='ocrx_word' id='word_1_39' title='bbox 288 706 353 746; x_wconf 69' lang='lat' dir='ltr'><strong><em>es</em></strong></span> <span class='ocrx_word' id='word_1_40' title='bbox 388 690 669 753; x_wconf 84' lang='lat' dir='ltr'><strong><em>Patribus,</em></strong></span> <span class='ocrx_word' id='word_1_41' title='bbox 732 706 861 760; x_wconf 82' lang='lat' dir='ltr'><strong><em>quos</em></strong></span> <span class='ocrx_word' id='word_1_42' title='bbox 909 691 1046 744; x_wconf 83' lang='lat' dir='ltr'><strong><em>inter</em></strong></span> <span class='ocrx_word' id='word_1_43' title='bbox 1101 698 1179 744; x_wconf 89' lang='lat' dir='ltr'><strong><em>est</em></strong></span> <span class='ocrx_word' id='word_1_44' title='bbox 1205 690 1363 744; x_wconf 86' lang='lat' dir='ltr'><strong><em>etiam</em></strong></span> <span class='ocrx_word' id='word_1_45' title='bbox 1416 686 1703 754; x_wconf 81' lang='lat' dir='ltr'><strong><em>Eusebius,</em></strong></span> <span class='ocrx_word' id='word_1_46' title='bbox 1736 689 1806 742; x_wconf 91' lang='lat' dir='ltr'><strong><em>ad</em></strong></span> <span class='ocrx_word' id='word_1_47' title='bbox 1848 687 2079 741; x_wconf 80' lang='lat' dir='ltr'><strong><em>litteram</em></strong></span> <span class='ocrx_word' id='word_1_48' title='bbox 2141 684 2550 754; x_wconf 82' lang='lat' dir='ltr'><strong><em>nominatimque</em></strong></span> <span class='ocrx_word' id='word_1_49' title='bbox 2594 682 3009 743; x_wconf 85' lang='lat' dir='ltr'><strong><em>consarcinatos.</em></strong></span> <span class='ocrx_word' id='word_1_50' title='bbox 3057 680 3292 746; x_wconf 73' lang='lat' dir='ltr'><strong><em>Quartus</em></strong></span> <span class='ocrx_word' id='word_1_51' title='bbox 3320 680 3541 752; x_wconf 79' lang='lat' dir='ltr'><strong><em>denique</em></strong></span> 
     </span>
    </p>
   </div>
   <div class='ocr_carea' id='block_1_6' title="bbox 290 776 3536 853">
    <p class='ocr_par' dir='ltr' id='par_1_6' title="bbox 290 776 3536 853">
     <span class='ocr_line' id='line_1_6' title="bbox 290 776 3536 853; baseline -0.003 -13"><span class='ocrx_word' id='word_1_52' title='bbox 290 787 455 840; x_wconf 70' lang='lat' dir='ltr'><strong><em>codex</em></strong></span> <span class='ocrx_word' id='word_1_53' title='bbox 485 784 877 840; x_wconf 85' lang='lat' dir='ltr'><strong><em>Ottobom&#39;anus</em></strong></span> <span class='ocrx_word' id='word_1_54' title='bbox 915 783 1037 841; x_wconf 83' lang='lat' dir='ltr'><strong><em>Vat.</em></strong></span> <span class='ocrx_word' id='word_1_55' title='bbox 1072 801 1219 851; x_wconf 69' lang='lat' dir='ltr'><strong><em>atque</em></strong></span> <span class='ocrx_word' id='word_1_56' title='bbox 1248 794 1494 839; x_wconf 88' lang='lat' dir='ltr'><strong><em>catenam</em></strong></span> <span class='ocrx_word' id='word_1_57' title='bbox 1522 783 1593 837; x_wconf 91' lang='lat' dir='ltr'><strong><em>ad</em></strong></span> <span class='ocrx_word' id='word_1_58' title='bbox 1627 782 1826 838; x_wconf 81' lang='lat' dir='ltr'><strong><em>Lucam</em></strong></span> <span class='ocrx_word' id='word_1_59' title='bbox 1861 782 2158 847; x_wconf 86' lang='lat' dir='ltr'><strong><em>continens,</em></strong></span> <span class='ocrx_word' id='word_1_60' title='bbox 2190 795 2341 849; x_wconf 83' lang='lat' dir='ltr'><strong><em>quem</em></strong></span> <span class='ocrx_word' id='word_1_61' title='bbox 2366 778 2603 833; x_wconf 86' lang='lat' dir='ltr'><strong><em>codicem</em></strong></span> <span class='ocrx_word' id='word_1_62' title='bbox 2630 787 2951 847; x_wconf 83' lang='lat' dir='ltr'><strong><em>postremum</em></strong></span> <span class='ocrx_word' id='word_1_63' title='bbox 2994 792 3114 831; x_wconf 79' lang='lat' dir='ltr'><strong><em>cunt</em></strong></span> <span class='ocrx_word' id='word_1_64' title='bbox 3145 776 3536 853; x_wconf 72' lang='lat' dir='ltr'><strong><em>inspiceremus,</em></strong></span> 
     </span>
    </p>
   </div>
   <div class='ocr_carea' id='block_1_7' title="bbox 284 869 3538 953">
    <p class='ocr_par' dir='ltr' id='par_1_7' title="bbox 284 869 3538 953">
     <span class='ocr_line' id='line_1_7' title="bbox 284 869 3538 953; baseline -0.003 -18"><span class='ocrx_word' id='word_1_65' title='bbox 284 892 477 953; x_wconf 70' lang='lat' dir='ltr'><strong><em>praeter</em></strong></span> <span class='ocrx_word' id='word_1_66' title='bbox 513 878 634 934; x_wconf 85' lang='lat' dir='ltr'><strong><em>alia</em></strong></span> <span class='ocrx_word' id='word_1_67' title='bbox 662 896 783 933; x_wconf 87' lang='lat' dir='ltr'><strong><em>cum</em></strong></span> <span class='ocrx_word' id='word_1_68' title='bbox 814 881 1086 944; x_wconf 70' lang='lat' dir='ltr'><strong><em>pra&#39;dictis</em></strong></span> <span class='ocrx_word' id='word_1_69' title='bbox 1120 879 1385 935; x_wconf 87' lang='lat' dir='ltr'><strong><em>codicibus</em></strong></span> <span class='ocrx_word' id='word_1_70' title='bbox 1412 878 1778 950; x_wconf 80' lang='lat' dir='ltr'><strong><em>congruentia,</em></strong></span> <span class='ocrx_word' id='word_1_71' title='bbox 1808 892 1943 933; x_wconf 79' lang='lat' dir='ltr'><strong><em>noua</em></strong></span> <span class='ocrx_word' id='word_1_72' title='bbox 1971 876 2145 951; x_wconf 69' lang='lat' dir='ltr'><strong><em>adhuc</em></strong></span> <span class='ocrx_word' id='word_1_73' title='bbox 2197 873 2418 929; x_wconf 85' lang='lat' dir='ltr'><strong><em>Eusebii</em></strong></span> <span class='ocrx_word' id='word_1_74' title='bbox 2466 874 2770 945; x_wconf 78' lang='lat' dir='ltr'><strong><em>fragmenta</em></strong></span> <span class='ocrx_word' id='word_1_75' title='bbox 2802 873 2949 927; x_wconf 87' lang='lat' dir='ltr'><strong><em>nacti</em></strong></span> <span class='ocrx_word' id='word_1_76' title='bbox 2990 888 3193 928; x_wconf 79' lang='lat' dir='ltr'><strong><em>sumus.</em></strong></span> <span class='ocrx_word' id='word_1_77' title='bbox 3232 869 3388 925; x_wconf 81' lang='lat' dir='ltr'><strong><em>Hunc</em></strong></span> <span class='ocrx_word' id='word_1_78' title='bbox 3422 870 3538 925; x_wconf 86' lang='lat' dir='ltr'><strong><em>dis-</em></strong></span> 
     </span>
    </p>
   </div>
   <div class='ocr_carea' id='block_1_8' title="bbox 286 962 3533 1046">
    <p class='ocr_par' dir='ltr' id='par_1_8' title="bbox 286 962 3533 1046">
     <span class='ocr_line' id='line_1_8' title="bbox 286 962 3533 1046; baseline -0.003 -17"><span class='ocrx_word' id='word_1_79' title='bbox 286 978 576 1046; x_wconf 77' lang='lat' dir='ltr'><strong><em>tinguimus</em></strong></span> <span class='ocrx_word' id='word_1_80' title='bbox 608 984 736 1030; x_wconf 89' lang='lat' dir='ltr'><strong><em>nota</em></strong></span> <span class='ocrx_word' id='word_1_81' title='bbox 765 973 829 1030; x_wconf 92' lang='lat' dir='ltr'><strong><em>L.</em></strong></span> <span class='ocrx_word' id='word_1_82' title='bbox 853 975 982 1031; x_wconf 75' lang='lat' dir='ltr'><strong><em>1am</em></strong></span> <span class='ocrx_word' id='word_1_83' title='bbox 1005 992 1125 1032; x_wconf 76' lang='lat' dir='ltr'><strong><em>vero</em></strong></span> <span class='ocrx_word' id='word_1_84' title='bbox 1158 984 1359 1030; x_wconf 72' lang='lat' dir='ltr'><strong><em>calente</em></strong></span> <span class='ocrx_word' id='word_1_85' title='bbox 1389 973 1612 1028; x_wconf 87' lang='lat' dir='ltr'><strong><em>Patrum</em></strong></span> <span class='ocrx_word' id='word_1_86' title='bbox 1644 974 1700 1027; x_wconf 84' lang='lat' dir='ltr'><strong><em>in</em></strong></span> <span class='ocrx_word' id='word_1_87' title='bbox 1730 969 1956 1039; x_wconf 80' lang='lat' dir='ltr'><strong><em>Lucam,</em></strong></span> <span class='ocrx_word' id='word_1_88' title='bbox 1982 981 2176 1039; x_wconf 69' lang='lat' dir='ltr'><strong><em>prater</em></strong></span> <span class='ocrx_word' id='word_1_89' title='bbox 2222 978 2460 1025; x_wconf 86' lang='lat' dir='ltr'><strong><em>nostram</em></strong></span> <span class='ocrx_word' id='word_1_90' title='bbox 2490 967 2734 1024; x_wconf 70' lang='lat' dir='ltr'><strong><em>Gracant</em></strong></span> <span class='ocrx_word' id='word_1_91' title='bbox 2762 983 2923 1036; x_wconf 84' lang='lat' dir='ltr'><strong><em>quam</em></strong></span> <span class='ocrx_word' id='word_1_92' title='bbox 2951 966 3208 1034; x_wconf 66' lang='lat' dir='ltr'><strong><em>diximus,</em></strong></span> <span class='ocrx_word' id='word_1_93' title='bbox 3260 967 3384 1020; x_wconf 66' lang='lat' dir='ltr'><strong><em>dum</em></strong></span> <span class='ocrx_word' id='word_1_94' title='bbox 3423 962 3533 1019; x_wconf 77' lang='lat' dir='ltr'><strong><em>La-</em></strong></span> 
     </span>
    </p>
   </div>
   <div class='ocr_carea' id='block_1_9' title="bbox 285 1056 3547 1132">
    <p class='ocr_par' dir='ltr' id='par_1_9' title="bbox 285 1056 3547 1132">
     <span class='ocr_line' id='line_1_9' title="bbox 285 1056 3547 1132; baseline -0.005 -7"><span class='ocrx_word' id='word_1_95' title='bbox 285 1071 398 1125; x_wconf 84' lang='lat' dir='ltr'><strong><em>tino</em></strong></span> <span class='ocrx_word' id='word_1_96' title='bbox 429 1078 644 1129; x_wconf 76' lang='lat' dir='ltr'><strong><em>tantum</em></strong></span> <span class='ocrx_word' id='word_1_97' title='bbox 693 1086 931 1126; x_wconf 86' lang='lat' dir='ltr'><strong><em>sermons</em></strong></span> <span class='ocrx_word' id='word_1_98' title='bbox 970 1071 1125 1125; x_wconf 74' lang='lat' dir='ltr'><strong><em>edita:</em></strong></span> <span class='ocrx_word' id='word_1_99' title='bbox 1166 1068 1463 1132; x_wconf 68' lang='lat' dir='ltr'><strong><em>exstabant,</em></strong></span> <span class='ocrx_word' id='word_1_100' title='bbox 1519 1066 1625 1120; x_wconf 75' lang='lat' dir='ltr'><strong><em>diui</em></strong></span> <span class='ocrx_word' id='word_1_101' title='bbox 1676 1065 1931 1119; x_wconf 76' lang='lat' dir='ltr'><strong><em>nimirum</em></strong></span> <span class='ocrx_word' id='word_1_102' title='bbox 1984 1062 2197 1117; x_wconf 77' lang='lat' dir='ltr'><strong><em>Thomte</em></strong></span> <span class='ocrx_word' id='word_1_103' title='bbox 2230 1061 2540 1132; x_wconf 86' lang='lat' dir='ltr'><strong><em>Aquinatis,</em></strong></span> <span class='ocrx_word' id='word_1_104' title='bbox 2574 1070 2621 1114; x_wconf 89' lang='lat' dir='ltr'><strong><em>et</em></strong></span> <span class='ocrx_word' id='word_1_105' title='bbox 2642 1056 2975 1113; x_wconf 84' lang='lat' dir='ltr'><strong><em>Battltasaris</em></strong></span> <span class='ocrx_word' id='word_1_106' title='bbox 3005 1056 3281 1124; x_wconf 85' lang='lat' dir='ltr'><strong><em>Corderii;</em></strong></span> <span class='ocrx_word' id='word_1_107' title='bbox 3312 1072 3547 1128; x_wconf 64' lang='lat' dir='ltr'><strong><em>quorum</em></strong></span> 
     </span>
    </p>
   </div>
   <div class='ocr_carea' id='block_1_10' title="bbox 282 1150 3542 1242">
    <p class='ocr_par' dir='ltr' id='par_1_10' title="bbox 282 1150 3542 1242">
     <span class='ocr_line' id='line_1_10' title="bbox 282 1150 3542 1242; baseline -0.004 -24"><span class='ocrx_word' id='word_1_108' title='bbox 282 1166 430 1235; x_wconf 86' lang='lat' dir='ltr'><strong><em>prior</em></strong></span> <span class='ocrx_word' id='word_1_109' title='bbox 458 1168 664 1231; x_wconf 88' lang='lat' dir='ltr'><strong><em>rarius,</em></strong></span> <span class='ocrx_word' id='word_1_110' title='bbox 711 1166 879 1221; x_wconf 78' lang='lat' dir='ltr'><strong><em>altera</em></strong></span> <span class='ocrx_word' id='word_1_111' title='bbox 922 1164 1183 1235; x_wconf 82' lang='lat' dir='ltr'><strong><em>copiosius</em></strong></span> <span class='ocrx_word' id='word_1_112' title='bbox 1227 1162 1513 1217; x_wconf 84' lang='lat' dir='ltr'><strong><em>Eusebium</em></strong></span> <span class='ocrx_word' id='word_1_113' title='bbox 1560 1161 1699 1215; x_wconf 76' lang='lat' dir='ltr'><strong><em>inter</em></strong></span> <span class='ocrx_word' id='word_1_114' title='bbox 1724 1167 1945 1215; x_wconf 63' lang='lat' dir='ltr'><strong><em>ceteros</em></strong></span> <span class='ocrx_word' id='word_1_115' title='bbox 1975 1157 2165 1212; x_wconf 82' lang='lat' dir='ltr'><strong><em>Patres</em></strong></span> <span class='ocrx_word' id='word_1_116' title='bbox 2196 1158 2453 1242; x_wconf 41' lang='lat' dir='ltr'><strong><em>recitante</em></strong></span> <span class='ocrx_word' id='word_1_117' title='bbox 2494 1152 2864 1210; x_wconf 82' lang='lat' dir='ltr'><strong><em>Verumtamen</em></strong></span> <span class='ocrx_word' id='word_1_118' title='bbox 2905 1150 3125 1208; x_wconf 70' lang='lat' dir='ltr'><strong><em>Grccus</em></strong></span> <span class='ocrx_word' id='word_1_119' title='bbox 3157 1151 3330 1232; x_wconf 56' lang='lat' dir='ltr'><strong><em>editur:</em></strong></span> <span class='ocrx_word' id='word_1_120' title='bbox 3363 1159 3542 1205; x_wconf 74' lang='lat' dir='ltr'><strong><em>textus</em></strong></span> 
     </span>
    </p>
   </div>
   <div class='ocr_carea' id='block_1_11' title="bbox 279 1243 3540 1335">
    <p class='ocr_par' dir='ltr' id='par_1_11' title="bbox 279 1243 3540 1335">
     <span class='ocr_line' id='line_1_11' title="bbox 279 1243 3540 1335; baseline -0.006 -20"><span class='ocrx_word' id='word_1_121' title='bbox 279 1270 423 1316; x_wconf 84' lang='lat' dir='ltr'><strong><em>totus</em></strong></span> <span class='ocrx_word' id='word_1_122' title='bbox 460 1261 707 1327; x_wconf 82' lang='lat' dir='ltr'><strong><em>latebat;</em></strong></span> <span class='ocrx_word' id='word_1_123' title='bbox 739 1270 791 1316; x_wconf 91' lang='lat' dir='ltr'><strong><em>et</em></strong></span> <span class='ocrx_word' id='word_1_124' title='bbox 819 1258 985 1315; x_wconf 84' lang='lat' dir='ltr'><strong><em>multa</em></strong></span> <span class='ocrx_word' id='word_1_125' title='bbox 1014 1260 1228 1328; x_wconf 77' lang='lat' dir='ltr'><strong><em>insuper</em></strong></span> <span class='ocrx_word' id='word_1_126' title='bbox 1258 1275 1319 1312; x_wconf 88' lang='lat' dir='ltr'><strong><em>ne</em></strong></span> <span class='ocrx_word' id='word_1_127' title='bbox 1346 1257 1535 1335; x_wconf 81' lang='lat' dir='ltr'><strong><em>Latine</em></strong></span> <span class='ocrx_word' id='word_1_128' title='bbox 1564 1256 1771 1327; x_wconf 81' lang='lat' dir='ltr'><strong><em>quidem</em></strong></span> <span class='ocrx_word' id='word_1_129' title='bbox 1804 1255 2016 1325; x_wconf 84' lang='lat' dir='ltr'><strong><em>cognita</em></strong></span> <span class='ocrx_word' id='word_1_130' title='bbox 2041 1261 2215 1308; x_wconf 87' lang='lat' dir='ltr'><strong><em>erant.</em></strong></span> <span class='ocrx_word' id='word_1_131' title='bbox 2243 1248 2417 1306; x_wconf 88' lang='lat' dir='ltr'><strong><em>Porro</em></strong></span> <span class='ocrx_word' id='word_1_132' title='bbox 2448 1251 2506 1305; x_wconf 86' lang='lat' dir='ltr'><strong><em>in</em></strong></span> <span class='ocrx_word' id='word_1_133' title='bbox 2540 1246 2728 1304; x_wconf 67' lang='lat' dir='ltr'><strong><em>Graeca</em></strong></span> <span class='ocrx_word' id='word_1_134' title='bbox 2775 1257 2984 1313; x_wconf 86' lang='lat' dir='ltr'><strong><em>catena,</em></strong></span> <span class='ocrx_word' id='word_1_135' title='bbox 3031 1260 3194 1317; x_wconf 78' lang='lat' dir='ltr'><strong><em>quam</em></strong></span> <span class='ocrx_word' id='word_1_136' title='bbox 3243 1243 3540 1335; x_wconf 55' lang='lat' dir='ltr'><strong><em>nuperrime</em></strong></span> 
     </span>
    </p>
   </div>
   <div class='ocr_carea' id='block_1_12' title="bbox 280 1333 3539 1423">
    <p class='ocr_par' dir='ltr' id='par_1_12' title="bbox 280 1333 3539 1423">
     <span class='ocr_line' id='line_1_12' title="bbox 280 1333 3539 1423; baseline -0.005 -15"><span class='ocrx_word' id='word_1_137' title='bbox 280 1357 360 1409; x_wconf 73' lang='lat' dir='ltr'><strong><em>uir</em></strong></span> <span class='ocrx_word' id='word_1_138' title='bbox 400 1355 470 1410; x_wconf 83' lang='lat' dir='ltr'><strong><em>ci.</em></strong></span> <span class='ocrx_word' id='word_1_139' title='bbox 510 1353 573 1413; x_wconf 79' lang='lat' dir='ltr'><strong><em>J.</em></strong></span> <span class='ocrx_word' id='word_1_140' title='bbox 611 1359 679 1410; x_wconf 82' lang='grc' dir='ltr'><strong><em>Α.</em></strong></span> <span class='ocrx_word' id='word_1_141' title='bbox 708 1354 990 1410; x_wconf 87' lang='lat' dir='ltr'><strong><em>Cramerus</em></strong></span> <span class='ocrx_word' id='word_1_142' title='bbox 1031 1352 1234 1409; x_wconf 68' lang='lat' dir='ltr'><strong><em>Oxom&#39;i</em></strong></span> <span class='ocrx_word' id='word_1_143' title='bbox 1262 1333 1452 1421; x_wconf 87' lang='lat' dir='ltr'><strong><em>edidit,</em></strong></span> <span class='ocrx_word' id='word_1_144' title='bbox 1491 1366 1753 1423; x_wconf 79' lang='lat' dir='ltr'><strong><em>quamque</em></strong></span> <span class='ocrx_word' id='word_1_145' title='bbox 1792 1366 1887 1421; x_wconf 81' lang='lat' dir='ltr'><strong><em>ego</em></strong></span> <span class='ocrx_word' id='word_1_146' title='bbox 1923 1349 2010 1404; x_wconf 83' lang='lat' dir='ltr'><strong><em>Itis</em></strong></span> <span class='ocrx_word' id='word_1_147' title='bbox 2043 1346 2226 1402; x_wconf 84' lang='lat' dir='ltr'><strong><em>diebus</em></strong></span> <span class='ocrx_word' id='word_1_148' title='bbox 2251 1360 2317 1401; x_wconf 68' lang='lat' dir='ltr'><strong><em>ea</em></strong></span> <span class='ocrx_word' id='word_1_149' title='bbox 2338 1342 2534 1415; x_wconf 71' lang='lat' dir='ltr'><strong><em>Anglia</em></strong></span> <span class='ocrx_word' id='word_1_150' title='bbox 2566 1343 2768 1414; x_wconf 85' lang='lat' dir='ltr'><strong><em>accepi,</em></strong></span> <span class='ocrx_word' id='word_1_151' title='bbox 2813 1340 3018 1396; x_wconf 77' lang='lat' dir='ltr'><strong><em>nullum</em></strong></span> <span class='ocrx_word' id='word_1_152' title='bbox 3054 1354 3269 1405; x_wconf 80' lang='lat' dir='ltr'><strong><em>prorsus</em></strong></span> <span class='ocrx_word' id='word_1_153' title='bbox 3317 1333 3539 1391; x_wconf 77' lang='lat' dir='ltr'><strong><em>Eusebii</em></strong></span> 
     </span>
    </p>
   </div>
   <div class='ocr_carea' id='block_1_13' title="bbox 278 1448 793 1502">
    <p class='ocr_par' dir='ltr' id='par_1_13' title="bbox 278 1448 793 1502">
     <span class='ocr_line' id='line_1_13' title="bbox 278 1448 793 1502; baseline 0 -1"><span class='ocrx_word' id='word_1_154' title='bbox 278 1448 489 1502; x_wconf 72' lang='lat' dir='ltr'><strong><em>uerbum</em></strong></span> <span class='ocrx_word' id='word_1_155' title='bbox 520 1448 793 1502; x_wconf 85' lang='lat' dir='ltr'><strong><em>recitatur.</em></strong></span> 
     </span>
    </p>
   </div>
   <div class='ocr_carea' id='block_1_14' title="bbox 661 1560 3498 1601">
    <p class='ocr_par' dir='ltr' id='par_1_14' title="bbox 661 1560 3498 1601">
     <span class='ocr_line' id='line_1_14' title="bbox 661 1560 3498 1601; baseline -0 -17"><span class='ocrx_word' id='word_1_156' title='bbox 661 1560 3498 1601; x_wconf 48' lang='grc' dir='ltr'><em>Μ</em></span> 
     </span>
    </p>
   </div>
   <div class='ocr_carea' id='block_1_15' title="bbox 294 1582 659 1605">
    <p class='ocr_par' dir='ltr' id='par_1_15' title="bbox 294 1582 659 1605">
     <span class='ocr_line' id='line_1_15' title="bbox 294 1582 659 1605; baseline -0.005 -3"><span class='ocrx_word' id='word_1_157' title='bbox 294 1582 659 1605; x_wconf 72' lang='lat'><strong><em>—</em></strong></span> 
     </span>
    </p>
   </div>
   <div class='ocr_carea' id='block_1_16' title="bbox 968 1706 2844 1869">
    <p class='ocr_par' dir='ltr' id='par_1_16' title="bbox 968 1706 2844 1869">
     <span class='ocr_line' id='line_1_16' title="bbox 968 1706 2844 1869; baseline -0.005 -1"><span class='ocrx_word' id='word_1_158' title='bbox 968 1735 1773 1869; x_wconf 90' lang='grc' dir='ltr'><strong><em>ΕΥΣΕΒΙΟΥ</em></strong></span> <span class='ocrx_word' id='word_1_159' title='bbox 1850 1706 2844 1866; x_wconf 86' lang='grc' dir='ltr'><strong><em>ΚΑΙΣΑΡΕΙΑΣ</em></strong></span> 
     </span>
    </p>
   </div>
   <div class='ocr_carea' id='block_1_17' title="bbox 825 1950 2972 2067">
    <p class='ocr_par' dir='ltr' id='par_1_17' title="bbox 825 1950 2972 2067">
     <span class='ocr_line' id='line_1_17' title="bbox 825 1950 2972 2067; baseline -0.009 1"><span class='ocrx_word' id='word_1_160' title='bbox 825 1980 1043 2067; x_wconf 68' lang='grc' dir='ltr'><strong><em>ἘΙΣ</em></strong></span> <span class='ocrx_word' id='word_1_161' title='bbox 1115 1980 1264 2065; x_wconf 91' lang='grc' dir='ltr'>ΤΟ</span> <span class='ocrx_word' id='word_1_162' title='bbox 1338 1967 1640 2063; x_wconf 83' lang='grc' dir='ltr'><strong><em>ΚΑΤΑ</em></strong></span> <span class='ocrx_word' id='word_1_163' title='bbox 1709 1970 2171 2061; x_wconf 84' lang='grc' dir='ltr'><strong><em>ΛΟΥΚΑΝ</em></strong></span> <span class='ocrx_word' id='word_1_164' title='bbox 2244 1950 2972 2059; x_wconf 85' lang='grc' dir='ltr'><strong><em>ΕΥΑΓΓΕΛΙΟΝ.</em></strong></span> 
     </span>
    </p>
   </div>
   <div class='ocr_carea' id='block_1_18' title="bbox 1084 2323 2687 2456">
    <p class='ocr_par' dir='ltr' id='par_1_18' title="bbox 1084 2323 2687 2456">
     <span class='ocr_line' id='line_1_18' title="bbox 1084 2323 2687 2456; baseline -0.009 -6"><span class='ocrx_word' id='word_1_165' title='bbox 1084 2334 1634 2456; x_wconf 86' lang='lat' dir='ltr'><strong><em>EUSEBII</em></strong></span> <span class='ocrx_word' id='word_1_166' title='bbox 1713 2323 2687 2447; x_wconf 59' lang='lat' dir='ltr'><strong><em>CJESARIENSIS</em></strong></span> 
     </span>
    </p>
   </div>
   <div class='ocr_carea' id='block_1_19' title="bbox 704 2560 3031 2701">
    <p class='ocr_par' dir='ltr' id='par_1_19' title="bbox 704 2560 3031 2701">
     <span class='ocr_line' id='line_1_19' title="bbox 704 2560 3031 2701; baseline -0.006 -37"><span class='ocrx_word' id='word_1_167' title='bbox 704 2572 1551 2701; x_wconf 75' lang='lat' dir='ltr'><strong><em>COMMENTABII</em></strong></span> <span class='ocrx_word' id='word_1_168' title='bbox 1629 2570 1753 2660; x_wconf 83' lang='lat' dir='ltr'><strong><em>IN</em></strong></span> <span class='ocrx_word' id='word_1_169' title='bbox 1831 2568 2171 2659; x_wconf 64' lang='grc' dir='ltr'><strong><em>[ιΠοΔὲ</em></strong></span> <span class='ocrx_word' id='word_1_170' title='bbox 2242 2560 3031 2659; x_wconf 81' lang='lat' dir='ltr'><strong><em>EVANGELIUM</em></strong></span> 
     </span>
    </p>
   </div>
   <div class='ocr_carea' id='block_1_20' title="bbox 1070 2750 2735 2832">
    <p class='ocr_par' dir='ltr' id='par_1_20' title="bbox 1070 2750 2735 2832">
     <span class='ocr_line' id='line_1_20' title="bbox 1070 2750 2735 2832; baseline -0.011 -10"><span class='ocrx_word' id='word_1_171' title='bbox 1070 2762 1412 2832; x_wconf 75' lang='lat' dir='ltr'><strong>QUANTUM</strong></span> <span class='ocrx_word' id='word_1_172' title='bbox 1452 2758 1812 2819; x_wconf 81' lang='lat' dir='ltr'><strong><em>SUPEREST</em></strong></span> <span class='ocrx_word' id='word_1_173' title='bbox 1848 2758 1916 2815; x_wconf 77' lang='lat' dir='ltr'><strong><em>IN</em></strong></span> <span class='ocrx_word' id='word_1_174' title='bbox 1952 2751 2310 2814; x_wconf 78' lang='lat' dir='ltr'><strong><em>CODICIBUS</em></strong></span> <span class='ocrx_word' id='word_1_175' title='bbox 2350 2750 2735 2809; x_wconf 78' lang='lat' dir='ltr'><strong><em>VATICANIS.</em></strong></span> 
     </span>
    </p>
   </div>
   <div class='ocr_carea' id='block_1_21' title="bbox 2203 3061 3276 3132">
    <p class='ocr_par' dir='ltr' id='par_1_21' title="bbox 2203 3061 3276 3132">
     <span class='ocr_line' id='line_1_21' title="bbox 2203 3061 3276 3132; baseline -0.007 -11"><span class='ocrx_word' id='word_1_176' title='bbox 2203 3067 2250 3099; x_wconf 79' lang='lat'><em>“</em></span> <span class='ocrx_word' id='word_1_177' title='bbox 2293 3064 2360 3120; x_wconf 83' lang='lat' dir='ltr'><strong><em>In</em></strong></span> <span class='ocrx_word' id='word_1_178' title='bbox 2400 3064 2580 3119; x_wconf 82' lang='lat' dir='ltr'><strong><em>diebus</em></strong></span> <span class='ocrx_word' id='word_1_179' title='bbox 2627 3062 2855 3117; x_wconf 84' lang='lat' dir='ltr'><strong><em>Herodis</em></strong></span> <span class='ocrx_word' id='word_1_180' title='bbox 2883 3061 3092 3116; x_wconf 71' lang='lat' dir='ltr'><strong><em>Iudicat</em></strong></span> <span class='ocrx_word' id='word_1_181' title='bbox 3122 3062 3276 3132; x_wconf 81' lang='lat' dir='ltr'><strong><em>regis.</em></strong></span> 
     </span>
    </p>
   </div>
   <div class='ocr_carea' id='block_1_22' title="bbox 350 3155 1848 3282">
    <p class='ocr_par' dir='ltr' id='par_1_22' title="bbox 350 3155 1848 3282">
     <span class='ocr_line' id='line_1_22' title="bbox 918 3155 1217 3205; baseline -0.003 -13"><span class='ocrx_word' id='word_1_182' title='bbox 918 3155 1217 3205; x_wconf 71' lang='grc' dir='ltr'>Ἰουοαιας.</span> 
     </span>
     <span class='ocr_line' id='line_1_23' title="bbox 350 3199 1848 3282; baseline -0.002 -19"><span class='ocrx_word' id='word_1_183' title='bbox 350 3210 417 3263; x_wconf 84' lang='grc' dir='ltr'><strong>Ἦ</strong></span> <span class='ocrx_word' id='word_1_184' title='bbox 447 3210 557 3281; x_wconf 86' lang='grc' dir='ltr'><strong><em>γὰρ</em></strong></span> <span class='ocrx_word' id='word_1_185' title='bbox 605 3207 700 3261; x_wconf 82' lang='grc' dir='ltr'>τοῦ</span> <span class='ocrx_word' id='word_1_186' title='bbox 746 3207 912 3261; x_wconf 81' lang='grc' dir='ltr'><strong><em>Ἰούδα</em></strong></span> <span class='ocrx_word' id='word_1_187' title='bbox 954 3207 1093 3279; x_wconf 81' lang='grc' dir='ltr'>φυλὴ</span> <span class='ocrx_word' id='word_1_188' title='bbox 1133 3199 1339 3264; x_wconf 73' lang='grc' dir='ltr'>ἄνωθεν</span> <span class='ocrx_word' id='word_1_189' title='bbox 1392 3206 1462 3282; x_wconf 77' lang='grc' dir='ltr'><strong><em>ἦν</em></strong></span> <span class='ocrx_word' id='word_1_190' title='bbox 1503 3208 1724 3282; x_wconf 81' lang='grc' dir='ltr'>ἀρχικὴ,</span> <span class='ocrx_word' id='word_1_191' title='bbox 1754 3209 1848 3261; x_wconf 77' lang='grc' dir='ltr'>καὶ</span> 
     </span>
    </p>
   </div>
   <div class='ocr_carea' id='block_1_23' title="bbox 271 3295 1849 3375">
    <p class='ocr_par' dir='ltr' id='par_1_23' title="bbox 271 3295 1849 3375">
     <span class='ocr_line' id='line_1_24' title="bbox 271 3295 1849 3375; baseline 0 -21"><span class='ocrx_word' id='word_1_192' title='bbox 271 3302 455 3372; x_wconf 74' lang='grc' dir='ltr'>ἠγεῖτο</span> <span class='ocrx_word' id='word_1_193' title='bbox 484 3302 701 3354; x_wconf 83' lang='grc' dir='ltr'>πάντων</span> <span class='ocrx_word' id='word_1_194' title='bbox 744 3295 1016 3369; x_wconf 67' lang='grc' dir='ltr'>ἓωςῆσαν</span> <span class='ocrx_word' id='word_1_195' title='bbox 1063 3300 1369 3373; x_wconf 82' lang='grc' dir='ltr'>αὐτόνομοι,</span> <span class='ocrx_word' id='word_1_196' title='bbox 1402 3302 1544 3357; x_wconf 81' lang='grc' dir='ltr'>κατὰ</span> <span class='ocrx_word' id='word_1_197' title='bbox 1578 3304 1676 3374; x_wconf 83' lang='grc' dir='ltr'>τὴν</span> <span class='ocrx_word' id='word_1_198' title='bbox 1722 3320 1849 3375; x_wconf 86' lang='grc' dir='ltr'>προ-</span> 
     </span>
    </p>
   </div>
   <div class='ocr_carea' id='block_1_24' title="bbox 271 3388 1846 3465">
    <p class='ocr_par' dir='ltr' id='par_1_24' title="bbox 271 3388 1846 3465">
     <span class='ocr_line' id='line_1_25' title="bbox 271 3388 1846 3465; baseline 0.001 -21"><span class='ocrx_word' id='word_1_199' title='bbox 271 3393 518 3463; x_wconf 82' lang='grc' dir='ltr'>φητείαν.</span> <span class='ocrx_word' id='word_1_200' title='bbox 571 3388 751 3446; x_wconf 68' lang='grc' dir='ltr'>’Ἦσαν</span> <span class='ocrx_word' id='word_1_201' title='bbox 805 3390 864 3444; x_wconf 79' lang='grc' dir='ltr'>δὲ</span> <span class='ocrx_word' id='word_1_202' title='bbox 920 3390 1083 3462; x_wconf 71' lang='grc' dir='ltr'>μέχρι</span> <span class='ocrx_word' id='word_1_203' title='bbox 1124 3391 1232 3444; x_wconf 86' lang='grc' dir='ltr'><strong><em>τῶν</em></strong></span> <span class='ocrx_word' id='word_1_204' title='bbox 1285 3392 1596 3461; x_wconf 77' lang='grc' dir='ltr'><strong><em>Αὐγούστου</em></strong></span> <span class='ocrx_word' id='word_1_205' title='bbox 1641 3395 1846 3465; x_wconf 84' lang='grc' dir='ltr'><strong><em>χρόνων</em></strong></span> 
     </span>
    </p>
   </div>
   <div class='ocr_carea' id='block_1_25' title="bbox 270 3482 1842 3557">
    <p class='ocr_par' dir='ltr' id='par_1_25' title="bbox 270 3482 1842 3557">
     <span class='ocr_line' id='line_1_26' title="bbox 270 3482 1842 3557; baseline 0.003 -20"><span class='ocrx_word' id='word_1_206' title='bbox 270 3484 545 3557; x_wconf 65' lang='grc' dir='ltr'>ἐλεύθεροι</span> <span class='ocrx_word' id='word_1_207' title='bbox 572 3485 664 3538; x_wconf 76' lang='grc' dir='ltr'>καὶ</span> <span class='ocrx_word' id='word_1_208' title='bbox 684 3483 989 3553; x_wconf 82' lang='grc' dir='ltr'>αὐτόνομοι,</span> <span class='ocrx_word' id='word_1_209' title='bbox 1023 3482 1145 3537; x_wconf 84' lang='grc' dir='ltr'>καθ’</span> <span class='ocrx_word' id='word_1_210' title='bbox 1176 3483 1256 3550; x_wconf 86' lang='grc' dir='ltr'><strong><em>δν,</em></strong></span> <span class='ocrx_word' id='word_1_211' title='bbox 1292 3485 1531 3556; x_wconf 80' lang='grc' dir='ltr'><strong><em>Χριστοῦ</em></strong></span> <span class='ocrx_word' id='word_1_212' title='bbox 1564 3487 1842 3555; x_wconf 80' lang='grc' dir='ltr'>φανέντος,</span> 
     </span>
    </p>
   </div>
   <div class='ocr_carea' id='block_1_26' title="bbox 268 3575 1845 3650">
    <p class='ocr_par' dir='ltr' id='par_1_26' title="bbox 268 3575 1845 3650">
     <span class='ocr_line' id='line_1_27' title="bbox 268 3575 1845 3650; baseline 0.002 -21"><span class='ocrx_word' id='word_1_213' title='bbox 268 3576 329 3631; x_wconf 81' lang='grc' dir='ltr'><strong><em>τδ</em></strong></span> <span class='ocrx_word' id='word_1_214' title='bbox 353 3577 507 3641; x_wconf 75' lang='grc' dir='ltr'>ἔθνος</span> <span class='ocrx_word' id='word_1_215' title='bbox 532 3577 674 3631; x_wconf 70' lang='grc' dir='ltr'>ἅπαν</span> <span class='ocrx_word' id='word_1_216' title='bbox 695 3575 1011 3631; x_wconf 77' lang='grc' dir='ltr'><strong><em>δεδούλωται</em></strong></span> <span class='ocrx_word' id='word_1_217' title='bbox 1029 3593 1046 3608; x_wconf 73' lang='grc' dir='ltr'><strong>ο</strong></span> <span class='ocrx_word' id='word_1_218' title='bbox 1076 3578 1166 3632; x_wconf 79' lang='grc' dir='ltr'><strong><em>ὅτε</em></strong></span> <span class='ocrx_word' id='word_1_219' title='bbox 1191 3578 1283 3631; x_wconf 69' lang='grc' dir='ltr'>καὶ</span> <span class='ocrx_word' id='word_1_220' title='bbox 1314 3578 1529 3650; x_wconf 82' lang='grc' dir='ltr'>πρῶτος</span> <span class='ocrx_word' id='word_1_221' title='bbox 1552 3579 1845 3648; x_wconf 78' lang='grc' dir='ltr'><strong><em>ἀλλόφυλος</em></strong></span> 
     </span>
    </p>
   </div>
   <div class='ocr_carea' id='block_1_27' title="bbox 268 3670 1844 3743">
    <p class='ocr_par' dir='ltr' id='par_1_27' title="bbox 268 3670 1844 3743">
     <span class='ocr_line' id='line_1_28' title="bbox 268 3670 1844 3743; baseline 0.002 -19"><span class='ocrx_word' id='word_1_222' title='bbox 268 3670 446 3725; x_wconf 82' lang='grc' dir='ltr'>αὐτῶν</span> <span class='ocrx_word' id='word_1_223' title='bbox 474 3670 720 3743; x_wconf 83' lang='grc' dir='ltr'><strong><em>Ἡρώδης</em></strong></span> <span class='ocrx_word' id='word_1_224' title='bbox 749 3672 1014 3742; x_wconf 85' lang='grc' dir='ltr'>ἡγήσατο,</span> <span class='ocrx_word' id='word_1_225' title='bbox 1040 3673 1135 3726; x_wconf 79' lang='grc' dir='ltr'><strong><em>καὶ</em></strong></span> <span class='ocrx_word' id='word_1_226' title='bbox 1168 3671 1417 3742; x_wconf 78' lang='grc' dir='ltr'>βασιλεὺς</span> <span class='ocrx_word' id='word_1_227' title='bbox 1466 3672 1791 3742; x_wconf 78' lang='grc' dir='ltr'>Αὔγουστος,</span> <span class='ocrx_word' id='word_1_228' title='bbox 1814 3676 1844 3727; x_wconf 87' lang='grc' dir='ltr'>ὁ</span> 
     </span>
    </p>
   </div>
   <div class='ocr_carea' id='block_1_28' title="bbox 267 3762 1841 3837">
    <p class='ocr_par' dir='ltr' id='par_1_28' title="bbox 267 3762 1841 3837">
     <span class='ocr_line' id='line_1_29' title="bbox 267 3762 1841 3837; baseline 0.002 -21"><span class='ocrx_word' id='word_1_229' title='bbox 267 3763 363 3816; x_wconf 74' lang='grc' dir='ltr'><strong><em>καὶ</em></strong></span> <span class='ocrx_word' id='word_1_230' title='bbox 386 3763 491 3833; x_wconf 75' lang='grc' dir='ltr'>τὴν</span> <span class='ocrx_word' id='word_1_231' title='bbox 513 3762 686 3834; x_wconf 81' lang='grc' dir='ltr'>ἀρχὴν</span> <span class='ocrx_word' id='word_1_232' title='bbox 710 3764 1022 3835; x_wconf 74' lang='grc' dir='ltr'><strong><em>ἐγχειρίσας</em></strong></span> <span class='ocrx_word' id='word_1_233' title='bbox 1052 3762 1202 3835; x_wconf 87' lang='grc' dir='ltr'>αύτῷ</span> <span class='ocrx_word' id='word_1_234' title='bbox 1234 3765 1375 3835; x_wconf 75' lang='grc' dir='ltr'>μετὰ</span> <span class='ocrx_word' id='word_1_235' title='bbox 1386 3765 1487 3835; x_wconf 85' lang='grc' dir='ltr'>τῆς</span> <span class='ocrx_word' id='word_1_236' title='bbox 1518 3766 1841 3837; x_wconf 83' lang='grc' dir='ltr'>συγκλήτου,</span> 
     </span>
    </p>
   </div>
   <div class='ocr_carea' id='block_1_29' title="bbox 267 3846 1845 3929">
    <p class='ocr_par' dir='ltr' id='par_1_29' title="bbox 267 3846 1845 3929">
     <span class='ocr_line' id='line_1_30' title="bbox 267 3846 1845 3929; baseline 0.006 -25"><span class='ocrx_word' id='word_1_237' title='bbox 267 3852 363 3923; x_wconf 86' lang='grc' dir='ltr'>τῆς</span> <span class='ocrx_word' id='word_1_238' title='bbox 386 3853 713 3923; x_wconf 77' lang='grc' dir='ltr'>οἰκουμένης</span> <span class='ocrx_word' id='word_1_239' title='bbox 745 3850 858 3925; x_wconf 79' lang='grc' dir='ltr'>εἶχε</span> <span class='ocrx_word' id='word_1_240' title='bbox 885 3846 956 3909; x_wconf 83' lang='grc' dir='ltr'>τὰ</span> <span class='ocrx_word' id='word_1_241' title='bbox 1001 3856 1278 3927; x_wconf 81' lang='grc' dir='ltr'>σκῆπτρα.</span> <span class='ocrx_word' id='word_1_242' title='bbox 1312 3852 1420 3909; x_wconf 85' lang='grc' dir='ltr'><strong><em>Ἦν</em></strong></span> <span class='ocrx_word' id='word_1_243' title='bbox 1445 3858 1502 3911; x_wconf 83' lang='grc' dir='ltr'>δὲ</span> <span class='ocrx_word' id='word_1_244' title='bbox 1539 3860 1569 3911; x_wconf 83' lang='grc' dir='ltr'><strong>ὁ</strong></span> <span class='ocrx_word' id='word_1_245' title='bbox 1605 3857 1845 3929; x_wconf 81' lang='grc' dir='ltr'><strong><em>Ἡρώδης</em></strong></span> 
     </span>
    </p>
   </div>
   <div class='ocr_carea' id='block_1_30' title="bbox 267 3941 1840 4015">
    <p class='ocr_par' dir='ltr' id='par_1_30' title="bbox 267 3941 1840 4015">
     <span class='ocr_line' id='line_1_31' title="bbox 267 3941 1840 4015; baseline 0.004 -21"><span class='ocrx_word' id='word_1_246' title='bbox 267 3941 326 4008; x_wconf 69' lang='grc' dir='ltr'>ἐξ</span> <span class='ocrx_word' id='word_1_247' title='bbox 385 3943 739 4015; x_wconf 69' lang='grc' dir='ltr'>Ἀντιπάτρου</span> <span class='ocrx_word' id='word_1_248' title='bbox 795 3943 1055 4013; x_wconf 86' lang='grc' dir='ltr'>γεγονὼς,</span> <span class='ocrx_word' id='word_1_249' title='bbox 1104 3945 1167 3998; x_wconf 82' lang='grc' dir='ltr'><strong><em>τδ</em></strong></span> <span class='ocrx_word' id='word_1_250' title='bbox 1215 3945 1373 4014; x_wconf 78' lang='grc' dir='ltr'>γένος</span> <span class='ocrx_word' id='word_1_251' title='bbox 1425 3947 1840 4013; x_wconf 75' lang='grc' dir='ltr'>Ἀσκαλωνίτου,</span> 
     </span>
    </p>
   </div>
   <div class='ocr_carea' id='block_1_31' title="bbox 270 4033 1843 4113">
    <p class='ocr_par' dir='ltr' id='par_1_31' title="bbox 270 4033 1843 4113">
     <span class='ocr_line' id='line_1_32' title="bbox 270 4033 1843 4113; baseline 0.006 -28"><span class='ocrx_word' id='word_1_252' title='bbox 270 4033 571 4103; x_wconf 79' lang='grc' dir='ltr'>ίεροδούλου</span> <span class='ocrx_word' id='word_1_253' title='bbox 587 4034 940 4100; x_wconf 81' lang='grc' dir='ltr'>Ἀπόλλωνος,</span> <span class='ocrx_word' id='word_1_254' title='bbox 969 4037 1063 4090; x_wconf 76' lang='grc' dir='ltr'><strong><em>καὶ</em></strong></span> <span class='ocrx_word' id='word_1_255' title='bbox 1090 4038 1377 4109; x_wconf 83' lang='grc' dir='ltr'>Κυπρίνης</span> <span class='ocrx_word' id='word_1_256' title='bbox 1403 4038 1516 4107; x_wconf 68' lang='grc'><strong>(44)</strong></span> <span class='ocrx_word' id='word_1_257' title='bbox 1546 4039 1607 4104; x_wconf 75' lang='grc' dir='ltr'>ἐξ</span> <span class='ocrx_word' id='word_1_258' title='bbox 1643 4041 1843 4113; x_wconf 66' lang='grc' dir='ltr'>Ἀρρά-</span> 
     </span>
    </p>
   </div>
   <div class='ocr_carea' id='block_1_32' title="bbox 268 4117 1841 4204">
    <p class='ocr_par' dir='ltr' id='par_1_32' title="bbox 268 4117 1841 4204">
     <span class='ocr_line' id='line_1_33' title="bbox 268 4117 1841 4204; baseline 0.006 -28"><span class='ocrx_word' id='word_1_259' title='bbox 268 4123 376 4178; x_wconf 83' lang='grc' dir='ltr'>6ων</span> <span class='ocrx_word' id='word_1_260' title='bbox 401 4125 627 4196; x_wconf 80' lang='grc' dir='ltr'>μητρός.</span> <span class='ocrx_word' id='word_1_261' title='bbox 664 4117 834 4189; x_wconf 76' lang='grc' dir='ltr'>Οὗτος</span> <span class='ocrx_word' id='word_1_262' title='bbox 876 4126 1007 4199; x_wconf 83' lang='grc' dir='ltr'>γὰρ,</span> <span class='ocrx_word' id='word_1_263' title='bbox 1032 4128 1125 4181; x_wconf 79' lang='grc' dir='ltr'>τὸν</span> <span class='ocrx_word' id='word_1_264' title='bbox 1160 4130 1225 4182; x_wconf 79' lang='grc' dir='ltr'><strong><em>ὲκ</em></strong></span> <span class='ocrx_word' id='word_1_265' title='bbox 1248 4129 1501 4201; x_wconf 80' lang='grc' dir='ltr'><strong><em>διαδοχῆς</em></strong></span> <span class='ocrx_word' id='word_1_266' title='bbox 1524 4131 1633 4185; x_wconf 86' lang='grc' dir='ltr'>τῶν</span> <span class='ocrx_word' id='word_1_267' title='bbox 1654 4133 1841 4204; x_wconf 81' lang='grc' dir='ltr'>ἀρχιε-</span> 
     </span>
    </p>
   </div>
   <div class='ocr_carea' id='block_1_33' title="bbox 270 4215 1841 4291">
    <p class='ocr_par' dir='ltr' id='par_1_33' title="bbox 270 4215 1841 4291">
     <span class='ocr_line' id='line_1_34' title="bbox 270 4215 1841 4291; baseline 0.006 -23"><span class='ocrx_word' id='word_1_268' title='bbox 270 4216 405 4287; x_wconf 78' lang='grc' dir='ltr'>ρέων</span> <span class='ocrx_word' id='word_1_269' title='bbox 425 4215 654 4271; x_wconf 74' lang='grc' dir='ltr'>ὕστατον</span> <span class='ocrx_word' id='word_1_270' title='bbox 684 4218 1031 4288; x_wconf 77' lang='grc' dir='ltr'>ἡγησάμενον</span> <span class='ocrx_word' id='word_1_271' title='bbox 1044 4220 1308 4291; x_wconf 80' lang='grc' dir='ltr'>Ὑρκανὸν</span> <span class='ocrx_word' id='word_1_272' title='bbox 1328 4221 1550 4286; x_wconf 81' lang='grc' dir='ltr'>ἀνελὼν,</span> <span class='ocrx_word' id='word_1_273' title='bbox 1580 4223 1841 4278; x_wconf 80' lang='grc' dir='ltr'>Ἰουδαίων</span> 
     </span>
    </p>
   </div>
   <div class='ocr_carea' id='block_1_34' title="bbox 267 4308 1842 4385">
    <p class='ocr_par' dir='ltr' id='par_1_34' title="bbox 267 4308 1842 4385">
     <span class='ocr_line' id='line_1_35' title="bbox 267 4308 1842 4385; baseline 0 -20"><span class='ocrx_word' id='word_1_274' title='bbox 267 4312 652 4385; x_wconf 73' lang='grc' dir='ltr'>ἀναγορεύεται</span> <span class='ocrx_word' id='word_1_275' title='bbox 706 4310 975 4381; x_wconf 82' lang='grc' dir='ltr'>βασιλεύς.</span> <span class='ocrx_word' id='word_1_276' title='bbox 1029 4310 1230 4363; x_wconf 89' lang='grc' dir='ltr'>Τούτου</span> <span class='ocrx_word' id='word_1_277' title='bbox 1281 4310 1375 4363; x_wconf 83' lang='grc' dir='ltr'>καὶ</span> <span class='ocrx_word' id='word_1_278' title='bbox 1416 4308 1510 4363; x_wconf 80' lang='grc' dir='ltr'><strong><em>νῦν</em></strong></span> <span class='ocrx_word' id='word_1_279' title='bbox 1555 4313 1584 4364; x_wconf 85' lang='grc' dir='ltr'><strong>ὁ</strong></span> <span class='ocrx_word' id='word_1_280' title='bbox 1628 4313 1842 4376; x_wconf 77' lang='grc' dir='ltr'>Λουκᾶς</span> 
     </span>
    </p>
   </div>
   <div class='ocr_carea' id='block_1_35' title="bbox 2025 3222 3528 3294">
    <p class='ocr_par' dir='ltr' id='par_1_35' title="bbox 2025 3222 3528 3294">
     <span class='ocr_line' id='line_1_36' title="bbox 2025 3222 3528 3294; baseline -0.003 -11"><span class='ocrx_word' id='word_1_281' title='bbox 2025 3227 2247 3283; x_wconf 85' lang='lat' dir='ltr'><strong><em>Scilicet</em></strong></span> <span class='ocrx_word' id='word_1_282' title='bbox 2277 3226 2430 3282; x_wconf 66' lang='lat' dir='ltr'><strong><em>Juda</em></strong></span> <span class='ocrx_word' id='word_1_283' title='bbox 2455 3223 2632 3280; x_wconf 87' lang='lat' dir='ltr'><strong><em>tribus</em></strong></span> <span class='ocrx_word' id='word_1_284' title='bbox 2658 3223 2787 3279; x_wconf 85' lang='lat' dir='ltr'><strong><em>olim</em></strong></span> <span class='ocrx_word' id='word_1_285' title='bbox 2840 3223 3274 3293; x_wconf 88' lang='lat' dir='ltr'><strong><em>principabatur,</em></strong></span> <span class='ocrx_word' id='word_1_286' title='bbox 3320 3222 3528 3294; x_wconf 83' lang='lat' dir='ltr'><strong><em>totique</em></strong></span> 
     </span>
    </p>
   </div>
   <div class='ocr_carea' id='block_1_36' title="bbox 1954 3312 3526 3389">
    <p class='ocr_par' dir='ltr' id='par_1_36' title="bbox 1954 3312 3526 3389">
     <span class='ocr_line' id='line_1_37' title="bbox 1954 3312 3526 3389; baseline -0.004 -17"><span class='ocrx_word' id='word_1_287' title='bbox 1954 3319 2096 3389; x_wconf 74' lang='lat' dir='ltr'><strong><em>genti</em></strong></span> <span class='ocrx_word' id='word_1_288' title='bbox 2139 3317 2468 3387; x_wconf 80' lang='lat' dir='ltr'><strong><em>imperabat,</em></strong></span> <span class='ocrx_word' id='word_1_289' title='bbox 2513 3317 2689 3370; x_wconf 89' lang='lat' dir='ltr'><strong><em>donec</em></strong></span> <span class='ocrx_word' id='word_1_290' title='bbox 2741 3312 2912 3369; x_wconf 64' lang='lat' dir='ltr'><strong><em>Judaei</em></strong></span> <span class='ocrx_word' id='word_1_291' title='bbox 2971 3314 3052 3369; x_wconf 89' lang='lat' dir='ltr'><strong><em>sui</em></strong></span> <span class='ocrx_word' id='word_1_292' title='bbox 3097 3314 3240 3386; x_wconf 88' lang='lat' dir='ltr'><strong><em>juris</em></strong></span> <span class='ocrx_word' id='word_1_293' title='bbox 3284 3312 3526 3377; x_wconf 77' lang='lat' dir='ltr'><strong><em>fuerunt,</em></strong></span> 
     </span>
    </p>
   </div>
   <div class='ocr_carea' id='block_1_37' title="bbox 1953 3405 3527 3478">
    <p class='ocr_par' dir='ltr' id='par_1_37' title="bbox 1953 3405 3527 3478">
     <span class='ocr_line' id='line_1_38' title="bbox 1953 3405 3527 3478; baseline -0.003 -12"><span class='ocrx_word' id='word_1_294' title='bbox 1953 3411 2249 3466; x_wconf 85' lang='lat' dir='ltr'><strong><em>secundum</em></strong></span> <span class='ocrx_word' id='word_1_295' title='bbox 2282 3406 2623 3478; x_wconf 83' lang='lat' dir='ltr'><strong><em>prophetiam</em></strong></span> <span class='ocrx_word' id='word_1_296' title='bbox 2644 3405 2712 3459; x_wconf 72' lang='grc'><strong><em>⁵⁸.</em></strong></span> <span class='ocrx_word' id='word_1_297' title='bbox 2742 3405 2983 3461; x_wconf 79' lang='lat' dir='ltr'><strong><em>Fuerant</em></strong></span> <span class='ocrx_word' id='word_1_298' title='bbox 3010 3407 3228 3475; x_wconf 87' lang='lat' dir='ltr'><strong><em>quidem</em></strong></span> <span class='ocrx_word' id='word_1_299' title='bbox 3274 3406 3330 3461; x_wconf 88' lang='lat' dir='ltr'><strong><em>bi</em></strong></span> <span class='ocrx_word' id='word_1_300' title='bbox 3366 3406 3527 3462; x_wconf 83' lang='lat' dir='ltr'><strong><em>liberi</em></strong></span> 
     </span>
    </p>
   </div>
   <div class='ocr_carea' id='block_1_38' title="bbox 1953 3496 3528 3571">
    <p class='ocr_par' dir='ltr' id='par_1_38' title="bbox 1953 3496 3528 3571">
     <span class='ocr_line' id='line_1_39' title="bbox 1953 3496 3528 3571; baseline -0.003 -15"><span class='ocrx_word' id='word_1_301' title='bbox 1953 3502 2295 3571; x_wconf 84' lang='lat' dir='ltr'><strong><em>propriisque</em></strong></span> <span class='ocrx_word' id='word_1_302' title='bbox 2342 3498 2553 3569; x_wconf 75' lang='lat' dir='ltr'><strong><em>legibus</em></strong></span> <span class='ocrx_word' id='word_1_303' title='bbox 2578 3506 2795 3554; x_wconf 82' lang='lat' dir='ltr'><strong><em>utentes</em></strong></span> <span class='ocrx_word' id='word_1_304' title='bbox 2830 3511 3003 3566; x_wconf 71' lang='lat' dir='ltr'><strong><em>usque</em></strong></span> <span class='ocrx_word' id='word_1_305' title='bbox 3035 3496 3101 3551; x_wconf 86' lang='lat' dir='ltr'><strong><em>ad</em></strong></span> <span class='ocrx_word' id='word_1_306' title='bbox 3132 3497 3359 3569; x_wconf 68' lang='lat' dir='ltr'><strong><em>Augusti</em></strong></span> <span class='ocrx_word' id='word_1_307' title='bbox 3393 3506 3528 3553; x_wconf 70' lang='lat' dir='ltr'><strong><em>teta-</em></strong></span> 
     </span>
    </p>
   </div>
   <div class='ocr_carea' id='block_1_39' title="bbox 1953 3582 3526 3664">
    <p class='ocr_par' dir='ltr' id='par_1_39' title="bbox 1953 3582 3526 3664">
     <span class='ocr_line' id='line_1_40' title="bbox 1953 3582 3526 3664; baseline -0.003 -17"><span class='ocrx_word' id='word_1_308' title='bbox 1953 3605 2084 3657; x_wconf 87' lang='lat' dir='ltr'><strong><em>tem,</em></strong></span> <span class='ocrx_word' id='word_1_309' title='bbox 2136 3608 2243 3664; x_wconf 88' lang='lat' dir='ltr'><strong><em>quo</em></strong></span> <span class='ocrx_word' id='word_1_310' title='bbox 2314 3603 2578 3663; x_wconf 86' lang='lat' dir='ltr'><strong><em>tempore,</em></strong></span> <span class='ocrx_word' id='word_1_311' title='bbox 2627 3600 2928 3660; x_wconf 84' lang='lat' dir='ltr'><strong><em>apparente</em></strong></span> <span class='ocrx_word' id='word_1_312' title='bbox 2968 3590 3213 3655; x_wconf 84' lang='lat' dir='ltr'><strong><em>Christo,</em></strong></span> <span class='ocrx_word' id='word_1_313' title='bbox 3269 3582 3526 3645; x_wconf 71' lang='lat' dir='ltr'><strong><em>universa</em></strong></span> 
     </span>
    </p>
   </div>
   <div class='ocr_carea' id='block_1_40' title="bbox 1950 3682 3525 3757">
    <p class='ocr_par' dir='ltr' id='par_1_40' title="bbox 1950 3682 3525 3757">
     <span class='ocr_line' id='line_1_41' title="bbox 1950 3682 3525 3757; baseline -0.001 -17"><span class='ocrx_word' id='word_1_314' title='bbox 1950 3700 2083 3757; x_wconf 75' lang='lat' dir='ltr'><strong><em>gens</em></strong></span> <span class='ocrx_word' id='word_1_315' title='bbox 2110 3685 2163 3739; x_wconf 92' lang='lat' dir='ltr'><strong><em>in</em></strong></span> <span class='ocrx_word' id='word_1_316' title='bbox 2184 3684 2472 3740; x_wconf 76' lang='lat' dir='ltr'><strong><em>‘servitium</em></strong></span> <span class='ocrx_word' id='word_1_317' title='bbox 2504 3683 2726 3745; x_wconf 85' lang='lat' dir='ltr'><strong><em>redacta</em></strong></span> <span class='ocrx_word' id='word_1_318' title='bbox 2751 3682 2866 3754; x_wconf 80' lang='lat' dir='ltr'><strong><em>iam</em></strong></span> <span class='ocrx_word' id='word_1_319' title='bbox 2892 3692 3030 3747; x_wconf 88' lang='lat' dir='ltr'><strong><em>erat,</em></strong></span> <span class='ocrx_word' id='word_1_320' title='bbox 3058 3692 3113 3737; x_wconf 91' lang='lat' dir='ltr'><strong><em>et</em></strong></span> <span class='ocrx_word' id='word_1_321' title='bbox 3146 3682 3357 3753; x_wconf 85' lang='lat' dir='ltr'><strong><em>primus</em></strong></span> <span class='ocrx_word' id='word_1_322' title='bbox 3387 3682 3525 3738; x_wconf 55' lang='lat' dir='ltr'><strong><em>alie.</em></strong></span> 
     </span>
    </p>
   </div>
   <div class='ocr_carea' id='block_1_41' title="bbox 1952 3775 3527 3846">
    <p class='ocr_par' dir='ltr' id='par_1_41' title="bbox 1952 3775 3527 3846">
     <span class='ocr_line' id='line_1_42' title="bbox 1952 3775 3527 3846; baseline -0.001 -15"><span class='ocrx_word' id='word_1_323' title='bbox 1952 3776 2145 3846; x_wconf 79' lang='lat' dir='ltr'><strong><em>nigena</em></strong></span> <span class='ocrx_word' id='word_1_324' title='bbox 2217 3776 2599 3832; x_wconf 80' lang='lat' dir='ltr'><strong><em>dominabatur</em></strong></span> <span class='ocrx_word' id='word_1_325' title='bbox 2658 3776 2906 3832; x_wconf 82' lang='lat' dir='ltr'><strong><em>Herodes</em></strong></span> <span class='ocrx_word' id='word_1_326' title='bbox 2956 3794 2971 3842; x_wconf 92' lang='lat'><strong>;</strong></span> <span class='ocrx_word' id='word_1_327' title='bbox 3034 3775 3334 3844; x_wconf 80' lang='lat' dir='ltr'><strong><em>imperator</em></strong></span> <span class='ocrx_word' id='word_1_328' title='bbox 3395 3789 3527 3829; x_wconf 82' lang='lat' dir='ltr'><strong><em>vero</em></strong></span> 
     </span>
    </p>
   </div>
   <div class='ocr_carea' id='block_1_42' title="bbox 1950 3866 3525 3937">
    <p class='ocr_par' dir='ltr' id='par_1_42' title="bbox 1950 3866 3525 3937">
     <span class='ocr_line' id='line_1_43' title="bbox 1950 3866 3525 3937; baseline -0.003 -14"><span class='ocrx_word' id='word_1_329' title='bbox 1950 3872 2250 3937; x_wconf 75' lang='lat' dir='ltr'><strong><em>Augustus,</em></strong></span> <span class='ocrx_word' id='word_1_330' title='bbox 2282 3868 2371 3937; x_wconf 86' lang='lat' dir='ltr'><strong><em>qui</em></strong></span> <span class='ocrx_word' id='word_1_331' title='bbox 2400 3877 2455 3923; x_wconf 92' lang='lat' dir='ltr'><strong><em>et</em></strong></span> <span class='ocrx_word' id='word_1_332' title='bbox 2484 3868 2559 3921; x_wconf 89' lang='lat' dir='ltr'><strong><em>illi</em></strong></span> <span class='ocrx_word' id='word_1_333' title='bbox 2595 3883 2663 3923; x_wconf 83' lang='lat' dir='ltr'><strong><em>ex</em></strong></span> <span class='ocrx_word' id='word_1_334' title='bbox 2706 3878 2930 3924; x_wconf 77' lang='lat' dir='ltr'><strong><em>senatus</em></strong></span> <span class='ocrx_word' id='word_1_335' title='bbox 2974 3866 3222 3922; x_wconf 88' lang='lat' dir='ltr'><strong><em>consulto</em></strong></span> <span class='ocrx_word' id='word_1_336' title='bbox 3249 3866 3525 3935; x_wconf 85' lang='lat' dir='ltr'><strong><em>principa-</em></strong></span> 
     </span>
    </p>
   </div>
   <div class='ocr_carea' id='block_1_43' title="bbox 1951 3958 3521 4027">
    <p class='ocr_par' dir='ltr' id='par_1_43' title="bbox 1951 3958 3521 4027">
     <span class='ocr_line' id='line_1_44' title="bbox 1951 3958 3521 4027; baseline -0.001 -15"><span class='ocrx_word' id='word_1_337' title='bbox 1951 3968 2063 4012; x_wconf 85' lang='lat' dir='ltr'><strong><em>tum</em></strong></span> <span class='ocrx_word' id='word_1_338' title='bbox 2120 3959 2402 4019; x_wconf 87' lang='lat' dir='ltr'><strong><em>detulerat.</em></strong></span> <span class='ocrx_word' id='word_1_339' title='bbox 2461 3960 2701 4013; x_wconf 84' lang='lat' dir='ltr'><strong><em>universi</em></strong></span> <span class='ocrx_word' id='word_1_340' title='bbox 2744 3958 2894 4014; x_wconf 86' lang='lat' dir='ltr'><strong><em>orbis</em></strong></span> <span class='ocrx_word' id='word_1_341' title='bbox 2950 3968 3225 4027; x_wconf 78' lang='lat' dir='ltr'><strong><em>sceptrum</em></strong></span> <span class='ocrx_word' id='word_1_342' title='bbox 3276 3958 3521 4012; x_wconf 88' lang='lat' dir='ltr'><strong><em>tenebat.</em></strong></span> 
     </span>
    </p>
   </div>
   <div class='ocr_carea' id='block_1_44' title="bbox 1950 4046 3525 4119">
    <p class='ocr_par' dir='ltr' id='par_1_44' title="bbox 1950 4046 3525 4119">
     <span class='ocr_line' id='line_1_45' title="bbox 1950 4046 3525 4119; baseline -0.003 -14"><span class='ocrx_word' id='word_1_343' title='bbox 1950 4050 2080 4105; x_wconf 83' lang='lat' dir='ltr'><strong><em>Erat</em></strong></span> <span class='ocrx_word' id='word_1_344' title='bbox 2109 4059 2288 4105; x_wconf 84' lang='lat' dir='ltr'><strong><em>autem</em></strong></span> <span class='ocrx_word' id='word_1_345' title='bbox 2327 4050 2565 4104; x_wconf 88' lang='lat' dir='ltr'><strong><em>Herodes</em></strong></span> <span class='ocrx_word' id='word_1_346' title='bbox 2601 4049 2877 4119; x_wconf 82' lang='lat' dir='ltr'><strong><em>Antipatri</em></strong></span> <span class='ocrx_word' id='word_1_347' title='bbox 2924 4046 3313 4104; x_wconf 84' lang='lat' dir='ltr'><strong><em>Ascalouensis</em></strong></span> <span class='ocrx_word' id='word_1_348' title='bbox 3352 4046 3525 4111; x_wconf 74' lang='lat' dir='ltr'><strong><em>illius,</em></strong></span> 
     </span>
    </p>
   </div>
   <div class='ocr_carea' id='block_1_45' title="bbox 1950 4138 3521 4211">
    <p class='ocr_par' dir='ltr' id='par_1_45' title="bbox 1950 4138 3521 4211">
     <span class='ocr_line' id='line_1_46' title="bbox 1950 4138 3521 4211; baseline -0.002 -15"><span class='ocrx_word' id='word_1_349' title='bbox 1950 4142 2217 4211; x_wconf 85' lang='lat' dir='ltr'><strong><em>Apollinis</em></strong></span> <span class='ocrx_word' id='word_1_350' title='bbox 2244 4141 2549 4196; x_wconf 83' lang='lat' dir='ltr'><strong><em>ministerio</em></strong></span> <span class='ocrx_word' id='word_1_351' title='bbox 2577 4140 2801 4205; x_wconf 85' lang='lat' dir='ltr'><strong><em>addicti,</em></strong></span> <span class='ocrx_word' id='word_1_352' title='bbox 2833 4140 3010 4196; x_wconf 78' lang='lat' dir='ltr'><strong><em>matre</em></strong></span> <span class='ocrx_word' id='word_1_353' title='bbox 3048 4139 3286 4211; x_wconf 84' lang='lat' dir='ltr'><strong><em>Cyprina</em></strong></span> <span class='ocrx_word' id='word_1_354' title='bbox 3316 4138 3521 4193; x_wconf 84' lang='lat' dir='ltr'><strong><em>Arabe.</em></strong></span> 
     </span>
    </p>
   </div>
   <div class='ocr_carea' id='block_1_46' title="bbox 1949 4232 3526 4302">
    <p class='ocr_par' dir='ltr' id='par_1_46' title="bbox 1949 4232 3526 4302">
     <span class='ocr_line' id='line_1_47' title="bbox 1949 4232 3526 4302; baseline -0.003 -14"><span class='ocrx_word' id='word_1_355' title='bbox 1949 4232 2049 4288; x_wconf 82' lang='lat' dir='ltr'><strong><em>Hic</em></strong></span> <span class='ocrx_word' id='word_1_356' title='bbox 2078 4234 2245 4297; x_wconf 89' lang='lat' dir='ltr'><strong><em>enim,</em></strong></span> <span class='ocrx_word' id='word_1_357' title='bbox 2276 4232 2635 4288; x_wconf 85' lang='lat' dir='ltr'><strong><em>sacerdotalis</em></strong></span> <span class='ocrx_word' id='word_1_358' title='bbox 2670 4233 3040 4287; x_wconf 84' lang='lat' dir='ltr'><strong><em>successionis</em></strong></span> <span class='ocrx_word' id='word_1_359' title='bbox 3067 4242 3344 4302; x_wconf 88' lang='lat' dir='ltr'><strong><em>postremo</em></strong></span> <span class='ocrx_word' id='word_1_360' title='bbox 3372 4232 3526 4301; x_wconf 80' lang='lat' dir='ltr'><strong><em>prin-</em></strong></span> 
     </span>
    </p>
   </div>
   <div class='ocr_carea' id='block_1_47' title="bbox 1949 4317 3526 4394">
    <p class='ocr_par' dir='ltr' id='par_1_47' title="bbox 1949 4317 3526 4394">
     <span class='ocr_line' id='line_1_48' title="bbox 1949 4317 3526 4394; baseline -0.005 -15"><span class='ocrx_word' id='word_1_361' title='bbox 1949 4324 2069 4394; x_wconf 88' lang='lat' dir='ltr'><strong><em>cipe</em></strong></span> <span class='ocrx_word' id='word_1_362' title='bbox 2114 4323 2363 4394; x_wconf 81' lang='lat' dir='ltr'><strong><em>Hyrcano</em></strong></span> <span class='ocrx_word' id='word_1_363' title='bbox 2410 4321 2609 4385; x_wconf 88' lang='lat' dir='ltr'><strong><em>occiso,</em></strong></span> <span class='ocrx_word' id='word_1_364' title='bbox 2659 4317 2971 4373; x_wconf 73' lang='lat' dir='ltr'><strong><em>Judzeorum</em></strong></span> <span class='ocrx_word' id='word_1_365' title='bbox 3028 4319 3377 4375; x_wconf 85' lang='lat' dir='ltr'><strong><em>renuntiatus</em></strong></span> <span class='ocrx_word' id='word_1_366' title='bbox 3428 4333 3526 4371; x_wconf 77' lang='lat' dir='ltr'><strong><em>rex</em></strong></span> 
     </span>
    </p>
   </div>
   <div class='ocr_carea' id='block_1_48' title="bbox 271 4396 1914 4485">
    <p class='ocr_par' dir='ltr' id='par_1_48' title="bbox 271 4396 1914 4483">
     <span class='ocr_line' id='line_1_49' title="bbox 271 4396 1914 4483; baseline 0.002 -29"><span class='ocrx_word' id='word_1_367' title='bbox 271 4401 564 4473; x_wconf 81' lang='grc' dir='ltr'>μέμνηται,</span> <span class='ocrx_word' id='word_1_368' title='bbox 590 4403 680 4455; x_wconf 82' lang='grc' dir='ltr'><strong><em>ἵνα</em></strong></span> <span class='ocrx_word' id='word_1_369' title='bbox 715 4402 985 4473; x_wconf 79' lang='grc' dir='ltr'>δείξῃ,δτι</span> <span class='ocrx_word' id='word_1_370' title='bbox 1024 4400 1240 4472; x_wconf 78' lang='grc' dir='ltr'>ἀληθῶς</span> <span class='ocrx_word' id='word_1_371' title='bbox 1290 4396 1454 4472; x_wconf 82' lang='grc' dir='ltr'>ἦλθεν</span> <span class='ocrx_word' id='word_1_372' title='bbox 1504 4403 1533 4454; x_wconf 82' lang='grc' dir='ltr'><strong><em>δ</em></strong></span> <span class='ocrx_word' id='word_1_373' title='bbox 1584 4403 1840 4474; x_wconf 77' lang='grc' dir='ltr'>Χριστὸς,</span> <span class='ocrx_word' id='word_1_374' title='bbox 1874 4427 1914 4483; x_wconf 72' lang='grc' dir='ltr'>Β</span> 
     </span>
    </p>
   </div>
   <div class='ocr_carea' id='block_1_49' title="bbox 1949 4396 3526 4485">
    <p class='ocr_par' dir='ltr' id='par_1_49' title="bbox 1949 4411 3526 4485">
     <span class='ocr_line' id='line_1_50' title="bbox 1949 4411 3526 4485; baseline -0.004 -14"><span class='ocrx_word' id='word_1_375' title='bbox 1949 4418 2065 4471; x_wconf 78' lang='lat' dir='ltr'><strong><em>fuit.</em></strong></span> <span class='ocrx_word' id='word_1_376' title='bbox 2105 4414 2274 4485; x_wconf 87' lang='lat' dir='ltr'><strong><em>Hujus</em></strong></span> <span class='ocrx_word' id='word_1_377' title='bbox 2318 4429 2462 4469; x_wconf 89' lang='lat' dir='ltr'><strong><em>nunc</em></strong></span> <span class='ocrx_word' id='word_1_378' title='bbox 2510 4414 2759 4467; x_wconf 87' lang='lat' dir='ltr'><strong><em>meminit</em></strong></span> <span class='ocrx_word' id='word_1_379' title='bbox 2820 4413 3016 4477; x_wconf 86' lang='lat' dir='ltr'><strong><em>Lucas,</em></strong></span> <span class='ocrx_word' id='word_1_380' title='bbox 3071 4420 3131 4465; x_wconf 93' lang='lat' dir='ltr'><strong><em>ut</em></strong></span> <span class='ocrx_word' id='word_1_381' title='bbox 3181 4411 3526 4466; x_wconf 85' lang='lat' dir='ltr'><strong><em>demonstret</em></strong></span> 
     </span>
    </p>
   </div>
   <div class='ocr_carea' id='block_1_50' title="bbox 267 4491 1846 4565">
    <p class='ocr_par' dir='ltr' id='par_1_50' title="bbox 267 4491 1846 4565">
     <span class='ocr_line' id='line_1_51' title="bbox 267 4491 1846 4565; baseline 0.003 -20"><span class='ocrx_word' id='word_1_382' title='bbox 267 4492 594 4547; x_wconf 64' lang='grc' dir='ltr'>ἐκλιπόντων</span> <span class='ocrx_word' id='word_1_383' title='bbox 617 4492 726 4545; x_wconf 86' lang='grc' dir='ltr'>τῶν</span> <span class='ocrx_word' id='word_1_384' title='bbox 765 4494 916 4565; x_wconf 82' lang='grc' dir='ltr'>παρὰ</span> <span class='ocrx_word' id='word_1_385' title='bbox 953 4496 1064 4557; x_wconf 85' lang='grc' dir='ltr'>τοῖς</span> <span class='ocrx_word' id='word_1_386' title='bbox 1103 4491 1376 4556; x_wconf 81' lang='grc' dir='ltr'>Ἰουδαίοις</span> <span class='ocrx_word' id='word_1_387' title='bbox 1406 4493 1680 4564; x_wconf 84' lang='grc' dir='ltr'><strong><em>ἀρχόντων</em></strong></span> <span class='ocrx_word' id='word_1_388' title='bbox 1701 4496 1846 4551; x_wconf 81' lang='grc' dir='ltr'>’κατὰ</span> 
     </span>
    </p>
   </div>
   <div class='ocr_carea' id='block_1_51' title="bbox 264 4580 749 4653">
    <p class='ocr_par' dir='ltr' id='par_1_51' title="bbox 264 4580 749 4653">
     <span class='ocr_line' id='line_1_52' title="bbox 264 4580 749 4653; baseline 0.002 -19"><span class='ocrx_word' id='word_1_389' title='bbox 264 4580 362 4642; x_wconf 79' lang='grc' dir='ltr'>τὴν</span> <span class='ocrx_word' id='word_1_390' title='bbox 394 4583 749 4653; x_wconf 77' lang='grc' dir='ltr'>προφητείαν.</span> 
     </span>
    </p>
   </div>
   <div class='ocr_carea' id='block_1_52' title="bbox 262 4668 1842 4744">
    <p class='ocr_par' dir='ltr' id='par_1_52' title="bbox 262 4668 1842 4744">
     <span class='ocr_line' id='line_1_53' title="bbox 262 4668 1842 4744; baseline 0.001 -17"><span class='ocrx_word' id='word_1_391' title='bbox 262 4672 373 4727; x_wconf 73' lang='grc' dir='ltr'><strong><em>Καὶ</em></strong></span> <span class='ocrx_word' id='word_1_392' title='bbox 422 4668 556 4726; x_wconf 77' lang='grc' dir='ltr'>εἷπε</span> <span class='ocrx_word' id='word_1_393' title='bbox 603 4673 902 4744; x_wconf 81' lang='grc' dir='ltr'>Ζαχαρίας</span> <span class='ocrx_word' id='word_1_394' title='bbox 946 4672 1097 4741; x_wconf 78' lang='grc' dir='ltr'>πρὸς</span> <span class='ocrx_word' id='word_1_395' title='bbox 1135 4673 1244 4727; x_wconf 77' lang='grc' dir='ltr'>τὸν</span> <span class='ocrx_word' id='word_1_396' title='bbox 1284 4672 1561 4744; x_wconf 64' lang='grc' dir='ltr'>ἄγγελον·</span> <span class='ocrx_word' id='word_1_397' title='bbox 1591 4676 1754 4729; x_wconf 80' lang='grc' dir='ltr'>Κατὰ</span> <span class='ocrx_word' id='word_1_398' title='bbox 1783 4676 1842 4729; x_wconf 84' lang='grc' dir='ltr'><strong><em>τι</em></strong></span> 
     </span>
    </p>
   </div>
   <div class='ocr_carea' id='block_1_53' title="bbox 948 4744 1323 4812">
    <p class='ocr_par' dir='ltr' id='par_1_53' title="bbox 948 4744 1323 4812">
     <span class='ocr_line' id='line_1_54' title="bbox 948 4744 1323 4812; baseline 0.003 -16"><span class='ocrx_word' id='word_1_399' title='bbox 948 4759 1085 4812; x_wconf 80' lang='grc' dir='ltr'>ομαι</span> <span class='ocrx_word' id='word_1_400' title='bbox 1110 4744 1323 4808; x_wconf 80' lang='grc' dir='ltr'>τοῦτο;</span> 
     </span>
    </p>
   </div>
   <div class='ocr_carea' id='block_1_54' title="bbox 332 4831 1833 4906">
    <p class='ocr_par' dir='ltr' id='par_1_54' title="bbox 332 4831 1833 4906">
     <span class='ocr_line' id='line_1_55' title="bbox 332 4831 1833 4906; baseline 0.005 -23"><span class='ocrx_word' id='word_1_401' title='bbox 332 4831 493 4889; x_wconf 72' lang='grc' dir='ltr'>Ποῖον</span> <span class='ocrx_word' id='word_1_402' title='bbox 515 4834 741 4904; x_wconf 79' lang='grc' dir='ltr'>σημεῖον</span> <span class='ocrx_word' id='word_1_403' title='bbox 763 4832 1029 4897; x_wconf 83' lang='grc' dir='ltr'>δεικνύεις</span> <span class='ocrx_word' id='word_1_404' title='bbox 1066 4852 1173 4905; x_wconf 81' lang='grc' dir='ltr'>μοι,</span> <span class='ocrx_word' id='word_1_405' title='bbox 1194 4836 1348 4906; x_wconf 74' lang='grc' dir='ltr'>φησὶ,</span> <span class='ocrx_word' id='word_1_406' title='bbox 1384 4836 1472 4890; x_wconf 84' lang='grc' dir='ltr'>ἴνα</span> <span class='ocrx_word' id='word_1_407' title='bbox 1499 4836 1703 4889; x_wconf 85' lang='grc' dir='ltr'>πεισθῶ</span> <span class='ocrx_word' id='word_1_408' title='bbox 1727 4840 1833 4900; x_wconf 80' lang='grc' dir='ltr'>τοῖς</span> 
     </span>
    </p>
   </div>
   <div class='ocr_carea' id='block_1_55' title="bbox 266 4920 1837 4999">
    <p class='ocr_par' dir='ltr' id='par_1_55' title="bbox 266 4920 1837 4999">
     <span class='ocr_line' id='line_1_56' title="bbox 266 4920 1837 4999; baseline 0.005 -24"><span class='ocrx_word' id='word_1_409' title='bbox 266 4920 370 4976; x_wconf 78' lang='grc' dir='ltr'><strong><em>ὑπὸ</em></strong></span> <span class='ocrx_word' id='word_1_410' title='bbox 426 4922 523 4976; x_wconf 81' lang='grc' dir='ltr'>σοῦ</span> <span class='ocrx_word' id='word_1_411' title='bbox 578 4926 1051 4996; x_wconf 66' lang='grc' dir='ltr'>προφητευθεωιν,</span> <span class='ocrx_word' id='word_1_412' title='bbox 1117 4928 1192 4991; x_wconf 83' lang='grc' dir='ltr'>ὡς</span> <span class='ocrx_word' id='word_1_413' title='bbox 1251 4928 1502 4999; x_wconf 82' lang='grc' dir='ltr'>μέλλουσι</span> <span class='ocrx_word' id='word_1_414' title='bbox 1553 4929 1837 4997; x_wconf 88' lang='grc' dir='ltr'>γίνεσθαι;</span> 
     </span>
    </p>
   </div>
   <div class='ocr_carea' id='block_1_56' title="bbox 266 5011 1841 5094">
    <p class='ocr_par' dir='ltr' id='par_1_56' title="bbox 266 5011 1841 5094">
     <span class='ocr_line' id='line_1_57' title="bbox 266 5011 1841 5094; baseline 0.004 -26"><span class='ocrx_word' id='word_1_415' title='bbox 266 5011 456 5082; x_wconf 81' lang='grc' dir='ltr'>Σχεδὸν</span> <span class='ocrx_word' id='word_1_416' title='bbox 483 5012 592 5086; x_wconf 83' lang='grc' dir='ltr'>γὰρ</span> <span class='ocrx_word' id='word_1_417' title='bbox 626 5014 777 5086; x_wconf 86' lang='grc' dir='ltr'>παρὰ</span> <span class='ocrx_word' id='word_1_418' title='bbox 802 5015 962 5085; x_wconf 86' lang='grc' dir='ltr'>φύσιν</span> <span class='ocrx_word' id='word_1_419' title='bbox 994 5018 1113 5072; x_wconf 69' lang='grc' dir='ltr'>ἐστὶ</span> <span class='ocrx_word' id='word_1_420' title='bbox 1140 5018 1201 5072; x_wconf 82' lang='grc' dir='ltr'>τὺ</span> <span class='ocrx_word' id='word_1_421' title='bbox 1222 5012 1409 5089; x_wconf 76' lang='grc' dir='ltr'>λεχθέν</span> <span class='ocrx_word' id='word_1_422' title='bbox 1428 5036 1441 5050; x_wconf 75' lang='grc' dir='ltr'><strong><em>ο</em></strong></span> <span class='ocrx_word' id='word_1_423' title='bbox 1478 5022 1527 5073; x_wconf 86' lang='grc' dir='ltr'>οἱ</span> <span class='ocrx_word' id='word_1_424' title='bbox 1560 5020 1667 5094; x_wconf 82' lang='grc' dir='ltr'><strong><em>γὰρ</em></strong></span> <span class='ocrx_word' id='word_1_425' title='bbox 1708 5039 1841 5094; x_wconf 86' lang='grc' dir='ltr'>προ-</span> 
     </span>
    </p>
   </div>
   <div class='ocr_carea' id='block_1_57' title="bbox 265 5099 1838 5187">
    <p class='ocr_par' dir='ltr' id='par_1_57' title="bbox 265 5099 1838 5187">
     <span class='ocr_line' id='line_1_58' title="bbox 265 5099 1838 5187; baseline 0.008 -32"><span class='ocrx_word' id='word_1_426' title='bbox 265 5099 559 5175; x_wconf 74' lang='grc' dir='ltr'>δεσηκότες</span> <span class='ocrx_word' id='word_1_427' title='bbox 584 5104 645 5157; x_wconf 79' lang='grc' dir='ltr'><strong><em>οὐ</em></strong></span> <span class='ocrx_word' id='word_1_428' title='bbox 668 5107 1057 5173; x_wconf 80' lang='grc' dir='ltr'>γονοποιοῦσιν.</span> <span class='ocrx_word' id='word_1_429' title='bbox 1075 5110 1222 5163; x_wconf 86' lang='grc' dir='ltr'>Ἔδει</span> <span class='ocrx_word' id='word_1_430' title='bbox 1243 5111 1300 5164; x_wconf 71' lang='grc' dir='ltr'>δὲ</span> <span class='ocrx_word' id='word_1_431' title='bbox 1317 5111 1392 5182; x_wconf 81' lang='grc' dir='ltr'><strong>μὴ</strong></span> <span class='ocrx_word' id='word_1_432' title='bbox 1417 5112 1552 5183; x_wconf 80' lang='grc' dir='ltr'>πρὸς</span> <span class='ocrx_word' id='word_1_433' title='bbox 1581 5114 1642 5166; x_wconf 85' lang='grc' dir='ltr'><strong><em>τὸ</em></strong></span> <span class='ocrx_word' id='word_1_434' title='bbox 1664 5114 1838 5187; x_wconf 86' lang='grc' dir='ltr'>γῆρας</span> 
     </span>
    </p>
   </div>
   <div class='ocr_carea' id='block_1_58' title="bbox 266 5192 1839 5278">
    <p class='ocr_par' dir='ltr' id='par_1_58' title="bbox 266 5192 1839 5278">
     <span class='ocr_line' id='line_1_59' title="bbox 266 5192 1839 5278; baseline 0.009 -32"><span class='ocrx_word' id='word_1_435' title='bbox 266 5192 476 5265; x_wconf 76' lang='grc' dir='ltr'>ἁφορᾷν</span> <span class='ocrx_word' id='word_1_436' title='bbox 506 5196 566 5249; x_wconf 81' lang='grc' dir='ltr'><strong><em>τὸ</em></strong></span> <span class='ocrx_word' id='word_1_437' title='bbox 611 5196 803 5264; x_wconf 72' lang='grc' dir='ltr'>ἑαυτοῦ</span> <span class='ocrx_word' id='word_1_438' title='bbox 847 5199 942 5253; x_wconf 76' lang='grc' dir='ltr'>καὶ</span> <span class='ocrx_word' id='word_1_439' title='bbox 971 5202 1250 5269; x_wconf 83' lang='grc' dir='ltr'>γυναικὸς,</span> <span class='ocrx_word' id='word_1_440' title='bbox 1285 5203 1422 5258; x_wconf 79' lang='grc' dir='ltr'>ἀλλὰ</span> <span class='ocrx_word' id='word_1_441' title='bbox 1448 5205 1587 5277; x_wconf 76' lang='grc' dir='ltr'>πρὸς</span> <span class='ocrx_word' id='word_1_442' title='bbox 1620 5207 1720 5278; x_wconf 84' lang='grc' dir='ltr'>τὴν</span> <span class='ocrx_word' id='word_1_443' title='bbox 1744 5206 1839 5260; x_wconf 88' lang='grc' dir='ltr'>δύ-</span> 
     </span>
    </p>
   </div>
   <div class='ocr_carea' id='block_1_59' title="bbox 266 5286 1843 5368">
    <p class='ocr_par' dir='ltr' id='par_1_59' title="bbox 266 5286 1843 5368">
     <span class='ocr_line' id='line_1_60' title="bbox 266 5286 1843 5368; baseline 0.012 -34"><span class='ocrx_word' id='word_1_444' title='bbox 266 5298 427 5368; x_wconf 77' lang='grc' dir='ltr'>ναμιν</span> <span class='ocrx_word' id='word_1_445' title='bbox 448 5286 544 5339; x_wconf 79' lang='grc' dir='ltr'>τοῦ</span> <span class='ocrx_word' id='word_1_446' title='bbox 587 5287 1058 5361; x_wconf 67' lang='grc' dir='ltr'>ἐπαγγελλομένου</span> <span class='ocrx_word' id='word_1_447' title='bbox 1111 5292 1267 5347; x_wconf 78' lang='grc' dir='ltr'>Θεοῦ.</span> <span class='ocrx_word' id='word_1_448' title='bbox 1316 5295 1477 5349; x_wconf 77' lang='grc' dir='ltr'>Ἀλλὰ</span> <span class='ocrx_word' id='word_1_449' title='bbox 1509 5297 1578 5351; x_wconf 80' lang='grc' dir='ltr'>τὰ</span> <span class='ocrx_word' id='word_1_450' title='bbox 1630 5298 1843 5368; x_wconf 82' lang='grc' dir='ltr'>μεγάλα</span> 
     </span>
    </p>
   </div>
   <div class='ocr_carea' id='block_1_60' title="bbox 267 5366 1837 5453">
    <p class='ocr_par' dir='ltr' id='par_1_60' title="bbox 267 5366 1837 5453">
     <span class='ocr_line' id='line_1_61' title="bbox 267 5366 1837 5453; baseline 0.013 -31"><span class='ocrx_word' id='word_1_451' title='bbox 267 5366 563 5440; x_wconf 68' lang='grc' dir='ltr'>δυσέφικτα</span> <span class='ocrx_word' id='word_1_452' title='bbox 591 5379 704 5439; x_wconf 76' lang='grc' dir='ltr'>τοῖς</span> <span class='ocrx_word' id='word_1_453' title='bbox 752 5378 1080 5449; x_wconf 80' lang='grc' dir='ltr'>ἀνθρώποις,</span> <span class='ocrx_word' id='word_1_454' title='bbox 1130 5382 1226 5435; x_wconf 81' lang='grc' dir='ltr'><strong><em>καὶ</em></strong></span> <span class='ocrx_word' id='word_1_455' title='bbox 1277 5366 1642 5453; x_wconf 78' lang='grc' dir='ltr'>συγγινώσκει</span> <span class='ocrx_word' id='word_1_456' title='bbox 1676 5388 1837 5453; x_wconf 82' lang='grc' dir='ltr'>Θεός·</span> 
     </span>
    </p>
   </div>
   <div class='ocr_carea' id='block_1_61' title="bbox 268 5463 1840 5552">
    <p class='ocr_par' dir='ltr' id='par_1_61' title="bbox 268 5463 1840 5552">
     <span class='ocr_line' id='line_1_62' title="bbox 268 5463 1840 5552; baseline 0.013 -36"><span class='ocrx_word' id='word_1_457' title='bbox 268 5463 360 5517; x_wconf 67' lang='grc' dir='ltr'><strong><em>καὶ</em></strong></span> <span class='ocrx_word' id='word_1_458' title='bbox 384 5466 497 5537; x_wconf 75' lang='grc' dir='ltr'>γὰρ</span> <span class='ocrx_word' id='word_1_459' title='bbox 542 5467 650 5521; x_wconf 76' lang='grc' dir='ltr'>οὐδ’</span> <span class='ocrx_word' id='word_1_460' title='bbox 677 5472 839 5536; x_wconf 79' lang='grc' dir='ltr'>αὐτὸς</span> <span class='ocrx_word' id='word_1_461' title='bbox 873 5472 1123 5546; x_wconf 81' lang='grc' dir='ltr'>Ἀϐραὰμ</span> <span class='ocrx_word' id='word_1_462' title='bbox 1171 5477 1248 5541; x_wconf 85' lang='grc' dir='ltr'><strong><em>ὡς</em></strong></span> <span class='ocrx_word' id='word_1_463' title='bbox 1290 5479 1457 5550; x_wconf 73' lang='grc' dir='ltr'>ὶχρῆν</span> <span class='ocrx_word' id='word_1_464' title='bbox 1504 5479 1840 5552; x_wconf 75' lang='grc' dir='ltr'>ἐπίστευσεν,</span> 
     </span>
    </p>
   </div>
   <div class='ocr_carea' id='block_1_62' title="bbox 265 5552 1843 5643">
    <p class='ocr_par' dir='ltr' id='par_1_62' title="bbox 265 5552 1843 5643">
     <span class='ocr_line' id='line_1_63' title="bbox 265 5552 1843 5643; baseline 0.015 -34"><span class='ocrx_word' id='word_1_465' title='bbox 265 5552 401 5612; x_wconf 71' lang='grc' dir='ltr'>ἀλλὰ</span> <span class='ocrx_word' id='word_1_466' title='bbox 422 5557 495 5611; x_wconf 73' lang='grc' dir='ltr'>τὰ</span> <span class='ocrx_word' id='word_1_467' title='bbox 516 5560 708 5632; x_wconf 80' lang='grc' dir='ltr'>πρῶτα</span> <span class='ocrx_word' id='word_1_468' title='bbox 722 5564 815 5617; x_wconf 79' lang='grc' dir='ltr'><strong><em>καὶ</em></strong></span> <span class='ocrx_word' id='word_1_469' title='bbox 834 5566 1062 5634; x_wconf 69' lang='grc' dir='ltr'>ἐγέλασε</span> <span class='ocrx_word' id='word_1_470' title='bbox 1088 5570 1183 5623; x_wconf 77' lang='grc' dir='ltr'><strong><em>καὶ</em></strong></span> <span class='ocrx_word' id='word_1_471' title='bbox 1203 5565 1372 5624; x_wconf 83' lang='grc' dir='ltr'>εἶπεν·</span> <span class='ocrx_word' id='word_1_472' title='bbox 1392 5589 1411 5623; x_wconf 82' lang='lat' dir='ltr'><strong><em>t</em></strong></span> <span class='ocrx_word' id='word_1_473' title='bbox 1428 5571 1494 5625; x_wconf 79' lang='lat' dir='ltr'><strong><em>Ei</em></strong></span> <span class='ocrx_word' id='word_1_474' title='bbox 1517 5571 1597 5643; x_wconf 78' lang='grc' dir='ltr'>τῷ</span> <span class='ocrx_word' id='word_1_475' title='bbox 1620 5574 1843 5633; x_wconf 68' lang='grc' dir='ltr'>ἑκατον-</span> 
     </span>
    </p>
   </div>
   <div class='ocr_carea' id='block_1_63' title="bbox 333 5676 1779 5765">
    <p class='ocr_par' dir='ltr' id='par_1_63' title="bbox 333 5676 1779 5765">
     <span class='ocr_line' id='line_1_64' title="bbox 333 5676 1779 5765; baseline 0.016 -35"><span class='ocrx_word' id='word_1_476' title='bbox 333 5676 381 5714; x_wconf 73' lang='grc'>⁶⁶</span> <span class='ocrx_word' id='word_1_477' title='bbox 406 5677 540 5733; x_wconf 87' lang='lat' dir='ltr'><strong><em>Luc.</em></strong></span> <span class='ocrx_word' id='word_1_478' title='bbox 579 5696 625 5744; x_wconf 84' lang='grc' dir='ltr'><strong><em>ι,</em></strong></span> <span class='ocrx_word' id='word_1_479' title='bbox 650 5681 710 5737; x_wconf 82' lang='grc'><strong><em>5.</em></strong></span> <span class='ocrx_word' id='word_1_480' title='bbox 785 5682 827 5716; x_wconf 78' lang='grc'><strong><em>⁵⁸</em></strong></span> <span class='ocrx_word' id='word_1_481' title='bbox 852 5681 987 5741; x_wconf 77' lang='lat' dir='ltr'><strong><em>Gen.</em></strong></span> <span class='ocrx_word' id='word_1_482' title='bbox 1017 5703 1164 5759; x_wconf 68' lang='lat' dir='ltr'><strong><em>sua,</em></strong></span> <span class='ocrx_word' id='word_1_483' title='bbox 1191 5689 1277 5746; x_wconf 75' lang='grc'><strong><em>10.</em></strong></span> <span class='ocrx_word' id='word_1_484' title='bbox 1354 5691 1399 5726; x_wconf 78' lang='lat'>&quot;</span> <span class='ocrx_word' id='word_1_485' title='bbox 1420 5692 1553 5750; x_wconf 86' lang='lat' dir='ltr'><strong><em>Luc.</em></strong></span> <span class='ocrx_word' id='word_1_486' title='bbox 1592 5710 1632 5765; x_wconf 87' lang='grc' dir='ltr'><strong><em>ι,</em></strong></span> <span class='ocrx_word' id='word_1_487' title='bbox 1693 5698 1779 5755; x_wconf 75' lang='grc' dir='ltr'>ιε.</span> 
     </span>
    </p>
   </div>
   <div class='ocr_carea' id='block_1_64' title="bbox 341 5767 1039 5847">
    <p class='ocr_par' dir='ltr' id='par_1_64' title="bbox 341 5767 1039 5847">
     <span class='ocr_line' id='line_1_65' title="bbox 341 5767 1039 5847; baseline 0.007 -22"><span class='ocrx_word' id='word_1_488' title='bbox 341 5767 455 5840; x_wconf 70' lang='grc' dir='ltr'><strong><em>(Ν)</em></strong></span> <span class='ocrx_word' id='word_1_489' title='bbox 489 5770 622 5830; x_wconf 79' lang='lat' dir='ltr'><strong><em>Cod.</em></strong></span> <span class='ocrx_word' id='word_1_490' title='bbox 656 5771 720 5841; x_wconf 82' lang='lat' dir='ltr'><strong><em>E,</em></strong></span> <span class='ocrx_word' id='word_1_491' title='bbox 741 5773 1039 5847; x_wconf 72' lang='grc' dir='ltr'>Κύπριδος.</span> 
     </span>
    </p>
   </div>
   <div class='ocr_carea' id='block_1_65' title="bbox 1954 4502 3524 4571">
    <p class='ocr_par' dir='ltr' id='par_1_65' title="bbox 1954 4502 3524 4571">
     <span class='ocr_line' id='line_1_66' title="bbox 1954 4502 3524 4571; baseline -0.004 -10"><span class='ocrx_word' id='word_1_492' title='bbox 1954 4523 2078 4562; x_wconf 79' lang='lat' dir='ltr'><strong><em>vere</em></strong></span> <span class='ocrx_word' id='word_1_493' title='bbox 2137 4507 2349 4560; x_wconf 79' lang='lat' dir='ltr'><strong><em>venisse</em></strong></span> <span class='ocrx_word' id='word_1_494' title='bbox 2410 4506 2727 4571; x_wconf 79' lang='lat' dir='ltr'><strong><em>Christum,</em></strong></span> <span class='ocrx_word' id='word_1_495' title='bbox 2803 4504 3149 4560; x_wconf 85' lang='lat' dir='ltr'><strong><em>cessantibus</em></strong></span> <span class='ocrx_word' id='word_1_496' title='bbox 3212 4502 3524 4557; x_wconf 64' lang='lat' dir='ltr'><strong><em>Judaeorum</em></strong></span> 
     </span>
    </p>
   </div>
   <div class='ocr_carea' id='block_1_66' title="bbox 1950 4594 3355 4667">
    <p class='ocr_par' dir='ltr' id='par_1_66' title="bbox 1950 4594 3355 4667">
     <span class='ocr_line' id='line_1_67' title="bbox 1950 4594 3355 4667; baseline 0.001 -16"><span class='ocrx_word' id='word_1_497' title='bbox 1950 4598 2188 4667; x_wconf 86' lang='lat' dir='ltr'><strong><em>propriis</em></strong></span> <span class='ocrx_word' id='word_1_498' title='bbox 2214 4599 2576 4667; x_wconf 78' lang='lat' dir='ltr'><strong><em>principibus,</em></strong></span> <span class='ocrx_word' id='word_1_499' title='bbox 2612 4607 2772 4667; x_wconf 91' lang='lat' dir='ltr'><strong><em>prout</em></strong></span> <span class='ocrx_word' id='word_1_500' title='bbox 2805 4596 3126 4667; x_wconf 62' lang='lat' dir='ltr'><strong><em>praedictum</em></strong></span> <span class='ocrx_word' id='word_1_501' title='bbox 3155 4594 3355 4653; x_wconf 79' lang='lat' dir='ltr'><strong><em>fuerat.</em></strong></span> 
     </span>
    </p>
   </div>
   <div class='ocr_carea' id='block_1_67' title="bbox 2022 4686 3448 4760">
    <p class='ocr_par' dir='ltr' id='par_1_67' title="bbox 2022 4686 3448 4760">
     <span class='ocr_line' id='line_1_68' title="bbox 2022 4686 3448 4760; baseline -0.001 -17"><span class='ocrx_word' id='word_1_502' title='bbox 2022 4689 2068 4721; x_wconf 80' lang='lat'>“</span> <span class='ocrx_word' id='word_1_503' title='bbox 2095 4688 2164 4743; x_wconf 88' lang='lat' dir='ltr'><strong><em>Et</em></strong></span> <span class='ocrx_word' id='word_1_504' title='bbox 2203 4691 2341 4745; x_wconf 70' lang='lat' dir='ltr'><strong><em>dixit</em></strong></span> <span class='ocrx_word' id='word_1_505' title='bbox 2374 4691 2561 4760; x_wconf 81' lang='lat' dir='ltr'><strong><em>angelo</em></strong></span> <span class='ocrx_word' id='word_1_506' title='bbox 2595 4688 2913 4755; x_wconf 84' lang='lat' dir='ltr'><strong><em>Zacharias,</em></strong></span> <span class='ocrx_word' id='word_1_507' title='bbox 2942 4689 3081 4743; x_wconf 86' lang='lat' dir='ltr'><strong><em>unde</em></strong></span> <span class='ocrx_word' id='word_1_508' title='bbox 3110 4688 3207 4742; x_wconf 82' lang='lat' dir='ltr'><strong><em>hoc</em></strong></span> <span class='ocrx_word' id='word_1_509' title='bbox 3241 4686 3448 4743; x_wconf 70' lang='lat' dir='ltr'><strong><em>sciam!</em></strong></span> 
     </span>
    </p>
   </div>
   <div class='ocr_carea' id='block_1_68' title="bbox 2024 4848 3521 4919">
    <p class='ocr_par' dir='ltr' id='par_1_68' title="bbox 2024 4848 3521 4919">
     <span class='ocr_line' id='line_1_69' title="bbox 2024 4848 3521 4919; baseline -0.001 -17"><span class='ocrx_word' id='word_1_510' title='bbox 2024 4848 2306 4917; x_wconf 85' lang='lat' dir='ltr'><strong><em>Quodnam</em></strong></span> <span class='ocrx_word' id='word_1_511' title='bbox 2334 4850 2468 4904; x_wconf 86' lang='lat' dir='ltr'><strong><em>mihi</em></strong></span> <span class='ocrx_word' id='word_1_512' title='bbox 2506 4850 2720 4919; x_wconf 77' lang='lat' dir='ltr'><strong><em>signum</em></strong></span> <span class='ocrx_word' id='word_1_513' title='bbox 2749 4850 3013 4915; x_wconf 87' lang='lat' dir='ltr'><strong><em>ostendis,</em></strong></span> <span class='ocrx_word' id='word_1_514' title='bbox 3048 4863 3157 4918; x_wconf 90' lang='lat' dir='ltr'><strong><em>quo</em></strong></span> <span class='ocrx_word' id='word_1_515' title='bbox 3187 4848 3359 4903; x_wconf 75' lang='lat' dir='ltr'><strong><em>fretus</em></strong></span> <span class='ocrx_word' id='word_1_516' title='bbox 3399 4862 3521 4902; x_wconf 85' lang='lat' dir='ltr'><strong><em>cre-</em></strong></span> 
     </span>
    </p>
   </div>
   <div class='ocr_carea' id='block_1_69' title="bbox 1944 4938 3521 5011">
    <p class='ocr_par' dir='ltr' id='par_1_69' title="bbox 1944 4938 3521 5011">
     <span class='ocr_line' id='line_1_70' title="bbox 1944 4938 3521 5011; baseline -0.002 -15"><span class='ocrx_word' id='word_1_517' title='bbox 1944 4942 2067 4996; x_wconf 82' lang='lat' dir='ltr'><strong><em>dam</em></strong></span> <span class='ocrx_word' id='word_1_518' title='bbox 2119 4941 2384 4995; x_wconf 73' lang='lat' dir='ltr'><strong><em>vaticinia</em></strong></span> <span class='ocrx_word' id='word_1_519' title='bbox 2438 4949 2557 5006; x_wconf 89' lang='lat' dir='ltr'><strong><em>tuo,</em></strong></span> <span class='ocrx_word' id='word_1_520' title='bbox 2619 4950 2874 5011; x_wconf 84' lang='lat' dir='ltr'><strong><em>tanquam</em></strong></span> <span class='ocrx_word' id='word_1_521' title='bbox 2931 4941 3037 4996; x_wconf 85' lang='lat' dir='ltr'><strong><em>lide</em></strong></span> <span class='ocrx_word' id='word_1_522' title='bbox 3082 4956 3189 4995; x_wconf 91' lang='lat' dir='ltr'><strong><em>nou</em></strong></span> <span class='ocrx_word' id='word_1_523' title='bbox 3243 4938 3521 4994; x_wconf 72' lang='lat' dir='ltr'><strong><em>caritura!</em></strong></span> 
     </span>
    </p>
   </div>
   <div class='ocr_carea' id='block_1_70' title="bbox 1944 5030 3518 5103">
    <p class='ocr_par' dir='ltr' id='par_1_70' title="bbox 1944 5030 3518 5103">
     <span class='ocr_line' id='line_1_71' title="bbox 1944 5030 3518 5103; baseline 0.001 -17"><span class='ocrx_word' id='word_1_524' title='bbox 1944 5030 2079 5086; x_wconf 76' lang='lat' dir='ltr'><strong><em>Nam</em></strong></span> <span class='ocrx_word' id='word_1_525' title='bbox 2107 5033 2253 5103; x_wconf 89' lang='lat' dir='ltr'><strong><em>quod</em></strong></span> <span class='ocrx_word' id='word_1_526' title='bbox 2287 5034 2371 5087; x_wconf 89' lang='lat' dir='ltr'><strong><em>ais</em></strong></span> <span class='ocrx_word' id='word_1_527' title='bbox 2400 5072 2416 5098; x_wconf 97' lang='lat'><strong><em>,</em></strong></span> <span class='ocrx_word' id='word_1_528' title='bbox 2452 5042 2653 5103; x_wconf 66' lang='lat' dir='ltr'><strong><em>praeter</em></strong></span> <span class='ocrx_word' id='word_1_529' title='bbox 2680 5041 2930 5089; x_wconf 86' lang='lat' dir='ltr'><strong><em>naturam</em></strong></span> <span class='ocrx_word' id='word_1_530' title='bbox 2981 5034 3367 5103; x_wconf 86' lang='lat' dir='ltr'><strong><em>propemodum</em></strong></span> <span class='ocrx_word' id='word_1_531' title='bbox 3403 5043 3518 5098; x_wconf 72' lang='lat' dir='ltr'><strong><em>eat;</em></strong></span> 
     </span>
    </p>
   </div>
   <div class='ocr_carea' id='block_1_71' title="bbox 1944 5125 3520 5198">
    <p class='ocr_par' dir='ltr' id='par_1_71' title="bbox 1944 5125 3520 5198">
     <span class='ocr_line' id='line_1_72' title="bbox 1944 5125 3520 5198; baseline 0.001 -19"><span class='ocrx_word' id='word_1_532' title='bbox 1944 5138 2105 5193; x_wconf 55' lang='lat' dir='ltr'><strong><em>senes</em></strong></span> <span class='ocrx_word' id='word_1_533' title='bbox 2130 5126 2275 5179; x_wconf 86' lang='lat' dir='ltr'><strong><em>enim</em></strong></span> <span class='ocrx_word' id='word_1_534' title='bbox 2312 5125 2728 5196; x_wconf 86' lang='lat' dir='ltr'><strong><em>haudquaquam</em></strong></span> <span class='ocrx_word' id='word_1_535' title='bbox 2775 5137 3091 5198; x_wconf 88' lang='lat' dir='ltr'><strong><em>procreant.</em></strong></span> <span class='ocrx_word' id='word_1_536' title='bbox 3142 5128 3308 5197; x_wconf 85' lang='lat' dir='ltr'><strong><em>Atqui</em></strong></span> <span class='ocrx_word' id='word_1_537' title='bbox 3354 5141 3520 5197; x_wconf 89' lang='lat' dir='ltr'><strong><em>opor-</em></strong></span> 
     </span>
    </p>
   </div>
   <div class='ocr_carea' id='block_1_72' title="bbox 1948 5215 3518 5288">
    <p class='ocr_par' dir='ltr' id='par_1_72' title="bbox 1948 5215 3518 5288">
     <span class='ocr_line' id='line_1_73' title="bbox 1948 5215 3518 5288; baseline 0.004 -18"><span class='ocrx_word' id='word_1_538' title='bbox 1948 5215 2095 5271; x_wconf 89' lang='lat' dir='ltr'><strong><em>tebat</em></strong></span> <span class='ocrx_word' id='word_1_539' title='bbox 2124 5216 2445 5272; x_wconf 86' lang='lat' dir='ltr'><strong><em>Zachariam</em></strong></span> <span class='ocrx_word' id='word_1_540' title='bbox 2482 5219 2624 5273; x_wconf 88' lang='lat' dir='ltr'><strong><em>haud</em></strong></span> <span class='ocrx_word' id='word_1_541' title='bbox 2657 5221 2725 5275; x_wconf 91' lang='lat' dir='ltr'><strong><em>de</em></strong></span> <span class='ocrx_word' id='word_1_542' title='bbox 2758 5236 2856 5277; x_wconf 87' lang='lat' dir='ltr'><strong><em>suo</em></strong></span> <span class='ocrx_word' id='word_1_543' title='bbox 2885 5230 2942 5276; x_wconf 90' lang='lat' dir='ltr'><strong><em>et</em></strong></span> <span class='ocrx_word' id='word_1_544' title='bbox 2972 5221 3162 5276; x_wconf 78' lang='lat' dir='ltr'><strong><em>uxoris</em></strong></span> <span class='ocrx_word' id='word_1_545' title='bbox 3210 5221 3383 5288; x_wconf 88' lang='lat' dir='ltr'><strong><em>senio,</em></strong></span> <span class='ocrx_word' id='word_1_546' title='bbox 3422 5220 3518 5275; x_wconf 84' lang='lat' dir='ltr'><strong><em>sed</em></strong></span> 
     </span>
    </p>
   </div>
   <div class='ocr_carea' id='block_1_73' title="bbox 1946 5307 3515 5386">
    <p class='ocr_par' dir='ltr' id='par_1_73' title="bbox 1946 5307 3515 5386">
     <span class='ocr_line' id='line_1_74' title="bbox 1946 5307 3515 5386; baseline 0.004 -22"><span class='ocrx_word' id='word_1_547' title='bbox 1946 5307 2012 5364; x_wconf 78' lang='lat' dir='ltr'><strong><em>de</em></strong></span> <span class='ocrx_word' id='word_1_548' title='bbox 2040 5309 2410 5379; x_wconf 86' lang='lat' dir='ltr'><strong><em>promittentis</em></strong></span> <span class='ocrx_word' id='word_1_549' title='bbox 2460 5310 2554 5367; x_wconf 86' lang='lat' dir='ltr'><strong><em>Dei</em></strong></span> <span class='ocrx_word' id='word_1_550' title='bbox 2595 5314 2836 5381; x_wconf 78' lang='lat' dir='ltr'><strong><em>potentia</em></strong></span> <span class='ocrx_word' id='word_1_551' title='bbox 2886 5316 3145 5386; x_wconf 75' lang='lat' dir='ltr'><strong><em>cogitare.</em></strong></span> <span class='ocrx_word' id='word_1_552' title='bbox 3193 5315 3515 5385; x_wconf 84' lang='lat' dir='ltr'><strong><em>Quanquam</em></strong></span> 
     </span>
    </p>
   </div>
   <div class='ocr_carea' id='block_1_74' title="bbox 1944 5406 3517 5479">
    <p class='ocr_par' dir='ltr' id='par_1_74' title="bbox 1944 5406 3517 5479">
     <span class='ocr_line' id='line_1_75' title="bbox 1944 5406 3517 5479; baseline 0.005 -24"><span class='ocrx_word' id='word_1_553' title='bbox 1944 5416 2034 5457; x_wconf 86' lang='lat' dir='ltr'><strong><em>res</em></strong></span> <span class='ocrx_word' id='word_1_554' title='bbox 2066 5416 2290 5473; x_wconf 77' lang='lat' dir='ltr'><strong><em>magnas</em></strong></span> <span class='ocrx_word' id='word_1_555' title='bbox 2320 5418 2461 5475; x_wconf 66' lang='lat' dir='ltr'><strong><em>egre</em></strong></span> <span class='ocrx_word' id='word_1_556' title='bbox 2488 5406 2589 5461; x_wconf 81' lang='lat' dir='ltr'><strong><em>sibi</em></strong></span> <span class='ocrx_word' id='word_1_557' title='bbox 2607 5406 2859 5464; x_wconf 83' lang='lat' dir='ltr'><strong><em>homines</em></strong></span> <span class='ocrx_word' id='word_1_558' title='bbox 2889 5407 3251 5479; x_wconf 82' lang='lat' dir='ltr'><strong><em>persuadent:</em></strong></span> <span class='ocrx_word' id='word_1_559' title='bbox 3289 5408 3517 5475; x_wconf 79' lang='lat' dir='ltr'><strong><em>ideoque</em></strong></span> 
     </span>
    </p>
   </div>
   <div class='ocr_carea' id='block_1_75' title="bbox 1947 5492 3518 5571">
    <p class='ocr_par' dir='ltr' id='par_1_75' title="bbox 1947 5492 3518 5571">
     <span class='ocr_line' id='line_1_76' title="bbox 1947 5492 3518 5571; baseline 0.004 -23"><span class='ocrx_word' id='word_1_560' title='bbox 1947 5492 2090 5548; x_wconf 86' lang='lat' dir='ltr'><strong><em>Deus</em></strong></span> <span class='ocrx_word' id='word_1_561' title='bbox 2116 5493 2453 5566; x_wconf 69' lang='lat' dir='ltr'><strong><em>indulgentia</em></strong></span> <span class='ocrx_word' id='word_1_562' title='bbox 2484 5498 2676 5554; x_wconf 89' lang='lat' dir='ltr'><strong><em>utitur.</em></strong></span> <span class='ocrx_word' id='word_1_563' title='bbox 2709 5498 2847 5555; x_wconf 86' lang='lat' dir='ltr'><strong><em>Nam</em></strong></span> <span class='ocrx_word' id='word_1_564' title='bbox 2893 5515 2963 5557; x_wconf 87' lang='lat' dir='ltr'><strong><em>ne</em></strong></span> <span class='ocrx_word' id='word_1_565' title='bbox 3008 5499 3351 5556; x_wconf 83' lang='lat' dir='ltr'><strong><em>Abrahamus</em></strong></span> <span class='ocrx_word' id='word_1_566' title='bbox 3392 5499 3518 5571; x_wconf 82' lang='lat' dir='ltr'><strong><em>qui-</em></strong></span> 
     </span>
    </p>
   </div>
   <div class='ocr_carea' id='block_1_76' title="bbox 1949 5584 3517 5664">
    <p class='ocr_par' dir='ltr' id='par_1_76' title="bbox 1949 5584 3517 5664">
     <span class='ocr_line' id='line_1_77' title="bbox 1949 5584 3517 5664; baseline 0.006 -23"><span class='ocrx_word' id='word_1_567' title='bbox 1949 5584 2071 5642; x_wconf 86' lang='lat' dir='ltr'><strong><em>dem</em></strong></span> <span class='ocrx_word' id='word_1_568' title='bbox 2106 5595 2272 5657; x_wconf 87' lang='lat' dir='ltr'><strong><em>prout</em></strong></span> <span class='ocrx_word' id='word_1_569' title='bbox 2312 5602 2449 5660; x_wconf 86' lang='lat' dir='ltr'><strong><em>opus</em></strong></span> <span class='ocrx_word' id='word_1_570' title='bbox 2475 5601 2595 5649; x_wconf 85' lang='lat' dir='ltr'><strong><em>erat</em></strong></span> <span class='ocrx_word' id='word_1_571' title='bbox 2620 5593 2878 5664; x_wconf 89' lang='lat' dir='ltr'><strong><em>credidit,</em></strong></span> <span class='ocrx_word' id='word_1_572' title='bbox 2928 5596 3027 5651; x_wconf 85' lang='lat' dir='ltr'><strong><em>sed</em></strong></span> <span class='ocrx_word' id='word_1_573' title='bbox 3070 5594 3227 5651; x_wconf 86' lang='lat' dir='ltr'><strong><em>initio</em></strong></span> <span class='ocrx_word' id='word_1_574' title='bbox 3268 5595 3392 5651; x_wconf 89' lang='lat' dir='ltr'><strong><em>risit</em></strong></span> <span class='ocrx_word' id='word_1_575' title='bbox 3427 5596 3517 5651; x_wconf 84' lang='lat' dir='ltr'><strong><em>di-</em></strong></span> 
     </span>
    </p>
   </div>
  </div>
