4128 6294
1355 315 1618 374 ευεεοιι
1655 315 2120 376 CESARIENSIS
2156 319 2308 378 OPP.
2346 321 2525 381 PARS
2561 323 2648 383 ΙΙΙ.
2687 355 2759 369 -—
2795 325 3198 384 EXEGETICA.

698 433 888 495 titudo,
928 438 984 484 et
1018 437 1230 498 quarta,
1275 417 1496 499 aliaque
1546 429 1817 502 deinceps.
1877 429 2063 488 Licere
2095 432 2221 488 enin

2336 433 2487 504 αὐτῷ
2512 437 2864 508 μακαρισμοὶ,
2881 437 2975 491 καὶ
2993 434 3239 506 τέταρτοι
3263 435 3356 490 καὶ
3381 434 3577 506 unﬁt
3605 434 3738 506 (ω).
3770 435 3890 506 Ἐε-

697 523 920 578 docebat
938 519 1230 576 secundum
1259 521 1474 590 aliquod
1511 538 1577 578 ex
1609 523 1874 591 pradietis
1920 525 2043 580 vita
2077 539 2238 592 gene-

697 613 840 666 ribus
871 611 1134 680 promissa
1180 610 1317 665 bona
1362 614 1649 679 consequi;
1701 614 1771 668 ita
1826 624 1885 670 ut
1929 626 2150 681 possent
2181 615 2236 670 in

695 699 786 754 Dei
816 714 1002 770 regno,
1029 701 1072 755 si
1099 701 1274 755 minus
1297 714 1418 754 cum
1461 699 1677 756 Christo
1706 718 1931 774 regnare
1977 720 2129 773 eque
2172 719 2238 759 ac

693 805 951 859 pauperes
977 790 1188 860 spiritu,
1222 797 1278 843 at
1309 801 1456 850 certe
1484 794 1743 858 recreari,
1785 808 1850 848 eo
1876 796 2019 864 quod
2045 798 2234 851 morti-

692 879 805 932 fera
829 893 924 933 sua
955 887 1166 949 peccata
1195 877 1526 946 deﬂeverint,
1561 897 1626 938 ac
1660 886 1982 953 pmnitentia
2016 895 2070 941 et
2105 901 2236 942 con-

693 967 910 1024 fessioni
957 981 1222 1038 castaque
1249 972 1375 1025 vita
1416 984 1587 1028 semet
1636 974 1952 1031 addixerint.
1990 977 2084 1032 Vel
2113 993 2236 1048 pro-

691 1059 853 1114 missa
880 1070 1019 1114 terra
1045 1061 1228 1129 potiri,
1270 1073 1326 1117 et
1360 1063 1690 1120 habitatores
1715 1065 1968 1132 civesque
1992 1080 2236 1137 superna

691 1147 786 1203 Dei
812 1149 1039 1203 civitatis
1080 1150 1215 1219 fieri,
1247 1152 1370 1221 quia
1400 1152 1554 1208 mites
1591 1167 1652 1209 se
1694 1154 2062 1226 patientesque
2093 1172 2233 1227 prat-

688 1230 919 1286 buerint.
953 1231 1046 1288 Vel
1068 1235 1190 1304 quia
1216 1238 1534 1293 esuriverint
1563 1239 1617 1294 in
1661 1244 1908 1310 praesenti
1947 1246 2053 1299 vita
2075 1245 2234 1313 justi-

692 1320 816 1374 tiam
846 1331 1005 1392 atque
1029 1325 1314 1392 sitiverint,
1345 1342 1514 1397 eaque
1537 1330 1724 1384 satiari
1755 1332 1806 1386 in
1827 1331 2008 1389 futuro
2036 1335 2234 1391 atecqu

687 1413 1028 1479 optaverint;
1079 1415 1150 1470 ita
1183 1415 1508 1474 defaecatam-
1537 1433 1600 1474 ac
1629 1421 2034 1479 subatantialcm
2061 1427 2230 1480 virtu-

687 1507 796 1554 tem
824 1502 1120 1569 obtineant,
1146 1515 1199 1560 et
1221 1506 1613 1577 bypostaticam
1647 1513 1819 1580 ipsam
1845 1515 1938 1569 Dei
1967 1516 2229 1584 justitiam

688 1594 987 1661 aspiciant,
1029 1597 1302 1668 ipsamque
1344 1600 1439 1655 Dci
1481 1603 1829 1675 sapientiam,
1867 1617 2118 1662 aeternam
2152 1609 2231 1663 vi-

686 1692 821 1751 tam,
861 1697 914 1740 et
939 1687 1232 1742 animarum
1290 1690 1491 1748 lumen.
1539 1693 1667 1760 Quae
1721 1699 1902 1751 omnia
1939 1702 2227 1755 secundum

685 1775 1037 1832 inburentem
1070 1778 1322 1833 virtutem
1354 1781 1408 1836 in
1447 1784 1717 1853 unigenito
1769 1787 1858 1840 Dei
1908 1785 2084 1844 Verbo
2113 1806 2232 1847 esse

684 1864 1068 1931 intelliguntur.
1126 1865 1277 1934 Quod
1339 1869 1384 1922 si
1435 1869 1630 1941 alioqui
1714 1874 1951 1929 nonnulli
2015 1876 2229 1945 benigni

682 1953 883 2020 fuerint
903 1966 957 2011 et
975 1958 1404 2028 eleemosynarii,
1433 1963 1961 2036 misericordiamque
1997 1985 2061 2025 ac
2099 1971 2232 2026 libe-

681 2045 952 2101 ralitatem
1001 2061 1126 2118 erga
1174 2051 1444 2119 proximos
1495 2051 2002 2124 demoustraverint,
2061 2063 2227 2115 bene-

679 2135 922 2192 ﬁciorum
955 2154 1170 2194 suorum
1217 2141 1388 2196 vicem
1435 2143 1800 2212 experientur,
1857 2147 2228 2203 misericordia

678 2226 1068 2299 elementiaque
1094 2230 1184 2284 Dei
1215 2229 1461 2287 fruendo.
1510 2232 1660 2289 Alius
1701 2245 1784 2290 est
1828 2239 2104 2293 beatorum
2144 2255 2230 2295 se-

678 2314 911 2368 cundum
933 2316 1338 2384 promissionem
1367 2317 1521 2382 ordo,
1544 2320 1632 2388 qui
1660 2322 1840 2386 corde,
1878 2324 1927 2376 id
1949 2333 2031 2377 est
2052 2334 2229 2378 mente

677 2403 800 2473 puri
856 2415 1019 2470 sunt;
1074 2406 1308 2476 itemque
1357 2409 1496 2464 alius
1555 2409 1922 2479 pacificorum.
1988 2412 2224 2480 Quorum

678 2493 892 2562 priores
920 2495 1132 2563 quidem
1163 2498 1415 2565 puritatis
1441 2513 1551 2553 sua-
1573 2501 1873 2555 mercedem
1907 2503 2223 2572 percipient,

677 2582 774 2637 Dei
809 2583 1090 2649 visionem,
1129 2585 1251 2653 quia
1277 2580 1515 2654 purgatis
1540 2601 1661 2642 eum
1689 2589 1881 2643 anime
1909 2591 2080 2646 oculis
2101 2601 2224 2646 sunt

674 2673 874 2740 visuri;
901 2673 1054 2729 alteri
1081 2688 1206 2730 vero
1229 2676 1320 2730 filii
1341 2677 1430 2730 Dei
1461 2677 1608 2745 fient,
1636 2688 1919 2748 propterea
1949 2683 2090 2750 quod
2127 2698 2224 2752 par

676 2777 811 2833 opus
842 2764 1090 2829 fecerint,
1122 2775 1281 2836 atque
1312 2765 1406 2822 Dei
1439 2767 1628 2833 Filius,
1663 2772 1755 2839 qui
1804 2773 1984 2827 omnia
2042 2789 2138 2843 per
2163 2790 2222 2828 se

674 2853 846 2920 ipsum
881 2855 1181 2923 pacificavit
1213 2856 1325 2911 sive
1357 2873 1473 2927 qua:
1513 2859 1565 2912 in
1592 2859 1742 2914 caelis
1779 2871 1923 2925 sunt,
1963 2862 2078 2916 sive
2105 2877 2223 2932 qua

675 2941 730 2996 in
768 2951 935 3009 terra.
969 2941 1344 3000 Verumtamen
1395 2947 1451 3002 hi
1490 2963 1675 3004 omnes
1710 2964 1808 3019 pro
1851 2966 2066 3006 suorum
2095 2967 2224 3023 ope-

2335 523 2471 574 εῖναι
2497 521 2605 594 γάρ
2622 523 2865 578 ἐδίδασκε
2888 523 3008 579 καθ’
3031 523 3125 577 ινα
3146 522 3266 578 τινά
3296 524 3493 592 τρόπον
3517 524 3630 578 τῶν
3649 542 3890 580 κατωνο-

2337 612 2626 683 μασμένων
2655 613 2786 683 βίων
2813 613 3205 683 καταξιωθῆναι
3227 614 3335 669 τῶν
3351 615 3771 688 ἐπηγγελμένων
3799 633 3890 687 φι-

2334 703 2663 776 λοτιμεῖσθαι
2678 723 2692 737 θ
2717 705 2843 759 ὥστ’
2861 703 2996 762 εἶναι
3026 705 3264 773 δυνατὸν,
3288 709 3348 762 ἐν
3371 711 3435 778 τῇ
3458 707 3550 761 τοῦ
3575 708 3712 762 Θεοῦ
3737 708 3888 778 βασι-

2333 793 2451 866 λείᾳ
2499 793 2836 866 γενομένους,
2877 798 2927 850 εί
2961 798 3054 851 καὶ
3098 796 3172 868 μὴ
3209 797 3628 868 συμϐασιλεῦσαι
3669 797 3885 870 Χριστῷ

2333 885 2474 940 κατά
2519 887 2644 955 τοὺς
2681 889 2927 958 πτωχοὺς
2956 887 3033 960 τῷ
3061 886 3348 958 πνεύματι,
3390 887 3522 942 ἀλλά
3548 888 3680 958 γοῦν
3713 905 3888 961 παραμ-

2333 973 2592 1045 κληθῆναι
2633 974 2718 1044 ἐφ’
2763 969 2845 1038 οἷς
2894 974 2963 1030 τά
3012 975 3148 1046 πρὸς
3195 975 3421 1031 θάνατον
3475 978 3888 1049 ἁμαρτήσαντες

2333 1063 2654 1135 ἐπένθησαν,
2686 1065 2941 1137 μετανοίᾳ
2989 1066 3080 1118 καὶ
3107 1064 3484 1136 ἐξομολογήσει
3512 1067 3624 1138 (Π)
3662 1067 3757 1120 καὶ
3787 1065 3887 1136 βίῳ

2335 1156 2567 1230 σώφρονι
2593 1159 2814 1222 ἑαυτοὺς
2828 1157 3207 1222 ἐπιδεδωκότες
3226 1175 3241 1189 ο
3282 1157 3317 1229 ἢ
3344 1159 3444 1228 τῆς
3472 1157 3888 1229 ἐπηγγελμένης

2334 1249 2438 1318 τῆς
2477 1251 2678 1319 τυχεῖν,
2715 1249 3002 1320 οἰκήτοράς
3030 1265 3091 1302 τε
3142 1255 3235 1303 καὶ
3273 1248 3494 1312 πολίτας
3525 1250 3624 1320 τῆς
3648 1251 3762 1304 ἂνω
3790 1248 3886 1302 τοῦ

2331 1339 2465 1393 Θεοῦ
2494 1340 2697 1403 πόλεως
2723 1339 2992 1408 γενέσθαι,
3023 1339 3229 1411 πράους
3259 1339 3350 1394 καὶ
3373 1339 3722 1406 άνεξικάκους
3745 1342 3887 1395 ἀπο-

2329 1427 2662 1500 δειχθέντας·
2708 1429 2742 1500 ἢ
2776 1431 3132 1502 πεινήσοντας
3177 1431 3236 1483 ἐν
3270 1429 3348 1499 τῷ
3379 1429 3603 1501 παρόντι
3640 1431 3757 1501 βίῳ,
3791 1431 3889 1484 καὶ

2328 1521 2657 1592 διψήσαντας
2689 1521 2790 1592 τῆς
2815 1519 3154 1591 δικαιοσύνης
3176 1523 3354 1591 τυχεῖν
3387 1520 3577 1590 αὐτῆς,
3606 1522 3700 1575 καὶ
3728 1537 3890 1592 κορε-

2331 1613 2521 1684 σθῆναι
2566 1615 2706 1668 κατά
2742 1613 2834 1667 τὸν
2880 1613 3280 1685 ἐπηγγελμένον
3317 1613 3507 1676 αἰῶνα,
3549 1613 3684 1666 ἐπάν
3714 1611 3888 1682 αὐτῆς

2330 1706 2572 1778 καθαρᾶς
2615 1706 2714 1776 τῆς
2754 1703 3040 1770 οὐσιὼδους
3077 1705 3278 1777 ἀρετῆς
3315 1704 3687 1770 ἀπολαύωσιν,
3717 1704 3890 1775 αὐτὴν

2329 1798 2689 1868 ύποστατικὴν
2719 1795 2951 1864 δρῶντες
2979 1798 3079 1868 τὴν
3111 1795 3206 1850 τοῦ
3243 1795 3376 1850 Θεοῦ
3403 1794 3760 1866 δικαιοσύνην,
3786 1796 3886 1850 xui.

2327 1887 2494 1958 αὐτὴν
2520 1888 2619 1959 τὴν
2649 1887 2839 1955 σοφίαν
2875 1886 2970 1940 τοῦ
3009 1884 3166 1950 Θεοῦ,
3205 1886 3299 1940 καὶ
3324 1885 3421 1956 τὴν
3457 1884 3600 1956 ζωὴν
3627 1885 3724 1956 τὴν
3751 1883 3891 1939 αἰώ-

2326 1993 2456 2041 νιον,
2484 1977 2656 2029 καὶτὸ
2679 1975 2863 2046 ψυχῶν
2893 1975 3216 2045 φωτιστικόν
3234 1992 3246 2006 ’
3296 1975 3332 2029 ἀ
3360 1975 3424 2047 δὴ
3457 1977 3630 2030 ¹πάντα
3656 1976 3887 2030 ἐπινοεῖ-

2324 2083 2413 2119 ται
2451 2065 2589 2120 κατὰ
2628 2066 2727 2130 τάς
2772 2065 3180 2137 ἐνυπαρχούσας
3209 2064 3460 2136 δυνάμεις
3500 2065 3579 2135 τῷ
3611 2068 3891 2137 μονογενεῖ

2325 2154 2418 2208 τοῦ
2453 2154 2588 2209 Θεοῦ
2615 2156 2791 2226 Λόγῳ.
2824 2156 2888 2210 Εἰ
2918 2155 2974 2208 δέ
3011 2154 3183 2217 άλλως
3217 2154 3361 2218 τινες
3395 2155 3757 2228 φιλάνθρωποι
3790 2158 3886 2210 καὶ

2325 2247 2612 2318 ἐλεήμονες
2657 2248 2941 2316 γεγόνασι,
2994 2248 3055 2302 τὸ
3103 2247 3382 2318 συμπαθὲς
3431 2249 3525 2302 καὶ
3573 2247 3886 2301 κοινωνικὸν

2325 2338 2460 2408 πρὸς
2481 2340 2608 2401 τοὺς
2626 2336 2793 2402 πέλας
2816 2337 3262 2409 ἐπιδεικνύμενοι,
3286 2338 3478 2392 ταύτὸν
3507 2337 3779 2391 πείσονται
3799 2330 3884 2401 οἷς

2323 2427 2572 2499 ἔδρασαν,
2602 2428 2720 2481 κατ’
2754 2427 2901 2480 ἔλεον
2932 2425 3067 2479 Θεοῦ
3094 2429 3188 2482 καὶ
3214 2426 3615 2500 φιλανθρωπίαν
3640 2425 3862 2498 ἐλεηθὰ

2324 2535 2432 2580 τες.
2463 2517 2625 2569 ’Δλλο
2653 2517 2710 2571 δέ
2741 2518 2924 2587 τάγμα
2954 2518 3148 2586 γένοιτ’
3177 2517 3244 2573 ἀν
3274 2518 3382 2572 τῶν
3409 2518 3550 2572 κατά
3581 2517 3680 2588 τὴν
3710 2519 3884 2586 ἐπαγ-

2323 2606 2506 2674 γελίαν
2551 2608 2854 2678 μακαρίων,
2895 2608 2956 2661 τὺ
2980 2607 3088 2661 τῶν
3111 2605 3210 2679 τὴν
3237 2609 3462 2681 καρδίαν
3495 2609 3740 2662 τουτέστι
3783 2609 3886 2680 τὴν

2320 2694 2551 2748 διάνοιαν
2587 2695 3006 2767 κεκαθαρμένων
3023 2713 3038 2726 ο
3071 2698 3166 2751 καὶ
3190 2697 3316 2752 ἄλλο
3342 2697 3502 2752 πάλιν
3525 2697 3634 2752 τῶν
3667 2698 3880 2770 εἰρηνοο

2322 2785 2488 2838 ποιῶν
2513 2801 2528 2817 °
2562 2779 2637 2839 ὧν
2657 2788 2707 2839 οἱ
2733 2787 2831 2858 μὲν
2857 2789 3108 2860 πρότεροι
3131 2789 3297 2860 γέρας
3317 2789 3571 2861 λήψονται
3593 2790 3694 2860 τῆς
3717 2789 3886 2844 καθα-

2325 2877 2562 2948 ρότητος,
2594 2877 2693 2949 τὴν
2720 2878 2812 2931 τοῦ
2842 2878 2976 2933 Θεοῦ
2995 2878 3140 2945 θέαν,
3170 2879 3265 2934 hs
3288 2879 3346 2934 δέ
3371 2879 3668 2951 ὀφθαλμοῖς
3702 2880 3883 2952 ψυχῆς

2322 2965 2748 3036 κεκαθαρμένοις
2795 2967 2954 3020 αὐτὸν
2996 2968 3273 3040 ὀψόμενον
3317 2970 3367 3023 οῖ
3394 2969 3452 3023 δέ
3501 2970 3741 3042 δεύτεροι
3775 2969 3886 3023 υἱοὶ

673 3047 793 3086 rum
857 3035 1168 3090 diversitate
1218 3037 1442 3092 diversis
1506 3039 1560 3092 in
1632 3042 1896 3109 promisso
1961 3043 2220 3098 C(BIOI'um

2324 3053 2460 3108 Θεοῦ
2489 3035 2823 3127 γενήσονται,
2851 3056 2926 3119 ὡς
2949 3056 3014 3110 ἂν
3040 3035 3199 3127 ἔργον
3217 3059 3399 3128 ὅμοιον
3424 3035 3843 3129 κατωρθωκότες
3858 3073 3877 3090 ⁶

672 3136 841 3192 regno
885 3125 1161 3192 potientur
1208 3126 1523 3184 honoribus.
1583 3127 1716 3184 Nam
1769 3133 2062 3202 regnabant
2098 3148 2221 3189 cum

2321 3139 2431 3198 οἷον
2457 3145 2550 3198 καὶ
2584 3125 2614 3198 δ
2647 3144 2738 3198 τοῦ
2759 3145 2890 3200 Θεοῦ
2920 3147 3046 3212 Υἱὸς
3067 3125 3480 3220 εἰρηνοποιήσας
3514 3125 3585 3203 τά
3603 3150 3781 3203 πάντα
3810 3147 3881 3202 δι’

672 3211 768 3265 Dei
795 3211 930 3268 Filio
945 3214 1102 3282 primi
1139 3213 1231 3284 qui
1263 3216 1521 3271 nominati
1551 3230 1677 3272 sunt
1716 3235 1977 3290 pauperes
2007 3223 2218 3290 spiritu.

670 3298 804 3356 Post
835 3302 952 3358 illos
977 3313 1150 3358 autem
1196 3305 1441 3372 secundi,
1479 3305 1648 3363 fortes
1687 3308 1778 3363 Dei
1838 3321 2127 3381 martyres,
2154 3313 2222 3366 de

672 3392 868 3460 quibus
905 3402 1086 3462 postea
1121 3392 1285 3448 dicit:
1334 3394 1484 3449 Beati
1530 3399 1621 3467 qui
1668 3403 2074 3466 persecutianeut
2122 3418 2220 3471 pa.-

675 3478 879 3530 tiututtr
917 3485 1124 3546 propter
1156 3478 1441 3548 justitiam.
1467 3483 1560 3538 liis
1609 3486 1752 3539 enim
1791 3486 1968 3542 verbis
2007 3502 2100 3544 eos
2128 3491 2219 3559 qui

669 3579 769 3633 pro
795 3580 959 3636 regno
987 3567 1308 3623 decertaturi
1352 3581 1528 3635 erant,
1561 3579 1818 3642 tauquam
1865 3575 2074 3631 nobiles
2125 3576 2216 3631 Dei

671 3653 870 3709 milites
913 3656 1123 3712 dicebat
1143 3657 1363 3726 beatos;
1413 3662 1718 3716 necessario
1767 3662 1853 3718 his
1881 3666 2114 3734 quoque,
2162 3679 2220 3721 ut

666 3741 1092 3800 beatiﬂca’torum
1119 3758 1278 3802 antea
1316 3763 1608 3818 pauperum
1637 3750 1916 3819 fratribus,
1954 3757 2217 3813 mercedis

667 3829 789 3888 loco
816 3833 1070 3888 caelorum
1095 3851 1312 3905 regnum
1338 3840 1675 3908 promittens.
1700 3841 1864 3898 Multo
1898 3855 2076 3900 autem
2093 3863 2215 3903 cum

666 3917 858 3974 ordine
904 3929 960 3974 et
1007 3932 1366 3979 consentauee
1399 3929 1403 3933 ’
1437 3926 1520 3981 bis
1573 3916 1941 3988 communicat
1993 3949 2214 4002 regnum

668 4021 824 4061 suum
859 4018 977 4077 post
1012 4013 1270 4081 pauperes
1317 4013 1529 4084 spiritu.
1558 4016 1780 4087 Oportet
1806 4021 1950 4076 enim
1985 4025 2214 4094 primum

666 4096 852 4152 vivere
881 4097 993 4154 Deo
1023 4109 1203 4168 gratos
1231 4108 1343 4157 toto
1367 4104 1488 4158 vita
1529 4114 1788 4177 tempore,
1821 4125 2108 4181 pauperem
2149 4131 2214 4170 ac

669 4194 1100 4265 philosophicum
1135 4211 1337 4253 morem
1375 4207 1615 4258 tenentes
1647 4221 1661 4258 :
1687 4205 1880 4262 deinde
1904 4209 1983 4264 sic
2003 4211 2068 4266 ad
2091 4227 2214 4281 gra-

671 4294 785 4338 tum
812 4284 922 4340 Deo
949 4286 1110 4342 linem
1138 4291 1461 4362 pertingere.
1489 4289 1672 4363 Itaque
1711 4295 1915 4365 priores
1956 4298 2026 4354 illi
2071 4316 2217 4357 sum-

2323 3233 2538 3301 ἐαυτοῦ,
2559 3234 2631 3287 τά
2667 3252 2725 3288 τε
2774 3236 2832 3288 ἐν
2873 3237 3082 3309 οὐρανῷ
3113 3239 3205 3292 καί
3229 3237 3298 3292 τὰ
3329 3237 3424 3291 ἐπὶ
3456 3239 3556 3309 τῆς
3574 3239 3696 3309 γῆς.
3743 3237 3882 3291 Ἀλλ’

2320 3314 2464 3376 οὗτοι
2489 3324 2586 3394 μὲν
2617 3325 2709 3377 ἐπὶ
2741 3324 3013 3397 διαφόροις
3048 3328 3432 3400 κατορθώμασι
3464 3329 3886 3402 διαφόρωντεύ-

2324 3406 2497 3470 ξονται
2520 3408 2690 3480 τιμῶν
2720 3412 2778 3464 ἐν
2795 3415 2860 3483 τῇ
2891 3416 3302 3488 κατηγγελμένῃ
3334 3417 3443 3471 τῶν
3465 3419 3707 3488 οὐρανῶν
3736 3419 3887 3489 βασι-

2321 3498 2459 3571 λείᾳ.
2494 3502 2562 3554 Οῖ
2586 3518 2650 3569 γε
2680 3502 2783 3574 μὴν
2811 3504 2958 3574 αὐτῷ
2990 3506 3505 3577 συμῦασιλεύσοντες
3531 3508 3609 3586 τῷ
3643 3511 3758 3582 Υίῷ
3785 3510 3883 3566 τοῦ

2320 3588 2453 3642 Θεοῦ
2487 3591 2692 3662 πρῶτοι
2743 3592 2840 3663 μὲν
2887 3589 3028 3664 ἦσαν
3079 3597 3128 3648 oi
3174 3596 3499 3666 δηλωθέντες
3542 3601 3747 3670 πτωχοὶ
3800 3600 3880 3671 τῷ

2319 3681 2619 3751 πνεύματι·
2662 3682 2900 3754 δεύτεροι
2936 3684 2992 3738 δὲ
3025 3685 3140 3756 μετ’
3165 3685 3405 3752 ἐκείνους
3437 3688 3488 3740 oi
3515 3692 3746 3756 γενναῖοι
3783 3688 3880 3746 τοῦ

2317 3771 2450 3825 Θεοῦ
2483 3773 2774 3845 μάρτυρες,
2805 3775 2932 3845 περὶ
2962 3768 3036 3829 ὧν
3076 3775 3203 3848 ἑξῆς
3229 3776 3471 3832 ἐδίδασκε
3508 3777 3712 3847 λέγων·
3739 3782 3882 3833 Ma-

2321 3863 2508 3932 κάριοι
2543 3868 2598 3919 ol
2630 3865 3005 3936 δεδιοηψένοι
3055 3867 3261 3922 ἕνεκεν
3309 3868 3695 3936 δικαιοσύνης
3715 3887 3730 3901 ·
3788 3870 3880 3925 διὰ

2317 3951 2520 4005 τούτων
2574 3953 2683 4024 γάρ
2725 3954 2852 4018 τοὺς
2884 3955 3172 4026 μέλλοντας
3233 3958 3729 4028 ύπεραγωνίζεσθαι
3774 3959 3880 4030 τῆς

2318 4039 2589 4110 βασιλείας
2614 4043 2689 4107 ὡς
2717 4044 2952 4114 εὐγενεῖς
2979 4047 3113 4102 Θεοῦ
3152 4047 3484 4121 στρατιώτας
3509 4049 3840 4121 ἐμακάριζεν
3857 4067 3875 4084 ·

2315 4132 2625 4201 ἀναγκαίως
2661 4135 2754 4187 καὶ
2790 4137 2973 4200 αὐτοῖς
3001 4137 3077 4202 ὡς
3107 4138 3354 4208 ἀδελφοῖς
3374 4138 3480 4192 τῶν
3511 4155 3876 4209 προμεμακα-

2318 4216 2584 4295 ρισμένων
2609 4224 2838 4296 mxth
2861 4226 3088 4300 βραδεῖα
3113 4229 3220 4282 τῶν
3245 4229 3490 4284 ἐπάθλων
3519 4230 3618 4300 τὴν
3643 4229 3752 4282 τῶν
3781 4232 3877 4284 οὐ·

2317 4308 2492 4378 ρανῶν
2525 4310 2794 4381 βασιλείαν
2819 4314 3255 4386 ὑπισχνούμενος.
3290 4316 3451 4381 Τάξει
3501 4317 3557 4370 δὲ
3588 4317 3751 4390 πολλῇ
3779 4319 3878 4372 καὶ

663 4388 807 4430 mam
846 4376 969 4432 vita
1008 4389 1373 4449 paupertatem
1406 4395 1698 4448 sectantes,
1741 4394 1852 4442 toto
1895 4391 2071 4447 aetatis
2109 4408 2218 4448 sua

2321 4376 2605 4474 ἀκολουθίᾳ
2621 4403 2829 4468 τούτοις
2862 4376 3131 4476 μετεδίδου
3275 4376 3438 4463 αὐτοῦ
3473 4376 3750 4479 βασιλείας
3769 4429 3870 4481 με-

665 4475 909 4538 tempore
932 4483 1030 4539 pro
1062 4472 1274 4528 virtutis
1321 4477 1556 4543 prmmiis
1586 4476 1952 4535 decertarunt.
1980 4479 2212 4538 Secundi

664 4572 814 4622 vero,
861 4568 1079 4628 propter
1130 4562 1488 4619 testimonium
1549 4567 1614 4621 de
1667 4568 1904 4638 Christo,
1954 4574 2210 4643 exagitati

664 4645 902 4712 fuerunt,
927 4652 1240 4720 oppugnati,
1279 4655 1404 4708 odio
1448 4655 1637 4720 habiti,
1670 4657 1820 4714 falsis
1857 4664 2212 4718 accusationi-

664 4739 763 4794 bus
786 4738 1114 4795 calumniose
1141 4744 1386 4812 appetiti,
1428 4745 1626 4800 nullam
1667 4748 1828 4802 aliam
1870 4750 1940 4804 ob
1989 4766 2207 4808 causam

662 4843 822 4894 quam
853 4828 922 4884 ob
953 4828 1148 4885 Christi
1183 4831 1597 4891 confessionem.
1643 4837 1745 4893 Sed
1792 4842 1934 4894 enim
1967 4844 2207 4898 esurien-

662 4929 745 4973 tes
764 4921 975 4989 quidem
1011 4931 1063 4977 et
1084 4922 1292 4991 ﬂentes,
1324 4935 1381 4982 et
1416 4925 1616 4983 Christi
1661 4945 1823 4985 causa
1866 4937 2208 4992 contumeliis

660 5007 886 5064 affectos
921 5013 1058 5082 apud
1093 5012 1286 5070 Lucam
1329 5032 1541 5089 quoque
1569 5018 1864 5076 videbimus
1887 5023 2021 5096 (48);
2051 5027 2207 5084 mites

1001 5257 1213 5314 quoque
1232 5247 1377 5326 apud
1417 5246 1746 5317 latthaaum,
1774 5253 1864 5319 qui
1898 5263 2020 5310 octo
2053 5256 2206 5326 ponit

660 5305 1188 5385 beatitudines,_cu'm
1232 5305 1402 5370 Lucas
1445 5327 1678 5385 quatuor
1728 5305 2206 5383 tantarum-calta;

659 5373 718 5429 lu
741 5375 998 5451 ,λι-οιιῇεο
1020 5373 1214 5451 itaque
1235 5386 1437 5438 versari
1465 5373 1685 5440 'videtur
1713 5373 1991 5448 Eusebi—us.

660 5446 842 5568 “(5:1)
867 5446 1242 5555 Animadverte
1283 5456 1657 5523 paenitentiam
1704 5474 1807 5514 non
1828 5446 2201 5521 sine—confes-

2315 4487 2387 4542 τά
2413 4491 2538 4555 τοὺς
2570 4494 2814 4564 πτωχοὺς
2834 4495 2912 4566 τῷ
2938 4497 3202 4568 πνεύματι
3218 4515 3231 4529 ο
3278 4499 3463 4570 βιῶναι
3499 4501 3607 4572 γὰρ
3633 4501 3714 4554 δεῖ
3742 4501 3878 4573 πρό-

2313 4595 2468 4649 τερον
2491 4579 2746 4662 θεοφιλῶς
2769 4584 2861 4638 τὸν
2890 4587 3065 4640 πάντα
3095 4589 3282 4661 χρόνον
3312 4593 3411 4659 τῆς
3436 4590 3579 4661 ζωῆς
3614 4594 3671 4646 ἐν
3702 4594 3874 4664 ἀκτή’

2316 4686 2435 4740 μονι
2465 4657 2556 4726 καί
2582 4674 2852 4747 φιλοσόφῳ
2885 4679 3071 4750 τρόπῳ
3098 4657 3544 4747 διατελέσανταςί
3571 4677 3670 4736 εἷθ’
3699 4657 3874 4750 οὕτως

2313 4759 2405 4811 ἐπὶ
2440 4761 2500 4813 τὸ
2535 4761 2774 4832 θεοφιλὲς
2806 4765 2957 4830 τέλος
2980 4768 3170 4824 ἐλθεῖν.
3199 4771 3263 4823 Oi
3292 4771 3389 4841 μὲν
3414 4767 3506 4826 οὖν
3536 4772 3742 4844 πρῶτοι
3771 4774 3872 4846 τὴν

2312 4847 2485 4922 ἄκραν
2524 4851 2803 4925 ἀκτήμονα
2838 4849 3180 4930 μετήρχοντο
3214 4859 3435 4932 ἀγωγὴν
3471 4862 3565 4916 τοῦ
3613 4862 3752 4933 βίου,
3779 4865 3870 4920 διά

2312 4940 2489 5014 πάσης
2522 4936 2703 4998 αὐτῶν
2755 4946 2858 5024 τῆς
2891 4947 3033 5020 ζωῆς
3077 4953 3188 5014 τοῖς
3215 4951 3316 5022 τῆς
3342 4953 3541 5024 ἀρετῆς
3569 4953 3751 5020 ἄθλοις
3781 4958 3870 5011 ἐν-

2309 5033 2690 5106 αγωνιζόμενοι
2709 5053 2724 5067 ·
2753 5022 2802 5090 οῖ
2820 5038 2878 5092 δὲ
2902 5039 3139 5114 δεύτεροι
3160 5041 3259 5112 τῆς
3278 5045 3358 5107 είς
3379 5022 3540 5097 αὐτδν
3560 5048 3868 5118 μαρτυρίας

2313 5271 2463 5338 getae
2483 5263 2696 5338 Eusebii
2728 5268 2828 5324 bas
2855 5271 3231 5329 meditationes
3253 5277 3437 5333 traxit.
3485 5275 3598 5333 Nisi
3632 5277 3869 5338 fortasse

2305 5331 2572 5419 LEusebius
2615 5339 2915 5407 generatim
2951 5343 3017 5395 ad
3060 5331 3866 5419 tetraevangelium,quasiper

2305 5401 2667 5486 harmoniam,
2711 5414 3297 5486 comm_entatus__fuit.i
3330 5401 3437 5486 Kut
3473 5401 3574 5486 nisi
3598 5401 3867 5486 idemque

2302 5484 2588 5547 sumuntur
2623 5475 2739 5532 haec
2767 5486 2821 5532 et
2848 5478 2949 5533 alia
2983 5494 3049 5536 ex
3098 5481 3442 5547 Theophanis
3477 5483 3713 5541 fortasse
3754 5475 3867 5547 ὀιο-

2296 5541 2481 5620 niore;
2527 5543 2777 5620 in__cujus
2815 5558 2963 5620 certe
3002 5563 3195 5620 quarto
3247 5541 3386 5607 libro
3436 5555 3596 5610 modo
3644 5569 3712 5610 ex
3753 5541 3863 5614 hoc

731 5583 1565 5692 ςέξρηῐΞάἑεηιξρὶὶιιξηεξυξειιὲυω
1671 5595 2194 5692 gatthteum‘pmius
2285 5583 2448 5671 ﬁlis;
2461 5583 3748 5692 éx"£ti3"2'i§n?éti§u“iiéIVexté'HIu'ﬂuéébﬁu.

659 5660 1004 5713 commentari
1033 5671 1191 5729 quam
1224 5662 1277 5718 in
1307 5660 1526 5735 Lucam,
1577 5664 1641 5721 ad
1670 5681 1824 5738 quem
1872 5660 2047 5727 tamen
2095 5670 2189 5730 Ni-
