4128 6294
238 348 346 404 537
1381 336 1879 399 COMMENTAth
1919 336 1988 391 lN
2027 330 2289 393 LUCAM.
3384 324 3492 381 538

234 463 424 518 ἐνεπεν
444 462 734 534 ἠλαύνοντο
760 461 1151 534 πολεμούμενοι
1184 464 1276 518 καὶ
1298 462 1633 535 μισούμενοι,
1655 476 1800 514 συκο-

1917 467 2119 523 autem,
2152 466 2211 513 et
2247 453 2646 520 nttser‘lcurdes;
2678 460 2734 506 et
2756 448 2921 506 corde
2944 462 3130 519 puros,
3162 455 3216 503 et
3236 444 3492 517 pacificos

233 554 596 624 φαντούμενοί
632 571 691 607 τε
724 553 941 623 ψευδέσι
981 554 1251 618 διαϐολαῖς
1275 555 1343 608 δι’
1368 554 1519 608 οὐδὲν
1548 553 1737 625 νέτερον
1767 550 1800 620 ἢ

1910 547 2194 601 Mattheus
2219 546 2374 599 nobis
2392 544 2465 597 ad
2481 540 2933 597 considerandum
2965 538 3292 608 suppeditat.

232 647 326 703 διὰ
356 649 454 721 τήν
480 652 558 712 εἰς
582 649 811 721 Χριστὸν
842 649 1150 720 ὁμολογίαν.
1198 650 1356 705 Ἀλλά
1400 650 1509 721 γάρ
1528 650 1655 712 τοὺς
1686 647 1784 718 μέν
1834 643 2137 706 πεινῶντας
2193 640 2286 695 καὶ
2339 638 2626 701 κλαίοντας
2662 634 2762 689 καὶ
2787 634 2878 689 διὰ
2908 632 3141 706 Χριστὸν
3165 630 3491 703 ὀνειδιζομέ-

234 760 366 809 νους
408 744 500 798 καὶ
531 744 681 813 παρὰ
709 744 786 813 τῷ
814 745 998 816 Δουκᾷ
1035 744 1310 816 ὀψόμεθα·
1356 746 1483 809 τοὺς
1513 744 1569 798 δὲ
1613 744 1807 814 πραεῖς
1853 740 1949 793 καὶ
1992 739 2121 801 τοὺς
2180 736 2481 808 ἐλεήμονας
2504 732 2750 795 καὶτοὺς
2771 728 3045 801 καθαροὺς
3075 730 3143 800 τῇ
3165 727 3363 801 καρδίᾳ
3394 728 3492 783 καὶ
3522 754 3525 757 ν

232 836 368 898 τοὺς
398 836 764 905 εἰρηνοποιοὺς
792 838 822 888 ό
854 836 1129 900 Ματθαῐος
1165 839 1297 917 ήμῐν
1328 841 1409 903 εἰς
1431 837 1676 901 ἐξέτασιν
1706 830 2086 904 παρατίθεται.

309 928 421 981 Καὶ
470 926 623 979 ταῦτ’
661 926 845 998 ἔλεγεν
880 927 1117 994 ὁπλίζων
1154 932 1249 984 καὶ
1272 931 1653 1004 περιφράττων
1684 930 1810 991 τοὺς

238 1017 493 1089 μαθητὰς
536 1020 616 1082 είς
660 1018 751 1073 τὸν
798 1019 938 1074 κατὰ
989 1020 1100 1074 τῶν
1156 1023 1411 1077 ἐναντίων
1449 1023 1703 1094 πόλεμον,
1751 1021 1811 1075 δν

234 1106 463 1172 ιμελλον
485 1108 921 1162 ἐπαναντλείσθαι
935 1109 1294 1181 κηρύττοντες
1313 1114 1475 1167 παντὶ
1498 1111 1576 1183 τῷ
1597 1112 1808 1182 κόσμῳ.

233 1198 334 1251 καὶ
368 1199 762 1269 μαρτυρόμενοι
786 1202 882 1273 τὴν
907 1200 1025 1264 ἐνὸς
1055 1201 1151 1255 τοῦ
1175 1203 1269 1259 ἐπὶ
1294 1203 1513 1257 πάντων
1539 1201 1675 1256 Θεοῦ
1716 1201 1813 1272 βαψ

237 1287 465 1343 σιλείαν.
497 1290 801 1354 Μέλλοντας
835 1291 944 1363 γὰρ
975 1294 1171 1357 αὐτοὺς
1210 1286 1299 1347 διὰ
1326 1294 1387 1347 τὸ
1411 1294 1530 1347 νέον
1551 1294 1810 1365 κήρυγμα

234 1378 378 1447 πρὸς
400 1381 650 1434 ἁπάντων
680 1380 997 1436 ἐλαύνεσθαι
1019 1384 1113 1436 καὶ
1139 1383 1509 1455 πολεμεῖσθαι,
1536 1400 1812 1455 προησφα-

230 1465 417 1532 λίζιτο
451 1471 543 1523 καὶ
576 1470 916 1541 προέφραττε
944 1474 1305 1546 μακαρισμῶν
1328 1492 1384 1528 τε
1414 1474 1568 1545 ἠξίου
1589 1492 1601 1506 ’
1631 1476 1713 1530 δτι
1744 1476 1807 1548 δὴ

230 1557 476 1631 ἄληπτον
521 1560 633 1631 βίον
676 1561 1121 1635 προϐαλλόμενοι,
1164 1565 1241 1630 ὡς
1287 1566 1421 1637 μηδέ
1456 1570 1569 1630 τοῖς
1597 1565 1808 1639 ἐχθροῖς

231 1651 534 1722 προφάσεις
560 1653 677 1705 κατ’
705 1652 882 1707 αὐτῶν
914 1653 1253 1734 θηρωμένοις
1283 1656 1537 1727 ἀφορμὰς
1558 1656 1808 1728 διασολῆς

232 1741 523 1812 παρέχειν·
551 1741 701 1812 ὅμως
742 1742 830 1797 διὰ
863 1743 1030 1816 μόνην
1066 1745 1167 1817 τήν
1199 1748 1280 1809 εἰς
1306 1746 1464 1801 αὐτὸν
1491 1747 1804 1817 όμολογίαν,

232 1830 460 1884 καὶτῶν
480 1832 646 1886 αὑτοῦ
675 1834 1149 1906 παραγγελμάτων
1168 1835 1375 1903 ἕνεκεν,
1400 1837 1686 1892 διώκεσθαι
1714 1840 1808 1893 καὶ

232 1925 585 1996 πολεμεῖσθαι
617 1927 879 1997 μέλλοιεν,
898 1929 1339 2001 δυσφημούμενοι
1360 1934 1452 1986 καὶ
1479 1933 1659 1997 πάσας
1683 1934 1810 1986 ὑπο-

235 2015 491 2087 μένοντες
519 2017 783 2090 λοιδορίας
814 2020 906 2072 καί
938 2018 1121 2089 ὕϐρεις
1154 2022 1247 2075 καὶ
1271 2023 1624 2094 ὀνειδισμοὺς,
1658 2024 1716 2076 οὐ
1740 2024 1806 2077 δι’

227 2101 440 2165 οἰκείας
480 2102 872 2175 πλημμελείας,
912 2106 1000 2159 διὰ
1027 2107 1081 2160 δὲ
1109 2108 1199 2163 τὸν
1227 2110 1477 2181 ἐνάρετον
1518 2112 1613 2165 καὶ
1639 2113 1805 2183 ἀκρον

1981 924 2098 978 Jam
2131 939 2263 978 vero
2294 923 2410 978 haec
2432 921 2612 976 aiebat
2645 933 2865 973 armans
2903 926 3065 987 atque
3109 916 3490 971 communiens

1910 1017 1976 1071 ad
2010 1017 2206 1071 bellqu
2238 1030 2359 1070 cum
2394 1013 2642 1068 hostilms
2673 1008 2988 1079 discipulos,
3026 1008 3168 1079 quod
3203 1018 3362 1062 erant
3404 1018 3490 1062 to-

1908 1108 2131 1163 leraturi
2169 1108 2293 1161 dum
2335 1106 2434 1160 toti
2463 1105 2660 1158 mundo
2691 1116 2855 1156 unum
2896 1100 3225 1155 universalis
3262 1098 3355 1153 Dei
3401 1112 3490 1154 re-

1909 1214 2071 1270 gnum
2104 1200 2483 1269 prmdicarent.
2514 1194 2717 1264 Nempe
2740 1208 2852 1256 eos,
2894 1194 2986 1262 qui
3023 1192 3093 1247 ob
3121 1207 3314 1246 novam
3345 1207 3487 1261 prie-

1910 1292 2232 1347 dicationem
2284 1291 2351 1345 ab
2396 1288 2651 1345 omnibus
2682 1284 2994 1355 exagitandi
3046 1293 3206 1338 erant
3239 1295 3294 1337 et
3323 1299 3491 1353 oppu-

1908 1383 2129 1454 gnandi,
2178 1392 2303 1435 ante
2346 1379 2620 1434 muniebat
2647 1386 2809 1447 atque
2848 1374 3124 1439 armabat,
3160 1384 3216 1430 et
3250 1374 3487 1430 beatitu—

1908 1475 2034 1529 dine
2066 1472 2256 1542 dignos
2290 1470 2603 1525 definiebat.
2654 1469 2791 1537 Quia
2827 1468 3088 1523 nimirum
3133 1468 3487 1537 irrcprebeu-

1907 1550 2115 1621 sibilem
2148 1564 2282 1619 adeo
2327 1563 2492 1619 vitam
2528 1576 2638 1630 prie
2670 1576 2728 1617 se
2761 1560 3025 1625 ferentes,
3054 1569 3115 1614 ut
3157 1574 3223 1614 ne
3250 1558 3490 1614 inimicis

1907 1658 2120 1728 quidem
2164 1671 2352 1711 ansam
2400 1654 2807 1724 quaerentibus,
2861 1653 3149 1708 calumnia:
3201 1650 3485 1705 materiam

1907 1752 2239 1821 praeberent;
2268 1747 2643 1813 nihilominus,
2672 1755 2897 1817 propter
2928 1745 3099 1801 solam
3121 1744 3326 1800 Christi
3354 1757 3487 1799 con-

1909 1843 2191 1898 fessionem
2221 1841 2447 1912 eiusque
2481 1840 2863 1894 mandatorum
2905 1853 3091 1903 causa,
3149 1836 3486 1907 persecutio-

1907 1950 2034 1989 num
2058 1933 2252 1989 bellum
2282 1933 2591 2002 perpessurl
2617 1940 2796 1997 erant,
2827 1929 3127 1993 maledicti,
3151 1939 3313 1997 atque
3335 1926 3505 1997 omni

1907 2040 2105 2095 genere
2155 2024 2546 2087 conviciorum,
2602 2022 2949 2093 iniuriarum,
3003 2020 3488 2076 contumeliarum-

1907 2133 2010 2186 que
2032 2117 2229 2183 obruti,
2263 2116 2405 2170 haud
2427 2118 2497 2169 ob
2523 2127 2678 2169 suum
2711 2114 2917 2169 crimen
2948 2112 3185 2182 aliquod.
3229 2111 3322 2166 sed
3359 2124 3486 2179 pro-

230 2192 291 2245 ἐν
318 2192 633 2267 δικαιοσύνῃ
676 2195 790 2266 βίον
826 2196 1004 2251 αὐτῶν
1027 2214 1041 2228 ·
1083 2198 1112 2251 δ
1150 2199 1214 2271 δὴ
1248 2201 1340 2254 καὶ
1374 2202 1505 2255 αὐτὸ
1535 2203 1674 2257 κατά
1714 2203 1800 2275 τὴν

1913 2218 2027 2278 pter
2059 2224 2208 2262 suam
2246 2218 2449 2263 exactze
2472 2207 2695 2261 virtutis
2741 2220 2805 2259 ac
2832 2204 3056 2275 justitize
3086 2204 3280 2258 vitam.
3328 2202 3483 2270 Quod

230 2280 387 2336 θείαν
426 2285 764 2355 προμήθειαν
798 2287 1088 2359 εἰρημένον
1130 2290 1315 2354 τέλους
1352 2292 1642 2363 ἐτύγχανεν
1674 2294 1805 2365 ἀλη-

230 2372 362 2438 θοῦς
392 2377 451 2429 ἐν
480 2375 558 2446 τῷ
591 2377 727 2447 μετὰ
754 2378 925 2433 ταῦτα
947 2380 1143 2451 χρόνῳ.
1181 2382 1328 2453 Πλὴν
1348 2384 1482 2438 ἀλλὰ
1512 2384 1803 2458 θεραπεύει

226 2466 554 2538 τὸλυπηρδν
591 2469 686 2522 τοῦ
721 2470 900 2539 λόγου,
936 2473 1209 2544 ἰσοτίμους
1252 2475 1450 2540 αὐτοὺς
1492 2478 1803 2546 ἀποφαίνων

227 2561 344 2621 τοῖς
379 2558 543 2613 πάλαι
582 2560 677 2614 τοῦ
708 2562 841 2617 Θεοῦ
871 2566 1199 2635 προφήταις.
1232 2566 1324 2620 Διὸ
1348 2568 1439 2622 καὶ
1473 2570 1683 2641 χαίρειν
1711 2572 1805 2624 καὶ

228 2648 493 2721 ἁγαλλιᾷν
507 2653 565 2715 ἐν
580 2654 713 2707 πᾶσι
732 2658 844 2718 τοῖς
859 2656 1069 2711 ἐπιοῦσι
1099 2658 1348 2729 παρῄνει,
1370 2660 1446 2724 ὡς
1470 2661 1535 2713 ἂν
1559 2662 1625 2713 τὰ
1642 2663 1802 2732 ὅμοια

228 2743 345 2805 τοῖς
383 2744 688 2819 προφήταις
725 2748 1097 2819 πεισομένους,
1124 2752 1219 2804 καὶ
1251 2750 1449 2824 δηλαδή
1473 2754 1674 2825 ὁμοίως
1706 2756 1802 2809 αύ-

226 2832 341 2893 τοῖς
365 2830 463 2902 τῆς
494 2832 643 2903 παρὰ
660 2834 737 2905 τῷ
765 2835 882 2905 Θεῷ
904 2838 1067 2908 τιμῆς
1089 2838 1577 2912 ἀξιωθησομένους.
1614 2844 1803 2897 Ἔνθεν

228 2922 457 2986 εἰκότως
492 2924 702 2989 Παῦλος
743 2926 954 2992 τούτοις
1002 2928 1313 3001 ἐπιθαρῤὦν
1364 2932 1546 2999 ἔλεγεν
1569 2952 1581 2964 ·
1616 2934 1801 3002 Εἴπερ

228 3015 689 3085 συμπάσχομεν,
720 3018 819 3071 ἵνα
842 3019 940 3072 καί
966 3021 1503 3094 συνδοξασθῶμεν·
1533 3026 1649 3091 καὶ,
1680 3030 1801 3081 Οὐκ

227 3103 371 3185 ἀξια
386 3105 457 3158 τὰ
475 3107 793 3176 παθήματα
820 3108 926 3162 τοῦ
956 3109 1071 3163 νῦν
1098 3113 1306 3181 καιροῦ
1335 3115 1483 3183 πρὸς
1514 3117 1627 3183 τὴν
1644 3117 1801 3185 μέλ-

226 3179 465 3247 λουσαν
498 3192 686 3259 δόξαν
710 3196 1161 3265 ἐκκαλυφθῆναι
1180 3179 1267 3267 εἰς
1491 3179 1600 3258 Kal
1628 3179 1688 3260 οὐ
1714 3209 1800 3261 λό-

227 3298 346 3351 γοις
378 3284 476 3353 μὲν
514 3284 685 3338 ταῦτα
719 3284 924 3354 ἔλεγεν,
958 3286 1138 3357 ἔργοις
1174 3290 1230 3343 δὲ
1264 3293 1556 3365 ἀφυστέρει
1580 3296 1685 3349 τῶν
1716 3297 1801 3350 λε-

225 3370 524 3443 λεγμένων,
553 3374 686 3429 ἀλλὰ
723 3377 815 3429 καὶ
851 3378 1040 3442 αὐταῖς
1069 3382 1299 3452 πράξεσι
1328 3384 1454 3447 τοὺς
1474 3386 1613 3457 ὑπὲρ
1643 3389 1798 3441 eoas-

225 3462 378 3527 θείας
410 3465 601 3529 ἄθλους
646 3468 998 3534 ἐνεδείκνυτο,
1044 3471 1136 3535 οὓς
1165 3474 1258 3528 καὶ
1291 3477 1677 3549 κατηριθμεῖτο
1714 3481 1799 3533 λέα

225 3571 339 3623 γων
359 3573 373 3585 ’
404 3555 502 3609 Διὸ
524 3555 750 3611 εὐδοκῶ
775 3560 845 3612 ἐν
868 3561 1227 3629 ἀσθενείαις,
1264 3564 1336 3617 ἐν
1362 3546 1587 3635 ὕϐρεσι,
1614 3572 1707 3623 καὶ
1732 3572 1799 3625 τὰ
1826 3546 1867 3602 C

225 3646 371 3717 ἐξῆς.
406 3647 515 3700 Καὶ
545 3648 718 3704 ταῦτα
746 3651 844 3723 μὲν
867 3652 946 3707 ἔτι
977 3654 1043 3707 τὰ
1073 3654 1181 3709 τῶν
1206 3655 1382 3710 ἄθλων
1413 3661 1705 3731 προοίμιαι
1740 3665 1800 3716 τὸ

222 3736 282 3826 δὲ
326 3738 693 3810 συμπέρασμα
732 3743 828 3797 τοῦ
872 3746 1071 3808 παντὸς
1123 3746 1333 3816 ἀγῶνος
1380 3750 1526 3821 αὐτῷ
1566 3753 1657 3805 ἐπὶ
1701 3758 1802 3826 τῆς

234 3825 521 3897 Ῥωμαίων
544 3830 839 3885 ἐτελειοῦτο
869 3835 1095 3899 πόλεως,
1117 3837 1248 3892 ἔνθα
1282 3842 1564 3913 μαρτυρίῳ
1587 3843 1684 3913 τὴν
1710 3825 1801 3897 κε-

221 3919 399 3990 φαλὴν
430 3920 719 3993 ἀπετμήθη
749 3923 881 3994 (49).
912 3927 968 3979 '0
996 3928 1198 4000 Πέτρος
1221 3932 1278 3985 δὲ
1303 3934 1591 4005 ἁρπαγμὸν
1607 3937 1695 3990 τὸν
1713 3939 1799 3993 διὰ

224 4012 461 4084 σταυροῦ
496 4012 722 4068 θάνατον
742 4018 974 4073 ἐποιεῖτο
998 4020 1085 4075 διὰ
1110 4022 1210 4087 τὰς
1233 4028 1529 4098 σωτηρίους
1548 4030 1765 4093 ἐλπίδας
1781 4050 1793 4064 ·

233 4103 489 4166 ἰἀκωῶς
521 4121 580 4157 τε
605 4106 805 4175 ὁμοίως
837 4107 980 4179 ξίφει
1003 4112 1102 4185 τὴν
1134 4115 1373 4186 κεφαλήν
1409 4118 1467 4169 ἐν
1504 4120 1795 4191 Ἰεροσολύ-

225 4210 347 4265 μοις
374 4195 767 4267 ἀποτέμνεται·
802 4201 896 4252 καὶ
926 4202 1175 4273 Ἰωάννης
1197 4206 1358 4276 νῆσον
1381 4210 1549 4263 οἰκεῖν
1577 4212 1796 4283 Πάτμον

220 4287 596 4357 κατεκρίνετο·
646 4290 737 4343 καὶ
771 4290 927 4355 ἀλλος
958 4293 1130 4359 ἄλλως
1155 4296 1218 4349 τό
1245 4297 1482 4371 καθαρὸν
1506 4304 1598 4356 καὶ
1622 4304 1795 4359 ἄπλα-

221 4395 349 4433 στον
377 4382 475 4451 τῆς
495 4380 601 4434 τῶν
625 4382 789 4437 αὐτοῦ
817 4383 987 4453 λόγων
1015 4388 1263 4461 ὑπακοῆς
1284 4393 1663 4465 ὲνδειξάμενοι,
1683 4398 1797 4452 διά-

220 4486 388 4541 φορον
405 4470 701 4542 ὑπέμειναν
727 4473 820 4527 τοῦ
846 4474 961 4543 βίου
989 4477 1262 4550 τελευτήν.
1289 4483 1397 4535 Καὶ
1422 4485 1575 4538 ταῦτ’
1602 4488 1661 4539 οὐ
1693 4506 1797 4543 πα-

223 4564 296 4635 ρὰ
315 4562 539 4634 γνώμην
565 4563 820 4636 ἔπασχον,
847 4569 1025 4639 πάσης
1054 4570 1110 4622 δὲ
1146 4571 1336 4644 ἡδονῆς
1367 4574 1499 4646 ήδίω
1522 4578 1793 4650 τιθέμενοι

220 4652 319 4723 τὴν
337 4653 448 4708 τῶν
472 4656 753 4728 σωτηρίων
773 4660 1112 4729 ἐπαγγελιῶν
1145 4663 1332 4718 ἐλπίδα
1351 4683 1364 4699 ο
1393 4668 1515 4720 ἐπεὶ
1539 4669 1669 4737 γοῦν
1704 4689 1797 4725 πο-

219 4761 281 4797 τε
307 4743 659 4811 συλλαϐόντες
678 4749 871 4813 αὐτοὺς
897 4752 945 4803 οἰ
972 4752 1064 4805 τοῦ
1108 4753 1370 4809 Ἰουδαίων
1394 4757 1579 4823 ἔθνους
1601 4762 1792 4832 ἄρχον-

1904 2313 2036 2352 sane
2063 2300 2358 2353 secundum
2374 2298 2609 2356 divinam
2629 2297 3024 2367 praescientiam
3045 2297 3272 2359 dictum,
3292 2308 3482 2348 verum

1904 2390 2107 2445 exitum
2127 2400 2342 2444 nactum
2359 2400 2441 2444 est
2458 2397 2717 2459 sequente
2749 2399 3009 2457 tempore.
3032 2386 3136 2442 Sed
3158 2395 3336 2439 tamen
3367 2399 3483 2451 ser-

1908 2480 2082 2534 monis
2114 2480 2387 2533 tristitiam
2420 2488 2704 2548 temperat,
2736 2478 2862 2532 dum
2893 2490 3054 2545 pares
3086 2474 3206 2529 illos
3239 2473 3484 2544 antiquis

1909 2569 1997 2624 Dei
2026 2569 2305 2638 praphetis
2338 2568 2591 2623 afﬁrmat.
2633 2569 2757 2623 Ideo
2782 2580 2839 2622 et
2870 2566 3105 2636 gaudere
3132 2574 3182 2620 et
3206 2563 3484 2620 exsultare

1908 2660 1959 2713 in
1990 2660 2142 2715 omni
2169 2675 2225 2715 re
2255 2658 2437 2712 futura
2466 2659 2734 2721 hortatur,
2776 2674 2875 2713 ceu
2906 2658 2996 2727 qui
3020 2658 3169 2725 paria
3202 2656 3485 2726 prophetis

1904 2750 2336 2817 sintesperturi,
2372 2750 2429 2804 id
2468 2759 2552 2803 est
2586 2765 2739 2819 aeque
2764 2765 2827 2804 ac
2863 2748 2937 2803 illi
2972 2763 3003 2802 a
3038 2750 3145 2803 Deo
3174 2748 3484 2833 honoribus

1904 2843 2157 2909 augendi.
2216 2841 2372 2898 Unde
2426 2844 2620 2897 merito
2667 2842 2866 2897 Paulus
2924 2842 3007 2897 his
3077 2841 3241 2896 dictis
3309 2840 3483 2896 fretus

1905 2934 2110 2986 aiebat:
2139 2930 2421 3003 Siquidem
2442 2936 2811 3002 compatimur,
2845 2943 2901 2986 ut
2926 2942 2974 2986 et
2998 2933 3479 3002 conglori/icemur.

1909 3022 1976 3077 Et
2002 3043 2015 3077 :
2053 3020 2177 3077 Non
2205 3034 2325 3078 sunt
2356 3025 2630 3095 condignae
2649 3028 2918 3093 passiones
2951 3025 3108 3094 hujus
3132 3026 3379 3089 temporis
3407 3023 3480 3077 ad

1903 3115 2137 3182 futuram
2166 3116 2389 3185 gloriam
2420 3133 2537 3186 qua
2582 3117 2896 3170 revelabitur
2924 3117 2980 3170 in
3010 3116 3157 3170 nobis
3181 3118 3250 3171 ⁸⁷.
3285 3116 3483 3186 Neque

1903 3218 2033 3258 vero
2067 3204 2178 3258 haec
2207 3206 2376 3259 verbo
2411 3206 2611 3268 aiebat,
2644 3220 2808 3275 opere
2833 3215 3014 3260 autem
3052 3221 3085 3260 a
3126 3207 3284 3261 dictis
3307 3208 3481 3262 dista-

1902 3296 2012 3361 bat,
2047 3295 2141 3349 sed
2172 3295 2307 3365 ipsis
2338 3299 2549 3351 actibus
2592 3298 2803 3353 labores
2840 3313 2941 3369 pro
2988 3298 3250 3369 religione
3277 3313 3479 3368 expro-

1903 3387 2103 3449 meliat,
2136 3399 2270 3453 quos
2296 3386 2457 3439 etiam
2503 3388 2859 3443 enumerabat
2910 3389 3096 3443 dicens
3126 3406 3138 3441 :
3166 3386 3296 3441 Ideo
3348 3389 3480 3441 mihi

1900 3473 2079 3539 placeo
2133 3476 2187 3529 in
2219 3476 2637 3543 infirmitatibus,
2685 3479 2738 3531 in
2789 3479 3119 3533 contumeliis
3147 3479 3240 3544 ⁸⁷⁸,
3264 3488 3318 3534 et
3353 3478 3480 3533 reli-

1901 3580 2025 3634 qua.
2056 3565 2120 3619 Et
2142 3566 2256 3621 hare
2284 3558 2500 3637 quidem
2527 3579 2681 3623 erant
2708 3568 2954 3625 laborum
2997 3571 3175 3625 initia.
3219 3571 3324 3625 Sed
3354 3574 3480 3625 uni-

1903 3656 2041 3709 versi
2116 3658 2303 3723 agonis
2352 3660 2752 3713 consummatio
2800 3660 2852 3712 in
2915 3659 3157 3713 Ronnana
3209 3660 3343 3714 urbe
3397 3660 3477 3717 illi

1899 3746 2143 3817 contigit,
2187 3747 2277 3801 ubi
2303 3748 2352 3801 ei
2395 3750 2619 3819 martyri
2650 3761 2815 3820 caput
2852 3761 2938 3805 est
2982 3762 3341 3819 amputatum.
3374 3753 3478 3808 Pe-

1900 3848 2014 3894 trus
2044 3849 2224 3893 autem
2275 3856 2498 3911 regnum
2553 3844 2730 3911 rapuit
2764 3858 2857 3911 per
2882 3846 3061 3898 crucis
3114 3859 3298 3899 necem
3351 3860 3475 3901 cum

1900 3946 1995 4000 spe
2016 3931 2264 3987 salutari.
2316 3933 2551 3988 Jacobus
2604 3936 2811 4004 pariter
2862 3936 3041 4003 gladio
3084 3934 3476 4010 Hierosolymis

1896 4027 2076 4093 capite
2110 4028 2347 4080 minutus
2370 4025 2501 4093 iuit;
2527 4037 2577 4082 et
2601 4028 2834 4083 Joannes
2864 4030 2931 4082 ad
2965 4029 3152 4085 insulae
3184 4030 3355 4085 Patmi
3390 4032 3472 4087 in-

1896 4116 2130 4171 colatnm
2162 4118 2451 4173 damnatus
2485 4138 2497 4172 :
2532 4121 2732 4189 aliique
2754 4121 2914 4175 aliter
2942 4122 3067 4175 dum
3093 4136 3283 4189 puram
3310 4131 3476 4192 atque

1896 4209 2163 4263 sinceram
2228 4212 2485 4265 doctrinae
2525 4210 2730 4266 Christi
2778 4215 3138 4268 obedientium
3189 4216 3471 4282 exhibent,

1896 4300 2067 4353 variis
2126 4302 2299 4355 modis
2342 4304 2639 4358 violentqu
2695 4306 2819 4359 vita:
2873 4307 3076 4359 exitum
3135 4307 3278 4361 nacti
3321 4320 3470 4362 sunt.

1896 4390 2071 4460 Atque
2106 4394 2218 4447 haec
2243 4395 2383 4448 haud
2416 4396 2567 4448 inviti
2603 4406 2729 4450 sunt
2762 4398 2927 4466 passi,
2972 4399 3064 4452 sed
3092 4398 3331 4467 qualibet
3373 4414 3473 4454 vo-

1895 4484 2095 4552 luptate
2123 4485 2418 4541 dulciorem
2452 4489 2842 4543 dominicarum
2862 4492 3282 4559 promissionum
3318 4506 3469 4560 spem

1898 4578 2219 4635 habuerunt.
2254 4576 2387 4632 Cum
2420 4596 2512 4634 eos
2543 4582 2704 4650 igitur
2731 4580 2968 4637 Jmlaica:
2992 4584 3168 4652 gentis
3201 4584 3472 4653 principes

1894 4670 2180 4725 verberum
2235 4675 2575 4741 castigationi
2638 4674 2983 4741 addixerunt,
3041 4686 3101 4730 ut
3154 4676 3377 4731 historia
3400 4677 3471 4730 de

1895 4763 1999 4817 illis
2024 4775 2229 4826 narrat,
2258 4765 2363 4818 lwti
2386 4768 2563 4836 utique
2598 4768 2663 4819 de
2686 4768 2907 4820 concilio
2941 4777 3295 4833 excesserunt,
3328 4768 3468 4836 quod

220 4848 312 4893 τες
367 4834 645 4902 μαστίγων
697 4838 902 4902 αίκίαις
955 4841 1244 4909 ὑπέϐαλον,
1288 4847 1417 4918 ὠςή
1447 4850 1576 4921 περὶ
1611 4854 1787 4907 αὐτῶν

1900 4856 2041 4925 digni
2073 4855 2239 4908 habiti
2265 4868 2430 4910 essent
2462 4834 2555 4925 pro
2604 4861 2810 4912 nomine
2855 4859 3050 4915 Christi
3098 4862 3468 4915 contumeliam

222 4923 434 5022 ἰστορία
482 4931 763 5022 μαρτυρεῖ,
797 4930 1004 5022 ὠςάρα
1035 4936 1344 5005 προῄεσαν
1373 4940 1442 4993 ἐκ
1482 4942 1589 4996 τοῦ
1626 4962 1789 5000 συν-

1900 4923 2002 5015 pati
2027 4948 2141 5000 ⁸⁷⁸³.
2170 4948 2333 5017 quue
2360 4923 2589 5016 egerunt
2623 4962 2895 5019 prmcepto
2922 4952 3039 5019 ejus
3077 4952 3465 5022 obsequentes,

218 5012 421 5083 εδρίου
470 5018 797 5085 χαίροντες,
854 5020 944 5074 ὅτι
985 5025 1439 5097 κατηξιώθησαν
1485 5032 1635 5102 ὑπὲρ
1681 5039 1786 5092 τοῦ

321 5111 370 5163 ⁸1
398 5110 555 5167 Rom.
586 5129 702 5177 vnt,
737 5116 823 5180 i7,
855 5118 939 5171 18.
1031 5122 1100 5153 ⁸⁷·
1130 5120 1170 5175 ll
1205 5124 1330 5178 Cor.
1372 5140 1468 5191 stt,
1513 5126 1605 5183 10.

288 5198 403 5281 (49}
433 5202 815 5281 Anpostolorum
841 5207 987 5281 Petri
1027 5227 1091 5266 ac
1121 5212 1271 5267 Pauli
1298 5218 1574 5281 mortibus
1621 5232 1676 5277 et
1705 5241 1786 5280 se-

220 5270 645 5357 pAuI-cgrjsigiomag
683 5279 1022 5357 exstantibus
1073 5280 1301 5357 insigne
1330 5270 1784 5357 mirantique-dat

218 5342 867 5430 satiino‘tiiutnnltjusebius
888 5347 940 5399 in
962 5342 1307 5419 Theophania:
1327 5356 1463 5430 libro
1482 5342 1560 5420 IV:
1582 5342 1762 5430 ’cipj'i

221 5404 304 5493 his
332 5408 506 5462 verbis
534 5429 548 5463 :
576 5409 985 5493 Promissionem
1014 5404 1160 5493 sua»:
1202 5404 1785 5493 ’ἕεέῖ

218 5486 386 5564 τιμον,
413 5492 600 5564 nempe.
644 5482 782 5564 ζιιιιιρ
817 5486 991 5564 ipsum
1013 5490 1313 5564 :S‘iomnem,
1356 5482 1783 5564 cognomine‘Ce-

216 5545 391 5632 pham,
441 5545 691 5632 oppidulo
724 5545 960 5632 Catilina!
985 5545 1779 5632 _§aph_arnasiniogoria-adniti.

439 5614 708 5707 hominum
737 5624 944 5705 animas
977 5614 1397 5707 illuminaturuni

219 5681 484 5779 ipsulm”:
513 5688 718 5779 pariter
746 5690 803 5769 in
830 5694 1065 5779 universo
1091 5681 1212 5751 orbe

220 5753 285 5805 ett
322 5750 622 5814 Occidentis
678 5760 935 5831 regiones.
974 5763 1108 5836 Ejus
1142 5750 1287 5826 certe
1300 5750 1775 5841 ’ὧὲοῖιόὶὲἀίῖὶὗιῖἓ

1897 5041 1986 5111 qui
2018 5040 2185 5093 lactari
2206 5040 2464 5095 docuerat
2487 5042 2532 5095 si
2558 5043 2773 5111 quando
2801 5052 3021 5113 propter
3058 5059 3181 5101 eum
3214 5056 3467 5116 pateren-

1700 5134 1922 5192 ""Act.
1960 5152 2014 5200 ν,
2037 5135 2126 5189 41.

1884 5230 1953 5282 ad
1984 5228 2289 5280 hodiernum
2335 5238 2532 5294 tempus
2582 5232 2725 5296 apud
2784 5231 3049 5287 Romanos
3076 5234 3331 5287 celebrior
3364 5248 3463 5297 est,

1883 5314 2039 5373 quam
2068 5297 2160 5349 illa
2206 5300 2422 5373 heroum
2458 5313 2683 5353 veterum
2714 5318 2733 5355 :
2770 5305 2898 5355 adeo
2946 5316 3000 5355 ut
3038 5305 3227 5373 dignus
3262 5319 3466 5373 quoque

1885 5368 2214 5440 existimatus
2247 5371 2428 5440 fuerit
2466 5372 2705 5436 sepulcro
2753 5374 2946 5440 insigni
2990 5368 3114 5426 ante
3154 5368 3316 5438 ipsam
3353 5368 3465 5427 illo-

1886 5437 2201 5511 rumurbem
2238 5437 2442 5511 (nempe
2478 5452 2623 5494 trans
2671 5437 2901 5495 Tiberim
2944 5445 2997 5495 in
3047 5437 3253 5511 regione
3316 5442 3465 5496 Vati-

1885 5507 2039 5573 cana)
2066 5512 2132 5558 ad
2167 5508 2305 5575 quod
2329 5511 2639 5575 papillarum
2680 5528 2745 5563 ea:
2770 5516 2913 5564 omni
2964 5507 3202 5566 Romana
3236 5514 3458 5577 ditione,

1886 5587 2134 5644 tanquam
2160 5579 2227 5649 ad
2249 5578 2452 5649 asylum
2482 5580 2828 5649 templumque
2872 5582 2990 5638 Dei.
3020 5585 3249 5635 accurrit
3279 5582 3463 5636 multi—

1890 5642 2036 5720 tudo.
2063 5673 2135 5720 -—_-
2153 5642 2282 5698 Pari
2308 5642 2459 5700 modo
2491 5648 2650 5702 Pauli
2683 5642 2824 5704 mors
2847 5654 3155 5720 martyrica,
3177 5653 3462 5720 datumque

1888 5716 1934 5766 ei
1960 5715 2274 5790 sepulcrum,
2302 5733 2613 5786 magnopere
2644 5737 2804 5790 usque
2833 5722 2901 5775 ad
2940 5715 3076 5777 hunc
3109 5723 3245 5779 diem
3274 5723 3329 5777 in
3351 5715 3462 5778 lio-

1888 5799 2045 5839 mana
2070 5783 2193 5839 urbe
2217 5783 2565 5841 honorantur.
