4128 6294
753 391 860 450 ω

1415 373 1682 436 ευεεβιι
1718 369 2188 430 CESARIENSIS
2223 365 2375 422 OPP.
2415 363 2596 419 PARS
2633 362 2720 418 lli.
2751 393 2821 406 —
2856 358 3263 416 EXEGETICA.

3864 353 3974 407 544

752 515 869 562 tum
901 491 1296 572 (destruendo)
1319 489 1465 570 fecit.
1493 489 1668 558 Atque
1703 487 1816 542 bac
1847 484 2126 540 hactenus.
2149 478 2271 535 Nunt

2372 529 2375 540 ,
2401 474 2593 530 ἐαυτοῦ
2615 471 2926 535 δυσσεϐείας
2955 469 3244 541 πάρεργον¹
3271 467 3578 538 ἐποιήσατο.
3635 465 3746 519 Καὶ
3785 462 3971 518 ταῦτα

751 594 1014 660 reliquum
1056 599 1355 640 sermonem
1385 591 1792 653 persequamur.

863 681 910 714 “
935 676 1240 733 Convocatis
1272 685 1442 725 autem
1472 667 1743 722 duodecim
1767 660 2035 728 discipulis
2062 662 2193 722 suis,

962 749 1102 801 dedit
1132 745 1238 798 illis
1273 743 1516 796 virtutem
1548 747 1595 791 et
1632 743 1956 804 potestatem,
1983 741 2090 784 etc.

830 846 932 900 Per
963 843 1076 896 haec
1109 831 1352 904 superuis
1379 827 1586 881 viribus
1632 823 1927 890 discipulos
1958 835 2086 876 suos
2120 819 2301 875 Domi.

751 952 852 992 nus
881 931 1148 990 armabat,
1179 933 1240 978 ut
1279 917 1539 974 diabolica
1568 915 1618 967 in
1651 913 1837 982 primis
1866 912 2078 980 agmina
2118 920 2174 965 et
2203 911 2299 963 bo-

755 1027 961 1084 minum
1015 1015 1355 1076 inimicitias.
1405 1018 1460 1064 et
1505 1005 1847 1060 adversarias
1885 1002 2030 1056 acies
2074 1015 2293 1070 supera-

753 1126 911 1176 rent:
955 1111 1148 1165 deinde
1181 1121 1210 1158 a
1255 1101 1461 1156 morbis
1505 1107 1561 1153 et
1596 1094 1923 1150 omnimodis
1952 1090 2295 1159 passionibus

749 1207 1050 1262 laborantes
1105 1203 1394 1257 sanarent;
1457 1191 1651 1246 indicia
1712 1188 1960 1242 videlicet
2015 1184 2287 1254 praedicati

748 1297 896 1368 regni
940 1291 1150 1349 cunctis
1178 1285 1485 1344 hominibus
1516 1282 1783 1352 praebens.
1812 1278 2108 1347 Oportebat
2150 1276 2292 1328 enim

742 1404 838 1447 eos
877 1386 968 1457 qui
1015 1385 1428 1451 inexspectatam
1481 1375 1779 1429 doctrinam
1823 1370 2160 1432 nuntiabant,
2203 1382 2293 1436 pe-

742 1480 1078 1550 regrinorum
1134 1480 1498 1536 novorumque
1547 1466 1810 1520 bonorum
1859 1463 2013 1532 signa
2062 1460 2291 1515 alumnis

741 1571 854 1626 suis
892 1565 1170 1623 exhibere.
1205 1560 1344 1616 Vere
1373 1557 1536 1628 igitur
1571 1563 1728 1610 erant
1765 1553 1914 1624 regni
1947 1553 2037 1606 Dei
2070 1551 2291 1606 demon-

739 1661 1051 1723 stratioues,
1081 1653 1397 1726 prodigiosae
1423 1651 1672 1712 virtutes,
1703 1656 1760 1703 et
1801 1644 2087 1707 miracula,
2129 1652 2288 1712 atque

739 1752 1042 1806 animarum
1069 1755 1122 1802 et
1148 1757 1433 1811 corporum
1462 1740 1769 1796 curationes
1794 1751 1824 1790 a
1847 1735 2137 1792 Senators
2163 1747 2288 1802 per-

2402 568 2501 638 μὲν
2527 565 2718 636 ταύτῃ.
2757 565 2878 618 Ἐπὶ
2901 563 2960 617 δέ
2985 562 3046 615 τὸ
3070 559 3196 631 ἐξῆς
3223 558 3319 613 τοῦ
3341 559 3498 628 λόγου
3520 557 3815 629 προΐωμεν.

2397 655 2930 780 Συιιὶιανιεσάμενρς
2961 651 3028 742 δὲ
3046 651 3190 718 τοὺς
3208 649 3435 732 δώδεκα
3456 648 3724 720 μαθητάς
3744 645 3965 711 αὐτοῦ,

2455 727 2486 780 ἕ
2525 743 2676 780 macer
2701 728 2904 780 αὐτοις
2933 722 3189 780 duratur
3220 721 3318 774 καὶ
3345 719 3652 780 εεουσίαν,
3682 735 3738 771 κ.
3768 734 3818 770 τ.
3852 716 3906 769 λ.

2455 716 2676 780 ἔδωκεν
2701 716 3189 792 αὖτοῖξδύναμικ
3220 721 3318 774 καὶ
3345 716 3652 784 ἐξουσίαν,
3671 716 3738 771 ’κ.
3768 734 3818 770 τ.
3852 716 3906 769 λ.

2463 818 2561 872 Διά
2589 816 2763 871 ταῦτα
2796 814 2998 877 ἐνθέοις
3026 812 3283 882 δυνάμεσι
3315 810 3440 873 τοὺς
3491 806 3680 862 ἑαυτοῦ
3712 803 3969 891 μαθητάς

2394 912 2424 963 ὁ
2455 909 2656 981 Κύριος
2701 905 2954 970 ὥπλιζεν,
2987 905 3063 968 ὡς
3104 902 3171 958 ἀν
3225 904 3282 957 ἐν
3310 900 3547 972 πρώτοις
3571 901 3640 954 τά
3669 896 3969 968 δαιμονικά

2397 999 2554 1071 στίφη
2581 999 2672 1052 καὶ
2698 997 2796 1060 τάς
2827 994 3024 1067 ἐχθρὰς
3045 994 3151 1049 τῶν
3513 993 3606 1046 καὶ
3661 989 3975 1060 πολεμικῶς

2395 1089 2722 1163 παρατάξεις
2749 1088 3058 1159 καθαιροῖεν
3081 1105 3096 1118 ·
3130 1086 3319 1140 επειτα
3346 1084 3516 1138 νόσων
3550 1084 3642 1136 καὶ
3689 1081 3972 1134 παντοίων

2394 1182 2578 1236 παθῶν
2611 1180 2960 1253 θεραπεύοιεν
2988 1181 3116 1242 τοὺς
3173 1175 3708 1247 καταπονουμένουςο
3753 1171 3968 1242 γνωρί-

2394 1289 2570 1343 σματα
2601 1271 2664 1342 δὴ
2693 1272 2792 1341 τῆς
2811 1270 3214 1342 κηρυττομένης
3247 1267 3518 1340 βασιλείας
3549 1266 3793 1338 παρέχων
3817 1265 3967 1335 όρᾷν

2393 1363 2591 1416 ἅπασιν
2619 1361 2941 1432 ἀνθρώποις.
2979 1361 3174 1432 Ἐχρῆν
3207 1361 3335 1432 γὰρ,
3363 1357 3660 1431 παράδοξον
3692 1358 3973 1429 κήρυγμα

2389 1454 2850 1523 καταγγέλλοντας
2879 1493 2895 1518 ,
2927 1453 3115 1522 ιξένων
3160 1453 3254 1506 καὶ
3300 1451 3434 1505 νέων
3479 1449 3692 1520 ἀγαθῶν
3742 1446 3968 1520 ἐναργῆ

2390 1548 2590 1621 σημεῖα
2638 1544 2894 1617 παρέχειν
2941 1545 3052 1607 τοῖς
3080 1541 3553 1615 μαθητευομένοις.
3582 1537 3761 1596 Ἦσαν
3783 1542 3830 1594 δ’
3861 1535 3970 1595 οὖν

2387 1634 2601 1707 ἀληθῶς
2621 1635 2754 1690 Θεοῦ
2793 1633 3066 1706 βασιλείας
3091 1634 3360 1705 δείγματα
3389 1635 3455 1688 αίΔ
3489 1634 3756 1706 ιεράστιαι
3790 1633 3969 1687 δυνά-

2390 1744 2529 1797 μεις,
2561 1729 2631 1782 τά
2651 1745 2712 1782 τε
2737 1728 2986 1798 θαύματα
3011 1727 3103 1781 καὶ
3149 1727 3404 1798 σωτήριοι
3433 1725 3620 1796 ψυχῶν
3638 1727 3732 1780 καὶ
3759 1727 3974 1797 σωμά-

737 1852 891 1896 actae.
939 1835 1071 1891 Nam
1101 1833 1327 1905 quilibet
1374 1845 1551 1886 sermo
1589 1826 1843 1900 operibus
1886 1841 2104 1893 cassus,
2149 1840 2271 1879 nun«

2382 1835 2491 1872 των
2528 1819 2840 1890 θεραπεῖαι·
2869 1820 2953 1873 ﬁt
2980 1820 3121 1882 ἄπας
3156 1817 3345 1887 λόγος,
3391 1817 3565 1890 εργων
3604 1819 3828 1890 ἔρημος,
3859 1817 3964 1871 σῦ-

733 1944 892 1998 quam
954 1927 1154 1998 poterit
1202 1918 1412 1979 ﬁrmam
1479 1921 1881 1993 persuasionem
1943 1915 2282 1970 audientibus

733 2021 1027 2074 insinuare.
1077 2017 1363 2087 Propterea
1402 2015 1630 2085 patratis
1672 2011 1923 2082 operibus
1969 2009 2125 2064 iidem
2173 2007 2284 2062 evi-

731 2110 946 2165 dentem
981 2105 1344 2178 pratdicationi
1391 2103 1772 2159 conciliabant.
1824 2100 1882 2156 Si
1930 2113 2060 2166 ergo
2103 2097 2282 2150 verbis

731 2199 1102 2254 tantummodo
1127 2212 1188 2252 ac
1212 2196 1433 2252 vocibus
1461 2204 1661 2250 temere
1693 2191 1906 2247 emissis
1935 2191 2026 2245 Dei
2057 2200 2279 2258 regnum

727 2292 939 2345 cunctis
981 2288 1356 2351 iutimassent,
1396 2293 1452 2340 et
1501 2285 1796 2354 patriorum
1846 2283 2066 2336 deorum
2117 2279 2282 2334 aboli-

727 2382 969 2445 tionem,
1022 2379 1143 2449 quis
1204 2378 1282 2433 eis
1340 2386 1572 2431 mentem
1643 2372 2002 2429 advertisset?
2065 2372 2279 2425 cuinam

727 2473 896 2526 Deum
926 2483 1048 2525 esse
1073 2467 1468 2539 persuasissent
1511 2465 1816 2519 nuntiatum
1851 2480 1880 2518 a
1915 2477 1974 2517 se
1998 2461 2202 2525 Jesum,
2233 2463 2278 2514 si

728 2565 931 2618 nullam
965 2575 1061 2618 suo
1093 2560 1398 2615 testimonio
1453 2556 1611 2613 tidem
1661 2555 1958 2611 fecissent?
1995 2555 2118 2609 ideo
2163 2569 2278 2609 ser-

726 2667 937 2708 monem
971 2664 1184 2706 omnem
1217 2649 1410 2703 divinis
1436 2663 1814 2717 praeoccupans
1850 2648 2105 2699 Servator
2139 2647 2278 2698 acti-

723 2746 846 2808 bus,
888 2743 1064 2812 primo
1120 2740 1333 2809 quidem
1389 2753 1454 2794 ex
1500 2739 1682 2807 inepto
1725 2738 1848 2792 vita:
1884 2751 2120 2806 genere,
2159 2736 2274 2792 elo-

721 2833 1060 2902 quentiaeque
1095 2839 1149 2886 et
1186 2828 1424 2884 mortalis
1470 2829 1747 2898 sapientia
1813 2838 2060 2896 expertes
2110 2827 2273 2882 disci-

721 2921 873 2991 pulos
909 2935 1036 2977 suos
1080 2920 1146 2975 ad
1175 2921 1336 2974 totius
1384 2918 1568 2972 mundi
1615 2919 2004 2974 correctionem
2053 2918 2271 2990 delegit.

723 3011 923 3066 Deinde
968 3011 1268 3082 piscatores
1317 3007 1618 3064 animarum
1676 3008 2032 3064 humanarum
2090 3024 2149 3065 se
2181 3025 2274 3064 eos

717 3100 1034 3156 effecturum
1078 3115 1440 3171 praemonens,
1476 3111 1662 3154 auctor
1707 3100 1819 3167 ipse
1870 3100 1945 3153 rei
1985 3102 2271 3170 propositas

717 3191 971 3257 exstitit;
1017 3191 1157 3246 unde
1181 3205 1275 3246 eos
1319 3182 1640 3245 mirabilium
1686 3190 2045 3258 prodigiorum
2079 3203 2265 3259 apera-

720 3293 866 3337 torcs
901 3281 1148 3344 reddidit,
1182 3281 1280 3335 bos
1325 3281 1431 3334 illis
1464 3278 1651 3335 hamos
1683 3281 1964 3335 animabus
2005 3271 2270 3337 salutares

716 3371 1101 3442 suppeditans,
1155 3380 1214 3424 ut
1255 3371 1320 3425 iis
1360 3379 1643 3439 captarent
1693 3380 1855 3440 atque
1886 3387 1950 3426 ex
2004 3371 2268 3440 profundo

717 3463 969 3533 nequitiae
1014 3463 1209 3532 abysso
1256 3462 1482 3515 mortale
1512 3476 1678 3530 genus
1710 3464 2081 3527 extraherent,
2114 3464 2268 3520 malis

716 3555 912 3622 fugatis
951 3553 1266 3624 spiritibus,
1301 3554 1544 3610 morbum
1591 3555 1886 3622 quemlibet
1926 3555 2266 3627 languorem-

714 3659 818 3714 que
868 3653 1122 3700 sanantes
1183 3653 1316 3699 nutu
1358 3641 1510 3713 ejus;
1556 3649 1787 3701 nondum
1841 3646 1984 3702 enim
2034 3647 2266 3717 Spiritus

710 3738 865 3789 datus
910 3734 1082 3790 fuerat
1111 3737 1177 3790 ⁸⁷.

711 3827 756 3861 ⁸⁸
780 3823 931 3880 Nihil
959 3826 1186 3881 tuleritis
1212 3827 1265 3881 in
1291 3829 1399 3894 ria,
1439 3843 1599 3898 neque
1621 3827 1853 3894 buculos,
1884 3845 2043 3900 neque
2061 3845 2262 3898 peram.

777 3981 1082 4038 Secundum
1109 3983 1415 4040 Mattbaeum
1449 3986 1666 4054 quidem
1697 3986 1763 4052 ”,
1798 3986 1914 4041 auri
1952 3995 2007 4042 et
2053 3988 2260 4058 argenti

706 4073 936 4143 terisque
989 4089 1238 4144 possessu
1283 4077 1349 4131 iis
1397 4077 1714 4142 interdixit,
1770 4077 1934 4132 futuri
1981 4075 2259 4150 praescius.

705 4164 1185 4222 Animadvertebat
1208 4167 1350 4221 enim
1387 4169 1503 4223 fore
1532 4171 1706 4238 utqui
1745 4171 1948 4226 morbis
1983 4171 2052 4227 ab
2078 4173 2157 4227 eis
2196 4173 2260 4226 li-

706 4254 1048 4324 berarentur,
1076 4265 1129 4312 et
1167 4259 1555 4316 insanabilibus
1581 4263 1732 4316 malis
1762 4264 2023 4318 immunes
2046 4265 2258 4330 ﬁerent,

704 4355 898 4400 cuncta
960 4362 1055 4402 sua
1101 4351 1419 4417 patrimonia
1465 4352 1531 4406 iis
1578 4355 1766 4410 cedere
1811 4355 2030 4411 vellent.
2080 4358 2258 4425 Quare

2385 1909 2500 1962 ποτ’
2517 1909 2582 1963 ἀν
2611 1909 2799 1980 ίσχύσῃ
2820 1913 3024 1980 πεῖσμα
3039 1908 3251 1978 βέϐαιον
3282 1909 3708 1980 ἐμποιῆσαι-τοῖς
3735 1911 3966 1980 ἀκροω-

2385 2001 2581 2071 μένοις.
2616 2002 2708 2055 Διδ
2737 2004 2856 2064 ταῖς
2908 2001 2975 2054 δι’
3009 2000 3186 2072 ἔργων
3227 2000 3668 2071 ἐπιτελουμένας
3715 2001 3968 2072 πράξεσι

2382 2094 2560 2146 πίστιν
2588 2095 2790 2164 ἐναργῆ
2826 2096 3082 2166 παρεῖχον
3109 2091 3188 2163 τῷ
3229 2090 3566 2163 κηρύγματι.
3595 2093 3660 2146 Ei.
3695 2092 3823 2163 γοῦν
3853 2093 3962 2164 ψι-

2379 2181 2489 2246 λοῖς
2514 2184 2797 2255 ῥηματίοις
2821 2186 2915 2238 καὶ
2948 2187 3152 2254 φωναῖς
3174 2183 3297 2254 είκῆ
3330 2185 3764 2256 προφερομέναις
3805 2185 3962 2240 Θεοῦ

2381 2273 2651 2342 βασιλείαν
2691 2276 2772 2337 είς
2817 2275 3023 2338 πάντας
3055 2274 3246 2339 ἐϐόων,
3275 2275 3572 2330 κατάλυσίν
3599 2293 3660 2330 τε
3690 2276 3797 2330 τῶν
3843 2295 3964 2331 πα.-

2376 2365 2542 2436 τριῶν
2575 2365 2732 2431 θεῶν,
2765 2367 2850 2430 τίς
2877 2365 2942 2420 ἀν
2967 2367 3148 2430 αὐτοῖς
3189 2365 3429 2437 παρέσχε
3459 2366 3550 2420 τὸν
3573 2367 3728 2434 νοῦν;
3755 2367 3883 2423 τίνα
3908 2368 3962 2421 δ’

2375 2455 2440 2510 ἂν
2472 2456 2694 2511 ἔπεισαν
2736 2456 2867 2511 Θεὸν
2899 2454 3037 2512 εἶναι
3075 2457 3168 2512 τὸν
3219 2459 3423 2527 Ἰησοῦν
3467 2459 3956 2528 καταγγέλλοντες,

2379 2548 2642 2620 μηδεμίαν
2691 2550 2748 2603 δέ
2798 2549 2980 2603 πίστιν
3005 2552 3071 2621 τῇ
3108 2550 3381 2622 μαρτυρίᾳ
3412 2550 3805 2622 προσάγοντες
3853 2555 3959 2608 Διό

2375 2644 2548 2696 πάντα
2577 2642 2734 2711 λόγον
2766 2641 2974 2704 θεῖκαῖς
3026 2640 3424 2711 προλαμϐάνων
3468 2639 3729 2712 πράξεσιν
3756 2644 3784 2695 ὁ
3827 2643 3960 2697 Σω-

2372 2732 2494 2802 τὴρ,
2526 2730 2718 2800 πρῶτα
2761 2731 2859 2801 μέν
2903 2730 3352 2801 άνεπιτηδεύτους
3383 2731 3473 2785 τὸν
3522 2733 3739 2804 τρόπον,
3768 2733 3958 2804 λόγων

2370 2839 2429 2875 τε
2461 2823 2553 2875 καὶ
2573 2823 2760 2892 σοφίας
2787 2821 2988 2893 θνητῆς
3029 2822 3288 2894 ἀπείρους
3315 2823 3443 2886 τοὺς
3473 2822 3638 2877 αὐτοῦ
3692 2825 3959 2897 μαθητὰς

2371 2915 2463 2967 ἐπὶ⁵
2489 2914 2820 2985 κατορθώσει
2844 2913 2945 2984 τῆς
2985 2913 3112 2984 ὅλης
3147 2914 3471 2985 οίκουμένης
3501 2917 3914 2988 προεχειρίζετο
3934 2935 3952 2950 ο

2369 3007 2600 3060 κᾶπειτα
2622 3005 2870 3069 ἀλιευτάς
2896 3004 3082 3076 ψυχῶν
3119 3004 3474 3076 ἀνθρωπίνων
3500 3009 3747 3079 ποιήσειν
3796 3025 3954 3079 προ-

2369 3097 2544 3164 φήσας
2575 3095 2787 3160 αὐτοὺς,
2821 3096 3046 3167 ποιητὴς
3084 3096 3244 3159 αὐτὸς
3287 3097 3493 3165 ἐγίνετο
3537 3099 3636 3169 τῆς
3696 3101 3954 3168 ἐπαγγε-

2368 3183 2486 3247 λίας
2513 3201 2526 3214 ·
2583 3184 2704 3238 ὅθεν
2746 3185 3060 3260 παραδόξων
3109 3185 3399 3258 θαυμάτων
3453 3190 3689 3260 ἐργάτας
3739 3192 3956 3258 αὐτοὺς

2367 3275 2743 3344 ἀπειργάζετο,
2780 3276 3048 3349 ἄγκιστρα
3067 3277 3240 3332 ταῦτα
3269 3279 3456 3351 ψυχῶν
3483 3284 3722 3354 σωτήρια
3757 3301 3953 3356 παρι-

2364 3364 2535 3428 διδοὺς
2559 3365 2754 3429 αὐτοῖς,
2783 3365 2859 3430 ώς
2878 3366 2943 3421 ἀν
2974 3368 3042 3422 δι’
3077 3368 3254 3424 αὐτῶν
3280 3373 3629 3443 σαγηνεύοιεν
3658 3376 3751 3430 καὶ
3779 3377 3952 3432 ἀνθ.-

2367 3473 2511 3510 κοιεν
2553 3457 2618 3510 ἐκ
2655 3457 2750 3511 τοῦ
2800 3458 2897 3530 τῆς
2960 3459 3152 3525 κακίας
3187 3460 3345 3532 βυθοῦ
3394 3464 3456 3517 τὸ
3512 3465 3703 3538 θνητὸν
3751 3467 3945 3537 γένος,

2365 3548 2646 3619 πνεύματα
2675 3551 2883 3621 πονηρά
2904 3551 3308 3620 φυγαδεύοντες,
3339 3554 3434 3608 καὶ
3458 3558 3636 3611 πᾶσαν
3657 3558 3808 3613 νόσον
3835 3561 3947 3616 καὶ

2367 3640 2635 3710 μαλακίαν
2671 3641 2885 3712 ἰώμενοι
2907 3645 3001 3697 ἐπὶ
3019 3644 3119 3715 τῆς
3147 3647 3412 3718 ἐπιταγῆς
3436 3648 3535 3719 τῆς
3558 3649 3721 3703 αὑτοῦ
3737 3667 3751 3680 ·
3777 3649 3944 3707 οὔπω

2362 3733 2470 3803 γὰρ
2496 3729 2564 3816 ἦν
2601 3733 2822 3804 Πνεῦμα
2848 3735 3148 3807 δεδομένον.

2361 3823 2564 3892 Μηδὲν
2589 3823 2781 3893 αἴρετε
2809 3829 2896 3893 εὶς
2923 3827 3254 3968 τὴιὲιῆιῗὲἐν,
3280 3830 3434 3900 μήτε
3472 3832 3752 3902 ῥάϐδους,
3775 3835 3940 3904 μήτε

3183 3918 3240 3954 ν.

3183 3918 3240 3954 ν.

2427 3984 2584 4040 Κατά
2617 3986 2713 4058 μὲν
2740 3982 2832 4042 οὖν
2875 3989 2966 4042 τὸν
3016 3991 3294 4047 Ματθαῖον
3322 3993 3523 4066 χρυσοῦ
3552 3995 3645 4050 καὶ
3684 3995 3936 4069 ἀργύρου

2361 4079 2455 4130 καὶ
2485 4078 2684 4148 χαλκοῦ
2716 4079 2813 4152 τὴν
2835 4083 3026 4151 κτῆσιν
3060 4083 3238 4147 αὐτοῖς
3264 4085 3592 4158 ἀπηγόρευε,
3627 4087 3933 4158 προγνώσει

2360 4170 2451 4222 τοῦ
2483 4171 2762 4240 μέλλοντος
2784 4189 2798 4203 ο
2842 4173 3086 4245 συνεώρα
3129 4174 3268 4248 γὰρ,
3295 4177 3371 4240 ὼς
3398 4178 3505 4249 ἄρα
3533 4179 3582 4231 οί
3614 4178 3712 4242 τάς
3738 4180 3933 4246 νόσους

2361 4263 2450 4314 ὑπ’
2481 4263 2658 4316 αὐτῶν
2687 4263 3218 4337 θεραπευθησόμενοι
3245 4270 3338 4322 καὶ
3369 4269 3477 4323 τῶν
3501 4270 3732 4326 ἀνιάτων
3753 4272 3932 4326 ἀπαλ-

2357 4353 2714 4425 λαγησόμενοι
2756 4355 2962 4421 παθῶν,
2989 4357 3304 4428 ἐθελήσουσι
3347 4361 3442 4413 καὶ
3497 4361 3711 4416 πάντων
3745 4362 3930 4426 autcf;

703 4437 756 4490 id
799 4450 1178 4506 praeoccupans
1221 4444 1568 4512 praecipiebat
1613 4461 1679 4500 ue
1709 4448 1936 4516 gratiam
1986 4465 2256 4516 caupona-

2372 4447 2466 4500 :th
2498 4448 2845 4519 ὑπαρχόντων
2874 4450 3137 4521 ἐκχωρεῖν
3155 4467 3168 4479 ·
3198 4449 3279 4503 διδ
3325 4451 3497 4505 ταῦτα
3526 4451 3810 4524 προλαϐὼν
3848 4453 3930 4507 δι-

704 4537 912 4594 rentur,
953 4544 1127 4599 neque
1169 4532 1308 4587 dona
1349 4535 1440 4589 Dei
1475 4537 1683 4592 venalia
1732 4540 2013 4595 haberent.
2049 4540 2251 4596 Verum

2372 4539 2651 4604 εστέλλετο,
2678 4539 2752 4611 μὴ
2776 4541 3104 4612 καπηλεύειν
3123 4542 3222 4612 τὴν
3250 4543 3409 4614 χάριν
3441 4544 3573 4614 μηδὲ
3596 4545 3928 4617 πιπράσκειν

702 4621 994 4674 secundum
1010 4621 1255 4692 reliquos
1266 4627 1626 4695 evangelistas
1643 4630 1922 4701 ipsumque
1945 4631 2252 4687 Mattbteum

700 4725 806 4765 non
841 4715 1022 4766 sinens
1044 4728 1138 4769 eos
1153 4715 1379 4786 virgam,
1413 4734 1587 4790 neque
1617 4736 1818 4792 peram,
1850 4739 2024 4794 neque
2043 4726 2254 4781 calcea-

701 4809 902 4866 menta,
937 4816 1109 4872 neque
1140 4805 1272 4861 duas
1311 4808 1520 4864 tunicas
1542 4848 1559 4876 ,
1589 4812 1681 4866 sed
1713 4826 1884 4882 neque
1928 4829 2120 4882 panem
2159 4829 2254 4883 pe-

698 4891 1019 4963 cuniamque
1050 4905 1294 4966 portare,
1321 4915 1442 4955 cum
1476 4915 1699 4972 peregre
1725 4915 1905 4960 essent
1937 4906 2248 4975 profecturi,

699 4980 826 5036 hinc
859 4985 1104 5052 capiebat
1139 4990 1564 5050 experimentum
1614 4991 1823 5047 illorum
1871 4994 1992 5050 iidei
2039 5007 2094 5051 et
2135 4997 2252 5050 ala-

2355 4631 2424 4684 τά
2444 4633 2508 4685 ἐκ
2548 4631 2679 4688 Θεοῦ
2735 4632 3015 4705 παραινῶν
3065 4633 3244 4705 δῶρα⁹
3291 4633 3431 4688 κατά
3460 4635 3517 4688 δὲ
3547 4636 3671 4699 τοὺς
3706 4636 3928 4701 λοιποὺς

2355 4724 2560 4778 καὶτὸν
2594 4725 2756 4778 αὐτὸν
2784 4725 3062 4780 Ματθαῖον
3087 4725 3162 4796 μὴ
3202 4726 3509 4798 ἐπιτρέπων
3552 4727 3733 4790 αὐτοῖς
3787 4727 3927 4799 μήτε

2358 4816 2569 4888 ῥάϐδον,
2593 4818 2729 4890 μήτε
2761 4819 2962 4888 πήραν,
2997 4818 3136 4889 μήτε
3169 4817 3511 4891 ὑποδήματα,
3540 4821 3676 4891 μήτε
3703 4819 3796 4872 δύο
3837 4836 3924 4890 χι-

2354 4907 2548 4973 τῶνας,
2580 4907 2717 4962 ἀλλά
2753 4910 2878 4981 μήτ’
2906 4909 3090 4980 ἄρτον,
3131 4911 3269 4983 μήτε
3295 4910 3556 4984 ἀργύριον
3599 4910 3922 4980 ἐπάγεσθαι,

2356 5000 2650 5070 μέλλοντας
2686 5002 2773 5054 ἐπ’
2805 5001 3111 5074 ἀλλοδαπῆς
3170 5004 3502 5066 στέλλεσθαι.
3544 5001 3771 5073 δοκιμὴν
3794 5048 3795 5051 η
3821 5001 3925 5074 τῆς

699 5072 930 5136 critatis,
960 5075 1004 5130 si
1037 5077 1251 5144 quidem
1280 5076 1424 5148 jnssi
1463 5083 1858 5150 pauperrimum
1891 5085 2055 5139 vitam
2090 5087 2250 5156 dege-

2372 5091 2522 5145 ιύτῶν
2550 5093 2788 5158 πίστεώς
2811 5111 2870 5148 τε
2894 5095 2989 5148 καὶ
3012 5072 3318 5170 προθυμίας
3345 5072 3757 5167 ἐλάμϐανεν,εί,

701 5177 780 5229 re,
812 5178 985 5235 neque
1025 5168 1193 5236 ipsius
1221 5172 1519 5241 quotidiani
1546 5173 1783 5229 alimenti
1823 5191 2003 5230 curam
2035 5192 2244 5246 gerere,

701 5273 877 5328 neque
911 5262 1206 5317 secundam
1260 5266 1490 5338 tunicam
1544 5268 1784 5334 habere,
1832 5284 2004 5339 neque
2052 5271 2246 5326 calceis

697 5351 798 5415 uti,
833 5361 1153 5410 cumtamen
1185 5356 1490 5414 universum
1525 5360 1712 5415 orbem
1752 5374 2040 5432 peragrare
2085 5363 2245 5417 debe-

701 5449 840 5506 rent,
891 5444 1237 5503 nihiiominus
1275 5445 1426 5516 jussa
1458 5449 1600 5506 haud
1629 5451 2008 5507 detrectarent.
2046 5450 2150 5508 Sed
2189 5460 2246 5506 et

702 5534 842 5598 omni
883 5535 1122 5604 pecunia:
1174 5551 1381 5605 amore,
1433 5541 1826 5611 mundanisque
1875 5543 2021 5599 curis
2055 5557 2244 5599 carere

2346 5185 2698 5253 αγγελθέντες
2746 5187 2837 5240 τὸν
2885 5187 3067 5260 ἄκρως
3098 5189 3381 5260 ἀκτήμονά
3408 5187 3522 5259 βίον
3548 5186 3810 5257 μετιέναι,
3842 5185 3925 5252 ὡς

2352 5274 2485 5344 μηδὲ
2515 5276 2616 5346 τῆς
2646 5279 2922 5349 ἐφημέρου
2954 5280 3162 5352 τροφῆς
3193 5281 3453 5353 πρόνοιαν
3489 5277 3777 5342 ποιεῖσθαι,
3817 5295 3923 5350 μη-

2351 5365 2407 5418 δὲ
2429 5366 2678 5440 δεύτερον
2705 5369 3004 5438 ἐπάγεσθαι
3028 5370 3251 5443 χιτῶνα,
3280 5370 3416 5444 μηδὲ
3441 5368 3746 5439 ὑποδήμασι
3783 5367 3922 5439 χρῆ-

2352 5456 2498 5524 σθαι,
2534 5460 2820 5532 μέλλοντες
2844 5463 2944 5536 τὴν
2971 5463 3262 5536 σύμπασαν
3297 5463 3699 5536 ἐκπερινοστεῖν
3737 5460 3922 5516 οἰκου-

2353 5549 2540 5622 μένην.
2567 5554 2642 5624 μὴ
2671 5553 2918 5625 φεύγοιεν
2951 5557 3017 5612 τά
3039 5559 3469 5633 παραγγέλματα
3486 5574 3500 5589 ·
3524 5554 3658 5626 ἀλλὰ
3685 5553 3780 5610 καὶ
3798 5555 3922 5626 ἀφι-

770 5733 819 5772 ⁶⁶
844 5748 962 5808 cap.
991 5751 1065 5805 ιι,
1092 5738 1142 5793 i.
1217 5739 1260 5772 "
1289 5738 1442 5800 Joan.
1471 5757 1568 5813 vn,
1595 5741 1681 5799 39.
1758 5744 1802 5780 “‘
1832 5759 1948 5818 cap.
1985 5763 2060 5814 Ix,
2093 5749 2146 5806 5.
2226 5750 2268 5786 "
2295 5749 2478 5808 Matth.
2527 5768 2581 5820 x,
2610 5751 2664 5822 9,
