4128 6294
1323 368 1824 426 COMMENTARIA
1866 368 1931 424 IN
1967 366 2221 424 LUCAI.
3292 362 3396 418 548

152 381 262 439 545

149 494 531 568 λοχρημάτους
553 485 873 559 ἀφρόντιδάς
892 502 951 539 τε
977 484 1070 539 τοῦ
1093 482 1206 555 βίου
1242 484 1352 537 δεῖν
1374 484 1570 547 αὐτοὺς
1594 480 1731 537 εῐναι

1838 497 1928 537 eos
1964 480 2151 536 voluit.
2188 480 2360 535 Porro
2405 484 2585 531 autem
2621 474 3069 539 contestabatur,
3125 474 3239 531 lucc
3291 477 3399 533 illis

149 565 497 658 βουλόμενος.
530 579 714 632 Ταῦτα
743 574 1161 647 διεμαρτύρατο,
1190 574 1348 639 ώςάν
1373 574 1483 629 τῶν
1505 576 1570 628 ἐκ
1592 574 1727 629 Θεοῦ

1838 589 1860 627 a
1903 572 2012 628 Deo
2058 573 2240 627 datum
2275 570 2339 624 iri
2369 568 2531 634 dona,
2560 567 2607 623 si
2639 566 2880 622 vicissim
2918 567 3015 637 ipsi
3047 565 3263 637 dignam
3314 570 3398 624 di-

144 676 403 748 δομάτων
426 671 596 743 ταύτῃ
622 687 696 740 πη
727 669 911 731 αὐτοῖς
934 666 1327 738 δοθησομένων,
1361 667 1410 720 si
1442 668 1537 721 καὶ
1576 667 1730 721 αὐτοὶ

148 768 287 837 ⁸παρ’
320 762 528 818 ἐαυτῶν
557 761 648 814 τὸν
678 758 1010 830 κατάλληλον
1063 758 1177 827 βίον
1232 759 1453 824 ἐπάξιον
1488 760 1590 830 τῆς
1622 759 1731 813 τῶν

148 856 317 911 θείων
346 853 698 924 χαρισμάτων
735 852 980 921 κτήσεως
1025 851 1497 921 παρασκευάζοιεν
1522 869 1537 883 ·
1558 869 1729 925 προσ-

149 950 311 1019 ήκειν
372 945 480 1016 γάρ
512 943 745 1015 ἀμοιϐήν
768 959 889 996 τινα
916 940 1242 1013 ποιήσασθαι
1269 943 1362 995 καὶ
1408 943 1731 998 ἀντικαταλ-

149 1035 441 1103 λάξασθαι,
466 1034 884 1105 ὑποδεχομένους
919 1033 1016 1103 μὲν
1050 1031 1200 1103 παρά
1222 1032 1316 1085 τοῦ
1340 1033 1475 1087 Θεοῦ
1503 1035 1603 1097 τάς
1628 1052 1733 1088 σω-

147 1129 381 1199 τηρίους
401 1128 494 1181 καὶ
516 1124 868 1195 εὐεργετικὰς
891 1122 1192 1193 ἀνθρώπων
1218 1123 1495 1194 δυνάμεις,
1534 1125 1732 1179 ἀντιδι-

148 1220 339 1282 δόντες
370 1219 427 1272 δὲ
458 1217 604 1287 αὐτῷ
629 1216 875 1285 ὑπακοὴν
902 1214 1009 1267 τῶν
1031 1214 1198 1268 αὐτοῦ
1229 1215 1729 1286 παραγγελμάτων.

156 1310 472 1383 προθυμίαν
500 1326 558 1361 τε
583 1307 676 1360 καὶ
706 1305 1023 1377 προαίρεσιν
1067 1303 1353 1375 ἐλευθέραν
1376 1305 1479 1375 τῆς
1508 1306 1645 1376 πρὸς
1664 1305 1733 1360 τά

157 1399 392 1469 βιωτικά
444 1394 803 1466 συμπαθείας.
852 1394 1010 1447 Ἀλλά
1054 1396 1150 1448 καὶ
1212 1394 1440 1447 πλοῦτον
1486 1395 1733 1466 οὐράνιον

145 1493 278 1553 ταῖς
303 1488 482 1544 αὐτῶν
518 1487 715 1557 ψυχαῖς
754 1485 1197 1556 ὑποδεχομένους,
1234 1485 1333 1555 τῆς
1372 1503 1432 1538 τε
1470 1486 1565 1540 τοῦ
1599 1486 1732 1540 Θεοῦ

156 1581 441 1651 βασιλείας
465 1578 776 1652 ἀρῤαϐῶσιν
826 1576 1271 1648 ἐφοδιαζομένρυς
1291 1617 1306 1640 ,
1330 1576 1438 1630 τῶν
1490 1578 1585 1631 ἐπὶ
1630 1578 1736 1649 γῆς

152 1675 518 1743 καταφρονεῖν
535 1674 728 1742 χρῆναι
758 1671 867 1724 δεῖν
889 1667 1024 1739 ᾤετο
1040 1687 1053 1701 ο
1082 1670 1177 1723 καὶ
1198 1670 1334 1739 μήτε
1354 1670 1575 1740 χρυσὸν,
1599 1672 1735 1741 μήτε

154 1765 441 1834 χρήματα,
474 1762 609 1832 μήτε
636 1778 690 1813 τι
718 1760 826 1813 τῶν
866 1762 999 1831 παρ’
1031 1759 1338 1831 ἀνθρώποις
1386 1759 1581 1831 τιμίων
1634 1763 1734 1815 ἐπ-

1831 664 1971 718 vinis
1992 661 2413 717 charismatihus
2440 658 2605 712 vitam
2635 668 2815 712 essent
2848 656 3103 726 ingressi.
3132 655 3399 728 Oportero

1828 750 1971 805 enim
2008 759 2247 803 mutuam
2275 748 2565 817 quamdam
2593 760 2714 800 esse
2744 745 3177 809 retributionem,
3207 762 3401 816 nempe

1830 856 1861 895 a
1900 839 2010 895 Deo
2042 841 2288 908 accipere
2316 838 2611 894 salutarem
2645 847 2809 906 atque
2832 837 3132 891 beneﬁcam
3164 839 3400 893 homini-
3434 881 3439 885 .

1829 928 1932 984 bus
1984 938 2350 997 potestatem,
2409 927 2759 996 vicissimque
2832 928 2977 997 ipsos
3030 928 3400 984 obedientiam

1834 1018 2103 1071 mandatis
2131 1016 2249 1085 ejus
2275 1016 2561 1079 exhibere,
2594 1017 3075 1084 promptitudinem
3108 1029 3165 1071 et
3198 1032 3401 1087 propo-

1831 1108 1995 1163 situm
2026 1108 2173 1160 omni
2223 1107 2408 1161 mundi
2456 1106 2649 1161 aﬂectu
2694 1106 2943 1161 liberum.
2974 1105 3081 1162 Sed
3126 1116 3184 1162 et
3235 1110 3402 1164 cale-

1829 1199 2006 1253 stibus
2052 1200 2248 1267 opihus
2305 1198 2486 1253 animo
2536 1198 2803 1263 imbutos,
2856 1208 2913 1253 et
2973 1200 3124 1267 regni
3177 1201 3269 1256 Dei
3311 1217 3403 1255 ar-

1831 1292 1948 1347 rhis
1991 1292 2311 1355 instructos,
2344 1298 2598 1359 oportere
2622 1299 2840 1345 terrena
2880 1290 3163 1361 despicere
3189 1293 3403 1361 judica-

1833 1386 1965 1440 bat:
2017 1400 2192 1455 neque
2244 1400 2458 1448 aurum,
2515 1399 2691 1453 neque
2750 1384 2973 1440 divitias
3030 1400 3205 1452 neque
3253 1385 3402 1440 aliud

1832 1476 2049 1547 quidvis
2080 1476 2219 1546 apud
2253 1476 2501 1530 homines
2548 1475 2848 1543 pretiosum
2894 1476 3046 1545 pensi
3090 1477 3399 1533 habendum

1833 1581 1944 1635 prae
1969 1566 2169 1621 collato
2202 1566 2333 1633 ipsis
2354 1566 2618 1620 caelorum
2653 1566 2931 1621 thesauro.
2968 1567 3074 1621 Sed
3104 1578 3161 1622 et
3202 1569 3403 1624 milites

1836 1656 2053 1711 eosdem
2089 1656 2241 1726 regni
2285 1656 2379 1711 Dei
2406 1656 2789 1722 conscribens,
2830 1657 3111 1725 expeditos
3153 1672 3273 1713 esse
3306 1674 3403 1713 cu-

1839 1749 1994 1803 rabat
2048 1750 2115 1803 ad
2168 1750 2612 1804 committendum
2658 1764 2783 1803 cum
2832 1751 3082 1806 hostibus
3126 1751 3400 1820 prndium.

150 1854 309 1921 άξιον
342 1852 593 1925 ἡγεῖσθαι
637 1851 732 1905 τοῦ
763 1850 1199 1922 παρασχεθὲντος
1248 1852 1432 1915 αὐτοῖς
1482 1852 1731 1923 οὐρανίου

1838 1837 2130 1907 Propterea
2154 1838 2273 1893 sine
2293 1838 2621 1906 patrimonio
2637 1852 2757 1893 esse
2774 1838 2986 1894 volebat
3011 1840 3210 1897 milites
3235 1856 3397 1898 suos:

148 1946 407 1999 πλούτου.
456 1944 614 1997 Ἀλλά
642 1945 736 1997 καὶ
758 1941 1094 2013 στρατιώτας
1126 1943 1324 2007 αὐτοὺς
1346 1943 1447 2013 τῆς
1470 1943 1564 1997 τοῦ
1590 1944 1726 1998 Θεοῦ

148 2038 433 2108 βασιλείας
460 2035 755 2096 ἀποτελῶν,
784 2032 1051 2097 εὐζώνους
1078 2032 1489 2104 παρεσκεύαζεν
1514 2036 1607 2089 ἐπὶ
1637 2036 1729 2090 τὸν

1832 1927 2028 1982 etenim
2066 1929 2232 1983 Nemo
2268 1928 2504 1982 militans
2544 1927 2779 1997 implicat
2816 1945 2871 1983 ss
2924 1931 3107 1985 mundi
3143 1933 3362 2002 negotiis
3384 1972 3400 1998 ,

1834 2028 1891 2072 ut
1922 2019 1990 2083 ei,
2024 2035 2056 2073 a
2083 2035 2185 2088 qua
2218 2020 2542 2087 conscriptus
2570 2020 2698 2090 fuit,
2731 2020 2934 2089 placeat
2963 2022 3033 2079 ".

155 2130 300 2201 πρὸς
348 2131 474 2193 τοὺς
523 2128 928 2198 ἀντικειμένους
959 2126 1212 2198 πόλεμον.
1265 2126 1363 2180 Διά
1423 2126 1594 2181 ταῦτα
1661 2130 1969 2202 ἀκτήμονας
2014 2129 2149 2188 εἶναι
2204 2132 2436 2205 παρῄνει
2476 2134 2602 2197 τοὺς
2650 2135 2812 2189 αὐτοῦ
2854 2136 3227 2207 στρατιώτας·
3252 2130 3253 2133 “
3282 2139 3405 2195 ἐπεὶ

146 2220 388 2290 Μηδεὶς
410 2220 884 2287 στρατευόμενος
914 2215 1271 2287 ἐμπλέκεται
1290 2218 1423 2285 ταῖς
1450 2219 1555 2273 τοῦ
1568 2220 1713 2284 ,Βίου
1737 2224 2181 2292 πραγματείας,
2210 2224 2310 2277 ινα
2328 2222 2408 2289 τῷ
2437 2225 2989 2295 στρατολογήσαντι
3007 2226 3222 2297 ἀρέσῃ.

226 2311 345 2368 Καὶ
367 2314 454 2377 είς
479 2309 561 2377 ἢν
587 2309 663 2363 ἂν
680 2310 878 2365 οἰκίαν
909 2309 1220 2377 είσόλθητε
1235 2348 1251 2372 ,
1277 2310 1403 2364 ἐκεῖ
1431 2309 1662 2379 μένετε.

242 2402 303 2458 '0
336 2403 521 2473 μέντοι
548 2399 770 2472 Κύριος,
801 2400 987 2471 ἐπειδὴ
1029 2400 1327 2472 χρημάτων
1389 2402 1483 2455 καὶ
1532 2403 1732 2474 χρυσοῦ

149 2494 251 2549 καὶ
281 2493 523 2563 ἀργύρου
558 2491 651 2545 καὶ
680 2491 903 2562 χιτῶνος
932 2492 1206 2563 δευτέρου,
1240 2492 1423 2565 πάσης
1449 2512 1509 2548 τε
1554 2496 1733 2569 ύπάρ-

149 2585 293 2654 εεως
328 2586 429 2654 τὴν
462 2584 652 2653 κτῆσιν
685 2585 797 2647 τοῖς
837 2582 1105 2654 μαθηταῖς
1154 2584 1550 2657 ἀπηγόρευσεν,
1607 2587 1737 2657 ἐξῆς

147 2676 465 2739 ἀκολούθως
492 2675 633 2729 κατά
657 2675 751 2728 τὸν
778 2674 1071 2740 Ματθαῖον,
1103 2676 1251 2739 ὅπως
1268 2677 1337 2730 τά
1362 2677 1497 2748 πρὸς
1528 2678 1734 2751 τροφὴν

151 2770 343 2832 αὐτοῖς
375 2767 782 2839 πτορισθήσεται,
806 2766 1118 2833 ἀναγκαίως
1144 2767 1388 2837 διεσάφει
1409 2783 1424 2797 ·
1446 2767 1527 2821 διὸ
1560 2768 1735 2839 ἐπῆγε

148 2859 331 2927 λέγων
350 2875 366 2889 ·
401 2856 596 2923 Ἄξιος
636 2862 669 2911 ὀ
707 2857 960 2927 ἐργάτης
986 2854 1097 2924 τῆς
1124 2856 1350 2926 τροφῆς
1387 2858 1595 2913 αὑτοῦ.
1622 2860 1735 2914 Καὶ

149 2949 299 3005 τοῦτ’
328 2950 481 3018 ἐλεγε
514 2949 720 3021 τροφῆς
776 2948 944 3019 μόνης
970 2948 1283 3020 ἐπιτρέπων
1323 2952 1599 3003 κοινωνεῖν
1623 2952 1735 3014 τοῖς

153 3041 432 3097 ἐθέλουσιν
472 3040 652 3103 αὐτοῖς
704 3039 1069 3111 μεταδιδόναι·
1124 3039 1378 3096 τοσοῦτον
1438 3042 1483 3095 δ⁹
1528 3042 1736 3111 ἀποφό-

156 3132 348 3205 ρεσθαι
409 3129 720 3202 συνεχώρει.
749 3130 872 3183 ὅσον
920 3128 1192 3201 αὔταρκες
1240 3125 1310 3202 ῆν
1363 3131 1539 3203 ἀνδρὶ,
1595 3130 1737 3202 πρὸς

156 3226 438 3296 ἐφήμερον
457 3222 718 3293 ἐργασίαν
738 3220 929 3275 ἐαυτὸν
965 3220 1329 3291 μεμισθωκότι
1348 3262 1363 3287 ,
1394 3223 1602 3295 τροφῆς
1643 3240 1738 3294 με-

160 3315 438 3369 ταλαϐεῖν.
473 3310 629 3366 Οὕτω
661 3312 793 3379 γοῦν
824 3314 920 3365 καὶ
955 3316 1067 3376 τοῖς
1091 3312 1149 3367 δε
1180 3313 1380 3380 ἐξεῖναι
1407 3315 1469 3367 ού
1510 3313 1737 3385 μισθοὺς

160 3404 272 3457 τῶν
295 3390 625 3475 εὐεργεσῶ
652 3401 1095 3473 εἰσπράττεσθαι,
1124 3403 1357 3472 Δωρεὰν
1380 3404 1511 3474 τὰρ,
1549 3407 1735 3477 φησὶν,

160 3496 429 3559 ἐλάϐετε,
462 3494 689 3562 δωρεὰν
714 3493 880 3548 δότε·
910 3494 1033 3547 ἀντὶ
1062 3494 1121 3548 δὲ
1144 3494 1247 3565 τῆς
1300 3496 1430 3567 περὶ
1468 3496 1532 3549 τὸ
1567 3498 1740 3567 κήρυ-

1833 2316 1880 2347 ¹⁸
1900 2315 1966 2370 Et
1996 2316 2051 2370 in
2076 2331 2437 2386 quamcunque
2461 2318 2677 2370 domum
2704 2317 3044 2383 intrauritis,
3075 2318 3149 2371 ibi
3175 2328 3403 2373 manete.

1905 2409 2164 2464 Dominus
2191 2408 2407 2479 quidem
2431 2419 2717 2479 postquam
2743 2409 3053 2464 divitiarum
3086 2420 3138 2465 et
3165 2412 3282 2465 auri
3315 2423 3404 2466 at-

1835 2512 1943 2569 que
1972 2509 2207 2569 argenti,
2236 2498 2580 2567 duplicisque
2614 2499 2829 2565 tunicae,
2873 2509 2927 2555 et
2960 2500 3250 2568 cujuslibet
3274 2504 3406 2557 sub-

1834 2591 2047 2647 stantia:
2079 2591 2477 2661 possessionem
2526 2590 2805 2661 discipulis
2848 2601 3132 2657 vetuerat;
3185 2593 3404 2658 deinde,

1835 2692 1895 2738 ut
1924 2683 2171 2752 sequitur
2214 2680 2354 2751 apud
2384 2680 2694 2735 Matthzeum
2720 2683 2789 2747 7',
2832 2686 3102 2751 quomodo
3146 2683 3405 2739 alimenta

1836 2773 2076 2827 habituri
2116 2772 2248 2835 sint,
2277 2771 2590 2827 necessario
2616 2770 3027 2826 demonstravit.
3068 2772 3190 2827 Ideo
3222 2773 3405 2827 dicere

1835 2864 2115 2935 perrexit:
2172 2862 2371 2933 Dignus
2391 2871 2469 2917 est
2496 2864 2767 2933 operarius
2805 2863 3055 2917 alimento
3096 2878 3208 2917 suo.
3239 2860 3407 2932 idque

1835 2957 2036 3019 aiebat,
2072 2954 2261 3011 volens
2296 2956 2612 3011 alimoniam
2656 2956 3033 3010 tantummodo
3077 2955 3409 3024 participare

1836 3045 1905 3100 ab
1934 3046 2002 3101 iis
2028 3045 2119 3115 qui
2149 3046 2327 3100 daturi
2356 3053 2514 3099 erant
2539 3062 2553 3098 :
2593 3054 2909 3111 tantumque
2934 3057 3148 3097 sumere
3182 3044 3411 3111 permit-

1839 3133 2024 3196 tebat,
2061 3141 2326 3201 quantum
2356 3132 2679 3186 nutrimenti
2718 3131 2926 3186 homini
2954 3131 3025 3185 ob
3055 3131 3235 3186 diurni
3271 3148 3408 3203 ope-

1838 3224 1918 3279 ris
1950 3224 2255 3279 mercedem
2292 3226 2428 3279 satis
2453 3233 2537 3280 est
2562 3225 2835 3294 accipere.
2868 3223 2961 3279 Sic
2985 3239 3115 3295 ergo
3160 3226 3244 3280 his
3270 3242 3410 3297 qun-

1838 3327 1944 3382 que
1999 3311 2167 3368 licere
2216 3310 2359 3367 haud
2419 3328 2553 3369 sane
2603 3313 2853 3369 beneﬁcii
2912 3318 3408 3372 remunerationem

1838 3404 2079 3475 exigere,
2105 3402 2285 3461 Gratis
2310 3404 2449 3458 enim
2473 3404 2764 3471 accepistis,
2806 3404 3004 3473 inquit,
3046 3407 3212 3477 gratis
3244 3409 3369 3461 date
3385 3425 3410 3474 ,-

1842 3497 1936 3551 sed
1976 3510 2075 3565 pro
2115 3494 2361 3564 impensa
2392 3493 2794 3564 praedicationis
2824 3510 3010 3564 opera,
3048 3512 3256 3567 proque
3283 3514 3409 3555 cor.

159 3604 279 3658 γμα
308 3586 505 3657 σχολῆς
529 3584 699 3639 τεκαὶ
718 3586 999 3657 ἐργασίας,
1025 3585 1146 3640 ἀντί
1175 3602 1236 3639 τε
1271 3586 1380 3641 τῶν
1411 3586 1589 3643 πόνων
1642 3586 1735 3641 τοῦ

1839 3586 2119 3657 poralihus
2146 3585 2448 3651 laboribus,
2476 3599 2612 3654 quos
2630 3586 2701 3641 ah
2723 3586 2790 3641 iis
2817 3585 3083 3641 essntlari
3109 3588 3162 3642 in
3198 3597 3406 3645 tantam

165 3678 441 3749 σώματος,
473 3675 568 3740 οὓς
595 3676 863 3748 τοσαύτην
897 3676 1280 3748 στελλομένους
1330 3678 1558 3750 πορείαν
1589 3677 1737 3743 είκδς

157 3767 231 3843 ῆν
279 3768 571 3839 ὑπομένειν
618 3768 833 3834 αὐτοὺς,
865 3768 1033 3839 μόνης
1058 3769 1264 3840 τροφῆς
1287 3772 1387 3840 τῆς
1433 3771 1738 3839 ἀναγκαίας

160 3863 363 3934 χρῆναι
400 3858 827 3931 μεταλαμϐάνειν
850 3877 865 3891 ’
895 3860 992 3914 καὶ
1015 3860 1217 3931 ταύτης
1252 3859 1327 3931 μὴ
1355 3863 1467 3924 τοῖς
1514 3861 1738 3933 τυχοῦσι

161 3955 463 4015 κοινωνεῖν,
492 3950 624 4023 μηδὲ
643 3949 795 4022 παρά
816 3950 923 4004 τῶν
945 3951 1205 4022 παρέχειν
1228 3950 1516 4005 ἐθελόντων
1538 3951 1741 4007 ἀϐασα-

160 4045 365 4107 νίστως
412 4041 728 4113 λαμϐάνειν,
775 4041 969 4112 μόνους
1023 4041 1081 4095 δὲ
1128 4043 1251 4107 τοὺς
1283 4040 1551 4115 ἀξίόυςτῇ
1580 4042 1740 4113 λήψει

158 4137 334 4207 τιμᾷν
353 4152 367 4164 ·
393 4129 475 4198 οἷς
502 4133 595 4187 καὶ
640 4132 902 4204 μεγίστην
932 4132 1167 4204 ἀμοιϐὴν
1202 4133 1301 4204 τῆς
1348 4132 1553 4204 τροφῆς
1604 4150 1740 4203 προ-

159 4226 544 4299 λαμϐάνοντας
562 4224 898 4289 ἀντιδιδόναι,
922 4220 1145 4295 εἰρήνην
1169 4225 1351 4288 αὐτοῖς
1382 4226 1475 4278 καὶ
1505 4224 1604 4288 τάς
1645 4224 1738 4278 τοῦ

155 4315 299 4371 Θεοῦ
332 4315 621 4385 διαλλαγάς
649 4314 1185 4385 εὐαγγελιζομένους.
1212 4315 1398 4370 Ταῦτα
1428 4316 1473 4370 δ’
1512 4316 1738 4370 ἀκολού-

157 4410 275 4472 θως
300 4411 416 4472 τοῖς
438 4408 536 4477 τῆς
566 4406 732 4461 αὐτοῦ
761 4406 1036 4477 βασιλείας
1067 4405 1425 4478 στρατιώταις
1471 4407 1702 4479 παρῄνει
1721 4426 1736 4440 υ

156 4496 721 4570 προμαρτυρούμενος
754 4496 828 4568 μὴ
858 4497 1156 4569 χρημάτων
1191 4499 1459 4568 ἐφίεσθαι,
1494 4500 1628 4570 μηδέ
1660 4516 1743 4553 τι-

156 4606 252 4654 νος
302 4590 364 4643 τὸ
412 4588 670 4660 παράπαν
719 4590 997 4659 κτήματος
1047 4589 1243 4661 μικροῦ
1280 4590 1315 4660 ἢ
1370 4589 1630 4660 μεγάλου,
1660 4594 1741 4655 είς

156 4681 335 4753 ἄκρον
364 4680 410 4733 δ’
453 4679 696 4733 ἐλαύνειν
742 4680 1152 4751 ἀκτημοσύνης*
1191 4682 1292 4752 τῆς
1342 4698 1402 4734 τε
1464 4682 1739 4755 ἐφημέρου

158 4772 372 4845 τροφῆς
401 4772 475 4842 μὴ
496 4774 608 4836 τοῖς
634 4772 821 4831 πᾶσιν.
844 4772 878 4843 ἢ
907 4775 1018 4834 τοῖς
1041 4772 1211 4838 ἀξίοις
1241 4772 1422 4842 μόνοις
1446 4777 1737 4827 κοινωνεῖνο

162 4867 261 4919 καὶ
305 4863 439 4935 μηδέ
477 4862 627 4932 παρά
648 4863 852 4917 τούτων
881 4865 1080 4933 προῖκα
1109 4862 1375 4916 ποιεῖσθαι
1429 4863 1528 4933 τὴν
1578 4864 1741 4934 μετά-

159 4954 361 5026 ληψιν,
412 4952 864 5024 προδανείσαντας
918 4954 975 5008 δέ
1027 4954 1121 5008 καὶ
1166 4955 1738 5027 προευεργετήσαντας

160 5048 284 5109 ταῖς
308 5046 439 5115 παρ’
463 5044 668 5098 ἐαυτῶν
701 5046 990 5114 εὐλογίαις.
1020 5078 1091 5087 -
1115 5044 1462 5117 Περιφράξας
1487 5048 1611 5109 τοὺς
1643 5063 1741 5116 μα·

162 5135 337 5208 θητάς
360 5137 390 5189 ὁ
418 5134 620 5207 Κύριος
654 5135 854 5200 ἐνθέοις
884 5137 1141 5208 δυνάμεσι
1163 5138 1258 5190 καὶ
1288 5139 1400 5199 τοῖς
1427 5137 1737 5205 φιλοσόφοις

161 5231 573 5302 παραινέσεων,
608 5228 870 5295 εὐζώνους
903 5232 1098 5294 αὐτοὺς
1130 5226 1215 5285 οἷα
1270 5231 1404 5284 Θεοῦ
1464 5230 1739 5299 βασιλείας

166 5323 506 5393 στρατιώτας
546 5322 994 5393 ἀπεργασάμενος
1040 5323 1334 5395 ἐξέπεμψε,
1392 5323 1740 5386 διδασκάλους

160 5412 258 5468 καὶ
283 5414 500 5483 ίατροὺς
523 5417 633 5478 τοῖς
672 5412 961 5476 Ἰουδαίοις,
993 5413 1199 5483 μυρίων
1228 5415 1408 5477 αὐτοῖς
1446 5414 1734 5481 ἐσομένους

163 5503 389 5573 ἀγαθῶν
424 5504 711 5576 προξένους
739 5507 834 5558 καὶ
859 5506 1125 5575 κήρυκας.
1158 5507 1217 5558 Οἱ
1268 5506 1325 5557 δὲ
1366 5506 1504 5558 κατὰ
1562 5504 1737 5557 ταῦτα

165 5596 401 5661 ἐποίουν,
432 5597 526 5649 καὶ
557 5594 833 5667 πανταχοῦ
868 5594 1179 5667 περιῄεσαν,
1208 5596 1281 5659 ὼς
1309 5596 1407 5665 μὲν
1431 5595 1738 5651 διδάσκαλοι

238 5778 285 5810 ’⁸
314 5776 355 5833 ll
381 5776 517 5835 Tim.
550 5793 609 5849 ll,
644 5779 730 5834 ιο.
802 5779 847 5809 ⁷⁸
872 5792 993 5847 cap.
1037 5793 1112 5847 Ix,
1140 5778 1191 5834 4.
1262 5778 1305 5810 ⁷³
1336 5777 1520 5833 Matth.
1550 5793 1603 5845 s,
1635 5776 1716 5832 l0.

1837 3676 2234 3748 expeditionem
2271 3676 2452 3731 missis
2479 3689 2613 3745 opus
2649 3685 2789 3742 erat,
2816 3676 2961 3731 aliud
2993 3678 3126 3733 nihil
3155 3691 3410 3749 oportere

1841 3781 2002 3836 quam
2031 3766 2393 3822 necessariam
2426 3765 2735 3821 alimoniam
2764 3767 3041 3837 accipere:
3077 3777 3240 3839 atque
3267 3770 3410 3827 hanc

1842 3858 2019 3928 ipsam
2070 3873 2180 3913 non
2224 3856 2294 3913 ab
2338 3860 2590 3914 omnibus
2636 3856 3009 3913 indiﬂ’erenter
3053 3873 3273 3915 sumere
3315 3862 3407 3930 qui

1840 3951 1971 4007 dare
2012 3950 2234 4016 vellent,
2262 3949 2358 4006 sed
2389 3964 2485 4005 eos
2517 3950 2892 4004 tantummodo
2920 3950 3021 4007 hac
3054 3951 3295 4007 muneris
3327 3966 3413 4009 ac-

1840 4042 2093 4111 ceptione
2151 4041 2424 4096 honorare
2470 4041 2563 4111 qui
2607 4041 2752 4109 digni
2799 4050 3008 4107 essent,
3048 4051 3105 4097 et
3155 4043 3249 4113 qui
3292 4058 3413 4099 ma-

1842 4133 2045 4188 ximam
2082 4130 2195 4201 jam
2244 4132 2452 4203 pridem
2482 4132 2599 4188 dati
2632 4132 2741 4187 cibi
2788 4133 3281 4189 remunerationem
3317 4150 3413 4190 ac-

1841 4223 2117 4291 cepissent
2161 4220 2231 4276 ab
2272 4222 2342 4277 iis
2386 4220 2479 4291 qui
2520 4235 2708 4291 pacem
2736 4229 2792 4277 et
2836 4237 2961 4277 cum
3009 4223 3119 4278 Deo
3164 4226 3414 4281 reconci-

1841 4312 2119 4368 liationem
2149 4313 2546 4384 evangelizant.
2576 4310 2701 4367 Haec
2757 4322 3120 4369 consentanea
3151 4316 3301 4386 regni
3327 4316 3410 4372 sui

1842 4404 2113 4460 militibus
2170 4406 2463 4472 monebat;
2506 4412 2733 4461 testatus
2771 4413 2968 4470 antea,
3004 4419 3112 4461 non
3158 4419 3414 4476 oportere

1841 4495 2036 4563 opibus
2062 4495 2295 4561 inhiare,
2340 4507 2439 4550 nec
2468 4493 2756 4561 cujuslibet
2783 4496 3008 4552 omnino
3040 4497 3159 4553 sive
3200 4513 3415 4569 magum

1845 4585 1962 4640 sive
1993 4586 2173 4641 tenuis
2211 4586 2290 4641 rei
2326 4586 2655 4656 possessioni
2682 4602 2699 4652 ;
2733 4587 2827 4641 sed
2858 4597 3226 4657 paupertatem
3258 4604 3414 4644 sum-

1844 4693 1987 4733 mam
2018 4680 2237 4735 sectari.
2263 4677 2406 4745 Quin
2444 4678 2601 4743 adeo,
2627 4686 2687 4732 ut
2729 4678 3001 4743 dicimus,
3043 4694 3110 4734 ne
3144 4681 3417 4749 quotidia-

1845 4785 1973 4825 num
2005 4769 2223 4839 quidem
2265 4770 2468 4825 victum
2496 4768 2567 4824 ab
2592 4769 2842 4826 omnibus
2880 4770 3277 4837 indifferenter,
3318 4772 3414 4828 sed

1845 4875 1875 4914 a
1917 4860 2096 4931 dignis
2138 4869 2343 4915 tantum
2397 4860 2772 4932 participare,
2812 4875 2992 4931 neque
3040 4861 3186 4918 hunc
3234 4862 3412 4932 ipsum

1842 4953 2111 5023 gratuito,
2142 4952 2237 5007 sed
2269 4966 2435 5023 opera
2470 4953 2523 5007 in
2550 4961 2894 5008 antecessum
2925 4954 3187 5021 prestita,
3224 4963 3282 5008 et
3320 4955 3416 5009 im-

1844 5044 2060 5113 pertitis
2097 5045 2212 5100 suis
2237 5060 2363 5115 erga
2407 5044 2530 5100 illos
2560 5044 3049 5101 benedictionibus.
3073 5071 3143 5085 -—
3174 5042 3267 5099 Sic
3315 5044 3417 5099 ita-

1846 5153 1951 5207 que
1982 5153 2213 5208 superna
2263 5139 2503 5208 potentia
2534 5149 2589 5195 et
2638 5137 2973 5209 sapientibus
3020 5138 3415 5193 adhortationi-

1846 5232 1947 5285 hus
1987 5231 2350 5286 communitos
2392 5231 2705 5301 discipulos,
2752 5230 3139 5300 expeditosque
3176 5227 3287 5296 iam
3320 5228 3413 5283 Dei

1847 5320 1999 5389 regni
2040 5319 2239 5373 milites
2266 5320 2613 5386 constitutos,
2669 5318 2819 5373 misit
2872 5332 2965 5373 eos
3014 5318 3305 5385 magistros
3348 5332 3415 5371 ac

1843 5412 2080 5465 medicos
2122 5411 2191 5466 ad
2233 5411 2467 5475 Judaos.
2508 5420 2565 5467 ut
2607 5412 2694 5465 his
2739 5408 3211 5464 innumerabilium
3243 5409 3416 5462 bono-

1845 5517 1963 5556 rum
1999 5503 2174 5557 nuntii
2226 5512 2408 5557 essent
2436 5512 2599 5572 atque
2627 5503 2866 5555 datores.
2916 5498 2979 5553 Hi
3015 5514 3140 5553 vero
3181 5498 3254 5551 ita
3288 5512 3415 5567 ege-

1844 5603 2005 5661 runt,
2053 5605 2107 5651 ct
2154 5608 2561 5665 quaqucversus
2614 5593 2984 5649 discurrentes
3018 5606 3115 5649 ceu
3164 5590 3414 5660 magistri
