4128 6294
234 346 334 407 ω

1387 342 1887 399 COMIIENTARIA
1919 341 1989 397 IN
2029 339 2293 399 ιυεα.

3396 322 3505 382 850

234 471 329 528 τοῦ
362 468 651 542 βασιλείας.
689 463 888 534 Διόπερ
932 460 1124 527 εἰπὼν,
1168 463 1253 516 δτι
1304 462 1800 534 ἐπαισχυνθήσεται

1922 461 2080 530 tergit
2107 460 2288 516 dicere
2327 477 2343 516 :
2389 459 2525 515 Vere
2561 465 2743 513 autem
2778 454 2899 511 dico
2926 452 3093 520 vobis,
3120 458 3244 508 sunt
3282 448 3505 522 quidem

235 562 325 616 τὸν
350 555 775 628 ὶπαισχυνθέντα
805 551 989 617 αὐτὸν,
1018 553 1151 605 ὅταν
1171 550 1301 623 non
1332 553 1391 605 ἐν
1426 554 1492 623 τῇ
1535 552 1661 623 δόξῃ
1713 551 1808 605 τοῦ

1922 552 1981 605 de
2006 552 2091 604 hic
2127 552 2451 616 astantibus,
2476 559 2582 603 etc.

233 651 467 723 Πατρός,
502 650 629 719 ἑξῆς
659 645 1017 700 ἐπισυνάπτει
1052 645 1307 715 φάσκωνο
1343 644 1508 715 Λέγω
1550 642 1621 697 δὲ
1673 642 1814 713 ὑμῖν
1843 644 2106 713 ἀληθῶς,
2134 644 2260 698 εἰσί
2278 659 2438 709 τινες
2460 640 2580 696 τῶν
2597 634 2716 695 ὦδε
2734 636 3030 702 ἑστώτων,
3061 652 3117 690 κ.
3149 650 3203 689 τ.
3233 632 3289 689 λ.

305 777 670 851 Παραλαϐὼν
717 776 825 831 τὸν
864 775 1136 901 ,Ετρὲζγ
1162 774 1263 829 καί
1308 774 1589 844 Ἰωάννην
1640 775 1742 829 καί

979 863 1027 899 ω
1139 884 1154 898 .

979 861 1154 899 ωσογ.

301 986 412 1042 Καὶ
441 987 498 1039 ἐν
532 982 630 1055 μιν
664 983 730 1052 τῇ
763 976 1185 1051 μεταμορφώσει
1215 978 1364 1051 τρεῖς
1401 977 1551 1049 μόνοι
1600 975 1698 1049 τὴν
1726 976 1817 1031 δυ-

234 1078 392 1148 νάμει
417 1074 672 1144 ὀφθεῖσαν
706 1072 890 1133 αὐτοῖς
931 1069 1207 1139 βασιλείαν
1230 1069 1340 1122 τῶν
1378 1067 1637 1141 ὀὐρανῶν
1696 1068 1817 1124 θεά-

235 1167 429 1223 σασθαι
458 1163 798 1236 ἠξιώθησαν·
838 1163 897 1215 ἐν
928 1161 985 1233 δὲ
1040 1162 1107 1231 τῇ
1140 1159 1418 1231 συντελείᾳ
1464 1159 1560 1213 τοῦ
1594 1159 1809 1224 αἰῶνος,

234 1258 451 1314 ἐπειδὰν
499 1254 639 1326 μετὰ
694 1254 795 1323 τῆς
848 1250 1010 1321 δόξης
1066 1252 1164 1321 τῆς
1203 1250 1479 1322 πατρικῆς
1537 1253 1567 1304 6
1610 1250 1814 1334 Κύριος

1981 778 2025 811 "
2055 777 2347 847 Assumptis
2378 772 2541 831 Petro
2574 784 2622 829 et
2644 772 2853 828 Joanne
2882 782 3041 844 atque
3076 769 3300 839 Iacobo,
3319 778 3431 828 etc.

1981 981 2049 1036 Et
2078 982 2131 1034 in
2173 975 2650 1049 transtigttratione
2690 975 2911 1045 quidem
2964 983 3076 1031 tres
3127 968 3505 1027 tantummodo

1912 1074 2219 1145 prodigiose
2246 1071 2380 1141 ipsis
2402 1082 2684 1125 ostensum
2715 1067 2865 1139 digni
2906 1064 3129 1120 {uerunt
3158 1076 3384 1118 cernere
3410 1076 3503 1117 re-

1918 1181 2079 1235 gnum
2107 1164 2404 1243 cmloruma
2429 1161 2484 1216 In
2513 1161 2695 1215 σπευιὶ
2722 1174 2853 1215 vero
2880 1156 3349 1214 consummatione
3377 1171 3503 1210 cum

1920 1270 2026 1309 non
2061 1255 2179 1307 sine
2203 1262 2427 1322 paterna
2456 1251 2742 1322 majestate
2763 1249 3027 1304 Dominus
3062 1248 3331 1311 adveniet,
3360 1245 3504 1301 haud

233 1351 518 1421 ἀφίκηται,
550 1344 736 1399 οὐκέτι
767 1343 1011 1414 Μωῦσῆς
1042 1342 1200 1414 μόνον
1234 1346 1329 1397 καὶ
1371 1344 1555 1408 Ἠλίας
1581 1344 1811 1415 δορυφο-

1922 1348 2024 1419 iam
2058 1345 2269 1415 Moyses
2298 1344 2670 1399 tantummodo
2696 1353 2863 1411 atque
2892 1340 3037 1396 Elias
3065 1341 3240 1408 ipsum
3274 1337 3508 1393 comita-

235 1440 488 1510 ρήσουσιν
549 1432 710 1488 αὐτὸν
729 1470 745 1496 ,
793 1431 915 1485 οὐδὲ
974 1435 1123 1503 τρεῖς
1178 1432 1326 1503 μόνοι
1386 1431 1494 1486 τῶν
1558 1430 1815 1502 μαθητῶν

228 1526 379 1597 αὐτῷ
434 1525 768 1587 συνέσανται,
809 1522 946 1577 ἀλλὰ
990 1523 1190 1585 πάντες
1228 1511 1507 1592 προφῆται
1561 1524 1655 1576 καὶ
1710 1540 1815 1576 πα-

233 1618 485 1692 τριάρχαι
530 1615 622 1669 καὶ
656 1615 852 1668 δίκαιοι
873 1633 887 1645 ·
920 1614 1015 1668 καὶ
1043 1614 1141 1667 οὐκ
1171 1615 1250 1677 εἰς
1282 1613 1407 1685 ὅρος
1440 1613 1662 1684 ὑψηλὸν,
1697 1614 1812 1668 ἀλλ’

231 1712 311 1775 εἰς
330 1710 422 1762 τὸν
458 1706 685 1779 οὐρανὸν
717 1705 903 1772 ἀνάξει
930 1705 1057 1767 τοὺς
1083 1703 1267 1770 ἀξίους
1303 1700 1402 1773 τῆς
1432 1702 1596 1757 αὑτοῦ
1624 1704 1812 1776 θεότη-

1922 1442 2151 1503 buntur,
2182 1450 2356 1505 neque
2413 1447 2523 1490 tres
2571 1443 2779 1489 tantum
2817 1432 3066 1500 discipuli
3107 1432 3373 1497 aderunt,
3404 1431 3505 1485 sed

1923 1534 2194 1601 prophetae
2216 1544 2426 1593 omnes,
2452 1527 2795 1597 patriarchas,
2822 1526 3067 1596 iustique
3099 1523 3382 1588 homines;
3409 1536 3507 1577 ne-

1920 1638 2025 1692 que
2053 1622 2105 1675 in
2134 1621 2407 1675 excelsum
2454 1631 2717 1686 montem,
2760 1619 2853 1673 sed
2889 1617 3167 1673 incretum
3214 1630 3385 1684 usque
3417 1613 3506 1669 dl-

1920 1728 2053 1784 gnos
2083 1728 2180 1766 sua
2225 1712 2429 1767 deitate
2458 1712 2737 1780 perducet.
2776 1709 2927 1764 Tunc
2949 1710 3125 1763 deitas
3155 1708 3272 1775 ejus
3315 1704 3505 1777 splen-

232 1818 339 1864 τος.
373 1798 508 1853 Τότε
546 1796 602 1850 δὲ
626 1795 829 1867 λάμψει
860 1797 894 1866 ή
937 1794 1125 1864 θεότης
1152 1793 1316 1847 αὑτοῦ
1344 1795 1441 1864 οὐχ
1478 1794 1554 1859 ὼς
1582 1796 1611 1847 6
1640 1795 1811 1865 ἥλιος,

1922 1804 2103 1856 tlescet
2134 1818 2240 1856 non
2280 1813 2340 1856 ut
2386 1801 2490 1866 sol,
2518 1802 2611 1854 sed
2644 1814 2805 1870 supra
2843 1815 3007 1869 quam
3051 1797 3309 1869 qumhhet
3337 1812 3510 1852 exco-

229 1891 345 1945 ἀλλ’
377 1891 519 1962 ὑπὲρ
547 1890 655 1943 πᾶν
688 1886 1069 1957 ἐπινοούμενον
1101 1885 1158 1938 ἑν
1206 1903 1266 1938 τε
1300 1886 1578 1955 αἰσθητοῖς
1611 1887 1704 1940 καὶ
1752 1889 1810 1941 ἐν

233 1985 443 2055 νοητοῖς
466 1980 720 2052 γεννητὸν
738 1978 872 2048 φῶς·
902 1976 1130 2049 ἐπείπερ
1162 1978 1311 2030 ἐστὶν
1337 1976 1498 2041 αὑτὸς
1521 1978 1581 2031 τὸ
1610 1977 1725 2047 φῶς
1750 1978 1813 2031 τὸ

231 2074 465 2144 φωτίζον
496 2073 673 2127 πάντα
693 2072 975 2143 ἄνθρωπον
1003 2071 1298 2141 ἐρχόμενον
1330 2072 1411 2134 εἰς
1429 2070 1522 2125 τὸν
1566 2072 1770 2142 κόσμον
1794 2089 1807 2101 ·

227 2165 320 2220 ὅτε
344 2168 438 2220 καὶ
470 2164 631 2231 δείξει
659 2163 825 2217 αὐτοῦ
858 2163 920 2216 τὸ
945 2163 1261 2234 πρόσωπον⁸
1292 2164 1352 2215 οὐ
1378 2162 1487 2235 γὰρ
1511 2164 1587 2228 ὡς
1646 2163 1812 2217 πάλαι

226 2256 309 2328 τῷ
330 2259 554 2311 Μωῦσετ
574 2272 703 2309 ποτε
735 2255 939 2323 ἔλεγεν,
970 2257 1051 2308 ὅτι
1082 2255 1156 2308 Τὰ
1178 2255 1371 2309 ὀπίσω
1386 2272 1507 2325 μου
1531 2256 1667 2324 ὄψει
1690 2297 1703 2321 ,
1745 2256 1813 2310 τὸ

225 2344 301 2399 δὲ
329 2347 659 2415 πρόσωπόν
693 2362 811 2415 μου
843 2346 956 2398 οὐκ
992 2343 1325 2413 ὀφθήσεται
1355 2358 1488 2407 σοι,
1524 2344 1668 2399 οὕτω
1718 2348 1813 2399 καὶ

231 2438 352 2492 τότε
380 2440 593 2507 ποιήσει
611 2454 625 2467 °
659 2436 775 2490 ἀλλ’
806 2435 979 2500 οὕτως
1012 2436 1203 2489 ἑαυτὸν
1233 2436 1461 2508 παρέξει
1486 2438 1600 2500 τοῖς
1619 2436 1813 2504 άγὶοις,

234 2529 309 2592 ώς
362 2528 619 2582 δύνασθαι
670 2530 878 2592 πάντας
923 2528 1130 2597 λέγειν’
1172 2527 1361 2597 Ἡμεῖς
1400 2526 1488 2593 δὲ,
1521 2529 1815 2582 ἀνακεκα-

229 2619 516 2688 λυμμένῳ
543 2618 841 2686 προσώπῳ
874 2618 988 2687 τὴν
1014 2618 1203 2683 δόξαν
1239 2619 1459 2688 Κυρίου
1501 2635 1817 2687 κατοπτρι-

235 2710 482 2781 ζόμενοι,
514 2710 629 2777 τὴν
673 2709 869 2777 αὐτὴν
905 2710 1106 2764 εἰκόνα
1139 2711 1670 2779 μεταμορφούμεθα
1696 2710 1815 2764 ἀπὸ

234 2799 421 2869 δόξης
448 2804 535 2868 εἰς
561 2800 767 2865 δόξαν.
802 2801 914 2855 Καὶ
943 2801 1064 2854 τότε
1098 2801 1159 2852 οὐ
1190 2798 1386 2869 νεφέλη
1442 2798 1659 2870 βοήσει,
1693 2799 1816 2853 οὐδὲ

234 2890 323 2944 διὰ
350 2892 577 2964 νεφέλης
596 2895 624 2946 6
648 2892 837 2965 Πατὴρ
872 2893 1210 2966 μαρτυρήσει
1237 2892 1315 2961 τῷ
1344 2890 1480 2961 Υἱῷ,
1509 2892 1623 2945 ἀλλ’
1654 2891 1819 2957 αὐτὸς

232 2982 299 3037 δι’
323 2983 521 3037 ἑαυτοῦ
545 2984 670 3055 δίχα
696 2985 897 3049 παντὸς
920 2985 1375 3055 ὲπισκιάσματος,
1406 2985 1499 3037 καὶ
1517 2982 1649 3053 ,δίχα
1680 3002 1815 3036 παν-

234 3074 324 3139 τὸς
348 3076 650 3147 ἑρμηνέως,
701 3076 852 3147 αὑτῷ
891 3075 970 3147 τῷ
1011 3077 1155 3147 ἔργῳ
1182 3076 1273 3129 τὸν
1332 3075 1592 3145 μονογενῆ
1651 3074 1818 3129 αὑτοῦ

1919 1892 2076 1962 gitari
2114 1900 2291 1961 potest
2324 1890 2409 1944 vel
2456 1889 2731 1944 sensibilis
2782 1889 2866 1943 vel
2900 1885 3280 1942 intellectualis
3318 1895 3506 1941 creata

1920 1985 2008 2039 lux
2040 1983 2515 2053 :quandouuidem
2550 1982 2664 2049 ipse
2696 1980 2787 2034 lux
2821 1988 2903 2033 est
2944 1994 3066 2049 qua:
3092 1980 3361 2032 illuminat
3385 1993 3508 2032 om-

1920 2090 2042 2129 nem
2094 2074 2367 2127 hominem
2400 2073 2703 2127 Vettiettteut
2748 2071 2803 2123 in
2844 2071 2987 2124 hunc
3032 2070 3313 2122 ntutttluut.
3351 2065 3506 2123 Tunc

1919 2168 2082 2219 etiam
2130 2166 2325 2220 faciem
2372 2181 2528 2219 suam
2580 2164 2860 2217 revelabit.
2893 2161 3009 2215 Non
3049 2162 3236 2224 enim,
3269 2170 3327 2214 ut
3375 2162 3504 2215 olim

1920 2264 2086 2335 Moysi
2136 2264 2337 2317 dictum
2377 2262 2501 2327 fuit,
2549 2260 2860 2315 Posteriora
2904 2274 3021 2312 mea
3068 2257 3281 2323 videbis,
3332 2257 3507 2310 vultus

1921 2366 2096 2407 tamen
2126 2372 2156 2408 a
2180 2365 2228 2405 te
2254 2370 2359 2407 non
2388 2352 2765 2422 spectobitur"
2792 2368 2807 2417 ;
2839 2366 2943 2404 non
2971 2352 3073 2413 sic,
3111 2349 3354 2415 inquam,
3377 2357 3507 2401 tunc

1922 2462 2136 2517 quoque
2163 2461 2221 2499 se
2244 2455 2391 2515 geret
2418 2462 2433 2510 ;
2465 2446 2558 2499 sed
2594 2446 2668 2497 ita
2697 2452 2871 2497 semet
2897 2443 3104 2496 sanctis
3134 2440 3509 2502 exhibebit,ut

1922 2554 2110 2593 oumes
2154 2538 2337 2592 dicere
2379 2548 2629 2605 queant:
2674 2534 2791 2590 Nos
2836 2535 3060 2589 revelata
3099 2535 3233 2603 [acie
3278 2534 3507 2602 gloriam

1922 2628 2137 2683 Domini
2178 2631 2528 2699 speculantes,
2569 2628 2625 2680 in
2664 2629 2897 2681 eamdem
2935 2624 3506 2696 itttagt'tteaurattsfor-

1922 2735 2127 2772 utamur
2153 2721 2216 2772 de
2238 2720 2409 2789 gloria
2438 2723 2489 2772 in
2516 2718 2739 2787 gloriam
2761 2718 2830 2769 τ’.
2866 2716 3019 2771 Tunc
3054 2715 3189 2771 vero
3228 2716 3369 2769 haud
3406 2730 3506 2769 uu-

1923 2809 2017 2865 hes
2063 2810 2353 2877 clamabit,
2386 2824 2560 2877 neque
2609 2810 2675 2863 de
2722 2808 2861 2862 nube
2916 2807 3077 2862 Pater
3128 2808 3511 2861 tcstiiicabitur

1924 2902 2080 2963 Filio,
2106 2902 2198 2955 sed
2230 2902 2342 2969 ipse
2382 2916 2479 2969 per
2514 2914 2597 2963 se,
2628 2900 2835 2967 absque
2887 2899 2995 2951 ullo
3036 2898 3379 2967 cperimento
3426 2897 3509 2952 vel

1924 2990 2246 3061 interprete,
2284 3004 2473 3060 reapse
2516 2991 2855 3059 unigenitum
2905 2987 3101 3042 Filium
3150 3004 3306 3043 suum
3342 3002 3507 3058 supra

1924 3097 2114 3137 omnes
2141 3092 2359 3137 sanctos
2402 3081 2765 3146 glorilicaliit,
2805 3094 3180 3135 consessorem
3223 3095 3378 3133 suum
3424 3094 3509 3133 re-

235 3166 364 3221 Υίδν
398 3167 493 3220 ἐπὶ
526 3167 743 3221 πάντων
780 3169 888 3222 τῶν
919 3169 1089 3238 ἁγίων
1118 3167 1282 3222 αὑτοῦ
1309 3166 1559 3234 δοξάσει,
1590 3167 1817 3240 σύνθρο-

1924 3174 2121 3243 gnique
2149 3173 2474 3243 participem
2501 3187 2622 3227 esse
2664 3172 3068 3237 demonstrans,
3103 3180 3160 3224 et
3192 3184 3352 3239 supra
3392 3184 3510 3223 om-

234 3274 325 3312 νον
374 3257 538 3311 αὐτὸν
599 3259 777 3330 ἑαυτῷ
835 3261 929 3315 καὶ
975 3260 1312 3331 συμϐασιλέα
1354 3259 1663 3327 ἀποδείξας,
1729 3261 1821 3314 καὶ

238 3351 494 3423 ὔπεράνω
523 3353 703 3425 πάσης
730 3354 904 3425 ἀρχῆς
932 3354 1281 3425 καταστήσας
1308 3352 1470 3406 αὐτόν
1493 3368 1507 3382 ⁸
1536 3350 1659 3405 οὔτε
1692 3352 1822 3404 οὑκ-

237 3441 317 3495 ἐτι
377 3441 566 3516 ὥσπερ
607 3444 727 3498 τότε
776 3447 823 3499 οἱ
877 3448 1027 3517 τρεῖς
1088 3443 1327 3516 μαθηταὶ
1385 3443 1537 3515 μόνοι
1587 3441 1680 3495 ἐπὶ
1724 3441 1820 3496 τοῦ

236 3532 396 3604 δρους
445 3535 777 3601 ἀκούσαντες
813 3537 915 3606 τῆς
948 3536 1129 3609 φωνῆς
1156 3534 1249 3589 ἐπὶ
1286 3536 1575 3606 πρόσωπον
1606 3533 1819 3599 ἔπεσον,

238 3628 329 3679 καὶ
359 3628 729 3701 ἐφοϐήθησαν,
772 3628 907 3683 ἀλλά
940 3630 1035 3682 καὶ
1061 3630 1168 3683 πᾶν
1192 3626 1320 3697 γόνυ
1352 3625 1560 3697 κάμψει
1584 3628 1821 3695 ἐπουρα-

237 3718 364 3795 νίων
402 3721 497 3773 καὶ
531 3721 786 3789 ἐπιγείων
818 3721 913 3775 καὶ
944 3716 1334 3791 καταχθονίων.

261 3810 436 3879 Φωνὴ
469 3810 706 3881 ἐγένετο
731 3812 799 3865 ἐκ
825 3812 935 3882 τῆς
971 3812 1230 3883 νεφέλης
1257 3810 1545 3882 λέγουσα,
1575 3828 1629 3864 κ.
1661 3828 1713 3865 τ.
1737 3809 1788 3864 λ.

304 3902 471 3981 Φωνὴ,
490 3904 730 3974 πατρικὴ
752 3902 840 3958 διὰ
865 3904 1114 3975 νεφέλης,
1144 3904 1318 3968 οὕτως
1363 3902 1473 3974 γὰρ
1504 3903 1752 3973 φαίνεται
1792 3905 1822 3957 6

234 3989 387 4056 Θεὸς,
431 3991 730 4064 ἐμαρτύρει
759 3994 979 4067 Χριστῷ
1012 3994 1109 4067 τὴν
1148 3995 1401 4064 υἰότητασ
1439 3994 1542 4048 ἔδει
1589 3994 1698 4067 γὰρ
1745 3996 1820 4067 μὴ

1924 3279 2047 3319 nem
2096 3265 2457 3333 principatum
2508 3262 2870 3318 constituens.
2900 3261 3054 3317 Tunc
3101 3262 3242 3316 haud
3287 3259 3422 3329 jam,
3454 3271 3511 3313 ut

1927 3363 2038 3409 tres
2076 3354 2205 3408 olim
2236 3354 2336 3408 soli
2369 3353 2615 3422 discipuli
2648 3352 2831 3406 audita
2878 3353 2932 3405 in
2967 3361 3149 3405 monte
3176 3365 3310 3403 voce
3337 3351 3390 3405 in
3428 3348 3513 3403 fa-

1924 3447 2060 3500 ciem
2090 3446 2439 3516 procidernnt
2468 3460 2534 3500 ac
2578 3445 2998 3512 pertimuerunt,
3034 3444 3127 3497 sed
3163 3458 3322 3497 oume
3366 3457 3508 3511 genu

1924 3534 2167 3593 flectetur
2186 3537 2505 3603 cmicstium,
2532 3534 2869 3591 terrestrium
2895 3544 2951 3590 et
2982 3533 3315 3590 infernarum
3332 3533 3400 3588 ⁸⁸.

2102 3872 2106 3875 ὶ
2170 3809 2214 3845 δι
2247 3810 2363 3867 Vos:
2382 3813 2447 3866 de
2470 3812 2604 3866 nube
2626 3811 2771 3882 [arta
2795 3820 2894 3876 est,
2924 3811 3125 3876 dicens,
3149 3818 3259 3865 etc.

1992 3905 2112 3959 Vox
2135 3916 2358 3975 paterna
2386 3917 2451 3957 ex
2480 3903 2644 3969 nube,
2680 3917 2803 3955 nam
2834 3901 2914 3956 sic
2963 3900 3107 3954 Deus
3155 3908 3398 3969 apparet,
3429 3899 3513 3956 di-

1922 3998 2179 4069 gnitatem
2213 3994 2331 4049 Filii
2374 3994 2595 4049 Christo
2624 3992 3002 4051 attestabatur.
3031 3989 3325 4060 Oportebat
3361 3993 3510 4045 enim

235 4082 387 4154 παρὰ
413 4084 624 4156 Πέτρου
654 4084 816 4155 μόνου
845 4085 1178 4156 γνωσθῆναι,
1204 4086 1285 4139 ὅτι
1309 4085 1468 4149 αὐτὸς
1508 4087 1594 4157 εἰη
1630 4089 1659 4139 6
1688 4088 1817 4157 Χρι-

1926 4089 2065 4143 haud
2096 4103 2125 4141 a
2151 4088 2265 4142 solo
2293 4086 2456 4141 Petro
2482 4086 2763 4155 cognosci.
2804 4098 2928 4138 eum
2957 4099 3079 4137 esse
3108 4082 3380 4137 Christum
3418 4084 3512 4138 Dei

237 4174 360 4239 στδς
380 4177 410 4229 6
442 4175 572 4240 Υἱὸς
603 4176 698 4229 τοῦ
735 4176 869 4231 Θεοῦ
896 4178 992 4232 τοῦ
1027 4177 1259 4244 ζῶντος
1295 4178 1417 4250 μηδ’
1465 4178 1628 4232 αὐτὸν
1662 4179 1817 4249 μόνον

1925 4180 2030 4233 vivi
2061 4179 2277 4233 Filium.
2300 4177 2486 4248 Neque
2519 4179 2688 4247 ipsum
2725 4175 3001 4231 Christum
3033 4174 3405 4231 tantummodo
3430 4185 3514 4228 te-

233 4269 312 4341 τῷ
333 4271 531 4344 Πέτρῳ
567 4272 1048 4345 μεμαρτυρηκέναι
1071 4273 1145 4336 ὼς
1168 4271 1319 4344 παρὰ
1344 4270 1438 4324 τοῦ
1484 4272 1697 4341 Πατρός
1726 4270 1817 4324 τοῦ

1922 4271 2053 4325 stari
2084 4270 2244 4325 Petro
2265 4280 2543 4347 acceptam
2574 4284 2604 4322 a
2634 4267 2797 4321 Patre
2818 4266 3029 4323 cmlesti
3062 4268 3127 4321 de
3151 4281 3209 4319 se
3225 4266 3508 4331 notitiam;

234 4365 295 4416 ἐν
322 4366 440 4427 τοῖς
468 4365 720 4437 οὐρανοῖς
746 4364 845 4436 τὴν
873 4367 1001 4435 περὶ
1030 4364 1194 4417 αὐτοῦ
1222 4364 1423 4431 γνῶσιν
1445 4361 1680 4431 εἰληφὼς
1709 4360 1814 4433 εἴη·

1922 4362 2017 4417 sed
2056 4364 2250 4430 ipsam,
2288 4362 2528 4429 inquam,
2555 4370 2839 4428 paternam
2882 4372 3069 4411 vocem
3110 4357 3394 4411 veritatem
3428 4355 3511 4410 di-

234 4454 370 4509 ὰλλὰ
394 4456 493 4509 καὶ
542 4456 709 4528 αὐτὴν
740 4458 840 4528 τὴν
869 4457 1139 4527 πατρικὴν
1196 4455 1378 4525 φωνὴν
1423 4453 1817 4524 ἐπισφραγίσα-

1923 4451 1995 4506 cti
2040 4452 2197 4520 quasi
2258 4450 2434 4521 sigillo
2480 4450 2841 4514 conﬁrmare,
2878 4450 3131 4501 testando
3173 4447 3345 4515 ipsum
3385 4460 3512 4501 esse

236 4545 361 4602 σθαι
392 4547 495 4619 τὴν
539 4547 794 4621 ἀλήθειαν
830 4548 926 4603 τοῦ
978 4548 1166 4615 λόγου,
1228 4545 1605 4619 μαρτυροῦσαν
1657 4544 1817 4597 αὑτὸν

1924 4543 2199 4598 Christum
2217 4542 2313 4598 Dei
2339 4542 2531 4597 Filium
2557 4559 2575 4609 ;
2597 4542 2757 4611 eique
2781 4556 2903 4595 esse
2934 4538 3349 4595 auscultandum
3372 4555 3511 4609 pra:-

234 4635 374 4694 εἷναι
410 4641 545 4693 Υἱδν
569 4640 663 4694 τοῦ
694 4641 853 4709 Θεοῦ,
886 4641 994 4694 δεῖν
1029 4658 1088 4694 τε
1142 4640 1358 4694 ἀκούειν
1380 4636 1544 4691 αὐτοῦ
1579 4651 1821 4707 παρακε-
1924 4633 2123 4703 cipere.

234 4731 564 4804 λευομένην.

246 4822 390 4878 Ἐὰν
411 4823 538 4893 μὲν
569 4818 615 4895 ᾖ
630 4826 776 4895 ,ἐκεῖ
798 4827 828 4878 6
858 4827 989 4893 υἰὸς
1034 4826 1295 4895 εἰρήνης,
1332 4823 1823 4895 ἐπαναπαύσεται

613 4894 707 4947 ἐπ’
738 4897 927 4950 αὐτὸν
954 4899 993 4965 ἡ
1020 4894 1229 4966 εἰρήνη
1259 4894 1445 4965 ὑμῶν.

313 4987 488 5059 Ὁρᾷς
537 4986 684 5050 ὅπως
716 4987 1097 5059 ¹ττροεξετιὶζειν
1153 4988 1248 5041 καὶ
1309 4987 1383 5057 μὴ
1422 4986 1587 5039 πᾶσιν
1630 4984 1823 5053 ἀνέδην

234 5080 468 5161 ἑαυτοὺς
494 5079 761 5134 ἐκδιδόναι
800 5082 1049 5153 παρῄνει,
1087 5080 1223 5135 ἀλλὰ
1246 5082 1340 5133 καὶ
1364 5077 1611 5150 πρώτους
1638 5077 1738 5146 τῆς
1763 5076 1825 5141 ἐξ

235 5169 419 5225 αὔτῶν
460 5168 784 5241 εὐεργεσίας
813 5170 1177 5242 ἀπάρχεσθαι,
1213 5171 1307 5224 καὶ
1347 5168 1595 5236 πρώτους
1622 5164 1822 5219 διδόναι

232 5262 343 5317 τῶν
390 5263 585 5324 αὐτοῖς
615 5260 1008 5332 ὑπαρχόντων;
1050 5262 1254 5334 Εἰρήνη
1281 5262 1337 5316 δὲ
1376 5257 1444 5332 ἦν
1483 5258 1643 5329 αὕτη,
1685 5257 1855 5327 πρέ-“

236 5372 415 5410 mea
453 5352 596 5408 Θεοῦ
643 5354 999 5427 στρατιώταις
1038 5353 1212 5425 φωνὴ,
1256 5356 1543 5425 νικητήρια
1585 5351 1706 5404 κατ’
1732 5350 1824 5419 ἐχ·-

236 5449 382 5521 θρῶν
412 5446 733 5521 ἀραμένοις.
781 5447 974 5514 Δίωξιν
1007 5447 1137 5517 γοῦν
1174 5447 1401 5518 ἐχθρῶν,
1433 5446 1528 5499 καὶ
1565 5441 1823 5513 καθαίρε-

237 5556 320 5595 σιν
349 5539 655 5610 πολεμίων,
680 5537 813 5592 Θεοῦ
838 5555 897 5593 τε
924 5538 1141 5608 φιλικὰς
1162 5537 1451 5606 διαλλαγὰς
1467 5537 1531 5589 τὸ
1552 5535 1649 5606 τῆς
1673 5532 1824 5602 εἰρή-

313 5739 356 5772 ”
383 5755 512 5812 cap.
542 5737 728 5806 ts,28.
805 5740 849 5772 ⁷³
884 5740 1052 5796 Exod.
1093 5756 1280 5808 sunt,
1318 5739 1415 5795 εδ.
1490 5740 1531 5772 τ’
1569 5737 1605 5793 ll
1637 5736 1761 5796 Cor.
1801 5753 1815 5793 ι

1923 5738 1977 5797 8.
2052 5737 2099 5770 ⁸⁸
2128 5734 2355 5807 Philipp.
2384 5751 2445 5805 ιι,
2478 5734 2564 5789 10.
2642 5734 2684 5768 ⁸⁸
2712 5746 2833 5803 cap.
2866 5746 2942 5803 ts,
2971 5731 3063 5788 5i.

1925 4812 1972 4845 "
2000 4809 2058 4866 Si
2086 4810 2297 4881 quidem
2325 4808 2397 4863 ibi
2436 4808 2591 4931 [silit-it
2631 4809 2779 4877 ﬁlius
2810 4808 2979 4876 pacis,
3028 4808 3309 4878 requiescet
3349 4821 3509 4874 super

2459 4896 2475 4931 t
2522 4896 2609 4931 um
2642 4894 2747 4931 una:
2788 4890 3005 4931 vestra.”

2459 4894 2609 4933 tuum
2641 4894 2747 4947 pax
2788 4894 2978 4935 vestra.
3000 4896 3005 4901 '

1997 4970 2189 5028 Viden'
2216 4975 2486 5043 quomodo
2509 4981 2637 5049 ante
2654 4969 3010 5040 perpendere,
3048 4982 3225 5038 neque
3255 4967 3509 5023 omnibus

1926 5067 2141 5120 incaute
2173 5079 2231 5119 se
2251 5064 2593 5119 committere
2623 5062 2893 5124 hortatur,
2927 5060 3022 5114 sed
3054 5070 3108 5113 et
3130 5059 3274 5129 ipsos
3298 5058 3509 5127 priores

1923 5158 2136 5213 initium
2180 5156 2426 5212 beneﬁcii
2461 5156 2664 5219 facere,
2692 5164 2745 5210 et
2774 5153 2984 5222 priores
3017 5151 3083 5205 de
3129 5149 3352 5221 proprio
3382 5150 3507 5204 aliis

1931 5249 2171 5304 tribuere
2198 5248 2222 5301 τ
2251 5248 2329 5303 De
2359 5262 2494 5319 pace
2526 5255 2710 5301 autem
2731 5245 2820 5300 hic
2874 5246 3068 5314 agitur,
3106 5258 3226 5313 quae
3258 5244 3352 5297 Dei
3403 5243 3508 5297 mi-

1930 5342 2080 5397 litum
2120 5356 2223 5394 vox
2255 5341 2470 5410 propria
2493 5346 2598 5403 est,
2626 5338 2719 5408 qui
2752 5337 3039 5392 victoriam
3059 5336 3124 5390 de
3148 5335 3393 5389 hostibus
3419 5348 3506 5387 re-

1928 5435 2183 5490 tulerunt.
2215 5433 2353 5504 Ergo
2394 5433 2730 5489 inimicorum
2761 5429 3195 5502 persecutionem
3220 5468 3235 5491 ,
3266 5427 3503 5481 hostium

1927 5527 2176 5593 exitium,
2203 5525 2518 5582 benevolatn
2552 5539 2675 5581 cum
2706 5523 2816 5580 Deo
2845 5521 3366 5584 reconciliationem,
3403 5520 3505 5575 sub

3159 5729 3201 5763 "
3222 5742 3341 5798 cap.
3371 5723 3487 5794 x,6.
