4128 6294
1301 362 1570 420 EUSEBII
1605 359 2077 419 ωελῐιιεκδιε
2112 358 2199 416 ορ

2303 357 2484 414 PARS
2522 357 2611 413 111.
2653 387 2719 398 -
2758 356 3170 415 EXEGE'I'ICA.

635 483 783 550 pacis
809 481 1028 538 nomine
1064 481 1242 553 dignis
1290 483 1620 553 assignabat.
1666 483 1852 553 Itaque
1892 485 2016 538 data
2046 483 2195 553 prius

2297 495 2391 550 νης
2425 478 2594 548 θνομα
2625 481 2738 542 τοῖς
2768 478 2940 545 ἀξίοις
2979 477 3282 550 προὺξένει.
3324 479 3542 552 ταύτην
3585 480 3886 551 τοιγαροῦν

636 579 736 634 hac
769 593 901 648 pace
922 577 1132 632 illorum
1163 577 1469 641 animabus,
1505 577 1596 647 qui
1628 591 1688 633 se
1719 577 1955 645 hospitio
1980 589 2199 646 recepe-

635 670 761 732 rint,
786 681 913 723 tunc
942 671 1154 724 demum
1181 668 1432 723 alimenta
1451 669 1521 724 ab
1553 669 1620 725 iis
1648 668 1892 739 accipere
1921 668 2196 724 suadebat.

633 761 996 827 Quamobrem
1024 759 1330 815 necessario
1349 759 1714 828 pramonebat
1733 799 1750 825 ,
1779 774 1847 815 ne
1867 759 1921 813 in
1949 758 2096 813 omni
2117 759 2200 812 in-

634 850 945 907 diﬂbrenter
972 851 1139 904 .domo
1192 849 1624 919 hospitarentur,
1660 864 1793 905 neve
1828 864 2200 920 quemcunque

636 942 906 998 hominem
934 943 1150 1013 dignum
1176 941 1487 1011 iudicarent
1517 942 1673 1014 cujus
1716 942 1951 1012 hospitio
1981 951 2198 996 uteren-

638 1044 755 1100 tur;
781 1037 875 1092 aed
908 1035 1261 1104 exquirerent
1298 1049 1423 1089 num
1456 1033 1579 1102 quis
1613 1034 1665 1088 in
1699 1033 1914 1088 civitate
1936 1041 2080 1088 esset
2115 1031 2198 1086 vel

635 1127 690 1182 in
719 1142 870 1204 agro,
906 1125 1064 1181 bonis
1107 1125 1319 1181 actibus
1368 1135 1665 1194 sanctaque
1700 1125 1806 1178 vita
1857 1123 2195 1193 conspicuus,

634 1218 725 1285 qui
755 1220 932 1286 regios
963 1217 1372 1293 militesposset
1396 1216 1610 1271 virtutis
1651 1215 1825 1270 xeniis
1846 1215 2113 1282 excipere.
2139 1214 2197 1269 Si

635 1307 849 1376 quando
882 1317 1061 1362 autem
1092 1305 1395 1378 hujusmodi
1441 1306 1634 1376 aliquis
1690 1306 2044 1370 inveniretur,
2074 1317 2200 1361 tunc

635 1396 793 1463 hujus
831 1406 1030 1451 tectmn
1063 1397 1376 1460 subeuntes,
1405 1396 1614 1450 militia:
1653 1409 1764 1449 sua
1809 1409 1962 1450 arma
1992 1395 2044 1449 in
2086 1396 2199 1465 pri-

635 1486 740 1540 mis
791 1494 1154 1555 exponerent;
1185 1496 1310 1540 sunt
1341 1493 1517 1539 autem
1567 1483 1680 1538 haec
1721 1483 1868 1554 pacis
1903 1482 2142 1554 symbola
2180 1499 2194 1536 :

635 1573 866 1643 ideoque
902 1585 956 1628 et
1000 1573 1260 1641 hospitem
1292 1582 1348 1627 et
1379 1575 1685 1628 universam
1715 1575 1933 1628 domum
1965 1572 2080 1641 ejus
2106 1588 2199 1642 pa-

635 1666 790 1719 ciliea
810 1663 1131 1720 salutatione
1159 1664 1564 1730 itnpertirentur
1600 1681 1616 1720 :
1646 1664 1837 1720 deinde
1871 1663 1978 1717 illic
2017 1679 2198 1719 mane-

635 1764 777 1820 rent,
826 1769 999 1825 neque
1021 1754 1396 1820 abscederent,
1446 1755 1530 1809 vel
1581 1756 1648 1810 de
1693 1756 1853 1810 domo
1898 1756 1949 1810 in
1984 1757 2195 1810 domum

635 1847 798 1902 irent.
835 1843 925 1901 Sic
953 1847 1095 1902 enim
1128 1846 1384 1916 exquisiti
1424 1847 1691 1901 examinis
1731 1847 1985 1902 indicium
2021 1848 2201 1902 dedis-

633 1948 756 1995 sent
783 1961 797 1994 :
831 1953 955 1993 nam
983 1942 1332 1996 temerarium
1354 1946 1409 1993 et
1432 1938 1800 2003 subitaneum,
1836 1953 1942 1994 non
1971 1949 2054 1994 est
2085 1950 2198 1994 sta-

633 2028 740 2084 bile
764 2043 941 2098 neque
968 2033 1267 2084 constantis
1292 2029 1479 2084 moris.
1522 2029 1647 2084 ideo
1675 2028 1945 2095 monebat,
1981 2044 2048 2084 ne
2087 2030 2201 2084 vel-

634 2119 746 2176 lout
765 2129 922 2174 antea
947 2120 1365 2184 comtnorari,et
1397 2120 1590 2175 deinde
1642 2120 1890 2175 notitiam
1922 2121 2202 2188 exquirere

633 2223 742 2278 quo
775 2207 914 2263 facto
940 2209 1008 2264 ad
1049 2208 1210 2262 alium
1244 2208 1537 2262 transirent
1568 2223 1690 2262 cum
1724 2209 1951 2276 hospitis
1979 2209 2198 2278 injuria.

635 2301 766 2358 Item
821 2303 866 2357 si
909 2310 966 2357 et
1022 2303 1111 2356 hie
1162 2303 1428 2370 posterior
1487 2302 1740 2373 indignus
1778 2298 2008 2369 hospitio
2047 2317 2194 2356 com-

635 2392 906 2462 periretur
922 2407 1109 2448 rursus
1131 2391 1276 2445 illinc
1297 2391 1460 2445 etiam
1474 2391 1829 2453 discederent,
1847 2389 2200 2444 voluntariam

637 2483 977 2538 inimicitiam
1024 2485 1436 2545 contrahentes.
1489 2493 1771 2550 postquam
1829 2497 2012 2551 pacem
2049 2496 2200 2535 suam

637 2574 706 2628 ad
730 2575 981 2645 indignos
1012 2573 1383 2642 proiecissent.
1413 2572 1520 2628 Sed
1548 2573 1691 2628 enim
1716 2582 1926 2641 oportet
1951 2573 2097 2642 prius
2123 2572 2203 2626 di-

630 2665 865 2734 ligenter
893 2665 1185 2736 inquirere,
1217 2675 1396 2720 utrum
1441 2663 1634 2732 aliquis
1663 2663 1853 2734 dignus
1882 2663 1986 2729 sit;
2011 2663 2202 2718 deinde

636 2757 705 2810 ad
734 2771 855 2810 eum
910 2756 1228 2811 accedentes
1257 2795 1274 2820 ,
1307 2755 1458 2825 pacis
1505 2754 1706 2809 bonum
1754 2753 2152 2810 communicare
2182 2769 2198 2820 ;

636 2862 865 2917 eamque
915 2849 1131 2902 abunde
1159 2861 1265 2902 non
1311 2847 1360 2902 ei
1410 2847 1777 2901 tantummodo
1812 2845 1902 2914 qui
1939 2845 2198 2915 optimum

637 2936 1001 2990 testimonium
1035 2935 1214 2997 habet,
1252 2935 1346 2990 sed
1401 2933 1496 2988 toti
1543 2950 1759 3004 quoque
1809 2944 2027 3004 propter
2079 2949 2200 2988 eum

637 3025 840 3080 domui.
863 3023 1016 3091 Quod
1050 3025 1094 3078 si
1121 3025 1284 3091 digno
1310 3024 1490 3091 aliquo
1524 3025 1828 3092 excipiente
1862 3024 2010 3096 regni
2059 3023 2201 3079 mili-

2297 571 2753 644 προδανείσαντας
2790 571 2888 642 τὴν
2917 571 3141 643 εἰρήνην
3165 573 3284 636 ταῖς
3318 572 3424 627 τῶν
3460 571 3888 644 ὑποδεξαμένων

2295 663 2492 726 αὐτοὺς
2521 662 2740 732 ψυχαῖς,
2779 662 2881 732 τῆς
2925 662 3056 734 παρ’
3085 662 3262 716 αὑτῶν
3286 664 3491 734 τροφῆς
3525 661 3887 734 μεταλαμϐά-

2296 769 2439 806 νειν·
2491 752 2572 806 διὸ
2611 751 2924 820 ἀναγκαίως
2963 751 3401 823 προδιεστίλλετο
3450 753 3524 824 μή
3569 754 3645 815 εἰς
3691 752 3888 806 πάντα.

2296 842 2664 915 παραϐάλλειν
2703 837 2873 909 οἷκον,
2908 843 3040 914 μηᾶ
3080 841 3258 896 πάντα
3287 843 3455 916 ἀνδρα
3478 843 3578 914 τῆς
3603 841 3888 912 ὑποδοχῆς

2297 935 2478 989 αὑτῶν
2509 934 2661 1000 ἀξιον
2694 929 2832 989 εῖναι
2860 934 3095 1006 κρίνεινο
3141 936 3455 1005 προερωτᾷν
3482 933 3539 986 δι
3585 933 3637 986 εἶ
3665 950 3747 997 τις
3777 931 3884 1004 ατη

2297 1026 2403 1081 τῶν
2468 1025 2608 1080 κατά
2655 1025 2757 1097 τὴν
2812 1025 2966 1079 πόλιν
3002 1024 3036 1097 ἢ
3084 1024 3180 1096 τήν
3206 1023 3390 1095 χώραν
3413 1024 3640 1094 ἀγαθαῖς
3667 1023 3889 1097 πράξε-

2299 1135 2352 1172 σι
2393 1119 2486 1172 καὶ
2512 1117 2611 1188 βιιρ
2652 1117 2836 1190 σιμνῷ
2868 1115 3378 1189 μεμαρτυρημένην
3408 1114 3480 1180 ὥς
3509 1116 3632 1181 τοὺς
3659 1115 3886 1186 βασιλι-

2297 1211 2427 1276 κοὺς
2446 1209 2802 1282 *στρατιώτας
2843 1207 3102 1263 δύνασθαι
3136 1206 3328 1273 ξενίοις
3373 1205 3575 1278 ἀρετῆς
3610 1205 3886 1270 ὑποδέξα-

2299 1303 2443 1358 σθαι.
2503 1301 2750 1357 Ἐπειδὰν
2789 1300 2848 1354 δέ
2898 1317 2982 1365 τις
3022 1299 3266 1371 εὑρεθείη
3306 1297 3561 1363 τοιοῦτος,
3607 1299 3890 1362 εἰσιόντας

2298 1395 2404 1448 ὑπὸ
2433 1395 2532 1463 τὴν
2557 1391 2747 1446 τούτου
2768 1391 2986 1462 στέγην,
3015 1389 3473 1462 προαποτίθεσθαι
3495 1388 3564 1442 τὰ
3576 1390 3745 1443 οἰκεῖα
3766 1389 3893 1461 τῆς

2300 1486 2589 1558 στρατείας
2612 1485 2753 1540 ὅπλα
2775 1500 2790 1515 ⁸
2825 1482 2996 1537 ταῦτα
3017 1482 3063 1536 δ’
3093 1478 3163 1552 ἦν
3188 1481 3260 1537 τά
3296 1483 3396 1553 τῆς
3419 1482 3637 1553 εἰρήνης
3667 1481 3896 1552 σύμϐο-

2296 1575 2364 1628 λα
2383 1593 2396 1605 ·
2428 1574 2508 1628 διδ
2533 1576 2629 1628 καὶ
2653 1572 2813 1628 αὑτὸν
2844 1572 2934 1625 τὸν
2963 1571 3246 1642 ὑποδοχὴ,
3277 1573 3372 1625 καὶ
3398 1571 3573 1624 πάντα
3601 1568 3690 1624 τὸν
3720 1566 3894 1624 οἷκον

2297 1665 2462 1719 αὑτοῦ
2512 1663 2800 1737 εἰρηνικῶν
2843 1653 3150 1733 ἀσπασμῶν
3198 1661 3517 1726 καταξιοῦψ
3568 1655 3662 1714 εἶτ’
3703 1658 3894 1715 αὑτοῦ

2302 1757 2500 1828 μένειν,
2543 1758 2636 1810 καὶ
2681 1755 2756 1826 μὴ
2805 1753 3180 1826 μεθίστασθαι,
3236 1752 3358 1824 μηδ’
3387 1754 3567 1817 οῖκους
3616 1752 3674 1817 εξ
3704 1752 3894 1806 alaeam!

2230 1809 2272 1862 Β
2299 1809 2565 1918 ἀμείϐειν.
2609 1809 2780 1900 Tauro
2805 1809 2922 1916 γάρ
2963 1841 3103 1899 εἶναι
3147 1809 3369 1915 σημεῖον
3414 1809 3897 1915 ἀπηιιριϐευμὲνης

2299 1938 2594 2006 ἐξετάσεως
2612 1956 2625 1969 ·
2662 1939 2725 1992 τό
2750 1938 2856 2010 γὰρ
2897 1936 3120 2008 εὐχερὲς
3153 1937 3248 1991 καὶ
3271 1937 3526 2008 ἄκριτον,
3556 1940 3615 1992 οὑ
3645 1935 3900 2008 στερρὸν

2298 2028 2418 2083 οὐδὲ
2440 2029 2656 2100 βεϐαίου
2678 2029 2901 2101 τρόπου.
2928 2029 3020 2082 Διὸ
3044 2027 3274 2098 παρῄνει
3302 2026 3376 2098 μὴ
3399 2027 3612 2098 πρῶτον
3640 2026 3904 2097 καταμι-

2299 2131 2430 2187 νειν,
2463 2121 2653 2174 ἔπειτα
2679 2121 2888 2193 ἐρωτᾷν
2916 2121 3012 2174 καὶ
3036 2118 3414 2185 πυνθάνεσθαι,
3441 2115 3538 2173 εἶτ’
3559 2118 3903 2191 ἐνυϐρίσαν-

2299 2226 2399 2273 τας
2426 2209 2504 2279 τῷ
2535 2206 2670 2279 ξένῳ
2701 2207 3046 2280 μεταϐαίνειν
3083 2210 3169 2279 ttp'
3213 2208 3424 2281 ῐτερον.
3453 2207 3570 2263 Κάν
3602 2201 3752 2273 οὗτος
3780 2209 3906 2264 ἀν-

2303 2299 2452 2365 άξιος
2479 2297 2578 2367 τῆς
2607 2298 2877 2368 ὑποδοχῆς
2910 2298 3129 2370 εὑρεθῇ,
3149 2297 3310 2353 πάλιν
3328 2298 3541 2352 tyana:
3557 2297 3906 2369 μετανίστα-

2301 2389 2444 2454 σθαι,
2479 2387 2675 2458 ἔχθραν
2716 2386 2963 2442 ἑκούσιον
3000 2388 3435 2460 ιπισπωμινους,
3484 2388 3620 2460 μετά
3655 2388 3747 2442 καὶ
3775 2389 3903 2444 τοῦ

2299 2479 2395 2550 τὴν
2420 2478 2599 2532 αὑτῶν
2625 2479 2850 2550 εἰρήνην
2887 2481 2970 2542 εἰς
3005 2478 3255 2546 ἀναξίως
3288 2479 3521 2551 ῥίπτειν.
3563 2479 3698 2532 Ἀλλ’
3717 2481 3907 2553 ἀειρε-

2301 2569 2411 2634 ϐῶς
2434 2570 2696 2640 πρότερον
2721 2567 2814 2622 τὸν
2857 2568 3006 2634 ἀξιον
3050 2569 3518 2641 πολυπραγμονεῖν
3537 2587 3550 2600 ·
3587 2569 3753 2623 ἔπειθ’
3783 2570 3907 2625 οὗ·

2297 2676 2376 2713 τω
2409 2659 2796 2731 παρελθόντας,
2839 2659 2947 2714 τῶν
2981 2660 3086 2731 τῆς
3131 2660 3356 2732 εἰρήνης
3401 2659 3619 2730 ἀγαθῶν
3667 2661 3906 2731 μεταδι-

2298 2751 2465 2817 δόναι,
2500 2752 2597 2805 καὶ
2629 2753 2889 2824 παρέχειν
2921 2751 3166 2821 ἀφθόνως
3190 2750 3270 2822 τῷ
3301 2751 3774 2824 μιμαρτυρημένῳ
3823 2752 3906 2806 οὐ

2303 2842 2482 2913 μόνον,
2507 2842 2643 2897 ἀλλά
2665 2845 2761 2896 καὶ
2783 2842 2947 2896 παντὶ
2966 2840 3045 2912 τῷ
3070 2841 3203 2912 οῖκῳ
3233 2841 3301 2895 δι’
3329 2841 3510 2896 αὑτόν.
3543 2842 3606 2895 Εἰ
3634 2841 3703 2904 δ’,
3722 2841 3908 2914 εὑρα-

2300 2931 2481 2996 θέντος
2521 2932 2674 2996 ἀξίου
2713 2932 2857 2996 τινὸς
2890 2933 2985 2986 καὶ
3031 2931 3425 3002 ὑποδεξαμένου
3460 2924 3552 2985 τὸν
3585 2932 3682 3003 τῆς
3719 2931 3908 3003 βασι-

2300 3023 2449 3088 λείας
2469 3023 2825 3095 στρατιώτην,
2863 3024 3104 3095 συμϐαίη
3131 3023 3258 3076 ποτε
3289 3017 3376 3077 οἷα
3403 3020 3658 3088 πολλάκις
3685 3024 3742 3078 ὲν
3782 3024 3908 3079 ἁν-

639 3124 748 3171 tem
769 3155 787 3182 ,
813 3113 955 3170 forte
983 3116 1245 3180 evenerit,
1268 3115 1410 3184 quod
1452 3129 1594 3184 sape
1628 3115 1678 3169 in
1711 3116 1940 3184 religiosi
1971 3114 2199 3169 hominis

2301 3113 2424 3184 δρὸς
2453 3113 2586 3185 οἴκῳ
2624 3114 2911 3179 θεοσεϐοῦς
2951 3113 3109 3168 εῐωθε
3145 3112 3411 3182 γίνεσθαι,
3443 3112 3694 3186 γονέαςῆ
3723 3112 3906 3168 ἀδελ-

638 3208 800 3262 domo
828 3206 942 3261 fieri
967 3207 1120 3268 solet,
1138 3219 1390 3274 parentes
1413 3215 1506 3259 aut
1535 3203 1730 3259 fratres
1754 3213 1848 3258 aut
1876 3204 2014 3259 alios
2037 3219 2199 3274 gene—

640 3311 704 3354 re
725 3298 1051 3368 propinquos
1077 3297 1347 3352 adversari
1383 3311 1447 3351 ac
1486 3295 1681 3351 bellum
1710 3297 1860 3351 ciere
1903 3311 2008 3349 non
2041 3296 2199 3350 modo

638 3399 827 3445 contra
862 3387 1130 3458 repulsum
1153 3388 1432 3450 advenam,
1455 3401 1645 3441 verum
1686 3387 1848 3442 etiam
1886 3397 2073 3442 contra
2102 3388 2200 3442 bo-

641 3477 804 3546 spitio
830 3477 1209 3541 bonorantem,
1236 3478 1545 3532 necessario
1587 3477 1774 3530 borum
1804 3491 2015 3546 quoque
2047 3492 2198 3530 men-

641 3569 841 3624 tionem
863 3565 1121 3624 Servatur
1145 3583 1248 3622 non
1272 3562 1522 3637 neglexit,
1540 3565 1631 3620 sed
1657 3567 1928 3636 pmdictis
1952 3568 2193 3622 addidit:

639 3658 782 3729 quod
809 3658 854 3715 si
878 3657 1038 3729 digna
1069 3658 1258 3714 domus
1282 3657 1470 3719 fuerit,
1501 3657 1679 3711 veniat
1701 3671 1801 3726 pax
1831 3667 2008 3712 vestra
2038 3673 2198 3727 super

641 3749 826 3812 illam;
859 3750 904 3804 si
938 3748 1113 3803 minus
1133 3746 1292 3818 digna
1325 3746 1503 3812 fuerit,
1537 3761 1640 3815 pax
1672 3757 1849 3802 vestra
1873 3748 1940 3802 ad
1982 3762 2075 3802 vos
2110 3762 2196 3802 re-

641 3848 904 3894 vertatur.
935 3837 1045 3892 Vos
1090 3837 1305 3907 quidem
1337 3851 1440 3892 non
1489 3851 1611 3890 eum
1655 3836 1830 3892 solum
1875 3838 1965 3906 qui
1996 3836 2197 3893 bonum

646 3927 1012 3984 testimonium
1035 3926 1298 3994 habuerit,
1333 3927 1533 3996 quique
1559 3935 1738 3984 vestro
1756 3942 1975 3983 accessu
2007 3929 2200 3998 dignus

650 4018 833 4085 fuerit,
862 4018 1010 4088 pacis
1044 4016 1505 4073 benedictionibus
1532 4018 1900 4088 impertimini,
1917 4019 2011 4073 sed
2033 4027 2088 4074 et
2102 4019 2199 4073 toti

645 4110 826 4166 domui
850 4108 988 4179 ejus,
1021 4109 1073 4164 id
1114 4118 1197 4163 est
1227 4107 1577 4165 familiaribus
1624 4118 1783 4176 atque
1813 4110 2074 4179 cognatis,
2101 4122 2198 4178 pa-

644 4200 858 4255 cificam
899 4199 1124 4255 salutem
1163 4200 1344 4266 dicite,
1391 4211 1731 4269 vestrumque
1763 4199 1990 4254 oﬂicium
2028 4202 2200 4254 abun-

646 4292 837 4346 danter
860 4298 1022 4360 atque
1051 4289 1266 4360 copiose
1287 4289 1356 4345 ad
1384 4299 1652 4360 parentes,
1680 4288 1895 4354 fratres,
1915 4300 2200 4360 cognatos-

643 4394 770 4448 que,
799 4389 856 4435 et
883 4389 1049 4435 totam
1088 4379 1312 4448 hospitis
1342 4380 1557 4434 domum
1589 4377 1863 4436 cﬂ‘undite.
1894 4380 1951 4435 Si
1981 4394 2108 4450 ergo
2147 4390 2203 4434 et

2298 3206 2433 3275 φοὺς
2470 3205 2504 3276 ἢ
2538 3206 2757 3277 ἑτέρους
2793 3204 2874 3276 τῷ
2899 3206 3046 3275 γένει
3082 3206 3455 3277 προσήκοντας
3503 3204 3903 3263 ὲναντιοῧσθαε

2297 3295 2390 3349 καὶ
2417 3295 2689 3366 πολεμεῖν,
2720 3296 2781 3349 οὐ
2820 3297 2980 3367 μόνον
3019 3298 3110 3350 τὸν
3151 3296 3529 3368 ἔπεξωσμένον
3569 3295 3703 3367 (56),
3737 3295 3906 3355 ima;

2297 3385 2389 3438 καὶ
2409 3384 2472 3438 τὸ
2489 3389 2555 3457 τῇ
2577 3385 2810 3457 ὑποδοχῇ
2841 3389 3192 3459 τετιμηκότα,
3220 3388 3529 3457 ἀναγκαίως
3550 3386 3644 3441 καὶ
3669 3385 3906 3442 τούτων

2295 3475 2325 3528 ὁ
2351 3477 2543 3548 Σωτήρ
2568 3478 2629 3530 οὑ
2672 3477 2919 3550 παρῆλθε
2946 3479 3047 3551 τὴν
3087 3480 3326 3551 μνήμην,
3353 3479 3468 3533 ἀλλ’
3500 3478 3740 3546 ἐπιλέγει
3760 3481 3907 3544 τοῖς

2296 3568 2790 3639 προτεταγμένοις
2833 3568 2936 3623 κᾶν
2980 3570 3079 3641 μὲν
3188 3573 3221 3642 ή
3260 3571 3404 3624 οἰκία
3429 3570 3573 3637 ἀξία,
3609 3569 3821 3624 natm
3854 3572 3902 3644 ἡ

2296 3662 2486 3733 εἰρήνη
2519 3661 2674 3732 ὑμῶν
2701 3662 2788 3716 ἐπ’
2818 3663 3018 3734 αὑτήν·
3048 3663 3142 3717 ἐὰν
3169 3663 3227 3717 δὲ
3267 3664 3340 3735 μή
3367 3660 3403 3737 ᾗ
3438 3664 3586 3731 ἀξία,
3615 3665 3648 3734 ἠ
3679 3663 3906 3737 εἰρήνη

2299 3752 2453 3822 ὑμῶν
2478 3754 2563 3821 ἐφ’
2587 3752 2734 3822 ὑμᾶς
2763 3753 3164 3825 ἐπιστρεψάτω.
3204 3755 3392 3826 Ὑμεῖς
3425 3755 3521 3825 μὲν
3545 3754 3670 3825 γὰρ,
3707 3753 3896 3824 φησὶ,

2297 3842 2392 3896 τοῦ
2431 3843 2921 3916 μεμαρτυρημένου
2954 3845 3134 3916 χάριν,
3169 3844 3263 3898 τοῦ
3297 3845 3392 3898 καὶ
3433 3843 3536 3914 τῆς
3567 3842 3906 3910 ὲπιϐάσιως

2299 3934 2398 4004 τῆς
2429 3934 2698 4006 ὑμετέρας
2721 3934 2895 4000 ἀξίου,
2923 3937 2997 4008 μὴ
3029 3937 3190 4008 μόνον
3208 3937 3370 3991 αὑτδν
3397 3938 3516 4000 ταῖς
3529 3935 3629 4006 τῆς
3653 3935 3906 4009 εἰρήνης

2299 4022 2590 4091 εὐλογίαις,
2630 4024 2764 4079 ἀλλά
2786 4028 2881 4080 καὶ
2904 4025 3080 4082 πάντα
3102 4026 3194 4080 τὸν
3220 4021 3388 4092 οἶκον,
3415 4025 3609 4097 δηλαδὴ
3629 4024 3754 4089 τοὺς
3774 4026 3906 4081 αὑ-

2299 4114 2393 4168 τοῦ
2421 4115 2656 4179 οἰκείους
2685 4116 2780 4169 καὶ
2805 4119 3102 4185 συγγενεῖς,
3133 4117 3354 4189 εἰρήνης
3385 4116 3688 4186 ἀσπασμοῖς
3713 4113 3905 4186 εὐαγ-

2301 4202 2598 4273 γελίζεσθε,
2625 4207 2720 4260 καὶ
2758 4205 2827 4259 τά
2855 4208 2982 4276 παρ’
3011 4207 3166 4279 ὑμῶν
3203 4205 3451 4276 ἀφθόνως
3478 4205 3574 4260 καὶ
3608 4202 3902 4273 πλουσίως

2300 4296 2587 4351 ἀπλούσθω
2607 4298 2688 4362 εἰς
2714 4296 2904 4366 γονέας
2925 4299 3019 4351 καὶ
3037 4297 3297 4368 ἀδελφοὺς
3321 4298 3418 4351 καί
3443 4297 3721 4365 συγγενεῖς
3735 4295 3901 4350 τάν-

2302 4405 2368 4441 τα
2393 4405 2452 4442 τε
2484 4388 2576 4441 τὸν
2608 4385 2754 4443 οἷκον
2778 4388 2872 4442 τοῦ
2901 4389 3347 4459 ὑποδεδεγμένου.
3389 4390 3453 4442 Εἰ
3479 4389 3578 4460 μὲν
3601 4382 3692 4442 οὖν
3713 4387 3899 4460 εὑρα-

645 4468 703 4524 bi
729 4478 907 4523 vestra
924 4468 1296 4526 benedictione
1315 4469 1458 4539 digni
1489 4469 1749 4538 comperti
1781 4468 2000 4535 fuerint,
2025 4471 2199 4526 veniat

2300 4476 2438 4530 θεῖεν
2458 4477 2550 4530 καὶ
2573 4471 2719 4532 οὗτοι
2740 4477 2842 4547 τῆς
2867 4478 3134 4550 ὑμετέρας
3155 4477 3403 4546 εὐλογίας
3429 4476 3588 4542 ἄξιοι,
3611 4474 3822 4531 ἐλθέτω
3847 4479 3896 4551 ἡ

647 4571 750 4627 pax
783 4565 960 4612 vestra
984 4571 1145 4627 super
1164 4571 1371 4624 omnes,
1395 4572 1495 4613 ceu
1522 4557 1658 4615 filios
1681 4559 1849 4628 pacis.
1884 4558 1979 4613 Sin
2008 4567 2197 4614 contra

649 4650 831 4703 hostes
854 4661 1143 4713 osoresque
1169 4658 1358 4704 vestrae
1387 4648 1532 4718 pacis
1559 4649 1660 4704 visi
1690 4648 1910 4717 fuerint,
1945 4664 2008 4704 ac
2031 4649 2200 4703 nulla-

650 4749 804 4793 tenus
823 4752 886 4794 ea
913 4739 1080 4812 digni,
1116 4739 1377 4806 tollentes,
1410 4739 1605 4811 inquit,
1619 4741 1760 4796 bona
1781 4749 1960 4796 vestra
1979 4740 2046 4794 ab
2062 4740 2201 4794 indi-

647 4831 764 4901 gnis
795 4831 1047 4896 recedite,
1081 4845 1292 4901 paxque
1315 4840 1494 4886 vestra
1521 4829 1587 4886 ad
1615 4844 1710 4887 vos
1737 4841 2041 4887 revertatur
2062 4871 2078 4896 ,
2108 4845 2200 4886 ve-

647 4931 757 4975 stra
781 4921 984 4978 scilicet
1017 4921 1384 4978 benedictione
1412 4923 1481 4980 ad
1524 4937 1622 4980 vos
1651 4923 1907 4980 redeunte
1934 4923 2056 4993 quia
2081 4936 2202 4994 par-

649 5020 732 5067 tes
763 5021 971 5069 vestras
991 5012 1329 5084 implevistis.

724 5190 768 5225 ⁸³
794 5190 863 5246 Et
897 5193 954 5249 its
997 5194 1670 5276 qumcunquemieitatent
1702 5195 2053 5264 intraueritis,
2086 5205 2135 5251 οι

1119 5273 1434 5333 susceperint
1478 5280 1592 5328 eos,
1621 5273 1727 5319 etc.

720 5351 816 5407 Bis
847 5354 1026 5409 verbis
1067 5367 1277 5409 rursus.
1299 5353 1448 5423 ipsos
1487 5353 1642 5424 jubet
1674 5355 1968 5426 pradicare
1995 5355 2089 5411 Dei
2119 5370 2206 5410 re-

652 5457 833 5513 gnum,
863 5444 1027 5512 idque
1063 5441 1174 5512 iam
1201 5444 1559 5515 propinquum
1589 5444 1840 5500 nuntiare
1865 5465 1878 5500 :
1905 5459 2076 5516 neque
2112 5459 2208 5498 va-

653 5546 776 5586 nam
796 5549 967 5604 neque
987 5535 1104 5590 sine
1123 5535 1578 5594 demonstratione
1596 5535 1896 5595 orationem
1921 5536 2203 5604 habentes,

722 5642 905 5712 “cap.
940 5661 992 5709 x,
1021 5646 1075 5704 8.

731 5735 836 5809 βω
874 5735 1005 5794 Cod.
1041 5735 1397 5810 ἰπεξωμίνον.

2302 4571 2487 4642 εἰρήνη
2512 4569 2669 4640 ὑμῶν
2702 4570 2796 4624 επὶ
2838 4569 3045 4633 πάντας
3066 4569 3140 4634 ὠς
3169 4569 3261 4622 επὶ
3277 4569 3427 4633 υἰοὺς
3451 4569 3670 4640 εἰρήνης
3689 4584 3705 4598 ο
3746 4569 3800 4621 εἰ
3832 4569 3894 4623 δ’

2302 4658 2483 4732 ἐχθροὶ
2516 4658 2612 4714 καὶ
2657 4660 2906 4730 πολέμιοι
2936 4662 3038 4730 τῆς
3076 4659 3345 4731 ὑμετέρας
3379 4659 3591 4728 ὀφθεῖεν
3627 4659 3894 4730 εἰρήνης,

2303 4750 2395 4802 καὶ
2419 4749 2668 4822 οὑδαμῶς
2694 4748 2864 4818 αὐτῆς
2899 4747 3059 4815 αξιοι,
3094 4750 3346 4822 ἀραντες,
3375 4749 3530 4821 φησὶ,
3547 4748 3614 4802 τὰ
3626 4747 3892 4820 ὑμέτερα

2304 4838 2501 4906 ἀγαθὰ,
2532 4838 2640 4892 τῶν
2678 4840 2910 4906 ἀναξίων
2935 4840 3287 4912 ὑποχωρεῖτε,
3317 4840 3410 4894 καὶ
3436 4841 3468 4909 ή
3501 4840 3685 4910 εἰρήνη
3715 4826 3896 4909 ὑμῶν

2301 4931 2384 4998 ἐφ’
2419 4931 2562 5001 ὑμᾶς
2587 4929 2983 5001 ἐπιστρεψάτω,
3010 4930 3109 5002 τῆς
3140 4929 3199 4996 ἐξ
3227 4929 3380 5001 ὑμῶν
3415 4929 3656 4997 εὐλογίας
3685 4929 3771 4997 ἐφ’
3814 4931 3898 4984 ὑ-

2305 5024 2410 5092 μᾶς
2434 5025 2594 5078 πάλιν
2633 5023 3078 5097 μεταϐαινούσης,
3117 5026 3200 5079 δτι
3229 5024 3293 5097 δὴ
3321 5023 3391 5080 τά
3421 5025 3551 5095 ⁴παρ’
3583 5021 3733 5094 ὑμῶν
3773 5040 3902 5079 ττι-

2304 5112 2406 5185 πλη
2417 5115 2647 5186 ρώκατῤ.

2300 5207 2408 5260 Kal
2436 5209 2522 5272 εἰς
2546 5206 2628 5276 ἦν
2649 5208 2700 5264 δ’
2731 5209 2809 5264 ἂν
2847 5212 3029 5334 πέλεν
3056 5207 3412 5329 εἰσέρχῖισθε
3451 5205 3550 5260 καί
3582 5203 3897 5274 δέχωνται

2920 5295 3054 5334 uae.
3088 5296 3144 5333 κ.
3168 5295 3220 5332 τ.
3289 5316 3306 5333 .

2917 5295 3054 5347 μας,
3088 5296 3144 5333 κ.
3168 5295 3220 5332 τ.
3257 5295 3306 5333 Α.

2384 5367 2471 5420 Ἑν
2491 5368 2701 5437 τούτοις
2721 5387 2784 5440 γε
2813 5370 2972 5426 πάλιν
3001 5369 3290 5444 κηρύττειν
3312 5365 3407 5422 τοῦ
3431 5365 3565 5421 Θεοῦ
3592 5366 3690 5438 τὴν
3716 5364 3895 5435 βασε-

2299 5454 2466 5522 λείαν,
2494 5461 2588 5515 καὶ
2614 5461 2898 5531 ήγγικὲναι
2919 5461 3095 5532 λέγειν
3119 5459 3288 5532 αὑτήν
3312 5458 3705 5531 παρεκελεύετο
3721 5475 3737 5490 ·
3767 5459 3894 5515 οὐκ

2300 5545 2466 5618 ἀργὸν
2498 5549 2605 5603 οὐδ’
2631 5551 3014 5607 ἀναπόδεικτον
3057 5549 3406 5621 ποιουμένους
3446 5549 3536 5604 τὸν
3579 5547 3755 5616 λόγον.
3805 5549 3893 5607 τὲ
