4128 6294
1394 355 1989 430 commeantium
2024 354 2287 411 LUCAM.

3386 353 3491 407 σει

228 477 584 549 γνωρίσματα
618 479 673 531 δὲ
711 476 1046 546 παρέχοντας
1072 476 1163 529 τοῦ
1195 477 1565 547 κηρύγματος,
1605 477 1692 530 διά
1717 478 1811 529 τοῦ

1920 476 2012 530 sed
2062 474 2463 543 praedicationis
2508 479 2825 541 argumenta
2859 469 3198 531 exhibentes.
3238 473 3489 525 curandis

230 566 552 639 θεραπεύειν
578 568 702 629 τοὺς
724 570 851 634 παρ’
871 567 1051 630 αὐτοῖς
1074 566 1336 631 ἀσθενεῖς,
1363 568 1456 619 καὶ
1476 566 1626 621 οὐδὲν
1647 567 1809 620 πλέον

238 658 327 729 τῆς
375 658 648 729 ἐφημέρου
694 661 897 730 τροφῆς
940 656 1345 729 ἀποφέρεσθαι·
1395 658 1424 711 δ
1462 658 1525 729 δὴ
1571 659 1809 730 παρίστη

229 748 431 818 λέγων⁸
475 747 711 801 Ἐσθίετε
750 750 818 801 τὰ
865 748 1274 820 παρατιθέμενα
1316 750 1462 816 ὑμῖν,
1516 750 1608 802 καὶ
1651 749 1811 820 θερα-

230 839 426 893 πεύετε
467 841 595 902 τοῗις
630 843 688 895 ἐν
720 841 901 905 αὐτοῖς
943 841 1207 903 ἀσθενεῖς.
1252 840 1469 911 Ἐπειδὴ
1502 841 1548 893 δ’
1586 842 1810 895 ἀντέπι-

228 946 386 991 πτεν,
428 930 477 981 εί
520 926 614 983 οὖν
643 931 717 1002 μὴ
757 931 1002 1002 εὑρεθείη
1040 947 1123 994 τις
1168 930 1314 995 ἄξιος
1357 930 1455 1001 τῆς
1484 929 1813 1001 δηλωθείσης

229 1019 519 1089 ὑποδοχῆς,
563 1021 615 1073 τί
652 1022 757 1092 χρὴ
797 1022 1055 1093 πράττειν
1102 1020 1334 1083 adrade;
1371 1020 1675 1085 ἀκολούθως
1718 1024 1812 1075 καὶ

233 1110 592 1181 περὶτούτων
617 1112 917 1165 ἐπάκουσον
951 1106 1040 1164 οἷα
1068 1110 1307 1164 διδάσκει
1332 1109 1501 1179 λέγων
1524 1110 1648 1181 ἑξῆς
1670 1130 1682 1142 ·
1708 1115 1813 1179 Εἰς

229 1200 313 1267 ῆν
362 1199 414 1251 δ’
447 1199 525 1254 ἂν
576 1202 757 1256 ,πόλιν
803 1201 1181 1271 εἰσέρχησθε,
1244 1200 1341 1254 καὶ
1394 1200 1480 1270 μὴ
1526 1200 1811 1269 δέχωνται

229 1291 407 1361 ὑμᾶς,
445 1310 498 1345 κ.
527 1310 577 1345 τ.
602 1294 653 1347 λ.

232 1384 413 1439 Ὅταν
454 1387 487 1437 ό
523 1386 768 1453 ἰσχυρὸς
808 1385 1297 1452 καθωπλισμένος
1356 1384 1645 1453 φυλάσσῃ
1700 1383 1813 1452 τὴν

658 1454 873 1508 ἑαυτοῦ
892 1454 1112 1522 αὐλὴν,
1146 1474 1198 1508 κ.
1226 1472 1275 1507 τ.
1304 1455 1353 1509 λ.

316 1544 557 1616 ’ἰσχυρὸν
589 1546 685 1615 μὲν
709 1545 800 1598 τὸν
832 1544 1353 1616 κατισχύσαντα,τοῦ
1383 1547 1572 1615 γένους
1592 1545 1697 1598 τῶν
1718 1547 1813 1599 ἀν-

227 1632 467 1707 θρώπων
491 1634 731 1689 διάϐολον
753 1636 899 1703 λέγει
916 1653 929 1665 ·
956 1636 1126 1708 αὐλὴν
1144 1637 1201 1690 δέ
1232 1636 1395 1691 αὑτοῦ
1427 1637 1516 1689 τὸν
1539 1636 1813 1705 περίγειον

225 1724 343 1778 τῶν
374 1725 580 1794 θνητῶν
608 1727 770 1780 τόπον
799 1728 912 1797 (57)
932 1744 944 1757 ·
975 1728 1283 1801 ὑπάρχοντα
1314 1728 1370 1780 δὲ
1396 1728 1551 1781 πάντ’
1575 1730 1753 1780 ἐκεῖνα
1778 1728 1813 1781 ἂ

1913 567 2002 635 qui
2028 566 2167 634 apud
2192 564 2313 619 illos
2342 563 2521 618 l'orent
2554 562 2808 625 infirmis,
2833 576 3005 630 neque
3028 570 3310 631 propterea
3336 564 3491 631 quid-

1912 673 2073 728 quam
2104 658 2241 709 ultra
2286 657 2595 725 quotidiana
2634 654 2894 708 alimenta
2927 655 3277 725 accipientes.
3320 652 3492 721 Quam

1912 764 2024 803 rem
2052 750 2125 801 ita
2169 749 2338 802 edixit
2371 766 2386 803 :
2426 745 2749 800 Manducate
2774 760 2894 814 qua:
2932 755 3274 815 apponuntur
3318 746 3493 803 vobis.

1911 851 1965 895 et
1990 851 2178 895 curate
2224 840 2500 903 infirmos,
2534 840 2625 908 qui
2661 840 2805 907 apud
2841 852 2937 892 eos
2990 847 3137 892 sunt.
3186 838 3323 905 Quia
3366 854 3498 895 vero

1912 931 2038 985 illud
2071 932 2344 995 obstabat,
2377 944 2570 997 nempe
2592 928 2637 983 si
2664 942 2794 993 ergo
2826 943 2987 983 nemo
3026 928 3220 998 dignus
3251 943 3347 983 vos
3400 930 3497 983 ho-

1913 1022 2074 1090 spitio
2116 1022 2408 1090 recipiendi
2447 1020 2631 1083 fuerit,
2664 1020 2794 1089 quid
2844 1019 2989 1075 factu
3030 1022 3165 1089 opus
3194 1019 3495 1074 crit?con-

1912 1121 2205 1181 sequenter
2246 1112 2371 1165 audi
2424 1113 2552 1178 quid
2604 1112 2704 1165 hac
2751 1125 2920 1178 super
2957 1124 3015 1164 re
3056 1112 3108 1163 in
3146 1108 3496 1179 sequentibus

1912 1203 2088 1259 dicat:
2114 1203 2172 1257 Si
2200 1220 2357 1271 quam
2392 1218 2511 1256 vero
2532 1204 2589 1257 in
2613 1204 2790 1256 urbem
2817 1203 3160 1268 intraveritis,
3185 1203 3497 1272 minimeque

1912 1312 2001 1349 eos
2027 1296 2341 1364 exceperint,
2368 1308 2472 1349 etc.

1948 1389 1995 1421 ⁸⁸
2016 1386 2147 1443 Cum
2172 1389 2324 1456 [ortis
2366 1396 2605 1441 armatus
2645 1386 2875 1440 custodit
2908 1387 3103 1441 atrium
3144 1402 3322 1452 suum,
3346 1395 3457 1443 etc.

1981 1540 2201 1596 Fortem
2234 1541 2449 1610 quidem
2476 1541 2603 1596 dicit
2635 1541 2904 1597 diabolum
2931 1584 2947 1607 ,
2979 1543 3068 1613 qui
3118 1545 3379 1598 adversus
3406 1543 3501 1597 ho-

1914 1636 2116 1689 minum
2158 1647 2325 1704 genus
2366 1634 2739 1703 prmvaluerat.
2780 1634 2989 1689 Atrium
3043 1634 3283 1703 ejusdem
3314 1637 3499 1706 appel—

1917 1727 1987 1780 lat
2036 1736 2307 1780 terrenum
2341 1741 2370 1778 a
2412 1724 2728 1780 mortalibus
2763 1725 3064 1780 habitatum
3087 1726 3353 1795 spatium:
3374 1742 3500 1795 pos-

226 1815 293 1886 δὴ
340 1816 609 1883 ἐπιδείξας
654 1819 730 1888 τῷ
777 1818 989 1891 Σωτῆρὶ
1043 1836 1174 1873 ποτε
1220 1819 1441 1887 ἔλεγεν·
1494 1818 1681 1872 Ταῦτά
1722 1833 1816 1871 σοι

1923 1818 2191 1871 sessiones
2216 1832 2345 1871 vero
2372 1817 2489 1886 ejus
2532 1815 2619 1870 illa
2672 1816 2854 1871 omnia
2894 1832 3017 1887 qua:
3058 1816 3185 1873 ohm
3221 1818 3497 1873 Servatori

228 1906 432 1960 πάντα
460 1907 650 1972 δώσω,
677 1910 785 1963 ἐὰν
809 1907 1012 1963 πεσὼν
1036 1910 1473 1978 προσκυνήσῃς
1493 1928 1615 1978 μοι,
1646 1910 1732 1962 ὅτε
1755 1912 1812 1962 ὲν

228 1996 311 2066 τῷ
358 1998 546 2068 ὑφηλῷ
576 1999 691 2071 ὄρει
736 1998 934 2065 ἔδειξεν
967 2001 1116 2071 αὐτῷ
1161 2001 1258 2065 τάς
1294 2000 1569 2071 βασιλείας
1599 2000 1692 2053 τοῦ
1719 2001 1811 2054 κό-

235 2105 381 2159 σμου
410 2090 505 2142 καὶ
543 2088 640 2161 τὴν
681 2089 836 2154 δόξαν
868 2090 1055 2144 αὐτοῦ.
1100 2090 1261 2145 Ἀλλά
1310 2090 1475 2145 πάλαι
1506 2091 1605 2161 μὲν
1640 2090 1814 2145 ταῦτα

233 2180 404 2234 αὑτοῦ
434 2180 501 2233 τά
530 2180 839 2251 ὑπάρχοντα
867 2184 924 2235 ἐν
944 2182 1133 2255 εἰρήνῃ
1159 2177 1248 2252 ἦν,
1270 2181 1492 2252 μηδενὸς
1516 2180 1678 2234 αὑτοῦ
1712 2182 1813 2249 ἀφ-

237 2272 563 2342 αιρουμένου
587 2289 601 2301 ·
642 2274 731 2325 ὅτε
776 2288 839 2339 γε
883 2271 987 2343 μὴν
1014 2274 1042 2325 ὁ
1075 2273 1419 2343 ἰσχυρότερος
1464 2271 1628 2324 αὑτοῦ
1656 2271 1814 2325 ἐπελα-

235 2361 351 2415 θὼν
379 2362 782 2425 καταπαλαίσας
814 2379 874 2414 τε
912 2362 1071 2415 αὑτὸν
1095 2362 1311 2432 δεσμοῖς
1350 2360 1657 2433 πριέόαλε,
1692 2362 1813 2414 τότε

236 2453 336 2506 καὶ
359 2454 457 2522 τὴν
489 2452 787 2505 πανοπλίαν
829 2450 993 2505 αὑτοῦ
1023 2450 1293 2529 ἀφείλετο,
1334 2452 1417 2519 ἐφ’
1514 2450 1810 2514 ἐπεποίθει,

237 2544 339 2598 καὶ
360 2544 430 2596 τά
473 2543 645 2597 σκῦλα
673 2542 837 2596 αὑτοῦ
871 2542 1119 2614 ἀρπάσας
1142 2540 1378 2595 διέδωκε.
1417 2539 1724 2593 Πανοπλίαν
1758 2540 1814 2593 δέ

233 2636 404 2690 αὑτοῦ
436 2635 534 2707 τὴν
579 2636 687 2687 τῶν
732 2635 1000 2705 δαιμόνων
1040 2633 1297 2687 πολύθεον
1328 2632 1537 2703 πλάνην
1574 2632 1810 2703 ᾐνίξατο.

238 2725 421 2779 Ὅπλα
448 2726 555 2796 γάρ
591 2724 835 2778 διαϐόλου
868 2726 918 2776 oi
962 2722 1235 2794 πανταχοῦ
1270 2724 1372 2793 γῆς
1400 2723 1672 2794 ἱδρυμένοι
1703 2723 1817 2775 δαί-

239 2834 403 2887 μονες
440 2815 833 2885 συνεργοῦντες
871 2815 1036 2869 αὑτοῦ
1078 2818 1144 2885 τῇ
1191 2814 1331 2867 κατά
1371 2814 1477 2867 τῶν
1516 2814 1816 2885 ἀνθρώπων

235 2906 543 2978 τυραννίδι’
590 2904 759 2959 σκῦλα
798 2904 856 2958 δὲ
887 2901 1027 2983 ἦσαν
1071 2904 1236 2957 αὐτοῦ
1275 2905 1329 2957 αἱ
1364 2905 1472 2957 τῶν
1515 2903 1816 2975 ἀνθρώπων

230 2998 408 3069 ψυχαὶ
474 2997 580 3050 ὑπὸ
638 3000 737 3067 τῆς
770 2995 1083 3066 διαδολικῆς
1143 2994 1442 3058 πανοπλίας
1483 2996 1817 3066 αἰχμάλωτοι

233 3090 572 3160 ἀπηγμέναι.
593 3087 752 3140 Ἀλλά
794 3087 884 3141 τὸν
915 3087 1013 3158 μὲν
1044 3087 1215 3140 δεινὸν
1256 3090 1459 3140 ἐκεῖνον
1497 3087 1757 3159 τύραννον
1789 3088 1820 3140 ὁ

1920 1909 2209 1963 ostendens
2235 1909 2417 1961 aiebat
2442 1925 2455 1959 :
2488 1907 2617 1961 Ilwc
2648 1910 2825 1961 omnia
2853 1908 2945 1961 tibi
2969 1910 3127 1973 dabo,
3150 1910 3195 1962 si
3222 1911 3498 1978 precidem

1919 2001 2221 2054 adoraoeris
2244 2016 2323 2053 me
2339 2000 2408 2065 ",
2436 2014 2627 2069 nempe
2655 2014 2779 2053 cum
2818 1999 2869 2052 in
2897 1998 3113 2055 excelso
3142 2008 3326 2054 monte
3362 2015 3500 2054 cnn-

1919 2100 2005 2145 cta
2036 2090 2111 2144 illi
2155 2091 2340 2145 mundi
2374 2105 2539 2161 regna
2590 2089 2923 2161 gloriamque
2958 2089 3196 2159 ejusdem
3240 2090 3492 2145 ostende-

1920 2182 2029 2235 bat.
2070 2179 2174 2235 Sed
2214 2182 2339 2234 olim
2373 2182 2591 2250 quidem
2625 2181 2708 2234 hze
2740 2180 3114 2246 possessiones
3140 2181 3256 2250 ejus
3289 2183 3341 2233 in
3370 2196 3502 2250 pace

1920 2280 2095 2336 erant,
2132 2272 2411 2327 auferente
2442 2274 2675 2326 nemine.
2709 2270 2815 2326 Sed
2851 2287 2973 2326 cum
3006 2272 3285 2328 Iortioreo
3310 2288 3500 2341 super-

1921 2363 2163 2428 veniens,
2200 2379 2434 2433 eumque
2476 2379 2792 2435 Oppugnans
2817 2364 3047 2420 vinculis
3087 2364 3346 2434 alligavit,
3373 2375 3500 2419 tunc

1920 2462 1974 2509 et
1992 2454 2231 2523 ejusdem
2255 2465 2585 2509 armaturam
2609 2458 2831 2512 abstulit
2850 2456 2933 2512 cui
2954 2455 3279 2519 conﬁdebat,
3296 2465 3351 2509 et
3378 2473 3503 2526 spo-

1920 2545 1991 2599 lia
2025 2546 2233 2614 direpta
2261 2546 2560 2607 distribuit.
2596 2547 2765 2604 Porro
2788 2561 3077 2605 armatura:
3125 2549 3501 2608 ιισῖπῗιτσ-θὲῖιη

1920 2636 2079 2691 bolici
2108 2635 2451 2707 polytbeismi
2488 2652 2734 2693 errorem
2768 2640 2966 2695 innuit.
3010 2641 3174 2696 Arma
3210 2644 3354 2697 enim
3387 2645 3503 2697 dia-

1920 2728 2029 2783 boli
2062 2736 2189 2783 sunt
2221 2728 2493 2785 daemones
2524 2731 2721 2799 ubique
2759 2741 3027 2787 terrarum
3071 2735 3375 2797 constituti,
3407 2750 3503 2790 au-

1922 2820 2142 2876 xiliares
2188 2819 2303 2891 ejus
2345 2824 2613 2885 adversus
2660 2823 2912 2879 homines
2961 2826 3285 2895 tyrannidis.
3320 2827 3501 2897 Spolia

1922 2912 2138 2981 quidem
2178 2920 2337 2967 erant
2375 2915 2641 2981 ejusdem,
2673 2915 2948 2969 hominum
2998 2917 3189 2971 anima:
3219 2918 3504 2975 diabolicis

1925 3004 2091 3058 armis
2114 3004 2166 3058 in
2206 3006 2571 3075 captivitatem
2598 3007 2840 3061 abducta:
2863 3026 2876 3071 ;
2900 3008 2995 3062 sed
3020 3010 3163 3063 enim
3194 3010 3341 3064 illum
3365 3026 3505 3079 quo-

1925 3107 2031 3161 que
2079 3093 2390 3150 horribilem
2443 3103 2734 3165 tyrannum
2784 3098 3036 3151 Christus
3080 3099 3310 3154 vinculis
3362 3102 3503 3156 irre-

235 3180 472 3253 Χριστὸς
503 3179 718 3249 δεσμοῖς
745 3177 1075 3249 περιϐαλὼν,
1100 3179 1279 3231 πᾶσαν
1311 3178 1477 3231 αὑτοῦ
1504 3177 1816 3231 διεσκέδασε

1924 3186 2083 3249 tiens,
2108 3186 2417 3241 universam
2453 3188 2569 3254 ejus
2599 3196 2932 3242 armaturam
2967 3189 3269 3260 dissipavit.
3306 3192 3506 3246 daemo-

232 3275 335 3345 τὴν
384 3272 702 3338 πανοπλίαν,
736 3273 861 3333 τοὺς
904 3270 1160 3340 δαίμονας
1194 3269 1391 3341 δηλαδὴ
1424 3272 1519 3325 καὶ
1549 3271 1617 3325 τά
1656 3272 1819 3326 πνεύ-

240 3382 387 3437 ματα
417 3365 484 3418 τά
519 3364 821 3435 ἀκάθαρτα,
855 3361 953 3425 τὰς
982 3363 1237 3432 δυνάμεις
1264 3379 1323 3414 τε
1356 3362 1453 3425 τάς
1504 3364 1815 3433 ἀντικειμέ-

236 3471 371 3518 νας·
418 3456 487 3509 τὰ
520 3454 575 3506 δὲ
620 3454 789 3507 σκῦλα
823 3450 1007 3515 αὐτοῦ,
1042 3452 1110 3505 τά
1147 3452 1315 3505 πάλαι
1352 3452 1725 3523 δεδουλωμένα
1747 3456 1815 3523 τῇ

234 3544 512 3615 τυραννίδι
553 3541 741 3605 αὐτοῦ,
794 3542 919 3613 ἔθνη
964 3542 1105 3612 φημὶ
1146 3543 1321 3595 πάντα
1355 3544 1820 3613 -μεταστησάμενα

234 3634 338 3705 τῆς
384 3634 618 3697 παλαιᾶς
659 3633 919 3697 δουλείας,
956 3632 1271 3686 διαδέδωκεν
1317 3632 1535 3695 οίκείοις
1566 3632 1819 3703 ,ἡγεμόσι

237 3727 339 3781 καὶ
367 3728 592 3798 ἄρχουσι
620 3728 731 3790 τοῖς
768 3726 857 3778 ὑπ’
884 3726 1044 3779 αὑτὸν
1072 3722 1427 3798 στρατιώταις
1453 3724 1553 3795 τῆς
1586 3724 1696 3777 τῶν
1728 3725 1820 3777 ού-

237 3818 423 3892 ρανιῖη
453 3818 746 3889 βασιλείας,
774 3818 1088 3881 ἀποστόλοις
1124 3816 1323 3888 δηλαδὴ
1357 3818 1451 3871 καὶ
1476 3818 1590 3880 τοῖς
1614 3816 1821 3869 τούτων

233 3909 519 3979 διαδόχοις.
550 3910 684 3981 Περὶ
709 3902 784 3961 ὧν
808 3908 1016 3962 σκύλων
1041 3908 1369 3979 θαυμαστῶς
1393 3912 1822 3980 προανεφωνεῑτο

236 4003 300 4056 ἐν
351 4002 655 4075 προφητείᾳ
702 4002 1013 4072 φασκούσῃ·
1057 4001 1111 4053 Ὀ
1157 4000 1455 4067 βασιλεὺς
1484 3998 1605 4055 τῶν
1638 3999 1820 4055 δυνά·

228 4108 402 4163 pater
449 4091 556 4145 τοῦ
618 4091 971 4161 Ἀγαπητοῦ,
1022 4090 1098 4160 τῇ
1149 4092 1456 4161 ὼραιότητι
1510 4091 1617 4146 τοῦ
1654 4092 1822 4146 οἶκου

234 4180 548 4235 διελέσθαι
584 4181 804 4235 σκῦλα.
868 4182 1155 4251 Τεκμήρια
1192 4180 1249 4234 δὲ
1280 4180 1452 4234 ταῦτα
1484 4180 1688 4250 ἐναργῆ
1724 4181 1823 4251 τῆς

231 4271 342 4326 τοῦ
407 4271 541 4326 Θεοῦ
593 4271 867 4342 βασιλείας
911 4271 1279 4343 καθαιρούσης
1336 4271 1429 4325 καὶ
1465 4270 1824 4342 ταπεινούσης

233 4364 427 4418 πᾶσαν
459 4362 630 4434 ἀρχὴν
667 4364 764 4416 καὶ
807 4361 1053 4427 ἐξουσίαν
1087 4362 1183 4416 καὶ
1222 4362 1468 4432 δύναμιν,
1499 4360 1593 4414 καὶ
1644 4362 1825 4414 πᾶσαν

234 4453 346 4526 τὴν
378 4453 638 4507 πολύθεον
672 4454 767 4507 καὶ
803 4452 1118 4524 δαιμονικὴν
1150 4453 1461 4524 τυραννίδα,
1505 4451 1613 4505 τῶν
1653 4451 1697 4503 δ’
1732 4452 1825 4504 ἐπὶ

1919 3290 2016 3330 nes
2066 3276 2316 3331 videlicet
2371 3286 2426 3331 et
2470 3278 2711 3347 impuros
2757 3280 3014 3348 spiritus,
3059 3292 3114 3335 et
3164 3284 3507 3339 adversarias

1918 3374 2234 3434 potestates.
2260 3369 2439 3438 Spolia
2462 3384 2595 3424 vero
2624 3370 2775 3437 ejus',
2807 3381 2996 3441 gentes
3050 3373 3267 3442 inquam
3319 3385 3506 3444 tyran-

1920 3458 2044 3513 uide
2063 3459 2232 3529 ipsius
2256 3462 2525 3529 quondam
2556 3476 2865 3531 oppressas,
2898 3472 3077 3518 vetere
3112 3466 3369 3519 servitute
3386 3480 3505 3519 om-

1919 3565 2018 3604 nes
2040 3561 2276 3620 ereptas,
2296 3552 2521 3608 ducibus
2545 3556 2657 3608 suis
2689 3555 3195 3620 tradidit,videlicet
3229 3564 3357 3610 nutu
3390 3557 3506 3626 ejus

1922 3656 2019 3711 pro
2043 3644 2305 3697 caelorum
2343 3659 2512 3713 regno
2539 3646 2915 3710 militantibus,
2959 3647 3010 3701 id
3042 3659 3125 3701 est
3156 3647 3419 3717 apostolis
3449 3657 3507 3702 et

1921 3732 2113 3787 horum
2150 3736 2575 3791 successoribus.
2608 3738 2683 3792 De
2726 3739 2922 3806 quibus
2960 3738 3150 3807 spoliis
3192 3740 3327 3793 mire
3376 3754 3506 3807 pro-

1921 3824 2212 3879 clamatum
2255 3828 2430 3881 fuerat
2475 3829 2527 3881 in
2557 3829 2838 3900 prophetia
2886 3831 3100 3884 dicente
3142 3830 3301 3884 τηεσε
3341 3833 3504 3885 virtu-

1926 3923 2038 3969 tum
2068 3917 2283 3981 Dilecti,
2329 3920 2515 3988 speciei
2549 3921 2733 3974 domus
2776 3922 3005 3975 dividere
3040 3924 3205 3990 spolia
3229 3923 3295 3976 ⁸⁸.
3340 3924 3503 3992 Signa

1922 4022 2053 4060 vero
2092 4009 2204 4061 haec
2234 4018 2362 4062 sunt
2390 4008 2673 4064 manifesta
2713 4010 2880 4063 divini
2933 4012 3080 4080 regni
3115 4015 3507 4081 prosternentis

1924 4111 1987 4150 ac
2017 4097 2342 4152 destruentis
2383 4098 2678 4167 quemlibet
2724 4100 3120 4169 principatum,
3180 4111 3504 4169 patestatctn

1926 4200 1990 4240 ac
2018 4188 2150 4249 vim,
2181 4199 2234 4242 et
2273 4188 2593 4243 diabolicam
2626 4204 2841 4243 omnem
2884 4190 3228 4262 polytheismi
3264 4194 3508 4263 tyranni-

1925 4277 2044 4331 dem
2067 4279 2241 4347 :quod
2273 4294 2497 4348 regnum
2530 4279 2641 4349 jam
2679 4280 2731 4334 in
2759 4283 2890 4335 orbe
2921 4283 3066 4336 inter
3091 4282 3339 4337 homines
3373 4298 3509 4352 prte-

1924 4367 2105 4423 valere
2136 4370 2447 4439 incipiebat.
2477 4372 2682 4427 Idcirco
2713 4373 2786 4426 ait
2806 4358 3067 4427 Servator
3093 4390 3106 4425 :
3146 4374 3298 4438 Quod
3325 4376 3370 4428 si
3412 4390 3507 4443 ego

1925 4456 1979 4509 in
2009 4456 2209 4525 Spiritu
2238 4461 2335 4514 Dei
2358 4462 2516 4531 ejicio
2564 4463 2845 4529 dwmonia,
2875 4466 3051 4533 utique
3080 4464 3304 4533 pervenit
3335 4466 3388 4517 in
3418 4481 3506 4518 vos

234 4545 352 4617 τῆς
379 4544 677 4616 ἀνθρώπων
702 4546 1015 4615 ἐπικρατεῖν
1042 4544 1366 4615 ἀρχομένης.
1410 4544 1501 4596 Διό
1530 4559 1663 4614 φησι
1721 4544 1829 4596 Σω-
1857 4539 1902 4595 D
1932 4562 2145 4616 regnum
2174 4549 2271 4604 Dei
2305 4552 2371 4605 ³⁷.

232 4642 385 4710 τήρ-
415 4642 485 4693 Ei
513 4638 699 4713 δ’ὲτιὶξ
735 4639 805 4692 ἐν
838 4639 1134 4708 Πνεύματι
1183 4638 1330 4692 Θεοῦ
1384 4636 1657 4691 ἐκϐάλλω
1715 4635 1785 4690 τὰ
1835 4637 2129 4710 δαιμόνια,
2185 4643 2299 4713 ἆρα
2342 4646 2607 4715 ἔφθασεν
2642 4648 2736 4716 ἐφ’
2779 4645 2931 4717 ὑμᾶς
2978 4648 3017 4713 ἠ
3063 4647 3353 4710 ,βασιλεία
3400 4645 3509 4699 τοῦ

237 4732 422 4787 Θεοῦ.

235 4827 438 4878 Ὅταν
464 4824 533 4877 δὲ
557 4825 976 4895 προσφέρωσιν
1000 4823 1155 4946 ῠμιξς
1195 4822 1291 4877 ἐπὶ
1322 4822 1428 4890 τὰς
1444 4825 1818 4894 συναγωγὰς,

929 4912 983 4946 κ.
1006 4912 1057 4946 τ.
1124 4932 1138 4946 .

929 4912 983 4948 κ.
1006 4912 1057 4948 το
1090 4912 1138 4946 Α.

324 4984 480 5039 Οὕτω
505 4984 637 5055 δῆτα
688 4988 1029 5059 φρονήματος
1060 4984 1257 5047 αὐτοὺς
1294 4983 1529 5056 ἐπλήρου
1561 4985 1657 5039 καὶ
1687 4983 1820 5056 θάρ-

235 5092 379 5139 αους
404 5076 490 5129 διά
510 5076 603 5130 τοῦ
639 5077 879 5147 μεθέξειν
896 5078 1091 5140 αὐτοὺς
1122 5077 1265 5130 θείου
1300 5075 1613 5145 Πνεύματος
1650 5078 1823 5145 ἐπαγ-

234 5166 565 5237 γέλλεσθαι·
596 5170 663 5221 δι’
703 5168 863 5221 αὐτοῦ
898 5168 1005 5239 γὰρ
1048 5168 1139 5221 καὶ
1181 5165 1543 5237 δυναμοῦσθαι
1575 5166 1721 5231 εἰκὸς
1751 5162 1821 5239 ἦν

234 5257 464 5320 αὐτούς.
496 5258 604 5311 Καὶ
634 5253 750 5320 πῶς
781 5257 888 5329 γὰρ
912 5258 1010 5310 οὐκ
1036 5256 1255 5327 ἔμελλον
1280 5256 1702 5327 παραστήματος
1728 5256 1822 5309 καὶ

235 5348 487 5418 θάρσους
515 5350 608 5402 καὶ
641 5348 945 5419 προθυμίας
986 5347 1403 5419 ἐμπίμπλασθαι
1431 5345 1674 5417 ἁγαθῆς;
1705 5347 1822 5411 πῶς

231 5440 303 5494 δὲ
344 5442 423 5513 μὴ
445 5441 755 5511 θαρσαλέως
788 5444 985 5512 χωρεῖν
1017 5442 1101 5510 ἐφ’
1125 5438 1425 5511 ἡγεμονικά
1447 5440 1540 5493 καὶ
1572 5438 1823 5509 βασιλικὰ

2034 4825 2081 4857 ⁸⁸
2108 4824 2239 4880 Cum
2263 4835 2438 4879 autem
2468 4827 2717 4881 inducent
2743 4842 2832 4881 vos
2870 4826 2925 4879 in
2955 4840 3269 4894 synagogas,
3292 4833 3395 4877 etc.

1999 4982 2093 5039 Sic
2119 4998 2250 5055 ergo
2298 4983 2419 5039 illos
2458 4985 2600 5039 bono
2639 4986 2823 5039 animo
2869 4999 2989 5038 esse
3032 4982 3258 5052 jubebat
3306 4988 3360 5035 et
3394 4977 3505 5031 ala-

1928 5074 2124 5129 critate
2154 5075 2417 5145 replebat,
2443 5074 2571 5128 dum
2601 5076 2764 5129 divini
2803 5075 3093 5143 participes
3122 5072 3358 5142 Spiritus
3384 5084 3507 5125 esse

1927 5164 2247 5223 aliirmabat.
2273 5165 2469 5231 Quidni
2516 5169 2659 5221 enim
2686 5166 2879 5221 ﬁducia
2923 5181 3040 5229 eos,
3068 5161 3413 5224 conﬁdentia,
3449 5170 3507 5213 et

1926 5256 2204 5313 alacritate
2228 5258 2417 5327 plenos
2437 5274 2558 5314 esse
2578 5257 2898 5327 oportebat?
2927 5256 3123 5325 Quidni
3150 5254 3406 5308 audacter
3433 5250 3501 5301 ad

1922 5348 2164 5418 iudicum
2200 5365 2499 5420 regumque
2551 5350 2838 5405 tribunalia
2892 5351 2989 5415 ire,
3042 5364 3163 5401 cum
3199 5341 3499 5415 pnemoniti

1928 5440 2157 5496 fuissent
2189 5456 2292 5495 non
2324 5443 2521 5497 debere
2554 5457 2647 5497 eos
2688 5444 2951 5498 meditato
2993 5440 3171 5493 studio
3198 5435 3337 5505 apud
3384 5448 3502 5486 ma-

317 5556 367 5590 “
399 5555 531 5612 Car.
557 5574 628 5620 ιι,
661 5558 752 5612 2t.
824 5557 872 5591 ⁸⁸
902 5556 1094 5614 Matth.
1135 5573 1209 5619 tv,
1234 5558 1286 5614 9.
1357 5556 1406 5590 "
1427 5553 1566 5611 Psal.
1600 5569 1768 5619 um,
1802 5554 1816 5606 i

1962 5554 2007 5586 ⁸⁷
2040 5553 2227 5609 Matth.
2255 5569 2351 5620 xu,
2380 5554 2471 5611 28.
2563 5554 2608 5586 ⁸⁸
2634 5552 2763 5611 Cn.
2814 5568 2918 5619 xu,
2962 5552 3045 5605 ll.

317 5698 431 5772 (57)
472 5697 549 5772 [ie
585 5696 966 5772 fortiirmato,
996 5693 1050 5749 id
1074 5703 1156 5749 est
1206 5694 1439 5760 diabolo,
1475 5692 1567 5764 qui
1602 5708 1631 5747 a
1664 5688 1883 5747 Christo
1941 5687 2039 5746 fuit
2096 5688 2410 5757 debellatus,
2468 5691 2704 5745 breviter
2747 5690 2943 5745 dicitur
2984 5689 3147 5743 etiam
3206 5688 3259 5741 in
3330 5683 3501 5739 Theo-

235 5765 463 5844 phunia,
488 5767 584 5820 Ιώ.
606 5780 689 5831 ttt,
717 5765 804 5818 57.

532 5857 806 5919 ΡΑτιιοι.
852 5854 971 5915 Gn.
1015 5853 1245 5914 XXIV.

2067 5780 2129 5836 I
3143 5841 3219 5911 18
