4128 6294
236 364 341 419 55ρῖ

1393 357 1585 419 C031)!
1595 358 1893 417 ENTARIA
1934 362 1998 419 ΙΝ
2038 363 2296 423 ιυολιι.

228 484 539 551 Mitte;
578 485 833 558 ἄσπαρτα
886 486 980 541 καὶ
1028 487 1265 557 ἀνήροτα
1320 484 1389 538 τὰ
1427 485 1563 557 πρὸς
1602 486 1786 557 τροφὴι

1907 483 2065 543 Patre
2103 488 2357 544 nimirum
2398 498 2581 546 vestro
2622 488 2791 546 vitam
2837 489 2942 546 illis
2990 487 3149 545 simul
3180 504 3466 560 escamque

226 578 527 649 πορίζεται,
558 576 652 631 τοῦ
687 576 948 647 ὑμετέρου
983 576 1197 648 Πατρδς
1228 574 1363 645 ὁμοῦ
1399 577 1492 628 καὶ
1525 574 1670 645 ζωὴν
1702 574 1799 626 αὐ-

227 669 344 733 τοῖς
372 668 466 723 καὶ
494 668 697 739 τροφὴν
723 666 1084 737 δωρουμένου.
1120 666 1331 737 Σφόδρα
1357 664 1402 718 δ’
1443 663 1685 735 ἀκριϐῶς
1706 665 1800 717 ἐπὶ

226 761 509 831 προτροπῇ
544 758 652 813 τῶν
696 758 857 813 αὑτοῦ
892 757 1149 829 μαθητῶν
1183 758 1280 827 οὐχ
1335 754 1491 825 ἁπλῷ
1539 754 1796 827 παραδεί-

225 866 395 921 γματι
432 850 512 921 τῷ
541 849 878 918 ὠιάλόγων
899 851 1167 921 ἐχρήσατο
1203 847 1375 913 ζώων*
1399 848 1499 901 οὐκ
1518 842 1609 901 οὖν
1633 849 1798 917 spiss-

219 941 333 994 τῶν
361 941 479 995 οὐδὲ
504 940 716 1017 κτηνῶν
736 941 857 994 οὐδὲ
884 940 988 1011 μὴν
1014 938 1211 1010 ἰχθύων
1234 938 1655 1009 ἐμνημόνευσεν,
1678 938 1794 991 ἀλλ’

219 1032 332 1087 οὐδ’
372 1032 574 1104 ὀρνέων
605 1034 791 1098 ἁπλῶς
818 1030 1005 1098 εἶπεν,
1032 1033 1219 1102 ιπειδὴ
1252 1034 1344 1088 καὶ
1372 1033 1575 1088 τούτων
1598 1033 1668 1087 τά
1699 1032 1796 1104 μὲν

222 1126 595 1197 σαρκοφαγεῖ,
621 1125 689 1178 τά
728 1124 785 1177 δὲ
816 1125 919 1196 γῆν
946 1127 1194 1186 σιτεῖται,
1222 1124 1294 1176 τά
1324 1124 1369 1177 δ’
1415 1122 1792 1194 ἀλληλοφαγεῖ.

220 1212 316 1267 ate
363 1213 472 1266 τῶν
514 1213 855 1285 νεκροσόρων
903 1214 998 1267 καὶ
1045 1213 1393 1285 σαρκοϐόρων
1434 1211 1700 1283 ἀφορίσας
1728 1212 1797 1279 τά

221 1304 587 1376 σπερμοφάγα
618 1302 728 1358 τῶν
771 1303 1054 1367 πετεινῶν,
1094 1305 1189 1357 καὶ
1218 1304 1393 1357 ταῦτα
1437 1302 1683 1373 δηλώσας
1708 1304 1796 1357 διὰ

216 1393 317 1448 τοῦ
350 1393 548 1462 φάναι·
587 1396 670 1447 Οὐ
701 1394 1062 1461 σπείρουσιν
1098 1394 1241 1447 οὐδὲ
1278 1391 1609 1461 θερίζουσιν
1652 1391 1797 1448 οὐδὲ

216 1484 597 1556 συνάγουσιν
639 1486 727 1550 είς
786 1481 1111 1550 ἀποθήκας,
1170 1484 1271 1537 καί
1307 1487 1342 1538 ὁ
1384 1484 1588 1553 Πατὴρ
1621 1481 1791 1553 ὑμῶν

219 1576 257 1629 δ
293 1574 572 1643 οὐράνιος
600 1574 797 1644 τρέφει
811 1573 983 1629 αὑτά·
1012 1576 1217 1628 τούτων
1253 1591 1311 1628 τε
1334 1575 1511 1629 αὐτῶν
1549 1577 1793 1647 ἐμφήνας

214 1663 288 1719 τὰ
314 1664 627 1736 ὕψηλοπετῆ
661 1664 751 1719 διὰ
782 1664 878 1718 τοῦ
912 1669 1230 1735 προσειπεῖν
1269 1666 1407 1720 αὐτὰ
1437 1666 1664 1739 οὐρανοῦ
1698 1685 1795 1721 πε-

216 1756 389 1821 τεινὰ,
433 1758 559 1818 τοὺς
611 1755 776 1810 αὐτοῦ
825 1756 1072 1829 μαθητὰς
1116 1758 1208 1810 ἐπὶ
1253 1759 1349 1829 τὴν
1399 1759 1657 1829 ὁμοίωσιν
1690 1760 1793 1830 τῆς

1900 576 2204 647 largiente?
2228 579 2594 639 Solertlssime
2624 590 2805 637 autem
2854 581 2906 636 in
2936 578 3039 637 bac
3064 578 3130 636 ad
3173 578 3469 649 discipulos

1896 680 2027 723 suos
2072 669 2468 737 adhortatione,
2502 671 2643 726 haud
2676 669 2916 741 generali
2957 669 3139 742 aliquo
3176 671 3467 728 irrationao

1899 755 2027 813 lium
2059 759 2416 815 animantium
2469 760 2721 830 exemplo
2756 774 2891 817 usus
2935 770 3040 826 est,
3095 774 3271 830 neque
3325 760 3460 820 item

1896 848 2229 915 serpentium
2276 859 2371 904 aut
2416 850 2675 912 ferarum,
2731 864 2906 920 neque
2948 847 3320 922 iumentorum
3372 856 3469 907 aut

1897 938 2122 1007 piscium
2150 942 2413 1007 meminit,
2449 957 2626 1013 neque
2658 942 2835 997 avium
2866 940 3469 1017 simpliciter,quando-

1897 1028 2113 1098 quidem
2171 1040 2228 1086 et
2283 1032 2475 1087 horum
2504 1032 2696 1105 aliquae
2728 1032 3033 1090 carnivorae
3078 1043 3224 1099 sunt,
3258 1030 3379 1088 alia
3406 1032 3462 1095 in

1898 1127 2039 1175 terra
2087 1130 2401 1190 pascuntur,
2452 1121 2574 1179 alia
2618 1137 2678 1179 se
2729 1121 2957 1201 invicem
2992 1132 3208 1179 vorant.
3258 1121 3381 1179 Ideo
3432 1137 3465 1182 α

1895 1210 2220 1268 cadaverum
2252 1214 2611 1284 carniumque
2634 1215 2939 1282 voracibus,
2966 1215 3266 1270 seminibus
3318 1215 3465 1285 pasci

1894 1300 2079 1357 solitas
2106 1315 2399 1359 secernens
2427 1304 2691 1369 volucres,
2722 1312 2884 1373 atque
2916 1309 3015 1358 tias
3051 1303 3138 1357 his
3168 1302 3345 1360 verbis
3370 1305 3468 1359 de-

1894 1392 2123 1461 signans
2171 1393 2315 1463 quod
2388 1409 2581 1464 nempe
2631 1410 2795 1464 neque
2842 1402 3024 1449 serant
3081 1408 3239 1459 neque
3267 1401 3468 1449 metunt

1894 1498 2056 1551 neque
2091 1482 2145 1536 iit
2188 1484 2377 1538 horrea
2420 1491 2759 1555 congregant,
2812 1493 2865 1539 et
2907 1495 3082 1540 tamen
3113 1480 3277 1539 Pater
3302 1493 3467 1541 vester

1893 1573 2112 1628 celestis
2139 1574 2306 1641 pascit
2333 1574 2461 1639 illa;
2491 1576 2818 1645 easdemque
2850 1574 2960 1631 alte
2998 1574 3229 1631 volitare
3256 1574 3467 1647 signiﬁ-

1893 1678 2046 1726 cans,
2075 1666 2200 1719 dum
2250 1665 2393 1720 sicut
2408 1665 2561 1721 “caeli
2615 1664 2852 1721 volatilia
2907 1664 3203 1740 discipulos
3233 1680 3363 1723 suos
3395 1666 3465 1721 ad

1895 1754 2071 1811 simile
2139 1753 2385 1811 alimenti
2433 1771 2601 1826 genus
2645 1758 3037 1827 capessendum
3109 1756 3463 1824 hortabatur;

214 1846 424 1903 τούτων
444 1847 652 1919 τροφῆς
674 1846 966 1919 παρώρμα·
989 1846 1124 1918 ὁμοῦ
1156 1848 1252 1901 καὶ
1276 1849 1366 1902 ἐπὶ
1392 1849 1489 1920 τὴν
1518 1849 1786 1916 ἀπόδειξιν

1892 1846 2052 1901 simul
2077 1846 2223 1915 ipsos
2250 1846 2321 1902 ad
2349 1848 2820 1918 contemplandam
2849 1848 3172 1907 universalis
3195 1853 3465 1905 curatoris

212 1940 320 2012 τῆς
360 1941 573 1995 πάντων
608 1941 803 2012 ἐφόρου
842 1942 1103 2011 προνοίας
1150 1941 1537 2011 παραπέμπων
1568 1942 1785 2006 αὐτοὺς,

210 2030 292 2094 ὡς
320 2029 386 2085 ἂν
411 2032 798 2103 τεκμαίρεσθαι
831 2032 1161 2101 δυναμένους
1194 2034 1258 2085 ὲκ
1286 2030 1377 2085 τοῦ
1417 2031 1789 2103 παραδείγμα-

211 2137 333 2185 τος,
363 2123 445 2176 ὅτι
471 2123 605 2176 πολὺ
636 2124 836 2194 μᾶλλον
864 2123 1043 2178 αὐτῶν
1075 2120 1107 2193 ἢ
1143 2122 1250 2176 τῶν
1280 2122 1540 2176 πετεινῶν
1564 2122 1657 2175 τοῦ
1691 2123 1785 2176 oft-

214 2211 383 2285 ρανοῦ
414 2216 512 2283 τῆς
538 2216 745 2285 τροφῆς
771 2218 1013 2285 φροντιεῖ
1032 2217 1062 2269 6
1089 2216 1338 2287 οὐράνιος
1365 2215 1542 2270 αὐτῶν
1573 2216 1780 2286 Πατήρ.

212 2303 436 2375 Πατέρα
464 2305 520 2359 δί
553 2306 732 2359 καλῶν
768 2307 1036 2377 οὐράνιον,
1072 2306 1250 2377 δόγμα
1280 2308 1532 2377 μέγιστον
1568 2305 1784 2373 ἐξεπαί-

207 2394 388 2450 δσυεν.
427 2398 615 2460 Ὄντος
649 2397 759 2469 γὰρ
785 2398 998 2469 Πατρός
1042 2399 1311 2469 σωμάτων
1346 2398 1442 2453 τοῦ
1478 2399 1574 2469 τὴν
1607 2398 1785 2469 σάρκα

210 2486 533 2557 σπείραντος
556 2487 789 2559 ἑκάστῳ,
813 2486 965 2553 όντος
987 2488 1043 2543 Bs
1064 2488 1157 2543 καὶ
1182 2487 1391 2561 ΙΙατρὸς
1419 2488 1665 2557 οὐρανίου
1690 2490 1784 2543 τοῦ

207 2575 312 2647 τὴν
352 2575 572 2649 λογικὴν
609 2577 705 2631 καὶ
733 2577 925 2649 νοεράν
954 2577 1182 2649 δύναμιν
1215 2578 1273 2630 ὲν
1307 2579 1436 2647 ήμῖν
1479 2578 1785 2649 ὑποστησα-

210 2666 400 2739 μένου,
442 2668 496 2721 τί
532 2666 639 2741 χρὴ
689 2669 990 2739 μεριμνᾷν;
1026 2669 1159 2738 Οὐχὶ
1196 2666 1442 2739 ἀκριϐῶς
1472 2668 1781 2731 πεπεῖσθαι,

204 2761 293 2815 ὅτι
330 2761 461 2815 πολὺ
505 2762 768 2833 πρότερον
796 2763 951 2833 ήμῶν
981 2764 1009 2816 ό
1038 2762 1180 2815 κατά
1207 2762 1367 2831 φύσιν
1400 2764 1494 2817 καὶ
1523 2764 1783 2833 κρείττων

208 2848 396 2921 πατὴρ
430 2852 787 2921 προνοήσεται
820 2850 854 2920 ἢ
900 2850 1010 2903 τῶν
1046 2850 1302 2905 πετεινῶν
1344 2849 1436 2904 τοῦ
1471 2850 1719 2921 οὐρανοῦ,
1748 2852 1785 2905 ἀ

211 2937 307 2991 διὰ
330 2938 430 3009 τὴν
456 2937 621 2991 αὑτοῦ
658 2939 915 3010 πρόνοιαν
950 2938 1109 3009 μέχρι
1144 2940 1237 2991 καὶ
1275 2938 1451 2991 αὐτῶν
1478 2940 1784 3011 ἐκτεινομέ-

208 3046 331 3101 νην,
369 3028 641 3101 τοσαύτης
678 3030 738 3095 ἐξ
777 3031 995 3100 ἑτοίμου
1040 3032 1247 3100 τροφῆς
1290 3030 1532 3101 εὐπορεῖ,
1563 3030 1639 3095 ὡς
1690 3032 1781 3083 εὐ-

205 3121 392 3191 τραφῆ
435 3120 527 3173 καὶ
579 3119 774 3190 ἰσχυρά
818 3121 912 3173 καὶ
944 3120 1231 3191 ἐρρωμένα
1272 3120 1590 3190 τυγχάνειν;
1625 3120 1783 3173 Κατὰ

205 3181 264 3263 δέ
434 3181 665 3263 Λουκᾶς
682 3181 854 3279 λέγων
874 3212 903 3263 ό
935 3181 1136 3280 Κύριος
1152 3228 1164 3241 ·
1194 3181 1617 3277 Κατακοήσατε
1642 3211 1783 3276 τοὺς
1810 3181 1854 3241 C

208 3301 472 3369 κόρακας
498 3300 634 3371 (59),
664 3302 847 3356 πλεῖόν
864 3318 917 3354 τι
941 3301 1216 3372 ἐμφαίνει.
1242 3303 1369 3363 Τοῖς
1382 3304 1478 3372 μὲν
1493 3302 1598 3371 γὰρ
1612 3318 1782 3371 σπερ-

210 3390 463 3462 μολόγοις
506 3389 616 3443 τῶν
648 3390 865 3458 πτηνῶν
912 3391 1227 3463 ἑτοιμοτέρα
1271 3393 1388 3445 ἐστὶ
1420 3393 1627 3463 τροφὴ,
1670 3395 1784 3456 τοῖς

206 3483 265 3537 δὲ
307 3481 692 3555 σαρκοϐόροις,
726 3481 914 3554 ὥσπερ
958 3485 1007 3536 οἱ
1042 3484 1308 3555 κόρακες,
1347 3484 1778 3556 δυσχερεστέραο

204 3570 326 3627 ἀλλ’
355 3573 506 3642 ὅμως
543 3572 663 3627 οὐδὲ
710 3570 779 3625 τὰ
822 3572 1046 3627 τοιαῦτα
1083 3573 1288 3644 τροφῆς
1329 3575 1526 3644 ἀπορεῖ
1561 3572 1648 3625 διὰ
1686 3573 1783 3648 τὴν

205 3660 487 3731 τανταχοῦ
528 3660 893 3733 ἑκτεταμένην
924 3661 1201 3732 Πρόνοιαν.
1241 3664 1349 3715 Καὶ
1387 3664 1554 3734 τρίτῳ
1598 3662 1783 3716 συλλο⁸

202 3750 393 3821 τισμῷ
422 3751 502 3813 είς
529 3750 591 3804 τὸ
628 3750 760 3804 αὐτὸ
808 3751 1006 3822 ἐχρῆτο
1035 3751 1209 3820 λέγων
1231 3769 1245 3783 υ
1290 3752 1386 3821 Τίς
1422 3752 1476 3805 δ’
1515 3753 1585 3816 ἐξ
1618 3750 1785 3820 ὑμῶν

198 3840 506 3912 μεριμνῶν
550 3840 797 3896 δύναται
840 3842 1187 3909 προσθεῖναι
1242 3844 1341 3897 ἐπί
1385 3843 1501 3911 τὴν
1541 3844 1785 3913 ἠλικίαν

201 3932 397 3989 αὐτοῦ
445 3933 651 4002 πῆχυν
690 3934 828 3997 Era;
873 3936 942 3987 Et
982 3930 1095 3988 οὖν
1140 3935 1263 3989 οὔτ’
1316 3934 1643 4005 ἐλάχιστον
1685 3934 1785 3987 δύ-

202 4026 422 4089 νασθε,
442 4024 572 4092 περὶ
598 4022 719 4077 τῶν
744 4023 971 4079 λοιπῶν
992 4026 1050 4078 τί
1062 4012 1414 4096 μέριμνᾶτε;
1447 4026 1584 4082 Ἀλλ’
1609 4029 1658 4081 εί
1689 4046 1785 4105 μη.

200 4116 323 4179 δαὶς
353 4115 532 4185 οἰκείᾳ
564 4115 804 4184 φροντίδι
844 4114 1063 4168 πώποτε
1104 4116 1424 4189 προσθήκην
1465 4118 1643 4189 ἑαυτῷ
1688 4114 1783 4171 τοῦ

204 4203 465 4276 σώματος
495 4205 817 4276 ἐπενόησεν,
848 4205 961 4259 ἀλλ’
985 4207 1105 4261 οὐδὲ
1132 4209 1198 4279 τῇ
1233 4207 1538 4280 προθεσμίᾳ
1565 4208 1657 4261 τοῦ
1686 4212 1785 4279 τῆς

203 4297 360 4367 ζωῆς
403 4297 619 4367 χρόνου,
656 4300 995 4372 μεριμνήσας
1025 4315 1107 4363 τις
1134 4294 1244 4363 οἷός
1264 4300 1313 4352 τ’
1348 4300 1413 4353 ἂν
1440 4299 1524 4370 εἴη
1555 4298 1689 4370 πρὸς
1715 4303 1781 4371 τῇ

198 4388 434 4458 τελευτῇ
469 4385 565 4440 τοῦ
611 4386 727 4457 βίου
760 4391 1066 4459 γενόμενος,
1094 4390 1307 4460 ἡμέρας
1342 4392 1471 4460 μιᾶς
1508 4390 1783 4460 διάστημα

199 4479 239 4550 ἢ
301 4478 493 4549 καιρὸν
542 4477 873 4549 βραχύτατον
921 4480 1069 4549 ὥρας
1112 4479 1287 4549 ἑαυτῷ
1338 4480 1686 4549 περινοῆσαι’
1729 4476 1780 4531 τί

200 4568 318 4640 χρὴ
357 4568 626 4639 περιττῶς
663 4572 950 4641 μεριμνᾷν,
983 4570 1099 4624 δέον
1132 4570 1524 4643 ἐπιτρέψαντας
1552 4570 1629 4640 τῷ
1661 4570 1779 4639 Θεῷ

198 4662 313 4733 τὴν
340 4658 502 4713 αὐτοῦ
545 4660 737 4730 βουλὴν
765 4661 1107 4732 περιμένειν;
1142 4661 1499 4732 Βουληθέντος
1538 4662 1646 4732 γὰρ
1685 4659 1780 4713 αὐ-

199 4751 306 4806 τοῦ
353 4749 538 4816 αὖξειν
574 4752 741 4821 ἡμᾶς,
788 4751 1043 4822 αὔξομεν,
1093 4754 1256 4823 μηδὲν
1312 4753 1777 4823 μεριμνήσαντες’

200 4841 306 4895 καὶ
337 4837 687 4908 βουληθέντος
718 4842 861 4911 ἡμᾶς
896 4841 993 4911 ζῇν
1023 4843 1115 4895 καὶ
1147 4841 1471 4912 μακροόίους
1502 4837 1657 4904 εἷναι,
1687 4844 1781 4913 ζη-

201 4927 423 5000 σόμεθα
450 4929 546 4979 καὶ
586 4927 862 4991 πολυετεῖς
903 4929 1271 5000 γενησόμεθα,
1314 4930 1476 5000 μηδὲν
1509 4932 1779 5001 μεριμνή-

200 5036 435 5082 σαντες·
473 5019 547 5089 μὴ
594 5018 913 5088 βουλομένου
959 5020 1016 5072 δὲ
1059 5021 1224 5074 αὐτοῦ
1275 5023 1611 5091 παραμένειν
1656 5021 1779 5074 τινὰ

198 5110 321 5165 τῶν
350 5110 502 5179 βίων,
541 5109 745 5179 ματαία
770 5110 918 5162 πᾶσα
948 5113 1167 5182 φροντὶς
1192 5111 1497 5182 ἀνθρώπου.

284 5218 404 5289 (59)
438 5218 638 5289 Nempe
684 5218 815 5275 Luc.
859 5236 957 5287 xu,
985 5221 1078 5276 24.
1136 5221 1274 5276 Hinc
1326 5237 1511 5278 rursus
1539 5223 1783 5277 videmur

200 5288 543 5361 (ignescere
573 5288 859 5361 Eusebium
885 5296 1238 5361 commentari
1262 5294 1344 5347 vel
1374 5294 1673 5361 generatim
1707 5295 1785 5347 ad

205 5358 649 5429 iEv'angeliaLvel
680 5370 828 5414 certe
874 5361 927 5413 iu
960 5360 1325 5428 superioribus
1358 5358 1778 5417 commentatum

203 5427 392 5509 fuisse
414 5427 482 5509 ad
516 5427 701 5509 Matth.
734 5444 809 5491 Vl,
840 5430 912 5509 εξ
952 5427 1094 5509 seq”
1119 5439 1185 5509 ut
1228 5433 1391 5509 etiam
1423 5432 1581 5484 verba
1618 5448 1783 5509 evan-

203 5496 387 5622 ﬁ'elica
414 5497 575 5551 citata
598 5500 665 5553 τὰ
699 5499 920 5552 πετεινά
951 5496 1045 5553 τοῦ
1078 5500 1333 5622 οὐρανοῦ,
1364 5512 1496 5565 etc.,
1529 5503 1777 5555 suadent.

260 5569 437 5622 iectas
481 5566 644 5622 ittitur
687 5570 920 5622 traxisse
958 5573 1070 5622 inec
1102 5586 1129 5621 a
1203 5582 1450 5622 catenam
1483 5572 1534 5622 in
1577 5570 1777 5622 Lucam

260 5570 437 5622 iectas
481 5570 644 5637 igitur
687 5570 920 5623 traxisse
958 5573 1070 5623 inec
1102 5570 1168 5622 at]
1203 5582 1450 5624 catenam
1483 5572 1534 5624 in
1577 5570 1778 5623 Lucam

203 5637 454 5700 videtur,
484 5640 550 5689 de
590 5652 691 5705 qua
732 5654 789 5691 re
821 5637 931 5705 jam
968 5640 1020 5696 in
1055 5640 1477 5706 prmcedeutibus
1520 5639 1774 5693 diximus.

204 5707 471 5761 Attamen
536 5708 937 5773 qualescunque
1011 5710 1092 5762 lue
1163 5719 1359 5763 nostra
1413 5710 1777 5764 dubitationes

207 5788 378 5843 sunt;
414 5777 522 5836 duo
546 5786 671 5837 sunt
706 5776 905 5850 alioqui
952 5778 1250 5837 certissima
1280 5794 1290 5827 :
1326 5779 1578 5851 primum,
1609 5789 1775 5838 mate-

1894 1935 2286 2005 providentiam
2317 1937 2561 2000 mittens,
2588 1938 2831 2005 subjecto
2852 1938 3101 2008 exemplo
3126 1939 3269 2010 quod
3294 1940 3453 1995 mulu-

1868 2027 2066 2101 .magis
2098 2027 2335 2097 ipsorum
2385 2045 2548 2100 quam
2581 2029 2874 2087 volatilium
2922 2031 3234 2089 alendorum
3270 2045 3459 2087 curam

1893 2128 2043 2187 geret
2066 2120 2301 2176 caelestis
2324 2119 2504 2176 Pater.
2541 2122 2676 2177 Dum
2724 2133 2902 2179 autem
2935 2125 3209 2181 caelestem
3240 2122 3460 2179 Patrem

1894 2208 2146 2277 appellat,
2182 2212 2471 2267 maximum
2501 2228 2598 2269 nos
2632 2214 2825 2286 dogma
2853 2215 3030 2270 docet.
3068 2212 3202 2268 Nam
3236 2228 3357 2269 cum
3387 2211 3461 2267 sit

1894 2308 2137 2354 nostrum
2165 2300 2427 2373 cujusque
2458 2304 2618 2360 Pater
2646 2304 2692 2359 is
2730 2306 2821 2376 qui
2851 2320 3068 2361 carnem
3106 2314 3343 2361 nostram
3369 2319 3459 2360 se-

1893 2388 2002 2453 vit;
2036 2403 2158 2442 cum
2203 2391 2271 2443 sit
2316 2392 2446 2446 item
2497 2394 2734 2449 cmlestis
2778 2392 2960 2458 Pater,
2996 2395 3087 2465 qui
3137 2392 3456 2450 rationalem

1893 2477 2415 2550 intellectualemque
2450 2484 2556 2537 vim
2588 2483 2744 2538 nobis
2780 2483 3011 2549 indidit,
3042 2498 3142 2539 cur
3164 2484 3273 2553 jam
3303 2482 3457 2539 solli-

1890 2568 1983 2623 citi
2010 2569 2213 2625 simus?
2250 2570 2442 2627 Nonne
2473 2572 2699 2628 firmiter
2744 2575 3071 2630 credendum
3117 2585 3201 2631 est
3234 2584 3459 2630 natura-

1891 2659 1994 2717 lem
2032 2674 2273 2717 nostrum
2319 2664 2707 2733 melioremque
2755 2664 2991 2735 (animm)
3037 2675 3244 2735 patrem
3302 2664 3459 2721 nobis

1890 2753 2064 2823 magis
2086 2754 2479 2821 consulturum,
2508 2771 2668 2825 quam
2703 2754 2825 2810 caeli
2863 2754 3204 2821 volatilibus,
3237 2770 3357 2829 quae
3386 2756 3458 2815 ob

1891 2844 1988 2898 Dei
2013 2846 2405 2915 providentiam
2436 2847 2502 2900 ad
2534 2846 2624 2899 illa
2653 2861 2822 2916 usque
2860 2855 3191 2916 protensam,
3231 2858 3379 2901 tanta
3403 2858 3461 2910 et

1891 2943 2000 2989 tam
2028 2934 2173 2990 facili
2203 2950 2328 2990 esca
2354 2937 2649 3003 abundant,
2680 2938 2751 2991 ita
2779 2946 2837 2991 ut
2869 2937 2979 2995 sint
3006 2938 3223 3010 pinguia
3266 2950 3320 2993 et
3347 2938 3457 2994 for-

1894 3027 1967 3079 tia
1996 3036 2050 3081 et
2069 3026 2272 3095 optima
2320 3027 2545 3095 praedita
2594 3027 2937 3081 valetudine?
2981 3027 3100 3083 iam
3158 3031 3455 3089 secundum

1891 3116 2092 3173 Lucam
2136 3118 2322 3172 dicens
2364 3117 2644 3184 Dominus,
2692 3116 3031 3171 Considerate
3087 3134 3287 3182 corvos,
3340 3121 3457 3189 plus

1885 3210 2085 3279 aliquid
2133 3210 2420 3279 signiﬁcat.
2466 3210 2598 3263 Nam
2653 3226 2774 3285 quae
2820 3210 3117 3264 seminibus
3162 3220 3455 3278 pascuntur
3572 3213 3576 3221 ‘

1887 3300 2149 3365 volucres,
2198 3300 2370 3370 magis
2403 3299 2617 3355 obviam
2642 3314 2827 3355 escam
2873 3299 3103 3365 habent;
3151 3301 3452 3355 carnivorze

1885 3400 2101 3457 autem,
2143 3390 2445 3459 cuiusmodi
2499 3390 2648 3446 corvi
2690 3400 2844 3455 sunt,
2893 3391 3271 3447 difﬁciliorem.
3344 3390 3453 3446 Sed

1884 3492 2062 3541 tamen
2092 3496 2159 3537 ne
2207 3482 2259 3535 bl
2291 3482 2506 3552 quidem
2557 3481 2813 3538 alimento
2859 3492 3069 3546 carent,
3123 3492 3339 3552 propter
3384 3484 3456 3538 ad

1882 3572 2065 3625 omnia
2115 3570 2475 3643 pertinentem
2522 3568 2941 3629 Providentiam.
3007 3570 3190 3626 Tertio
3239 3588 3458 3642 quoque

1884 3672 2205 3731 argumento
2246 3662 2313 3715 ad
2364 3662 2501 3716 idem
2558 3677 2687 3716 usus
2716 3671 2799 3716 est
2830 3662 3060 3725 dicens;
3096 3660 3229 3727 Quis
3275 3672 3453 3717 autem

1884 3759 2107 3804 vestrum
2137 3753 2418 3822 cogitando
2444 3762 2610 3821 potest
2638 3752 2869 3823 adjicere
2896 3753 2966 3806 ad
3005 3762 3269 3807 staturam
3299 3770 3454 3809 suasu

1883 3842 2112 3895 cubitum
2144 3844 2348 3896 unum?
2402 3844 2465 3898 Si
2514 3859 2637 3912 ergo
2687 3860 2849 3911 neque
2886 3845 3024 3916 quod
3072 3844 3345 3897 minimum
3374 3854 3453 3897 est

1881 3933 2118 4000 potestis,
2147 3948 2241 3986 cur
2267 3933 2333 3987 de
2356 3934 2557 3987 steteris
2593 3933 2811 3987 solliciti
2841 3935 3009 3993 estis?
3046 3933 3101 3988 Si
3136 3949 3292 3988 nemo
3325 3949 3450 4004 ιιι-ο»

1884 4022 2001 4091 prio
2050 4023 2230 4077 studio
2263 4023 2689 4079 additamentum
2733 4026 2950 4095 corpori
2998 4039 3096 4078 suo
3143 4026 3323 4080 facere
3356 4041 3453 4095 po-

1886 4124 2020 4179 test;
2048 4115 2092 4169 si
2129 4128 2320 4185 neque,
2363 4124 2566 4170 statuto
2593 4115 2808 4170 vivendi
2857 4116 3052 4189 spatio,
3102 4121 3452 4185 quantumvis

1883 4208 2102 4275 cogitet,
2142 4216 2318 4275 potest
2359 4210 2643 4278 quisquam
2692 4208 2814 4267 vita:
2856 4208 2949 4262 fini
2999 4208 3311 4277 proximus,
3371 4210 3457 4272 vel

1883 4298 2042 4351 unius
2075 4298 2179 4352 diei
2232 4297 2574 4352 intervallum
2622 4308 2716 4361 aut
2748 4297 3127 4353 brevissimum
3160 4298 3307 4353 hora:
3340 4315 3456 4357 mo-

1884 4396 2121 4439 mentum
2151 4386 2253 4441 sibi
2277 4400 2611 4457 comparare,
2642 4402 2739 4440 cur
2766 4384 2966 4439 frustra
2993 4384 3452 4447 sollicitudinibus

1883 4478 2149 4545 angimur,
2182 4493 2304 4532 cum
2331 4492 2464 4551 opus
2480 4478 2551 4533 sit
2582 4477 2675 4531 Dei
2714 4476 3039 4530 voluntatem
3076 4488 3456 4546 exspectantes

1885 4569 2172 4637 perstare?
2220 4568 2357 4623 Nam
2406 4570 2453 4624 si
2504 4569 2548 4622 is
2584 4568 2814 4622 voluerit
2860 4583 2958 4624 nos
3006 4582 3225 4639 augere,
3270 4570 3456 4639 utique

1887 4661 2199 4729 augebimur
2229 4659 2361 4715 nihil
2400 4660 2702 4727 cogitantes
2735 4675 2750 4712 :
2779 4668 2834 4713 et
2871 4660 2915 4714 si
2949 4658 3181 4714 voluerit
3221 4675 3319 4715 nos
3363 4663 3456 4715 diu

1885 4752 2091 4816 vivere,
2113 4767 2245 4807 sane
2269 4752 2551 4821 permultis
2575 4753 2731 4807 annis
2764 4752 2880 4807 sine
2904 4752 3009 4807 ulla
3034 4768 3162 4807 cura
3189 4751 3451 4806 fruemur.

1885 4841 2111 4896 Nolente
2136 4852 2314 4897 autem
2345 4857 2411 4898 eo
2432 4843 2485 4896 in
2514 4843 2627 4896 vita
2658 4843 2892 4914 aliquem
2916 4858 3286 4915 perseverare,
3318 4858 3453 4906 vana

1887 4935 2139 5009 quaelibet
2165 4934 2401 4997 hominis
2432 4948 2565 4989 cura
2589 4943 2689 4990 est.

1884 5219 2017 5289 riam
2053 5227 2214 5273 lotam
2258 5232 2376 5289 esse
2403 5218 2615 5280 Eusebii
2641 5263 2655 5285 ,
2693 5222 2847 5289 cujus
2895 5236 3092 5277 nomen
3133 5232 3452 5279 constanter

1882 5288 2142 5360 incitatis
2161 5288 2414 5341 omnibus
2438 5291 2680 5360 codicum
2708 5288 2841 5344 locis
2866 5291 3060 5357 legitur
3086 5310 3099 5345 :
3129 5298 3451 5360 secundum,

1881 5358 2130 5425 debuisse
2178 5372 2296 5419 nos,
2330 5366 2387 5409 ut
2430 5357 2682 5421 fecimus,
2732 5363 3183 5414 commentarium
3218 5364 3361 5415 hunc
3396 5357 3451 5425 in

1880 5424 2441 5497 Lucantinscribere,
2489 5430 2614 5496 quia
2663 5441 2857 5482 cuncta
2913 5432 3026 5483 haec
3056 5424 3452 5497 deprehensas

1881 5496 2035 5548 nobis
2085 5495 2300 5549 fuerunt
2326 5497 2377 5549 in
2412 5495 2643 5564 quatuor
2686 5500 2920 5553 diversis
2955 5501 3019 5551 ad
3056 5495 3253 5555 Lit—cam
3301 5512 3453 5556 cate-.-

1881 5566 2133 5637 nis,huon
2170 5580 2301 5637 vero
2347 5566 2397 5619 in
2426 5567 2654 5620 aliorum
2692 5569 3143 5637 evangelistarum
3194 5574 3452 5636 explanate

1888 5634 2141 5686 tionibus.
2190 5634 2300 5687 Hoc
2332 5650 2460 5704 ergo
2501 5648 2733 5704 quatuor
2775 5634 3022 5690 codicum
3087 5634 3453 5703 testimonium

1886 5718 1983 5781 pro
2038 5703 2264 5787 Eusebii
2324 5703 2726 5762 Commentario
2776 5708 2828 5767 in
2880 5706 3078 5770 Lucam
3142 5716 3456 5787 perempto.

1885 5789 2019 5833 rium
2051 5785 2288 5849 apparet,
