4128 6294
734 388 838 445 559

1427 374 1691 434 EUSEBII
1725 370 2204 429 CtthRlENSlS
2242 370 2389 427 OPP.
2435 368 2614 424 PARS
2652 367 2809 423 lll.-—
2849 363 3255 421 EXEGETICA.

3815 361 3913 419 560

799 495 974 564 Atque
1007 491 1117 549 haec
1162 491 1228 546 de
1276 490 1546 545 alimentis
1593 489 1920 548 disserebat;
1966 486 2270 556 pariterque
2297 490 2344 546 Α

2441 485 2548 537 Καὶ
2593 482 2765 536 ταῦτα
2802 483 2899 552 μὲν
2952 480 3079 550 περὶ
3112 476 3316 548 τροφῆς
3357 477 3690 530 διεταττετο·
3738 476 3910 529 ibanti-

733 589 800 644 de
856 583 1181 641 indumentis
1223 580 1471 636 monebat
1497 579 1682 634 dicens
1710 595 1725 631 :
1757 576 2092 631 Considerate
2129 576 2265 641 lilia,

2364 592 2470 638 τως
2501 575 2558 628 δὲ
2604 574 2700 627 καὶ
2744 573 2872 642 περὶ
2909 569 3199 639 ἐνδύματος
3231 568 3458 639 παρῄνει
3495 567 3670 635 λέγων
3690 583 3706 598 ο
3737 571 3912 635 Κατα-

733 674 986 744 quornodo
1017 680 1271 735 crescunt,
1323 676 1376 724 et
1424 667 1647 734 reliqua.
1693 664 1898 720 Rursus
1927 663 2009 719 hir
2057 677 2266 733 quoque

2388 666 2623 733 micare
2663 664 2736 718 τὰ
2782 663 2954 732 κρίνα
2996 660 3119 726 πῶς
3168 658 3434 723 αὐξάνει,
3465 677 3520 713 κ.
3553 676 3606 714 τ.
3649 658 3701 710 λ.
3757 657 3914 711 Πάλιν

732 759 1150 833 argumentando
1193 755 1478 817 concludit.
1521 754 1751 808 suadens
1789 765 1848 808 ut
1892 754 2266 808 indumentum

2388 753 2642 808 ιάνταῦθα
2666 750 2804 822 μετὰ
2835 746 3190 818 συλλογισμοῦ
3216 747 3455 816 συνάγει,
3482 747 3685 800 πείθων
3708 746 3919 816 προσδο-

731 871 943 927 qnoque
990 869 1021 910 a
1056 855 1161 909 Deo
1191 850 1318 920 ipsis
1341 850 1525 904 datum
1573 849 1637 902 iri
1680 857 2016 917 exspectent.
2057 846 2190 902 Nam
2223 845 2269 902 si

730 948 851 1017 quis
883 954 967 1000 est
993 944 1129 1013 apud
1160 941 1404 997 homines
1448 939 1697 1010 pretiosa:
1728 939 1888 994 vestis
1917 946 2077 1008 atque
2117 951 2272 991 orna-

732 1037 898 1092 menti
954 1035 1250 1099 studiosus;
1301 1040 1561 1101 spectate,
1613 1030 1808 1097 lnquit,
1845 1029 2111 1098 quomodo
2144 1027 2268 1082 uni-

732 1127 870 1182 versi
914 1134 1102 1180 auctor
1149 1123 1288 1178 Deus
1332 1135 1497 1190 usque
1536 1119 1602 1174 ad
1646 1130 1832 1174 enatos
1885 1119 2071 1173 tellure
2115 1117 2272 1173 ﬂores

733 1216 1074 1286 multiplicem
1109 1227 1261 1268 suam
1298 1210 1612 1281 sapientiam
1639 1209 1952 1273 extendens,
2002 1209 2145 1263 omni
2176 1222 2270 1269 co-

735 1308 904 1362 lorum
951 1316 1109 1373 atque
1141 1313 1425 1358 ornatuum
1471 1317 1663 1372 genere
1690 1301 1806 1356 illos
1852 1301 2031 1364 veStit,
2071 1309 2268 1354 tenam

736 1394 1144 1456 transformans,
1179 1393 1554 1462 puiveremqne
1599 1393 1714 1460 ejus
1757 1392 2070 1457 inanimem,
2121 1404 2272 1444 eus-

736 1485 960 1554 demque
1035 1483 1264 1552 speciem
1345 1481 1665 1543 immutans,
1738 1480 2044 1534 melioribus
2104 1478 2273 1533 nulto

2367 848 2470 917 κᾷν
2516 846 2728 906 πάντως
2780 841 2981 912 ἔνδυμα
3033 839 3180 910 παρά
3230 838 3324 892 τοῦ
3368 838 3502 891 Θεοῦ
3544 840 3731 901 αὐτοῖς
3773 837 3921 908 Mr"-

2370 937 2586 990 σεσθαι·
2626 935 2673 987 εί
2711 933 2819 1002 γάρ
2851 933 2934 995 τίς
2979 934 3095 984 ἐστι
3133 929 3408 1000 φιλότιμος
3449 929 3579 1001 παρ’
3621 928 3922 999 ἀνθρώποις

2368 1026 2552 1097 ἐσθῆτι
2578 1023 2855 1077 πολυτελεῖ
2878 1024 2971 1076 καὶ
2997 1021 3299 1092 φιλοκαλίᾳ,
3323 1020 3607 1083 θεάσασθε,
3634 1021 3790 1089 φησὶ,
3814 1021 3924 1082 τοῖς

2367 1115 2680 1186 ὀφθαλμοῖς,
2709 1114 2783 1176 ὡς
2811 1115 2840 1166 ὁ
2865 1112 2959 1165 τοῦ
2998 1113 3193 1176 παντὸς
3216 1111 3440 1181 ποιητὴς
3462 1111 3613 1173 Θεὸς,
3645 1112 3808 1180 μέχρι
3835 1111 3926 1163 καὶ

2369 1207 2476 1259 τῶν
2512 1207 2613 1276 γῆς
2648 1205 2928 1274 φυομένων
2958 1205 3162 1256 ἀνθέων
3198 1203 3295 1273 τὴν
3341 1201 3718 1255 πολυποίκιλον
3763 1201 3925 1254 αὐτοῦ

2403 1299 2560 1365 οφίαν
2589 1296 2830 1357 ἐκτείνας
2850 1332 2864 1356 ,
2896 1295 3168 1355 παντοίοις
3198 1291 3449 1362 χρὼμασί
3480 1307 3538 1342 τε
3577 1289 3673 1342 καὶ
3720 1289 3929 1356 κοσμή-

2373 1407 2506 1453 μασι
2548 1388 2921 1456 κατεκόσμησε
2955 1386 3143 1447 ταῦτα,
3191 1380 3669 1454 μετασχηματίσας
3704 1381 3803 1449 μὲν
3833 1380 3931 1449 τὴν

2383 1478 2493 1546 γῆν,
2534 1477 2626 1528 καὶ
2661 1475 2759 1546 τὴν
2786 1474 2932 1527 κόνιν
2965 1473 3134 1544 αὐτὴν
3160 1474 3257 1541 τὴν
3288 1471 3492 1540 ἄψυχον
3512 1509 3526 1532 ,
3553 1470 3614 1522 τό
3641 1486 3702 1522 τε
3730 1469 3934 1538 ταύτης

739 1575 985 1630 tincturis
1015 1589 1173 1642 quam
1216 1571 1463 1625 videntur
1506 1586 1737 1641 purpura
1764 1580 1818 1625 et
1866 1585 2074 1631 aurum.
2101 1579 2156 1624 et
2188 1579 2261 1624 te-

2388 1566 2690 1622 ιεταδαλὼν
2739 1562 2907 1629 εἷδος,
2957 1563 3270 1633 ἁλουργίδας
3306 1580 3365 1614 τε
3409 1564 3502 1615 καὶ
3545 1559 3749 1631 χρυσοῦ
3798 1559 3933 1612 πολυ

739 1667 930 1722 nuibus
959 1665 1177 1738 philyris
1199 1664 1531 1732 ﬂoridisque,
1562 1669 1718 1717 suam
1746 1660 2131 1730 quodammodo
2161 1660 2272 1714 for—

2372 1659 2640 1728 κρείττοσι
2683 1657 2981 1728 βάμμασιν,
3017 1658 3076 1708 ἐν
3105 1655 3264 1725 ὑμέσι
3307 1655 3519 1716 λεπτοῖς
3555 1654 3649 1705 καὶ
3681 1649 3934 1705 εὐανθέσι

741 1757 1036 1813 mositatem
1103 1755 1156 1808 in
1219 1753 1298 1809 eis
1350 1752 1617 1809 coilocans
1659 1770 1674 1807 :
1724 1761 1781 1806 ut
1820 1751 2016 1806 nullius
2062 1749 2270 1806 delicati

2388 1750 2463 1802 τὸν
2493 1749 2550 1814 ἐξ
2575 1748 2737 1802 αὑτοῦ
2769 1749 2964 1819 κόσμον
2989 1749 3046 1800 ὲν
3069 1748 3203 1817 αὒτῇ
3246 1744 3608 1816 καταθέμενος
3625 1764 3638 1774 ·
3667 1745 3745 1807 ὡς
3779 1743 3940 1814 μηδεο

744 1849 914 1918 regis,
971 1859 1142 1915 neque
1189 1845 1357 1914 ipsius
1401 1841 1734 1907 Salomonis,
1773 1842 1862 1911 qui
1904 1841 2040 1910 apud
2074 1850 2279 1896 veteres
2307 1835 2349 1889 Β

2388 1842 2465 1905 νὸς
2503 1842 2774 1912 τρυφηλοῦ
2811 1842 3089 1912 βασιλέως,
3127 1841 3246 1912 μηδ’
3284 1839 3446 1894 αὑτοῦ
3499 1838 3814 1910 Σολομῶνος
3843 1835 3939 1892 τοῦ

742 1935 1018 2006 sapientia,
1054 1936 1242 2005 opibus
1272 1934 1576 2003 deliciisque
1605 1932 1902 1987 celebratus
1933 1941 2038 1998 est,
2075 1941 2276 1985 tantum

742 2026 1150 2099 pulchritudinis
1199 2024 1483 2079 artitlcium
1511 2031 1837 2092 compertum
1882 2020 2068 2084 fuerit,
2096 2029 2155 2074 ut
2187 2020 2278 2074 uni

742 2134 809 2174 ex
849 2118 934 2173 his
972 2116 1206 2188 pulchris
1254 2114 1473 2169 ﬂoribus
1519 2129 1617 2184 par
1659 2113 2024 2166 indumentum
2083 2110 2282 2165 habere

745 2211 998 2281 potuerit.
1027 2207 1162 2276 Quid
1185 2221 1312 2274 ergo
1339 2206 1550 2269 mirum,
1587 2204 1632 2259 si
1667 2204 1757 2273 qui
1791 2205 1903 2273 agri
1941 2204 2119 2258 fenum
2148 2201 2280 2256 nulli

747 2301 824 2356 rei
857 2299 1006 2361 utile.
1047 2299 1188 2364 quod
1239 2298 1360 2369 igne
1423 2303 1796 2364 consumptum
1844 2294 2000 2364 perit,
2045 2294 2116 2348 ita
2158 2307 2285 2347 con-

748 2391 925 2458 vestit,
938 2391 1088 2446 vobis
1100 2382 1311 2460 quoque
1329 2386 1598 2444 sensibilis
1623 2385 1928 2442 indumenta
1956 2387 2008 2441 in
2027 2397 2284 2453 praesente

746 2483 854 2536 vita
927 2479 1259 2551 providentia
1318 2493 1416 2532 sua
1472 2476 1838 2546 comparabit?
1893 2503 1967 2517 —
2016 2475 2106 2530 Sic
2157 2489 2285 2545 ergo

745 2573 924 2628 omnia
960 2570 1260 2641 negligere,
1307 2569 1474 2624 solum
1503 2581 1631 2622 vero
1680 2581 1897 2636 regnum
1931 2565 2066 2637 (Dei)
2101 2567 2286 2636 exqui-

748 2677 868 2718 rere
913 2661 1269 2732 precipiebat.
1320 2659 1451 2713 Nam
1498 2673 1716 2728 regnum
1772 2671 2103 2727 nequaquam
2133 2673 2284 2728 qua:-

753 2752 1010 2816 reutibus,
1042 2765 1139 2805 nec
1159 2751 1372 2805 virtutis
1403 2764 1586 2803 curam
1618 2748 1944 2818 gerentibus,
1983 2747 2115 2801 nihil
2145 2761 2282 2815 pne-

751 2839 1012 2894 dictorum
1065 2837 1507 2907 suppeditabitur.
1569 2835 1708 2890 Solis
1746 2845 1922 2890 autem
1970 2835 2085 2891 hac
2130 2835 2288 2890 facile

752 2929 998 2993 aderunt,
1024 2928 1115 2997 qui
1145 2941 1261 2996 quae
1283 2935 1408 2981 sunt
1433 2925 1526 2980 Dei
1556 2934 1769 2987 curant,
1802 2934 1962 2992 atque
1998 2933 2058 2978 ut
2089 2923 2136 2980 ei
2170 2923 2287 2993 pla-
2346 2930 2349 2933 ’

752 3028 908 3075 ceant
954 3027 1234 3089 satagunt,
1299 3025 1353 3073 et
1397 3015 1672 3071 meliorum
1716 3030 1894 3069 rerum
1941 3014 2116 3069 studio
2161 3016 2291 3069 dant

2379 1931 2529 2004 παρά
2546 1935 2658 1991 τοῖς
2683 1931 2933 1994 παλαιοῖς
2970 1932 3063 1983 ἐπὶ
3093 1929 3253 1999 σοφίᾳ
3280 1929 3374 1982 καὶ
3399 1929 3612 2000 πλούτῳ
3642 1929 3738 1982 καὶ
3759 1931 3939 1999 τρνφῇ

2381 2023 2658 2094 βοηθέντος
2683 2021 2949 2092 τοσαύτην
2976 2020 3263 2092 εὑρεθῆναι
3299 2020 3583 2089 φιλόκαλον
3613 2021 3837 2090 τέχνην,
3865 2019 3946 2080 ὡς

2379 2115 2460 2167 ἐνὶ
2506 2112 2612 2166 τῶν
2647 2113 2755 2166 ἀπὸ
2799 2114 2901 2183 γῆς
2941 2111 3156 2181 ὡραίων
3194 2110 3397 2164 ἀνθέων
3429 2111 3742 2181 ὁμοιότατον
3781 2109 3945 2181 aspl-

2380 2204 2559 2274 ϐλημα
2594 2201 2916 2272 κτήσασθαι.
2960 2203 3027 2255 Τί
3068 2197 3162 2255 οὖν
3200 2200 3304 2272 χρὴ
3334 2201 3651 2271 θαυμάζειν,
3697 2202 3747 2253 εἰ
3786 2202 3817 2254 ό
3855 2199 3949 2255 τδν

2381 2297 2565 2366 χόρτον
2595 2295 2684 2348 ’οὖ
2711 2294 2880 2364 ἀγροῦ
2912 2294 3002 2347 τὸν
3027 2296 3107 2358 εἰς
3137 2294 3286 2347 οὐδὲν
3310 2295 3596 2365 χρήσιμον,
3627 2287 3688 2347 οὗ
3715 2292 3870 2357 τέλος
3911 2295 3947 2364 ἡ

2381 2383 2467 2436 διὰ
2501 2382 2666 2454 πυρὸς
2703 2382 2897 2451 φθορὰ,
2929 2382 3113 2436 τοῦτον
3149 2383 3421 2452 ἀμφιέσας
3459 2383 3550 2436 τὸν
3579 2383 3803 2455 τρόπον,
3853 2385 3950 2438 καὶ

2386 2471 2511 2540 ὑμῖν
2546 2473 2724 2534 αὐτοῖς
2760 2471 3069 2541 ἐνδυμάτων
3115 2471 3382 2540 αἰσθητῶν
3421 2471 3514 2524 ἐπὶ
3550 2470 3643 2524 τοῦ
3678 2473 3950 2542 παρόντος

2387 2563 2498 2633 βίου
2539 2566 2862 2635 προνοήσει;
2904 2596 2969 2606 -
3013 2563 3197 2627 Οὕτως
3227 2559 3317 2617 οῦν
3357 2565 3608 2618 ἁπάντων
3637 2565 3948 2635 ὀλιγωρεῖν,

2387 2655 2552 2726 μόνης
2587 2656 2644 2708 δέ
2679 2658 2776 2726 τῆς
2822 2655 3091 2726 βασιλείας
3127 2655 3530 2725 μετατοιεῖσθαι
3570 2656 3908 2727 προσέταττε
3931 2672 3946 2686 ⁶

2387 2746 2462 2816 μὴ
2491 2745 2598 2816 γὰρ
2627 2746 2845 2817 ζητοῦσι
2867 2747 2964 2814 τὴν
2995 2747 3237 2817 βασιλεία
3304 2749 3425 2818 μηδ’
3461 2747 3661 2818 ἀρετῆς
3689 2748 3954 2819 πρόνοιαν

2385 2836 2725 2905 ποιουμένοις
2767 2837 2916 2889 οὐδὲν
2952 2839 3061 2892 τῶν
3091 2840 3252 2908 ἐπηγτ
3270 2838 3504 2910 σλμένων
3545 2839 3697 2892 ἔσται
3720 2855 3735 2868 ·
3769 2839 3956 2908 μόνοις

2385 2926 2442 2979 δὲ
2478 2927 2628 2979 ταῦτ’
2675 2926 2734 2990 ἐξ
2779 2929 2993 2998 ἑτοίμου
3035 2930 3364 3000 παρέσεσθαι
3390 2934 3502 2995 τοῖς
3541 2932 3848 3002 μεριμνῶσι
3886 2931 3957 2986 τὰ

2387 3016 2480 3069 τοῦ
2513 3016 2667 3082 Θεοῦ,
2690 3017 2837 3080 ὅπως
2874 3017 2939 3072 ἂν
2964 3020 3214 3090 ἀρέσαιεν
3239 3020 3408 3091 αὐτῷ,
3436 3021 3531 3073 καὶ
3555 3024 3668 3085 τοῖς
3703 3023 3835 3092 περὶ
3858 3022 3959 3092 τὴν

752 3125 986 3179 operam.
1033 3108 1164 3163 Nam
1211 3108 1319 3164 Deo
1359 3116 1507 3180 grata
1537 3107 1869 3174 curantibus,
1915 3107 2152 3162 vicissim
2197 3121 2291 3160 cu—
2318 3155 2349 3213 ε

2393 3107 2614 3178 ζήτησιν
2655 3109 2764 3162 τῶν
2810 3112 3129 3181 κρειττόνων
3172 3112 3586 3183 ὴσχδλημένοις.
3642 3116 3956 3185 μεριμνῶσι

754 3213 867 3254 ram
897 3199 1162 3268 impendet
1194 3198 1351 3253 Deus.

753 3290 802 3324 "
831 3287 926 3342 Ubi
971 3289 1106 3343 enim
1140 3289 1408 3346 thesaurus
1434 3299 1597 3346 vester
1625 3297 1725 3354 ut,
1758 3288 1830 3342 ibi
1859 3297 1907 3343 et
1940 3304 2032 3343 cor
2069 3296 2295 3342 vestrum

1463 3363 1578 3414 erit.

825 3445 1022 3502 Natura
1049 3449 1242 3518 quippe
1289 3460 1651 3518 comparatum
1693 3458 1776 3504 est
1795 3487 1812 3513 ,
1842 3458 1902 3502 ut
1933 3448 2108 3502 omnis
2138 3446 2294 3504 homo

759 3554 893 3604 rem,
937 3539 1021 3593 cui
1062 3539 1277 3604 studet,
1327 3540 1505 3594 animo
1549 3538 1957 3609 complectatur,
2008 3547 2169 3607 atque
2223 3539 2294 3593 ibi

758 3641 987 3684 tuentem
1022 3628 1235 3700 deligat,
1264 3629 1406 3686 unde
1438 3630 1715 3684 utilitatem
1746 3645 1805 3685 se
1830 3644 2024 3698 capere
2065 3629 2298 3684 arbitra-

759 3731 866 3775 tur.
901 3722 1074 3786 Quare
1098 3718 1255 3775 .lesus
1278 3721 1593 3776 sententiam
1633 3722 1802 3786 addit,
1847 3736 1916 3776 ne
1944 3720 2213 3776 struendis
2242 3720 2297 3774 in

761 3819 902 3864 terra
934 3811 1123 3878 opibus
1171 3811 1545 3866 inhaereamus.
1594 3810 1696 3879 Qui
1736 3812 1902 3877 enim,
1951 3810 2044 3873 ait,
2097 3811 2151 3865 in
2197 3811 2297 3865 hac

761 3900 970 3955 mortali
999 3901 1106 3954 vita
1137 3899 1413 3956 facultates
1450 3901 1817 3976 bonorumque
1865 3900 2132 3956 cumulum
2167 3902 2295 3956 ade-

759 3999 879 4060 ptus
903 3998 1007 4053 est,
1034 4004 1292 4058 suamque
1325 4004 1473 4058 spem
1503 3990 1556 4043 in
1587 3983 1862 4060 praesentis
1905 3991 2025 4043 vitae
2074 3991 2298 4061 negotiis

760 4081 1066 4147 collocavit,
1117 4094 1338 4135 necesse
1363 4088 1445 4135 est
1472 4094 1593 4135 eum
1639 4092 1744 4134 tam
1792 4081 2045 4150 gravibus
2074 4081 2299 4137 vinculis

760 4170 1130 4239 pra-peditum,
1161 4179 1385 4224 cunctas
1423 4182 1550 4223 suas
1577 4168 1926 4239 cogitationes
1956 4179 2300 4237 mentemque

760 4274 996 4324 omnem,
1021 4273 1180 4329 quam
1231 4256 1388 4312 Jesus
1431 4272 1525 4313 cor
1553 4258 1850 4327 appellavit,
1902 4258 2046 4312 humi
2083 4259 2300 4327 depres-

761 4365 874 4403 sam
901 4350 1113 4412 habere,
1164 4357 1323 4418 atque
1354 4348 1547 4402 ibidem
1594 4359 1899 4403 concretam
1943 4349 2287 4404 volutantem-

762 4453 886 4507 que,
934 4440 1018 4492 ubi
1068 4440 1374 4494 thesaurum
1407 4453 1564 4493 suum
1608 4441 1878 4509 possidere
1905 4456 1963 4497 se
1997 4453 2164 4512 putat.
2199 4442 2299 4509 Qui

763 4543 891 4582 vero
916 4529 1224 4582 cmlestihus
1253 4529 1509 4583 doctrinis
1539 4531 1771 4584 nutritus
1817 4547 2136 4602 magnopere
2166 4545 2301 4587 sata-

763 4619 860 4684 git,
893 4626 952 4670 ut
981 4629 1100 4670 vota
1147 4633 1251 4696 sua
1275 4633 1484 4673 sursum
1515 4618 1709 4688 erigat,
1746 4623 2007 4692 spemque
2054 4622 2107 4675 in
2145 4622 2303 4678 cmle-

763 4706 932 4760 stibus
962 4709 1234 4774 promissis
1267 4718 1457 4778 ponat;
1509 4709 1704 4778 quique
1735 4711 1927 4766 omissa
1959 4714 2304 4766 cumulanda-

766 4812 881 4850 rnm
922 4798 973 4850 in
1003 4807 1146 4851 terra
1179 4813 1335 4868 Opum
1360 4800 1736 4862 sollicitudine,
1775 4817 2033 4856 summam
2067 4816 2303 4858 sectatur

762 4893 1152 4953 paupertatem.
1184 4896 1397 4956 totoque
1443 4888 1620 4942 animo
1651 4891 1718 4942 ad
1769 4891 1987 4944 meliora
2016 4907 2298 4955 converso,

764 4991 914 5029 suam
939 4991 1048 5030 rem
1077 4992 1290 5032 omnem
1315 4979 1365 5032 in
1391 4979 1530 5034 ccelo
1560 4978 1751 5035 sistere
1780 4982 1974 5046 studet,
1997 4993 2158 5053 atque
2182 4983 2304 5038 illuc

764 5067 1030 5120 fortunam
1065 5067 1365 5122 universam
1396 5071 1746 5139 pramittere;
1778 5072 1967 5125 merito
1990 5074 2034 5125 is
2055 5073 2301 5141 equidem

763 5170 911 5224 spem
946 5157 1212 5226 egregiam
1260 5159 1383 5212 inde
1432 5159 1688 5225 lucralnr,
1730 5161 1852 5229 quia
1885 5171 2112 5216 mentem
2150 5177 2302 5217 suam

766 5255 924 5315 atque
949 5246 1168 5301 consilia
1202 5248 1507 5303 etelestibus
1536 5251 1698 5305 rebus
1743 5248 1994 5318 implicat.
2031 5251 2127 5306 Ubi
2159 5253 2300 5306 enim

767 5335 1069 5391 thesaurum
1100 5337 1280 5404 habet,
1325 5339 1399 5394 ibi
1439 5354 1593 5395 mens
1636 5341 1753 5411 ejus
1801 5343 2093 5398 consistet:
2130 5345 2201 5399 ita
2245 5356 2304 5399 ut

765 5439 985 5493 mrpore
1025 5436 1226 5483 tantum
1273 5429 1476 5485 versari
1525 5431 1580 5485 in
1633 5433 1794 5487 terris
1843 5447 1962 5486 cum
1998 5434 2300 5490 hominibus

765 5515 1026 5580 videatur,
1054 5518 1217 5573 animi
1241 5531 1417 5574 autem
1448 5520 1497 5573 vi
1531 5521 1774 5576 cmlestes
1823 5524 1978 5580 sedes
2001 5525 2106 5596 iam
2135 5541 2299 5582 occu-

763 5617 916 5674 pare.
961 5605 1098 5676 Ergo
1139 5624 1570 5682 unumquemque
1623 5613 1888 5669 hominem
1935 5627 2143 5686 oportet
2173 5633 2298 5691 spe-

831 5722 877 5753 "
907 5719 1031 5775 CAP.
1067 5739 1158 5790 stt,
1190 5726 1275 5780 55.

2393 3196 2499 3267 γάρ
2523 3196 2593 3250 τὰ
2621 3195 2700 3265 τῷ
2729 3195 2847 3267 Θεῷ
2872 3197 3018 3266 φίλα,
3050 3199 3527 3272 ἀντιμεριμνήσειν
3557 3202 3648 3255 τὸν
3687 3203 3848 3256 Θεόν.

2395 3284 2586 3340 ’οπου
2620 3284 2731 3354 γὰρ
2757 3288 2789 3338 ό
2830 3288 3132 3365 θησαγρρς
3167 3286 3355 3365 ᾐμῶν,
3387 3289 3509 3343 ἐκεῖ
3537 3291 3636 3344 καί
3675 3292 3716 3360 ἡ
3740 3292 3962 3352 καρδία

2977 3357 3142 3425 ὑμῶν
3162 3357 3353 3414 ἔσται.

2460 3444 2706 3509 Φυσικῶς
2735 3445 2842 3516 γὰρ
2868 3449 2975 3510 πᾶς
3005 3448 3287 3519 ἄνθρωπος
3319 3450 3446 3519 περὶ
3467 3450 3497 3502 δ
3515 3451 3802 3516 σπουδάζει
3844 3453 3963 3508 διά-

2395 3550 2601 3602 κειται,
2640 3537 2801 3589 κάκεῖ
2831 3536 3007 3590 πάντα
3046 3539 3135 3592 τὸν
3172 3538 3293 3592 νοῦν
3335 3538 3449 3610 ἔχει
3488 3540 3616 3594 ἔνθα
3656 3542 3964 3615 κεκτῆσθαι

2392 3625 2489 3697 τὴν
2517 3626 2782 3694 ὠφέλειαν
2817 3627 3066 3700 νενόμικε
3090 3647 3102 3659 ·
3146 3629 3234 3684 διὰ
3261 3629 3415 3684 τοῦτο
3447 3634 3542 3687 καὶ
3572 3632 3664 3686 τὸν
3696 3634 3963 3707 λογισμὸν

2395 3718 2589 3787 ἐπάγει
2614 3718 2707 3772 τοῦ
2736 3719 2810 3791 μὴ
2834 3721 2940 3773 δεῖν
2969 3722 3061 3775 ἐπὶ
3085 3723 3187 3792 γῆς
3216 3723 3578 3796 θησαυρίζειν.
3606 3727 3670 3780 Εί
3702 3727 3804 3796 μὲν
3851 3729 3966 3799 γάρ

2393 3826 2496 3872 τις,
2525 3809 2707 3877 φησὶν,
2732 3812 2791 3863 ἐν
2815 3809 2892 3881 τῷ
2922 3811 3097 3884 θνητῷ
3132 3814 3233 3884 βίῳ
3265 3816 3362 3878 τὰς
3393 3818 3610 3886 κτήσεις
3647 3819 3742 3872 καὶ
3769 3822 3958 3874 πᾶσαν

2397 3897 2627 3970 ὓπαρξιν
2651 3898 2978 3971 συνείληχεν,
3006 3903 3313 3974 ἀναρτήσας
3348 3904 3511 3958 αὐτοῦ
3537 3905 3635 3976 τὴν
3662 3910 3846 3963 πᾶσαν
3871 3911 3962 3964 ἐλ-

2397 3989 2523 4042 πίδα
2559 3991 2652 4042 ἐπὶ
2693 3991 2761 4044 τὰ
2792 3993 3030 4064 παρόντα
3069 3991 3166 4046 τοῦ
3207 3994 3321 4065 βίου
3349 3996 3669 4068 πράγματα,
3697 4000 3757 4066 ἐξ
3787 4003 3963 4072 ἀνάγ-

2397 4097 2500 4151 κης
2546 4077 2633 4136 οἷα
2676 4082 2739 4153 δὴ
2781 4082 2993 4154 δεσμοῖς
3032 4085 3302 4152 τοσούτοις
3342 4089 3731 4161 πεπεδημένος,
3780 4095 3964 4151 πάντα

2396 4175 2487 4244 τὸν
2515 4175 2678 4228 αὐτοῦ
2709 4176 2960 4247 λογισμὸν
2991 4178 3084 4230 καὶ
3130 4181 3306 4234 πᾶσαν
3349 4181 3448 4252 τὴν
3486 4180 3756 4247 διάνοιαν,
3793 4186 3862 4257 ἢν
3897 4184 3964 4258 δὴ

2399 4265 2624 4335 καρδίαν
2649 4265 2916 4337 ὠνόμασε,
2965 4267 3114 4322 κάτω
3155 4286 3257 4323 που
3299 4271 3433 4342 πρὸς
3463 4275 3527 4344 τῇ
3573 4275 3643 4345 γῇ
3674 4274 3958 4348 κέκτηται,

2401 4357 2564 4409 κάκεῖ
2591 4356 2817 4428 φύρεται
2849 4359 2942 4412 καὶ
2982 4358 3325 4426 καλινδεῖται,
3367 4363 3495 4417 ἔνθα
3533 4365 3833 4435 κεκτῆσθαι
3870 4366 3963 4422 τὸν

2330 4484 2376 4541 D
2402 4448 2565 4501 αὑτοῦ
2592 4447 2859 4521 θησαυρὸν
2888 4453 3166 4523 νενόμικεν
3185 4469 3199 4485 ·
3231 4456 3282 4508 εί
3312 4455 3369 4507 δὲ
3409 4459 3523 4519 τοῖς
3553 4458 3825 4530 οὐρανίοις
3857 4478 3959 4532 μα-

2408 4543 2473 4613 θή
2482 4560 2640 4613 μασιν
2666 4546 2946 4618 ἐντραφεὶς
2978 4549 3152 4602 πάντα
3179 4550 3425 4620 πράττοι,
3452 4551 3543 4605 τὸν
3567 4551 3732 4605 αὑτοῦ
3759 4551 3963 4605 σκοπὸν

2405 4633 2516 4687 ἄνω
2547 4637 3014 4706 προσαναρτήσας,
3051 4638 3146 4691 καὶ
3182 4639 3280 4708 τὴν
3316 4639 3506 4693 ἐλπίδα
3543 4640 3701 4711 ῥίψας
3731 4643 3827 4696 ἐπὶ
3865 4639 3962 4706 τὰς

2405 4725 2682 4795 οὐρανίους
2717 4728 3064 4796 ἐπαγγελίας,
3095 4727 3189 4781 τοῦ
3222 4728 3323 4799 μὲν
3353 4729 3601 4798 συνάγειν
3621 4731 3712 4783 ἐπὶ
3733 4731 3844 4802 γῆς
3875 4733 3964 4786 οὐ·

2406 4816 2591 4886 δεμίαν
2627 4817 2944 4890 ποιούμενος
2983 4821 3268 4891 φροντίδα,
3301 4823 3399 4894 τὴν
3444 4823 3618 4894 ἄκραν
3654 4821 3710 4876 δὲ
3761 4823 3966 4894 μετιὼν

2405 4905 2802 4978 ἀκτημοσύνην,
2830 4909 2922 4961 καὶ
2958 4907 3075 4972 ὅλος
3105 4912 3381 4981 γινόμενος
3409 4911 3543 4983 πρὸς
3573 4915 3684 4975 τοῖς
3718 4914 3966 4985 κρείττοι

2410 5011 2512 5060 σιν,
2547 4998 2603 5049 ἐν
2642 4998 2854 5070 οὐρανῷ
2879 5017 2938 5052 τε
2977 5000 3151 5054 πάντα
3188 5002 3455 5072 συνάγειν,
3490 5004 3650 5056 κάκεῖ
3677 5003 3768 5057 τὸν
3792 5003 3962 5059 αὑτοῦ

2408 5083 2627 5139 πλοῦτον
2675 5089 3058 5160 ταμιεύεσθαι,
3095 5092 3188 5144 καὶ
3222 5095 3401 5146 πᾶσαν
3427 5092 3524 5164 τὴν
3566 5093 3799 5164 ὕπαρξιν
3851 5096 3965 5149 ἐκεῖ

2410 5176 2745 5246 προπέμπειν
2775 5178 3084 5245 σπουδάζων
3102 5197 3116 5211 ⁸
3145 5181 3362 5244 εἰκότως
3388 5184 3416 5235 ό
3443 5182 3680 5244 τοιοῦτος
3711 5182 3876 5237 δνοιτ⁹
3899 5182 3964 5238 ἀν

2373 5314 2382 5321 .
2406 5265 2648 5322 ἐντεῦθεν
2675 5270 2774 5340 τῆς
2795 5269 3003 5341 ἀγαθῆς
3025 5272 3255 5337 ἐλπίδος,
3281 5273 3358 5345 τῷ
3377 5275 3476 5344 τὴν
3498 5273 3732 5328 διάνοιαν
3755 5276 3855 5329 καὶ
3871 5277 3962 5329 τὸν

2403 5354 2657 5427 λογισμὸν
2696 5361 2926 5413 οἰκειοῦν
2967 5363 3156 5417 ἑαυτοῦ
3184 5367 3306 5428 ’τοῖς
3349 5363 3651 5436 οὐρανίοις·
3686 5364 3816 5420 ἔνθα
3856 5366 3962 5435 γὰρ

2406 5444 2514 5515 ἔχει
2537 5448 2626 5501 τὸν
2653 5448 2942 5523 θησαυρὸν,
2966 5454 3080 5506 ἐκεῖ
3109 5455 3202 5508 καὶ
3231 5455 3330 5525 τὴν
3350 5455 3587 5510 διάνοιαν
3612 5455 3721 5521 ἔξει
3740 5473 3753 5486 ·
3782 5457 3858 5522 ὡς
3880 5457 3962 5511 δο-

2404 5538 2516 5589 κεῖν
2551 5540 2646 5608 μὲν
2665 5541 2757 5595 ἐπὶ
2783 5543 2885 5614 γῆς
2915 5546 3327 5617 παρεπιδημεῖν,
3355 5548 3448 5601 καὶ
3479 5547 3557 5618 τῷ
3579 5547 3794 5620 σώματι
3819 5551 3964 5620 μόνῳ

2408 5631 2639 5684 συνεῖναι
2686 5633 3010 5705 ἀνθρώποις,
3059 5640 3126 5710 τῇ
3172 5639 3230 5693 δὲ
3269 5638 3492 5710 δυνάμει
3535 5639 3637 5705 τὰς
3679 5641 3959 5714 οὐρανίους
