4128 6294
80 84 309 119 T,.

1398 344 1897 401 COMMENTABIA
1934 341 2001 399 IN
2041 341 2297 399 LUCAII.

3383 334 3489 393 ωτι

240 456 345 527 ἢδη
376 457 660 530 δωτριὸὰς
694 461 964 530 μετιέναι·
1000 462 1140 516 ὥστε
1184 462 1296 518 ἄνω
1335 465 1554 535 βλέπειν
1586 467 1682 528 δεῖ,
1718 466 1812 518 καὶ

1915 458 2061 519 ctare
2092 477 2345 531 superna,
2399 474 2571 529 eoque
2600 471 2749 527 spem
2805 452 3075 526 dirigere'.
3124 451 3216 509 ubi
3271 452 3488 507 thesau-

242 549 344 613 τὰς
396 552 616 617 ἐλπίδας
668 552 831 623 εχειν,
868 555 1001 608 ὅπου
1060 557 1153 609 καὶ
1193 557 1283 611 τὸν
1330 558 1600 630 θησαυρὸν
1647 558 1810 612 αὑτοῦ

246 644 597 713 συναγήοχιν.
848 684 855 691 .

242 734 364 810 Καὶ.
392 735 556 810 ὑμεῖς
588 736 774 810 ὅμοιοι
814 738 1147 807 ἀνθρώποις
1176 740 1681 810 προσδεχομένοις
1708 740 1816 794 τὸν

289 805 500 871 κύριον
531 805 779 872 ἑαυτῶν,
817 805 962 863 πότε
984 805 1277 864 ἀναλύσει
1306 810 1374 863 ἐκ
1401 805 1516 863 aliis:

329 892 416 944 Ἐν
444 892 785 967 ἑτέροιςλῆδη
827 897 1033 961 ἐδίδαξε
1075 897 1203 968 περὶ
1239 899 1346 952 τῶν
1383 900 1577 969 γάμων
1611 898 1812 951 ιίπών’

254 982 535 1053 Ὡμοιώθη
568 989 605 1053 ἡ
626 988 912 1051 ,Βασιλεία
945 986 1063 1041 τῶν
1090 989 1362 1058 οὐρανῶν
1388 988 1674 1057 ἀνθρώπῳ
1699 990 1816 1054 βα-

241 1076 419 1136 σιλεῖ,
460 1078 527 1144 ὃς
561 1080 807 1147 ἐποίησε
858 1082 1085 1150 γάμους
1118 1080 1197 1147 τῷ
1223 1080 1331 1147 υιῷ
1366 1082 1571 1137 αὐτοῦ.
1611 1082 1694 1143 Ὠς
1726 1076 1817 1134 οὖν

240 1166 346 1237 ἠδη
397 1168 504 1221 τῶν
546 1170 737 1241 γάμων
776 1172 1152 1242 γεγενημένων
1178 1210 1192 1233 ,
1224 1172 1327 1225 ἓκαὶ
1371 1171 1465 1224 τοῦ
1518 1171 1816 1241 συμποσίου

239 1256 627 1323 τελεσθέντος,
678 1262 953 1315 ἐπάνεισιν
1009 1263 1038 1313 ό
1086 1260 1275 1334 κύριος
1323 1263 1415 1314 ἐπὶ
1468 1262 1593 1323 τοὺς
1652 1263 1817 1332 ἐγρη-

238 1349 473 1418 γορότας
528 1350 777 1415 δούλους,
833 1353 913 1415 οἳ,
972 1352 1189 1406 ἐπειδὰν
1247 1354 1511 1422 ἀφίκηται
1568 1352 1728 1416 αὐτὸς
1790 1352 1819 1404 ό

239 1440 474 1507 νυμφίος
544 1440 641 1510 τήν
716 1441 1027 1512 παράληψιν
1082 1442 1182 1512 τῆς
1248 1440 1463 1512 νύμφης
1528 1441 1821 1512 ποιησόμε-

239 1544 368 1589 νος,
412 1527 703 1597 κρούσαντι
743 1530 890 1601 αὐτῷ
940 1532 1039 1600 τὴν
1088 1530 1186 1601 τῆς
1224 1523 1403 1601 ψυχῆς
1442 1530 1641 1603 θύραν,
1682 1534 1820 1583 ἑτοι-

243 1623 456 1690 μότατα
506 1623 873 1676 ὑπακούσουσι
938 1624 1031 1678 καὶ
1090 1624 1397 1689 ἀνοίξουσι,
1470 1624 1560 1677 διὰ
1618 1624 1817 1688 παντὸς

239 1714 639 1785 ἐγρηγορότες.
698 1718 788 1769 καὶ
858 1716 953 1787 τὴν
1004 1716 1169 1771 αὑτοῦ
1232 1717 1531 1788 παρουσίαν
1598 1717 1815 1786 ἐκδεχό-

1922 570 2036 609 rum
2068 568 2222 608 suum
2250 552 2361 623 jam
2396 548 2692 606 acervtvit.

1915 732 1961 762 “
1992 731 2057 785 Et
2093 747 2181 786 vos
2214 731 2406 783 similes
2435 727 2732 782 hominibus
2773 724 3188 795 exspectantibus
3216 722 3487 776 domitium

2185 816 2336 853 suum
2366 799 2577 869 quando
2614 806 2903 850 revertatur
2930 811 2964 848 ιι
2992 794 3205 861 nuptiis.

1986 888 2103 943 Jam
2145 889 2271 943 alibi
2306 888 2489 949 docuit
2524 900 2647 940 cum
2680 887 2745 939 de
2779 883 2984 952 nuptiis
3019 883 3269 936 diceret:
3306 877 3488 935 Simile

1916 992 1989 1035 est
2023 997 2237 1047 regnum
2277 976 2523 1032 calorum
2574 975 2773 1027 homini
2820 974 2961 1042 regi,
2992 972 3080 1041 qui
3123 971 3243 1039 fecit
3281 970 3489 1036 nuptias

1921 1072 2031 1141 ﬁlio
2068 1086 2165 1124 suo
2186 1071 2254 1122 ⁸⁸.
2291 1067 2569 1137 Tanquam
2604 1065 2767 1135 igitur
2815 1064 3049 1133 peractis
3094 1060 3314 1130 nuptiis,
3356 1074 3488 1114 cou-

1918 1164 2168 1232 vivioque
2196 1160 2462 1224 absoluto,
2494 1158 2633 1213 redit
2671 1157 2920 1211 dominus
2955 1155 3020 1207 ad
3054 1168 3243 1207 servos
3274 1151 3489 1222 vigiles,

1917 1255 2009 1323 qui
2051 1267 2249 1321 sponso
2278 1252 2344 1306 ad
2379 1249 2693 1305 sumendam
2726 1247 2825 1301 sibi
2868 1259 3121 1315 sponsam
3152 1243 3487 1308 adventanti,

1917 1334 1989 1401 et'
2008 1359 2150 1398 nunc
2192 1344 2305 1411 jam
2342 1326 2537 1395 animas
2586 1339 2733 1393 iores
2768 1335 3033 1406 pulsanti,
3086 1334 3492 1404 promptissime

1918 1437 2394 1506 morigerabuntur
2451 1444 2614 1501 atque
2650 1430 2933 1499 aperient,
2992 1438 3280 1495 propterea
3346 1427 3491 1494 quod

1918 1537 2178 1597 perpetuo
2211 1524 2420 1594 vigiles,
2454 1522 2744 1575 adveutmu
2775 1520 2891 1589 ejus
2922 1519 3214 1587 praestolati
3253 1516 3488 1571 fuerant.

1917 1624 2006 1675 Ait
2040 1620 2245 1687 igitur:
2281 1614 2434 1668 Beati
2483 1614 2618 1667 servi
2668 1612 2779 1676 illi,
2824 1626 2955 1678 quos
2995 1612 3202 1662 veniens
3236 1610 3492 1663 invenerit

1916 1711 2190 1781 vigilantes
2214 1710 2279 1762 ".
2312 1706 2507 1774 Quidni
2538 1719 2667 1758 vero
2704 1704 2756 1756 lii
2794 1701 2953 1763 beati,
2981 1702 3073 1769 qui
3110 1710 3311 1755 tantum
3351 1715 3493 1755 mer-

241 1817 412 1875 μενοι.
458 1808 726 1875 Ἑπιλέγει
758 1807 887 1876 γοῦν
907 1826 919 1838 ·
943 1808 1228 1878 Μακάριοι
1269 1812 1322 1863 οἱ
1347 1810 1556 1863 δοῦλοι
1577 1810 1812 1872 ἐκεῖνοι,

1918 1806 2103 1859 εειΙθιη
2138 1802 2363 1856 relaturi
2400 1796 2600 1853 erant?
2626 1796 2793 1866 Igitur
2822 1810 2947 1850 cum
2986 1803 3326 1847 sacramento
3361 1807 3493 1847 con-

237 1894 351 1960 οὓς
387 1896 579 1950 ἐλθὼν
609 1897 853 1966 εὑρήσει
884 1902 1341 1969 γρηγοροῦντας.
1393 1904 1502 1955 Καὶ
1552 1903 1667 1965 πῶς
1704 1904 1811 1974 γὰρ

235 1987 300 2039 οὐ
334 1989 589 2056 μακάριοι
617 1991 663 2041 οἱ
694 1990 960 2061 τοσαύτης
998 1992 1282 2061 μέλλοντες
1308 1993 1703 2065 ἀξιωθήσεσθαι
1733 2012 1811 2047 τι·-

240 2078 383 2148 μῆς;
433 2080 757 2149 Ἐπόμνυται
789 2081 918 2149 γοῦν
947 2084 1129 2147 αὐτοῖς
1158 2085 1381 2153 φάσκων
1401 2104 1412 2115 ·
1456 2086 1640 2156 Ἀμὴν
1660 2088 1815 2156 λέγω

236 2168 401 2237 ὑμῖν,
432 2169 521 2225 ὅτι
554 2170 927 2240 περιζώσεται
962 2176 1061 2227 καὶ
1092 2177 1406 2230 ἀνακλινεῖ
1430 2179 1653 2244 αὐτοὺς
1673 2219 1687 2240 ,
1715 2180 1814 2231 καὶ

234 2261 553 2328 παρελθὼν
588 2264 937 2331 διακονήσει
968 2267 1190 2333 αὐτοῖς.
1227 2269 1403 2322 Νυκτὶ
1434 2269 1489 2322 δὲ
1534 2271 1815 2340 παραϐαλ-

235 2356 346 2409 λων
377 2356 469 2409 τὸν
518 2356 855 2427 ἀνθρώπινον
892 2358 1023 2427 βίον,
1069 2357 1145 2422 ὡς
1194 2359 1409 2429 ἀληθῶς
1460 2362 1682 2425 σκότους
1722 2364 1815 2415 καί¹

236 2449 461 2517 ἀγνοίας
482 2452 701 2513 οἰκεῖον,
725 2450 999 2520 διαφόροις
1025 2450 1310 2519 φυλακαῖς,
1342 2452 1617 2506 τουτέστιν
1646 2453 1816 2524 ὥραις

235 2544 333 2596 καὶ
354 2547 562 2614 καιροῖς
581 2543 677 2613 τῆς
704 2543 914 2606 νυκτὸς,
937 2545 1026 2597 τὸν
1046 2544 1139 2613 τῆς
1156 2544 1498 2615 ἀνθρωπίνης
1515 2544 1659 2615 ζωῆς
1680 2560 1817 2616 παρ-

235 2632 448 2695 εικάζει
486 2632 703 2703 χρόνον·
741 2636 797 2686 ὲν
835 2627 879 2700 ᾧ
922 2635 1047 2696 τοὺς
1090 2634 1175 2686 διὰ
1222 2635 1419 2697 παντὸς
1451 2636 1816 2706 ἐγρηγορότας

232 2722 326 2775 διὰ
356 2721 418 2773 τὸ
450 2721 641 2791 ἄδηλον
670 2723 769 2793 τῆς
798 2724 1026 2776 ἑκάστου
1052 2724 1306 2794 τελευτῆς
1345 2726 1647 2795 μακαρίους
1682 2727 1817 2778 ἁπο-

236 2811 454 2880 ιραίνει·
503 2813 707 2882 ταύτης
754 2814 811 2865 δὲ
860 2815 957 2884 τῆς
1000 2816 1315 2885 προτροπῆς
1369 2816 1453 2877 τίς
1509 2816 1575 2869 ἂν
1618 2817 1813 2885 γένοιτ’

234 2904 519 2974 ὰνωτέρα,
568 2904 603 2974 ή
657 2904 747 2956 τὸν
797 2905 1063 2975 δεσπότην
1117 2907 1450 2973 ἐπήγγελται
1500 2908 1661 2961 αὑτὸν
1704 2911 1818 2972 τοῖς

232 2994 442 3057 δούλοις
456 2996 811 3066 διακονήσειν,
829 2998 953 3061 τοὺς
969 2997 1024 3050 δὲ
1044 2997 1264 3061 δούλους
1286 2999 1735 3070 ἀνακλιθησεσθαι
1760 3002 1817 3053 ὲν

235 3088 305 3157 τῇ
337 3086 577 3157 βασιλεία
602 3087 785 3152 αὑτοῦ,
812 3088 1058 3142 τουτέστι
1081 3090 1537 3145 διαναπαύσεσθαι
1563 3110 1577 3155 ;
1606 3093 1816 3163 Προϊὼν

1918 1896 2133 1949 ﬁrmat:
2169 1894 2335 1946 Amen
2365 1894 2481 1945 dico
2517 1891 2677 1954 vobis,
2708 1889 3111 1958 pratciucturum
3145 1901 3218 1946 se,
3263 1886 3491 1940 discum-

1917 1987 2151 2040 bentibus
2185 1985 2316 2050 illis,
2347 1992 2398 2036 et
2432 1989 2787 2035 transeuntem
2814 1978 3005 2032 eisdem
3038 1975 3484 2031 ministraturum.

1916 2077 2070 2132 Nocti
2120 2088 2300 2131 autem
2341 2089 2665 2145 comparans
2706 2070 2998 2143 humanam
3033 2076 3231 2140 vitam,
3279 2088 3375 2126 ceu
3410 2086 3495 2126 re-

1917 2185 2045 2238 apse
2076 2170 2311 2225 tenebris
2337 2179 2391 2224 et
2439 2169 2648 2223 inscitia
2692 2166 3105 2229 circumfusam,
3149 2164 3381 2220 diversis
3412 2165 3496 2215 vi-

1916 2264 2092 2333 giliis,
2136 2248 2190 2317 id
2223 2270 2307 2316 est
2352 2260 2504 2317 boris
2548 2258 2987 2327 temporibusque
3035 2257 3339 2321 nocturnis,
3389 2255 3494 2309 bu-

1919 2370 2089 2409 manze
2119 2354 2240 2408 vita:
2283 2352 2513 2423 spatium
2548 2350 2852 2411 assimilat:
2888 2352 2941 2402 in
2993 2356 3101 2419 quo
3147 2348 3190 2401 si
3232 2346 3323 2416 qui
3371 2346 3493 2399 sine

1918 2448 2105 2518 requie
2146 2446 2403 2516 vigilant,
2465 2453 2690 2513 propter
2737 2441 2914 2496 obitus
2974 2440 3239 2494 incertum
3284 2453 3495 2498 casum,

1917 2541 2105 2594 beatos
2133 2553 2227 2593 eos
2257 2536 2510 2608 appellat.
2539 2534 2657 2590 1am
2691 2534 2794 2590 hac
2837 2534 3216 2589 adhortatione
3244 2546 3492 2599 qumuam

1916 2631 2197 2686 sublimior
2240 2644 2361 2684 esse
2412 2628 2623 2698 potest‘,
2666 2642 2771 2698 qua
2809 2625 3062 2680 nimirum
3117 2625 3369 2677 dominus
3402 2622 3487 2677 di-

1916 2725 2058 2777 citur
2088 2720 2260 2775 servis
2299 2705 2877 2784 suisministraturus,
2910 2719 2963 2772 lti
3016 2727 3196 2770 autem
3250 2716 3301 2769 iu
3353 2714 3497 2769 illius

1919 2828 2084 2882 regno
2125 2811 2455 2874 recubituri,
2506 2812 2559 2865 id
2607 2818 2691 2866 est
2744 2811 2930 2879 requie
2985 2808 3245 2879 petituri?
3296 2806 3496 2860 Deinde

1918 2916 2105 2956 rursus
2158 2901 2482 2969 promissum
2530 2900 2671 2956 idem
2715 2900 2986 2964 ﬁrmavit,
3037 2915 3157 2954 cum
3216 2897 3501 2967 discipuli;

1918 2994 2097 3047 dixit:
2146 2990 2261 3062 Ego
2311 3002 2487 3045 autent
2517 2993 2573 3046 in
2628 2994 2799 3045 medio
2848 2991 3007 3045 vestri
3050 3006 3166 3045 sum
3218 2990 3356 3043 sicut
3404 2990 3499 3057 qui

1920 3086 2202 3139 ministrat.
2246 3082 2347 3138 Vos
2386 3085 2573 3153 quippe
2605 3088 2729 3138 estis
2769 3084 2859 3153 qui
2899 3083 3265 3150 permansistis
3295 3097 3498 3135 mecum

230 3178 282 3231 δ’
313 3175 467 3242 αὖθις
498 3181 597 3251 τὴν
638 3180 805 3251 αὐτὴν
834 3181 1287 3251 ὲπισφραγίζεται
1335 3185 1666 3251 ἐπαγγελίαν
1694 3188 1812 3247 τοῖς

1917 3178 1972 3229 in
2017 3177 2393 3230 tentationibus
2433 3177 2561 3230 meis
2598 3192 2617 3230 :
2654 3186 2701 3229 et
2746 3191 2837 3247 ego
2876 3176 3106 3245 dispono-
3146 3174 3321 3239 vobis,
3360 3174 3500 3226 sicut

238 3270 513 3341 μαθηταῖς
534 3270 703 3339 λέγων
724 3289 737 3301 ·
786 3272 927 3341 Ἐγὼ
961 3272 1013 3326 δ’
1055 3274 1125 3327 ἐν
1147 3273 1316 3343 μέσῳ
1346 3275 1512 3345 ὑμῶν
1534 3279 1651 3345 εἰμι
1673 3277 1752 3341 ὠς
1782 3280 1815 3330 ό

234 3361 550 3416 διακονῶν.
586 3363 781 3431 Ὑμεῖς
798 3363 867 3418 δέ
894 3366 1036 3419 ἐστε
1075 3367 1130 3419 οί
1172 3365 1665 3436 διαμεμενηκότες
1685 3368 1812 3437 μετ’

234 3453 383 3523 ἐμοῦ
400 3454 469 3506 ἐν
485 3454 608 3520 τοῖς
619 3463 969 3525 πειρασμοίς
979 3474 1119 3524 μου
1139 3457 1296 3527 κάγὼ
1310 3458 1633 3529 διατίθεμαι
1652 3460 1810 3529 ὑμῖν,

236 3548 367 3600 καθ’
400 3545 441 3600 d
483 3546 723 3602 octaua
744 3567 847 3617 μοι
872 3554 904 3604 ὀ
926 3549 1127 3619 Πατήρ
1148 3568 1285 3620 μου,
1330 3552 1659 3615 βασιλείαν
1680 3569 1691 3582 ·
1734 3553 1811 3605 ἵν’

234 3636 478 3701 ἐσθίητε
508 3638 603 3690 καί
642 3639 853 3706 πίνητε
886 3639 984 3693 ἐπὶ
1017 3639 1126 3707 τῆς
1169 3639 1455 3709 τραπέζης
1475 3659 1595 3710 μου
1623 3643 1692 3695 ἐν
1738 3641 1813 3711 τῇ

228 3728 523 3795 βασιλείᾳ
545 3747 682 3800 μου.
718 3730 982 3800 Τοιαύτης
1012 3731 1290 3797 τεύξονται
1322 3733 1720 3803 μακαριότητος
1762 3735 1811 3786 oi

234 3818 433 3884 δοῦλοι,
475 3819 566 3883 οὒς
598 3820 766 3874 ἐλθὼν
802 3819 835 3874 '6
879 3822 1081 3895 Κύριος
1109 3824 1326 3895 εὑρήσει
1368 3824 1773 3898 γρηγοροῦντας
1795 3842 1808 3856 ⁸

235 3911 381 3967 κατὰ
402 3912 511 3983 γὰρ
532 3912 623 3965 τὸν
653 3913 844 3984 θνητὸν
876 3914 1061 3967 τοῦτον
1096 3915 1228 3986 βίον,
1264 3917 1359 3970 ἆτε
1398 3917 1586 3981 παῖδες
1619 3918 1695 3971 ἔτι
1722 3919 1811 3971 δν-

233 4019 329 4066 τες
356 4006 450 4057 καὶ
490 4007 691 4075 νήπιοι,
722 4007 815 4059 καὶ
846 4010 1010 4077 μήπω
1048 4008 1139 4061 τοῦ
1176 4008 1462 4079 νυμφῶνος
1498 4009 1809 4081 ἠξιωμένοι,

234 4095 324 4146 ἐπ’
355 4094 659 4165 ἀλλοδαπῆς
701 4097 745 4151 δ’
783 4097 1058 4163 οἰκοῦντες
1078 4139 1092 4163 ,
1122 4099 1214 4153 ἆτε
1245 4099 1382 4164 ξένοι
1416 4100 1524 4153 τῶν
1557 4101 1809 4167 ἐνταῦθα,

235 4184 332 4236 καὶ
365 4185 755 4256 παρεπίδημοι,
787 4188 879 4240 καὶ
912 4189 1014 4241 ὑπὸ
1057 4190 1422 4259 παιδαγωγοῖς
1468 4192 1562 4245 καὶ
1598 4194 1813 4263 ἐπιτρό-

236 4292 360 4340 ποις
400 4277 846 4349 ἀνατρεφόμενοι,
873 4280 972 4333 οὐκ
1005 4275 1149 4351 εἶχον
1187 4282 1415 4336 πάντοτε
1454 4282 1544 4335 τὸν
1581 4284 1811 4354 νυμφίον

238 4368 359 4438 μεθ’
398 4370 623 4423 ἑαυτῶν.
675 4372 765 4424 Διὸ
810 4372 904 4424 καὶ
946 4373 1262 4443 ὲνήστευον,
1299 4373 1479 4437 καθὼς
1527 4369 1679 4427 εἶπεν
1728 4376 1810 4427 ὅτι

232 4459 531 4530 ἀρθήσεται
577 4461 674 4513 ἀπ’
719 4462 898 4515 αὐτῶν
946 4464 975 4516 ὁ
1010 4463 1257 4533 νυμφίος,
1288 4466 1381 4517 καὶ
1424 4464 1544 4517 τότε
1583 4465 1810 4535 νηστεύ-

237 4565 442 4603 σουσιν.
511 4551 648 4603 Ἀλλ’
709 4553 801 4605 ἐπὶ
847 4552 993 4605 τέλει
1052 4554 1388 4623 αὐξήσαντας
1455 4555 1651 4618 αὐτοὺς
1718 4556 1813 4608 καί¹

231 4640 617 4707 τελειωθέντας
650 4643 1066 4715 παραλήψεσθαι
1100 4645 1532 4713 ἐπαγγέλλεται,
1586 4647 1680 4699 καὶ
1730 4648 1809 4710 είς

230 4733 326 4786 τὸν
356 4733 522 4786 αὑτοῦ
568 4736 903 4802 συνεισάξειν
935 4736 1197 4807 νυμφῶνα
1217 4754 1230 4766 ·
1268 4738 1357 4789 ὅτε
1389 4738 1480 4790 καὶ
1517 4737 1809 4801 ἀνακλίνας

1916 3268 2172 3337 disposuit
2216 3269 2342 3320 mihi
2380 3267 2535 3321 Patet
2576 3284 2748 3331 meus,
2782 3284 3032 3338 regnum;
3074 3277 3131 3321 ut
3171 3267 3499 3321 manducetis

1916 3371 2067 3429 atque
2116 3360 2302 3415 bibatis
2352 3360 2415 3412 de
2453 3375 2569 3413 mea
2605 3374 2783 3413 mensa
2826 3360 2881 3411 in
2923 3374 3081 3428 regno
3127 3374 3241 3411 meo
3263 3356 3333 3411 ".
3384 3355 3498 3410 llac

1915 3453 2189 3520 potientur
2236 3452 2495 3505 beatitate
2523 3449 2689 3513 servi,
2736 3465 2874 3519 quos
2908 3448 3170 3503 Dominus
3217 3448 3497 3517 vigilantes

1916 3542 2201 3596 invenerit.
2234 3541 2477 3611 Namque
2516 3542 2569 3594 in
2620 3540 2722 3601 bac
2754 3540 2968 3595 mortali
3020 3540 3159 3605 vita,
3208 3555 3306 3593 ceu
3345 3539 3499 3610 pueri

1914 3633 2089 3688 adhuc
2135 3645 2188 3690 et
2219 3632 2453 3688 infantes
2478 3642 2535 3687 et
2564 3633 2801 3686 nondum
2840 3632 3066 3701 nuptiali
3118 3632 3363 3687 conclavi
3416 3632 3498 3685 di-

1914 3726 2032 3795 gni,
2075 3728 2168 3780 sed
2203 3727 2435 3779 alienam
2470 3724 2634 3778 veluti
2674 3724 2947 3793 regionem
2988 3724 3309 3789 incolentes,
3341 3723 3496 3793 quasi

1914 3817 2181 3886 peregrini
2214 3817 2431 3885 quidam
2459 3829 2514 3869 et
2538 3816 2780 3879 advenire,
2806 3824 2860 3869 et
2889 3813 2988 3867 sub
3024 3815 3291 3868 tutoribus
3317 3814 3499 3868 adhuc

1914 3918 1967 3964 et
2009 3909 2356 3963 curatoribus
2407 3908 2667 3971 enutriti,
2708 3921 3051 3975 nequaquam
3101 3908 3283 3976 sponsi
3332 3905 3493 3977 pleno

1913 4001 2189 4055 consortio
2234 3999 2540 4054 utebantur.
2587 3998 2766 4065 Quare
2812 3998 3148 4068 jejunabant,
3204 4010 3491 4067 propterea

1913 4094 2055 4163 quod
2108 4094 2239 4163 ipsis
2276 4093 2478 4148 dictum
2532 4100 2709 4157 esset,
2756 4092 2871 4145 fore
2921 4101 2978 4144 ut
3025 4106 3259 4161 sponsus
3294 4090 3380 4146 ab
3429 4091 3495 4145 iis

1912 4186 2239 4250 auferretur,
2278 4196 2333 4241 et
2370 4196 2482 4240 tum
2528 4183 2927 4255 jejunarent".
2976 4186 3360 4240 Verumtamen
3402 4184 3493 4237 ubi

1912 4278 1966 4333 in
2002 4279 2296 4346 perlectam
2340 4288 2554 4333 atatem
2588 4280 2880 4343 creverint,
2926 4284 3267 4346 recepturum
3313 4291 3371 4331 se
3399 4291 3495 4331 eos

1912 4370 2176 4441 Spondet,
2226 4379 2389 4440 atque
2440 4372 2492 4425 iu
2540 4387 2699 4425 suum
2744 4372 3001 4426 conclave
3039 4372 3328 4425 ducturum
3377 4388 3391 4423 :
3431 4385 3498 4425 ac

1917 4471 2027 4515 tum
2062 4464 2129 4518 iis
2177 4463 2642 4518 discumbentibus
2680 4464 3111 4518 ministraturum
3158 4480 3173 4517 :
3224 4462 3316 4533 qui
3367 4478 3494 4531 per-

1917 4561 2073 4621 petua
2111 4554 2502 4609 consuetudine
2526 4555 2644 4625 ejus
2669 4553 2782 4623 iam
2814 4556 2991 4624 potiti,
3022 4553 3225 4608 diutius
3274 4569 3379 4608 non
3410 4552 3497 4623 je-

1910 4643 2212 4712 junabunt,
2243 4646 2338 4701 sed
2367 4646 2643 4701 laboribus
2668 4646 2918 4713 relaxati,
2946 4646 3260 4701 emlestibus
3288 4644 3496 4699 deliciis

1914 4736 2279 4807 perfruentur.

230 4826 446 4891 αὐτοὺς,
480 4827 785 4899 διακονήσει
818 4830 1029 4893 αὐτοῖς·
1052 4832 1101 4882 οἱ
1132 4830 1209 4894 δὲ,
1243 4830 1488 4893 συνόντες
1521 4831 1667 4901 αὐτῷ
1692 4830 1798 4895 ἀεὶ,
1830 4828 2012 4882 οὐκέτι
2060 4828 2465 4899 νηστεύσουσιν,
2507 4828 2642 4883 ἀλλὰ
2690 4830 3119 4901 ὀιαπαυσάμενοι
3149 4829 3259 4883 τῶν
3319 4832 3502 4901 καμά-

228 4938 360 4983 των,
390 4921 491 4991 τῆς
524 4923 771 4992 οὐρανίου
803 4925 1015 4995 τρυφῆς
1046 4925 1457 4979 ἀπολαύσουσιν.

225 5020 295 5071 Et
326 5017 452 5089 ᾔδει
494 5023 524 5074 ό
557 5020 984 5089 οἰκοδεσπότης
1015 5024 1156 5090 ποίᾳ
1191 5021 1310 5091 ὥρᾳ
1339 5027 1370 5077 ό
1398 5022 1661 5092 κλέπτης
1700 5023 1794 5092 ἕρ-

921 5110 1101 5158 Zarat.

303 5181 400 5232 Διά
432 5180 690 5235 πλειόνων
722 5182 909 5253 νήφειν
941 5185 1034 5236 καὶ
1066 5184 1425 5257 ἐγρηγορέναι
1458 5185 1589 5253 ἡμῖν
1626 5199 1804 5255 παρα-

231 5270 541 5337 κελεύεται,
569 5274 629 5326 οὺ
664 5273 820 5343 μόνον
857 5272 944 5327 διὰ
976 5276 1075 5346 τὴν
1108 5276 1309 5346 ἁθρόαν
1338 5278 1433 5330 καὶ
1466 5276 1804 5348 ἀπροσδόκη-

229 5376 323 5411 τον
367 5360 544 5429 ἇφιξιν
584 5364 685 5433 τῆς
731 5364 947 5436 ἡμέρας
992 5366 1229 5436 Κυρίου,
1276 5367 1413 5421 ἀλλὰ
1447 5369 1541 5421 καὶ
1580 5367 1668 5421 διὰ
1711 5368 1805 5420 τὸν

230 5450 469 5522 κλέπτην
499 5453 588 5506 τὸν
633 5457 748 5517 τοῖς
788 5456 928 5509 κατὰ
985 5456 1115 5511 Θεὸν
1162 5458 1434 5522 πλουσίοις
1476 5458 1570 5511 καὶ
1608 5459 1806 5512 οἰκοδε-

233 5543 457 5609 σπόταις
501 5546 877 5618 ἐφεδρεύοντα.
927 5546 1095 5615 Οὗτος
1139 5551 1196 5605 δέ
1240 5554 1388 5608 ἐστιν
1429 5556 1457 5606 ὀ
1489 5553 1678 5625 καιρὸς
1705 5554 1805 5624 τῆς

301 5677 507 5755 "Eae.
534 5696 639 5747 xu,
673 5682 759 5736 36.
832 5685 879 5716 ’⁸
920 5683 1107 5742 .‘dattlt.
1139 5703 1282 5755 ml,
1313 5690 1365 5743 ε.

230 5764 326 5820 xu,
358 5749 443 5807 59.

1447 5690 1494 5723 "
1527 5690 1660 5747 Luc.
1690 5701 1884 5757 διεδ-1.
1956 5692 2004 5724 ’⁸
2042 5690 2174 5751 Luc.
2206 5709 2347 5761 xm,
2376 5693 2568 5755 27-50.
2634 5698 2678 5730 ’τ
2720 5697 2910 5755 Matth.
2962 5713 3048 5767 ιι,
3079 5699 3165 5755 t5.

1901 5021 1947 5053 "
1971 5019 2032 5075 Si
2061 5022 2211 5075 sciret
2238 5018 2629 5091 paterfamilias
2657 5037 2761 5091 qua
2784 5022 2915 5075 hora
2951 5020 3040 5089 fur
3066 5033 3314 5078 venturus
3340 5036 3497 5098 esset.

1978 5181 2160 5236 Multis
2201 5183 2266 5237 de
2297 5181 2478 5238 causis
2524 5181 2662 5254 frugi
2712 5183 2867 5239 nobis
2900 5184 3109 5254 agitare
3142 5186 3305 5239 vitam
3347 5187 3486 5255 vigi-

1907 5274 2128 5344 lareque
2175 5277 2415 5337 mandat,
2459 5288 2566 5330 non
2612 5274 2784 5331 solum
2814 5274 2885 5329 ob
2921 5276 3158 5331 subitum
3193 5276 3497 5346 inopinum-

1909 5381 2013 5436 que
2041 5367 2143 5421 diei
2176 5365 2383 5420 Domini
2412 5367 2844 5434 adventum,~sed
2870 5369 3033 5422 etiam
3067 5380 3286 5438 propter
3314 5368 3491 5424 furem

1912 5458 2212 5513 divinorum
2250 5458 2515 5513 bonorum
2558 5458 2819 5513 divitibus
2846 5474 2908 5513 ac
2949 5459 3112 5513 veluti
3162 5459 3491 5528 patribusia-

1914 5553 2090 5608 milias
2141 5552 2507 5608 insidiantem.
2559 5551 2609 5609 ls
2673 5562 2855 5609 autem
2913 5563 2996 5609 est
3062 5553 3491 5625 uniuscujusque

3264 5696 3313 5731 ν·
3351 5696 3482 5755 (ιη.
