4128 6294
1368 335 1634 399 EUSEBII
1672 339 2142 399 CAESAMENSIS
2175 340 2327 399 OPP.
2368 340 2547 396 PARS
2583 338 2666 395 Ill.
2706 369 2773 382 —
2814 335 3221 393 EXEGETICA.

3801 332 3904 390 ἕω

712 465 906 526 obitus,
941 457 1026 517 vel
1065 461 1223 517 etiam
1273 461 1492 531 angelus
1537 461 1626 530 qui
1677 461 1934 530 cujusque
1981 464 2255 517 morientis

2357 462 2583 514 ἐκάσιτου
2611 458 2885 527 τελευτῆς,
2918 455 2952 524 ἢ
2985 454 3078 507 καὶ
3108 455 3138 505 ὁ
3165 451 3370 523 μέλλων
3409 451 3508 522 τὴν
3549 450 3782 503 ἑκάστου
3805 449 3901 519 ψυ-

713 553 944 608 animam
982 559 1304 621 exceptans
1333 561 1436 604 est.
1467 551 1523 605 Si
1558 566 1686 619 ergo
1728 553 1986 607 sciremus
2016 568 2246 623 quonam

712 647 946 712 tempme
983 641 1068 697 fur
1094 642 1182 696 ille
1217 649 1471 697 venturus
1497 647 1663 705 esset,
1690 642 1900 697 unicam
1947 641 2090 696 illam
2114 657 2249 712 opus

711 733 850 786 foret
877 731 1065 786 horam
1093 731 1398 793 observare,
1427 742 1493 782 ne
1525 738 1736 785 nostras
1768 740 2071 800 pateremur
2109 731 2252 787 ades

709 817 911 887 perfodi
939 835 951 871 :
985 832 1125 872 nunc
1144 817 1264 885 quia
1289 816 1403 871 h:ec
1441 816 1598 881 latet,
1629 828 1885 886 perpetuo
1909 830 2251 885 experrectus

709 923 830 964 esse
854 908 1115 978 Oportebit
1140 924 1152 960 :
1185 921 1355 976 neque
1379 909 1523 961 enim
1551 909 1798 964 novimus
1829 924 1933 979 qua
1958 908 2046 963 Ille
2072 909 2251 978 vigilia

710 999 1069 1054 incursionem
1100 994 1281 1052 faciet.
1311 995 1486 1064 Quare
1518 1012 1738 1065 prorsus
1765 997 2088 1066 vigilandum
2134 1010 2247 1064 est,

707 1086 960 1154 omnique
1005 1085 1268 1149 custodia,
1311 1094 1367 1139 ut
1405 1086 1477 1138 ait
1514 1085 1926 1141 Proverbiornm
1968 1096 2157 1142 auctor
2180 1087 2247 1150 θ’,

706 1174 1022 1231 servandum
1047 1187 1170 1234 cor;
1198 1174 1545 1243 universaque
1573 1175 1687 1229 haec
1719 1175 1964 1230 mortalis
1994 1175 2114 1231 vita:
2142 1193 2248 1232 nox

706 1265 964 1320 insomnis
1010 1265 1380 1335 transigenda,
1423 1281 1491 1320 ne
1535 1264 1674 1321 forte
1722 1266 2109 1336 direptionibus
2155 1282 2249 1336 pa-

707 1364 935 1422 teamus,
985 1369 1119 1411 neve
1165 1356 1352 1410 animae
1393 1364 1589 1411 nostrae
1628 1357 1909 1412 thesauros
1940 1356 2098 1412 effodi
2131 1371 2253 1428 per-

707 1447 999 1503 mittamus.
1031 1445 1121 1503 Sic
1145 1447 1284 1501 enim
1312 1447 1556 1516 utrinque
1586 1457 1730 1504 recte
1754 1448 2099 1514 habebimus;
2134 1457 2248 1502 tum

703 1538 831 1608 quia
873 1538 1110 1607 proprias
1132 1550 1260 1607 opes
1293 1536 1410 1591 tuiti
1457 1537 1742 1603 fuerimus,
1770 1546 1883 1592 tum
1909 1539 2038 1606 quia
2072 1537 2250 1592 Doml-
2294 1589 2306 1600 ,

706 1643 833 1693 num
887 1636 1155 1693 nostrum,
1199 1618 1568 1683 cum’venerit
1610 1637 1666 1684 et
1714 1629 2010 1698 pulsaverit
2057 1629 2250 1684 anima

2350 551 2450 620 χὴν
2487 547 2929 619 παραλαμϐάνειν
2958 543 3185 612 ἄγγελος
3217 541 3357 595 κατὰ
3391 539 3580 610 καιρὸν
3613 537 3708 591 τοῦ
3740 537 3899 592 θανά-

2347 655 2440 692 του
2483 639 2613 708 (60).
2663 639 2728 690 Ei
2764 637 2864 708 μὲν
2911 631 3002 689 οὖν
3021 634 3241 704 ᾔδειμεν
3295 632 3388 684 τὸν
3435 629 3626 701 καιρὸν
3666 628 3768 698 τῆς
3811 627 3900 680 τοῦ

2348 729 2578 781 κλέπτου
2619 727 2942 796 παρουσίας,
2981 727 3082 796 τὴν
3115 721 3262 792 ὥραν
3297 722 3462 791 ἐχρῆν
3491 720 3706 790 ἐκείνην
3741 718 3901 788 μόνην

2349 821 2645 889 ἐπιτηρεῖν,
2675 817 2811 887 πρὸς
2836 818 2898 868 τὸ
2928 815 3001 885 μὴ
3036 813 3248 880 ἀφιέναι
3281 811 3587 882 διορυγῆναι
3817 808 3901 861 τὸν

2349 906 2496 962 οἷκον
2514 927 2528 939 ο
2563 909 2685 962 ἐπεὶ
2724 907 2781 960 δέ
2812 906 3002 978 ἄδηλός
3029 908 3175 959 ἐστιν
3214 895 3387 979 οὗτος,
3420 901 3597 972 δεήσει
3624 901 3711 954 ἀεὶ
3738 903 3898 972 ἐγρη-

2349 1000 2564 1069 γορέναι
2581 1015 2594 1029 ·
2620 998 2681 1050 οὐ
2716 996 2822 1068 γάρ
2845 997 3003 1066 ἴσμεν
3029 994 3189 1064 ὁποία
3211 993 3424 1062 φυλακῇ
3448 990 3783 1059 ἐπιθήσεται.
3814 990 3900 1042 Atii

2349 1088 2712 1159 γρηγορητέον
2749 1085 2840 1139 διὰ
2885 1085 3106 1149 παντὸς,
3147 1085 3241 1138 καὶ
3285 1082 3435 1154 πάσῃ
3477 1081 3688 1152 φυλακῇ
3737 1097 3904 1153 τηρη-

2346 1182 2465 1232 τέον
2492 1180 2586 1249 τὴν
2617 1177 2840 1249 καρδίαν
2880 1177 3022 1230 κατὰ
3051 1177 3141 1230 τὸν
3170 1173 3584 1247 παροιμιαοτὴν,
3616 1174 3710 1226 καὶ
3736 1174 3903 1243 ἀγρυ-

2349 1268 2574 1339 πνητέον
2593 1267 2680 1321 διὰ
2703 1267 2882 1337 πάσης
2906 1266 3008 1334 τῆς
3031 1265 3125 1318 τοῦ
3152 1265 3345 1335 θνητοῦ
3375 1264 3489 1335 βίου
3517 1261 3731 1325 νυκτὸς,
3762 1262 3904 1324 ὅπως

2348 1358 2532 1412 ἄσυλοι
2557 1358 2920 1429 διαμένωμεν,
2956 1357 3030 1427 μὴ
3059 1355 3254 1419 ἐῶντες
3279 1354 3589 1426 διορυγῆναι
3606 1352 3766 1423 ἡμῶν
3783 1351 3904 1415 τοὺς

2345 1449 2445 1520 τῆς
2473 1448 2649 1519 ψυχῆς
2681 1447 2984 1518 θησαυρούς
3011 1460 3024 1476 ⁵
3055 1431 3195 1499 οὕτω
3215 1445 3323 1516 γὰρ
3355 1444 3504 1498 ἔσται
3533 1443 3664 1513 ημῖν
3697 1438 3757 1494 εὖ
3787 1443 3904 1509 κατ’

2348 1539 2650 1610 ἀμφότερα,
2702 1538 2785 1591 ὅτι
2844 1553 2904 1591 τε
2966 1535 3110 1590 σώαν
3168 1535 3506 1606 ἐφυλάξαμεν
3556 1535 3654 1603 τὴν
3703 1531 3905 1586 ἑαυτῶν

2347 1627 2597 1699 ὓπαρξιν,
2639 1630 2734 1682 καὶ
2777 1629 2859 1682 ὅτι
2895 1629 2987 1682 τὸν
3023 1627 3224 1700 Κύριον
3271 1626 3426 1697 ἡμῶν
3470 1626 3766 1678 ἐπιστάντα
3816 1624 3906 1678 καὶ

705 1727 904 1772 nostra
930 1718 1089 1782 fores,
1116 1726 1359 1788 prompte
1381 1717 1730 1784 excipiemus.
1757 1718 1971 1789 copiosa
2002 1717 2245 1790 lampade

2350 1719 2651 1790 κρούσαντα
2681 1719 2780 1788 τῆς
2805 1718 2981 1789 ψυχῆς
3005 1717 3160 1788 ήμῶν
3187 1715 3284 1786 τὴν
3317 1715 3506 1786 θύραν,
3543 1715 3772 1784 ἑτοίμως
3807 1714 3906 1767 οπ-

705 1808 974 1874 inatructi,
1000 1807 1317 1879 lumbosque
1343 1808 1622 1864 succincti.

749 1987 835 2040 Ait
871 1985 1157 2041 Dominus:
1189 1981 1567 2108 estimates;
1586 1983 1754 2052 ﬁdelis
1801 1983 2002 2040 villicus
2042 1994 2089 2040 et
2121 2001 2248 2056 pru-

768 2144 932 2200 Petro
963 2145 1168 2216 roganti
1200 2145 1280 2200 sic
1319 2143 1628 2213 respondet,
1659 2152 1718 2199 ut
1752 2145 1945 2200 doceat
1990 2158 2049 2199 se
2096 2143 2248 2199 inde-

702 2235 850 2291 finite
893 2236 1165 2290 universos
1197 2235 1480 2290 allocutum
1513 2231 1697 2288 fuisse.
1745 2232 2121 2290 Verumtamen
2153 2249 2245 2288 su-

703 2325 910 2393 periora
939 2323 1024 2378 illa
1051 2324 1191 2379 dicta
1221 2323 1456 2388 fuerunt,
1482 2333 1538 2378 ut
1565 2331 1875 2379 constanter
1899 2324 2243 2394 vigilaremns

700 2423 918 2482 propter
967 2412 1136 2467 furem
1182 2413 1473 2468 cavendum
1519 2421 1574 2467 et
1621 2421 1837 2482 propter
1884 2411 2095 2467 Domini
2140 2414 2239 2469 ad-

700 2510 938 2557 ventum.
965 2500 1133 2564 Nunc,
1159 2515 1276 2570 qua:
1308 2501 1421 2555 fieri
1452 2501 1590 2554 inter
1628 2500 1948 2568 vigilandum
1976 2509 2243 2569 oporteat,

700 2592 1006 2648 necessario
1049 2590 1234 2656 addit;
1284 2605 1472 2658 nempe
1515 2591 1758 2644 hortatur
1800 2599 1860 2644 ut
1893 2603 1960 2643 ne
2004 2599 2242 2644 nostram

702 2681 1090 2744 tantummodo,
1120 2695 1300 2734 verum
1344 2680 1502 2734 etiam
1544 2678 1772 2733 alienam
1811 2693 2062 2733 curemus
2101 2677 2248 2732 salu-

677 2777 832 2830 ‘tem.
859 2770 988 2827 Nam
1019 2771 1226 2826 lumbos
1255 2769 1575 2839 praecingere
1607 2777 1662 2823 et
1703 2767 1997 2837 lampadem
2042 2766 2247 2822 inflam-

701 2878 890 2927 mare,
941 2862 1211 2931 propriam
1277 2859 1536 2927 cujusque
1599 2859 1881 2912 utilitatem
1958 2859 2243 2928 significat.

700 2949 949 3009 Scientia
990 2952 1131 3008 enim
1159 2950 1446 3006 luminibus
1470 2959 1680 3019 oportet
1709 2963 1921 3019 semper
1952 2949 2240 3015 illustrari;

700 3051 815 3097 tum
842 3045 1003 3099 etiam
1031 3043 1280 3113 pudicitia
1305 3041 1554 3109 omnique
1577 3040 1773 3095 virtute
1808 3040 2016 3094 lumbos
2048 3039 2245 3096 mentis

2275 1786 2323 1848 Β
2347 1786 2640 1878 εδεξάμεθα
2659 1845 2674 1873 ,
2717 1786 2911 1878 πολλῶ
2940 1786 3196 1879 ’τῶ-φωτὶ
3248 1806 3782 1879 παρεσκευασμένοι,
3814 1803 3908 1858 καὶ

2346 1898 2446 1960 τὰς
2467 1897 2671 1965 ὀσφύας
2699 1897 3017 1967 ἐζωσμένοι.

2345 1984 2490 2042 εἷπε
2523 1987 2576 2039 δ’
2604 1991 2636 2041 ό
2668 1989 2906 2056 Κύριος·
2963 1987 3052 2052 Τίς
3082 1985 3194 2054 ἆρα
3223 1986 3392 2040 ἐστιν
3433 1989 3466 2040 ό
3495 1986 3712 2052 πιστὸς
3763 1988 3907 2040 also-

2795 2058 2977 2125 νόμος
3008 2056 3106 2108 καὶ
3136 2057 3455 2123 φρόνιμα

2419 2145 2563 2216 Πρὸς
2593 2145 2691 2216 τὴν
2716 2142 2980 2215 ἐρώτησιν
3012 2142 3214 2213 Πέτρου
3254 2142 3603 2213 ἀποκρίνεται
3647 2142 3908 2196 διδάσκων

2350 2233 2613 2302 ἀορίστως
2643 2233 2777 2302 πρὸς
2803 2233 2981 2288 πάντα
3031 2231 3279 2302 εἰρῆσθαι
3321 2231 3390 2285 τά
3413 2232 3732 2302 λελεγμένα.
3773 2231 3910 2286 Ἀλλ’

2345 2325 2528 2380 ἐκεῖνα
2561 2324 2658 2394 μὲν
2689 2324 2899 2394 εἴρηται
2919 2321 3048 2395 περὶ
3087 2321 3181 2374 τοῦ
3213 2321 3303 2376 διὰ
3336 2322 3531 2385 παντὸς
3556 2322 3910 2395 ἐγρηγορέναι

2344 2416 2526 2470 ἕνεκεν
2555 2416 2654 2486 τῆς
2678 2413 2770 2468 τοῦ
2793 2415 3018 2468 κλέπτου
3057 2411 3300 2484 φυλακῆς
3325 2413 3417 2466 καὶ
3449 2413 3547 2483 τῆς
3579 2412 3745 2467 αὑτοῦ
3769 2429 3911 2482 παρ-

2343 2508 2523 2571 ουσίας
2541 2524 2554 2537 ·
2582 2507 2633 2558 τί
2665 2506 2722 2560 δέ
2745 2505 2848 2578 χρὴ
2873 2505 3130 2576 πράττειν
3161 2502 3580 2576 γρηγοροῦντας,
3615 2502 3709 2556 νῦν
3738 2506 3910 2571 άναγο

2350 2596 2517 2658 καίως
2569 2594 2907 2668 προστίθησι,
2954 2592 3232 2665 παραινῶν
3280 2594 3354 2664 μὴ
3393 2593 3454 2644 τὸ
3493 2592 3699 2648 ἐαυτῶν
3753 2593 3912 2663 μόνον

2349 2687 2590 2745 σκοπεῖν,
2615 2682 2751 2739 ἀλλὰ
2781 2683 2873 2736 καλ⁵
2896 2685 2993 2752 τῆς
3036 2683 3236 2753 ἐτέρων
3286 2683 3555 2752 σωτηρίας
3583 2681 3909 2752 φροντίζειν.

2345 2775 2418 2828 Τὸ
2471 2774 2568 2842 μὲν
2615 2774 2723 2844 γὰρ
2754 2771 3054 2837 ἀνεξῶσθαι
3084 2771 3182 2835 τὰς
3231 2771 3453 2840 ὀσφύας,
3485 2771 3693 2824 καὶτὸν
3723 2771 3913 2840 λύχνον

2342 2864 2597 2935 ἀνῆφθαι,
2630 2865 2728 2934 τὴν
2761 2864 2923 2917 αὐτοῦ
2961 2880 3106 2926 τινος
3151 2863 3229 2926 είς
3265 2863 3462 2916 ἑαυτὸν
3491 2863 3756 2932 ὠφέλειαν
3790 2865 3914 2934 ἐδή-

2343 2955 2435 3008 λου
2455 2972 2468 2985 ·
2511 2953 2761 3022 γνώσεώς
2793 2971 2850 3006 τε
2899 2954 3007 3025 γὰρ
3038 2954 3175 3022 φωτὶ
3215 2952 3303 3007 διὰ
3349 2954 3543 3015 παντὸς
3573 2953 3916 3023 καταυγάξετ

2347 3045 2467 3099 σθαι
2499 3046 2811 3113 ἀναγκαῖον,
2849 3045 3164 3115 σωφροσύνῃ
3199 3059 3257 3096 τε
3290 3044 3383 3096 καὶ
3427 3044 3573 3114 πάσῃ
3618 3046 3785 3115 ἀρετῇ
3818 3045 3914 3098 τοῦ

703 3134 1066 3204 praecingere;
1120 3134 1349 3202 itemque
1398 3139 1656 3200 perpetuo
1704 3131 1925 3200 vigilare
1973 3129 2251 3199 furemque

2349 3134 2607 3206 λογισμοῦ
2637 3136 2733 3206 τὴν
2755 3135 2922 3202 ὀσφὺν
2953 3132 3334 3205 περιεζῶσθαι,
3364 3134 3718 3205 ἐγρηγορέναι
3742 3153 3800 3188 τε
3823 3136 3914 3190 διὰ

702 3236 911 3288 cavere,
952 3237 1019 3276 ne
1057 3222 1192 3277 clam
1220 3219 1435 3275 ell‘ediat
1468 3219 1660 3274 mentis
1691 3221 1961 3285 aerarium,
2000 3229 2056 3274 et
2098 3235 2250 3275 acer-

705 3324 853 3368 vatas
895 3313 968 3367 ibi
1013 3327 1142 3382 opes
1180 3311 1436 3380 diripiat:
1468 3319 1723 3380 praeterea
1772 3311 2056 3363 Dominum
2100 3310 2246 3365 omni

701 3392 825 3457 vitae
875 3413 1108 3470 tempore
1155 3400 1475 3472 praestolari.
1530 3398 1636 3453 Sed
1687 3397 1932 3451 illatenus
1992 3411 2098 3450 non
2168 3405 2251 3450 est

701 3491 1096 3549 subsistendum
1125 3509 1137 3544 :
1176 3506 1296 3545 nam
1325 3505 1421 3545 ceu
1471 3491 1662 3560 pignus
1697 3488 1985 3555 quoddam,
2029 3501 2250 3542 conser-

703 3600 890 3642 vorum
923 3597 1107 3638 curam
1154 3595 1183 3634 a
1231 3581 1456 3634 Domino
1500 3591 1686 3632 nostro
1727 3577 2065 3646 accipientes,
2109 3591 2246 3646 prm-

703 3687 849 3731 stare
884 3673 1038 3729 [idem
1064 3680 1290 3741 oportet,
1311 3679 1366 3724 et
1401 3670 1480 3724 sic
1512 3668 1694 3723 ildeles
1717 3683 1780 3722 ac
1811 3669 2099 3736 prudentes
2124 3682 2251 3722 eva-

699 3769 868 3831 dere;
911 3781 980 3819 ne
1027 3747 1260 3834 unquam
1304 3763 1689 3831 intempestive,
1738 3761 1832 3814 sed
1873 3761 2064 3814 idoneo
2110 3768 2249 3814 tem-

705 3876 870 3932 pore,
917 3862 1193 3917 conservis
1244 3860 1440 3914 nostris
1504 3856 1810 3910 alimoniam
1862 3853 2246 3924 praebeamus:

705 3969 880 4022 neque
914 3955 1049 4006 hanc
1078 3952 1405 4019 negligenter
1428 3959 1518 4004 aut
1546 3964 1686 4013 sero,
1719 3961 1838 4001 cum
1875 3958 1959 3999 res
1986 3939 2246 4010 postulat;

709 4061 884 4116 neque
917 4059 1103 4100 rursus
1149 4042 1433 4113 immodice
1476 4042 1562 4094 ubi
1611 4054 1712 4092 non
1759 4044 1840 4090 est
1872 4048 2026 4103 opus.
2071 4032 2163 4085 sed
2197 4039 2252 4084 et

704 4151 801 4190 suo
831 4143 1071 4201 tempore
1094 4141 1149 4186 et
1182 4145 1284 4184 non
1313 4129 1430 4184 sine
1459 4127 1690 4181 modulo.
1718 4122 1773 4178 ld
1807 4137 1935 4177 vero
1967 4119 2252 4187 dupliciter

703 4223 1004 4281 faciendum
1038 4229 1146 4284 est,
1192 4233 1383 4281 nempe
1426 4227 1482 4272 et
1521 4214 1766 4270 rationali
1804 4211 2094 4280 juvamiue,
2125 4209 2252 4262 dum

704 4330 889 4370 eorum
933 4312 1142 4366 animas
1180 4310 1440 4365 doetrinae
1485 4305 1675 4375 pabulo
1703 4303 1949 4359 meliores
1989 4300 2249 4362 facimus;

2345 3226 2543 3288 παντὸς
2563 3225 2653 3279 καὶ
2682 3225 2771 3278 τὸν
2803 3225 3039 3292 κλέπτην
3060 3222 3452 3290 διαφυλάττειν,
3491 3223 3564 3294 μὴ
3610 3223 3789 3279 λαθὼν
3827 3224 3910 3279 δι-

2346 3317 2558 3386 ορύξειε
2587 3317 2648 3370 τὸ
2673 3317 2770 3385 τῆς
2796 3316 2971 3385 ψυχῆς
2998 3320 3235 3386 ταμεῖον,
3273 3315 3626 3386 άποσυλήσειέ
3651 3333 3711 3369 τε
3755 3317 3825 3370 τά
3855 3319 3918 3370 ἐν

2345 3405 2491 3475 αὐτῷ
2517 3405 2852 3475 συνηγμένα·
2884 3407 2960 3458 ἐτι
2992 3423 3055 3474 γε
3084 3407 3182 3476 μὲν
3227 3408 3320 3460 καὶ
3347 3407 3437 3460 τὸν
3479 3406 3669 3461 ἐαυτοῦ
3708 3408 3919 3480 Κύριον

2347 3497 2523 3552 πάντα
2560 3497 2650 3550 τὸν
2687 3499 2788 3566 τῆς
2832 3495 2975 3567 ζωῆς
3017 3498 3204 3569 χρόνον
3251 3498 3582 3570 ἐκδέχεσθαι.
3627 3497 3786 3552 Ἀλλά
3839 3499 3916 3569 μὴ

2357 3586 2514 3655 μέχρι
2549 3587 2750 3639 τούτων
2782 3588 2998 3641 ἑστάναι
3019 3605 3033 3619 ο
3067 3587 3392 3660 παραθήκην
3420 3587 3468 3641 δ’
3505 3588 3691 3659 ὥσπερ
3724 3589 3915 3643 ὑποδεο

2349 3677 2611 3744 ξαμένους
2645 3675 2797 3747 παρὰ
2826 3676 2919 3728 τοῦ
2953 3677 3158 3730 ἑαυτῶν
3189 3679 3457 3731 Δεσπότου
3505 3678 3603 3749 τὴν
3647 3678 3757 3732 τῶν
3791 3695 3917 3733 συν-

2346 3765 2545 3818 δούλων
2574 3766 2727 3836 ἡμῶν
2753 3765 3092 3835 κηδεμονίαν,
3119 3767 3404 3835 φυλάττειν
3432 3769 3530 3839 τὴν
3548 3768 3728 3822 πίστιν
3746 3786 3916 3840 προσ·

2349 3858 2494 3926 ήκει,
2537 3857 2677 3910 οὕτω
2719 3874 2779 3909 τε
2820 3859 3041 3921 πιστοὺς
3090 3858 3464 3926 γενέσθαικαὶ
3520 3859 3810 3930 φρονίμους
3842 3861 3918 3924 ὡς

2354 3951 2561 4018 μήποτε
2594 3949 2853 4018 ἀκαίρως,
2877 3949 3035 4002 ἀεὶδέ
3067 3951 3144 4020 τῷ
3196 3953 3521 4022 προσήκοντι
3578 3945 3774 4020 καιρῷ,
3802 3955 3918 4015 τοῖς

2351 4035 2634 4107 ἡμετέροις
2660 4038 2957 4102 συνδούλοις
3001 4041 3062 4092 τὸ
3095 4042 3397 4112 σιτηρέσιον
3451 4039 3743 4110 διανέμειν,
3778 4046 3916 4113 μήτε

2349 4126 2702 4197 παρορῶντας
2746 4127 2838 4180 καὶ
2886 4128 3355 4198 ὑπερτιθεμένους,
3389 4131 3476 4181 ὅτε
3524 4130 3622 4192 δεῖ,
3668 4130 3793 4200 μήτ’
3852 4131 3913 4182 ού

2351 4217 2619 4286 δεομένοις
2645 4217 2973 4287 παρέχοντας
3005 4219 3266 4288 ἀκαίρως,
3295 4218 3432 4272 ἀλλὰ
3479 4220 3569 4272 καὶ
3617 4219 3794 4290 καιρῷ
3836 4219 3915 4289 τῷ

2354 4309 2700 4378 προσήκοντι,
2737 4309 2829 4361 καὶ
2856 4308 2928 4378 μὴ
2954 4309 3205 4379 ἀμέτρως
3227 4309 3383 4362 τοῦτο
3412 4313 3611 4362 ποιεῖν·
3660 4310 3812 4365 τοῦτο
3855 4311 3912 4364 δέ

705 4414 762 4460 et
817 4401 1076 4457 materiali
1120 4401 1279 4455 etiam
1322 4412 1455 4466 ope,
1497 4411 1623 4464 erga
1687 4408 1779 4449 eos
1842 4394 1931 4461 qui
1992 4389 2249 4457 ejusmodi

2355 4397 2606 4466 πράττειν
2634 4396 2770 4448 κατὰ
2799 4396 2891 4448 δύο
2919 4397 3168 4467 τρόπους,
3199 4397 3286 4449 διά
3319 4414 3376 4449 τε
3417 4398 3513 4468 τῆς
3550 4398 3916 4470 λογικωτέρας

707 4495 944 4552 subsidio
979 4501 1155 4560 egent.
1202 4493 1378 4557 Atque
1426 4487 1559 4551 haec,
1596 4488 1831 4552 inquam,
1860 4483 2036 4538 omnia
2083 4481 2251 4536 conti-

2355 4487 2616 4554 ὡφελείας
2642 4487 2737 4549 τὰς
2761 4486 2936 4555 ψυχὰς
2961 4486 3139 4540 αὐτῶν
3160 4487 3494 4556 βελτιοῦντας
3525 4492 3641 4553 ταῖς
3679 4489 3768 4543 διὰ
3803 4490 3915 4542 τῶν

707 4596 897 4644 neuter
938 4582 1171 4638 curanda
1203 4587 1360 4644 sunt,
1403 4589 1463 4630 ut
1501 4576 1546 4630 si
1595 4573 1733 4628 forte
1779 4573 2031 4626 Dominus
2072 4580 2251 4625 noster

2365 4576 2696 4646 μαθημάτων
2720 4579 2962 4646 τροφαῖς,
2990 4575 3075 4628 διά
3107 4593 3166 4628 τε
3190 4578 3288 4645 τῆς
3307 4578 3412 4630 τῶν
3443 4577 3709 4647 αἰσθητῶν
3748 4580 3918 4650 ὑπαρ-

707 4680 885 4734 subito
929 4677 1222 4730 adventans
1264 4671 1563 4739 demigrare
1606 4680 1787 4721 secum
1818 4678 1916 4718 nos
1957 4663 2161 4732 jubeat,
2196 4661 2248 4714 in

2357 4663 2555 4734 χόντων
2585 4661 2717 4731 πρὸς
2745 4665 2868 4725 τοὺς
2900 4662 3094 4724 ἐνδεεῖς
3133 4663 3475 4732 ἐπικουρίας·
3510 4662 3679 4717 ταῦτα
3721 4663 3777 4716 δὲ
3829 4663 3915 4719 διὰ

705 4767 974 4836 praedictis
1023 4773 1298 4820 versantes
1344 4777 1440 4815 nos
1490 4755 1890 4826 deprehendat,
1947 4762 2252 4820 sortemque

2358 4752 2550 4812 παντὸς
2581 4753 2839 4821 ἐνεργεῖν,
2877 4751 2981 4813 ἵνα,
3014 4751 3212 4803 εἴποτε
3245 4751 3452 4822 ἀθρόως
3481 4751 3701 4814 ἐπιστὰς
3741 4752 3769 4801 ὁ
3801 4752 3924 4805 Κύ-

709 4867 851 4914 rccte
880 4858 1053 4926 agenti
1084 4855 1279 4908 tribuat
1309 4853 1486 4920 priore
1515 4848 1678 4902 multo
1711 4845 1984 4912 majorem.
2013 4841 2253 4910 Namque

2362 4859 2472 4911 ριος
2496 4843 2527 4910 ἡ
2536 4842 2648 4911 μῶν
2675 4842 2771 4912 τὴν
2796 4841 3105 4912 παράληψιν
3135 4845 3165 4911 ἡ
3173 4841 3286 4912 μῶν
3305 4846 3523 4906 ποιοῖτο,
3548 4843 3724 4911 εὑρεῖν
3742 4841 3916 4894 ταῦτα

707 4951 776 5003 ub
799 4947 1007 5016 vigilias
1033 4948 1219 5014 suique
1247 4944 1504 4997 adventus
1528 4937 1971 5005 exspectationem
2001 4932 2244 5001 spondet,

2357 4931 2682 4999 πράττοντας
2717 4930 2881 4999 ἡμᾶς,
2911 4931 3233 4998 ἐπαγγελίαν
3258 4948 3314 4983 τε
3342 4931 3418 5000 τῷ
3442 4932 3534 4984 καὶ
3563 4929 3733 4983 ταῦτα
3766 4948 3905 4983 κατ-

708 5041 816 5094 illis
843 5036 1316 5097 discumbentibus,
1342 5034 1669 5086 succinctum
1701 5041 1756 5081 se
1787 5025 2243 5079 ministraturum:

2353 5018 2592 5087 ορθοῦντι
2633 5018 2724 5070 τοῦ
2772 5020 3030 5090 προτέρου
3070 5018 3492 5072 πολλαπλασίονα
3524 5019 3750 5071 δίδωσιν.
3793 5021 3924 5076 Ἐπὶ

707 5135 778 5188 ob
806 5130 1010 5186 fidelem
1044 5143 1168 5182 vero
1197 5141 1258 5179 ac
1291 5125 1601 5194 prudentem
1638 5116 2006 5170 villicationem
2050 5122 2248 5195 tempe-

2359 5113 2454 5177 μὲν
2487 5112 2592 5179 γὰρ
2615 5109 2689 5178 τῷ
2725 5110 3100 5180 ἐγρηγορέναι,
3151 5112 3242 5162 καὶ
3267 5111 3361 5180 τὴν
3395 5110 3558 5163 αὑτοῦ
3593 5111 3680 5162 διὰ
3717 5128 3924 5179 παήος

710 5225 1013 5290 stivamque
1058 5217 1293 5272 demensi
1323 5211 1775 5271 distributionem,
1819 5206 1941 5274 quia
1973 5204 2084 5256 vult
2123 5203 2249 5256 bea-

2359 5202 2668 5270 περιμένειν
2728 5200 3046 5270 παρουσίαν,
3100 5201 3401 5253 ἁνακλίνειν
3452 5203 3784 5272 ἐπήγγελται
3832 5210 3923 5260 καὶ

714 5316 946 5368 tissimos
981 5311 1275 5372 declarare,
1307 5321 1407 5359 non
1440 5303 1594 5357 alicui
1626 5301 1760 5368 parti
1790 5299 1878 5351 sed
1911 5296 2252 5349 facultatibus

2358 5292 2666 5359 διακονῆσαι
2703 5291 2860 5352 αὐτος
2886 5290 3321 5360 περιζωσάμενος
3347 5307 3358 5321 ·
3405 5293 3496 5343 ἐπὶ
3536 5291 3594 5347 δὲ
3644 5299 3706 5365 τῇ
3751 5301 3919 5369 πιστῇ

713 5398 971 5451 universis
1001 5413 1059 5451 se
1097 5394 1466 5462 praefectumm
1499 5389 1710 5442 felicem
1753 5386 1896 5438 illum
1920 5393 2253 5438 sacramento

2359 5385 2449 5439 καὶ
2478 5385 2698 5454 ἔμφρονι
2724 5383 2997 5451 οἰκονομίᾳ
3020 5384 3187 5452 καὶ.τῇ
3222 5382 3360 5434 κατὰ
3389 5383 3581 5456 καιρὸν
3609 5388 3920 5460 διανεμήσει

709 5516 756 5547 ’⁸
799 5514 950 5567 Prov.
982 5529 1050 5578 tv,
1078 5514 1167 5566 25.
1244 5516 1256 5543 ¹
1297 5511 1421 5565 CAP.
1452 5526 1549 5571 xu,
1582 5509 1668 5560 42.

783 5607 894 5670 (ϐυ)
935 5607 1195 5660 Notabilis
1229 5607 1461 5658 doctrina
1507 5602 1745 5663 Eusebii,
1776 5600 2128 5670 antiquissimi
2161 5616 2252 5651 au-
2363 5598 2553 5666 ubique
2584 5598 2873 5670 cernimus:
2907 5595 3153 5670 [Ecclesiae
3198 5594 3469 5670 hodierna;
3513 5599 3792 5656 ςαιιιυὶεςω
3837 5600 3897 5656 δα

713 5667 897 5744 cteris,
924 5677 990 5733 de
1021 5677 1324 5745 angelorum
1378 5689 1503 5740 erga
1554 5673 1788 5727 homines
1824 5667 1973 5726 cura.
2018 5669 2262 5724 Proiecto
2369 5671 2596 5723 Cll‘illaill
2627 5667 2813 5735 pristis
2846 5667 3090 5720 Panibus
3121 5668 3377 5724 innixam.
