4128 6294
682 315 783 372 587

1375 316 1645 372 EUSEBII
1681 313 2150 371 CESARIENSIS
2184 312 2334 370 OPP.
2369 314 2546 369 PARS
2583 313 2669 368 III.
2709 342 2778 354 —
2816 310 3218 368 EXEGETICA.

3768 304 3874 359 5C!

679 433 880 496 ναικὸς,
932 430 1071 486 οὕτω
1116 432 1390 488 κάνταῦθα
1433 434 1523 486 ἐπὶ
1567 432 1741 503 ζύμης
1784 432 2091 503 φυρομένης
2139 432 2218 492 είς
2263 429 2487 499 ἀλεύρου
2525 430 2658 482 σάτα
2695 427 2818 497 τρία
2885 426 3185 479 οἰκειότατα
3244 426 3277 495 ἡ
3329 419 3602 494 παραϐολὴ
3657 424 3880 486 γυναικὶ

679 522 1103 625 ἀρτοποὶουϋένῃ
1130 528 1220 581 τὸν
1249 531 1305 582 ιν
1336 526 1558 590 ἐκείνοις
1589 527 1966 597 ὠνομασμένον
1999 526 2198 595 σπορέα
2225 525 2538 625 timuit-6.5V.-
2634 616 2645 625 -
2915 611 2962 625 η
3034 606 3178 625 ΛΑΜ
3220 605 3326 625 m“
3785 604 3840 625 Ἰ

745 620 855 687 Age
879 602 1012 676 νει-’ὅ
1041 622 1178 688 apud
1221 620 1524 674 Matthaeum
1555 623 1621 683 ι’,
1665 629 1940 689 postquam
1962 621 2215 675 cmlorum

2390 616 2543 670 Κατά
2583 616 2761 684 μέντοι
2793 629 2881 664 τον
2909 606 3180 664 Ματθαῖον
3217 605 3330 674 (6|)
3365 602 3750 674 κεκρυμμένην

678 724 899 776 regnum
959 711 1009 763 in
1073 711 1333 764 fermento
1364 721 1859 779 repraesentaverat,
1907 726 2012 778 quo
2056 710 2220 764 sancti

678 798 910 867 Spiritus
937 804 1128 856 donum
1164 803 1437 856 denotavit
1465 842 1479 862 ,
1524 812 1581 854 et
1616 801 1939 867 evangelica
1968 801 2224 856 doctrinm

676 892 980 959 utilitatem,
1015 894 1066 946 in
1098 893 1375 960 subjuncta
1412 893 1518 947 illic
1552 893 1801 960 parabola
1834 892 1974 945 idem
1999 905 2220 963 regnum

678 978 927 1034 thesauro
957 980 1129 1034 simile
1160 982 1316 1034 dixit.
1365 981 1458 1035 Est
1508 991 1684 1035 autem
1738 996 1958 1051 magnus
1987 981 2076 1034 hic
2105 981 2223 1034 the-

676 1083 864 1122 saurus
887 1069 1176 1124 secundum
1207 1069 1443 1124 ccelcstia
1477 1070 1636 1124 enata
1665 1071 1685 1102 '
1717 1071 1891 1141 dignis
1917 1070 2220 1140 ’_repositus,

674 1171 830 1226 quem
863 1158 1049 1212 oculus
1098 1174 1198 1213 non
1245 1161 1394 1224 ridit,
1447 1162 1644 1230 quique
1691 1161 1887 1215 multos
1917 1161 2060 1215 latet.
2120 1160 2219 1228 Qui

675 1259 804 1300 vero
852 1248 995 1301 hunc
1043 1251 1206 1310 novit.
1247 1259 1429 1317 utpote
1461 1251 1551 1319 qui
1595 1251 1684 1305 Dei
1728 1252 2009 1321 imaginem
2057 1252 2107 1304 in
2161 1266 2222 1307 se

675 1339 1034 1403 conservavit,
1065 1339 1256 1408 gaudio
1283 1339 1473 1406 elatus,
1492 1355 1588 1394 ceu
1619 1341 1708 1410 qui
1741 1356 2003 1396 summum
2024 1342 2219 1396 bonum

677 1426 956 1492 lnvenerit,
1012 1429 1215 1498 reliqua
1267 1431 1446 1483 omnia
1483 1433 1845 1498 posthabenda
1873 1432 2103 1501 judicat,
2163 1440 2220 1486 ut

677 1513 816 1568 hunc
857 1517 1142 1584 possideat.
1178 1517 1345 1571 Porro
1375 1519 1626 1572 thesauro
1654 1520 1811 1573 simul
1836 1534 2069 1590 agroque
2109 1534 2221 1588 me-

675 1616 915 1671 morato,
975 1607 1242 1662 hominem
1302 1609 1634 1664 inventorem
1688 1612 1970 1679 apposuit,
2026 1621 2084 1665 ut
2129 1611 2218 1666 Dei

671 1695 962 1748 studiosam
1018 1699 1248 1752 hominis
1305 1711 1532 1753 mentem
1584 1700 1867 1769 signiticet.
1917 1702 2079 1772 Igitur
2128 1718 2217 1756 su-

670 1787 963 1854 prascripta
1010 1789 1260 1856 parabola
1292 1792 1389 1844 sub
1415 1791 1660 1844 absconsi
1712 1794 1948 1845 thesauri
2001 1793 2219 1846 nomine

669 1874 918 1929 celestes
942 1887 1102 1945 atque
1125 1881 1350 1934 eximias
1375 1882 1592 1933 denotat
1622 1883 2040 1948 promissiones;
2083 1883 2218 1936 mul-

2326 724 2434 777 μην
2467 706 2563 776 τὴν
2607 703 2878 774 βασιλείαν
2928 699 3034 751 τῶν
3079 694 3318 766 οὐρανῶν
3353 692 3643 764 προειπὼν,
3690 693 3757 744 δι’
3805 687 3876 763 ἧς

2321 797 2508 868 ἐδήλου
2553 797 2648 865 τὴν
2682 791 3032 862 ὲπιχορηγίαν
3078 785 3170 838 τοῦ
3215 785 3369 852 ἁγίου
3416 782 3744 852 Πνεύματος,
3778 783 3876 834 καὶ

2320 886 2415 956 τὴν
2456 885 2720 952 ὠφέλειαν
2744 882 2840 952 τὴν
2865 879 2970 934 ἀπὸ
2992 877 3084 932 τοῦ
3113 874 3459 944 εὐαγγελικοῦ
3479 871 3757 940 λόγου,δώ
3775 871 3876 940 τῆς

2322 975 2450 1045 ἑξῆς
2477 973 2789 1047 παραϐολῆς
2831 973 2928 1042 τὴν
2962 971 3125 1040 αὐτὴν
3155 965 3423 1038 βασιλείαν
3457 965 3692 1018 ἐοικέναι
3740 963 3876 1030 φησὶ

2321 1065 2595 1136 Θησαυρῷ.
2634 1064 2731 1132 Εἴη
2768 1063 2810 1114 δ’
2853 1061 2918 1114 ἂν
2951 1058 3216 1130 θησαυρὸς
3244 1056 3411 1126 μέγας
3440 1055 3469 1105 6
3493 1053 3630 1106 κατά
3656 1053 3755 1115 τάς
3781 1054 3874 1103 οὐ-

2321 1157 2537 1226 ρανίους
2581 1150 2908 1220 ἐπαγγελίας
2934 1152 3046 1212 τοῖς
3099 1148 3264 1212 ἀξίοις
3299 1144 3730 1214 τεταμιευμένος,
3762 1143 3818 1194 ὃν
3844 1143 3875 1193 6

2317 1244 2590 1316 ὀφθαλμὸς
2622 1245 2722 1296 οὐκ
2749 1239 2907 1306 εἶδεν,
2937 1242 2995 1305 ὃς
3026 1242 3148 1303 τοὺς
3178 1238 3399 1299 πολλοὺς
3426 1234 3691 1287 λανθάνει.
3731 1233 3790 1286 '0
3817 1233 3876 1284 δὲ

2317 1337 2504 1390 τοῦτον
2533 1336 2748 1405 νοήσας,
2783 1333 2856 1396 ὠς
2880 1331 2940 1384 τὸ
2970 1332 3088 1384 κατ’
3119 1330 3299 1382 εἰκόνα
3328 1326 3420 1379 τοῦ
3446 1324 3579 1378 Θεοῦ
3606 1323 3793 1387 σώζων
3815 1324 3875 1374 ἐν

2319 1425 2516 1496 ἑαυτῷ,
2547 1427 2720 1495 χαρᾶς
2768 1421 3018 1492 ἔμπλεως
3047 1417 3306 1487 γεγονὼς,
3349 1416 3422 1479 ώς
3462 1417 3524 1468 ἂν
3566 1415 3625 1468 τὸ
3671 1414 3877 1466 τέλειον

2320 1515 2427 1568 τῶν
2457 1513 2672 1583 ἀγαθῶν
2698 1509 2963 1584 εὑρηκὼς,
2989 1509 3057 1562 τά
3079 1508 3239 1561 λοιπά
3271 1508 3446 1560 πάντα
3477 1507 3699 1576 δεύτερα
3727 1502 3876 1556 τίθε-

2319 1623 2428 1669 ται,
2452 1605 2546 1658 καὶ
2578 1604 2764 1657 τοῦτον
2793 1600 3192 1670 ἀντιλαμϐάνει.
3220 1597 3645 1666 Καταλλήλωςόὲ
3680 1595 3880 1665 θησαυ-

2321 1697 2410 1766 ρὸν
2440 1697 2533 1748 καὶ
2585 1695 2755 1763 ἀγρὸν
2807 1691 2996 1754 είπὼν,
3047 1690 3328 1775 ἄνθρωπον
3357 1688 3502 1756 αὐτῴ
3543 1685 3746 1757 συνῆψε
3785 1684 3878 1736 τὸν

2318 1787 2613 1857 εὐρηκότα’
2649 1785 2790 1838 οὕτω
2836 1783 3077 1854 δηλώσας
3119 1781 3208 1834 τὸν
3252 1784 3308 1834 ἐν
3361 1779 3625 1851 ἀνθρώπῳ
3652 1777 3874 1846 θεοφιλῆ

2318 1876 2458 1929 νοῦν.
2502 1877 2566 1929 Ἠ
2620 1877 2716 1945 μὲν
2763 1871 2854 1927 οὖν
2910 1871 3310 1945 ῥηθεῖσααύτη
3340 1867 3618 1940 παραϐολὴ
3649 1867 3736 1918 διὰ
3781 1862 3875 1917 τοῦ

671 1979 737 2022 ta:
762 1970 902 2022 enim
939 1971 1240 2026 mansiones
1285 1974 1419 2041 apud
1452 1971 1659 2028 Patrem
1687 1983 1844 2038 sunt;
1903 1973 2215 2042 divitiasque

2320 1966 2587 2037 Θησαυροῦ
2611 1965 2700 2019 τοῦ
2732 1964 3109 2035 κεκρυμμένου
3139 1962 3235 2024 τὰς
3259 1959 3509 2031 οὐρανίας
3545 1955 3878 2024 ἐπαγγελίας

667 2054 781 2123 Dei,
812 2071 930 2126 quae
952 2067 1076 2114 sunt
1115 2061 1288 2116 omnis
1337 2062 1462 2116 boni
1505 2063 1820 2132 thesaurus,
1865 2065 2214 2122 demonstrat.

736 2324 863 2390 Qua:
897 2341 1024 2381 vero
1046 2329 1290 2396 sequitur
1319 2330 1340 2362 ⁸
1371 2331 1672 2398 margaritae
1698 2331 1971 2399 parabola,
1997 2343 2062 2385 ea
2089 2329 2216 2386 mihi

666 2413 971 2482 significare
993 2417 1202 2471 videtur
1235 2420 1602 2487 pretiosiorem
1645 2422 2016 2490 praedictarum
2054 2437 2214 2492 opum

663 2515 887 2572 partem.
946 2504 1040 2559 Est
1089 2515 1262 2562 autem
1318 2509 1429 2562 haec
1458 2509 1710 2563 divinitas
1744 2509 2042 2579 Unigeniti,
2096 2527 2216 2580 qua:

663 2593 870 2648 cunctis
924 2595 976 2649 in
1013 2598 1264 2665 pracdicto
1312 2601 1562 2653 thesauro
1599 2601 1867 2654 contentis
1899 2601 2216 2670 exquisitior

661 2692 775 2746 est;
805 2697 962 2750 quam
989 2685 1080 2752 qui
1111 2687 1473 2755 acquisiverit,
1497 2703 1726 2758 superna
1747 2689 2001 2744 beatitate
2022 2691 2214 2760 dignus

661 2782 741 2823 ut.
786 2769 1070 2841 Margarita
1099 2781 1274 2828 autem
1308 2775 1497 2828 merito
1526 2778 1832 2831 nominatur
1872 2778 2208 2834 incarnatum

661 2861 754 2914 Dei
785 2859 1013 2916 Verbum
1041 2881 1054 2927 ;
1087 2864 1212 2932 quia
1239 2865 1352 2919 haec
1383 2867 1693 2934 margarita,
1725 2866 1780 2920 in
1815 2881 1977 2922 carne
2011 2869 2138 2923 licet
2160 2879 2213 2925 et

660 2954 894 3006 ostracio
920 2964 1078 3022 atque
1108 2955 1333 3008 humore
1365 2958 1537 3024 genita
1562 2998 1577 3022 ,
1627 2958 1917 3025 pretiosum
1947 2960 2072 3028 quid
2105 2968 2210 3026 est,

659 3050 716 3094 et
742 3057 849 3110 pra:
886 3044 1132 3098 omnibus
1161 3059 1225 3099 ex
1257 3044 1478 3098 humore
1506 3047 1643 3099 natis
1689 3047 2002 3115 corporibus
2047 3050 2212 3114 hono-

662 3131 866 3186 rabilis.
919 3132 1078 3188 Certe
1116 3134 1404 3203 margarita
1435 3135 1644 3189 videtur
1680 3135 1956 3190 humidum
1997 3153 2208 3208 corpus,

664 3220 1020 3286 splendidum,
1063 3222 1374 3277 cmlestibus
1413 3222 1607 3286 simile,
1643 3223 1760 3279 luce
1790 3238 1854 3278 ac
1878 3226 2068 3293 spiritu
2097 3227 2209 3295 ple-

2322 2058 2502 2128 ἐδήλου
2546 2056 2641 2119 τὰς
2676 2053 3127 2126 ὐπερσεὸηκυίας,
3157 2052 3345 2106 πολλαὶ
3371 2044 3478 2120 γὰρ
3526 2048 3684 2119 μοναὶ
3724 2043 3879 2117 παρὰ

2322 2151 2398 2220 τῷ
2427 2149 2615 2218 Πατρὶ,
2647 2148 2854 2200 καὶτὸν
2899 2148 2956 2198 ὲν
2998 2145 3116 2215 Θεῷ
3149 2144 3397 2206 πλοῦτον,
3436 2140 3703 2212 θησαυρὸν
3746 2139 3879 2190 ὄντα

2323 2240 2517 2303 παντὸς
2545 2239 2768 2308 ἀγαθοῦ.

2403 2330 2463 2383 Ἡ
2509 2330 2564 2383 δὲ
2600 2329 2735 2399 μετά
2768 2328 2968 2398 ταύτην
2999 2327 3086 2379 διὰ
3129 2327 3222 2380 τοῦ
3276 2323 3608 2396 μαργαρίτου
3650 2318 3881 2374 αἰνίττε-

2323 2422 2443 2475 σθαί
2474 2439 2561 2490 μοι
2592 2420 2738 2472 δοκεῖ
2771 2419 2831 2471 τὸ
2875 2419 3193 2486 τιμιώτερον
3243 2415 3335 2468 τοῦ
3369 2413 3692 2486 δηλωθέντος
3718 2408 3882 2461 πλού-

2319 2530 2431 2565 του.
2489 2511 2586 2581 Ετη
2629 2510 2672 2562 δ’
2709 2509 2773 2562 ἂν
2821 2508 3072 2578 ὴθεότης
3121 2506 3257 2576 αὐτὴ
3312 2503 3403 2557 τοῦ
3444 2499 3797 2569 Μονογενοῦς,
3842 2499 3879 2568 ἡ

2322 2605 2534 2656 πάντων
2557 2602 2664 2654 τῶν
2694 2604 2749 2653 ἐν
2782 2599 2859 2670 τῷ
2886 2599 3195 2652 ἀποδοθέντι
3230 2594 3484 2668 θησαυρῷ
3522 2589 3881 2661 τεταμιευμέ-

2318 2712 2422 2747 νων
2450 2692 2768 2764 τιμιωτέρα,
2798 2693 2864 2762 ἡν
2903 2694 2930 2745 6
2968 2690 3304 2761 κτησάμενος
3343 2688 3443 2756 τῆς
3486 2685 3744 2738 ἀνωτάτω
3777 2698 3880 2751 μαε-

2319 2785 2638 2856 καριότητος
2665 2782 2912 2851 ⁴Ιγξίωται.
2963 2781 3320 2852 Μαργαρίτης
3366 2779 3423 2831 δὲ
3466 2777 3777 2845 ὠνόμασται
3799 2774 3877 2826 εί-

2318 2874 2486 2936 κότως
2515 2875 2542 2925 6
2577 2871 2876 2942 σαρκωθεὶς
2925 2871 3056 2933 θεὸς
3095 2871 3291 2938 Λόγοςο
3321 2868 3442 2921 ἐπεὶ
3467 2867 3557 2918 καὶ
3588 2867 3616 2918 6
3665 2880 3881 2934 μαργα-

2319 2969 2472 3039 ρίτης
2499 2965 2753 3028 τοιοῦτος,
2792 2967 2846 3016 ὲν
2872 2965 3033 3035 σαρκὶ
3068 2962 3166 3034 μὲν
3198 2962 3290 3015 καὶ
3334 2962 3390 3013 ὲν
3421 2958 3627 3028 ὀστρέῳ
3677 2956 3771 3009 και⁵
3818 2956 3880 3007 ἐν

2317 3061 2504 3128 ὑγροῖς
2531 3056 2885 3127 γεννώμενος,
2919 3055 3098 3126 τίμιον
3119 3054 3175 3107 δέ
3217 3070 3269 3105 τι
3305 3051 3511 3122 χρῆμα,
3541 3049 3633 3101 καὶ
3658 3048 3879 3100 πάντων

2314 3149 2420 3201 τῶν
2449 3150 2506 3200 ὲν
2534 3149 2716 3217 ὑγροῖς
2748 3145 3010 3215 σωμάτων
3037 3142 3459 3213 τιμαλφέστερον
3483 3157 3495 3169 ·
3551 3137 3695 3190 εοικε
3748 3134 3878 3203 γοῦν

2313 3235 2453 3292 εἶναι
2481 3240 2542 3308 τῇ
2578 3236 2733 3305 φύσει
2765 3235 2918 3304 σῶμα
2942 3235 3124 3306 ὑγρὸν,
3147 3233 3386 3299 διαυγὲς,
3420 3228 3670 3290 θεοειδὲς,
3701 3226 3880 3295 φωτὸς

664 3327 813 3366 num.
865 3312 955 3366 Sic
986 3315 1145 3366 etiam
1177 3313 1510 3367 incarnatum
1549 3314 1778 3368 Verbum
1805 3315 1981 3368 lumen
2013 3317 2215 3372 intelle-

2317 3331 2411 3382 καὶ
2438 3329 2744 3398 πνεύματος
2768 3327 2954 3396 γέμον.
3007 3324 3107 3395 Εἴη
3143 3324 3186 3376 δ’
3219 3323 3284 3376 ἂν
3307 3323 3401 3375 καὶ
3431 3317 3732 3391 σαρκωθεὶς
3776 3318 3880 3370 Λό-

661 3402 838 3454 ctuale
870 3412 974 3466 est,
1005 3403 1068 3456 de
1104 3404 1314 3457 mortali
1349 3403 1672 3473 humidoque
1702 3421 1930 3475 corpore
1952 3409 2211 3465 emicans.

660 3489 777 3544 Jam
805 3506 922 3545 cum
959 3494 1076 3547 aliae
1111 3495 1290 3549 multa:
1322 3497 1630 3550 exstiterint
1677 3499 1980 3566 margarita:
2017 3511 2213 3556 sancte

663 3580 877 3648 Deoque
928 3593 1112 3650 gralm,
1153 3584 1430 3654 propheta:
1465 3586 1710 3642 videlicet
1751 3587 1988 3658 iustique
2035 3591 2212 3645 homi-

669 3682 784 3734 nes,
814 3673 905 3739 qui
929 3682 982 3725 et
1008 3673 1104 3739 ipsi
1139 3687 1298 3728 carne
1327 3675 1607 3744 constipati
1662 3687 1818 3732 erant
1847 3689 2066 3749 propter
2093 3696 2212 3735 car-

658 3772 815 3812 neam
853 3762 1126 3815 hominum
1181 3765 1368 3831 vitam,
1400 3780 1557 3820 nemo
1583 3766 1722 3831 alius
1749 3809 1764 3833 ,
1825 3781 2019 3839 przeter
2067 3771 2213 3827 hunc

660 3848 853 3913 solum,
896 3865 1019 3905 vere
1053 3853 1383 3923 unigenitus,
1417 3855 1882 3924 splendidissimus
1912 3874 1976 3914 ac
2014 3863 2214 3929 pretio-

660 3940 904 3995 sissimas
939 3942 1184 3999 inventus
1206 3954 1305 4000 est.
1342 3945 1493 4001 Adeo
1526 3957 1584 4000 ut
1626 3947 1797 4009 Isaias
1819 3965 2032 4020 quoque
2056 3954 2123 4007 de
2147 3967 2211 4009 eo

657 4032 981 4087 vaticinatus
1015 4034 1176 4090 fuerit
1222 4036 1406 4099 dicens
1437 4053 1451 4089 :
1483 4035 1614 4091 Ecce
1661 4057 1793 4106 pono
1827 4042 1882 4094 in
1921 4041 2051 4095 Sion
2084 4043 2215 4111 lapi-

658 4125 773 4176 dem
793 4126 1098 4192 pretiosum,
1128 4125 1367 4192 electum,
1387 4129 1722 4198 'angularem,
1749 4131 2138 4199 honorabilem;
2163 4143 2213 4189 et

657 4215 746 4282 qui
792 4218 1066 4270 crediderit
1121 4218 1178 4271 in
1230 4235 1385 4284 eum,
1457 4237 1560 4273 non
1614 4223 1956 4293 confundetur
2003 4224 2042 4277 ’.
2109 4225 2211 4292 Qui

660 4320 788 4375 ergo
835 4322 998 4375 regno
1043 4308 1302 4363 calorum
1336 4310 1530 4380 dignus
1575 4311 1785 4366 futurus
1811 4322 1924 4377 est,
1955 4315 2212 4382 praeclare

659 4413 998 4466 comparatur
1033 4401 1314 4454 mercatori
1364 4403 1480 4456 viro
1503 4445 1516 4470 ,
1576 4405 1651 4457 rei
1683 4403 1836 4459 bona:
1874 4410 2114 4465 Studioso
2155 4417 2211 4464 et

659 4489 851 4556 perito,
885 4499 938 4544 et
985 4490 1271 4544 multarum
1317 4494 1681 4548 doctrinarum
1731 4498 2250 4570 exploratorirqui,

2313 3439 2406 3489 γος
2431 3420 2683 3483 τοιοῦτος,
2708 3417 2821 3486 φῶς
2853 3416 3035 3485 νοερὸν
3076 3414 3163 3468 διὰ
3196 3412 3388 3483 θνητοῦ
3433 3411 3528 3465 καὶ
3560 3408 3732 3480 ὑγροῦ
3767 3407 3876 3460 σώ-

2316 3529 2480 3581 ματος
2511 3509 2814 3578 ὲκλάμψαν.
2851 3506 3066 3560 Πολλῶν
3107 3521 3171 3574 γε
3208 3506 3312 3575 μὴν
3342 3503 3437 3557 καὶ
3468 3501 3640 3556 ἄλλων
3665 3516 3878 3570 μαργα-

2314 3602 2472 3674 ριτῶν
2510 3601 2677 3654 ὄντων
2707 3599 2874 3666 ἁγίων
2906 3598 3000 3650 καὶ
3039 3596 3318 3665 θεοφιλῶν,
3353 3592 3643 3664 προφητῶν
3690 3608 3750 3644 τε
3785 3592 3878 3643 καὶ

2309 3692 2530 3744 δικαίων
2563 3689 2790 3760 ἀνδρῶν,
2827 3690 2920 3742 καὶ
2949 3687 3125 3741 αὐτῶν
3175 3689 3233 3739 ὲν
3281 3686 3445 3757 σαρκὶ
3486 3682 3874 3752 πεπιλημένων

2310 3783 2396 3836 διὰ
2417 3783 2508 3835 τὸν
2533 3781 2790 3852 ἐνσαρκον
2815 3778 2925 3833 τῶν
2946 3775 3243 3850 ἀνθρώπων
3282 3775 3413 3846 βίον,
3439 3773 3611 3838 οὐδεὶς
3633 3768 3872 3844 ἕτεροςῆ

2316 3874 2473 3944 μόνος
2497 3870 2578 3938 εἷς
2602 3865 2758 3936 οὗτος
2794 3871 3008 3942 ἀληθῶς
3048 3868 3334 3941 μονογενὴς
3381 3867 3477 3921 καὶ
3524 3863 3876 3935 πολυφεγγὴς

2311 3965 2402 4016 καὶ
2447 3963 2738 4034 πολύτιμος
2765 3961 2993 4034 εὓρηται
3015 3963 3034 3992 ·’
3095 3959 3170 4023 ὡς
3224 3959 3319 4012 καὶ
3354 3957 3575 4012 Ἡσαΐαν
3617 3955 3874 4009 θεσπίσαι

2315 4052 2441 4122 περὶ
2470 4051 2631 4104 αὐτοῦ
2663 4053 2754 4104 καὶ
2776 4053 2948 4104 εἰπεῖν
2968 4065 2984 4083 ο
3027 4048 3174 4103 Ἰδοὺ
3199 4049 3398 4117 τίθημι
3419 4047 3489 4100 ἐν
3515 4044 3670 4100 Σιὼν
3697 4046 3874 4100 λίθον

2310 4141 2634 4208 πολυτελῆ,
2667 4139 2976 4203 ἐκλεκτὸν,
3006 4136 3442 4207 ἀκροτωνιαῒον,
3467 4134 3707 4205 ἔντιμον
3727 4152 3740 4166 ο
3773 4134 3872 4188 και

2312 4232 2345 4282 ὀ
2379 4230 2674 4282 πιστεύων
2719 4232 2805 4294 εὶς
2844 4229 3030 4282 αὐτὸν
3055 4229 3127 4281 οὐ
3163 4225 3761 4293 καταισχυνθήσεται.
3810 4224 3870 4276 ὐ

2309 4320 2373 4391 δὴ
2404 4317 2495 4374 οὖν
2541 4321 2744 4392 μέλλων
2767 4321 2864 4391 τῆς
2889 4319 3163 4391 βασιλείας
3193 4317 3301 4371 τῶν
3322 4316 3560 4384 οὐρανῶν
3580 4314 3869 4380 καταξιοῦ-

2313 4410 2434 4464 σθαι
2468 4411 2760 4482 προσφυῶς
2792 4410 3198 4484 παρασέῦληται
3242 4408 3466 4480 ἐμπόρῳ
3517 4408 3670 4480 ἀνδρὶ⁴
3714 4409 3868 4477 φιλο-

2309 4502 2455 4571 κάλῳ
2483 4503 2586 4560 τινὶ
2611 4503 2703 4556 καὶ
2736 4501 3022 4573 φιλομαθεί
3051 4503 3144 4555 καὶ
3169 4500 3423 4554 ποικίλων
3452 4501 3748 4570 δοκιμαστῇ
3783 4500 3870 4555 λό-

659 4580 984 4635 circumiens
1015 4581 1208 4634 multas
1242 4585 1437 4650 reperit
1489 4587 1827 4652 margaritas,
1872 4593 2206 4647 omnimodas

2317 4607 2438 4659 γων,
2484 4592 2540 4657 ὃς
2569 4592 2790 4663 περιιὼν
2820 4591 3047 4653 πολλοὺς
3105 4591 3203 4661 μὲν
3252 4591 3446 4661 ἀνεῦρε
3502 4592 3865 4662 μαργαρίτας,

658 4682 851 4737 nempe
895 4679 1204 4724 sanctorum
1254 4671 1526 4725 hominum
1560 4674 1776 4729 classes.
1826 4678 1932 4731 Sed
1971 4682 2203 4748 pretiosa

2317 4647 2587 4746 παντοίοὐς
2618 4647 2673 4735 ἐν
2696 4683 3000 4754 ἀνθρώποις
3027 4647 3221 4751 *ἁγίους
3237 4697 3252 4711 ’
3277 4647 3431 4747 τέλος
3529 4647 3866 4736 τὺινυπολύτι-

662 4761 750 4815 illa
798 4778 1006 4832 gemma
1053 4767 1288 4830 inventa,
1337 4782 1494 4831 quam
1528 4767 1755 4822 Verbum
1805 4771 2014 4833 obtulit,
2068 4773 2204 4826 hanc

2317 4792 2410 4844 μον
2438 4775 2630 4844 εὑρὼν,
2662 4775 2720 4827 ὃν
2760 4776 2788 4827 6
2815 4775 2985 4843 Λόγος
3042 4777 3436 4844 παρεστήσατο,
3491 4774 3704 4827 πάντων
3754 4773 3866 4827 τῶν

656 4868 777 4905 cum
803 4855 1050 4908 omnibus
1067 4857 1164 4909 sibi
1184 4869 1339 4909 antea
1368 4859 1653 4924 compertis
1676 4863 2036 4926 commutavit,
2064 4863 2203 4916 idem

2317 4865 2568 4937 πρότερον
2614 4865 2760 4934 αὐτῷ
2809 4866 3220 4936 πεπορισμένων
3249 4865 3436 4919 τοῦτον
3471 4865 3863 4936 ἀντικατηλλά-

657 4941 859 4996 faciens
891 4942 1029 5011 quod
1071 4946 1215 5012 prior
1253 4946 1337 5000 ille
1367 4945 1477 5014 (qui
1505 4961 1688 5016 agrum
1719 4948 1803 5002 ubi
1842 4949 2036 5004 latebat
2087 4952 2201 5006 the-

2317 4952 2452 5019 Ξατο,
2474 4956 2664 5009 ταυτὸν
2689 4955 2766 5024 τῷ
2798 4957 3041 5027 προτέρῳ
3069 4956 3275 5026 πράξας
3326 4957 3392 5028 (6
3419 4958 3592 5011 πάντα
3623 4960 3721 5013 ὅσα
3746 4955 3862 5031 εἶχε

656 5048 848 5088 saurus
877 5037 1105 5090 venditis
1131 5039 1334 5090 cunctis
1362 5038 1740 5110 comparavit).
1770 5041 1939 5107 Atque
1967 5042 2078 5095 hazc
2103 5044 2206 5095 erit

2317 5046 2581 5117 πωλήσας,
2640 5047 2732 5100 καὶ
2778 5047 3049 5118 ἀγοράσας
3097 5048 3187 5101 τὸν
3235 5049 3402 5119 ἀγρὸν
3453 5051 3697 5118 ἐκεῖνον).
3749 5051 3862 5104 Καὶ

657 5139 878 5178 summa
900 5126 1170 5191 beatitatis
1195 5129 1437 5194 coronis,
1468 5142 1659 5198 nempe
1697 5130 1737 5182 si
1778 5132 2010 5197 pretiosa
2055 5147 2201 5185 mar-

2317 5137 2445 5190 τοῦτ’
2490 5138 2554 5191 ἂν
2582 5139 2666 5208 εἴη
2692 5138 2842 5201 τέλος
2879 5140 2979 5208 τῆς
3020 5139 3193 5210 ἄκρας
3228 5141 3643 5211 μακαριότητος,
3673 5142 3732 5195 τδ
3763 5159 3864 5197 κα-

657 5216 826 5281 garita
864 5206 1199 5282 ornabitnur,
1251 5219 1302 5271 id
1350 5229 1429 5273 est
1473 5222 1674 5274 lumine
1706 5221 2004 5275 divinitatis
2041 5222 2197 5278 Verbi

2317 5206 2704 5298 τακοσμηθῆναι
2732 5227 2809 5296 τῷ
2837 5206 3178 5300 πολύτιμή-τῳ
3207 5206 3533 5301 μαργαρίτῃ,
3561 5231 3755 5302 δηλαδὴ
3781 5233 3861 5303 τῷ

657 5304 935 5371 unigeniti.
966 5305 1178 5360 Initium
1211 5307 1408 5377 quippe
1438 5309 1535 5363 fuit
1560 5325 1774 5374 semen;
1809 5312 1995 5365 deinde
2023 5312 2202 5368 fructi-

2317 5317 2443 5384 φωτὶ
2474 5318 2572 5388 τῆς
2610 5317 2858 5386 θεότητος
2887 5317 2982 5370 τοῦ
3020 5320 3333 5388 μονογενοῦς
3359 5321 3558 5388 Λόγουο
3586 5323 3726 5393 ἀρχὴ
3757 5323 3859 5393 μὲν

659 5392 863 5448 iicantis
910 5394 1164 5451 frumenti
1213 5400 1564 5466 germinatio;
1621 5402 1830 5454 tertium
1887 5403 2142 5458 discretio
2173 5420 2200 5458 a

2317 5409 2414 5482 γὰρ
2445 5406 2511 5480 ἦν
2534 5412 2563 5463 6
2598 5410 2794 5479 σπόρος
2817 5427 2830 5440 ·
2889 5405 2984 5462 εἶτ’
3022 5410 3257 5475 ἐπίδοσις
3295 5411 3392 5482 τῆς
3419 5413 3510 5466 τοῦ
3545 5392 3688 5468 σίτου
3717 5432 3829 5488 καρ

725 5500 766 5532 ⁸·
794 5500 980 5558 Matth.
1012 5520 1143 5571 xm,
1175 5505 1262 5560 55.
1339 5509 1358 5538 "
1400 5509 1526 5563 ibid.
1559 5508 1647 5562 M.
1723 5512 1743 5541 ⁸
1787 5510 1912 5565 ibid.
1946 5513 2034 5567 45.
2111 5517 2131 5546 ⁵
2173 5514 2215 5569 Is

2320 5534 2510 5583 xxvm,
2551 5519 2637 5574 16.

695 5591 978 5693 ‘Igf-‘lllhllic
1006 5612 1295 5693 quiaquia
1335 5600 1476 5693 [mea
1505 5613 1759 5693 provocat
1891 5607 2196 5693 Matthteum
2312 5615 2612 5693 rectissime
2644 5614 2758 5668 ﬁeri
2786 5619 2957 5693 potuit
2984 5619 3051 5671 ab
3083 5633 3146 5674 eo
3178 5619 3268 5690 qui
3300 5619 3352 5676 in
3381 5620 3859 5693 tetraevangelium

667 5661 927 5719 Eusebius
1013 5661 1153 5734 quod
1179 5684 1298 5723 cum
1357 5687 1450 5740 per
1503 5661 1560 5728 ἑο
1613 5690 1716 5728 non
1767 5661 2200 5746 dedecet,ﬂtum
