4128 6294
226 338 325 395 51ῖ9

1358 342 1862 400 (II-)MMENTARJA
1902 344 1967 399 IN
2008 345 2263 403 LUCAM.

3355 360 3462 418 570

227 448 493 527 ποτορίας
512 474 524 486 ·
559 459 651 512 καὶ
683 460 862 529 τρίτον
896 463 927 530 ἡ
957 461 1066 514 ἀπὸ
1084 462 1190 514 τῶν
1214 461 1468 526 ζιζανίων
1491 465 1780 536 δίόικρισις·

1898 468 2151 533 zizaniis;
2213 479 2466 536 quartum
2521 470 2747 524 seminis
2796 470 2849 525 in
2904 488 3152 542 magnam
3210 476 3458 533 arborem

220 549 533 619 τέταρτονή
564 553 655 603 ἐπὶ
686 552 826 618 μέγα
874 553 1085 623 δένδρον
1110 554 1202 607 τοῦ
1238 555 1437 625 σπόρου
1470 559 1605 626 φυή·
1658 556 1795 625 πέμ-

222 655 353 691 πτον
382 642 414 709 ἡ
442 640 530 692 διὰ
560 641 650 691 τοῦ
685 640 841 707 ἁγίου
892 642 1206 712 Πνεύματος
1236 642 1510 713 ζύμωσιςο
1564 647 1721 698 ἕκτον
1764 649 1792 699 ό

223 728 495 799 θησαυρὸς
528 729 633 781 τῶν
667 731 929 801 οὐρανίων
962 733 1299 801 ἐπαγγελιῶν
1324 750 1336 763 °
1390 734 1613 803 ἕϐδομον
1640 738 1670 805 ἡ
1699 736 1794 787 αῦ-

221 820 314 872 τοῦ
344 822 535 889 κτῆσις
573 821 667 873 τοῦ
689 822 821 875 Θεοῦ
851 824 1044 891 Λόγου,
1070 826 1126 875 ὲν
1152 817 1195 890 ᾧ
1227 826 1333 888 πᾶς
1368 830 1791 896 κατακοσμεῖται

222 912 251 961 ό
280 912 379 979 τῆς
408 911 680 978 βασιλείας
710 912 816 964 τῶν
840 915 1079 985 οὐρανῶν
1109 914 1276 980 ἄξιος.

290 1020 474 1074 Ταῦτα
495 1022 549 1074 δὲ
584 1022 689 1092 πρὸ
716 1022 821 1074 τῶν
854 1024 1026 1093 ἔργων
1054 1026 1405 1091 ἀνεφωνεῖτο’
1441 1026 1791 1095 προλέγοντος

222 1113 287 1164 τὰ
322 1112 582 1179 μέλλοντα
612 1112 827 1165 ἔσεσθαι
852 1114 945 1165 τοῦ
999 1115 1267 1184 Σωτῆρος,
1306 1115 1340 1168 ἃ
1390 1116 1451 1185 δὴ
1488 1116 1579 1167 καὶ
1605 1117 1790 1179 τέλους

222 1203 317 1254 οὐκ
346 1204 425 1263 είς
462 1203 668 1273 μακρὸν
697 1202 972 1272 ἐτύγχανε,
997 1204 1135 1255 ὥστε
1178 1206 1293 1273 μετ’
1321 1206 1381 1257 ού
1414 1205 1577 1259 πολὺν
1604 1208 1788 1276 χρόνον

221 1290 515 1359 ὀφθαλμοῖς
560 1291 785 1360 ὁρᾶσθαι
837 1292 942 1343 τῶν
1000 1292 1175 1360 έργῶν
1226 1293 1290 1344 τά
1354 1294 1785 1363 ἀποτελέσματα.

223 1379 351 1432 Καθ’
386 1381 514 1450 ὅλης
541 1377 632 1433 οὖν
664 1381 721 1445 ἐξ
752 1382 958 1435 ἐκείνου
989 1384 1084 1451 τῆς
1131 1384 1236 1435 τῶν
1277 1383 1574 1454 ἀνθρώπων
1614 1388 1789 1437 οἰκου-

226 1473 390 1540 μένης
415 1474 479 1522 ἐκ
514 1473 611 1541 μὲν
646 1473 894 1524 ἁπάντων
931 1473 1037 1525 τῶν
1066 1473 1230 1526 ἐθνῶν
1260 1473 1326 1526 τά
1385 1475 1482 1543 τῆς
1524 1476 1618 1527 τοῦ
1651 1475 1786 1527 Θεοῦ

225 1562 493 1631 βασιλείας
512 1563 748 1632 σύμϐολα
767 1563 875 1631 (ϐξ)
894 1564 977 1617 διὰ
991 1565 1097 1617 τῶν
1114 1555 1443 1634 Ἐκκλησιῶν
1458 1566 1619 1619 αὐτοῦ
1636 1566 1787 1619 ὲθεω-

228 1660 381 1724 ρεῖτο,
410 1658 618 1725 μυρίων
653 1658 709 1708 ὲν
752 1658 941 1718 αὑταῖς
974 1657 1114 1709 κατά
1152 1656 1213 1709 τὸ
1245 1660 1509 1726 σωτήριον
1538 1658 1785 1724 Εὐαγγέ-

222 1745 328 1798 λιον
354 1747 632 1815 βιούντων,
676 1750 787 1809 τοῖς
824 1764 881 1799 τε
910 1747 1155 1810 παλαιοῖς
1186 1750 1488 1818 προφήταις
1516 1749 1608 1800 καὶ
1638 1748 1784 1818 αύτῷ

221 1836 375 1904 γετῷ
416 1836 663 1907 Ἀϐραὰμ
711 1839 803 1890 καὶ
855 1838 1034 1890 Ἰσαὰκ
1084 1838 1177 1890 καὶ
1219 1838 1297 1907 τῷ
1338 1838 1527 1891 Ἰακὼϐ
1583 1840 1783 1907 ὁμοίως

222 1926 486 1979 θεοσεϐεῖν
508 1927 967 1997 φιλοτιμουμένων
988 1946 999 1957 ’
1032 1930 1154 1981 ἐπεὶ
1196 1931 1454 1991 κάκεῖνοι,
1485 1929 1781 1999 προλαϐόν-

221 2034 306 2077 τες
336 2020 447 2079 τοῖς
488 2019 695 2087 χρόνοις
737 2020 861 2080 τοὺς
893 2020 1166 2080 Μωῡσέως
1192 2019 1405 2088 νόμους,
1441 2020 1518 2089 τῷ
1552 2022 1691 2073 κατά
1722 2020 1782 2074 τὸ

221 2104 547 2171 Εὐαγγέλιω
582 2104 679 2173 βίῳ
700 2122 758 2157 τε
781 2106 872 2158 καὶ
902 2106 1086 2176 τρόπῳ
1112 2106 1426 2175 διέλαμψαν,
1461 2110 1559 2173 τῆς
1590 2108 1687 2177 μὲν
1718 2112 1781 2161 ὲκ

222 2193 736 2263 πατέρωνμήκούσης
764 2198 842 2256 είς
871 2196 1064 2259 αὐτοὺς
1106 2197 1363 2248 πολυθέου
1398 2196 1606 2266 πλάνης
1653 2215 1782 2250 κατ-

221 2284 536 2349 εγνωκότες,
571 2281 663 2336 τοῦ
692 2284 736 2335 δ’
762 2287 855 2338 ἐπὶ
883 2288 1096 2340 πάντων
1120 2288 1254 2341 Θεοῦ
1279 2289 1376 2358 τὴν
1403 2290 1603 2357 γνῶσιν
1636 2292 1781 2343 ἀνει-

220 2370 463 2440 ληφότες.
508 2374 597 2425 Διὸ
628 2374 692 2444 δὴ
722 2375 827 2427 τῶν
858 2376 1023 2429 ἐθνῶν
1065 2380 1112 2430 οί
1172 2378 1352 2430 πολλοὶ
1384 2380 1477 2431 ἀπ’
1511 2380 1780 2434 ἀνατολῶν

221 2464 309 2514 καὶ
334 2463 550 2532 δυσμῶν
578 2464 725 2533 ἥξειν
756 2466 1019 2537 εἴρηνται,
1062 2469 1156 2521 καὶ
1187 2470 1413 2537 ἰσότιμοι
1460 2472 1779 2541 γενήσεσθαι

220 2554 327 2615 τοῖς
359 2555 503 2622 ἀμφὶ
533 2554 624 2607 τὸν
670 2556 919 2627 Ἀϐραάμ
966 2558 1253 2630 μακαρίοις
1297 2560 1517 2631 ἀνδράσι
1562 2561 1649 2613 διὰ
1684 2562 1779 2632 τὴν

226 2639 338 2707 ίσην
359 2642 589 2704 ἐκείνοις
615 2643 759 2712 ζωήν
786 2659 797 2671 ·
826 2646 874 2696 οἱ
909 2644 950 2696 δ’
982 2646 1160 2697 αὐτῶν
1191 2647 1407 2699 ἐκείνων
1442 2648 1693 2715 ἀπόγονοί
1720 2665 1779 2702 τε

221 2730 310 2781 καὶ
340 2730 590 2799 διάδοχοι,
620 2734 726 2785 υἱοὶ
774 2734 874 2803 τῆς
927 2734 1201 2803 βασιλείας
1226 2737 1311 2789 διὰ
1348 2738 1473 2799 τοὺς
1503 2740 1777 2809 προπάτο-

223 2836 316 2887 ρας
344 2820 717 2891 ὠνομασμένοι
742 2841 755 2853 ·
791 2823 1014 2893 δυνάμει
1048 2825 1155 2895 γὰρ
1186 2828 1278 2878 καὶ
1307 2830 1488 2889 αὐτοῖς
1523 2832 1779 2898 μετουσία

219 2901 283 2977 ἧν
304 2909 500 2977 ὁμοίως
526 2914 635 2973 τοῖς
665 2912 1001 2983 προπάτορσι
1037 2916 1135 2984 τῆς
1181 2917 1430 2987 οὐρανίου
1464 2918 1738 2987 βασιλείας
1760 2937 1775 2952 ο

218 2994 358 3059 ὅπως
403 3000 698 3069 ἀπόϐλητοι
744 3003 849 3054 τῶν
892 3004 1229 3071 ἐπαγγελιῶν
1283 3007 1554 3074 γεγόνασι,
1583 3009 1779 3079 δεῖγμα

220 3086 436 3157 δναργὲς
460 3090 561 3158 τῆς
590 3092 848 3163 πόλεωςή
876 3094 1204 3164 ἐρημία,τοῦ
1234 3097 1375 3167 ίεροῦ
1407 3098 1439 3166 ἡ
1474 3097 1774 3168 πολιορκία,

221 3174 307 3224 καὶ
338 3175 566 3246 αὐτῶνὴ
607 3181 685 3240 είς
728 3179 903 3231 πάντα
924 3181 991 3232 τὰ
1023 3180 1147 3250 ἔθνη
1172 3182 1457 3254 διασπορὰ,
1489 3186 1583 3239 καὶ
1614 3189 1645 3257 ή
1674 3188 1776 3239 ὑπὸ

221 3265 321 3324 τοῖς
349 3264 559 3334 ἐχθροῖς
588 3266 816 3327 δουλεία,
852 3271 942 3321 καὶ
964 3272 1054 3322 ἐπὶ
1077 3271 1281 3334 τούτοις
1318 3275 1349 3343 ἡ
1384 3275 1636 3345 στέρησις
1680 3279 1777 3347 τῆς

220 3353 350 3404 γα.τὰ
378 3356 444 3406 τὰ
475 3354 679 3425 νόμιμα
707 3356 882 3410 αὐτῶν
916 3358 1226 3429 θρησκείας,
1260 3362 1351 3413 τοῦ
1394 3379 1451 3413 τε
1480 3363 1713 3435 Χριστοῦ
1748 3368 1780 3436 ἡ

222 3442 469 3509 ἀγνωσία,
502 3447 596 3499 κα)⁵
624 3446 729 3499 τῶν
760 3448 1128 3515 εύαγγελικῶν
1163 3451 1495 3521 μαθημάτων
1537 3456 1570 3524 ὴ
1608 3456 1781 3509 ἀπαλ-

1898 558 2290 613 incrementum
2318 578 2332 626 ;
2364 561 2608 627 quintum
2645 577 2743 631 per
2764 558 3009 618 sanctum
3055 565 3317 636 Spiritum
3350 569 3460 623 fer-

1896 649 2192 711 mentatio;
2228 660 2440 703 sextum
2472 651 2774 706 divinorum
2811 652 3196 723 promissorum
3242 661 3461 715 thesau-

1896 754 2025 799 rus;
2093 741 2380 808 septimum
2439 742 2550 810 ipsa
2600 744 2691 797 Dei
2753 741 2915 799 Verbi
2978 750 3298 815 acquisitio.
3351 767 3461 820 quo

1895 830 2261 899 unusquisque
2294 844 2611 899 exornatur,
2636 835 2729 904 qui
2766 853 2936 908 regno
2966 840 3229 895 C(BIOI‘UID
3264 843 3462 912 dignus

1892 929 1995 973 est.

1962 1008 2087 1063 llaec
2138 1020 2262 1064 ante
2310 1024 2472 1077 opera
2519 1011 2841 1080 loquebatur
2873 1012 3148 1078 Servator,
3205 1018 3459 1072 nimirum

1890 1114 1979 1153 res
2029 1100 2237 1154 futuras
2272 1105 2560 1165 nontiaus,
2612 1119 2731 1168 qua:
2793 1121 2981 1174 reapse
3032 1110 3237 1161 exitum
3300 1110 3461 1176 paulo

1891 1202 2003 1265 post
2038 1202 2205 1245 nacta:
2226 1194 2464 1255 sunt,ita
2494 1204 2551 1247 ut
2585 1196 2723 1248 hami
2755 1196 2912 1264 longa
2952 1214 3099 1250 mora
3138 1201 3457 1268 interposita

1890 1292 2133 1351 spectare
2168 1284 2336 1337 oculis
2367 1300 2449 1338 res
2466 1296 2647 1353 gestas
2680 1287 2914 1343 licuerit.
2953 1288 3055 1343 Per
3086 1299 3255 1343 totum
3291 1292 3457 1361 igitur

1889 1390 1949 1427 ex
1977 1389 2041 1427 eo
2070 1383 2308 1442 tempore
2357 1377 2648 1435 mundum.
2689 1380 2835 1446 regni
2882 1378 2973 1431 Dei
3024 1379 3267 1448 symbola
3317 1381 3459 1447 apud

1888 1480 2076 1519 omnes
2116 1466 2339 1533 populos
2390 1467 2441 1519 in
2495 1467 2693 1520 Christi
2754 1468 3015 1522 Ecclesiis
3074 1472 3459 1535 cernebantur,

1887 1556 2131 1625 plurimis
2155 1558 2262 1623 jam
2294 1558 2599 1613 hominibus
2625 1561 2690 1611 ad
2725 1561 2979 1614 salutaris
3022 1561 3295 1631 Evangelii
3334 1578 3461 1617 nor-

1887 1664 2026 1700 mam
2075 1651 2378 1703 viventibus
2407 1690 2422 1713 ,
2487 1660 2541 1705 et
2590 1654 2880 1721 prophetas
2929 1664 3139 1708 veteres
3206 1641 3457 1724 ipsosque

1886 1738 2277 1802 Abrahamum,
2314 1741 2547 1794 lsaacum
2586 1752 2743 1809 atque
2764 1742 3021 1797 Jacobum
3066 1746 3310 1813 religiosa
3345 1747 3453 1814 pie-

1815 1806 1856 1859 Β
1887 1838 1993 1881 tate
2020 1831 2394 1885 minulantibus
2423 1850 2435 1884 :
2470 1835 2737 1901 siquidem
2766 1846 2819 1887 et
2846 1836 2921 1899 hi,
2947 1844 3191 1904 tempore
3218 1851 3455 1905 prmver-

1885 1929 2055 1973 tentes
2110 1919 2272 1973 Mosis
2322 1922 2501 1989 leges,
2570 1927 2675 1976 vita
2741 1926 3052 1990 evangelica
3098 1942 3163 1979 ac
3217 1929 3458 1982 moribus

1883 2011 2248 2065 inclaruerunt
2278 2030 2291 2077 ;
2333 2014 2456 2083 quia
2488 2016 2746 2069 traditum
2779 2018 2880 2069 sibi
2917 2033 2943 2069 a
2974 2018 3273 2086 majoribus
3302 2019 3455 2089 poly-

1884 2103 2095 2155 theismt
2133 2118 2373 2157 errorem
2403 2106 2741 2167 damnantes,
2776 2108 3097 2160 universalis
3144 2106 3238 2160 Dei
3267 2108 3457 2176 cogni-

1883 2194 2080 2246 tionem
2143 2197 2488 2262 adoptarunt.
2547 2199 2888 2265 Quapropter
2934 2200 3086 2252 multi
3122 2201 3339 2255 [ethnici
3389 2216 3456 2255 ex

1881 2286 2089 2341 oriente
2151 2298 2313 2354 atque
2374 2303 2567 2343 occasit
2616 2290 2828 2342 venturi
2893 2291 3169 2355 dicuntur,
3231 2294 3457 2361 parique

1883 2375 2090 2431 honore
2125 2377 2287 2431 futuri
2318 2364 2480 2445 atque
2505 2381 2864 2447 Abrahamus,
2893 2383 2976 2435 vir
3002 2383 3214 2449 beatus,
3240 2398 3457 2454 propter

1880 2466 2055 2521 simile
2092 2468 2213 2519 vitae
2239 2483 2428 2537 genus.
2476 2468 2677 2524 llorum
2710 2487 2836 2524 vero
2884 2474 3086 2540 posteri
3131 2490 3193 2529 ac
3234 2492 3452 2532 succes-

1880 2569 2050 2619 sores,
2104 2555 2196 2608 lilii
2246 2558 2395 2625 regni
2452 2559 2519 2612 ob
2573 2574 2703 2613 suos
2753 2564 3130 2631 progenitores
3186 2565 3452 2619 nominati

1880 2656 2023 2698 sunt.
2066 2644 2309 2714 Namque
2338 2649 2522 2701 intima
2558 2650 2605 2701 vi
2643 2650 2776 2718 ipsis
2800 2667 3015 2721 quoque
3056 2654 3224 2709 inerat
3254 2696 3268 2719 ,
3301 2672 3456 2725 aque

1880 2753 1943 2789 ac
1974 2738 2428 2806 progenitoribus,
2454 2742 2695 2797 cmlestis
2738 2748 2889 2815 regni
2934 2750 3299 2816 participatio.
3350 2749 3456 2805 Sed

1879 2829 2022 2882 enim
2053 2833 2193 2898 quod
2223 2848 2251 2882 a
2288 2848 2342 2885 re
2384 2837 2649 2900 promissa
2682 2838 3004 2903 exciderint,
3049 2841 3273 2894 evidens
3312 2841 3455 2908 judi-

1878 2919 2017 2971 cium
2044 2928 2125 2972 est
2152 2921 2297 2979 urbis
2326 2923 2568 2989 vastitas,
2611 2927 2789 2995 templi
2826 2930 3099 2991 ohsessio,
3128 2941 3182 2983 et
3219 2932 3454 2999 ipsorum

1880 3025 1975 3078 per
2005 3025 2193 3063 omnes
2227 3022 2411 3078 gentes
2442 3015 2703 3083 dispersio
2726 3058 2740 3082 ,
2793 3020 3025 3073 servitus
3065 3022 3203 3089 apud
3240 3022 3443 3084 hostes.

1881 3100 2207 3169 insuperque
2242 3101 2466 3170 legitimi
2500 3104 2713 3160 illorum
2745 3108 2921 3162 cultus
2947 3101 3177 3163 cessaiio
3201 3151 3215 3171 ,
3250 3112 3451 3168 ChriSti

1883 3191 2165 3261 ignoratio,
2199 3203 2250 3247 et
2275 3196 2342 3249 ab
2376 3198 2685 3267 evangelica
2716 3201 2960 3255 doctrina
2997 3203 3274 3256 alienatio.
3331 3205 3454 3260 Ilznc

1886 3282 2084 3346 omnia,
2151 3284 2391 3351 inquam,
2446 3288 2596 3355 signa
2650 3294 2935 3359 perspicua
2986 3304 3112 3347 sunt
3161 3310 3346 3348 earum
3402 3299 3453 3351 in

1886 3370 2077 3436 quibus
2102 3384 2389 3427 versantur
2420 3378 2785 3443 tenebrarum,
2814 3393 3099 3450 propterea
3128 3385 3273 3453 quod
3308 3385 3453 3440 salu-

1887 3460 1987 3513 tari
2016 3459 2204 3514 lumini
2243 3466 2507 3520 adversati
2536 3479 2680 3523 sunt.

221 3531 517 3603 λοτρίωσις·
551 3538 718 3591 ταῦτα
751 3539 859 3610 γὰρ
889 3541 1099 3593 ἅπαντα
1148 3546 1346 3612 σημεῖα
1378 3546 1593 3617 ἐμφανῆ
1638 3546 1721 3618 εἴη
1780 3546 1847 3601 ἂν
1888 3550 1981 3602 τοῦ
2026 3552 2365 3619 διαλαϐόντος
2410 3559 2607 3624 αὐτοὺς
2661 3560 2904 3629 σκότους,
2937 3582 2981 3633 ῳ
3012 3567 3455 3639 περιπεπτιῖηιασι

219 3623 300 3677 διὰ
324 3627 418 3697 τὴν
439 3628 535 3681 τοῦ
564 3632 828 3701 σωτηρίου
858 3634 1033 3701 φωτὸς
1055 3636 1391 3689 ἐναντίωσιν.

283 3745 357 3796 Δι’
385 3738 443 3797 οὗ
470 3746 616 3799 δοκεῖ
650 3763 737 3816 μοι
758 3748 866 3817 (65)
883 3749 942 3801 τὸ
964 3748 1248 3820 γνώρισμα
1267 3753 1366 3821 τῆς
1388 3753 1661 3823 βασιλείας
1676 3757 1775 3809 αύ-

218 3834 310 3903 τῆς
362 3836 712 3905 ὑποφαίνειν,
766 3839 847 3893 ὅτι
902 3840 964 3911 δὴ
1010 3840 1270 3907 βασιλέως
1326 3847 1775 3920 ὲντετυπωμένην

220 3924 390 3976 είκόνα
426 3925 520 3977 τοῦ
554 3926 805 3997 δηναρίου
844 3928 904 3980 τὸ
946 3930 1205 4001 χάραγμα
1249 3935 1519 4003 σημαίνει.
1562 3937 1773 4009 Ἐπειδὴ

218 4016 384 4068 τοίνυν
423 4019 630 4081 πάντας
671 4021 795 4082 τοὺς
829 4022 920 4073 ἐπὶ
971 4022 1059 4075 τὸν
1096 4026 1395 4093 ἀμπελῶνα
1432 4030 1525 4081 καὶ
1569 4030 1629 4081 τὸ
1673 4030 1771 4100 τῆς

219 4106 517 4171 θεοσεϐείας
549 4110 845 4180 πολίτευμα
884 4113 1268 4183 παρελθόντας,
1301 4119 1427 4186 μιᾶς
1455 4137 1513 4170 τε
1548 4121 1641 4172 καὶ
1673 4121 1769 4191 τῆς

218 4191 376 4260 αὐτῆς
436 4195 697 4264 ἐργασίας
745 4198 1084 4268 ἁψαμένους,
1122 4203 1220 4272 τῆς
1272 4205 1443 4274 αὐτῆς
1499 4206 1773 4275 βασιλείας

221 4284 495 4349 μετασχεῖν
515 4277 582 4351 ἦν
606 4281 828 4347 δίκαιον,
856 4287 1041 4341 τούτου
1072 4289 1227 4361 χάριν
1259 4294 1482 4357 εἰκότως
1510 4300 1621 4358 τοῖς
1642 4299 1773 4353 πᾶσι

218 4366 306 4437 τῆς
338 4369 609 4437 βασιλείας
642 4373 705 4426 τὸ
737 4375 999 4446 σύμϐολον
1030 4380 1089 4431 τὸ
1123 4380 1376 4452 δηνάριον
1411 4385 1732 4441 ἀποδίδωσιν
1756 4432 1771 4458 ,

217 4449 285 4509 ὧν
308 4461 353 4511 οἱ
388 4462 571 4530 μὲνιᾶν
596 4465 812 4534 ,νεότητι
843 4449 1242 4538 ἐκλήθησαν,οί
1262 4449 1317 4526 δὲ
1343 4477 1466 4546 περὶ
1494 4480 1584 4530 τὸν
1613 4449 1775 4549 μέσον

217 4546 305 4614 τῆς
332 4550 617 4623 ἀνθρώπου
653 4553 795 4623 ζωῆς
825 4557 1034 4625 χρόνον,
1080 4562 1130 4610 οἱ
1164 4560 1221 4611 δὲ
1257 4562 1347 4613 τὸν
1379 4564 1546 4635 ἄνδρα
1570 4546 1769 4621 τέλειον
1804 4559 1843 4612 ο

350 4646 437 4692 καὶ
478 4643 891 4715 ὑπερϐεϐηκότα
924 4649 1269 4719 ἀνειληφότες
1290 4692 1303 4713 ,
1336 4656 1383 4705 oi
1416 4655 1473 4706 δὲ
1510 4657 1650 4710 κατὰ
1679 4660 1770 4713 τὸν

219 4728 518 4798 πρεσϐύτην
555 4733 717 4784 αὐτὸν
751 4736 1007 4805 γηραλέοι
1050 4738 1232 4792 λοιπὸν
1282 4742 1375 4793 καὶ
1405 4745 1532 4814 περὶ
1563 4745 1770 4817 δυσμὰς

219 4814 418 4883 ἔχοντες
446 4820 542 4872 τοῦ
565 4822 700 4890 βίου.
735 4825 889 4879 Εἴποι
914 4827 957 4879 δ’
987 4828 1051 4880 ἄν
1078 4847 1163 4893 τις
1195 4833 1289 4884 καὶ
1322 4833 1523 4904 ἑτέρως
1544 4814 1770 4907 ἐξηγού-

220 4923 367 4973 μενος
394 4912 752 4981 ἐψαρμόττειν
781 4917 848 4970 τὰ
874 4918 960 4971 διὰ
990 4921 1086 4989 τῆς
1119 4924 1428 4994 παραϐολῆς
1469 4926 1772 4998 δηλούμενα

215 5000 318 5059 τοῖς
355 5001 618 5055 ἀνέκαθεν
657 5006 721 5057 ἐκ
759 5007 980 5078 πρώτης
1032 5010 1124 5063 τοῦ
1167 5012 1281 5077 βίου
1326 5016 1568 5079 στάσεως
1609 5019 1769 5092 μέχρι

220 5090 514 5156 συντελείας
531 5096 968 5167 καταξιουμένοις
982 5103 1078 5171 τῆς
1097 5105 1280 5158 ἐνθέου
1304 5107 1562 5179 κλήσεως·
1583 5111 1769 5184 ὥσπερ

217 5171 323 5245 ἅμα
350 5184 489 5251 πρωῒ
514 5185 807 5255 κεκλῆσθαι
835 5190 1009 5253 λέγειν
1040 5194 1131 5246 ἐπὶ
1152 5196 1247 5266 τὴν
1272 5197 1576 5264 θεοσεϐείας
1607 5205 1769 5274 ἐργα-

220 5266 328 5319 σίαν
352 5275 473 5337 τοὺς
507 5276 646 5329 κατά
667 5278 764 5347 τὴν
790 5281 960 5351 ἀρχὴν
990 5284 1082 5336 τοῦ
1113 5286 1226 5354 βίου
1268 5289 1513 5361 πρώτους
1546 5294 1766 5348 δικαιω-

221 5352 422 5422 θέντας·
455 5365 739 5439 δευτέρους
764 5370 819 5422 δὲ
840 5374 964 5436 τοὺς
994 5352 1137 5445 ἀμφί
1164 5379 1255 5431 τὸν
1291 5352 1458 5452 Ἑνὼχ
1492 5352 1585 5437 καὶ
1618 5387 1761 5440 Νῶε·

423 5569 1075 5655 §ymholaintelliguntur
1108 5587 1405 5651 prmsertim
1444 5604 1669 5655 cruces,
1706 5602 1767 5647 ut

218 5640 575 5720 passiindoqui
623 5646 763 5703 solet
806 5640 1140 5719 Nicephoru's
1188 5656 1239 5709 iu
1278 5640 1754 5727 Opere—Vltr'dnsg.‘

220 5711 534 5776 tmagmtbur.

1942 3757 2047 3812 Per
2082 3759 2185 3814 hoc
2221 3759 2436 3814 videtur
2466 3762 2599 3815 mihi
2648 3767 2798 3836 regni
2832 3766 2998 3837 ipsius
3034 3773 3307 3825 notionem
3336 3783 3450 3828 tra-

1870 3850 2019 3913 dere,
2049 3852 2172 3919 quia
2208 3854 2355 3931 regis
2380 3854 2697 3922 impressam
2718 3857 3029 3929 imaginem,
3055 3864 3261 3917 denarii
3290 3881 3452 3921 cusus

1872 3948 2028 4009 typus
2062 3943 2303 3997 exhibet.
2337 3944 2472 4010 Quia
2517 3946 2679 4015 igitur
2724 3960 2955 4005 cunctos
2987 3952 3037 4004 in
3078 3953 3287 4008 vineam
3322 3972 3449 4025 pro-

1870 4031 2037 4085 fectos
2083 4044 2137 4087 et
2188 4035 2489 4105 religiosam
2520 4040 2772 4106 pietatem
2805 4043 3079 4111 amplexos
3104 4086 3118 4107 ,
3157 4062 3369 4117 unaque
3397 4061 3453 4105 et

1873 4123 2062 4176 eadem
2128 4139 2293 4192 Opera
2351 4129 2662 4195 perfunctos
2700 4170 2715 4195 ,
2798 4134 2985 4187 eodem
3048 4152 3216 4206 regno
3285 4141 3446 4207 potiri

1871 4226 2082 4281 aquom
2110 4228 2250 4280 erat,
2274 4218 2391 4272 ideo
2418 4223 2628 4275 cunctis
2652 4226 2800 4293 regni
2836 4228 3162 4295 symbolum,
3194 4232 3451 4289 denarius

1874 4304 2140 4370 videlicet,
2166 4307 2289 4375 jure
2324 4310 2519 4379 datur;
2551 4329 2780 4381 quorum
2823 4318 2911 4369 alii
2965 4320 3185 4387 quidem
3221 4322 3288 4378 ab
3317 4326 3446 4379 adoo

1875 4394 2132 4451 lesceutia
2165 4399 2383 4453 fuerunt
2412 4405 2605 4469 vocati,
2642 4406 2733 4459 alii
2761 4408 2907 4463 circa
2941 4412 3174 4465 medium
3204 4414 3451 4472 humanae

1878 4488 1999 4541 vita:
2031 4498 2264 4557 tempus,
2308 4492 2397 4544 alii
2432 4492 2485 4546 in
2534 4506 2751 4549 aetatem
2797 4498 2909 4565 jam
2961 4502 3169 4557 virilem
3226 4516 3282 4561 et
3330 4524 3451 4576 per-

1875 4574 2068 4628 fectam
2103 4581 2361 4644 provecti,
2393 4581 2481 4634 alii
2516 4582 2750 4653 denique
2784 4586 2894 4656 jam
2935 4605 3095 4647 senes
3145 4604 3199 4648 et
3244 4597 3295 4648 in
3330 4574 3451 4652 vita:

1873 4681 2122 4719 occasum
2158 4668 2394 4722 decidui.
2437 4670 2689 4727 Fortasse
2723 4676 2919 4745 aliquis
2965 4681 3125 4735 aliter
3150 4684 3448 4753 explanatis

1875 4758 2037 4820 dicet,
2094 4774 2396 4828 congruere
2423 4765 2693 4832 parabolas
2745 4769 3108 4837 signiﬁcatum
3146 4777 3341 4843 priscis
3380 4779 3449 4832 ab

1874 4851 2190 4906 exordientc
2229 4858 2427 4910 mundo
2469 4875 2637 4927 usque
2664 4863 2729 4914 ad
2757 4864 2875 4932 ejus
2922 4871 3445 4925 consummationem

1875 4942 2055 4995 divina
2092 4946 2371 5001 vocatione
2408 4950 2640 5018 diguatis
2672 4954 3019 5020 hominibus;
3069 4959 3139 5012 ita
3191 4973 3249 5014 ttt
3287 4980 3446 5019 mane

1880 5033 2052 5084 vocati
2115 5034 2370 5090 dicantur
2427 5042 2493 5093 ad
2559 5043 2837 5109 religionis
2888 5061 3024 5115 opus
3061 5048 3135 5101 illi
3166 5053 3255 5118 qui
3293 5054 3447 5109 initio

1875 5124 2055 5175 mundi
2094 5124 2236 5192 juste
2293 5129 2589 5185 vixerunt:
2629 5136 2863 5188 secundo
2934 5136 3054 5191 loco
3121 5138 3307 5194 Enoch
3384 5157 3449 5197 ac

1871 5209 2024 5265 Noe:
2059 5219 2213 5269 tertia
2273 5217 2403 5272 hora
2452 5222 2839 5279 Abrahainus:
2877 5241 3027 5283 sexta
3090 5232 3217 5285 hora
3271 5233 3446 5287 Moses

1868 5311 1920 5356 et
1974 5302 2139 5361 Josue
2187 5326 2252 5362 ae
2302 5311 2513 5377 judices
2551 5329 2565 5367 :
2609 5332 2747 5371 noua
2805 5319 2933 5372 liora
2994 5324 3238 5378 homines
3286 5337 3444 5381 aetate

1865 5397 2246 5464 prophetarum
2282 5420 2295 5454 :
2340 5405 2572 5472 denique
2625 5411 2906 5465 undecima
2938 5414 3069 5466 hora
3099 5414 3175 5467 illi
3198 5418 3289 5484 qui
3318 5430 3442 5485 post

1939 5600 2049 5693 (ϐξ)
2085 5603 2328 5693 §cquens
2368 5606 2732 5693 fragmentum
2757 5619 3023 5693 usquead
3058 5619 3355 5693 ἀνεφέρετο
3383 5624 3434 5677 in

1864 5674 2048 5728 couice
2074 5676 2117 5727 Δ
2147 5677 2340 5731 dicitur
2366 5678 2578 5735 Eusebii
2608 5685 2768 5739 simul
2794 5674 3148 5760 et'Origeuis.
