4128 6294
1446 215 1485 267 δ
2325 235 2353 269 ε

276 363 383 427 ns
1431 347 1824 411 COIIENTAI

1926 392 1931 401 .
1969 345 2035 402 IN
2057 344 2312 403 LUCMI.

276 503 434 569 ἔαξεν
457 502 627 557 εἰπών
644 520 661 534 ο
698 500 845 570 Ἐγώ
872 501 989 569 ειμι
1010 500 1044 554 d
1071 496 1249 567 ἄρτος
1262 496 1375 565 τῆς
1405 495 1583 564 ζωῆς·
1617 495 1711 549 τοῦ
1734 494 1824 564 γάι

1947 489 2149 554 dicens,
2183 487 2291 557 Ego
2325 500 2440 541 sum
2477 483 2629 550 panis
2646 481 2773 535 :viue
2805 480 2867 532 “.
2912 476 3043 531 Nam
3077 489 3173 570 per
3205 470 3509 570 Del-Verbi

277 600 343 655 δν
361 566 517 669 ⁷ἀρχῇ
560 596 697 667 πρὸς
732 566 861 647 Θεὸν
904 566 1039 645 Θεοῦ
1081 566 1253 661 Ᾰύγου
1301 589 1598 660 μεταλήψει
1631 589 1824 641 πᾶσαί

1944 582 1999 637 in
2031 578 2297 648 principio
2325 576 2464 648 apud
2494 576 2659 629 Deum
2688 571 2998 626 exsistentis
3025 566 3507 670 participationem

277 688 389 741 τῶν
604 656 792 754 λογική
819 681 977 751 φύσις
1009 656 1367 747 ζωοποιεῖται.
1396 680 1464 733 ’Δ
1586 678 1733 733 δοκεῖ
1753 695 1819 747 μο

1942 671 2191 727 universa
2243 678 2555 722 sanctorum
2603 662 2879 718 rationalis
2928 672 3120 715 natura
3167 656 3501 712 viviﬁcatur.

3402 325 3510 386 δτι

278 780 361 836 ix,
391 777 666 850 προτέρων
715 773 1052 844 μαθημάτων
1104 769 1529 841 πεπαιδευμένος
1556 772 1584 824 δ
1614 786 1842 823 συνανα-

279 869 529 937 κείμενος
569 864 648 935 τῷ
690 863 864 935 Ἰησοῦ
887 864 1162 935 είρηκέναι
1181 879 1195 892 ·
1224 860 1524 930 Μακάριος
1545 859 1713 925 ὅστις
1738 856 1843 927 φά-

274 976 451 1029 τηται
485 958 755 1027 ἆρτονὲν
790 955 1169 1027 τῇβασιυιείᾳ
1198 955 1305 1009 τοῦ
1343 950 1525 1009 Θεοῦ]
1567 949 1701 1007 Οὐδὲ
1731 950 1842 1022 γάρ

271 1050 385 1104 τῶν
409 1050 676 1120 τυχόντων
698 1066 783 1113 τις
806 1044 874 1120 ἦν
901 1051 931 1103 ὁ
954 1046 1156 1117 ταύτην
1192 1046 1350 1113 ἀφεὶς
1370 1043 1470 1116 τήν
1499 1043 1699 1113 φωνὴν,
1725 1040 1840 1095 ἀλλ’

270 1141 355 1201 ὡς
376 1134 526 1208 οἶμαι
560 1138 666 1191 τῶν
699 1138 904 1208 σφόδρα
928 1135 1177 1209 μεγάλων
1216 1136 1310 1188 καὶ
1344 1135 1494 1206 παρά
1521 1132 1600 1204 τῷ
1628 1132 1839 1203 Σωτῆρι

270 1230 439 1298 τιμῆς
463 1228 793 1300 ἠξιωμένων.
825 1227 918 1281 Διδ
943 1228 1040 1282 καὶ
1084 1226 1521 1280 συνανακλίνεται
1545 1222 1713 1293 αὐτῷ,
1743 1224 1839 1276 καὶ

267 1323 387 1382 τοῖς
423 1319 587 1373 αὑτοῦ
606 1319 783 1387 λόγοις
811 1316 1044 1381 συνετῶς
1073 1318 1378 1389 προσεῖχεν,
1400 1315 1475 1378 ὡς
1507 1315 1598 1368 καὶ
1621 1313 1719 1384 τήν
1743 1312 1839 1382 βα-

269 1409 478 1463 σιλείαν
501 1410 608 1463 τῶν
619 1406 860 1479 οὐρανῶν
882 1408 957 1479 μή
986 1406 1215 1476 ἀγνοεῖν,
1242 1404 1524 1478 γνωρίζειν
1545 1405 1601 1457 δὲ
1632 1404 1726 1457 καὶ
1746 1404 1837 1456 τὸν

266 1499 435 1569 ἄρτον
481 1500 581 1569 τῆς
624 1498 769 1568 ζωῆς
806 1496 897 1553 τὸν
934 1496 1224 1570 θρεπτικὸν
1264 1496 1374 1556 τῶν
1419 1495 1521 1565 τῆς
1564 1491 1837 1566 βασιλείας

265 1589 471 1656 ἀξίωνο
499 1592 765 1661 τοσαύτην
796 1606 857 1644 τε
902 1589 1055 1658 ἄγειν
1100 1586 1441 1659 παρρησίαν,
1493 1588 1569 1650 ὡς
1613 1585 1706 1639 επὶ
1742 1583 1835 1638 τοῦ

265 1674 519 1750 Σωτῆρος
542 1676 811 1733 ἀνακινεῖν
829 1675 1092 1749 δόγματα,
1118 1677 1212 1731 καὶ
1244 1676 1311 1729 δι’
1345 1676 1503 1729 αὐτὸν
1529 1675 1628 1743 τήν
1658 1676 1835 1727 πᾶσαν

265 1769 564 1857 εἰρηκέναιΔ
595 1769 903 1841 παραϐολὴν
959 1769 1186 1857 Σωτῆρα
1228 1766 1545 1821 διδάσκοντα
1569 1804 1583 1825 ,
1634 1766 1719 1857 τίς
1766 1764 1833 1818 ἄν
1862 1803 1904 1857 Β

263 1861 477 1928 γένοιτο
506 1854 661 1923 οὗτος
690 1860 718 1913 ό
752 1858 965 1930 άληθῶς
1003 1856 1285 1930 μακάριος,
1315 1856 1374 1921 ὃς
1403 1857 1642 1927 φάγηται
1670 1856 1831 1927 ἄρτον

262 1952 327 2005 ἐν
357 1955 423 2022 τῇ
459 1951 703 2022 βασιλείᾳ
729 1950 824 2003 τοῦ
850 1949 1004 2004 Θεοῦ.

338 2042 574 2105 Πολλοὺς
606 2043 700 2113 μὲν
719 2038 812 2095 οὖν
844 2039 1141 2111 κεκλῆσθαι
1167 2040 1313 2107 λέγει
1341 2040 1427 2093 διὰ
1459 2040 1556 2108 τῆς
1591 2037 1831 2109 παραϐο-

260 2133 362 2204 λῆς
413 2133 505 2186 ἐπὶ
529 2134 592 2186 τὸ
620 2133 764 2201 μέγα
788 2133 1021 2195 δεῖπνον,
1059 2133 1153 2185 καὶ
1190 2132 1279 2184 τὸν
1309 2133 1367 2184 έν
1394 2130 1567 2200 τούτῳ
1598 2129 1830 2199 δεδωρη-

264 2227 429 2297 μένον
451 2226 633 2296 ἄρτον,
666 2224 739 2296 μὴ
775 2226 880 2295 μὴν
912 2226 1037 2287 τοὺς
1064 2224 1271 2287 πάντας
1306 2225 1404 2293 τῆς
1441 2222 1661 2293 χάριτος
1709 2223 1829 2273 ἐπι-

257 2316 548 2386 τυγχάνειν
570 2333 584 2345 ·
616 2314 1031 2385 ἀποστερεῖσθαι
1069 2312 1177 2383 γάρ
1216 2311 1386 2381 αὐτῆς
1418 2311 1523 2364 τῶν
1556 2310 1826 2380 κεκλημέ-

257 2423 368 2460 νων
399 2406 524 2469 τοὺς
556 2407 682 2477 περὶ
715 2406 899 2476 ἕτερον
944 2404 1348 2474 ήσχολημένους
1368 2420 1381 2432 ·
1418 2403 1689 2474 περισπᾷν
1720 2401 1827 2471 γὰρ

258 2499 353 2551 καὶ
384 2496 642 2565 ἀφέλκειν
684 2491 783 2565 τῆς
828 2494 1069 2565 κλήσεως
1110 2496 1206 2557 τὰς
1233 2491 1327 2547 τοῦ
1374 2493 1488 2563 βίου
1543 2490 1826 2563 φροντίδας

254 2588 533 2642 διδάσκει·
583 2590 782 2650 ταύτας
832 2586 875 2641 δ’
930 2582 1067 2639 εἶναι
1110 2584 1493 2656 διαφόρους·ἢ
1543 2583 1651 2655 γὰρ
1699 2584 1827 2655 περὶ

256 2680 515 2751 χρήματα
556 2678 651 2731 καὶ
680 2678 882 2748 ἀγροὺς
925 2674 1311 2746 ἀσχολούμενοι
1358 2673 1530 2727 ταῦτα
1561 2676 1659 2744 τῆς
1690 2672 1824 2743 κλή-

257 2785 398 2832 σεως
423 2769 905 2838 προτετιμήκασιν,
934 2763 1009 2829 ὡς
1047 2765 1486 2838 παραιτήσασθαι
1526 2765 1614 2818 διὰ
1655 2764 1824 2817 ταῦτα

254 2858 354 2927 τὴν
384 2857 594 2926 κλῆσιν,
628 2857 663 2927 ἢ
698 2858 828 2927 περὶ
854 2855 953 2918 τὰς
975 2854 1069 2908 τοῦ
1103 2853 1218 2924 βίου
1252 2853 1631 2925 πραγματείας
1659 2870 1825 2906 κατα-

254 2948 583 3019 τριϐόμενοι,
611 2949 643 3017 ἢ
680 2945 861 3016 δεσμῷ
883 2945 1061 3016 γάμου
1096 2944 1190 2998 καὶ⁸
1210 2944 1416 2998 παίδων
1444 2942 1824 3014 ἐμπεπλεγμέ-

254 3054 357 3095 νοι.
393 3036 587 3107 ήτισιν
617 3033 795 3098 ἄλλοις
816 3032 1078 3096 τοιούτοις
1104 3031 1503 3103 φροντίσμασιν
1532 3030 1823 3101 ὲνησχολη-

1940 765 2119 829 Atque
2182 759 2295 812 haec
2351 771 2482 811 sane
2530 753 2755 808 nidetur
2808 752 2937 807 mihi
3002 764 3033 804 a
3069 747 3508 819 pmcedentlbus

1942 848 2205 904 doctrinis
2229 847 2452 900 edoctus
2498 843 2655 897 homo
2696 842 2805 906 ille,
2844 842 2935 910 qni
2969 855 3091 894 cum
3120 835 3246 893 Jcsu
3272 838 3507 891 discum-

1939 938 2123 1001 bebat,
2161 937 2361 989 dixisse
2393 953 2406 988 :
2437 933 2635 987 Beatus
2651 932 2741 1001 qui
2785 946 2969 997 panem
3001 928 3230 982 comedet
3265 928 3321 979 in
3349 940 3507 996 regno

1939 1028 2071 1083 Dei!
2135 1026 2316 1094 Neque
2367 1027 2511 1078 enim
2566 1022 2852 1092 gregarius
2904 1019 3083 1088 quivis
3137 1018 3277 1072 hanc
3325 1015 3509 1069 emisit

1941 1132 2153 1179 vocem,
2182 1095 2274 1170 sed
2298 1126 2354 1168 ut
2384 1114 2618 1168 arbitror
2643 1109 2956 1180 principalis
3001 1108 3196 1174 aliquis
3241 1106 3382 1159 inter
3407 1118 3506 1160 eos

1941 1206 2031 1276 qui
2073 1220 2101 1258 a
2138 1205 2426 1258 Servatore
2479 1201 2726 1255 honorati
2773 1198 3013 1251 fuerant.
3064 1195 3245 1261 Quare
3291 1202 3345 1248 et
3378 1209 3505 1249 cum

1940 1298 2029 1352 illo
2054 1295 2420 1356 recumbebat,
2445 1300 2499 1345 et
2519 1291 2636 1359 ejus
2658 1287 2996 1343 sermonibus
3014 1284 3306 1354 prudenter
3328 1283 3508 1335 admo-

1938 1386 2063 1439 dum
2099 1394 2331 1439 mentem
2387 1382 2731 1441 intendebat,
2762 1387 2821 1432 ut
2847 1377 2956 1443 jam
3003 1390 3102 1429 nec
3148 1388 3369 1444 regnum
3410 1371 3503 1426 Dei

1939 1478 2229 1546 ignoraret,
2284 1473 2393 1551 imo
2434 1482 2489 1527 et
2534 1471 2681 1525 illum
2733 1479 2917 1523 nosset
2972 1470 3093 1521 vita:
3144 1480 3360 1536 panem,
3408 1462 3505 1541 qui

1938 1583 2103 1636 regno
2133 1567 2323 1635 dignos
2349 1564 2557 1618 nutrit:
2588 1572 2845 1631 tantaque
2875 1560 3069 1613 ﬁducia
3091 1563 3232 1619 erat,
3263 1566 3322 1610 ut
3357 1553 3503 1624 apud

1937 1653 2109 1724 ipsum
2138 1652 2483 1707 Servatorem
2532 1650 2893 1719 dogmatieam
2941 1646 3294 1715 qna-stionem
3352 1657 3505 1698 com-

1938 1744 2165 1799 moverit
2197 1761 2210 1796 :
2242 1760 2411 1814 quare
2432 1752 2485 1798 et
2508 1742 2625 1813 ejus
2663 1742 2831 1810 gratia
2869 1750 3034 1792 totam
3064 1738 3321 1792 Servator
3347 1735 3506 1790 insti-

1935 1837 2038 1890 tnit
2086 1836 2421 1904 parabolam,
2480 1833 2703 1896 docens,
2753 1833 2999 1902 quisnam
3056 1840 3201 1885 esset
3249 1827 3338 1882 hic
3376 1840 3505 1881 vere

1933 1926 2142 1992 beatius,
2172 1927 2263 1996 qui
2290 1940 2482 1994 panem
2511 1926 2761 1980 comedet
2796 1925 2847 1976 in
2888 1937 3055 1991 regno
3081 1922 3197 1976 Dei.

2001 2017 2196 2072 Multos
2231 2032 2364 2085 ergo
2391 2017 2443 2069 in
2486 2016 2739 2085 parabola
2770 2016 2846 2070 ait
2879 2016 2943 2067 ad
2982 2029 3231 2083 magnam
3284 2026 3499 2068 ctenam

1929 2118 2173 2170 vocatos,
2201 2117 2361 2176 atque
2394 2108 2458 2161 ad
2494 2120 2685 2176 panem
2726 2108 2777 2159 in
2813 2106 2914 2160 hac
2948 2107 3249 2175 appositum
3280 2120 3295 2168 ;
3334 2112 3497 2159 etate-

1931 2200 2080 2265 roqui
2105 2198 2241 2251 haud
2269 2212 2459 2252 omnes
2489 2199 2660 2267 gratia
2703 2197 2936 2266 potitos;
2966 2198 3066 2249 hac
3094 2196 3238 2250 enim
3262 2194 3502 2248 caruisse

1928 2295 2148 2341 vocatos
2204 2285 2341 2347 illos,
2376 2287 2465 2354 qui
2525 2286 2647 2341 aliis
2723 2287 2952 2355 negotiis
2999 2284 3219 2340 distenti
3259 2284 3498 2347 fuerunt,

1930 2379 2235 2433 multifariis
2256 2378 2495 2443 scilicet;
2532 2394 2654 2432 nam
2686 2379 2769 2432 vel
2821 2379 3044 2446 pecunia
3092 2377 3351 2446 agrisque
3401 2391 3499 2432 oc-

1926 2471 2124 2540 cupati,
2155 2470 2424 2525 vocati0ni
2457 2484 2587 2538 opes
2621 2469 2997 2536 pnetulerunt,
3032 2470 3143 2521 imo
3169 2468 3305 2522 adeo
3332 2482 3498 2522 voca-

1930 2562 2128 2616 tionem
2182 2576 2292 2630 pra:
2340 2561 2423 2616 his
2469 2562 2745 2629 deprecati
2787 2572 2947 2626 sunt;
3002 2560 3085 2615 vel
3117 2562 3237 2615 vitae
3268 2561 3499 2631 negotiis

1927 2652 2118 2720 pressi,
2148 2651 2229 2704 vel
2270 2653 2584 2721 nuptiarum
2641 2653 2914 2721 prolisque
2956 2652 3183 2706 vinculis
3231 2652 3495 2720 impediti,

1924 2743 2006 2797 vel
2035 2742 2154 2796 aliis
2184 2743 2416 2811 denique
2448 2744 2497 2796 id
2529 2758 2699 2813 genus
2754 2744 2901 2798 curis
2949 2744 3168 2797 irretiti.
3213 2743 3388 2810 Atque
3440 2743 3495 2798 in

1926 2831 2027 2885 hos
2056 2832 2158 2884 lata
2192 2833 2462 2886 sententia
2497 2834 2642 2887 hisce
2667 2833 2845 2887 verbis
2871 2844 2994 2887 est:
3032 2834 3159 2889 Dico
3182 2835 3359 2898 vobis,
3397 2849 3496 2890 nec

1925 2924 2119 2977 minem
2150 2923 2361 2976 illorum
2400 2925 2666 2989 virorum,
2708 2925 2823 2992 qui,
2866 2939 2988 2977 cum
3020 2925 3196 2979 vocati
3239 2924 3497 2990 fuissent,

1924 3013 2047 3066 vita:
2071 3014 2451 3079 occupationes
2481 3024 2897 3077 excusaverunt,
2924 3028 3134 3069 cautam
3185 3032 3359 3070 meam
3398 3030 3499 3086 gu-

481 3126 639 3179 Ἀλλά
671 3126 799 3196 περὶ
829 3124 926 3195 μὲν
946 3102 1159 3177 τούτων
1175 3124 1447 3192 ἀπόφασις
1476 3122 1819 3193 ἐξενήνεκται

1926 3113 2209 3158 staturum.
2247 3102 2416 3157 Porro
2448 3103 2581 3158 alios
2620 3120 2681 3159 ea
2708 3104 2965 3161 fruitnros
3000 3110 3077 3160 ait
3122 3108 3282 3161 rebus
3310 3108 3500 3176 hujus—

250 3216 517 3284 λέγουσα’
551 3216 706 3283 Λέγω
759 3217 913 3284 ὑμῖν,
952 3216 1032 3268 ὅτι
1079 3214 1250 3277 οὐδεὶς
1297 3214 1404 3266 τῶν
1442 3213 1648 3283 ἀνδρῶν
1684 3214 1821 3266 ὲκεί-

254 3324 364 3359 νων
401 3305 510 3358 τῶν
549 3306 934 3377 κεκλημένων,
975 3307 1068 3358 καὶ
1105 3305 1193 3359 διὰ
1232 3306 1328 3367 τὰς
1370 3306 1622 3375 βιωτικὰς
1664 3308 1824 3375 ἀσχο-

250 3396 375 3459 λίας
426 3398 920 3467 παραιτησαμένων
974 3396 1229 3467 γεύσεταί
1290 3414 1388 3467 μου
1441 3398 1533 3451 τοῦ
1573 3398 1818 3451 dein-vou-

252 3487 475 3557 ἑτέρους
512 3487 568 3540 δὲ
603 3488 716 3540 ἀντ’
746 3486 923 3541 αὐτῶν
966 3488 1364 3541 ἀπολαύσεσθαι
1413 3488 1508 3541 τοῦ
1552 3488 1820 3558 μακαρίου

248 3576 469 3630 δείπνου
499 3578 652 3646 φησὶ,
668 3577 793 3639 τοὺς
823 3577 897 3648 μὴ
926 3577 1183 3640 τοιούτοις
1213 3578 1324 3629 τισὶ
1347 3577 1819 3649 προσδεδεμένους,

250 3667 502 3737 πτωχούς
523 3685 675 3731 τινας
711 3669 804 3721 καὶ
831 3669 1165 3739 ἀναπήρους.
1196 3668 1438 3722 Τοιοῦτοι
1461 3670 1517 3721 δὲ
1545 3664 1684 3739 ἦσαν
1716 3671 1820 3723 πά-

248 3760 339 3813 λαι
382 3759 884 3829 είδωλολατροῧντες
923 3763 970 3812 οἱ
1003 3761 1061 3825 ἐξ
1095 3760 1262 3813 ἐθνῶν
1293 3760 1396 3813 ὑπὸ
1429 3761 1695 3831 δαιμόνων
1725 3779 1821 3814 πο-

249 3849 431 3918 νηρῶν
466 3849 561 3912 τὰς
606 3848 780 3919 ψυχάς
820 3848 1215 3920 λελωϐημένον
1263 3849 1355 3912 οὓς
1412 3850 1715 3913 ἀκολούθως
1751 3854 1817 3922 τῇ

250 3940 554 4012 ἐπαγγελίᾳ
595 3941 1024 4013 προσδεξάμενος
1073 3944 1101 3994 ὁ
1152 3943 1444 4012 ἑστιάτωρ,
1495 3944 1672 3996 πᾶσαν
1717 3944 1817 4011 τὴν

250 4035 405 4085 νόσον
434 4033 541 4085 τῶν
572 4031 756 4103 ψυχῶν
783 4033 979 4095 αὐτῶν,
1012 4033 1104 4087 καὶ
1137 4034 1404 4103 μαλακίαν
1444 4036 1624 4088 πᾶσαν
1667 4035 1818 4087 ἰασά-

254 4140 435 4192 μενος,
483 4123 671 4175 έπειτα
718 4123 818 4193 τῆς
859 4125 1063 4187 οἰκείας
1112 4126 1293 4186 αὐτοῖς
1342 4123 1638 4195 μεταδώσει
1687 4141 1817 4194 τρα-

252 4212 460 4281 πέζης·
493 4211 619 4264 ὥστ’
656 4214 828 4265 εἰπεῖν
872 4212 1099 4275 αὐτούς·
1158 4215 1518 4282 Ἠτοίμασας
1560 4212 1816 4265 ἐνώπιόν

244 4320 367 4371 μου
397 4301 683 4371 τράπεζαν
705 4304 773 4367 ἐξ
808 4305 1085 4369 ἐναντίας
1111 4304 1227 4357 τῶν
1253 4306 1577 4359 θλιϐόντων
1592 4321 1695 4372 με’
1716 4306 1814 4356 καὶ

249 4394 412 4465 ἄρτον
442 4396 621 4459 αὐτοῖς
654 4396 873 4465 παρέξει
907 4397 999 4449 καὶ
1036 4397 1255 4465 λογικὴν
1296 4396 1533 4466 τροφήνο
1565 4393 1811 4447 ἐντεῦθεν

1930 3194 2072 3247 modi
2114 3194 2333 3249 minime
2363 3197 2647 3258 obnoxios,
2681 3213 2875 3267 nempe
2927 3200 3199 3253 tenuiores
3230 3200 3492 3268 quosdam

1924 3299 1977 3341 et
2010 3288 2263 3341 membris
2310 3289 2547 3342 nmtilos.
2603 3289 2774 3342 Erant
2829 3298 3006 3344 autem
3046 3291 3095 3343 hi
3152 3290 3319 3345 dediti
3366 3291 3492 3346 olim

1926 3377 2081 3431 idolis
2125 3378 2345 3440 ethnici,
2396 3394 2624 3447 quorum
2695 3381 2906 3435 animas
2958 3380 3173 3434 scelesti
3224 3380 3498 3437 daemones

1924 3483 2081 3521 mane
2133 3468 2526 3523 mulctaverant
2573 3490 2585 3523 :
2626 3487 2759 3541 quos
2791 3474 3022 3526 convivii
3057 3483 3248 3527 auctor
3278 3490 3374 3543 pro
3398 3490 3494 3530 sua

1922 3560 2326 3614 denuntiatioite
2392 3571 2686 3629 exceptos,
2755 3565 2899 3617 omni
2963 3567 3127 3620 animi
3186 3569 3374 3623 morbo
3430 3582 3495 3621 ac

1921 3648 2179 3719 languore
2205 3652 2495 3719 expedivit.
2532 3653 2729 3707 Deinde
2755 3669 2883 3708 vero
2918 3671 3116 3711 mensze
3146 3672 3359 3728 quoque
3391 3660 3489 3713 ad-

1922 3741 2145 3806 hibebit,
2188 3742 2261 3795 ita
2316 3752 2373 3795 ut
2418 3743 2492 3797 illi
2543 3744 2747 3798 dicturi
2777 3747 2918 3800 sint:
2959 3745 3173 3802 Parasti
3203 3766 3381 3802 comm
3411 3767 3493 3805 me

1920 3847 2151 3885 mensam
2209 3837 2455 3887 adversus
2488 3851 2573 3887 eos
2603 3838 2693 3902 qui
2727 3836 2977 3890 tribulam
3009 3856 3087 3891 me
3129 3840 3192 3891 ".
3233 3839 3368 3894 Tum
3397 3856 3492 3910 pa—

1920 3936 2043 3974 nem
2096 3922 2200 3976 illis
2249 3932 2410 3992 atque
2455 3924 2765 3979 alimoniam
2824 3926 3120 3994 spiritalem
3188 3930 3489 3999 praebebit:

1918 4022 2082 4081 atque
2114 4012 2253 4066 hinc
2288 4014 2458 4067 solido
2498 4014 2609 4082 jam
2645 4016 2768 4069 cibo
2796 4018 3067 4083 impertiet
3099 4033 3211 4086 eos,
3249 4032 3304 4075 et
3330 4023 3492 4077 intel-

1917 4101 2123 4155 lectuali
2164 4103 2495 4158 exhilarabit
2545 4107 2693 4158 vino.
2737 4108 2916 4172 Quare
2974 4111 3189 4165 dicent:
3243 4113 3309 4165 Et
3345 4113 3492 4169 colis

1919 4207 2038 4250 tuus
2088 4200 2348 4250 inebrians
2387 4213 2542 4267 quam
2600 4201 2888 4264 praeclarus
2919 4212 2997 4256 est
3022 4204 3099 4255 ’⁸1
3154 4206 3331 4275 Atque
3374 4207 3489 4263 Ittec

1919 4289 2096 4340 omnia
2130 4286 2271 4343 Deus
2301 4290 2629 4356 suppeditat,
2660 4291 2783 4342 dum
2816 4294 2944 4359 ipsis
2977 4294 3279 4348 caelestium
3317 4298 3489 4351 bono-

1920 4394 2034 4431 rum
2064 4379 2255 4431 arrhas
2282 4379 2333 4431 in
2367 4380 2521 4445 hujus
2540 4383 2661 4433 vitze
2682 4384 3003 4436 muneribus
3025 4384 3304 4454 elargilur.
3339 4386 3491 4443 Licet

248 4484 351 4553 ἤδη
386 4486 607 4556 στερεᾶς
654 4484 902 4556 βρώσεως
952 4485 1261 4555 μεταδιδοὺς
1308 4488 1509 4549 αὐτοῖς,
1555 4487 1648 4538 καὶ
1683 4485 1812 4555 οἴνῳ

1926 4483 2127 4537 quoque
2180 4471 2473 4522 secundum
2530 4471 2688 4523 aliam
2734 4473 3233 4540 interpretationem
3281 4478 3485 4543 dicere,

245 4572 304 4625 δὲ
333 4572 523 4636 αὐτοὺς
556 4574 811 4644 εὐφρανεῖ
832 4573 1029 4644 λογικῷ
1052 4593 1063 4605 ·
1097 4574 1224 4627 ὥστ’
1254 4574 1320 4628 ἂν
1349 4577 1518 4627 εἰπεῖν
1548 4592 1561 4606 ο
1604 4574 1712 4627 Καὶ
1747 4576 1813 4627 τὸ

246 4662 531 4731 ποτήριόν
548 4680 661 4717 σου
671 4668 976 4733 μεθύσκον
988 4683 1063 4734 με
1091 4666 1230 4719 ὡσεὶ
1256 4664 1602 4734 κράτιστον]
1632 4664 1812 4717 Ταῦτα

246 4754 301 4807 δὲ
335 4756 510 4807 πάντα
553 4756 807 4825 παρέχει,
858 4759 984 4819 τοὺς
1023 4757 1343 4828 ἀρραϐῶνας
1394 4757 1501 4809 τῶν
1549 4758 1811 4827 οὐρανίων

246 4844 466 4911 ἀγαθῶν
489 4844 576 4897 διὰ
608 4846 712 4897 τῶν
743 4846 883 4901 κατὰ
918 4847 1007 4899 τὸν
1050 4844 1290 4918 παρόντα
1323 4846 1432 4916 βίον
1460 4851 1810 4919 χαρισμάτων

247 4936 427 4997 αὐτοῖς
467 4935 818 5005 δωρούμενος.
872 4938 1102 4992 Δυνατὸν
1139 4939 1193 4991 δὲ
1222 4940 1314 4991 καὶ
1351 4938 1468 4991 καθ’
1496 4939 1685 5009 ἑτέραν
1720 4942 1810 4991 ὲκ-

243 5025 404 5095 δοχὴν
439 5028 629 5089 εἰπεῖν,
661 5027 740 5078 ὅτι
774 5030 819 5078 οἱ
856 5027 1058 5096 πρῶτοι
1092 5030 1188 5099 τῆς
1222 5029 1463 5097 κλήσεως
1491 5030 1804 5097 ἠξιωμένοι,

243 5107 385 5164 οὗτοι
430 5112 473 5163 δ’
508 5108 644 5180 ἦσαν
685 5114 733 5164 οἱ
773 5115 835 5165 ἐκ
881 5114 981 5181 τῆς
1027 5117 1347 5185 περιτομῆς,
1403 5117 1668 5185 προφάσει
1710 5118 1806 5185 τῆς

243 5204 373 5273 περὶ
405 5205 464 5255 τὺ
506 5209 749 5275 κρεῖττον
779 5206 1031 5275 ἀσχολίας
1074 5209 1169 5277 τὴν
1201 5208 1391 5276 κλῆσιν
1434 5209 1660 5279 ὕϐρισαν
1682 5226 1693 5239 ’
1731 5211 1805 5272 ὡς

240 5293 349 5365 γὰρ
393 5294 602 5362 ἔχοντες
634 5296 837 5365 ἀγροὺς
876 5296 945 5347 τὰ
989 5300 1113 5367 παρ’
1147 5299 1326 5360 αὐτοῖς
1372 5298 1800 5367 ἁναγνὼσματα,

239 5385 331 5439 καὶ
365 5384 441 5447 ὡς
479 5386 602 5454 βόας
652 5388 925 5457 ἀροτῆρας
972 5390 1292 5459 κεκτημένοι
1336 5392 1459 5452 τοὺς
1498 5394 1799 5460 προφήτας,

1922 4561 2123 4627 primos
2174 4561 2451 4615 vocatione
2502 4564 2784 4633 dignanter
2834 4567 3058 4621 donatos
3100 4567 3264 4623 fuisse
3302 4570 3394 4637 qui
3422 4572 3488 4627 de

1920 4652 2325 4706 circumcisione
2352 4663 2547 4716 erant;
2576 4668 2760 4706 verum
2799 4656 2850 4708 hi
2887 4656 3011 4710 dum
3052 4659 3366 4715 melioribus
3395 4678 3487 4717 ne-

1917 4750 2139 4807 cupatos
2164 4756 2220 4793 se
2251 4740 2520 4806 dictitant,
2561 4746 2893 4798 vocationem
2930 4736 3256 4803 contumelia
3291 4751 3482 4807 affece-

1916 4840 2077 4886 runt:
2112 4833 2476 4901 habentesque
2508 4836 2671 4889 veluti
2694 4852 2855 4905 agros
2882 4842 3022 4908 apud
3056 4857 3112 4893 se
3147 4841 3478 4910 Scripturas,

1916 4935 2158 4978 aratores
2210 4925 2372 4980 boves
2423 4930 2731 4996 prophetas,
2774 4932 3155 4999 Sapientimqne
3210 4937 3482 5001 convictu,

1916 5016 2095 5069 uxoris
2135 5016 2325 5082 instar,
2373 5028 2603 5082 utentes,
2648 5023 3010 5091 evangelicum
3049 5025 3277 5091 gratiam
3321 5025 3476 5083 ﬂocci

1914 5106 2176 5162 fecerunt.
2215 5110 2314 5175 Qui
2350 5128 2477 5165 vero
2511 5124 2630 5179 post
2665 5114 2781 5168 illos
2812 5131 2876 5167 ex
2918 5115 3239 5185 alienigenis
3266 5120 3479 5188 populis

1913 5206 2086 5259 vocati
2124 5207 2357 5270 fuerunt,
2393 5219 2569 5261 mente
2605 5219 2758 5263 antea
2796 5210 2943 5263 surdi
2991 5213 3248 5281 cmcique,
3276 5214 3471 5267 alacri-

1914 5304 1995 5349 ter
2058 5298 2429 5354 obaudierunt.
2494 5300 2673 5365 Quare
2722 5313 2775 5356 et
2838 5303 3220 5359 beatitudinem
3272 5320 3467 5359 conse-

1909 5400 2158 5455 qnentnr.

236 5478 329 5528 καὶ
364 5475 439 5539 ὡς
478 5476 545 5529 ἂν
581 5479 743 5547 σοφίᾳ
776 5481 879 5530 τινὶ
913 5473 1000 5531 οἷα
1031 5481 1245 5545 γυναικὶ
1282 5480 1648 5549 συμϐιοῦντες,
1694 5481 1787 5551 τὴν
1840 5480 2194 5553 εύαγγελικὴν
2231 5483 2576 5553 ἐξηυτέλισαν
2622 5488 2809 5558 χάριν·
2862 5490 2908 5540 οἱ
2954 5489 3007 5540 δὲ
3062 5490 3175 5557 μετ’
3234 5487 3476 5557 ἐκείνους

304 5671 344 5701 ’⁸
376 5670 529 5726 Joan.
564 5688 637 5739 vr,
666 5670 756 5725 53.
841 5672 876 5701 '7
911 5669 1043 5725 l‘sal.
1074 5688 1205 5742 nn,
1240 5676 1289 5729 5.
1372 5677 1409 5705 ’ν’
1440 5677 1562 5732 ibid.
