4128 6294
655 334 760 403 575

1323 339 1588 398 EUSEBII
1625 341 2104 398 CESARIENSIS
2139 340 2290 397 OPP.
2331 339 2514 395 PARS
2547 337 2749 396 Illa—
2784 333 3194 391 EXEGETICA.

3766 332 3874 389 518

654 459 720 512 ἐκ
753 453 861 508 τῶν
887 445 1197 520 ἀλλοφύλων
1221 449 1388 504 ἐθνῶν
1427 449 1732 520 κληθέντες,
1780 453 1829 504 oi
1881 452 2009 523 πρὶν
2031 450 2128 514 τάς
2192 450 2428 514 διανοίας
2482 449 2654 518 κωφοὶ
2688 449 2782 501 καὶ
2821 443 3031 510 τυσλοὶ,
3079 441 3371 514 προθύμως
3406 442 3752 512 ὑπήκουσαν
3788 441 3871 496 διὸ

658 547 752 602 καὶ
777 542 870 597 τοῦ
898 539 1244 613 μακαρισμοῦ
1271 539 1563 604 τεύξονται.

729 633 1070 689 Existimabit
1095 631 1322 685 fortasse
1349 631 1548 699 aliquis
1571 630 1810 687 eamdem
1839 646 1959 686 esse
1983 631 2204 700 parabo—

2381 629 2592 698 Δόξειεν
2627 628 2739 702 (65)
2759 628 2825 684 ἀν
2853 645 2939 691 τις
2977 625 3075 697 τήν
3093 624 3262 695 αὐτὴν
3299 617 3436 677 εῖναι
3462 621 3776 694 παραϐολὴν
3799 625 3870 692 τῇ

656 726 762 780 lam
793 739 912 795 qua
956 723 1092 792 apud
1132 721 1458 786 Matthzum,
1485 723 1536 776 in
1567 737 1675 792 qua
1719 736 1812 777 rex
1840 722 1935 779 lilii
1965 724 2047 778 sui
2075 737 2207 792 nup-

659 814 764 867 tias
813 813 963 878 facit,
1008 828 1298 882 servosque
1344 814 1572 870 dimittit
1624 817 1907 871 invitatum
1935 819 2206 874 convivas.

665 905 1040 960 Verumtamen
1077 905 1123 959 is
1143 907 1232 972 qui
1265 921 1366 959 non
1391 907 1756 974 perfunctorio
1785 909 1965 962 studio
1998 907 2207 978 legerit,

660 998 1022 1063 deprehendet
1049 999 1244 1064 mentis
1282 998 1581 1052 attentione
1611 998 1919 1067 parsbolam
1973 999 2111 1052 hanc
2144 1000 2209 1054 ab

660 1087 750 1142 ills
784 1103 1001 1157 prorsus
1035 1086 1268 1143 diferre.
1296 1087 1536 1158 Namque
1567 1090 1653 1144 illa
1687 1089 1919 1144 Matthxi
1950 1091 2207 1144 cmlorum

659 1190 782 1234 ante
810 1181 988 1233 omnia
1017 1187 1182 1249 regno
1209 1195 1270 1234 ea
1296 1196 1418 1249 quae
1445 1182 1698 1236 dicuntur
1739 1192 2012 1250 comparat
2057 1199 2072 1246 ;
2122 1184 2207 1236 hic

659 1271 790 1325 nibil
819 1271 1080 1338 ejusmodi
1108 1272 1185 1326 lit.
1217 1271 1328 1326 Illic
1349 1273 1581 1326 convivii
1634 1282 1825 1327 auctor
1859 1273 2059 1341 regiam
2093 1288 2211 1341 per-

657 1376 844 1416 sonam
883 1364 1054 1431 gerit;
1109 1363 1194 1418 hic
1228 1364 1471 1430 privatus
1513 1365 1674 1418 homo
1707 1363 2086 1416 introducitur.
2136 1363 2208 1417 Ibl

659 1454 871 1521 nuptias
902 1454 994 1506 lilii
1022 1469 1113 1508 rex
1141 1454 1402 1517 celebrat,
1429 1455 1515 1508 hic
1544 1456 1771 1521 simplex
1807 1470 1960 1509 cuius
1992 1466 2095 1509 est.
2131 1453 2208 1509 lbi

661 1544 810 1596 multi
841 1544 1105 1614 legatione
1138 1546 1452 1614 funguntur,
1486 1546 1575 1599 hic
1604 1562 1743 1600 unus
1788 1554 2010 1599 vocator
2043 1546 2210 1598 mitti-

660 1643 767 1689 tur.
796 1635 868 1689 lbi
901 1636 1092 1703 partim
1123 1636 1377 1691 socordes
1406 1637 1590 1690 venire
1619 1637 1991 1705 neglexerunt,
2015 1635 2208 1703 partim

659 1727 819 1780 etiam
848 1741 1029 1781 servos
1055 1726 1397 1781 contumeliis
1423 1727 2049 1783 all'ectosinteremerunt
2073 1743 2087 1789 ;
2124 1726 2211 1781 bic

658 1818 815 1871 unice
839 1816 1132 1871 obtendunt
1160 1819 1586 1885 occupationem,
1636 1827 1695 1871 ut
1742 1834 1800 1872 se
1848 1818 2019 1871 vocati
2050 1832 2210 1870 excu-

657 1915 800 1974 sent.
836 1905 1039 1959 Rursus
1073 1906 1144 1961 ibi
1183 1920 1276 1959 rex
1302 1906 1595 1960 exercitum
1625 1917 1925 1960 commovet
1955 1908 2209 1961 adversus

657 2002 934 2049 servorum
967 2011 1182 2050 suorum
1234 1995 1630 2058 interfectores,
1680 1999 1766 2051 hic
1823 1999 1982 2052 homo
2016 2015 2206 2066 quam-

658 2087 739 2140 vis
768 2087 939 2140 iratus
964 2087 1338 2141 recusantibus
1366 2088 1628 2150 invitatis,
1680 2089 1812 2141 nihil
1838 2090 2096 2155 ejusmodi
2128 2089 2208 2142 fa-

655 2176 729 2230 cit
753 2194 767 2229 :
799 2189 956 2231 servo
993 2187 1166 2230 tamen
1190 2192 1288 2231 suo
1317 2178 1556 2240 mandat,
1585 2189 1642 2231 ut
1666 2194 1926 2247 pauperes
1953 2191 2006 2234 et
2038 2198 2206 2235 tuem-

656 2268 770 2321 bris
795 2268 1007 2321 mutilos
1042 2277 1098 2322 et
1144 2282 1316 2322 eccos
1356 2279 1636 2324 convocet.
1684 2270 1754 2322 At
1784 2271 1870 2323 ille
1898 2273 1984 2338 qui
2019 2275 2083 2326 ad
2114 2274 2208 2328 lilii

656 2358 868 2424 nuptias
909 2358 1090 2411 invitat
1125 2374 1237 2423 rex,
1267 2359 1479 2414 famulis
1513 2360 1755 2428 pluribus
1790 2364 1995 2414 utitur:
2034 2379 2208 2433 neque

657 2460 935 2512 pauperes,
966 2447 1218 2500 membris
1248 2449 1490 2513 mutilos,
1544 2465 1739 2512 cteros,
1795 2451 2017 2507 claudos
2053 2458 2118 2508 ad
2148 2470 2207 2508 se

655 2537 836 2605 cogit:
870 2531 1011 2589 haud
1045 2538 1186 2590 enim
1211 2540 1369 2606 regiis
1400 2541 1600 2604 nuptiis
1635 2541 1768 2593 tales
1806 2542 2070 2598 interesse
2112 2546 2199 2598 in-

654 2627 856 2679 vitatos
895 2627 1092 2680 decuit.
1142 2626 1276 2679 Tum
1327 2642 1358 2681 e
1391 2644 1613 2683 numero
1649 2631 1995 2684 convivarum
2020 2649 2206 2701 quem-

653 2714 777 2765 dam
811 2714 1025 2780 iudigna
1054 2715 1253 2783 nuptiis
1279 2725 1429 2770 veste
1473 2716 1716 2769 indutum
1768 2732 1859 2771 rex
1901 2722 2069 2785 punit.
2107 2722 2206 2775 De-

656 2805 816 2870 nique
840 2806 982 2872 quod
1005 2816 1090 2860 est
1117 2808 1355 2861 omnium
1397 2808 1754 2878 potissimum,
1793 2809 2023 2864 blattluei
2049 2829 2204 2877 para-

652 2891 775 2948 bole
815 2895 955 2946 intra
1007 2895 1262 2964 templum
1309 2898 1452 2951 dicta
1489 2897 1611 2964 fuit,
1649 2913 1831 2952 coram
1861 2901 2202 2968 pontiﬁcibus

653 2998 718 3037 ac
748 2984 924 3050 populi
982 2986 1285 3040 senioribus
1335 2989 1697 3043 concionante
1753 2990 2015 3045 Domino:
2050 2991 2203 3047 Luca:

655 3071 908 3137 parabole
937 3075 989 3127 in
1017 3073 1234 3130 Galilza
1263 3076 1404 3129 domi
1442 3076 1719 3142 cujusdam
1778 3079 2034 3147 principis
2064 3079 2202 3134 Plia-

656 3161 795 3216 ristei
843 3165 1105 3230 privatam
1160 3180 1372 3218 ctenam
1417 3165 1660 3233 exhibet,
1699 3170 2022 3224 convivante
2064 3171 2200 3239 apud

2307 724 2459 794 παρὰ
2486 721 2565 792 τῷ
2596 720 2879 790 Ματθαίῳ,
2911 721 2969 771 ἐν
3002 712 3035 790 ᾗ
3066 715 3313 786 βασιλεὺς
3335 716 3449 767 ἐστι
3474 712 3684 783 γάμους
3702 712 3871 766 suoqu

2305 811 2384 882 τῷ
2415 811 2515 881 υίῷ
2541 809 2728 875 αὑτοῦ,
2759 812 2854 863 καὶ
2885 807 3099 870 δούλους
3130 803 3471 858 ἀποστέλλων
3503 801 3723 856 καλέσαι
3743 801 3870 864 τοὺς

2307 903 2695 972 κεκλημένους.
2762 901 2821 953 '0
2872 899 2929 953 δέ
2991 898 3064 969 μὴ
3108 895 3410 967 παρέργως
3458 893 3737 964 προσέχων
3802 893 3870 961 τῇ

2307 993 2610 1062 ἀναγνώσει
2643 991 2795 1062 εὖροι
2840 991 2906 1044 ἂν
2935 989 3230 1059 ἐπιστήσας
3256 987 3345 1039 τὸν
3378 985 3501 1039 νοῦν
3531 985 3873 1038 τεπαντάπασιν
3947 1020 3950 1023 -

2307 1083 2746 1156 ὴλλοτριωμένην
2773 1082 2976 1150 ταύτην
3004 1079 3232 1149 ἐκείνης.
3268 1077 3330 1129 Ἦ
3358 1077 3454 1148 μέν
3481 1076 3592 1147 γὰρ
3618 1075 3766 1146 παρὰ
3793 1072 3872 1143 τῷ

2307 1176 2568 1244 Ματοαίῳ
2605 1173 2816 1245 πρῶτον
2852 1171 3104 1224 ἁπάντων
3129 1171 3194 1239 τῇ
3225 1167 3464 1237 βασιλείᾳ
3489 1167 3600 1219 τῶν
3627 1162 3872 1236 οὐρανῶν

2309 1265 2581 1337 παρέϐαλε
2605 1264 2673 1316 τά
2688 1262 2972 1332 λεγόμενα·
3004 1259 3160 1314 τοῦτο
3182 1259 3223 1312 δ’
3257 1257 3486 1311 ἐνταῦθα
3514 1257 3574 1309 οὐ
3601 1256 3870 1309 λέλεκται.

2309 1359 2481 1410 Κάκεῖ
2515 1354 2612 1424 μὲν
2644 1353 2921 1422 ἀφωμοίου
2955 1350 3047 1404 τὸν
3086 1348 3323 1420 κλήτορα
3364 1347 3592 1417 βασιλεῖ,
3639 1344 3875 1398 ἐνταῦθα

2307 1447 2365 1500 δέ
2406 1446 2558 1516 ψιλὸν
2589 1443 2868 1514 ἄνθρωπον
2907 1441 3147 1509 εἰσάγει·
3194 1441 3350 1492 κάκεῖ
3400 1440 3496 1508 μὲν
3539 1438 3750 1507 γάμους
3794 1435 3875 1506 τῷ

2309 1537 2409 1607 υίῷ
2443 1539 2470 1590 6
2504 1535 2754 1605 βασιλεὺς
2799 1534 2989 1594 ἐτέλει,
3034 1530 3263 1584 ἐνταῦθα
3296 1530 3353 1583 δὲ
3398 1528 3582 1591 ἁπλῶς
3619 1529 3872 1581 δεῖπνον’

2309 1631 2468 1682 κάκεῖ
2501 1627 2598 1697 μὲν
2631 1625 2813 1678 πολλοὶ
2843 1621 3276 1684 ἀποστέλλονται,
3313 1618 3544 1673 ἐνταῦθα
3577 1618 3633 1671 δὲ
3672 1613 3753 1682 εἷς
3779 1617 3876 1688 μό-

2309 1733 2393 1779 νος
2432 1716 2524 1768 έπὶ
2551 1715 2648 1784 τὴν
2675 1713 2867 1782 κλῆσιν
2891 1711 3264 1782 ἐκπέμπεται·
3302 1709 3458 1762 κάκεῖ
3475 1709 3524 1761 oi
3550 1708 3648 1778 μὲν
3669 1706 3878 1778 ἀμελή-

2311 1822 2497 1867 σαντες
2532 1804 2630 1862 ούκ
2663 1805 2936 1874 ἀπήντων,
2976 1803 3025 1855 οἱ
3060 1801 3116 1854 δὲ
3155 1799 3329 1854 λοιποὶ
3364 1800 3455 1852 καὶ
3494 1799 3619 1860 τοὺς
3657 1797 3876 1859 δούλως

2311 1896 2534 1968 ὕϐρισαν
2558 1896 2650 1948 καὶ
2675 1896 2997 1948 ἀπέκτειναν
3015 1910 3028 1920 ⁸
3061 1891 3294 1946 ἐνταῦθα
3319 1891 3374 1943 δὲ
3419 1891 3575 1960 μόνον
3603 1891 3876 1961 σκήπτον·

2311 2008 2396 2044 ται
2429 1989 2700 2058 ἀσχολίαν,
2729 1987 3150 2058 παραιτούμενοι
3185 1983 3287 2052 τὴν
3310 1981 3500 2051 κλῆσιν
3520 1998 3533 2011 ·
3566 1982 3684 2033 ἐκεῖ
3714 1980 3899 2049 πάλιν.

2309 2083 2338 2134 6
2379 2081 2628 2150 βασιλεὺς
2672 2081 2986 2151 στράτευμα
3027 2078 3166 2128 κινεῖ
3211 2074 3351 2127 κατὰ
3383 2072 3491 2126 τῶν
3523 2068 3881 2144 ἀνῃρηκότων

2310 2171 2428 2232 τοὺς
2448 2167 2609 2220 αὐτοῦ
2635 2166 2875 2229 δούλουςο
2909 2163 3139 2218 ἐνταῦθα
3157 2163 3212 2216 δὲ
3243 2164 3273 2215 6
3301 2162 3581 2232 ἄνθρωπος
3602 2161 3882 2233 ὀργισθεὶς

2309 2263 2399 2314 ἐπὶ
2424 2263 2488 2330 τῇ
2519 2259 2840 2330 παραιτήσει
2872 2256 2980 2308 τῶν
3001 2254 3374 2326 κεκλημένων,
3394 2254 3545 2307 οὐδὲν
3565 2255 3663 2324 μὲν
3698 2251 3873 2306 τοιοῦο

2307 2369 2396 2404 τον
2433 2354 2596 2411 ποιεῖ,
2641 2349 2718 2420 τῷ
2749 2349 2793 2400 δ’
2818 2346 3010 2400 ἑαυτοῦ
3041 2345 3210 2415 δούλῳ
3261 2345 3585 2416 προστάττει
3626 2344 3880 2414 πτωχοὺς

2309 2443 2402 2494 καὶ
2445 2441 2750 2510 ἀναπήρους
2800 2438 2892 2492 καὶ
2933 2437 3162 2506 τυφλοὺς
3210 2438 3538 2504 εἰσαγαγεῖν.
3591 2436 3649 2489 '0
3685 2434 3745 2488 δὲ
3784 2435 3882 2488 ἐπὶ

2307 2534 2432 2594 τοὺς
2479 2531 2686 2600 γάμους
2730 2529 2823 2581 τοῦ
2867 2527 2980 2580 υἱοῦ
3017 2525 3299 2595 συγκαλῶν
3344 2525 3613 2595 βασιλεὺς,
3668 2525 3881 2589 δούλοις

2309 2625 2545 2677 πλείοσιν
2576 2622 2864 2693 ὑπερέταις
2894 2620 3171 2691 χρώμενος
3190 2658 3204 2681 ,
3247 2621 3307 2672 οὐ
3340 2619 3588 2688 πτωχοὺς
3622 2619 3718 2672 καὶ⁸
3743 2619 3882 2672 ἀνα-

2308 2719 2536 2788 πήρους,
2565 2713 2816 2767 ἀλλ’·ούδὲ
2841 2712 3071 2780 τυφλοὺς
3099 2711 3192 2764 καὶ
3207 2710 3412 2782 χωλοὺς
3442 2712 3666 2779 εἰσάγει·
3688 2709 3882 2782 ἐπειδὴ

2309 2808 2431 2878 μηδ’
2457 2807 2694 2876 ἔπρεπεν
2726 2803 3006 2874 ἐπικλήσει
3050 2803 3227 2872 γάμου
3274 2801 3550 2871 βασιλικοῦ
3601 2801 3882 2865 τοιούτους

2306 2902 2590 2970 παρεῖναι·
2647 2897 2948 2966 κληθέντων
2981 2895 3037 2947 δὲ
3067 2893 3295 2958 πολλῶν,
3329 2895 3432 2948 ’τὸν
3464 2894 3659 2961 ἀνάξια
3693 2895 3880 2965 γάμου

2303 2989 2648 3058 ἐνδεδυμένον
2690 2989 2719 3039 6
2763 2986 3010 3057 βασιλεὺς
3050 2989 3388 3057 τιμωρεῖται.
3432 2985 3505 3039 Τὸ
3553 2985 3610 3039 δὲ
3652 2987 3882 3040 πάντων

2303 3079 2857 3150 κεφαλαιωδέστατον,
2879 3081 2959 3134 ὅτι
2997 3080 3030 3149 ή
3072 3077 3170 3147 μὲν
3201 3078 3352 3150 παρά
3371 3078 3448 3149 τῷ
3477 3077 3738 3148 Ματθαίῳ
3765 3096 3881 3131 πα-

2307 3171 2507 3244 ραϐολὴ
2533 3171 2678 3224 ένδον
2698 3173 2755 3223 ἐν
2782 3169 2859 3241 τῷ
2875 3169 3003 3240 ἱερῷ
3026 3169 3265 3234 λέλεκτο,
3291 3169 3424 3241 πρὸς
3441 3170 3565 3232 τοὺς
3582 3169 3884 3242 ἀρχιερέας

654 3265 774 3304 eum
808 3249 1114 3308 Servatore.
1150 3253 1286 3323 Ergo
1314 3253 1488 3310 Lucas
1517 3256 1596 3310 sic
1620 3257 1875 3326 pra-fatur
1905 3262 2200 3328 parubola:

2307 3263 2398 3314 καὶ
2439 3259 2838 3331 πρεσϐυτέρους
2870 3258 2962 3313 τοῦ
2995 3258 3123 3313 λαοῦ
3161 3258 3537 3329 διαλεγομένου
3567 3258 3661 3312 τοῦ
3691 3259 3886 3331 Σωτῆ-

654 3353 842 3406 ncmpe
867 3337 1044 3393 Iesum
1068 3343 1122 3395 in
1149 3343 1290 3398 mdes
1310 3344 1584 3413 cujusdam
1615 3360 1646 3400 e
1673 3345 1966 3402 Pharisads
1994 3351 2203 3404 venisse

2310 3371 2401 3426 ρος
2424 3371 2437 3383 ·
2465 3355 2496 3424 ἡ
2531 3351 2588 3405 δὲ
2615 3351 2761 3424 παρά
2788 3351 2867 3422 τῷ
2894 3352 3077 3421 Δουκᾷ
3102 3351 3193 3403 ἐπὶ
3221 3349 3320 3420 τῆς
3349 3349 3633 3414 Γαλιλαίας
3651 3351 3711 3403 ἐν
3727 3351 3886 3423 οἰκίᾳ

654 3437 712 3480 ιιι
752 3428 997 3482 Sabbato
1042 3427 1218 3484 cibum
1257 3444 1538 3501 sumeret;
1589 3436 1686 3491 bos
1737 3448 1915 3491 autem
1967 3453 2200 3496 mentem

652 3518 726 3570 illi
763 3519 1073 3575 intendisse.
1106 3520 1239 3576 Tum
1280 3537 1466 3579 narrat
1513 3527 1792 3598 hydropici
1845 3531 2081 3587 hominis
2108 3548 2205 3588 cu-

651 3609 942 3672 rationem,
968 3618 1131 3680 atque
1162 3614 1237 3668 uti
1285 3613 1444 3670 Iesus
1487 3618 1733 3675 docuerit
1777 3625 2066 3690 quominus
2094 3625 2203 3691 pri-

651 3714 767 3754 mos
801 3706 1078 3760 accubitus
1105 3707 1158 3760 in
1190 3709 1454 3763 conviviis
1481 3711 1772 3774 ambirent,
1832 3728 2007 3782 neque
2058 3715 2202 3768 invi-

534 3812 538 3817 -
651 3797 827 3845 tarent
851 3805 943 3846 eos
972 3797 1224 3865 aquibus
1259 3798 1494 3852 vicissim
1547 3800 1807 3856 invitandi
1865 3802 2060 3866 forent,
2108 3806 2202 3859 sed

647 3893 745 3933 eos
769 3886 945 3949 patius
973 3886 1060 3952 qui
1104 3891 1434 3943 remunerari
1462 3891 1772 3958 nequirent.
1799 3895 1983 3959 Addit,
2013 3911 2202 3964 quem-

653 3971 772 4025 dam
802 3987 832 4027 e
857 3975 1316 4032 discumbentilms
1345 3981 1457 4033 luec
1489 3981 1792 4035 audientem
1824 3984 2047 4050 dixisse,
2073 3985 2200 4040 Bea-

649 4073 734 4119 ttts
760 4067 848 4133 qui
879 4082 1062 4131 panem
1089 4051 1315 4122 co'tttedet
1347 4072 1401 4123 in
1431 4087 1585 4138 regno
1620 4071 1714 4124 Dei
1752 4073 1774 4126 !
1811 4073 1990 4128 Jesum
2019 4085 2196 4133 autem

649 4154 728 4208 sic
748 4168 929 4207 orsum
950 4155 1088 4224 luqui
1111 4175 1124 4210 :
1145 4156 1318 4211 Homo
1346 4161 1557 4228 quidam
1580 4163 1701 4228 fecit
1722 4179 1916 4216 cenant
1934 4150 2195 4233 maguum.

649 4243 824 4312 Atque
852 4244 924 4298 ita
949 4243 1124 4301 Lucas
1154 4260 1475 4316 presentem
1521 4254 1831 4319 parabolam
1880 4260 2040 4311 tradit
2075 4275 2200 4312 nar-

649 4342 821 4386 ratam
853 4349 880 4387 ο
912 4335 1200 4392 Servatore
1229 4339 1278 4392 ei
1300 4341 1389 4409 qui
1417 4341 1646 4409 dixerat,
1673 4342 1870 4398 Beatus
1899 4350 1986 4416 qui
2013 4367 2197 4417 partem

650 4429 879 4479 comedet
919 4429 975 4479 in
1008 4445 1163 4495 regno
1198 4431 1311 4484 Dei.
1346 4431 1524 4497 Quare
1552 4438 1772 4492 omnino
1805 4437 2198 4494 lateturdiver-

651 4527 764 4567 sam
795 4517 929 4570 hunc
956 4533 1074 4571 esse
1104 4534 1131 4571 ιι
1165 4523 1442 4587 superiore
1488 4525 1820 4591 parabolam.
1868 4528 1972 4582 Sed
2020 4541 2195 4584 tamen

2306 3444 2447 3507 τινος
2469 3444 2723 3514 ἄρχοντος
2741 3443 3031 3514 Φαρισαίου
3050 3442 3201 3512 ψιλὸν
3219 3441 3430 3495 δεῖπνον
3456 3443 3882 3506 κατασκευάζει,

2309 3537 2635 3606 ἐστιωμένου
2671 3535 2804 3605 παρ’
2840 3532 2989 3604 αὐτῷ
3019 3532 3112 3586 τοῦ
3152 3534 3418 3605 Σωτῆρος.
3450 3533 3710 3606 Προλέγει
3743 3535 3885 3602 γοῦν

2309 3629 2407 3698 τῆς
2443 3627 2807 3698 προκειμένης
2846 3626 3162 3697 παραϐολῆς
3204 3627 3232 3677 6
3279 3627 3493 3689 Λουκᾶς
3534 3623 3736 3679 ταῦτα’
3791 3627 3883 3681 ὅτι

2306 3717 2552 3789 εἰσῆλθεν
2579 3719 2659 3780 είς
2683 3714 2834 3778 ,οἶκόν
2859 3733 3003 3779 τινος
3016 3715 3306 3786 Φαρισαίου
3332 3713 3640 3785 έστιαθῆναι
3665 3717 3724 3768 ἐν
3742 3716 3884 3768 Σαδ-

2309 3810 2488 3881 6ἀτῳ-
2528 3809 2579 3862 oi
2604 3808 2660 3861 δὲ
2692 3805 3099 3879 παρετηροῦντο
3131 3806 3312 3858 αὐτόν.
3349 3802 3483 3860 Εἶτα
3523 3804 3766 3868 διελθὼν,
3799 3807 3883 3871 ὡς

2307 3898 2609 3969 ὑδρωπικὸν
2624 3896 2972 3968 ἐθεράπευσε,
2988 3897 3082 3950 καὶ
3099 3895 3174 3959 ὡς
3205 3894 3411 3960 ἐδίδαξε
3437 3896 3510 3966 μὴ
3533 3895 3631 3958 τὰς
3659 3912 3882 3966 πρωτο-

2308 3986 2517 4050 κλισίας
2535 3987 2592 4038 έν
2608 3988 2718 4049 τοῖς
2731 3986 2964 4049 δείπνοις
2983 3983 3354 4056 μεταδιώκειν,
3383 3982 3517 4055 μηδὲ
3538 3983 3719 4037 καλεῖν
3747 3986 3880 4049 τοὺς

2306 4077 2768 4141 ἁντικαλέσοντας,
2787 4076 2922 4130 ἀλλά
2956 4078 3085 4139 τοὺς
3106 4075 3408 4130 ἀντιδοῦναι
3437 4076 3510 4148 μὴ
3526 4076 3880 4147 δυναμένους,

2314 4167 2586 4239 ἐπιφέρει,
2604 4168 2682 4222 ὅτι
2699 4166 2934 4229 ἀκούσας
2953 4183 3034 4230 τις
3062 4165 3170 4220 τῶν
3204 4154 3667 4236 συνανακειμένων
3700 4168 3881 4224 ταῦτα

2305 4255 2444 4322 εἷπε,
2461 4258 2754 4326 Μακάριος
2766 4256 2932 4323 ὅστις
2946 4256 3193 4328 φάγεται
3211 4257 3395 4326 ἄρτον
3409 4259 3479 4310 ἐν
3492 4256 3567 4326 τῇ
3585 4258 3879 4326 βασιλείᾳ

2308 4348 2411 4403 τοῦ
2423 4347 2604 4403 Θεοῦ]
2632 4346 2754 4400 Ὀδὲ
2783 4343 2932 4400 εἶπεν
2963 4345 3127 4418 αὐτῷ’
3162 4348 3490 4416 Ἄνθρωπός
3514 4365 3601 4414 τις
3623 4349 3878 4417 ἐποίησε

2311 4439 2554 4495 δεῖπνον
2577 4438 2746 4509 μέτα.
2798 4438 2954 4492 Οὕτω
2981 4439 3024 4492 δ’
3059 4440 3087 4492 6
3113 4439 3323 4502 Λουκᾶς
3383 4439 3482 4510 τὴν
3517 4440 3876 4511 προτεθεῖσαν

2304 4530 2611 4606 παραδολὴν
2626 4529 2926 4600 ἀνέγραψεν
2951 4529 3199 4600 εἰρῆσθαι
3219 4530 3323 4582 ὑπὸ
3343 4529 3436 4582 τοῦ
3459 4530 3708 4603 ἃοτῆρος
3728 4534 3869 4604 πρὸς

650 4604 774 4671 quia
827 4621 893 4660 ne
950 4607 1058 4675 ipsa
1089 4611 1299 4677 quidem
1339 4628 1367 4665 a
1401 4617 1656 4669 ctelorum
1706 4633 1869 4685 regno
1923 4621 2197 4690 abhorret,

2307 4621 2388 4673 τὸν
2417 4604 2693 4692 εἰρηκότα,
2716 4618 3014 4686 Μακάριος
3042 4618 3209 4684 ὅστις
3224 4619 3467 4688 φάγεται
3485 4619 3668 4689 ἄρτον
3692 4624 3765 4677 ἐν
3788 4623 3871 4693 τῇ

649 4694 719 4749 de
753 4708 861 4765 quo
886 4701 1058 4753 omnis
1085 4700 1240 4755 nobis
1279 4703 1555 4758 institutus
1583 4721 1762 4762 sermo
1788 4719 1891 4772 est,
1924 4712 2203 4770 videamus

651 4799 812 4851 porro
835 4788 963 4856 quid
1003 4789 1309 4859 signiﬁcent
1336 4797 1495 4848 etiam
1530 4811 1590 4848 ea
1627 4813 1744 4864 qua:
1779 4801 1830 4853 in
1862 4801 1961 4854 bac
2000 4818 2198 4873 propo-

651 4887 871 4931 nuntur.
912 4880 1059 4934 Unus
1082 4883 1507 4938 recumbentium
1538 4896 1592 4939 et
1622 4891 2028 4947 couvivantiutn
2076 4909 2199 4949 cum

651 4966 939 5023 Servatore
989 4972 1039 5023 in
1094 4971 1348 5029 Pharisaei
1426 4975 1628 5041 domo,
1692 4982 2031 5036 sermonibus
2083 4985 2202 5054 ejus

651 5068 966 5122 commotus,
1001 5061 1211 5116 beatum
1236 5064 1505 5119 exclamat
1540 5067 1684 5121 illum
1737 5070 1849 5124 fore
1881 5073 1973 5140 qui
2003 5075 2068 5125 ad
2105 5090 2200 5144 pa-

717 5195 829 5265 (65)
868 5197 1083 5272 Triplex
1132 5208 1214 5253 est
1256 5202 1359 5256 loci
1413 5203 1571 5268 hujus
1632 5205 1938 5272 Eusebiani,
1984 5213 2206 5268 mutatis

648 5279 790 5343 sape
834 5265 1032 5333 verbis,
1063 5282 1399 5338 excerptum.
1429 5265 1667 5326 Primum
1696 5277 1744 5327 iu
1778 5265 2204 5343 praecedentibus

651 5333 891 5412 dedimus
937 5350 1002 5390 ex
1052 5333 1243 5412 catena
1270 5344 1523 5412 auunymi
1571 5333 1803 5397 auctoris
1833 5348 1884 5399 in
1911 5333 2097 5402 codice

651 5403 888 5482 Alterum
922 5417 1010 5482 es_t
1061 5408 1159 5482 hoc
1207 5403 1543 5482 excerptmu,
1588 5429 1652 5465 ex
1694 5425 1878 5468 catena
1911 5417 2113 5472 Nltzeta:
2147 5403 2200 5473 iu

651 5472 920 5544 codiceA.
967 5475 1204 5529 Tertium
1232 5489 1313 5530 est
1346 5472 1396 5532 in
1428 5483 1612 5534 codice
1643 5482 1701 5544 Ε,
1739 5500 1803 5537 ex
1846 5498 2033 5540 catena
2071 5472 2198 5542 item

652 5537 866 5624 {iacarii
908 5544 1348 5624 Cltrychepltali,
1372 5554 1494 5624 _qui
1545 5537 1889 5624 ('ttltt_'Niceltl
1925 5537 2194 5624 «ῖόιῖςὲὶῖιῖζ

656 5619 1005 5687 prieteruuam
1041 5615 1210 5687 initio,
1247 5619 1385 5687 quod
1411 5619 1479 5670 ita
1494 5635 1568 5687 se
1602 5615 2196 5687 ΙιιιιιιιιΞΠολλοῖξτισιν

653 5675 795 5744 εδοξε
821 5675 918 5749 τήν
947 5675 1439 5756 αὐτὴνπαραῦολὴν
1460 5685 1595 5742 εἶναι
1618 5690 1817 5762 ταύτην
1834 5710 1889 5746 τε
1919 5675 2028 5764 τῆν’
2045 5696 2198 5769 παρά

2301 4713 2584 4779 βασιλείᾳ
2600 4711 2703 4766 τοῦ
2736 4709 2902 4764 Θεοῦ·
2932 4709 3071 4764 ὥστε
3097 4710 3156 4777 ἐξ
3185 4711 3420 4776 ἅπαντος
3444 4713 3722 4784 ὁμολογεῖν
3756 4717 3877 4770 ἐτέο

2309 4822 2405 4875 ραν
2453 4800 2589 4857 εἶναι
2623 4803 2823 4872 ταύτην
2863 4802 3010 4873 παρά
3059 4805 3155 4875 τὴν
3194 4803 3435 4877 πρώτην.
3488 4806 3638 4858 Ἐπεὶ
3678 4806 3736 4859 δὲ
3762 4808 3866 4864 οὐκ

2303 4896 2554 4967 ἀλλοτρία
2603 4896 2858 4965 τυγχάνει
2889 4895 2998 4948 οὐδ’
3024 4896 3161 4968 αῦτη
3190 4899 3288 4967 τῆς
3325 4897 3598 4966 βασιλείας
3623 4897 3734 4949 τῶν
3777 4899 3874 4950 οὺ-

2307 4987 2512 5058 ρανῶν,
2547 4988 2675 5057 περὶ
2698 4984 2764 5057 ἦς
2796 4990 2927 5056 ἡμῖν
2956 4989 2986 5039 6
3023 4989 3128 5051 πᾶς
3167 4988 3420 5059 ἐνέστηκε
3449 4988 3633 5056 λόγος,
3671 4989 3876 5060 ἴδωμεν

2306 5077 2355 5130 τί
2390 5077 2632 5148 βούλεται
2666 5078 2756 5129 καὶ
2777 5077 2845 5129 ea
2865 5074 2954 5130 διὰ
2977 5076 3175 5148 ταύτην
3202 5077 3521 5149 δηλούμενα.
3551 5077 3671 5131 Τῶν
3704 5096 3874 5133 συνα-

2306 5215 2608 5288 τῷΔουκᾷ,
2645 5216 2738 5288 καὶ
2767 5214 2867 5285 τὴν
2898 5197 3446 5288 παρὰίτῷΜατβαίῳ
3477 5217 3604 5286 περὶ
3641 5217 3734 5288 τοῦ
3769 5219 3872 5288 γάρ

2310 5303 2409 5361 μου
2450 5285 3086 5361 διαλαμῦάνουσανηδιὰ
3109 5285 3193 5361 ⁸τὸ
3249 5285 3503 5361 καὶ-*ἐκεῖ
3536 5285 3874 5361 παραίτησιν

2305 5354 2412 5408 τῶν
2450 5354 2799 5428 κεκλημένων
2841 5355 3210 5428 εύρίσκεσθαι.
3251 5356 3311 5408 ’0
3338 5356 3395 5410 δὲ
3426 5357 3498 5426 μὴ
3545 5354 3869 5428 παρέργως,

2303 5438 2408 5478 etc.
2446 5424 2809 5489 Compluribus
2835 5424 2999 5478 visum
3027 5434 3125 5490 est,
3150 5428 3382 5479 eamdem
3415 5424 3527 5479 esse
3557 5424 3871 5490 psi-aboleret

2305 5504 2413 5545 tum
2470 5510 2586 5560 quae
2633 5494 2770 5558 apud
2801 5492 2997 5546 Lucam
3045 5505 3154 5546 tum
3206 5510 3323 5563 quae
3360 5498 3499 5562 apud
3554 5493 3871 5550 lautia-ntus

2311 5565 2558 5614 recitatur
2590 5562 2654 5614 de
2689 5565 2902 5627 nuptiis,
2923 5565 3045 5632 quia
3074 5573 3125 5616 et
3147 5565 3200 5632 its
3230 5564 3328 5615 hac
3358 5566 3524 5618 altera
3555 5566 3862 5617 excusatio-

2315 5647 2428 5682 nent
2455 5643 2750 5683 vocatorum
2779 5631 3138 5697 comperimus.
3185 5631 3548 5689 “tamtamen
3571 5633 3684 5703 qui
3713 5635 3866 5690 haud

2319 5703 2668 5770 perluuctorio
2697 5703 2896 5768 studio,
2919 5711 3023 5758 etc.
