4128 6294
291 387 391 441 5'77
1453 381 1956 440 COMMENTARM
1995 379 2064 435 IN
2101 377 2362 435 LUCAM.
3429 376 3535 432 578

288 501 623 573 νακειμένων
646 520 734 567 τις
765 502 842 573 τῷ
863 503 1074 574 Σωτῆρι
1101 503 1157 555 ἐν
1180 503 1246 571 τῇ
1276 500 1370 553 τοῦ
1393 499 1687 572 Φαρισαίου
1714 499 1860 568 οίκίᾳ

1967 509 2086 548 nem
2109 490 2544 548 manducandum
2586 489 2637 544 in
2690 503 2860 561 regno
2900 487 2994 542 Dei
3038 487 3327 574 dignanter
3370 486 3535 542 fuerit

286 594 385 649 καὶ
426 595 891 665 συνεστιωμένων,
931 595 996 647 ἐκ
1036 593 1145 647 τῶν
1190 592 1350 645 αὐτοῦ
1394 591 1570 660 λόγων
1601 590 1859 661 κινηθεὶς,

290 685 585 757 μακαρίζει
615 686 705 739 τὸν
739 684 1277 755 καταξιωθησόμενον
1308 687 1499 752 φαγεῖν
1520 683 1681 754 ἄρτον
1711 685 1768 735 ἐν
1796 684 1862 752 τῇ

290 776 539 848 βασιλείᾳ
575 776 671 829 τοῦ
720 776 875 828 Θεοῦ.
914 772 1077 845 Οἶμαι
1117 776 1160 827 δ’
1203 775 1363 827 αὐτὸν
1398 773 1554 827 τοῦτο
1588 773 1863 844 εἰρηκέναι

286 864 378 918 διὰ
420 867 481 919 τὸ
524 866 795 934 φάναιτὺν
815 866 1042 937 Σωτῆρα
1073 865 1151 935 τῷ
1179 866 1465 934 κεκληκότι
1500 865 1863 933 αὑτόνοὊταν

289 962 451 1028 ποιῇς
499 957 735 1028 ἄριστον,
773 957 845 1029 μὴ
875 957 1158 1021 πλουσίους
1203 957 1375 1021 κάλει,
1415 956 1550 1009 ἀλλὰ
1593 958 1861 1027 πτωχοὺς,

290 1050 386 1103 καὶ
444 1052 709 1120 μακάριος
760 1049 877 1121 ἔσῃ.
920 1050 1063 1121 Πρὸς
1113 1048 1299 1102 τοῦτον
1349 1045 1440 1103 οῦν
1494 1065 1690 1119 φησιν·
1736 1050 1867 1102 Ἀνι-

290 1144 522 1211 apo)de
559 1159 649 1207 τις
674 1141 923 1208 (latomias
942 1141 1187 1195 δεῖπνον
1202 1140 1377 1209 μέγα,
1412 1143 1506 1194 καὶ
1537 1142 1605 1194 τά
1631 1140 1776 1210 ἑξῆς.

427 1231 711 1299 Ἤρξαντο
741 1232 860 1285 ἀπὸ
884 1229 1027 1301 μιᾶς
1050 1232 1457 1299 παραιτεῖσθαι
1486 1231 1727 1295 πάντες.

381 1320 488 1374 Eri.
528 1321 589 1373 τὺ
617 1321 830 1390 λογικὸν
873 1321 1170 1391 συμπόσιον
1200 1322 1297 1373 οὐκ
1337 1321 1672 1389 ἀπήντησαν,
1707 1320 1863 1388 φιλή-

289 1413 431 1465 δονοι
466 1412 660 1481 μᾶλλον
703 1412 852 1473 ὄντες
898 1410 930 1479 ἢ
974 1410 1227 1479 φιλόθεοι,
1264 1410 1357 1461 καὶ
1384 1410 1486 1477 τῆς
1526 1408 1656 1479 ὕλης
1690 1409 1718 1477 ἢ
1771 1406 1863 1460 τοῦ

290 1500 449 1555 Θεοῦ·
482 1502 785 1573 φιληδονίας
817 1502 915 1571 μὲν
942 1500 1050 1572 γὰρ
1080 1501 1275 1571 δεῖγμα
1300 1503 1457 1572 γυνή·
1492 1502 1659 1573 ἀγρὸς
1682 1501 1737 1553 δὲ
1772 1501 1865 1553 καὶ

291 1588 458 1659 ζεύγη
490 1591 588 1660 τῆς
620 1590 1107 1660 φιλοχρημοσύνης.
1145 1590 1378 1653 Πολλοὺς
1415 1590 1513 1659 μέν
1547 1586 1637 1643 οὖν
1667 1590 1865 1659 κεκλῆ-

292 1679 417 1733 σθαί
439 1698 569 1749 φησι
598 1682 688 1732 ἐπὶ
702 1681 762 1732 τὸ
790 1681 929 1750 μέγα
959 1681 1166 1734 δεῖπνον
1189 1682 1283 1734 καὶ
1303 1677 1362 1733 τὸ
1386 1681 1505 1733 καθ’
1532 1681 1659 1751 ὅλης
1679 1681 1775 1750 τῆς
1790 1683 1866 1735 ol-

291 1771 564 1840 κουμένης
581 1772 792 1839 λογικὸν
815 1773 1110 1841 συμπόσιον
1125 1772 1233 1825 τῶν
1256 1772 1415 1842 ἱερῶν
1435 1774 1524 1825 καὶ
1544 1772 1699 1826 Θείων
1724 1773 1864 1841 Γρα-

1965 585 2249 637 admissus.
2312 580 2449 635 Puto
2503 589 2682 633 autem
2746 579 2846 632 hoc
2903 576 3107 630 dictum
3166 573 3352 640 fuisse,
3407 574 3535 643 quia

1966 680 2224 734 Servator
2253 676 2505 731 invitanti
2525 690 2583 730 se
2608 676 2819 728 dixerat
2848 690 2860 725 :
2889 672 3022 726 Cum
3070 669 3359 741 prandium
3390 670 3536 725 fece-

1964 771 2062 834 ris,
2090 770 2194 823 noli
2224 770 2418 822 divites
2446 780 2665 829 vocare,
2693 764 2788 819 scd
2810 777 3095 831 pauperes,
3128 772 3184 815 ut
3221 763 3412 817 beatus
3436 762 3533 815 sis.

1966 860 2107 925 Huic,
2126 876 2257 930 ergo
2286 858 2616 928 respondens
2644 856 2721 909 ait
2757 870 2771 907 :
2826 852 2999 907 Homo
3024 855 3240 923 quidam
3266 852 3391 924 fecit
3424 867 3535 908 ca-

1964 969 2086 1006 nam
2120 966 2387 1021 magnam,
2417 958 2473 1004 et
2497 946 2724 1016 reliqua.

2216 1215 2264 1247 ¹⁹
2300 1214 2579 1283 Coeperunt
2608 1212 2767 1266 simul
2788 1228 2967 1267 omnes
3015 1228 3287 1266 excusare.

2036 1305 2116 1359 Ad
2165 1306 2435 1360 rationale
2462 1305 2770 1359 convivium
2805 1320 2909 1358 non
2946 1314 3231 1371 venerunt,
3266 1306 3392 1373 quia
3441 1319 3537 1361 vo-

1964 1399 2227 1467 luptatum
2276 1398 2452 1465 potius
2483 1406 2643 1465 atque
2668 1397 2909 1451 materiae
2934 1411 3095 1465 quam
3135 1396 3229 1464 Dei
3260 1406 3540 1452 amatores

1964 1502 2140 1546 erant.
2176 1490 2309 1544 Nam
2342 1490 2638 1558 voluptatis
2666 1498 3046 1555 argumentum
3077 1503 3251 1552 uxor;
3282 1503 3413 1557 ager
3440 1502 3540 1541 au-

1968 1592 2074 1633 tem
2104 1596 2165 1633 ac
2194 1581 2381 1644 boves,
2415 1580 2677 1635 avaritim.
2709 1578 2905 1633 Multos
2950 1580 3131 1649 itaque
3160 1590 3380 1633 vocatos
3405 1580 3540 1635 dicit

1966 1672 2031 1724 ad
2092 1686 2340 1739 magnam
2400 1685 2634 1730 Cinnam,
2683 1679 2737 1722 et
2788 1670 3049 1724 rationale
3095 1686 3191 1738 per
3224 1672 3535 1726 universum

1965 1760 2148 1811 orbem
2169 1758 2473 1812 convivium
2499 1771 2779 1810 sacrarum
2808 1772 2872 1810 ac
2897 1759 3204 1812 divinarum
3234 1758 3541 1829 Scriptura-

277 1861 431 1928 φῶν,
467 1862 539 1931 μὴ
583 1861 687 1931 μὴν
714 1863 839 1925 τοὺς
866 1863 1069 1926 πάντας
1093 1863 1191 1932 τῆς
1218 1864 1437 1932 χάριτος
1464 1863 1860 1933 ἐπιτυγχάνειν·

1967 1865 2108 1912 rum,
2153 1865 2258 1902 non
2315 1859 2492 1901 tamen
2537 1862 2724 1901 omnes
2764 1848 2938 1915 gratia
2985 1850 3171 1919 potiri,
3201 1866 3306 1920 qua
3359 1850 3537 1904 vocati

291 1952 709 2023 ἀποστερεῖσθαι
734 1954 843 2024 γὰρ
874 1955 1041 2023 αὐτῆς
1071 1954 1177 2007 τῶν
1204 1955 1553 2026 κεκλημένων
1583 1956 1706 2016 τοὺς
1740 1954 1865 2024 περὶ

290 2041 457 2112 lupa
482 2043 903 2113 ήσχολημένους.
933 2044 1213 2115 Περισπᾷν
1239 2044 1344 2116 γὰρ
1376 2045 1470 2096 καὶ
1490 2043 1740 2111 ἀφέλκειν
1768 2044 1867 2111 τῆς

291 2130 536 2201 κλήσεως
567 2132 664 2195 τάς
711 2131 806 2184 τοῦ
850 2132 964 2201 βίου
1011 2133 1294 2203 φροντίδας
1338 2133 1574 2186 διδάσκει
1599 2148 1610 2160 ·
1665 2131 1867 2194 ταύτας

289 2222 335 2274 δ’
357 2218 496 2276 εἶναι
513 2223 819 2293 διαφόρους·
842 2224 874 2293 ἢ
901 2223 1008 2295 γάρ
1032 2225 1162 2296 περὶ
1179 2224 1248 2277 τὰ
1274 2227 1525 2295 κτήματα
1550 2225 1640 2276 καὶ
1666 2223 1867 2294 ἀγροὺς

291 2313 695 2383 ἀσχολούμενοι,
739 2312 910 2366 ταῦτα
942 2315 1039 2383 τῆς
1091 2314 1334 2386 κλήσεως
1380 2315 1865 2386 προτετιμήκασιν,

289 2403 369 2466 ὡς
398 2404 833 2474 παραιτήσασθαι
858 2404 1127 2474 τολμῆσαι
1154 2404 1241 2459 διὰ
1264 2403 1435 2458 ταῦτα
1466 2404 1562 2475 τὴν
1589 2397 1800 2474 κλῆσινλ
1832 2406 1863 2476 ἢ

290 2494 422 2563 περὶ
468 2495 565 2557 τάς
595 2494 686 2548 τοῦ
729 2494 841 2564 βίου
888 2496 1269 2566 πραγματείας
1319 2496 1763 2567 κατατριϐόμενοι

288 2581 474 2653 δεσμῷ
517 2582 709 2653 γάμων
750 2582 844 2636 καὶ
894 2583 1098 2637 παίδων
1144 2584 1599 2654 ἐμπεπλεγμένον
1648 2586 1681 2654 ῆ
1729 2602 1867 2637 τισιν

290 2673 471 2737 ἄλλοις
516 2674 776 2738 τοιούτοις
822 2675 1213 2745 φροντίσμασιν
1241 2675 1619 2745 ἡσχολημένοι.
1685 2674 1868 2727 Ταῦτα

289 2765 400 2835 γάρ
433 2765 525 2817 καὶ
554 2764 778 2819 τοιαῦτα
809 2766 1035 2833 ἐπάγειν
1070 2766 1163 2818 καὶ
1209 2765 1511 2836 περιέλκειν
1543 2764 1701 2817 εἴωθε
1743 2766 1867 2828 τοὺς

288 2854 376 2907 διά
420 2855 592 2907 ταῦτα
620 2856 719 2925 τὴν
760 2856 919 2925 χάριν
965 2856 1345 2925 παραιτεῖσθαι
1390 2855 1725 2925 τολμῶντας,
1776 2858 1869 2908 καὶ

287 2944 381 2996 τὸν
406 2944 665 3015 κλήτορα,
696 2946 789 2997 καὶ
813 2944 872 2999 τὸ
899 2946 997 3015 τῆς
1029 2946 1221 3015 καινῆς
1254 2945 1516 3015 διαθήκης
1547 2946 1876 3015 συμπόσιον,-

290 3035 383 3087 καί
406 3036 506 3103 τὴν
532 3034 755 3105 λογικὴν
781 3037 1004 3106 τροφήν·
1035 3029 1107 3087 ὧν
1133 3036 1387 3089 ἀπάντων
1414 3036 1713 3106 ἐστέρησαν
1743 3038 1869 3088 ἐαυ-

287 3127 435 3187 τοὺς,
471 3125 611 3178 κατά
645 3126 742 3195 μὲν
774 3126 875 3196 τὴν
906 3124 1256 3179 ἀποδοθεῖσαν
1290 3126 1605 3197 ἑρμηνείαν,
1650 3128 1698 3178 οἱ
1731 3144 1863 3197 προ·

1968 1942 2248 2011 privamur
2301 1942 2427 2009 quia
2474 1939 2635 1993 rebus
2677 1937 2798 1991 aliis
2839 1954 3024 1992 curam
3068 1941 3405 2009 impendunt.
3446 1940 3540 1995 Et-

1976 2032 2118 2085 enim
2149 2032 2454 2085 distrahere
2490 2041 2654 2098 atque
2684 2039 2932 2084 avertere
2960 2046 2988 2083 a
3021 2032 3309 2086 vocatione
3337 2032 3539 2086 sollici-

1967 2122 2180 2175 tudines
2243 2122 2423 2174 mundi
2476 2122 2660 2181 docet,
2710 2136 2831 2190 qua:
2874 2122 3038 2176 variae
3079 2131 3248 2177 sunt:
3303 2138 3427 2177 nam
3455 2121 3539 2177 vel

1969 2213 2408 2281 possessionibus
2459 2213 2715 2281 agrisque
2764 2212 2979 2273 intenti,
3027 2228 3120 2267 eas
3151 2228 3237 2267 res
3263 2214 3540 2269 vocationi

1968 2304 2317 2369 antelcrunt;
2356 2305 2425 2358 ita
2462 2314 2519 2357 ut
2563 2320 2832 2359 excusare
2880 2320 2937 2359 se
2988 2309 3165 2361 vocati
3202 2308 3408 2361 idcirco
3444 2295 3543 2361 au-

1970 2396 2153 2450 deant.
2188 2396 2281 2451 νει
2317 2398 2443 2453 vita:
2499 2400 2731 2464 negotiis
2763 2409 3089 2461 atteruntur,
3114 2398 3540 2469 velviuptiarum

1968 2488 2351 2550 acliberﬁrum
2386 2489 2615 2543 vinculis
2656 2492 3027 2559 implicantur.
3063 2491 3144 2545 vel
3198 2493 3322 2546 aliis
3361 2490 3544 2560 hujus-

1970 2578 2113 2630 modi
2146 2577 2294 2630 curis
2337 2578 2503 2631 dediti
2526 2590 2673 2633 sunt.
2703 2581 2983 2634 llmccniui
3016 2592 3069 2635 et
3098 2581 3201 2634 alia
3234 2580 3542 2649 huiusmodi

1969 2668 2241 2721 abducere
2270 2683 2331 2722 ac
2358 2669 2664 2724 distrahere
2711 2672 2886 2727 solent
2934 2687 3028 2728 eos
3054 2674 3145 2741 qui
3189 2675 3417 2742 gratiam
3450 2688 3541 2729 re-

1976 2760 2227 2827 pudiare,
2252 2773 2675 2829 vocantemque.
2709 2779 2808 2819 nec
2856 2779 2963 2818 non
3004 2764 3126 2818 novi
3159 2763 3378 2819 foederis
3411 2779 3541 2818 con-

1968 2849 2193 2913 vivium,
2248 2859 2303 2903 et
2345 2838 2769 2908 intellectualem
2824 2870 3035 2917 escam.
3087 2856 3304 2909 audent.
3334 2856 3543 2922 Quibus

1969 2941 2221 2995 omnibus
2253 2953 2423 2995 semet
2454 2946 2804 3008 orhaverunt.
2832 2946 3128 3000 secundum
3161 2946 3297 2999 hanc
3322 2946 3542 3014 quidem

1972 3030 2498 3099 interpretationem,
2537 3035 2572 3087 ii
2606 3036 2697 3103 qui
2730 3036 2943 3093 caelesti
2974 3037 3247 3090 vocationi
3293 3036 3545 3106 jucundi-

1973 3131 2111 3175 tates
2163 3123 2320 3191 hujus
2363 3126 2547 3179 mundi
2589 3122 2961 3194 pnctuleruut,
2997 3108 3213 3179 divitias
3255 3127 3540 3191 nimirum,

287 3219 616 3287 τιμήσαντες
646 3191 743 3287 τῆς
780 3191 1028 3285 οῦρανίου
1063 3218 1304 3288 κλήσεως
1322 3191 1574 3287 ’τὰ-ἡδέα
1601 3216 1694 3269 τοῦ
1722 3191 1860 3287 πάρ-

1971 3214 2186 3279 negotia
2221 3223 2273 3265 et
2331 3216 2579 3283 nuptias;
2639 3232 2868 3283 quorum
2920 3231 3082 3270 causa
3132 3204 3361 3286 gratiam
3396 3232 3545 3272 recu-

287 3307 441 3370 ὁντος
502 3308 636 3377 βίου,
688 3309 915 3362 πλοῦτον
963 3309 1164 3379 δηλαδὴ
1210 3310 1303 3361 καὶ
1346 3309 1727 3378 πραγματείας
1775 3310 1866 3361 καὶ

287 3399 490 3467 γάμον,
542 3400 636 3451 καὶ
673 3399 761 3453 διὰ
807 3398 977 3452 ταῦτα
1022 3401 1120 3469 τὴν
1162 3399 1320 3469 χάριν
1364 3400 1862 3468 παραιτησάμενοι·

287 3489 432 3543 κατά
458 3488 501 3541 δ’
535 3490 724 3561 ἐτέραν
764 3490 987 3560 ἐκδοχὴν
1010 3493 1058 3543 oi
1088 3489 1293 3560 πρῶτοι
1313 3489 1413 3557 τῆς
1439 3489 1681 3559 κλήσεως
1708 3489 1868 3558 ἠξιω-

294 3580 467 3650 μένοι,
501 3574 644 3633 οῦτοι
669 3581 712 3633 δ’
742 3576 880 3651 ἦσαν
904 3582 949 3632 oi
980 3583 1043 3633 ἐκ
1074 3579 1398 3651 περιτομῆς,
1424 3581 1472 3631 οἳ
1504 3580 1567 3649 δὴ
1600 3580 1865 3648 προφάσει

288 3670 393 3740 τῆς
418 3672 548 3741 περί¹
592 3671 654 3723 τὸ
686 3674 928 3741 κρεῖττον
976 3671 1228 3741 ἀσχολίας
1260 3670 1358 3740 τὴν
1395 3670 1584 3741 κλῆσιν
1617 3670 1862 3740 ὕϐρισαν.

298 3759 390 3821 Ὧς
417 3760 523 3829 γὰρ
564 3759 775 3829 ἔχοντες
818 3762 1017 3832 ἀγροὺς
1064 3760 1132 3814 τά
1178 3762 1305 3831 παρ’
1351 3761 1530 3824 αὐτοῖς
1578 3760 1865 3831 ἀμφιλαφῆ

286 3850 712 3921 ἀναγνώσματα,
735 3853 829 3905 καὶ
850 3852 924 3915 ὼς
948 3851 1074 3921 βόας
1098 3852 1369 3923 ἀροτῆρας
1392 3852 1715 3923 κεκτημένοι
1742 3852 1867 3914 τοὺς

288 3943 421 4011 παρ’
454 3942 637 4005 αὐτοῖς
665 3944 965 4015 προφήτας,
996 3943 1089 3996 καὶ
1125 3942 1200 4004 ὡς
1239 3941 1304 3994 ἂν
1338 3944 1499 4013 σοφίᾳ.
1540 3942 1645 3997 τινὶ
1674 3936 1760 3994 οἷα
1801 3941 1864 4013 δὴ

287 4034 512 4102 γυναικὶ
562 4033 934 4103 συμϐιοῦντες,
980 4035 1080 4104 τὴν
1117 4034 1476 4103 εὐαγγελικην
1526 4033 1865 4101 ἐξευτέλισαν

288 4124 469 4195 χάριν.
492 4155 563 4165 —
607 4126 823 4196 Ἐπειδὴ
854 4126 911 4179 δέ
936 4122 1076 4197 ἦσαν
1104 4125 1246 4180 οὕτω
1271 4130 1462 4197 παχεῖς
1490 4127 1587 4197 τὴν
1616 4127 1863 4198 καρδίαν,

288 4216 564 4285 ἐξυφαίνει
597 4217 909 4290 παρασολὴν
931 4218 1293 4290 ἀποχρώντως
1320 4219 1546 4289 ἔχουσαν
1574 4222 1654 4283 είς
1686 4220 1864 4290 παρά-

286 4308 454 4373 δειξιν
487 4308 586 4378 τῆς
614 4312 695 4363 ἐπ’
728 4311 910 4373 αὐτοῖς
935 4311 1195 4381 ἐσομένης
1216 4310 1527 4380 οἰκονομίας
1553 4327 1565 4340 ⁸
1599 4311 1733 4382 πρὸς
1756 4312 1866 4382 γὰρ

287 4399 351 4454 τδ
376 4399 662 4470 μακάριος
685 4404 797 4470 ἔσῃ
827 4402 1168 4464 ἀποϐλέπων,
1214 4403 1310 4455 καὶ
1353 4402 1486 4473 πρὸς
1516 4402 1577 4455 τὸ
1607 4403 1864 4456 ἀνταπο-

1967 3314 2177 3357 sarunt.
2226 3302 2533 3358 Secundum
2604 3306 2764 3359 aliam
2836 3322 2967 3361 vero
3013 3306 3539 3376 interpretationem,

1968 3398 2176 3464 priores
2210 3397 2282 3448 illi
2319 3398 2605 3465 dignanter
2624 3398 2820 3459 vocati,
2857 3398 2906 3450 id
2934 3408 3010 3451 est
3045 3398 3277 3464 populus
3298 3397 3541 3451 circ-um-

1967 3486 2133 3548 cisus,
2165 3487 2254 3554 qui
2308 3488 2553 3541 melioris
2608 3488 2836 3542 instituti
2891 3497 3152 3558 pretcxtu
3201 3489 3541 3542 vocationem

1966 3588 2311 3645 spreverunt.
2367 3576 2501 3630 Nam
2554 3580 2711 3647 quasi
2764 3592 2925 3649 agros
2988 3579 3253 3633 haberent
3293 3579 3542 3646 copiosas

1967 3684 2094 3723 snas
2118 3669 2451 3737 Scripturas,
2475 3680 2529 3723 et
2562 3671 2722 3723 boum
2746 3671 3017 3723 arantium
3045 3671 3218 3723 instar
3248 3670 3538 3737 prophetas

1968 3774 2111 3819 suos,
2143 3770 2197 3815 et
2229 3777 2349 3813 cum
2379 3761 2651 3831 sapientia
2698 3777 2795 3816 sua
2831 3762 2998 3816 veluti
3048 3777 3219 3816 uxore
3248 3763 3540 3816 conviven-

1968 3862 2069 3917 tes,
2098 3853 2463 3920 evangelicum
2495 3853 2723 3921 gratiam
2754 3854 3111 3923 despuerunt.
3141 3884 3210 3893 —
3236 3852 3373 3918 Quia
3412 3866 3545 3907 vero

1974 3953 2256 4011 tantopere
2304 3945 2423 3997 rudi
2466 3945 2629 3998 corde
2674 3954 2852 4007 erant,
2894 3935 3397 4013 nectitparaboiam
3430 3943 3543 4000 ido-

1971 4048 2131 4086 neam
2164 4034 2590 4089 demonstrando
2646 4034 2882 4088 futuram
2918 4035 3056 4103 apud
3103 4035 3249 4104 ipsos
3273 4036 3540 4104 gerenda-

1969 4142 2085 4178 rum
2116 4142 2293 4180 rerum
2321 4127 2608 4181 rationem.
2641 4126 2885 4192 Namque
2926 4127 2991 4181 ad
3026 4126 3115 4179 illa
3142 4128 3305 4180 verba
3353 4126 3539 4181 beatus

1964 4216 2067 4268 cria
2116 4227 2278 4284 atque
2313 4217 2378 4269 ad
2432 4217 2521 4270 illa
2553 4217 2870 4270 retribuetur
2905 4218 3002 4272 tibi
3054 4218 3112 4271 in
3153 4217 3541 4271 resurrectione

1955 4306 2242 4375 jualorum,
2284 4308 2579 4377 respiciens
2608 4310 2853 4375 conviva,
2892 4309 3118 4378 [beatum
3150 4307 3390 4378 appellat
3412 4322 3538 4363 eum

1963 4398 2054 4466 qui
2094 4398 2146 4451 in
2177 4414 2339 4470 regno
2366 4398 2560 4468 dignus
2592 4400 2861 4455 eritvesci
2906 4414 3064 4469 pane.
3105 4398 3275 4455 Porro
3334 4400 3424 4456 hic
3460 4400 3539 4455 iu-

288 4491 610 4557 δοθήσεται
635 4509 733 4547 σοι
772 4496 840 4547 ἐν
874 4492 947 4563 τῇ
984 4492 1317 4549 ἀναστάσει
1360 4493 1479 4547 τῶν
1518 4494 1783 4556 δικαίων,
1832 4496 1861 4547 ὁ

1967 4489 2228 4558 telligitur
2263 4488 2353 4556 qui
2385 4490 2596 4545 dandus
2616 4490 2718 4544 erit
2752 4490 3131 4545 remunerandi
3176 4505 3339 4546 causa
3384 4491 3538 4546 beni-

289 4585 576 4636 συνανακεί
583 4601 737 4655 μενος
764 4586 1054 4657 μακαρίζει
1074 4586 1165 4639 τὸν
1192 4584 1459 4656 μέλλοντα
1474 4584 1858 4651 καταξιοῦσοαι

1967 4582 2224 4650 guitatem
2256 4583 2584 4655 pauperibus
2629 4583 2925 4638 exhibitam
2963 4602 2979 4651 ;
3014 4586 3219 4656 quique
3257 4585 3310 4639 in
3360 4600 3535 4641 resur-

286 4674 384 4729 τοῦ
416 4677 474 4729 ἐν
498 4680 564 4747 τῇ
596 4676 838 4749 βασιλείᾳ
886 4680 1071 4749 ἄρτου.
1120 4674 1285 4742 οὗτος
1322 4677 1379 4730 δὲ
1419 4673 1487 4747 ἦν
1516 4678 1543 4729 ὁ
1575 4678 1693 4730 κατ’
1742 4677 1865 4729 ἀντ-

286 4764 543 4820 απόδοσιν
574 4766 671 4836 τῆς
703 4769 783 4831 εἰς
809 4768 935 4831 τοὺς
962 4769 1205 4837 πτωχοὺς
1252 4765 1676 4836 φιλανθρωπίας,
1710 4766 1767 4818 ἐν
1794 4768 1859 4836 τῇ

286 4855 578 4909 ἀναστάσει
602 4856 710 4911 τῶν
735 4857 957 4910 δικαίων
989 4856 1451 4927 ἀποδοθησόμενος
1496 4855 1574 4925 τῷ
1625 4872 1864 4927 μακαρι-

286 4946 521 5016 ζομένῳ,
546 4946 647 5016 τῆς
677 4948 1021 5013 ἀναστάσεως
1049 4949 1142 5001 καὶ
1169 4949 1268 5019 τῆς
1281 4945 1387 5001 «τοῦ
1414 4946 1548 4999 Θεοῦ
1582 4945 1853 5016 βασιλείας

287 5038 421 5109 μιᾶς
464 5037 556 5090 καὶ
581 5037 679 5107 τῆς
711 5037 879 5107 αὐτῆς
910 5038 1219 5108 νοουμένης.
1253 5037 1397 5108 Πρὸς
1443 5032 1536 5089 οὖν
1568 5036 1658 5088 τὸν
1703 5038 1853 5108 εἰρη-

1965 4674 2204 4728 rectione
2234 4673 2505 4743 iustorum
2545 4674 2925 4730 retribuendus
2945 4683 3028 4731 est
3052 4676 3215 4732 beato
3238 4676 3315 4731 illi
3341 4692 3357 4730 :
3409 4691 3534 4730 nam

1963 4766 2293 4821 resurrectio
2340 4765 2481 4821 idem
2525 4780 2645 4821 esse
2697 4764 3017 4835 intelligitur
3055 4783 3121 4823 ac
3164 4782 3387 4839 regnum
3416 4768 3532 4823 Dei.

1965 4857 2173 4911 Dicenti
2202 4873 2351 4927 ergo,
2389 4859 2585 4912 Beatus
2623 4862 2713 4933 qui
2749 4862 3030 4915 manducat
3058 4877 3245 4922 panem
3277 4862 3331 4914 ia
3373 4875 3535 4931 regno

1960 4944 2082 5008 Dei,
2134 4950 2440 5014 parabolam
2490 4954 2713 5022 exponit
2744 4954 3005 5008 Servator
3039 4954 3246 5007 docens
3282 4951 3535 5021 quisnam

1960 5036 2032 5091 sit
2064 5038 2153 5092 ille
2181 5042 2393 5095 beatus.

283 5128 441 5191 κύτει,
466 5126 757 5197 Μακάριος
786 5129 949 5193 ὅστις
986 5130 1228 5198 φάγεται
1261 5128 1442 5197 ἄρτον
1483 5127 1553 5181 ἐν
1588 5126 1663 5196 τᾶ
1694 5128 1981 5195 βασιλείᾳ
2018 5132 2125 5186 τοῦ
2150 5133 2318 5198 Θεοῦ,
2370 5135 2453 5199 τίς
2484 5136 2549 5190 ἂν
2579 5136 2789 5205 γένοιτο
2839 5127 2995 5201 οὗτος
3031 5138 3060 5191 ὁ
3110 5135 3399 5209 μακάριος,
3442 5126 3533 5194 διὰ

280 5220 389 5290 τῆς
416 5218 724 5295 παραϐολῆς
748 5220 776 5272 ὁ
808 5220 995 5291 Σωτὴρ
1028 5222 1372 5292 παρίστησιν.

368 5312 585 5382 Ἐπειδὴ
633 5312 811 5366 τοίνυν
855 5313 1157 5383 ἐκλήθησαν
1212 5313 1397 5366 πολλοὶ⁵
1444 5314 1524 5375 είς
1560 5313 1620 5364 τὸ
1675 5312 1853 5366 πάντα

2027 5313 2292 5381 Quoniam
2336 5314 2519 5384 itaque
2569 5316 2743 5368 vocati
2786 5324 2914 5369 sunt
2959 5317 3112 5370 multi
3160 5317 3227 5370 ad
3278 5326 3527 5386 paratam

280 5406 476 5475 Ξτοιμα
506 5404 667 5475 φέρον
706 5404 916 5457 δεῖπνον
946 5404 1079 5475 (τῆς
1104 5404 1211 5475 γάρ
1241 5404 1513 5474 βασιλείας
1535 5404 1699 5469 ἀξίως
1721 5408 1750 5458 ὁ
1777 5407 1855 5458 οἰ-

1967 5420 2169 5460 εαειιτιιιι
2226 5407 2373 5473 (nam
2411 5422 2507 5473 pro
2534 5408 2797 5476 dignitate
2830 5408 2981 5476 regni
3017 5408 3099 5461 sui
3138 5406 3530 5474 paterfamilias

279 5496 613 5567 κοδεσπότης
640 5496 699 5549 τὺ
730 5496 969 5549 τοιοῦτον
1002 5500 1145 5549 ποιεῖ
1170 5496 1440 5567 δεῖπνον),
1471 5497 1853 5568 παρῃτήσαντο

1967 5512 2168 5551 caenam
2198 5497 2506 5566 huiusmodi
2538 5499 2717 5565 facit),
2747 5501 2838 5555 sed
2870 5501 3106 5569 gratiam
3144 5501 3527 5569 repudiarunt,

278 5588 340 5643 δὲ
364 5588 462 5660 τὴν
488 5588 664 5661 χάριν,
695 5590 822 5660 περὶ
849 5588 946 5661 μξν
966 5587 1169 5643 τούτων
1199 5588 1471 5659 ἀπόφασις
1508 5588 1854 5659 ἐξενήνεκται

1967 5588 2027 5649 tio
2052 5588 2137 5645 his
2164 5588 2272 5643 lata
2302 5590 2570 5645 sententia
2624 5590 2728 5646 fuit
2774 5591 3039 5676 dicendo:
3070 5588 3353 5646 Neminem
3383 5590 3534 5646 viro-

354 5791 399 5823 “
428 5789 556 5847 Luc.
589 5804 699 5859 atv,
732 5789 817 5846 18.

3790 3308 3867 3389 β
