4128 6294
689 371 794 428 επ

1368 362 1635 422 EUSEBII
1671 357 2142 419 CESARIENSIS
2175 351 2328 416 OPP.
2367 353 2547 412 PARS
2582 353 2671 413 111.
2711 387 2780 398 ——
2816 354 3222 413 EXEGETICA.

694 505 811 546 rum
839 487 1050 545 illorum
1076 484 1165 556 qui
1192 483 1368 549 vocati
1398 483 1568 547 fuere.
1598 489 1653 536 et
1683 481 1753 536 ob
1774 495 1838 536 su
1850 495 1910 536 as
1934 479 2209 535 mundana:

2331 477 2364 547 ἡ
2422 476 2638 548 φήσασα
2685 475 2767 529 δτι
2788 490 2802 506 ·
2848 474 3034 537 οὐδεὶς
3084 474 3192 527 τῶν
3246 471 3455 546 ἀνδρῶν
3506 473 3728 528 ὲκείνων
3779 474 3897 527 τῶν

688 577 1072 650 occupationes
1119 576 1454 640 recusavere,
1504 585 1713 650 canam
1767 585 1942 626 meam
1989 577 2231 641 gustatu.

687 686 806 727 rum
827 648 848 726 7:
882 669 1019 724 alios
1047 677 1249 731 autem,
1287 667 1478 721 horum
1519 648 1654 726 loco,
1702 663 1824 717 vitae
1877 660 2110 732 negotiis
2135 659 2229 714 mi-

685 760 828 818 nime
849 760 1159 831 implicitos,
1183 757 1372 826 dignos
1404 754 1648 809 habitum
1679 753 1744 806 iri
1765 753 1842 807 alt
1861 753 2015 808 beata
2041 764 2225 815 caena,

683 863 874 918 nempe
903 860 1159 918 pauperes
1189 843 1445 913 quosdam
1474 853 1528 896 et
1560 856 1730 896 caecos
1763 850 1815 894 et
1855 839 2088 903 mutilos,
2133 839 2224 906 qui

681 938 949 993 vocationi
999 951 1100 990 non
1152 935 1462 988 restiterunt
1500 946 1516 994 ;
1560 931 1686 1000 quia
1734 931 2222 1002 nequelemebant,

682 1043 856 1101 neque
899 1026 1223 1086 vendebant,
1271 1027 1445 1088 neque
1490 1022 1690 1090 nuptiis
1735 1035 1954 1090 operam
2000 1019 2219 1085 dabant,

682 1132 853 1188 neque
908 1117 1014 1173 alio
1059 1114 1299 1184 quolibet
1358 1112 1575 1182 negotio
1621 1111 2081 1172 distrahebantur,
2129 1110 2222 1165 sed

679 1216 926 1277 prompte
970 1205 1323 1277 expediteque
1392 1201 1624 1271 gratiam
1667 1201 2018 1254 admiserunt.
2076 1198 2223 1266 Quos

679 1271 955 1361 invita-tor,
988 1271 1162 1363 primo
1190 1271 1402 1361 quidem
1434 1288 1732 1343 incolumes
1760 1287 1944 1350 faciet,
1967 1287 2090 1357 quia
2141 1286 2221 1341 ιά-

673 1387 776 1443 cile
804 1401 1016 1442 omnem
1038 1384 1276 1439 morbum
1290 1393 1450 1450 atque
1475 1382 1782 1450 languorem
1812 1389 1987 1434 sanat.
2022 1378 2223 1434 Deinde

671 1489 780 1532 etc.
822 1478 951 1544 Qua:
993 1475 1171 1530 omnia
1221 1473 1320 1528 sibi
1372 1472 1766 1526 interdixerunt
1794 1477 2108 1524 recusantes
2144 1465 2218 1522 illi

673 1567 910 1624 Iudaica
945 1580 1223 1638 synagoga
1266 1565 1533 1633 principes
1580 1581 1596 1629 ;
1637 1576 1865 1632 quorum
1914 1560 2034 1616 loco
2071 1558 2220 1628 plebs

673 1661 942 1731 morigera
969 1658 1089 1726 fuit,
1115 1673 1234 1727 qua:
1256 1657 1312 1709 in
1353 1654 1547 1724 plateis
1569 1655 1741 1719 urbis,
1764 1665 1956 1720 nempe
1985 1651 2039 1705 in
2063 1648 2220 1723 legall

674 1750 881 1821 palilia,
912 1749 1142 1802 vivebat.
1178 1777 1247 1788 —
1266 1746 1518 1802 Fortasse
1567 1754 1743 1800 autem
1769 1743 1855 1798 bis
1883 1739 2215 1806 hominibus,

2327 566 2703 637 κεκλημένων,
2743 565 2837 620 καὶ
2871 565 2956 619 διά
2993 566 3091 629 τάς
3140 566 3396 636 amna;
3444 564 3698 636 ἀσχολίας
3745 582 3895 637 mp.

2326 658 2730 728 αιτησαμένων,
2788 657 3204 727 γεύσεταίἹμου
3249 657 3343 711 τοῦ
3389 656 3636 711 δείπνου·
3667 656 3891 727 ἑτέρους

2323 747 2368 801 δ’
2410 747 2528 801 ἀντὶ
2572 747 2773 802 τούτων
2807 749 2934 811 τούς
2971 747 3046 817 μή
3075 747 3608 819 περιπεπλεγμένους
3640 748 3764 810 ταῖς
3790 746 3888 801 τοῦ

2325 837 2439 908 βίον
2479 839 2867 910 πραγματίαις,
2897 836 3391 909 καταξιωθήσεσθαί
3417 855 3548 908 φησι
3578 836 3671 891 τοῦ
3702 855 3852 908 μακα
3875 869 3886 880 -

2325 930 2443 1001 ρίου
2467 929 2703 994 δείπνου,
2739 928 2983 1002 πτωχούς
3018 946 3169 994 τινας
3190 929 3284 984 καὶ
3305 929 3536 999 τυφλοὺς
3558 928 3654 982 καὶ⁸
3677 928 3887 999 ἀναπήο

2325 1037 2471 1092 ρους,
2515 1023 2640 1085 τούς
2672 1021 2935 1093 μηδαμῶς
2970 1021 3479 1094 παραιτησαμένους
3522 1021 3622 1091 τῆν
3667 1019 3879 1089 κλῆσιν,

2319 1111 2408 1166 διά
2428 1113 2488 1165 τὺ
2514 1114 2652 1183 μήτε
2677 1112 2986 1185 ἀγοράζειν,
3024 1113 3156 1184 μήτε
3175 1112 3524 1184 πιπράσκειν,
3554 1113 3692 1183 μήτε
3719 1110 3887 1181 γάμῳ

2322 1203 2619 1275 σχολάζειν,
2651 1202 2778 1274 μήθ’
2805 1203 2896 1272 ὐφ’
2934 1204 3134 1275 ἑτέρων
3172 1201 3334 1256 τινῶν
3368 1201 3626 1254 τοιούτων
3663 1198 3880 1272 περιο-

2319 1293 2528 1359 κεσθαι,
2560 1293 2851 1365 προθύμως
2877 1294 2934 1348 δὲ
2970 1295 3063 1348 καὶ
3101 1293 3329 1365 ἑτοίμως
3358 1292 3750 1363 καταδέχεσθαι
3780 1292 3882 1364 τὴν

2319 1384 2496 1454 χάριν·
2526 1381 2618 1446 οὓς
2648 1383 2677 1435 ό
2709 1381 2941 1445 καλέσας
2967 1382 3182 1453 πρῶτον
3205 1382 3304 1453 μιν
3328 1383 3496 1451 ὐγιείς
3521 1383 3877 1451 καταστήσει,

2263 1468 2268 1474 ’
2317 1469 2429 1538 οἷός
2458 1491 2520 1528 τε
2545 1474 2620 1528 ὢν
2651 1473 2846 1546 ῥᾳδίως
2877 1475 3056 1527 πᾶσαν
3086 1475 3239 1530 νόσον
3267 1473 3362 1528 καὶ
3389 1475 3566 1527 πᾶσαν
3602 1473 3881 1543 μαλακίαν

2318 1565 2657 1637 θεραπεύειν·
2693 1563 2900 1630 ἔπειτα,
2936 1575 3043 1619 etc.
3080 1563 3162 1634 (ut
3184 1564 3286 1618 eoi.
3309 1564 3457 1630 573).
3488 1557 3586 1615 Ὧν
3621 1560 3881 1617 ἀπάνὶοιν

2318 1656 2615 1727 ιστέρησαν
2641 1656 2864 1718 ἑαυτοὺς
2889 1655 2939 1707 oi
2965 1654 3447 1725 παραιτησάμενοι,
3469 1649 3568 1723 τῆς
3609 1651 3879 1706 Ἰουδαίων

2319 1745 2638 1816 συναγωγῆς
2664 1747 2713 1798 ei
2744 1745 3016 1816 ἄρχοντες·
3055 1744 3172 1813 μεθ’
3205 1745 3298 1809 οὓς
3331 1744 3365 1815 ή
3393 1743 3600 1815 πληθὺς

670 1805 914 1897 ethnicos
951 1840 1207 1898 denoure
1233 1837 1465 1904 volabat,
1488 1836 1577 1906 qui
1616 1836 1681 1888 ad
1710 1833 1826 1905 ejus
1853 1832 2209 1902 magisterium

2318 1853 2431 1900 σεν,
2590 1805 2870 1900 eum;
2900 1805 3105 1899 πόλεως
3137 1836 3204 1906 τῇ
3239 1805 3380 1888 κατά
3423 1805 3593 1905 νέμω
3629 1805 3877 1906 πολιτεία

668 1945 821 1988 erant
850 1930 1144 1986 aceessuri.
1178 1928 1241 1983 Hi
1275 1938 1430 1984 antea
1464 1926 1758 1983 idololatrc
1781 1936 1959 1991 erant,
1988 1937 2219 1993 quorum

668 2012 877 2077 animas
897 2021 1022 2076 mali
1036 2021 1302 2076 daemones
1324 2020 1649 2072 vitiaverant
1668 2011 1833 2085 ;quoa
1853 2021 2218 2068 consentance

667 2113 966 2169 invitationi
984 2126 1091 2166 suae
1106 2110 1402 2179 suscipiens
1414 2107 1567 2163 convi
1577 2117 1750 2171 vator,
1763 2105 1990 2175 primum
2001 2104 2216 2174 quidem

677 2217 838 2259 sanos
852 2201 1247 2270 incolumesque
1264 2197 1739 2260 eﬂiciet.cmlorum
1751 2195 1934 2249 oculos
1947 2208 2216 2259 reserans,

663 2291 832 2349 omini
864 2291 1051 2345 morbo
1087 2289 1338 2359 omnique
1372 2287 1611 2358 languori
1647 2286 1942 2340 animarum
1981 2285 2214 2353 ipsorum

665 2383 909 2448 medens;
939 2382 1130 2437 deinde
1146 2380 1335 2435 iisdem
1366 2379 1660 2448 spiritalem
1689 2390 1896 2431 caenam
1921 2373 2211 2430 exhibebit.

664 2470 828 2527 Primi
859 2472 1040 2541 itaque
1082 2471 1254 2525 vocati
1294 2477 1420 2524 sunt
1465 2465 1793 2530 circumcisi,
1827 2463 2214 2535 unadversus

663 2561 892 2632 gratiam
931 2560 1301 2616 contumeliosi
1339 2558 1576 2614 fuerunt.
1624 2556 1853 2612 Secundi
1900 2556 2213 2626 alienigena:

662 2651 888 2717 ethnici,
915 2651 1004 2721 qui
1051 2659 1205 2703 antea
1235 2662 1374 2703 caeca
1413 2657 1589 2702 mente
1629 2656 1805 2711 erant,
1835 2656 1891 2701 et
1937 2647 2133 2710 mutili,
2157 2654 2213 2699 et

660 2744 854 2807 claudi.
886 2759 952 2800 ac
984 2743 1137 2807 muti,
1165 2743 1254 2813 qui
1281 2743 1440 2796 etiam
1477 2742 1729 2796 alacriter
1749 2741 2205 2812 obtemperarent.

658 2833 777 2890 Jam
819 2835 874 2889 in
917 2834 1104 2904 plateis
1147 2843 1443 2895 versantes,
1476 2832 1510 2886 ii
1536 2833 1788 2887 credendi
1835 2840 1960 2885 sunt
1987 2830 2076 2898 qui
2104 2829 2208 2884 lata

658 2925 976 2996 perditionis
1006 2925 1087 2978 via
1127 2925 1395 2988 incedunt,
1434 2931 1489 2976 et
1521 2923 1638 2977 sine
1670 2921 1918 2976 doctrina
1951 2920 2210 2991 dogmati-

656 3018 825 3074 busve
849 3017 1055 3070 vivunt.
1088 3011 1222 3068 Tum
1253 3013 1479 3068 latentes
1507 3015 1558 3067 in
1591 3013 1820 3083 angulis,
1853 3013 1888 3066 ii
1928 3013 2019 3081 qui
2064 3011 2209 3064 mali-

2317 1926 2484 1991 ζῶσα.
2513 1957 2581 1967 -
2601 1927 2753 1996 Τάχα
2773 1925 2830 1980 δι
2850 1923 2940 1978 διά
2963 1924 3164 1996 τούτων
3191 1925 3315 1988 τοὺς
3335 1923 3394 1989 ἐξ
3419 1924 3587 1978 ἐθνῶν
3607 1927 3873 1996 ᾐνίττετο,

2313 2018 2392 2089 τῷ
2430 2016 2614 2071 ,αὐτοῦ
2669 2017 2811 2086 λόγῳ
2859 2016 3135 2087 προσιέναι
3185 2014 3492 2086 μέλλοντας.
3544 2015 3788 2071 Τοιοῦτοι
3818 2017 3874 2071 δὲ

2315 2109 2560 2180 ὑπῆρχον
2587 2111 2634 2162 οί
2653 2109 2782 2180 πρὶν
2810 2106 3187 2178 εἰδωλολάτραι
3209 2105 3313 2159 ὐπὸ
3332 2105 3598 2176 δαιμόνων
3623 2108 3875 2180 πονηρῶν

2313 2199 2410 2263 τάς
2438 2197 2614 2269 ψυχάς
2653 2197 3036 2268 λελωϐημένον
3083 2195 3178 2259 οὓς
3208 2194 3512 2259 ἀκολούθως
3533 2200 3599 2266 τῇ
3631 2198 3871 2266 ἐπαγγε-

2313 2291 2401 2362 λία
2432 2290 2822 2361 ὑποδεξάμενος
2847 2291 2876 2343 ό
2909 2287 3194 2358 ἑστιάτωρ,
3227 2284 3419 2358 πρῶτα
3449 2287 3547 2357 μὲν
3578 2286 3752 2352 σώους
3779 2288 3872 2342 καὶ

2314 2383 2481 2448 ὐγιείς
2524 2382 2978 2450 ἀποκαταστήσει,
3017 2379 3234 2445 ἀνοίξας
3277 2375 3492 2445 τυφλῶν
3535 2377 3867 2450 ὀφθαλμοὺς.

2313 2472 2492 2526 πᾶσάν
2511 2489 2570 2524 τε
2594 2473 2746 2526 νόσον
2765 2471 2859 2526 καὶ
2877 2472 3059 2525 πᾶσαν
3077 2474 3346 2544 μαλακίαν
3360 2474 3468 2529 τῶν
3483 2471 3669 2542 ψυχῶν
3689 2471 3870 2526 αὐτῶν

2315 2563 2619 2632 ίασάμενος·
2648 2562 2835 2614 ἔπειτα
2865 2560 2926 2614 τὸ
2954 2562 3320 2631 πνευματικὸν
3348 2563 3529 2625 αὐτοῖς
3558 2561 3868 2633 παραθήσει

2310 2652 2544 2706 δεῖπνον.
2570 2653 2784 2724 Πρῶτοι
2820 2653 2918 2723 μὲν
2948 2649 3041 2706 οὖν
3067 2652 3370 2725 ἐκλήθησαν
3389 2655 3434 2707 οἱ
3463 2655 3526 2707 ὲκ
3545 2653 3867 2725 περιτομῆς,

2308 2745 2357 2799 οἳ
2391 2746 2484 2800 καὶ
2513 2745 2611 2816 τὴν
2645 2746 2801 2817 χάριν
2829 2743 3182 2817 καθύϐρισαν·
3221 2744 3462 2814 δεύτεροι
3485 2744 3541 2798 δὲ
3574 2744 3692 2814 μετ’
3725 2740 3870 2796 besi-

2307 2855 2429 2901 νους
2456 2840 2503 2890 oi
2525 2839 2587 2890 ὲκ
2606 2838 2712 2890 τῶν
2737 2837 3046 2906 ἀλλοφύλων
3067 2837 3256 2897 ἐθνῶν,
3282 2839 3331 2891 οἱ
3357 2837 3484 2907 πρὶν
3509 2835 3608 2898 τάς
3629 2834 3868 2896 διανοίας

2305 2930 2494 2997 τυφλοὶ
2534 2931 2627 2982 καὶ
2669 2927 2936 2999 ἀνάπηροι
2979 2928 3072 2982 καὶ
3107 2928 3268 2998 χωλοὶ
3300 2927 3394 2982 καὶ
3439 2927 3629 2995 κωφοὶ,
3676 2927 3728 2979 οἳ
3771 2924 3870 2979 καὶ

2310 3022 2622 3092 προθύμως,
2645 3017 2976 3092 ὑπήκουσαν·
3031 3016 3138 3074 εἶεν
3175 3021 3218 3074 δ’
3252 3021 3318 3074 ἀν
3361 3023 3418 3073 ἑν
3447 3019 3724 3083 πλατείαις
3761 3017 3866 3088 μιν

658 3111 785 3164 tiam
818 3107 1054 3177 quolibet
1079 3115 1335 3175 praetextu
1362 3104 1554 3159 velant.
1593 3103 2025 3185 lleliquidemum
2050 3101 2207 3156 tertio

2307 3111 2352 3161 οἱ
2388 3110 2485 3180 τὴν
2512 3107 2817 3180 εὐρύχωρον
2841 3109 2940 3180 τῆς
2968 3109 3236 3173 ἀπωλείας
3265 3107 3380 3163 ὁδὸν
3415 3108 3738 3180 βαδίζοντες,
3766 3109 3864 3163 καὶ

657 3199 776 3254 ιοοο
815 3199 879 3253 de
919 3198 1020 3251 viis
1055 3198 1389 3266 smpibusque
1432 3195 1640 3257 vocati,
1685 3197 1876 3249 animat
1923 3194 1973 3248 in
2024 3193 2206 3249 lnl‘eris

2310 3198 2548 3268 βιοῦντες
2571 3201 2695 3252 ἄνευ
2728 3198 2944 3269 διδαχῆς
2971 3199 3066 3253 καὶ
3095 3199 3375 3270 δογμάτων
3395 3217 3407 3229 ·
3450 3201 3507 3251 ὲν
3550 3199 3608 3252 δὲ
3641 3198 3862 3268 ῥύμαις.

657 3290 905 3346 detentae.
969 3287 1132 3341 Multa
1196 3288 1340 3341 enim
1400 3294 1524 3341 sunt
1567 3285 1774 3339 illarum
1854 3285 2044 3338 itinera
2088 3297 2208 3353 quae

656 3382 783 3436 binc
843 3379 1040 3433 abeunt
1093 3378 1286 3447 quibus
1335 3387 1456 3446 post
1526 3376 1767 3446 corporis
1822 3373 2206 3446 depositidnem

656 3471 963 3539 praedicavit
1009 3466 1284 3523 Servatur.
1315 3465 1615 3522 Clementer
1662 3481 1788 3521 vero
1817 3467 1880 3521 iis
1910 3468 2072 3521 etiam
2111 3481 2206 3521 ne-

653 3555 956 3612 cessitatem
986 3555 1232 3625 imponit,
1258 3556 1346 3625 qui
1378 3555 1609 3609 nondum
1653 3569 1746 3611 sua
1787 3554 2058 3610 voluntate
2097 3570 2206 3610 mo-

651 3657 868 3701 ventur.
898 3644 1046 3701 Talis
1078 3656 1159 3701 est
1182 3661 1332 3701 ctena
1363 3661 1482 3714 qua:
1517 3646 1603 3701 hic
1630 3647 1867 3701 invitatis
1893 3657 2073 3714 parata
2099 3657 2200 3701 est.

654 3736 813 3794 Tales
839 3738 998 3796 etiam
1038 3739 1234 3801 vocati,
1263 3752 1490 3806 quorum
1540 3737 1629 3792 alii
1659 3749 2024 3801 contumaces,
2057 3740 2203 3792 ideo-

651 3844 757 3900 que
778 3829 983 3900 jejuni;
1013 3830 1100 3883 alii
1132 3817 1402 3900 morigeri,
1434 3829 1659 3897 ideoque
1705 3830 1944 3883 admissi.
1970 3828 2046 3882 Tu
2074 3844 2201 3885 vero

652 3918 780 3975 mihi
807 3923 929 3974 hinc
956 3931 1184 3975 mentem
1216 3914 1765 3984 transfer,ctc.'Beati
1794 3936 1920 3990 ergo
1939 3923 2028 3990 qui
2060 3937 2200 3976 nunc

654 4012 902 4066 esuriant
947 4020 1000 4065 et
1030 4012 1216 4065 sitiunt
1254 4010 1537 4078 justitiam,
1567 4013 1688 4080 quia
1720 4020 1843 4066 tunc
1877 4014 2200 4068 saturabun-

653 4112 762 4166 tur,
792 4116 944 4156 ccena
977 4100 1122 4170 regia
1165 4101 1464 4170 epulantes,
1489 4110 1543 4155 et
1576 4102 1700 4155 vita:
1744 4116 1931 4169 panem
1976 4105 2198 4172 partici-

651 4201 860 4257 nantes,
911 4193 1139 4260 novique
1182 4192 1366 4245 calicis
1433 4191 1689 4244 laetitiam.
1734 4191 1969 4257 Quarum
2020 4210 2197 4248 rerum

650 4283 888 4355 symbola
939 4291 1062 4335 ante
1119 4283 1422 4350 passionem
1463 4281 1724 4350 peragens
1752 4281 2041 4338 Servator:
2076 4281 2199 4338 Non

651 4373 842 4435 bibam,
871 4372 1059 4439 lnquil,
1097 4371 1282 4424 «modo
1313 4386 1378 4425 ea:
1403 4372 1499 4424 hoc
1522 4373 1776 4440 geniminc
1813 4375 1932 4427 vitis
1957 4391 2116 4444 usque
2143 4378 2198 4428 in

2305 3291 2353 3342 οί
2405 3289 2774 3353 συστέλλοντες
2809 3289 2903 3360 τήν
2951 3290 3148 3343 κακίαν
3187 3291 3275 3361 οἵᾳ
3313 3291 3510 3361 δήποτε
3560 3291 3860 3361 προφάσει·

2304 3381 2352 3433 οἱ
2377 3381 2430 3433 δὲ
2460 3381 2652 3442 λοιποὶ,
2698 3382 2746 3434 oi
2782 3380 2840 3447 ἐξ
2872 3383 3112 3451 ἐσχάτων
3145 3382 3253 3436 ἀπὸ
3290 3381 3396 3434 τῶν
3432 3381 3565 3434 ὁδῶν
3594 3383 3688 3434 καὶ
3717 3398 3861 3453 φρα-

2303 3471 2458 3544 γμῶν
2500 3471 2816 3543 καλούμενοι
2859 3470 3052 3544 τρίτοι,
3085 3475 3141 3527 αί
3187 3474 3243 3525 ὲν
3275 3472 3399 3544 ᾅδου
3437 3472 3623 3543 ψυχαί·
3669 3471 3865 3526 πολλαὶ

2302 3564 2409 3635 γὰρ
2447 3564 2555 3616 ὁδοὶ
2599 3566 2707 3618 τῶν
2741 3563 3059 3628 ἐξελθόντων
3099 3565 3189 3618 τὸν
3223 3566 3336 3636 βίον
3366 3565 3571 3620 τοῦτον·
3605 3559 3696 3629 αίς
3726 3569 3863 3638 ἐκή-

2304 3655 2428 3724 ρυξε
2461 3653 2598 3724 μετά
2629 3654 2726 3725 τὴν
2757 3655 3012 3709 ἀπόθεσιν
3038 3655 3132 3709 τοῦ
3170 3655 3416 3726 σώματος
3445 3657 3474 3710 ὁ
3514 3654 3734 3728 Σωτήρ·
3771 3674 3863 3725 φι-

2301 3745 2634 3817 λανθρώπως
2670 3745 2714 3798 δ’
2754 3747 2998 3818 ἀνάγκην
3029 3748 3291 3818 προσάγει
3317 3751 3430 3811 τοῖς
3460 3748 3640 3804 οὐκέτι
3669 3748 3857 3815 αὐτεξ-

2303 3838 2523 3901 ουσίοις.
2557 3837 2803 3894 Τοιοῦτον
2838 3841 2934 3909 μὲν
2963 3839 3025 3911 δὴ
3071 3839 3128 3893 τὸ
3163 3839 3394 3904 δεῖπνον,
3436 3840 3572 3910 ὅπερ
3625 3837 3861 3894 ἐνταῦθα

2299 3932 2410 3991 τοῖς
2437 3929 2748 4000 δαιτυμόσιν
2777 3931 3116 4002 ἡτοίμασται·
3145 3932 3239 3986 καὶ
3266 3931 3492 3990 τοιοῦτοί
3517 3947 3660 3996 τινες
3678 3934 3728 3985 οί
3757 3949 3863 3986 κα-

2299 4018 2565 4089 λούμενοι,
2589 4020 2636 4073 οί
2664 4020 2761 4091 μὲν
2789 4021 3049 4086 ἀπειθεῖς,
3078 4021 3172 4076 καὶ
3198 4023 3286 4082 διὰ
3315 4020 3472 4076 τοῦτο
3495 4023 3860 4094 ἀπομένοντες

2299 4109 2587 4178 ἄγευστοι·
2623 4113 2669 4163 οἱ
2706 4109 2761 4163 δὲ
2795 4112 3085 4178 εὐπειθεῖς,
3115 4115 3209 4168 καὶ
3238 4114 3325 4168 διὰ
3353 4112 3508 4169 τοῦτο
3538 4115 3859 4188 προλαμϐα-

2299 4202 2528 4270 νόμενοι.
2563 4204 2633 4255 Σύ
2669 4203 2726 4256 δέ
2761 4221 2848 4274 μοι
2878 4203 3122 4257 ἐντεῦθεν
3151 4205 3358 4276 μετάσα
3397 4211 3464 4278 τῇ
3490 4207 3717 4279 διανοίᾳ,
3743 4217 3855 4262 εις.

2299 4290 2496 4360 (utcol.
2513 4291 2660 4363 572).
2679 4294 2951 4364 Μακάριοι
2981 4294 3110 4362 γοῦν
3124 4297 3191 4349 ὀί
3219 4293 3312 4350 νῦν
3343 4298 3628 4362 πεινῶντες
3655 4297 3749 4352 καὶ
3773 4298 3856 4352 διο

2297 4380 2501 4447 ψῶντες
2520 4383 2616 4452 τὴν
2636 4384 2994 4456 δικαιοσύνην,
3011 4389 3092 4440 ὅτι
3114 4388 3233 4445 τότε
3259 4389 3736 4461 χορτασθήσονται,
3756 4390 3857 4443 τοῦ

650 4465 785 4516 diem
815 4463 986 4524 illum,
1017 4478 1119 4530 quo
1146 4462 1278 4514 illud
1313 4463 1571 4516 vobiscum
1600 4479 1782 4516 novum
1831 4465 2000 4519 bibam
2029 4442 2084 4520 in
2116 4484 2194 4520 re-

2307 4442 2507 4524 δείπνου
2534 4442 2625 4525 τοῦ
2658 4442 2944 4543 βασιλικοῦ⁵
2965 4442 3356 4548 ἐμφορούμενοι
3389 4480 3480 4533 καὶ⁸
3508 4442 3859 4550 μεταλαμδά-

651 4569 750 4624 gno
779 4551 956 4605 Patris
989 4553 1085 4605 mei
1111 4553 1177 4605 ".
1204 4552 1363 4608 Plena
1393 4564 1472 4608 est
1501 4558 1757 4609 bonarum
1783 4571 1963 4610 rerum
1990 4573 2190 4622 mensa,

651 4661 754 4714 qua
788 4655 1071 4699 vescentur
1109 4645 1142 4698 ii
1177 4647 1491 4713 quibuscum
1530 4646 1704 4702 fmdus
1747 4648 2029 4718 disposuit,
2076 4667 2194 4719 pro-

650 4743 830 4804 pterea
865 4737 1004 4804 quod
1034 4751 1212 4790 secum
1258 4736 1310 4790 in
1363 4737 1743 4794 tentationibus
1780 4741 2190 4807 permanserint,

649 4833 708 4879 nt
750 4827 1069 4895 manducent
1109 4843 1172 4881 ac
1212 4827 1396 4881 bibant
1436 4828 1488 4881 in
1522 4843 1704 4883 mensa
1749 4831 1885 4900 ejus,
1920 4847 2057 4902 pane
2083 4847 2193 4888 cos-

2295 4578 2473 4626 νοντες
2502 4563 2593 4633 τοῦ
2631 4565 2796 4636 ἄρτου
2827 4567 2926 4639 τῆς
2955 4567 3117 4639 ζωῆς,
3147 4570 3239 4622 καὶ
3263 4569 3364 4639 τῆς
3399 4571 3734 4642 εὐφροσύνης
3755 4572 3856 4625 τοῦ

2297 4655 2478 4707 καινοῦ
2514 4657 2788 4728 ποτηρίου.
2822 4651 2922 4711 Ὧν
2948 4658 3016 4714 τὰ
3051 4659 3293 4730 σύμϐολα
3323 4661 3585 4714 ἐπιτελῶν
3615 4663 3721 4733 πρὸ
3755 4662 3855 4717 τοῦ

2293 4746 2490 4811 πάθους
2522 4751 2550 4801 ὁ
2587 4749 2794 4820 Σωτὴρ,
2843 4752 2924 4804 Οὐ
2970 4749 3056 4820 μὴ
3107 4753 3239 4815 πίω,
3288 4751 3412 4824 ἔφη,
3458 4754 3561 4807 ἀπ’
3605 4753 3735 4822 ἄρτι
3780 4753 3854 4807 ἐκ

2289 4840 2502 4893 τούτου
2523 4838 2628 4892 τοῦ
2651 4840 3018 4909 γεννήματος
3031 4841 3140 4911 τῆς
3159 4843 3428 4913 ἀμπέλου
3446 4844 3554 4909 ἕως
3574 4844 3683 4913 τῆς
3708 4845 3854 4912 iuui-

647 4915 766 4971 lesti
816 4916 1112 4971 animarum
1143 4927 1450 4972 sanctarum
1497 4921 1754 4974 nutritore
1791 4923 1942 4990 pasti,
1985 4924 2193 4977 vinum-

2307 4947 2395 4998 >ας
2432 4933 2685 4998 ἐκείνης,
2722 4931 2868 4985 ὅταν
2914 4934 3058 4987 αὐτὸ
3088 4934 3238 4988 πίνω
3273 4936 3400 5004 μεθ’
3436 4936 3601 5005 ὑμῶν
3636 4937 3854 4991 καινὸν

647 5007 939 5078 quelnovi
1010 5009 1290 5078 geniminis
1356 5023 1498 5064 verae
1565 5011 1689 5065 vitis
1756 5014 2138 5085 participantes
2172 5055 2187 5082 ,

649 5113 808 5169 quam
839 5097 953 5168 ipse
976 5100 1212 5153 omnium
1253 5099 1392 5154 Deus
1426 5115 1489 5154 ac
1520 5111 1670 5169 pater
1695 5105 1960 5172 excolens,
1991 5123 2186 5162 novum

645 5203 710 5242 ex
740 5190 849 5256 ipsa
880 5188 1108 5242 fructum
1143 5191 1322 5260 dignis
1357 5192 1678 5259 propinabit.

2288 5026 2357 5078 ἐν
2381 5024 2453 5092 τῇ
2486 5025 2770 5092 ,βασιλείᾳ
2793 5025 2901 5079 τοῦ
2935 5025 3161 5094 Πατρός
3191 5026 3355 5095 ἐμοῦ·
3391 5027 3602 5100 πλήρης
3628 5029 3862 5096 ἀγαθῶν

2291 5117 2550 5185 τράπεζα,
2583 5112 2650 5187 ἦς
2680 5117 3075 5190 μεταλήψονται
3101 5111 3182 5179 οἷς
3205 5116 3302 5187 τὴν
3334 5117 3600 5190 διαθήκην
3624 5119 3849 5180 διέθετο,

2291 5205 2376 5261 διὰ
2401 5207 2461 5258 τὸ
2502 5207 2863 5277 μεμενηκέναι
2899 5208 3013 5278 μετ’
3047 5205 3211 5260 αὐτοῦ
3242 5210 3302 5260 ὲν
3334 5211 3444 5272 τοῖς
3493 5213 3848 5282 πειρασμοῖς,

645 5280 713 5336 ἶν’
743 5276 960 5335 ἑσθίωσι
989 5282 1081 5336 καὶ
1128 5283 1350 5336 πίνωσιν
1395 5283 1486 5335 ἐπὶ
1525 5284 1624 5352 τῆς
1667 5287 1936 5358 τραπέζης
1985 5292 2167 5358 αὐτοῦ,
2225 5298 2372 5369 ἄρτῳ
2419 5298 2516 5367 μὲν
2555 5276 2788 5368 οὐρανίῳ
2816 5276 3000 5368 ψυχῶν
3031 5301 3200 5369 ἁγίων
3258 5299 3531 5372 θρεπτικῷ
3575 5276 3855 5372 τραιρησό-

649 5390 820 5467 μενοι,
856 5373 1001 5467 οἴνου
1033 5373 1089 5427 δὲ
1129 5373 1224 5467 τοῦ
1269 5375 1454 5427 καινοῦ
1481 5377 1813 5445 γεννήματος
1841 5380 1936 5449 τῆς
1962 5382 2216 5456 ἀληθινῆς
2245 5387 2490 5467 ἀμπέλου
2533 5387 2980 5459 μεταληψόμενοι,
3019 5390 3086 5462 ήν
3119 5389 3278 5454 αὐτὸς
3302 5392 3331 5442 ό
3362 5390 3471 5444 τῶν
3526 5389 3663 5445 ὅλων
3716 5391 3852 5458 Θεὼ

645 5468 738 5520 καὶ
761 5466 949 5557 Πατήρ
969 5465 1226 5539 γεωργῶν
1253 5467 1313 5522 τὸ
1336 5468 1516 5522 καινὸν
1535 5469 1590 5534 ἐξ
1619 5471 1784 5540 αὐτῆς
1802 5473 2042 5546 γέννημα
2066 5481 2177 5544 τοῖς
2201 5482 2319 5536 τότε
2345 5465 2511 5549 ἀξίοις
2539 5483 2778 5557 παρέξει.

781 5559 823 5589 υ
852 5556 1003 5622 Quod
1029 5558 1076 5610 si
1108 5558 1231 5612 inte
1260 5563 1544 5627 peccareril
1573 5562 1734 5628 frater
1766 5573 1908 5618 tuus.

713 5645 813 5700 Hic
837 5647 951 5702 vult
977 5662 1092 5713 eos,
1127 5649 1218 5718 qui
1267 5649 1478 5719 injuriis
1522 5651 1752 5706 lacessiti
1789 5654 2025 5727 filerunt,
2052 5674 2181 5733 erga

713 5743 764 5776 ”
797 5740 987 5798 Matth.
1014 5757 1166 5810 xxvt,
1203 5742 1293 5798 29-.
1390 5745 1432 5776 ἰ
1459 5744 1589 5803 an.
1627 5762 1756 5814 xvn,
1781 5748 1834 5803 3.

2461 5575 2602 5628 Ἐὰν
2632 5573 2701 5627 δὲ
2730 5573 2956 5643 ἁμάρτῃ
2985 5578 3072 5642 είς
3097 5575 3172 5630 σὲ
3203 5578 3236 5630 ὀ
3262 5574 3522 5646 ἀδελφός
3550 5593 3686 5632 σου.

2370 5664 2631 5720 Ἐνταῦθα
2672 5666 2796 5729 τούς
2823 5668 2880 5720 ὲν
2927 5670 3174 5740 προκοπῇ
3208 5667 3532 5744 γενομένους
3565 5685 3856 5750 συγχωρη-
