  <div class='ocr_page' id='page_1' title='image "/cluster/home/n/w/nwhite01/storage/ocr_20150623/24/pst.000005712083/308.png"; bbox 0 0 4128 6294; ppageno 0'>
   <div class='ocr_carea' id='block_1_1' title="bbox 1417 352 2337 413">
    <p class='ocr_par' dir='ltr' id='par_1_1' title="bbox 1417 352 2337 413">
     <span class='ocr_line' id='line_1_1' title="bbox 1417 352 2337 413; baseline -0.003 0"><span class='ocrx_word' id='word_1_1' title='bbox 1417 353 1936 413; x_wconf 70' lang='grc' dir='ltr'><strong>(ΞΟΜΜΕΝΤΑΒΙΑ</strong></span> <span class='ocrx_word' id='word_1_2' title='bbox 1977 352 2042 407; x_wconf 83' lang='grc' dir='ltr'><strong>ΙΝ</strong></span> <span class='ocrx_word' id='word_1_3' title='bbox 2080 352 2337 410; x_wconf 75' lang='grc' dir='ltr'>ιυοΑιι.</span> 
     </span>
    </p>
   </div>
   <div class='ocr_carea' id='block_1_2' title="bbox 241 466 1817 544">
    <p class='ocr_par' dir='ltr' id='par_1_2' title="bbox 241 470 1817 544">
     <span class='ocr_line' id='line_1_2' title="bbox 241 470 1817 544; baseline -0.005 -13"><span class='ocrx_word' id='word_1_4' title='bbox 241 477 425 540; x_wconf 77' lang='grc' dir='ltr'>τικοὺς</span> <span class='ocrx_word' id='word_1_5' title='bbox 460 470 604 530; x_wconf 75' lang='grc' dir='ltr'>εἶναι</span> <span class='ocrx_word' id='word_1_6' title='bbox 636 476 751 539; x_wconf 85' lang='grc' dir='ltr'>τοῖς</span> <span class='ocrx_word' id='word_1_7' title='bbox 779 472 1031 528; x_wconf 80' lang='grc' dir='ltr'><strong>πταίουσι</strong></span> <span class='ocrx_word' id='word_1_8' title='bbox 1064 472 1335 544; x_wconf 83' lang='grc' dir='ltr'>βούλεται,</span> <span class='ocrx_word' id='word_1_9' title='bbox 1366 471 1690 542; x_wconf 81' lang='grc' dir='ltr'><strong>θεραπεύων</strong></span> <span class='ocrx_word' id='word_1_10' title='bbox 1722 470 1817 523; x_wconf 83' lang='grc' dir='ltr'>δει-</span> 
     </span>
    </p>
   </div>
   <div class='ocr_carea' id='block_1_3' title="bbox 1920 466 3512 544">
    <p class='ocr_par' dir='ltr' id='par_1_3' title="bbox 1932 466 3512 537">
     <span class='ocr_line' id='line_1_3' title="bbox 1932 466 3512 537; baseline -0.001 -12"><span class='ocrx_word' id='word_1_11' title='bbox 1932 466 2229 525; x_wconf 77' lang='lat' dir='ltr'><strong>on&#39;ensores</strong></span> <span class='ocrx_word' id='word_1_12' title='bbox 2266 482 2397 524; x_wconf 88' lang='lat' dir='ltr'><strong>suos</strong></span> <span class='ocrx_word' id='word_1_13' title='bbox 2426 466 2814 537; x_wconf 69' lang='lat' dir='ltr'><strong>indulgentiam</strong></span> <span class='ocrx_word' id='word_1_14' title='bbox 2849 480 3172 537; x_wconf 78' lang='lat' dir='ltr'><strong>expromere</strong></span> <span class='ocrx_word' id='word_1_15' title='bbox 3206 475 3512 537; x_wconf 83' lang='lat' dir='ltr'><strong>:sanatque</strong></span> 
     </span>
    </p>
   </div>
   <div class='ocr_carea' id='block_1_4' title="bbox 241 561 1823 643">
    <p class='ocr_par' dir='ltr' id='par_1_4' title="bbox 241 561 1823 643">
     <span class='ocr_line' id='line_1_4' title="bbox 241 561 1823 643; baseline -0.008 -18"><span class='ocrx_word' id='word_1_16' title='bbox 241 572 340 643; x_wconf 70' lang='grc' dir='ltr'><strong>νην</strong></span> <span class='ocrx_word' id='word_1_17' title='bbox 364 569 523 625; x_wconf 88' lang='grc' dir='ltr'>νόσον</span> <span class='ocrx_word' id='word_1_18' title='bbox 546 571 604 623; x_wconf 79' lang='grc' dir='ltr'><strong>έν</strong></span> <span class='ocrx_word' id='word_1_19' title='bbox 628 569 813 631; x_wconf 82' lang='grc' dir='ltr'>αὐτοῖς</span> <span class='ocrx_word' id='word_1_20' title='bbox 839 566 1098 629; x_wconf 76' lang='grc' dir='ltr'><strong>πολλάκις</strong></span> <span class='ocrx_word' id='word_1_21' title='bbox 1140 564 1511 635; x_wconf 69' lang='grc' dir='ltr'>ἐμφυομένην,</span> <span class='ocrx_word' id='word_1_22' title='bbox 1541 561 1823 615; x_wconf 82' lang='grc' dir='ltr'>ἐκκόπτων</span> 
     </span>
    </p>
   </div>
   <div class='ocr_carea' id='block_1_5' title="bbox 240 651 1824 733">
    <p class='ocr_par' dir='ltr' id='par_1_5' title="bbox 240 651 1824 733">
     <span class='ocr_line' id='line_1_5' title="bbox 240 651 1824 733; baseline -0.011 -13"><span class='ocrx_word' id='word_1_23' title='bbox 240 662 342 733; x_wconf 75' lang='grc' dir='ltr'><strong>τὴν</strong></span> <span class='ocrx_word' id='word_1_24' title='bbox 387 662 531 718; x_wconf 83' lang='grc' dir='ltr'><strong>κατά</strong></span> <span class='ocrx_word' id='word_1_25' title='bbox 565 660 675 714; x_wconf 81' lang='grc' dir='ltr'><strong>τῶν</strong></span> <span class='ocrx_word' id='word_1_26' title='bbox 701 657 1003 711; x_wconf 77' lang='grc' dir='ltr'><strong>πταιόντων</strong></span> <span class='ocrx_word' id='word_1_27' title='bbox 1033 656 1332 725; x_wconf 89' lang='grc' dir='ltr'>ἀποτομήν.</span> <span class='ocrx_word' id='word_1_28' title='bbox 1380 651 1824 723; x_wconf 79' lang='grc' dir='ltr'>Κατεπαίρεσθαι</span> 
     </span>
    </p>
   </div>
   <div class='ocr_carea' id='block_1_6' title="bbox 241 742 1825 823">
    <p class='ocr_par' dir='ltr' id='par_1_6' title="bbox 241 742 1825 823">
     <span class='ocr_line' id='line_1_6' title="bbox 241 742 1825 823; baseline -0.008 -17"><span class='ocrx_word' id='word_1_29' title='bbox 241 751 375 823; x_wconf 80' lang='grc' dir='ltr'>γοῦν</span> <span class='ocrx_word' id='word_1_30' title='bbox 407 750 699 820; x_wconf 81' lang='grc' dir='ltr'>εἰώθαμεν,</span> <span class='ocrx_word' id='word_1_31' title='bbox 733 748 808 810; x_wconf 81' lang='grc' dir='ltr'>ὡς</span> <span class='ocrx_word' id='word_1_32' title='bbox 840 748 978 818; x_wconf 89' lang='grc' dir='ltr'>μήτε</span> <span class='ocrx_word' id='word_1_33' title='bbox 1018 744 1393 817; x_wconf 76' lang='grc' dir='ltr'><strong>παρακλήσεις</strong></span> <span class='ocrx_word' id='word_1_34' title='bbox 1428 742 1535 795; x_wconf 84' lang='grc' dir='ltr'><strong>τῶν</strong></span> <span class='ocrx_word' id='word_1_35' title='bbox 1575 745 1825 813; x_wconf 80' lang='grc' dir='ltr'>ἡμαρτη-</span> 
     </span>
    </p>
   </div>
   <div class='ocr_carea' id='block_1_7' title="bbox 241 836 1824 913">
    <p class='ocr_par' dir='ltr' id='par_1_7' title="bbox 241 836 1824 913">
     <span class='ocr_line' id='line_1_7' title="bbox 241 836 1824 913; baseline -0.008 -14"><span class='ocrx_word' id='word_1_36' title='bbox 241 845 439 908; x_wconf 70' lang='grc' dir='ltr'>κότων,</span> <span class='ocrx_word' id='word_1_37' title='bbox 466 844 605 913; x_wconf 86' lang='grc' dir='ltr'>μήτε</span> <span class='ocrx_word' id='word_1_38' title='bbox 626 840 733 893; x_wconf 82' lang='grc' dir='ltr'><strong>τῶν</strong></span> <span class='ocrx_word' id='word_1_39' title='bbox 756 840 896 910; x_wconf 73' lang='grc' dir='ltr'>ὑπὲρ</span> <span class='ocrx_word' id='word_1_40' title='bbox 916 838 1093 891; x_wconf 83' lang='grc' dir='ltr'>αὐτῶν</span> <span class='ocrx_word' id='word_1_41' title='bbox 1112 836 1517 907; x_wconf 80' lang='grc' dir='ltr'>πρεσϐευόντων</span> <span class='ocrx_word' id='word_1_42' title='bbox 1547 836 1824 905; x_wconf 77' lang='grc' dir='ltr'><strong>ἱκετηρίας</strong></span> 
     </span>
    </p>
   </div>
   <div class='ocr_carea' id='block_1_8' title="bbox 242 924 1824 1010">
    <p class='ocr_par' dir='ltr' id='par_1_8' title="bbox 242 924 1824 1010">
     <span class='ocr_line' id='line_1_8' title="bbox 242 924 1824 1010; baseline -0.01 -19"><span class='ocrx_word' id='word_1_43' title='bbox 242 935 665 1010; x_wconf 71' lang='grc' dir='ltr'>παραδέχεσθαιο</span> <span class='ocrx_word' id='word_1_44' title='bbox 706 932 842 1003; x_wconf 73' lang='grc' dir='ltr'>μηδὲ</span> <span class='ocrx_word' id='word_1_45' title='bbox 889 931 994 1002; x_wconf 78' lang='grc' dir='ltr'>μὴν</span> <span class='ocrx_word' id='word_1_46' title='bbox 1045 926 1459 994; x_wconf 74' lang='grc' dir='ltr'><strong>ὑπολογίζεσθαι</strong></span> <span class='ocrx_word' id='word_1_47' title='bbox 1494 926 1595 978; x_wconf 82' lang='grc' dir='ltr'>ὅσα</span> <span class='ocrx_word' id='word_1_48' title='bbox 1624 924 1688 994; x_wconf 85' lang='grc' dir='ltr'>δὴ</span> <span class='ocrx_word' id='word_1_49' title='bbox 1730 924 1824 976; x_wconf 68' lang='grc' dir='ltr'>καὶ</span> 
     </span>
    </p>
   </div>
   <div class='ocr_carea' id='block_1_9' title="bbox 241 1011 1822 1092">
    <p class='ocr_par' dir='ltr' id='par_1_9' title="bbox 241 1011 1822 1092">
     <span class='ocr_line' id='line_1_9' title="bbox 241 1011 1822 1092; baseline -0.01 -11"><span class='ocrx_word' id='word_1_50' title='bbox 241 1028 399 1081; x_wconf 79' lang='grc' dir='ltr'>αὐτοὶ</span> <span class='ocrx_word' id='word_1_51' title='bbox 442 1027 493 1080; x_wconf 86' lang='grc' dir='ltr'><strong>οἰ</strong></span> <span class='ocrx_word' id='word_1_52' title='bbox 525 1022 800 1092; x_wconf 74' lang='grc' dir='ltr'>ἄνθρωποι</span> <span class='ocrx_word' id='word_1_53' title='bbox 848 1020 1131 1081; x_wconf 71' lang='grc' dir='ltr'><strong>πταίοντες</strong></span> <span class='ocrx_word' id='word_1_54' title='bbox 1167 1014 1495 1085; x_wconf 79' lang='grc' dir='ltr'><strong>συγγνώμης</strong></span> <span class='ocrx_word' id='word_1_55' title='bbox 1536 1015 1633 1084; x_wconf 82' lang='grc' dir='ltr'>τῆς</span> <span class='ocrx_word' id='word_1_56' title='bbox 1672 1011 1822 1083; x_wconf 84' lang='grc' dir='ltr'>παρὰ</span> 
     </span>
    </p>
   </div>
   <div class='ocr_carea' id='block_1_10' title="bbox 241 1100 1823 1188">
    <p class='ocr_par' dir='ltr' id='par_1_10' title="bbox 241 1100 1823 1188">
     <span class='ocr_line' id='line_1_10' title="bbox 241 1100 1823 1188; baseline -0.012 -15"><span class='ocrx_word' id='word_1_57' title='bbox 241 1116 339 1172; x_wconf 87' lang='grc' dir='ltr'><strong>τοῦ</strong></span> <span class='ocrx_word' id='word_1_58' title='bbox 371 1115 605 1188; x_wconf 76' lang='grc' dir='ltr'><strong>μεγάλου</strong></span> <span class='ocrx_word' id='word_1_59' title='bbox 644 1111 831 1184; x_wconf 78' lang='grc' dir='ltr'>κριτοῦ</span> <span class='ocrx_word' id='word_1_60' title='bbox 869 1108 1120 1180; x_wconf 86' lang='grc' dir='ltr'>δεόμεθα.</span> <span class='ocrx_word' id='word_1_61' title='bbox 1163 1106 1399 1171; x_wconf 81' lang='grc' dir='ltr'>Εἰκότως</span> <span class='ocrx_word' id='word_1_62' title='bbox 1428 1100 1521 1158; x_wconf 82' lang='grc' dir='ltr'><strong>οῦν</strong></span> <span class='ocrx_word' id='word_1_63' title='bbox 1566 1103 1715 1173; x_wconf 89' lang='grc' dir='ltr'><strong>παρά</strong></span> <span class='ocrx_word' id='word_1_64' title='bbox 1744 1100 1823 1172; x_wconf 83' lang='grc' dir='ltr'><strong>τῷ</strong></span> 
     </span>
    </p>
   </div>
   <div class='ocr_carea' id='block_1_11' title="bbox 244 1192 1821 1278">
    <p class='ocr_par' dir='ltr' id='par_1_11' title="bbox 244 1192 1821 1278">
     <span class='ocr_line' id='line_1_11' title="bbox 244 1192 1821 1278; baseline -0.011 -14"><span class='ocrx_word' id='word_1_65' title='bbox 244 1209 507 1278; x_wconf 55' lang='lat' dir='ltr'><strong>autem</strong></span> <span class='ocrx_word' id='word_1_66' title='bbox 545 1206 641 1260; x_wconf 78' lang='grc' dir='ltr'>καὶ</span> <span class='ocrx_word' id='word_1_67' title='bbox 665 1208 729 1276; x_wconf 70' lang='grc' dir='ltr'>τῇ</span> <span class='ocrx_word' id='word_1_68' title='bbox 762 1200 1041 1273; x_wconf 78' lang='grc' dir='ltr'>παραϐολῇ</span> <span class='ocrx_word' id='word_1_69' title='bbox 1075 1200 1363 1271; x_wconf 88' lang='grc' dir='ltr'>κέχρηται,</span> <span class='ocrx_word' id='word_1_70' title='bbox 1390 1201 1447 1249; x_wconf 80' lang='grc' dir='ltr'><strong>ἐν</strong></span> <span class='ocrx_word' id='word_1_71' title='bbox 1546 1196 1821 1265; x_wconf 82' lang='grc' dir='ltr'>ὀφειλέται</span> 
     </span>
    </p>
   </div>
   <div class='ocr_carea' id='block_1_12' title="bbox 242 1285 1823 1369">
    <p class='ocr_par' dir='ltr' id='par_1_12' title="bbox 242 1285 1823 1369">
     <span class='ocr_line' id='line_1_12' title="bbox 242 1285 1823 1369; baseline -0.011 -14"><span class='ocrx_word' id='word_1_72' title='bbox 242 1302 572 1369; x_wconf 82' lang='grc' dir='ltr'>εἰσάγονται,</span> <span class='ocrx_word' id='word_1_73' title='bbox 622 1298 653 1349; x_wconf 88' lang='grc' dir='ltr'><strong>ό</strong></span> <span class='ocrx_word' id='word_1_74' title='bbox 703 1295 801 1366; x_wconf 71' lang='grc' dir='ltr'>μὲν</span> <span class='ocrx_word' id='word_1_75' title='bbox 847 1292 1016 1364; x_wconf 86' lang='grc' dir='ltr'>μυρία</span> <span class='ocrx_word' id='word_1_76' title='bbox 1058 1291 1295 1349; x_wconf 86' lang='grc' dir='ltr'>τάλαντα</span> <span class='ocrx_word' id='word_1_77' title='bbox 1342 1290 1592 1357; x_wconf 76' lang='grc' dir='ltr'>ὀφείλων,</span> <span class='ocrx_word' id='word_1_78' title='bbox 1640 1287 1677 1340; x_wconf 82' lang='grc' dir='ltr'><strong>ἀ</strong></span> <span class='ocrx_word' id='word_1_79' title='bbox 1728 1285 1823 1339; x_wconf 78' lang='grc' dir='ltr'>καὶ</span> 
     </span>
    </p>
   </div>
   <div class='ocr_carea' id='block_1_13' title="bbox 243 1378 1822 1462">
    <p class='ocr_par' dir='ltr' id='par_1_13' title="bbox 243 1378 1822 1462">
     <span class='ocr_line' id='line_1_13' title="bbox 243 1378 1822 1462; baseline -0.011 -15"><span class='ocrx_word' id='word_1_80' title='bbox 243 1391 446 1462; x_wconf 86' lang='grc' dir='ltr'>ἀφείθη</span> <span class='ocrx_word' id='word_1_81' title='bbox 472 1390 619 1459; x_wconf 85' lang='grc' dir='ltr'>αύτῷ</span> <span class='ocrx_word' id='word_1_82' title='bbox 656 1385 1031 1459; x_wconf 84' lang='grc' dir='ltr'>προσπεσόντι·</span> <span class='ocrx_word' id='word_1_83' title='bbox 1066 1385 1094 1436; x_wconf 86' lang='grc' dir='ltr'><strong>ό</strong></span> <span class='ocrx_word' id='word_1_84' title='bbox 1137 1382 1193 1435; x_wconf 74' lang='grc' dir='ltr'><strong>δέ</strong></span> <span class='ocrx_word' id='word_1_85' title='bbox 1223 1381 1415 1434; x_wconf 79' lang='grc' dir='ltr'>ἑκατὸν</span> <span class='ocrx_word' id='word_1_86' title='bbox 1444 1380 1692 1452; x_wconf 87' lang='grc' dir='ltr'>δηνάρια,</span> <span class='ocrx_word' id='word_1_87' title='bbox 1736 1378 1822 1445; x_wconf 83' lang='grc' dir='ltr'>ἐφ’</span> 
     </span>
    </p>
   </div>
   <div class='ocr_carea' id='block_1_14' title="bbox 240 1470 1823 1549">
    <p class='ocr_par' dir='ltr' id='par_1_14' title="bbox 240 1470 1823 1549">
     <span class='ocr_line' id='line_1_14' title="bbox 240 1470 1823 1549; baseline -0.011 -11"><span class='ocrx_word' id='word_1_88' title='bbox 240 1478 326 1548; x_wconf 75' lang='grc' dir='ltr'>οἷς</span> <span class='ocrx_word' id='word_1_89' title='bbox 359 1484 693 1549; x_wconf 85' lang='grc' dir='ltr'>ἀπεπνίγετο</span> <span class='ocrx_word' id='word_1_90' title='bbox 724 1477 873 1549; x_wconf 82' lang='grc' dir='ltr'><strong>παρά</strong></span> <span class='ocrx_word' id='word_1_91' title='bbox 899 1476 994 1530; x_wconf 92' lang='grc' dir='ltr'><strong>τοῦ</strong></span> <span class='ocrx_word' id='word_1_92' title='bbox 1026 1474 1320 1542; x_wconf 77' lang='grc' dir='ltr'><strong>ἀφεθέντος</strong></span> <span class='ocrx_word' id='word_1_93' title='bbox 1345 1472 1414 1525; x_wconf 87' lang='grc' dir='ltr'><strong>τά</strong></span> <span class='ocrx_word' id='word_1_94' title='bbox 1447 1470 1618 1523; x_wconf 87' lang='grc' dir='ltr'>πολλά</span> <span class='ocrx_word' id='word_1_95' title='bbox 1642 1471 1823 1522; x_wconf 83' lang='grc' dir='ltr'>ἐκεῖνα</span> 
     </span>
    </p>
   </div>
   <div class='ocr_carea' id='block_1_15' title="bbox 241 1560 1820 1642">
    <p class='ocr_par' dir='ltr' id='par_1_15' title="bbox 241 1560 1820 1642">
     <span class='ocr_line' id='line_1_15' title="bbox 241 1560 1820 1642; baseline -0.008 -16"><span class='ocrx_word' id='word_1_96' title='bbox 241 1574 501 1628; x_wconf 87' lang='grc' dir='ltr'>τάλαντα.</span> <span class='ocrx_word' id='word_1_97' title='bbox 527 1572 604 1625; x_wconf 81' lang='grc' dir='ltr'><strong>Δι’</strong></span> <span class='ocrx_word' id='word_1_98' title='bbox 630 1566 698 1642; x_wconf 83' lang='grc' dir='ltr'>ἦς</span> <span class='ocrx_word' id='word_1_99' title='bbox 724 1569 985 1629; x_wconf 78' lang='grc' dir='ltr'>διδάσκει,</span> <span class='ocrx_word' id='word_1_100' title='bbox 1018 1567 1098 1619; x_wconf 84' lang='grc' dir='ltr'>ὅτι</span> <span class='ocrx_word' id='word_1_101' title='bbox 1148 1564 1222 1635; x_wconf 79' lang='grc' dir='ltr'>μὴ</span> <span class='ocrx_word' id='word_1_102' title='bbox 1258 1563 1433 1626; x_wconf 77' lang='grc' dir='ltr'>ἄλλως</span> <span class='ocrx_word' id='word_1_103' title='bbox 1457 1564 1638 1631; x_wconf 78' lang='grc' dir='ltr'>τυχεῖν</span> <span class='ocrx_word' id='word_1_104' title='bbox 1667 1560 1820 1614; x_wconf 75' lang='grc' dir='ltr'>δυναο</span> 
     </span>
    </p>
   </div>
   <div class='ocr_carea' id='block_1_16' title="bbox 240 1648 1822 1729">
    <p class='ocr_par' dir='ltr' id='par_1_16' title="bbox 240 1648 1822 1729">
     <span class='ocr_line' id='line_1_16' title="bbox 240 1648 1822 1729; baseline -0.01 -14"><span class='ocrx_word' id='word_1_105' title='bbox 240 1661 336 1715; x_wconf 83' lang='grc' dir='ltr'><strong>τόν</strong></span> <span class='ocrx_word' id='word_1_106' title='bbox 362 1664 479 1714; x_wconf 81' lang='grc' dir='ltr'>ἐστι</span> <span class='ocrx_word' id='word_1_107' title='bbox 506 1660 606 1729; x_wconf 76' lang='grc' dir='ltr'>τῆς</span> <span class='ocrx_word' id='word_1_108' title='bbox 633 1657 923 1728; x_wconf 82' lang='grc' dir='ltr'>βασιλείας,</span> <span class='ocrx_word' id='word_1_109' title='bbox 954 1655 1055 1709; x_wconf 76' lang='grc' dir='ltr'><strong>κᾶν</strong></span> <span class='ocrx_word' id='word_1_110' title='bbox 1081 1653 1250 1707; x_wconf 85' lang='grc' dir='ltr'>πολλά</span> <span class='ocrx_word' id='word_1_111' title='bbox 1270 1668 1351 1715; x_wconf 90' lang='grc' dir='ltr'><strong>τις</strong></span> <span class='ocrx_word' id='word_1_112' title='bbox 1378 1649 1718 1721; x_wconf 77' lang='grc' dir='ltr'><strong>κατορθώσῃ,</strong></span> <span class='ocrx_word' id='word_1_113' title='bbox 1747 1648 1822 1720; x_wconf 79' lang='grc' dir='ltr'><strong>μή</strong></span> 
     </span>
    </p>
   </div>
   <div class='ocr_carea' id='block_1_17' title="bbox 241 1742 1819 1822">
    <p class='ocr_par' dir='ltr' id='par_1_17' title="bbox 241 1742 1819 1822">
     <span class='ocr_line' id='line_1_17' title="bbox 241 1742 1819 1822; baseline -0.01 -13"><span class='ocrx_word' id='word_1_114' title='bbox 241 1755 337 1809; x_wconf 75' lang='grc' dir='ltr'>τὸν</span> <span class='ocrx_word' id='word_1_115' title='bbox 373 1752 575 1822; x_wconf 74' lang='grc' dir='ltr'>ἀγαθὸν</span> <span class='ocrx_word' id='word_1_116' title='bbox 598 1750 730 1805; x_wconf 76' lang='grc' dir='ltr'>Θεὸν</span> <span class='ocrx_word' id='word_1_117' title='bbox 762 1749 1141 1821; x_wconf 75' lang='grc' dir='ltr'><strong>μιμησάμενος</strong></span> <span class='ocrx_word' id='word_1_118' title='bbox 1170 1744 1309 1799; x_wconf 81' lang='grc' dir='ltr'>κατὰ</span> <span class='ocrx_word' id='word_1_119' title='bbox 1335 1744 1393 1796; x_wconf 80' lang='grc' dir='ltr'>τὸ</span> <span class='ocrx_word' id='word_1_120' title='bbox 1421 1742 1819 1814; x_wconf 88' lang='grc' dir='ltr'>ἀμνησίκακον·</span> 
     </span>
    </p>
   </div>
   <div class='ocr_carea' id='block_1_18' title="bbox 1932 555 3510 623">
    <p class='ocr_par' dir='ltr' id='par_1_18' title="bbox 1932 555 3510 623">
     <span class='ocr_line' id='line_1_18' title="bbox 1932 555 3510 623; baseline 0.001 -10"><span class='ocrx_word' id='word_1_121' title='bbox 1932 559 2107 614; x_wconf 90' lang='lat' dir='ltr'><strong>dirum</strong></span> <span class='ocrx_word' id='word_1_122' title='bbox 2160 558 2404 612; x_wconf 86' lang='lat' dir='ltr'><strong>morbum</strong></span> <span class='ocrx_word' id='word_1_123' title='bbox 2450 570 2826 623; x_wconf 70' lang='lat' dir='ltr'><strong>saepenumero</strong></span> <span class='ocrx_word' id='word_1_124' title='bbox 2877 555 3087 611; x_wconf 90' lang='lat' dir='ltr'><strong>illorum</strong></span> <span class='ocrx_word' id='word_1_125' title='bbox 3122 556 3318 613; x_wconf 79' lang='lat' dir='ltr'><strong>animis</strong></span> <span class='ocrx_word' id='word_1_126' title='bbox 3354 558 3510 616; x_wconf 86' lang='lat' dir='ltr'><strong>inna-</strong></span> 
     </span>
    </p>
   </div>
   <div class='ocr_carea' id='block_1_19' title="bbox 1928 646 3512 719">
    <p class='ocr_par' dir='ltr' id='par_1_19' title="bbox 1928 646 3512 719">
     <span class='ocr_line' id='line_1_19' title="bbox 1928 646 3512 719; baseline 0.001 -16"><span class='ocrx_word' id='word_1_127' title='bbox 1928 658 2193 712; x_wconf 87' lang='lat' dir='ltr'><strong>scentem,</strong></span> <span class='ocrx_word' id='word_1_128' title='bbox 2221 657 2384 716; x_wconf 86' lang='lat' dir='ltr'><strong>atque</strong></span> <span class='ocrx_word' id='word_1_129' title='bbox 2406 648 2589 701; x_wconf 91' lang='lat' dir='ltr'><strong>odium</strong></span> <span class='ocrx_word' id='word_1_130' title='bbox 2617 661 2724 716; x_wconf 92' lang='lat' dir='ltr'><strong>quo</strong></span> <span class='ocrx_word' id='word_1_131' title='bbox 2739 647 2842 701; x_wconf 90' lang='lat' dir='ltr'><strong>sibi</strong></span> <span class='ocrx_word' id='word_1_132' title='bbox 2873 646 3147 703; x_wconf 77' lang='lat' dir='ltr'><strong>maleﬁcos</strong></span> <span class='ocrx_word' id='word_1_133' title='bbox 3175 662 3512 719; x_wconf 83' lang='lat' dir='ltr'><strong>prosequun-</strong></span> 
     </span>
    </p>
   </div>
   <div class='ocr_carea' id='block_1_20' title="bbox 1926 738 3513 812">
    <p class='ocr_par' dir='ltr' id='par_1_20' title="bbox 1926 738 3513 812">
     <span class='ocr_line' id='line_1_20' title="bbox 1926 738 3513 812; baseline 0.003 -19"><span class='ocrx_word' id='word_1_134' title='bbox 1926 750 2015 794; x_wconf 74' lang='lat' dir='ltr'><strong>tur</strong></span> <span class='ocrx_word' id='word_1_135' title='bbox 2048 750 2277 797; x_wconf 84' lang='lat' dir='ltr'><strong>resecat.</strong></span> <span class='ocrx_word' id='word_1_136' title='bbox 2329 740 2537 812; x_wconf 78' lang='lat' dir='ltr'><strong>Quippe</strong></span> <span class='ocrx_word' id='word_1_137' title='bbox 2581 742 2716 796; x_wconf 80' lang='lat' dir='ltr'><strong>adeo</strong></span> <span class='ocrx_word' id='word_1_138' title='bbox 2771 739 3091 795; x_wconf 81' lang='lat' dir='ltr'><strong>exacerbari</strong></span> <span class='ocrx_word' id='word_1_139' title='bbox 3146 738 3405 805; x_wconf 87' lang='lat' dir='ltr'><strong>solemus,</strong></span> <span class='ocrx_word' id='word_1_140' title='bbox 3451 755 3513 801; x_wconf 86' lang='lat' dir='ltr'><strong>ut</strong></span> 
     </span>
    </p>
   </div>
   <div class='ocr_carea' id='block_1_21' title="bbox 1926 830 3512 902">
    <p class='ocr_par' dir='ltr' id='par_1_21' title="bbox 1926 830 3512 902">
     <span class='ocr_line' id='line_1_21' title="bbox 1926 830 3512 902; baseline -0.001 -15"><span class='ocrx_word' id='word_1_141' title='bbox 1926 848 2099 901; x_wconf 83' lang='lat' dir='ltr'><strong>neque</strong></span> <span class='ocrx_word' id='word_1_142' title='bbox 2147 835 2489 902; x_wconf 67' lang='lat' dir='ltr'><strong>peccantium</strong></span> <span class='ocrx_word' id='word_1_143' title='bbox 2542 834 2974 895; x_wconf 89' lang='lat' dir='ltr'><strong>obtestationes,</strong></span> <span class='ocrx_word' id='word_1_144' title='bbox 3015 846 3190 901; x_wconf 89' lang='lat' dir='ltr'><strong>neque</strong></span> <span class='ocrx_word' id='word_1_145' title='bbox 3236 830 3512 901; x_wconf 78' lang='lat' dir='ltr'><strong>supplices</strong></span> 
     </span>
    </p>
   </div>
   <div class='ocr_carea' id='block_1_22' title="bbox 1928 924 3513 993">
    <p class='ocr_par' dir='ltr' id='par_1_22' title="bbox 1928 924 3513 993">
     <span class='ocr_line' id='line_1_22' title="bbox 1928 924 3513 993; baseline 0 -16"><span class='ocrx_word' id='word_1_146' title='bbox 1928 924 2351 977; x_wconf 82' lang='lat' dir='ltr'><strong>intercessorum</strong></span> <span class='ocrx_word' id='word_1_147' title='bbox 2402 940 2593 991; x_wconf 79' lang='lat' dir='ltr'><strong>preces</strong></span> <span class='ocrx_word' id='word_1_148' title='bbox 2638 924 3005 985; x_wconf 87' lang='lat' dir='ltr'><strong>admittamus,</strong></span> <span class='ocrx_word' id='word_1_149' title='bbox 3066 936 3241 989; x_wconf 81' lang='lat' dir='ltr'><strong>neque</strong></span> <span class='ocrx_word' id='word_1_150' title='bbox 3295 932 3513 993; x_wconf 73' lang='lat' dir='ltr'><strong>reputo-</strong></span> 
     </span>
    </p>
   </div>
   <div class='ocr_carea' id='block_1_23' title="bbox 1926 1014 3510 1081">
    <p class='ocr_par' dir='ltr' id='par_1_23' title="bbox 1926 1014 3510 1081">
     <span class='ocr_line' id='line_1_23' title="bbox 1926 1014 3510 1081; baseline -0.001 -12"><span class='ocrx_word' id='word_1_151' title='bbox 1926 1030 2049 1069; x_wconf 89' lang='lat' dir='ltr'><strong>mus</strong></span> <span class='ocrx_word' id='word_1_152' title='bbox 2097 1028 2300 1079; x_wconf 84' lang='lat' dir='ltr'><strong>quanta</strong></span> <span class='ocrx_word' id='word_1_153' title='bbox 2353 1025 2407 1069; x_wconf 86' lang='lat' dir='ltr'><strong>et</strong></span> <span class='ocrx_word' id='word_1_154' title='bbox 2457 1030 2556 1069; x_wconf 85' lang='lat' dir='ltr'><strong>nos</strong></span> <span class='ocrx_word' id='word_1_155' title='bbox 2605 1017 2857 1069; x_wconf 68' lang='lat' dir='ltr'><strong>humana!</strong></span> <span class='ocrx_word' id='word_1_156' title='bbox 2912 1014 3247 1069; x_wconf 78' lang='lat' dir='ltr'><strong>canditinnis</strong></span> <span class='ocrx_word' id='word_1_157' title='bbox 3287 1024 3510 1081; x_wconf 83' lang='lat' dir='ltr'><strong>pet-cata</strong></span> 
     </span>
    </p>
   </div>
   <div class='ocr_carea' id='block_1_24' title="bbox 1926 1104 3513 1175">
    <p class='ocr_par' dir='ltr' id='par_1_24' title="bbox 1926 1104 3513 1175">
     <span class='ocr_line' id='line_1_24' title="bbox 1926 1104 3513 1175; baseline -0.002 -15"><span class='ocrx_word' id='word_1_158' title='bbox 1926 1107 2133 1174; x_wconf 75' lang='lat' dir='ltr'><strong>ignosci</strong></span> <span class='ocrx_word' id='word_1_159' title='bbox 2176 1107 2333 1160; x_wconf 88' lang='lat' dir='ltr'><strong>nobis</strong></span> <span class='ocrx_word' id='word_1_160' title='bbox 2370 1121 2399 1159; x_wconf 89' lang='lat' dir='ltr'><strong>a</strong></span> <span class='ocrx_word' id='word_1_161' title='bbox 2433 1121 2628 1175; x_wconf 71' lang='lat' dir='ltr'><strong>magno</strong></span> <span class='ocrx_word' id='word_1_162' title='bbox 2652 1106 2834 1170; x_wconf 79' lang='lat' dir='ltr'><strong>judice</strong></span> <span class='ocrx_word' id='word_1_163' title='bbox 2864 1120 3140 1175; x_wconf 66' lang='lat' dir='ltr'><strong>egeamus.</strong></span> <span class='ocrx_word' id='word_1_164' title='bbox 3174 1106 3314 1174; x_wconf 78' lang='lat' dir='ltr'><strong>Apte</strong></span> <span class='ocrx_word' id='word_1_165' title='bbox 3347 1104 3513 1175; x_wconf 72' lang='lat' dir='ltr'><strong>igitur</strong></span> 
     </span>
    </p>
   </div>
   <div class='ocr_carea' id='block_1_25' title="bbox 1924 1195 3508 1265">
    <p class='ocr_par' dir='ltr' id='par_1_25' title="bbox 1924 1195 3508 1265">
     <span class='ocr_line' id='line_1_25' title="bbox 1924 1195 3508 1265; baseline -0.001 -15"><span class='ocrx_word' id='word_1_166' title='bbox 1924 1196 2062 1265; x_wconf 85' lang='lat' dir='ltr'><strong>apud</strong></span> <span class='ocrx_word' id='word_1_167' title='bbox 2090 1196 2393 1250; x_wconf 74' lang='lat' dir='ltr'><strong>Mattbaunn</strong></span> <span class='ocrx_word' id='word_1_168' title='bbox 2414 1200 2460 1230; x_wconf 81' lang='lat'><strong>&quot;</strong></span> <span class='ocrx_word' id='word_1_169' title='bbox 2487 1198 2745 1265; x_wconf 69' lang='lat' dir='ltr'><strong>parabole</strong></span> <span class='ocrx_word' id='word_1_170' title='bbox 2788 1195 3050 1251; x_wconf 86' lang='lat' dir='ltr'><strong>Servator</strong></span> <span class='ocrx_word' id='word_1_171' title='bbox 3103 1197 3294 1259; x_wconf 89' lang='lat' dir='ltr'><strong>utitur,</strong></span> <span class='ocrx_word' id='word_1_172' title='bbox 3327 1196 3379 1250; x_wconf 90' lang='lat' dir='ltr'><strong>in</strong></span> <span class='ocrx_word' id='word_1_173' title='bbox 3401 1210 3508 1265; x_wconf 81' lang='lat' dir='ltr'><strong>qua</strong></span> 
     </span>
    </p>
   </div>
   <div class='ocr_carea' id='block_1_26' title="bbox 1926 1288 3510 1361">
    <p class='ocr_par' dir='ltr' id='par_1_26' title="bbox 1926 1288 3510 1361">
     <span class='ocr_line' id='line_1_26' title="bbox 1926 1288 3510 1361; baseline -0.001 -17"><span class='ocrx_word' id='word_1_174' title='bbox 1926 1290 2205 1344; x_wconf 78' lang='lat' dir='ltr'><strong>debitores</strong></span> <span class='ocrx_word' id='word_1_175' title='bbox 2229 1290 2655 1345; x_wconf 90' lang='lat' dir='ltr'><strong>introducuntur</strong></span> <span class='ocrx_word' id='word_1_176' title='bbox 2683 1306 2915 1361; x_wconf 89' lang='lat' dir='ltr'><strong>quorum</strong></span> <span class='ocrx_word' id='word_1_177' title='bbox 2950 1289 3091 1343; x_wconf 84' lang='lat' dir='ltr'><strong>alter</strong></span> <span class='ocrx_word' id='word_1_178' title='bbox 3117 1289 3303 1344; x_wconf 84' lang='lat' dir='ltr'><strong>decem</strong></span> <span class='ocrx_word' id='word_1_179' title='bbox 3335 1288 3510 1342; x_wconf 86' lang='lat' dir='ltr'><strong>millia</strong></span> 
     </span>
    </p>
   </div>
   <div class='ocr_carea' id='block_1_27' title="bbox 1927 1380 3509 1450">
    <p class='ocr_par' dir='ltr' id='par_1_27' title="bbox 1927 1380 3509 1450">
     <span class='ocr_line' id='line_1_27' title="bbox 1927 1380 3509 1450; baseline 0 -17"><span class='ocrx_word' id='word_1_180' title='bbox 1927 1381 2251 1434; x_wconf 88' lang='lat' dir='ltr'><strong>talentorum</strong></span> <span class='ocrx_word' id='word_1_181' title='bbox 2296 1382 2546 1447; x_wconf 88' lang='lat' dir='ltr'><strong>debebat,</strong></span> <span class='ocrx_word' id='word_1_182' title='bbox 2590 1396 2712 1449; x_wconf 69' lang='lat' dir='ltr'><strong>quc</strong></span> <span class='ocrx_word' id='word_1_183' title='bbox 2766 1380 2867 1450; x_wconf 83' lang='lat' dir='ltr'><strong>ipsi</strong></span> <span class='ocrx_word' id='word_1_184' title='bbox 2920 1380 3149 1449; x_wconf 85' lang='lat' dir='ltr'><strong>supplici</strong></span> <span class='ocrx_word' id='word_1_185' title='bbox 3203 1380 3509 1434; x_wconf 81' lang='lat' dir='ltr'><strong>condonata</strong></span> 
     </span>
    </p>
   </div>
   <div class='ocr_carea' id='block_1_28' title="bbox 1925 1470 3508 1538">
    <p class='ocr_par' dir='ltr' id='par_1_28' title="bbox 1925 1470 3508 1538">
     <span class='ocr_line' id='line_1_28' title="bbox 1925 1470 3508 1538; baseline 0.001 -15"><span class='ocrx_word' id='word_1_186' title='bbox 1925 1470 2109 1535; x_wconf 78' lang='lat' dir='ltr'><strong>fuere;</strong></span> <span class='ocrx_word' id='word_1_187' title='bbox 2147 1474 2281 1523; x_wconf 85' lang='lat' dir='ltr'><strong>alter</strong></span> <span class='ocrx_word' id='word_1_188' title='bbox 2313 1484 2491 1524; x_wconf 89' lang='lat' dir='ltr'><strong>autem</strong></span> <span class='ocrx_word' id='word_1_189' title='bbox 2516 1481 2731 1525; x_wconf 86' lang='lat' dir='ltr'><strong>centum</strong></span> <span class='ocrx_word' id='word_1_190' title='bbox 2780 1470 3054 1534; x_wconf 77' lang='lat' dir='ltr'><strong>denarios,</strong></span> <span class='ocrx_word' id='word_1_191' title='bbox 3078 1485 3310 1538; x_wconf 91' lang='lat' dir='ltr'><strong>quorutn</strong></span> <span class='ocrx_word' id='word_1_192' title='bbox 3342 1484 3508 1525; x_wconf 78' lang='lat' dir='ltr'><strong>causa</strong></span> 
     </span>
    </p>
   </div>
   <div class='ocr_carea' id='block_1_29' title="bbox 1924 1560 3509 1623">
    <p class='ocr_par' dir='ltr' id='par_1_29' title="bbox 1924 1560 3509 1623">
     <span class='ocr_line' id='line_1_29' title="bbox 1924 1560 3509 1623; baseline 0 -8"><span class='ocrx_word' id='word_1_193' title='bbox 1924 1560 2294 1615; x_wconf 79' lang='lat' dir='ltr'><strong>suﬂ‘ocabatnr</strong></span> <span class='ocrx_word' id='word_1_194' title='bbox 2338 1563 2404 1614; x_wconf 86' lang='lat' dir='ltr'><strong>ab</strong></span> <span class='ocrx_word' id='word_1_195' title='bbox 2441 1576 2525 1623; x_wconf 89' lang='lat' dir='ltr'><strong>eo,</strong></span> <span class='ocrx_word' id='word_1_196' title='bbox 2568 1562 2654 1614; x_wconf 91' lang='lat' dir='ltr'><strong>cui</strong></span> <span class='ocrx_word' id='word_1_197' title='bbox 2689 1570 2871 1613; x_wconf 89' lang='lat' dir='ltr'><strong>tantus</strong></span> <span class='ocrx_word' id='word_1_198' title='bbox 2907 1560 2997 1613; x_wconf 85' lang='lat' dir='ltr'><strong>ille</strong></span> <span class='ocrx_word' id='word_1_199' title='bbox 3038 1560 3364 1615; x_wconf 77' lang='lat' dir='ltr'><strong>talentorum</strong></span> <span class='ocrx_word' id='word_1_200' title='bbox 3404 1577 3509 1615; x_wconf 90' lang='lat' dir='ltr'><strong>nu-</strong></span> 
     </span>
    </p>
   </div>
   <div class='ocr_carea' id='block_1_30' title="bbox 1930 1650 3509 1720">
    <p class='ocr_par' dir='ltr' id='par_1_30' title="bbox 1930 1650 3509 1720">
     <span class='ocr_line' id='line_1_30' title="bbox 1930 1650 3509 1720; baseline 0.002 -16"><span class='ocrx_word' id='word_1_201' title='bbox 1930 1667 2113 1705; x_wconf 87' lang='lat' dir='ltr'><strong>merus</strong></span> <span class='ocrx_word' id='word_1_202' title='bbox 2160 1652 2421 1706; x_wconf 80' lang='lat' dir='ltr'><strong>remissus</strong></span> <span class='ocrx_word' id='word_1_203' title='bbox 2462 1650 2655 1705; x_wconf 88' lang='lat' dir='ltr'><strong>fuerat.</strong></span> <span class='ocrx_word' id='word_1_204' title='bbox 2687 1655 2803 1718; x_wconf 80' lang='lat' dir='ltr'><strong>Qua</strong></span> <span class='ocrx_word' id='word_1_205' title='bbox 2843 1650 3103 1720; x_wconf 73' lang='lat' dir='ltr'><strong>parabole</strong></span> <span class='ocrx_word' id='word_1_206' title='bbox 3151 1652 3331 1715; x_wconf 83' lang='lat' dir='ltr'><strong>docet,</strong></span> <span class='ocrx_word' id='word_1_207' title='bbox 3363 1652 3509 1707; x_wconf 89' lang='lat' dir='ltr'><strong>baud</strong></span> 
     </span>
    </p>
   </div>
   <div class='ocr_carea' id='block_1_31' title="bbox 1932 1742 3508 1812">
    <p class='ocr_par' dir='ltr' id='par_1_31' title="bbox 1932 1742 3508 1812">
     <span class='ocr_line' id='line_1_31' title="bbox 1932 1742 3508 1812; baseline 0.002 -17"><span class='ocrx_word' id='word_1_208' title='bbox 1932 1743 2102 1797; x_wconf 85' lang='lat' dir='ltr'><strong>licere</strong></span> <span class='ocrx_word' id='word_1_209' title='bbox 2154 1758 2380 1812; x_wconf 77' lang='lat' dir='ltr'><strong>regnum</strong></span> <span class='ocrx_word' id='word_1_210' title='bbox 2433 1744 2682 1811; x_wconf 85' lang='lat' dir='ltr'><strong>adipisci,</strong></span> <span class='ocrx_word' id='word_1_211' title='bbox 2735 1756 3047 1811; x_wconf 87' lang='lat' dir='ltr'><strong>quanquam</strong></span> <span class='ocrx_word' id='word_1_212' title='bbox 3097 1742 3298 1811; x_wconf 91' lang='lat' dir='ltr'><strong>alioqui</strong></span> <span class='ocrx_word' id='word_1_213' title='bbox 3339 1743 3508 1798; x_wconf 83' lang='lat' dir='ltr'><strong>multa</strong></span> 
     </span>
    </p>
   </div>
   <div class='ocr_carea' id='block_1_32' title="bbox 244 1832 1817 1917">
    <p class='ocr_par' dir='ltr' id='par_1_32' title="bbox 244 1833 1817 1917">
     <span class='ocr_line' id='line_1_32' title="bbox 244 1833 1817 1917; baseline -0.01 -17"><span class='ocrx_word' id='word_1_214' title='bbox 244 1845 547 1917; x_wconf 76' lang='grc' dir='ltr'>ἐπειδήπερ</span> <span class='ocrx_word' id='word_1_215' title='bbox 580 1846 613 1915; x_wconf 86' lang='grc' dir='ltr'><strong>ή</strong></span> <span class='ocrx_word' id='word_1_216' title='bbox 652 1841 914 1913; x_wconf 81' lang='grc' dir='ltr'>βασιλεία,</span> <span class='ocrx_word' id='word_1_217' title='bbox 942 1839 1117 1911; x_wconf 88' lang='grc' dir='ltr'>κρίσει</span> <span class='ocrx_word' id='word_1_218' title='bbox 1158 1838 1283 1900; x_wconf 79' lang='grc' dir='ltr'>τοὺς</span> <span class='ocrx_word' id='word_1_219' title='bbox 1315 1834 1495 1899; x_wconf 80' lang='grc' dir='ltr'>ἀξίους</span> <span class='ocrx_word' id='word_1_220' title='bbox 1526 1833 1817 1905; x_wconf 85' lang='grc' dir='ltr'>παραδεχο-</span> 
     </span>
    </p>
   </div>
   <div class='ocr_carea' id='block_1_33' title="bbox 1920 1832 3506 1917">
    <p class='ocr_par' dir='ltr' id='par_1_33' title="bbox 1930 1832 3506 1903">
     <span class='ocr_line' id='line_1_33' title="bbox 1930 1832 3506 1903; baseline 0.001 -16"><span class='ocrx_word' id='word_1_221' title='bbox 1930 1844 2073 1887; x_wconf 88' lang='lat' dir='ltr'><strong>recte</strong></span> <span class='ocrx_word' id='word_1_222' title='bbox 2095 1832 2295 1902; x_wconf 82' lang='lat' dir='ltr'><strong>aliquis</strong></span> <span class='ocrx_word' id='word_1_223' title='bbox 2327 1832 2536 1897; x_wconf 79' lang='lat' dir='ltr'><strong>fecerit,</strong></span> <span class='ocrx_word' id='word_1_224' title='bbox 2574 1833 2675 1886; x_wconf 88' lang='lat' dir='ltr'><strong>nisi</strong></span> <span class='ocrx_word' id='word_1_225' title='bbox 2714 1832 2808 1887; x_wconf 87' lang='lat' dir='ltr'><strong>Dei</strong></span> <span class='ocrx_word' id='word_1_226' title='bbox 2841 1834 3137 1887; x_wconf 82' lang='lat' dir='ltr'><strong>bonitatem</strong></span> <span class='ocrx_word' id='word_1_227' title='bbox 3180 1833 3506 1903; x_wconf 74' lang='lat' dir='ltr'><strong>iniuriarum</strong></span> 
     </span>
    </p>
   </div>
   <div class='ocr_carea' id='block_1_34' title="bbox 245 1922 1824 2010">
    <p class='ocr_par' dir='ltr' id='par_1_34' title="bbox 245 1922 1824 2010">
     <span class='ocr_line' id='line_1_34' title="bbox 245 1922 1824 2010; baseline -0.012 -17"><span class='ocrx_word' id='word_1_228' title='bbox 245 1937 407 2010; x_wconf 75' lang='grc' dir='ltr'>μένη,</span> <span class='ocrx_word' id='word_1_229' title='bbox 435 1938 561 1999; x_wconf 80' lang='grc' dir='ltr'>τοὺς</span> <span class='ocrx_word' id='word_1_230' title='bbox 592 1934 667 2007; x_wconf 80' lang='grc' dir='ltr'>μὴ</span> <span class='ocrx_word' id='word_1_231' title='bbox 710 1931 1152 2005; x_wconf 80' lang='grc' dir='ltr'>συγχωρητικοὺς</span> <span class='ocrx_word' id='word_1_232' title='bbox 1194 1928 1287 1982; x_wconf 83' lang='grc' dir='ltr'>καὶ</span> <span class='ocrx_word' id='word_1_233' title='bbox 1330 1927 1422 1979; x_wconf 85' lang='grc' dir='ltr'>τὸν</span> <span class='ocrx_word' id='word_1_234' title='bbox 1468 1923 1671 1993; x_wconf 83' lang='grc' dir='ltr'>ἀγαθὸν</span> <span class='ocrx_word' id='word_1_235' title='bbox 1714 1922 1824 1975; x_wconf 83' lang='grc' dir='ltr'>τῶν</span> 
     </span>
    </p>
   </div>
   <div class='ocr_carea' id='block_1_35' title="bbox 240 2014 1825 2099">
    <p class='ocr_par' dir='ltr' id='par_1_35' title="bbox 240 2014 1825 2099">
     <span class='ocr_line' id='line_1_35' title="bbox 240 2014 1825 2099; baseline -0.011 -15"><span class='ocrx_word' id='word_1_236' title='bbox 240 2028 383 2083; x_wconf 74' lang='grc' dir='ltr'>ὅλων</span> <span class='ocrx_word' id='word_1_237' title='bbox 426 2026 617 2099; x_wconf 83' lang='grc' dir='ltr'>κριτὴν</span> <span class='ocrx_word' id='word_1_238' title='bbox 648 2025 789 2079; x_wconf 83' lang='grc' dir='ltr'>κατὰ</span> <span class='ocrx_word' id='word_1_239' title='bbox 831 2022 989 2077; x_wconf 87' lang='grc' dir='ltr'>τοῦτο</span> <span class='ocrx_word' id='word_1_240' title='bbox 1018 2020 1385 2091; x_wconf 72' lang='grc' dir='ltr'>μιμουμένους</span> <span class='ocrx_word' id='word_1_241' title='bbox 1425 2019 1485 2070; x_wconf 84' lang='grc' dir='ltr'><strong>ού</strong></span> <span class='ocrx_word' id='word_1_242' title='bbox 1533 2014 1825 2088; x_wconf 86' lang='grc' dir='ltr'>παραδέχε-</span> 
     </span>
    </p>
   </div>
   <div class='ocr_carea' id='block_1_36' title="bbox 242 2106 1824 2189">
    <p class='ocr_par' dir='ltr' id='par_1_36' title="bbox 242 2106 1824 2189">
     <span class='ocr_line' id='line_1_36' title="bbox 242 2106 1824 2189; baseline -0.013 -14"><span class='ocrx_word' id='word_1_243' title='bbox 242 2137 355 2175; x_wconf 90' lang='grc' dir='ltr'>ται.</span> <span class='ocrx_word' id='word_1_244' title='bbox 385 2120 463 2174; x_wconf 81' lang='grc' dir='ltr'><strong>Οὐ</strong></span> <span class='ocrx_word' id='word_1_245' title='bbox 490 2118 600 2189; x_wconf 83' lang='grc' dir='ltr'><strong>γὰρ</strong></span> <span class='ocrx_word' id='word_1_246' title='bbox 622 2116 687 2171; x_wconf 74' lang='grc' dir='ltr'>ἀν</span> <span class='ocrx_word' id='word_1_247' title='bbox 719 2116 831 2187; x_wconf 75' lang='grc' dir='ltr'>ἔχει</span> <span class='ocrx_word' id='word_1_248' title='bbox 857 2131 942 2178; x_wconf 92' lang='grc' dir='ltr'><strong>τις</strong></span> <span class='ocrx_word' id='word_1_249' title='bbox 967 2114 1141 2166; x_wconf 87' lang='grc' dir='ltr'>εἰπεῖν</span> <span class='ocrx_word' id='word_1_250' title='bbox 1168 2109 1404 2164; x_wconf 86' lang='grc' dir='ltr'>τοσαῦτά</span> <span class='ocrx_word' id='word_1_251' title='bbox 1426 2125 1546 2162; x_wconf 90' lang='grc' dir='ltr'>τινα</span> <span class='ocrx_word' id='word_1_252' title='bbox 1571 2106 1824 2176; x_wconf 88' lang='grc' dir='ltr'>πεπλημ-</span> 
     </span>
    </p>
   </div>
   <div class='ocr_carea' id='block_1_37' title="bbox 249 2197 1821 2285">
    <p class='ocr_par' dir='ltr' id='par_1_37' title="bbox 249 2197 1821 2285">
     <span class='ocr_line' id='line_1_37' title="bbox 249 2197 1821 2285; baseline -0.011 -18"><span class='ocrx_word' id='word_1_253' title='bbox 249 2212 546 2285; x_wconf 86' lang='grc' dir='ltr'>μεληκέναι</span> <span class='ocrx_word' id='word_1_254' title='bbox 578 2211 657 2272; x_wconf 86' lang='grc' dir='ltr'><strong>εἰς</strong></span> <span class='ocrx_word' id='word_1_255' title='bbox 682 2209 893 2271; x_wconf 65' lang='grc' dir='ltr'>ἑαυτὸν,</span> <span class='ocrx_word' id='word_1_256' title='bbox 917 2207 1017 2260; x_wconf 85' lang='grc' dir='ltr'>ὅσα</span> <span class='ocrx_word' id='word_1_257' title='bbox 1042 2222 1149 2276; x_wconf 88' lang='grc' dir='ltr'><strong>περ</strong></span> <span class='ocrx_word' id='word_1_258' title='bbox 1193 2203 1352 2265; x_wconf 79' lang='grc' dir='ltr'>αύτδς</span> <span class='ocrx_word' id='word_1_259' title='bbox 1373 2202 1463 2254; x_wconf 80' lang='grc' dir='ltr'><strong>τὸν</strong></span> <span class='ocrx_word' id='word_1_260' title='bbox 1488 2199 1667 2252; x_wconf 84' lang='grc' dir='ltr'>πάντα</span> <span class='ocrx_word' id='word_1_261' title='bbox 1692 2197 1821 2268; x_wconf 87' lang='grc' dir='ltr'>χρό-</span> 
     </span>
    </p>
   </div>
   <div class='ocr_carea' id='block_1_38' title="bbox 243 2289 1821 2377">
    <p class='ocr_par' dir='ltr' id='par_1_38' title="bbox 243 2289 1821 2377">
     <span class='ocr_line' id='line_1_38' title="bbox 243 2289 1821 2377; baseline -0.01 -19"><span class='ocrx_word' id='word_1_262' title='bbox 243 2321 335 2358; x_wconf 85' lang='grc' dir='ltr'>νον</span> <span class='ocrx_word' id='word_1_263' title='bbox 354 2305 451 2374; x_wconf 88' lang='grc' dir='ltr'>τῆς</span> <span class='ocrx_word' id='word_1_264' title='bbox 471 2302 635 2356; x_wconf 88' lang='grc' dir='ltr'>αὐτοῦ</span> <span class='ocrx_word' id='word_1_265' title='bbox 656 2301 797 2377; x_wconf 76' lang='grc' dir='ltr'>ζωῆς</span> <span class='ocrx_word' id='word_1_266' title='bbox 813 2299 963 2371; x_wconf 86' lang='grc' dir='ltr'><strong>παρά</strong></span> <span class='ocrx_word' id='word_1_267' title='bbox 984 2299 1045 2352; x_wconf 85' lang='grc' dir='ltr'>τὸ</span> <span class='ocrx_word' id='word_1_268' title='bbox 1069 2296 1312 2367; x_wconf 83' lang='grc' dir='ltr'>βούλημα</span> <span class='ocrx_word' id='word_1_269' title='bbox 1332 2293 1424 2347; x_wconf 85' lang='grc' dir='ltr'><strong>τοῦ</strong></span> <span class='ocrx_word' id='word_1_270' title='bbox 1447 2291 1582 2345; x_wconf 83' lang='grc' dir='ltr'>Θεοῦ</span> <span class='ocrx_word' id='word_1_271' title='bbox 1611 2289 1821 2363; x_wconf 80' lang='grc' dir='ltr'>πράξας</span> 
     </span>
    </p>
   </div>
   <div class='ocr_carea' id='block_1_39' title="bbox 248 2383 1816 2465">
    <p class='ocr_par' dir='ltr' id='par_1_39' title="bbox 248 2383 1816 2465">
     <span class='ocr_line' id='line_1_39' title="bbox 248 2383 1816 2465; baseline -0.01 -16"><span class='ocrx_word' id='word_1_272' title='bbox 248 2387 529 2465; x_wconf 55' lang='lat' dir='ltr'><strong>apium;</strong></span> <span class='ocrx_word' id='word_1_273' title='bbox 552 2392 687 2446; x_wconf 77' lang='grc' dir='ltr'>ἐστί’</span> <span class='ocrx_word' id='word_1_274' title='bbox 716 2390 847 2444; x_wconf 72' lang='grc' dir='ltr'>ποτὶ</span> <span class='ocrx_word' id='word_1_275' title='bbox 872 2390 970 2461; x_wconf 70' lang='grc' dir='ltr'><strong>μὲν</strong></span> <span class='ocrx_word' id='word_1_276' title='bbox 994 2388 1104 2458; x_wconf 80' lang='grc' dir='ltr'>γὰρ</span> <span class='ocrx_word' id='word_1_277' title='bbox 1124 2387 1214 2441; x_wconf 85' lang='grc' dir='ltr'>διὰ</span> <span class='ocrx_word' id='word_1_278' title='bbox 1232 2385 1324 2439; x_wconf 90' lang='grc' dir='ltr'><strong>τοῦ</strong></span> <span class='ocrx_word' id='word_1_279' title='bbox 1347 2384 1505 2452; x_wconf 87' lang='grc' dir='ltr'>λόγου</span> <span class='ocrx_word' id='word_1_280' title='bbox 1529 2383 1816 2451; x_wconf 86' lang='grc' dir='ltr'>πταίομεν,</span> 
     </span>
    </p>
   </div>
   <div class='ocr_carea' id='block_1_40' title="bbox 241 2473 1819 2554">
    <p class='ocr_par' dir='ltr' id='par_1_40' title="bbox 241 2473 1819 2554">
     <span class='ocr_line' id='line_1_40' title="bbox 241 2473 1819 2554; baseline -0.01 -14"><span class='ocrx_word' id='word_1_281' title='bbox 241 2487 376 2540; x_wconf 70' lang='grc' dir='ltr'>ποτε</span> <span class='ocrx_word' id='word_1_282' title='bbox 408 2485 464 2539; x_wconf 76' lang='grc' dir='ltr'><strong>δέ</strong></span> <span class='ocrx_word' id='word_1_283' title='bbox 502 2484 569 2538; x_wconf 84' lang='grc' dir='ltr'><strong>δι’</strong></span> <span class='ocrx_word' id='word_1_284' title='bbox 601 2482 840 2554; x_wconf 84' lang='grc' dir='ltr'>αἰσχρῶν</span> <span class='ocrx_word' id='word_1_285' title='bbox 872 2482 966 2535; x_wconf 75' lang='grc' dir='ltr'>καὶ</span> <span class='ocrx_word' id='word_1_286' title='bbox 1011 2478 1261 2550; x_wconf 85' lang='grc' dir='ltr'>πονηρῶν</span> <span class='ocrx_word' id='word_1_287' title='bbox 1296 2473 1727 2547; x_wconf 73' lang='grc' dir='ltr'>ἐπιθυμήματων</span> <span class='ocrx_word' id='word_1_288' title='bbox 1761 2488 1819 2525; x_wconf 87' lang='grc' dir='ltr'><strong>τε</strong></span> 
     </span>
    </p>
   </div>
   <div class='ocr_carea' id='block_1_41' title="bbox 238 2565 1819 2649">
    <p class='ocr_par' dir='ltr' id='par_1_41' title="bbox 238 2565 1819 2649">
     <span class='ocr_line' id='line_1_41' title="bbox 238 2565 1819 2649; baseline -0.011 -16"><span class='ocrx_word' id='word_1_289' title='bbox 238 2580 340 2633; x_wconf 77' lang='grc' dir='ltr'>καὶ</span> <span class='ocrx_word' id='word_1_290' title='bbox 390 2576 661 2649; x_wconf 80' lang='grc' dir='ltr'>πράξεων.</span> <span class='ocrx_word' id='word_1_291' title='bbox 709 2575 856 2645; x_wconf 82' lang='grc' dir='ltr'>Πλὴν</span> <span class='ocrx_word' id='word_1_292' title='bbox 896 2575 1045 2643; x_wconf 83' lang='grc' dir='ltr'>ὅμως</span> <span class='ocrx_word' id='word_1_293' title='bbox 1096 2569 1335 2624; x_wconf 88' lang='grc' dir='ltr'>τοσαῦτα</span> <span class='ocrx_word' id='word_1_294' title='bbox 1366 2567 1671 2629; x_wconf 83' lang='grc' dir='ltr'>πταίοντες,</span> <span class='ocrx_word' id='word_1_295' title='bbox 1719 2565 1819 2616; x_wconf 85' lang='grc' dir='ltr'><strong>ούκ</strong></span> 
     </span>
    </p>
   </div>
   <div class='ocr_carea' id='block_1_42' title="bbox 238 2656 1821 2737">
    <p class='ocr_par' dir='ltr' id='par_1_42' title="bbox 238 2656 1821 2737">
     <span class='ocr_line' id='line_1_42' title="bbox 238 2656 1821 2737; baseline -0.009 -15"><span class='ocrx_word' id='word_1_296' title='bbox 238 2666 687 2737; x_wconf 73' lang='grc' dir='ltr'>ἀπογινώσκομεν</span> <span class='ocrx_word' id='word_1_297' title='bbox 710 2665 809 2727; x_wconf 81' lang='grc' dir='ltr'>τὰς</span> <span class='ocrx_word' id='word_1_298' title='bbox 831 2663 983 2733; x_wconf 89' lang='grc' dir='ltr'><strong>παρά</strong></span> <span class='ocrx_word' id='word_1_299' title='bbox 1010 2661 1088 2733; x_wconf 83' lang='grc' dir='ltr'>τῷ</span> <span class='ocrx_word' id='word_1_300' title='bbox 1116 2661 1235 2732; x_wconf 88' lang='grc' dir='ltr'>Θεῷ</span> <span class='ocrx_word' id='word_1_301' title='bbox 1259 2659 1496 2721; x_wconf 81' lang='grc' dir='ltr'>ἐλπίδας,</span> <span class='ocrx_word' id='word_1_302' title='bbox 1523 2658 1611 2711; x_wconf 85' lang='grc' dir='ltr'><strong>διὰ</strong></span> <span class='ocrx_word' id='word_1_303' title='bbox 1635 2656 1697 2709; x_wconf 79' lang='grc' dir='ltr'>τὸ</span> <span class='ocrx_word' id='word_1_304' title='bbox 1734 2672 1821 2723; x_wconf 88' lang='grc' dir='ltr'>φι-</span> 
     </span>
    </p>
   </div>
   <div class='ocr_carea' id='block_1_43' title="bbox 239 2746 1819 2826">
    <p class='ocr_par' dir='ltr' id='par_1_43' title="bbox 239 2746 1819 2826">
     <span class='ocr_line' id='line_1_43' title="bbox 239 2746 1819 2826; baseline -0.009 -16"><span class='ocrx_word' id='word_1_305' title='bbox 239 2753 559 2826; x_wconf 74' lang='grc' dir='ltr'>λάνθρωπον</span> <span class='ocrx_word' id='word_1_306' title='bbox 587 2753 681 2807; x_wconf 75' lang='grc' dir='ltr'>καὶ</span> <span class='ocrx_word' id='word_1_307' title='bbox 704 2750 1023 2817; x_wconf 79' lang='grc' dir='ltr'>ἀνεξίκακον</span> <span class='ocrx_word' id='word_1_308' title='bbox 1045 2748 1395 2819; x_wconf 84' lang='grc' dir='ltr'>ὲλεημονικόν</span> <span class='ocrx_word' id='word_1_309' title='bbox 1417 2763 1475 2799; x_wconf 89' lang='grc' dir='ltr'><strong>τε</strong></span> <span class='ocrx_word' id='word_1_310' title='bbox 1498 2746 1590 2799; x_wconf 59' lang='grc' dir='ltr'><strong>καὶ⁸</strong></span> <span class='ocrx_word' id='word_1_311' title='bbox 1618 2761 1819 2814; x_wconf 87' lang='grc' dir='ltr'>συγχω-</span> 
     </span>
    </p>
   </div>
   <div class='ocr_carea' id='block_1_44' title="bbox 241 2834 1813 2915">
    <p class='ocr_par' dir='ltr' id='par_1_44' title="bbox 241 2834 1813 2915">
     <span class='ocr_line' id='line_1_44' title="bbox 241 2834 1813 2915; baseline -0.008 -18"><span class='ocrx_word' id='word_1_312' title='bbox 241 2844 469 2915; x_wconf 82' lang='grc' dir='ltr'>ρητικὸν</span> <span class='ocrx_word' id='word_1_313' title='bbox 499 2841 593 2895; x_wconf 92' lang='grc' dir='ltr'><strong>τοῦ</strong></span> <span class='ocrx_word' id='word_1_314' title='bbox 627 2840 783 2895; x_wconf 91' lang='grc' dir='ltr'>Θεοῦ.</span> <span class='ocrx_word' id='word_1_315' title='bbox 830 2840 1037 2893; x_wconf 86' lang='grc' dir='ltr'>υύκοῦν</span> <span class='ocrx_word' id='word_1_316' title='bbox 1075 2840 1265 2892; x_wconf 67' lang='grc' dir='ltr'>ἕπεται</span> <span class='ocrx_word' id='word_1_317' title='bbox 1308 2836 1387 2905; x_wconf 86' lang='grc' dir='ltr'>τῷ</span> <span class='ocrx_word' id='word_1_318' title='bbox 1431 2834 1579 2903; x_wconf 86' lang='grc' dir='ltr'><strong>αύτῴ</strong></span> <span class='ocrx_word' id='word_1_319' title='bbox 1613 2834 1813 2905; x_wconf 84' lang='grc' dir='ltr'>μέτρῳ,</span> 
     </span>
    </p>
   </div>
   <div class='ocr_carea' id='block_1_45' title="bbox 240 2924 1816 3005">
    <p class='ocr_par' dir='ltr' id='par_1_45' title="bbox 240 2924 1816 3005">
     <span class='ocr_line' id='line_1_45' title="bbox 240 2924 1816 3005; baseline -0.008 -17"><span class='ocrx_word' id='word_1_320' title='bbox 240 2935 337 2988; x_wconf 81' lang='grc' dir='ltr'>καὶ</span> <span class='ocrx_word' id='word_1_321' title='bbox 368 2935 514 3005; x_wconf 74' lang='grc' dir='ltr'>ἡμᾶς</span> <span class='ocrx_word' id='word_1_322' title='bbox 557 2936 773 3005; x_wconf 76' lang='grc' dir='ltr'>μετρεῖν</span> <span class='ocrx_word' id='word_1_323' title='bbox 804 2934 918 2995; x_wconf 87' lang='grc' dir='ltr'>τοῖς</span> <span class='ocrx_word' id='word_1_324' title='bbox 949 2933 1029 2993; x_wconf 84' lang='grc' dir='ltr'><strong>εἰς</strong></span> <span class='ocrx_word' id='word_1_325' title='bbox 1060 2930 1210 3000; x_wconf 79' lang='grc' dir='ltr'>ἡμᾶς</span> <span class='ocrx_word' id='word_1_326' title='bbox 1254 2927 1647 2997; x_wconf 80' lang='grc' dir='ltr'>ἀμαρτάνουσι’</span> <span class='ocrx_word' id='word_1_327' title='bbox 1683 2924 1816 2994; x_wconf 81' lang='grc' dir='ltr'>μηδὲ</span> 
     </span>
    </p>
   </div>
   <div class='ocr_carea' id='block_1_46' title="bbox 241 3015 1813 3095">
    <p class='ocr_par' dir='ltr' id='par_1_46' title="bbox 241 3015 1813 3095">
     <span class='ocr_line' id='line_1_46' title="bbox 241 3015 1813 3095; baseline -0.009 -16"><span class='ocrx_word' id='word_1_328' title='bbox 241 3024 385 3080; x_wconf 88' lang='grc' dir='ltr'><strong>κατά</strong></span> <span class='ocrx_word' id='word_1_329' title='bbox 428 3024 520 3078; x_wconf 82' lang='grc' dir='ltr'><strong>τὸν</strong></span> <span class='ocrx_word' id='word_1_330' title='bbox 562 3024 767 3095; x_wconf 91' lang='grc' dir='ltr'>Πέτρον</span> <span class='ocrx_word' id='word_1_331' title='bbox 799 3020 1263 3089; x_wconf 86' lang='grc' dir='ltr'>ἀκριϐολογεῖσθαι</span> <span class='ocrx_word' id='word_1_332' title='bbox 1302 3021 1367 3089; x_wconf 78' lang='grc' dir='ltr'>τῇ</span> <span class='ocrx_word' id='word_1_333' title='bbox 1414 3015 1813 3086; x_wconf 71' lang='grc' dir='ltr'>φιλανθρωπίᾳ,</span> 
     </span>
    </p>
   </div>
   <div class='ocr_carea' id='block_1_47' title="bbox 238 3106 1813 3184">
    <p class='ocr_par' dir='ltr' id='par_1_47' title="bbox 238 3106 1813 3184">
     <span class='ocr_line' id='line_1_47' title="bbox 238 3106 1813 3184; baseline -0.008 -17"><span class='ocrx_word' id='word_1_334' title='bbox 238 3113 335 3168; x_wconf 65' lang='lat' dir='ltr'><strong>aut</strong></span> <span class='ocrx_word' id='word_1_335' title='bbox 382 3112 575 3184; x_wconf 82' lang='grc' dir='ltr'>μέχρις</span> <span class='ocrx_word' id='word_1_336' title='bbox 606 3110 829 3181; x_wconf 83' lang='grc' dir='ltr'>έϐδόμου</span> <span class='ocrx_word' id='word_1_337' title='bbox 861 3108 1092 3180; x_wconf 88' lang='grc' dir='ltr'>ἀριθμοῦ</span> <span class='ocrx_word' id='word_1_338' title='bbox 1128 3111 1239 3171; x_wconf 90' lang='grc' dir='ltr'>τοῖς</span> <span class='ocrx_word' id='word_1_339' title='bbox 1268 3108 1347 3168; x_wconf 89' lang='grc' dir='ltr'><strong>εἰς</strong></span> <span class='ocrx_word' id='word_1_340' title='bbox 1392 3106 1539 3175; x_wconf 81' lang='grc' dir='ltr'>ήμᾶς</span> <span class='ocrx_word' id='word_1_341' title='bbox 1562 3108 1813 3174; x_wconf 87' lang='grc' dir='ltr'>ήμαρτη-</span> 
     </span>
    </p>
   </div>
   <div class='ocr_carea' id='block_1_48' title="bbox 1927 1925 3509 1995">
    <p class='ocr_par' dir='ltr' id='par_1_48' title="bbox 1927 1925 3509 1995">
     <span class='ocr_line' id='line_1_48' title="bbox 1927 1925 3509 1995; baseline -0.001 -14"><span class='ocrx_word' id='word_1_342' title='bbox 1927 1926 2206 1981; x_wconf 82' lang='lat' dir='ltr'><strong>oblivione</strong></span> <span class='ocrx_word' id='word_1_343' title='bbox 2248 1927 2515 1981; x_wconf 87' lang='lat' dir='ltr'><strong>imitetur.</strong></span> <span class='ocrx_word' id='word_1_344' title='bbox 2551 1925 2683 1979; x_wconf 84' lang='lat' dir='ltr'><strong>Nam</strong></span> <span class='ocrx_word' id='word_1_345' title='bbox 2737 1940 2959 1995; x_wconf 75' lang='lat' dir='ltr'><strong>regnum</strong></span> <span class='ocrx_word' id='word_1_346' title='bbox 2994 1926 3136 1995; x_wconf 87' lang='lat' dir='ltr'><strong>quod</strong></span> <span class='ocrx_word' id='word_1_347' title='bbox 3176 1926 3392 1981; x_wconf 90' lang='lat' dir='ltr'><strong>nonnisi</strong></span> <span class='ocrx_word' id='word_1_348' title='bbox 3424 1925 3509 1995; x_wconf 88' lang='lat' dir='ltr'><strong>ju-</strong></span> 
     </span>
    </p>
   </div>
   <div class='ocr_carea' id='block_1_49' title="bbox 1926 2017 3508 2087">
    <p class='ocr_par' dir='ltr' id='par_1_49' title="bbox 1926 2017 3508 2087">
     <span class='ocr_line' id='line_1_49' title="bbox 1926 2017 3508 2087; baseline 0.001 -16"><span class='ocrx_word' id='word_1_349' title='bbox 1926 2018 2068 2071; x_wconf 89' lang='lat' dir='ltr'><strong>dicio</strong></span> <span class='ocrx_word' id='word_1_350' title='bbox 2114 2018 2370 2087; x_wconf 88' lang='lat' dir='ltr'><strong>probatos</strong></span> <span class='ocrx_word' id='word_1_351' title='bbox 2421 2017 2635 2086; x_wconf 87' lang='lat' dir='ltr'><strong>recipit,</strong></span> <span class='ocrx_word' id='word_1_352' title='bbox 2671 2017 2864 2071; x_wconf 81' lang='lat' dir='ltr'><strong>alienis</strong></span> <span class='ocrx_word' id='word_1_353' title='bbox 2908 2031 2938 2070; x_wconf 88' lang='lat' dir='ltr'><strong>a</strong></span> <span class='ocrx_word' id='word_1_354' title='bbox 2987 2017 3278 2072; x_wconf 89' lang='lat' dir='ltr'><strong>clementia</strong></span> <span class='ocrx_word' id='word_1_355' title='bbox 3327 2032 3508 2087; x_wconf 89' lang='lat' dir='ltr'><strong>neque</strong></span> 
     </span>
    </p>
   </div>
   <div class='ocr_carea' id='block_1_50' title="bbox 1924 2107 3504 2180">
    <p class='ocr_par' dir='ltr' id='par_1_50' title="bbox 1924 2107 3504 2180">
     <span class='ocr_line' id='line_1_50' title="bbox 1924 2107 3504 2180; baseline 0.001 -16"><span class='ocrx_word' id='word_1_356' title='bbox 1924 2108 2165 2164; x_wconf 91' lang='lat' dir='ltr'><strong>omnium</strong></span> <span class='ocrx_word' id='word_1_357' title='bbox 2187 2107 2432 2176; x_wconf 87' lang='lat' dir='ltr'><strong>jndicem</strong></span> <span class='ocrx_word' id='word_1_358' title='bbox 2471 2110 2572 2163; x_wconf 88' lang='lat' dir='ltr'><strong>bac</strong></span> <span class='ocrx_word' id='word_1_359' title='bbox 2604 2109 2803 2163; x_wconf 81' lang='lat' dir='ltr'><strong>virtute</strong></span> <span class='ocrx_word' id='word_1_360' title='bbox 2835 2108 3173 2163; x_wconf 82' lang='lat' dir='ltr'><strong>imitantibus</strong></span> <span class='ocrx_word' id='word_1_361' title='bbox 3219 2109 3504 2180; x_wconf 84' lang='lat' dir='ltr'><strong>haudqua-</strong></span> 
     </span>
    </p>
   </div>
   <div class='ocr_carea' id='block_1_51' title="bbox 1922 2199 3501 2270">
    <p class='ocr_par' dir='ltr' id='par_1_51' title="bbox 1922 2199 3501 2270">
     <span class='ocr_line' id='line_1_51' title="bbox 1922 2199 3501 2270; baseline 0.003 -18"><span class='ocrx_word' id='word_1_362' title='bbox 1922 2214 2082 2268; x_wconf 86' lang='lat' dir='ltr'><strong>quam</strong></span> <span class='ocrx_word' id='word_1_363' title='bbox 2125 2210 2292 2270; x_wconf 88' lang='lat' dir='ltr'><strong>patet.</strong></span> <span class='ocrx_word' id='word_1_364' title='bbox 2336 2199 2521 2269; x_wconf 80' lang='lat' dir='ltr'><strong>Neque</strong></span> <span class='ocrx_word' id='word_1_365' title='bbox 2564 2201 2709 2253; x_wconf 88' lang='lat' dir='ltr'><strong>enim</strong></span> <span class='ocrx_word' id='word_1_366' title='bbox 2752 2199 3062 2267; x_wconf 85' lang='lat' dir='ltr'><strong>quempiam</strong></span> <span class='ocrx_word' id='word_1_367' title='bbox 3108 2208 3258 2255; x_wconf 81' lang='lat' dir='ltr'><strong>tanta</strong></span> <span class='ocrx_word' id='word_1_368' title='bbox 3300 2200 3355 2254; x_wconf 89' lang='lat' dir='ltr'><strong>in</strong></span> <span class='ocrx_word' id='word_1_369' title='bbox 3397 2215 3501 2257; x_wconf 80' lang='lat' dir='ltr'><strong>nos</strong></span> 
     </span>
    </p>
   </div>
   <div class='ocr_carea' id='block_1_52' title="bbox 1922 2288 3504 2361">
    <p class='ocr_par' dir='ltr' id='par_1_52' title="bbox 1922 2288 3504 2361">
     <span class='ocr_line' id='line_1_52' title="bbox 1922 2288 3504 2361; baseline 0.002 -17"><span class='ocrx_word' id='word_1_370' title='bbox 1922 2305 2175 2360; x_wconf 84' lang='lat' dir='ltr'><strong>peccasse</strong></span> <span class='ocrx_word' id='word_1_371' title='bbox 2204 2288 2618 2354; x_wconf 77' lang='lat' dir='ltr'><strong>aﬂirmabimus,</strong></span> <span class='ocrx_word' id='word_1_372' title='bbox 2648 2300 2849 2358; x_wconf 90' lang='lat' dir='ltr'><strong>quanta</strong></span> <span class='ocrx_word' id='word_1_373' title='bbox 2881 2301 3089 2343; x_wconf 88' lang='lat' dir='ltr'><strong>nosmet</strong></span> <span class='ocrx_word' id='word_1_374' title='bbox 3110 2306 3207 2361; x_wconf 89' lang='lat' dir='ltr'><strong>per</strong></span> <span class='ocrx_word' id='word_1_375' title='bbox 3232 2290 3504 2347; x_wconf 73' lang='lat' dir='ltr'><strong>universa</strong></span> 
     </span>
    </p>
   </div>
   <div class='ocr_carea' id='block_1_53' title="bbox 1922 2378 3491 2451">
    <p class='ocr_par' dir='ltr' id='par_1_53' title="bbox 1922 2378 3491 2451">
     <span class='ocr_line' id='line_1_53' title="bbox 1922 2378 3491 2451; baseline 0.004 -18"><span class='ocrx_word' id='word_1_376' title='bbox 1922 2383 2046 2437; x_wconf 61' lang='lat' dir='ltr'><strong>vita</strong></span> <span class='ocrx_word' id='word_1_377' title='bbox 2092 2394 2303 2451; x_wconf 87' lang='lat' dir='ltr'><strong>tempus</strong></span> <span class='ocrx_word' id='word_1_378' title='bbox 2345 2383 2611 2437; x_wconf 86' lang='lat' dir='ltr'><strong>adversus</strong></span> <span class='ocrx_word' id='word_1_379' title='bbox 2644 2382 2737 2435; x_wconf 87' lang='lat' dir='ltr'><strong>Dei</strong></span> <span class='ocrx_word' id='word_1_380' title='bbox 2768 2378 3101 2437; x_wconf 76' lang='lat' dir='ltr'><strong>voluntatem</strong></span> <span class='ocrx_word' id='word_1_381' title='bbox 3131 2383 3491 2449; x_wconf 79' lang='lat' dir='ltr'><strong>patravintus,</strong></span> 
     </span>
    </p>
   </div>
   <div class='ocr_carea' id='block_1_54' title="bbox 1923 2472 3507 2543">
    <p class='ocr_par' dir='ltr' id='par_1_54' title="bbox 1923 2472 3507 2543">
     <span class='ocr_line' id='line_1_54' title="bbox 1923 2472 3507 2543; baseline 0.003 -17"><span class='ocrx_word' id='word_1_382' title='bbox 1923 2474 2153 2543; x_wconf 83' lang='lat' dir='ltr'><strong>ideoque</strong></span> <span class='ocrx_word' id='word_1_383' title='bbox 2192 2475 2467 2529; x_wconf 83' lang='lat' dir='ltr'><strong>debitores</strong></span> <span class='ocrx_word' id='word_1_384' title='bbox 2527 2476 2821 2528; x_wconf 82' lang='lat' dir='ltr'><strong>evasimus.</strong></span> <span class='ocrx_word' id='word_1_385' title='bbox 2880 2472 3013 2528; x_wconf 83' lang='lat' dir='ltr'><strong>Nam</strong></span> <span class='ocrx_word' id='word_1_386' title='bbox 3040 2474 3204 2529; x_wconf 88' lang='lat' dir='ltr'><strong>modo</strong></span> <span class='ocrx_word' id='word_1_387' title='bbox 3252 2488 3507 2531; x_wconf 75' lang='lat' dir='ltr'><strong>sermone</strong></span> 
     </span>
    </p>
   </div>
   <div class='ocr_carea' id='block_1_55' title="bbox 1920 2564 3502 2635">
    <p class='ocr_par' dir='ltr' id='par_1_55' title="bbox 1920 2564 3502 2635">
     <span class='ocr_line' id='line_1_55' title="bbox 1920 2564 3502 2635; baseline 0.001 -15"><span class='ocrx_word' id='word_1_388' title='bbox 1920 2564 2261 2627; x_wconf 80' lang='lat' dir='ltr'><strong>olendimns,</strong></span> <span class='ocrx_word' id='word_1_389' title='bbox 2293 2564 2451 2619; x_wconf 89' lang='lat' dir='ltr'><strong>modo</strong></span> <span class='ocrx_word' id='word_1_390' title='bbox 2493 2566 2738 2635; x_wconf 88' lang='lat' dir='ltr'><strong>turpibus</strong></span> <span class='ocrx_word' id='word_1_391' title='bbox 2770 2566 3088 2634; x_wconf 87' lang='lat' dir='ltr'><strong>vitiosisque</strong></span> <span class='ocrx_word' id='word_1_392' title='bbox 3116 2564 3502 2634; x_wconf 80' lang='lat' dir='ltr'><strong>cupiditatibus</strong></span> 
     </span>
    </p>
   </div>
   <div class='ocr_carea' id='block_1_56' title="bbox 1918 2654 3498 2727">
    <p class='ocr_par' dir='ltr' id='par_1_56' title="bbox 1918 2654 3498 2727">
     <span class='ocr_line' id='line_1_56' title="bbox 1918 2654 3498 2727; baseline 0.001 -18"><span class='ocrx_word' id='word_1_393' title='bbox 1918 2666 2081 2726; x_wconf 91' lang='lat' dir='ltr'><strong>atque</strong></span> <span class='ocrx_word' id='word_1_394' title='bbox 2118 2657 2346 2710; x_wconf 88' lang='lat' dir='ltr'><strong>actibus.</strong></span> <span class='ocrx_word' id='word_1_395' title='bbox 2385 2655 2749 2711; x_wconf 86' lang='lat' dir='ltr'><strong>Nihilominus</strong></span> <span class='ocrx_word' id='word_1_396' title='bbox 2792 2656 2885 2727; x_wconf 89' lang='lat' dir='ltr'><strong>qui</strong></span> <span class='ocrx_word' id='word_1_397' title='bbox 2936 2665 3086 2711; x_wconf 87' lang='lat' dir='ltr'><strong>tanta</strong></span> <span class='ocrx_word' id='word_1_398' title='bbox 3111 2654 3498 2725; x_wconf 76' lang='lat' dir='ltr'><strong>delinquimus,</strong></span> 
     </span>
    </p>
   </div>
   <div class='ocr_carea' id='block_1_57' title="bbox 1920 2745 3501 2816">
    <p class='ocr_par' dir='ltr' id='par_1_57' title="bbox 1920 2745 3501 2816">
     <span class='ocr_line' id='line_1_57' title="bbox 1920 2745 3501 2816; baseline 0 -15"><span class='ocrx_word' id='word_1_399' title='bbox 1920 2747 2167 2802; x_wconf 73' lang='lat' dir='ltr'><strong>fiduciam</strong></span> <span class='ocrx_word' id='word_1_400' title='bbox 2213 2747 2459 2816; x_wconf 83' lang='lat' dir='ltr'><strong>placandi</strong></span> <span class='ocrx_word' id='word_1_401' title='bbox 2512 2746 2603 2801; x_wconf 86' lang='lat' dir='ltr'><strong>Dei</strong></span> <span class='ocrx_word' id='word_1_402' title='bbox 2652 2762 2759 2801; x_wconf 89' lang='lat' dir='ltr'><strong>non</strong></span> <span class='ocrx_word' id='word_1_403' title='bbox 2789 2747 3115 2812; x_wconf 87' lang='lat' dir='ltr'><strong>omittimus,</strong></span> <span class='ocrx_word' id='word_1_404' title='bbox 3143 2761 3302 2815; x_wconf 88' lang='lat' dir='ltr'><strong>quem</strong></span> <span class='ocrx_word' id='word_1_405' title='bbox 3335 2745 3501 2801; x_wconf 79' lang='lat' dir='ltr'><strong>bette-</strong></span> 
     </span>
    </p>
   </div>
   <div class='ocr_carea' id='block_1_58' title="bbox 1919 2837 3502 2906">
    <p class='ocr_par' dir='ltr' id='par_1_58' title="bbox 1919 2837 3502 2906">
     <span class='ocr_line' id='line_1_58' title="bbox 1919 2837 3502 2906; baseline 0.003 -18"><span class='ocrx_word' id='word_1_406' title='bbox 1919 2838 2096 2892; x_wconf 78' lang='lat' dir='ltr'><strong>volum</strong></span> <span class='ocrx_word' id='word_1_407' title='bbox 2142 2837 2479 2897; x_wconf 86' lang='lat' dir='ltr'><strong>hominibus.</strong></span> <span class='ocrx_word' id='word_1_408' title='bbox 2527 2839 2825 2906; x_wconf 78' lang='lat' dir='ltr'><strong>patientem</strong></span> <span class='ocrx_word' id='word_1_409' title='bbox 2859 2852 2923 2892; x_wconf 87' lang='lat' dir='ltr'><strong>ac</strong></span> <span class='ocrx_word' id='word_1_410' title='bbox 2970 2837 3375 2893; x_wconf 86' lang='lat' dir='ltr'><strong>misericordem</strong></span> <span class='ocrx_word' id='word_1_411' title='bbox 3404 2852 3502 2893; x_wconf 83' lang='lat' dir='ltr'><strong>ve-</strong></span> 
     </span>
    </p>
   </div>
   <div class='ocr_carea' id='block_1_59' title="bbox 1919 2928 3503 2999">
    <p class='ocr_par' dir='ltr' id='par_1_59' title="bbox 1919 2928 3503 2999">
     <span class='ocr_line' id='line_1_59' title="bbox 1919 2928 3503 2999; baseline 0.001 -18"><span class='ocrx_word' id='word_1_412' title='bbox 1919 2930 2130 2997; x_wconf 66' lang='lat' dir='ltr'><strong>niaque</strong></span> <span class='ocrx_word' id='word_1_413' title='bbox 2182 2943 2410 2996; x_wconf 67' lang='lat' dir='ltr'><strong>promum</strong></span> <span class='ocrx_word' id='word_1_414' title='bbox 2458 2929 2681 2983; x_wconf 81' lang='lat' dir='ltr'><strong>scimus.</strong></span> <span class='ocrx_word' id='word_1_415' title='bbox 2736 2928 3175 2984; x_wconf 85' lang='lat' dir='ltr'><strong>Consentaneum</strong></span> <span class='ocrx_word' id='word_1_416' title='bbox 3210 2938 3294 2983; x_wconf 89' lang='lat' dir='ltr'><strong>est</strong></span> <span class='ocrx_word' id='word_1_417' title='bbox 3332 2929 3503 2999; x_wconf 72' lang='lat' dir='ltr'><strong>igitur</strong></span> 
     </span>
    </p>
   </div>
   <div class='ocr_carea' id='block_1_60' title="bbox 1918 3018 3501 3087">
    <p class='ocr_par' dir='ltr' id='par_1_60' title="bbox 1918 3018 3501 3087">
     <span class='ocr_line' id='line_1_60' title="bbox 1918 3018 3501 3087; baseline 0.003 -16"><span class='ocrx_word' id='word_1_418' title='bbox 1918 3028 1977 3072; x_wconf 92' lang='lat' dir='ltr'><strong>ut</strong></span> <span class='ocrx_word' id='word_1_419' title='bbox 2003 3024 2189 3072; x_wconf 88' lang='lat' dir='ltr'><strong>eadem</strong></span> <span class='ocrx_word' id='word_1_420' title='bbox 2234 3035 2491 3073; x_wconf 87' lang='lat' dir='ltr'><strong>mensura</strong></span> <span class='ocrx_word' id='word_1_421' title='bbox 2542 3020 2629 3083; x_wconf 84' lang='lat' dir='ltr'><strong>iis,</strong></span> <span class='ocrx_word' id='word_1_422' title='bbox 2656 3034 2886 3087; x_wconf 80' lang='lat' dir='ltr'><strong>quorum</strong></span> <span class='ocrx_word' id='word_1_423' title='bbox 2927 3018 3147 3075; x_wconf 65' lang='lat' dir='ltr'><strong>oﬂensa</strong></span> <span class='ocrx_word' id='word_1_424' title='bbox 3188 3022 3240 3073; x_wconf 90' lang='lat' dir='ltr'><strong>in</strong></span> <span class='ocrx_word' id='word_1_425' title='bbox 3274 3035 3374 3075; x_wconf 85' lang='lat' dir='ltr'><strong>nos</strong></span> <span class='ocrx_word' id='word_1_426' title='bbox 3404 3033 3501 3075; x_wconf 56' lang='lat' dir='ltr'><strong>exe</strong></span> 
     </span>
    </p>
   </div>
   <div class='ocr_carea' id='block_1_61' title="bbox 1918 3108 3501 3178">
    <p class='ocr_par' dir='ltr' id='par_1_61' title="bbox 1918 3108 3501 3178">
     <span class='ocr_line' id='line_1_61' title="bbox 1918 3108 3501 3178; baseline 0.001 -16"><span class='ocrx_word' id='word_1_427' title='bbox 1918 3109 2193 3169; x_wconf 83' lang='lat' dir='ltr'><strong>stiterunt,</strong></span> <span class='ocrx_word' id='word_1_428' title='bbox 2238 3108 2540 3178; x_wconf 79' lang='lat' dir='ltr'><strong>largiamur</strong></span> <span class='ocrx_word' id='word_1_429' title='bbox 2570 3126 2582 3161; x_wconf 89' lang='lat'>:</span> <span class='ocrx_word' id='word_1_430' title='bbox 2611 3124 2809 3177; x_wconf 86' lang='lat' dir='ltr'><strong>neque,</strong></span> <span class='ocrx_word' id='word_1_431' title='bbox 2840 3119 2896 3162; x_wconf 92' lang='lat' dir='ltr'><strong>ut</strong></span> <span class='ocrx_word' id='word_1_432' title='bbox 2925 3110 3052 3163; x_wconf 92' lang='lat' dir='ltr'><strong>olim</strong></span> <span class='ocrx_word' id='word_1_433' title='bbox 3088 3109 3283 3164; x_wconf 74' lang='lat' dir='ltr'><strong>Petrus</strong></span> <span class='ocrx_word' id='word_1_434' title='bbox 3298 3110 3369 3176; x_wconf 80' lang='grc'><strong>⁸⁸,</strong></span> <span class='ocrx_word' id='word_1_435' title='bbox 3400 3110 3501 3165; x_wconf 81' lang='lat' dir='ltr'><strong>mi—</strong></span> 
     </span>
    </p>
   </div>
   <div class='ocr_carea' id='block_1_62' title="bbox 239 3194 1817 3273">
    <p class='ocr_par' dir='ltr' id='par_1_62' title="bbox 239 3194 1817 3273">
     <span class='ocr_line' id='line_1_62' title="bbox 239 3194 1817 3273; baseline -0.006 -17"><span class='ocrx_word' id='word_1_436' title='bbox 239 3203 362 3256; x_wconf 76' lang='grc' dir='ltr'>ιεόσι</span> <span class='ocrx_word' id='word_1_437' title='bbox 390 3204 687 3273; x_wconf 77' lang='grc' dir='ltr'>συγχωρεῖν</span> <span class='ocrx_word' id='word_1_438' title='bbox 708 3218 721 3231; x_wconf 72' lang='grc' dir='ltr'><strong>ο</strong></span> <span class='ocrx_word' id='word_1_439' title='bbox 762 3201 902 3254; x_wconf 89' lang='grc' dir='ltr'><strong>κατά</strong></span> <span class='ocrx_word' id='word_1_440' title='bbox 931 3200 988 3253; x_wconf 83' lang='grc' dir='ltr'><strong>δέ</strong></span> <span class='ocrx_word' id='word_1_441' title='bbox 1020 3200 1111 3252; x_wconf 83' lang='grc' dir='ltr'>τὸν</span> <span class='ocrx_word' id='word_1_442' title='bbox 1140 3196 1396 3268; x_wconf 87' lang='grc' dir='ltr'>συμπαθῆ</span> <span class='ocrx_word' id='word_1_443' title='bbox 1431 3196 1525 3248; x_wconf 78' lang='grc' dir='ltr'>καὶ</span> <span class='ocrx_word' id='word_1_444' title='bbox 1551 3194 1817 3265; x_wconf 78' lang='grc' dir='ltr'>ἐλεήμονα</span> 
     </span>
    </p>
   </div>
   <div class='ocr_carea' id='block_1_63' title="bbox 1920 3194 3500 3273">
    <p class='ocr_par' dir='ltr' id='par_1_63' title="bbox 1923 3199 3500 3270">
     <span class='ocr_line' id='line_1_63' title="bbox 1923 3199 3500 3270; baseline 0.003 -20"><span class='ocrx_word' id='word_1_445' title='bbox 1923 3208 2045 3251; x_wconf 84' lang='lat' dir='ltr'><strong>nuta</strong></span> <span class='ocrx_word' id='word_1_446' title='bbox 2086 3199 2457 3253; x_wconf 82' lang='lat' dir='ltr'><strong>benevolentia</strong></span> <span class='ocrx_word' id='word_1_447' title='bbox 2504 3201 2695 3263; x_wconf 89' lang='lat' dir='ltr'><strong>simus,</strong></span> <span class='ocrx_word' id='word_1_448' title='bbox 2740 3216 2913 3270; x_wconf 79' lang='lat' dir='ltr'><strong>neque</strong></span> <span class='ocrx_word' id='word_1_449' title='bbox 2944 3200 3261 3267; x_wconf 73' lang='lat' dir='ltr'><strong>iniuriarum</strong></span> <span class='ocrx_word' id='word_1_450' title='bbox 3302 3202 3500 3255; x_wconf 85' lang='lat' dir='ltr'><strong>remis-</strong></span> 
     </span>
    </p>
   </div>
   <div class='ocr_carea' id='block_1_64' title="bbox 237 3286 1819 3363">
    <p class='ocr_par' dir='ltr' id='par_1_64' title="bbox 237 3286 1819 3363">
     <span class='ocr_line' id='line_1_64' title="bbox 237 3286 1819 3363; baseline -0.005 -18"><span class='ocrx_word' id='word_1_451' title='bbox 237 3290 472 3363; x_wconf 75' lang='grc' dir='ltr'>Σωτῆρα</span> <span class='ocrx_word' id='word_1_452' title='bbox 502 3292 659 3363; x_wconf 86' lang='grc' dir='ltr'>μέχρι</span> <span class='ocrx_word' id='word_1_453' title='bbox 684 3290 777 3345; x_wconf 93' lang='grc' dir='ltr'><strong>τοῦ</strong></span> <span class='ocrx_word' id='word_1_454' title='bbox 814 3289 1273 3359; x_wconf 78' lang='grc' dir='ltr'>ἑϐδομηκοντάκις</span> <span class='ocrx_word' id='word_1_455' title='bbox 1314 3286 1475 3341; x_wconf 88' lang='grc' dir='ltr'>ἐπτά·</span> <span class='ocrx_word' id='word_1_456' title='bbox 1512 3287 1571 3339; x_wconf 89' lang='grc' dir='ltr'><strong>ού</strong></span> <span class='ocrx_word' id='word_1_457' title='bbox 1603 3286 1819 3349; x_wconf 84' lang='grc' dir='ltr'>πάντως</span> 
     </span>
    </p>
   </div>
   <div class='ocr_carea' id='block_1_65' title="bbox 237 3378 1819 3454">
    <p class='ocr_par' dir='ltr' id='par_1_65' title="bbox 237 3378 1819 3454">
     <span class='ocr_line' id='line_1_65' title="bbox 237 3378 1819 3454; baseline -0.004 -18"><span class='ocrx_word' id='word_1_458' title='bbox 237 3383 308 3438; x_wconf 82' lang='grc' dir='ltr'><strong>τά</strong></span> <span class='ocrx_word' id='word_1_459' title='bbox 321 3383 559 3437; x_wconf 90' lang='grc' dir='ltr'>τοσαῦτα</span> <span class='ocrx_word' id='word_1_460' title='bbox 573 3379 1098 3454; x_wconf 71' lang='grc' dir='ltr'>περιεργαζομένους</span> <span class='ocrx_word' id='word_1_461' title='bbox 1115 3382 1331 3452; x_wconf 89' lang='grc' dir='ltr'>ἀμαρτή</span> <span class='ocrx_word' id='word_1_462' title='bbox 1342 3397 1506 3449; x_wconf 87' lang='grc' dir='ltr'>ματα,</span> <span class='ocrx_word' id='word_1_463' title='bbox 1525 3380 1617 3432; x_wconf 77' lang='grc' dir='ltr'>καὶ</span> <span class='ocrx_word' id='word_1_464' title='bbox 1632 3378 1779 3431; x_wconf 82' lang='grc' dir='ltr'>ὥσπε</span> <span class='ocrx_word' id='word_1_465' title='bbox 1789 3394 1819 3448; x_wconf 91' lang='grc' dir='ltr'><strong>ρ</strong></span> 
     </span>
    </p>
   </div>
   <div class='ocr_carea' id='block_1_66' title="bbox 238 3471 1816 3547">
    <p class='ocr_par' dir='ltr' id='par_1_66' title="bbox 238 3471 1816 3547">
     <span class='ocr_line' id='line_1_66' title="bbox 238 3471 1816 3547; baseline -0.005 -18"><span class='ocrx_word' id='word_1_466' title='bbox 238 3474 562 3547; x_wconf 79' lang='grc' dir='ltr'>ἀναγραφὴν</span> <span class='ocrx_word' id='word_1_467' title='bbox 582 3473 759 3528; x_wconf 80' lang='grc' dir='ltr'>αὐτῶν</span> <span class='ocrx_word' id='word_1_468' title='bbox 792 3472 1144 3544; x_wconf 81' lang='grc' dir='ltr'>ποιουμένους</span> <span class='ocrx_word' id='word_1_469' title='bbox 1173 3471 1295 3525; x_wconf 79' lang='grc' dir='ltr'>καθ’</span> <span class='ocrx_word' id='word_1_470' title='bbox 1320 3473 1557 3541; x_wconf 84' lang='grc' dir='ltr'>ἐκάστην</span> <span class='ocrx_word' id='word_1_471' title='bbox 1584 3471 1816 3541; x_wconf 83' lang='grc' dir='ltr'>ἡμέραν,</span> 
     </span>
    </p>
   </div>
   <div class='ocr_carea' id='block_1_67' title="bbox 236 3562 1818 3636">
    <p class='ocr_par' dir='ltr' id='par_1_67' title="bbox 236 3562 1818 3636">
     <span class='ocr_line' id='line_1_67' title="bbox 236 3562 1818 3636; baseline -0.005 -16"><span class='ocrx_word' id='word_1_472' title='bbox 236 3568 304 3620; x_wconf 76' lang='grc' dir='ltr'><strong>ἐκ</strong></span> <span class='ocrx_word' id='word_1_473' title='bbox 332 3566 391 3619; x_wconf 75' lang='grc' dir='ltr'><strong>δέ</strong></span> <span class='ocrx_word' id='word_1_474' title='bbox 431 3566 620 3620; x_wconf 91' lang='grc' dir='ltr'>τούτου</span> <span class='ocrx_word' id='word_1_475' title='bbox 659 3565 721 3618; x_wconf 82' lang='grc' dir='ltr'>τὸ</span> <span class='ocrx_word' id='word_1_476' title='bbox 760 3565 1138 3636; x_wconf 84' lang='grc' dir='ltr'>ἀπεριόριστον</span> <span class='ocrx_word' id='word_1_477' title='bbox 1169 3562 1614 3632; x_wconf 82' lang='grc' dir='ltr'>διδασκομένους.</span> <span class='ocrx_word' id='word_1_478' title='bbox 1646 3562 1818 3614; x_wconf 83' lang='grc' dir='ltr'>Πυθο-</span> 
     </span>
    </p>
   </div>
   <div class='ocr_carea' id='block_1_68' title="bbox 240 3653 1819 3727">
    <p class='ocr_par' dir='ltr' id='par_1_68' title="bbox 240 3653 1819 3727">
     <span class='ocr_line' id='line_1_68' title="bbox 240 3653 1819 3727; baseline -0.003 -18"><span class='ocrx_word' id='word_1_479' title='bbox 240 3657 405 3727; x_wconf 86' lang='grc' dir='ltr'>μένου</span> <span class='ocrx_word' id='word_1_480' title='bbox 429 3655 539 3727; x_wconf 81' lang='grc' dir='ltr'><strong>γὰρ</strong></span> <span class='ocrx_word' id='word_1_481' title='bbox 561 3655 654 3709; x_wconf 86' lang='grc' dir='ltr'><strong>τοῦ</strong></span> <span class='ocrx_word' id='word_1_482' title='bbox 680 3655 886 3727; x_wconf 81' lang='grc' dir='ltr'>Πέτρου</span> <span class='ocrx_word' id='word_1_483' title='bbox 911 3656 1003 3707; x_wconf 77' lang='grc' dir='ltr'>ἐπὶ</span> <span class='ocrx_word' id='word_1_484' title='bbox 1026 3654 1210 3717; x_wconf 88' lang='grc' dir='ltr'>πόσοις</span> <span class='ocrx_word' id='word_1_485' title='bbox 1232 3656 1344 3715; x_wconf 91' lang='grc' dir='ltr'>τοῖς</span> <span class='ocrx_word' id='word_1_486' title='bbox 1363 3654 1443 3715; x_wconf 90' lang='grc' dir='ltr'><strong>εἰς</strong></span> <span class='ocrx_word' id='word_1_487' title='bbox 1469 3654 1617 3722; x_wconf 81' lang='grc' dir='ltr'>ἡμᾶς</span> <span class='ocrx_word' id='word_1_488' title='bbox 1641 3653 1819 3723; x_wconf 82' lang='grc' dir='ltr'>ἀμαρ-</span> 
     </span>
    </p>
   </div>
   <div class='ocr_carea' id='block_1_69' title="bbox 235 3742 1818 3817">
    <p class='ocr_par' dir='ltr' id='par_1_69' title="bbox 235 3742 1818 3817">
     <span class='ocr_line' id='line_1_69' title="bbox 235 3742 1818 3817; baseline -0.004 -17"><span class='ocrx_word' id='word_1_489' title='bbox 235 3746 556 3817; x_wconf 81' lang='grc' dir='ltr'>τανομένοις</span> <span class='ocrx_word' id='word_1_490' title='bbox 599 3748 898 3817; x_wconf 79' lang='grc' dir='ltr'>συγχωρεῖν</span> <span class='ocrx_word' id='word_1_491' title='bbox 956 3745 1083 3807; x_wconf 89' lang='grc' dir='ltr'>δέοι,</span> <span class='ocrx_word' id='word_1_492' title='bbox 1131 3743 1225 3796; x_wconf 71' lang='grc' dir='ltr'>καὶ</span> <span class='ocrx_word' id='word_1_493' title='bbox 1262 3742 1493 3814; x_wconf 77' lang='grc' dir='ltr'>ἀριθμὸν</span> <span class='ocrx_word' id='word_1_494' title='bbox 1538 3742 1818 3813; x_wconf 83' lang='grc' dir='ltr'>ὁρίσαντος</span> 
     </span>
    </p>
   </div>
   <div class='ocr_carea' id='block_1_70' title="bbox 234 3834 1817 3907">
    <p class='ocr_par' dir='ltr' id='par_1_70' title="bbox 234 3834 1817 3907">
     <span class='ocr_line' id='line_1_70' title="bbox 234 3834 1817 3907; baseline -0.005 -14"><span class='ocrx_word' id='word_1_495' title='bbox 234 3839 329 3893; x_wconf 73' lang='grc' dir='ltr'>τὸν</span> <span class='ocrx_word' id='word_1_496' title='bbox 374 3839 479 3903; x_wconf 72' lang='lat' dir='ltr'><strong>lto;</strong></span> <span class='ocrx_word' id='word_1_497' title='bbox 517 3839 767 3903; x_wconf 79' lang='grc' dir='ltr'>ἑπτάκις,</span> <span class='ocrx_word' id='word_1_498' title='bbox 800 3840 829 3891; x_wconf 85' lang='grc' dir='ltr'><strong>ὁ</strong></span> <span class='ocrx_word' id='word_1_499' title='bbox 861 3838 1052 3907; x_wconf 81' lang='grc' dir='ltr'>Σωτὴρ</span> <span class='ocrx_word' id='word_1_500' title='bbox 1090 3836 1180 3889; x_wconf 76' lang='grc' dir='ltr'><strong>τὸν</strong></span> <span class='ocrx_word' id='word_1_501' title='bbox 1221 3834 1325 3898; x_wconf 75' lang='grc' dir='ltr'>ἕως</span> <span class='ocrx_word' id='word_1_502' title='bbox 1359 3834 1817 3905; x_wconf 79' lang='grc' dir='ltr'>ἑϐδομηκοντάκις</span> 
     </span>
    </p>
   </div>
   <div class='ocr_carea' id='block_1_71' title="bbox 236 3924 1817 4003">
    <p class='ocr_par' dir='ltr' id='par_1_71' title="bbox 236 3924 1817 4003">
     <span class='ocr_line' id='line_1_71' title="bbox 236 3924 1817 4003; baseline -0.008 -15"><span class='ocrx_word' id='word_1_503' title='bbox 236 3933 379 3988; x_wconf 65' lang='lat' dir='ltr'><strong>tm</strong></span> <span class='ocrx_word' id='word_1_504' title='bbox 407 3933 690 4003; x_wconf 81' lang='grc' dir='ltr'>εἰσήγαγε,</span> <span class='ocrx_word' id='word_1_505' title='bbox 724 3930 843 3985; x_wconf 77' lang='grc' dir='ltr'>καθ’</span> <span class='ocrx_word' id='word_1_506' title='bbox 869 3930 927 3983; x_wconf 84' lang='grc' dir='ltr'><strong>ὃν</strong></span> <span class='ocrx_word' id='word_1_507' title='bbox 949 3930 1027 3982; x_wconf 84' lang='grc' dir='ltr'><strong>δεῖ</strong></span> <span class='ocrx_word' id='word_1_508' title='bbox 1052 3928 1145 3981; x_wconf 74' lang='grc' dir='ltr'>καὶ</span> <span class='ocrx_word' id='word_1_509' title='bbox 1170 3928 1319 3997; x_wconf 80' lang='grc' dir='ltr'>ἡμᾶς</span> <span class='ocrx_word' id='word_1_510' title='bbox 1346 3926 1583 3995; x_wconf 81' lang='grc' dir='ltr'>ἀφιέναι,</span> <span class='ocrx_word' id='word_1_511' title='bbox 1612 3924 1817 3988; x_wconf 81' lang='grc' dir='ltr'>εἰδότας</span> 
     </span>
    </p>
   </div>
   <div class='ocr_carea' id='block_1_72' title="bbox 234 4015 1815 4093">
    <p class='ocr_par' dir='ltr' id='par_1_72' title="bbox 234 4015 1815 4093">
     <span class='ocr_line' id='line_1_72' title="bbox 234 4015 1815 4093; baseline -0.005 -17"><span class='ocrx_word' id='word_1_512' title='bbox 234 4024 333 4076; x_wconf 72' lang='grc' dir='ltr'>καὶ</span> <span class='ocrx_word' id='word_1_513' title='bbox 360 4022 778 4093; x_wconf 73' lang='grc' dir='ltr'>πεπεισμένους,</span> <span class='ocrx_word' id='word_1_514' title='bbox 804 4020 878 4083; x_wconf 88' lang='grc' dir='ltr'><strong>ὡς</strong></span> <span class='ocrx_word' id='word_1_515' title='bbox 910 4020 1059 4073; x_wconf 66' lang='grc' dir='ltr'>ἐσται</span> <span class='ocrx_word' id='word_1_516' title='bbox 1089 4018 1281 4088; x_wconf 82' lang='grc' dir='ltr'>καιρὸς</span> <span class='ocrx_word' id='word_1_517' title='bbox 1308 4018 1431 4071; x_wconf 85' lang='grc' dir='ltr'>καθ’</span> <span class='ocrx_word' id='word_1_518' title='bbox 1460 4017 1519 4070; x_wconf 79' lang='grc' dir='ltr'><strong>ὃν</strong></span> <span class='ocrx_word' id='word_1_519' title='bbox 1548 4015 1815 4087; x_wconf 90' lang='grc' dir='ltr'>συναρθή-</span> 
     </span>
    </p>
   </div>
   <div class='ocr_carea' id='block_1_73' title="bbox 236 4106 1814 4185">
    <p class='ocr_par' dir='ltr' id='par_1_73' title="bbox 236 4106 1814 4185">
     <span class='ocr_line' id='line_1_73' title="bbox 236 4106 1814 4185; baseline -0.005 -18"><span class='ocrx_word' id='word_1_520' title='bbox 236 4130 393 4168; x_wconf 83' lang='grc' dir='ltr'>σεται</span> <span class='ocrx_word' id='word_1_521' title='bbox 433 4115 568 4185; x_wconf 85' lang='grc' dir='ltr'>πρὸς</span> <span class='ocrx_word' id='word_1_522' title='bbox 615 4114 762 4183; x_wconf 74' lang='grc' dir='ltr'>ἡμᾶς</span> <span class='ocrx_word' id='word_1_523' title='bbox 793 4112 949 4179; x_wconf 86' lang='grc' dir='ltr'>λόγος</span> <span class='ocrx_word' id='word_1_524' title='bbox 984 4111 1088 4164; x_wconf 82' lang='grc' dir='ltr'><strong>ὑπὸ</strong></span> <span class='ocrx_word' id='word_1_525' title='bbox 1121 4110 1217 4163; x_wconf 90' lang='grc' dir='ltr'><strong>τοῦ</strong></span> <span class='ocrx_word' id='word_1_526' title='bbox 1271 4110 1487 4163; x_wconf 90' lang='grc' dir='ltr'>πάντων</span> <span class='ocrx_word' id='word_1_527' title='bbox 1538 4106 1725 4178; x_wconf 91' lang='grc' dir='ltr'>κριτοῦ</span> <span class='ocrx_word' id='word_1_528' title='bbox 1755 4123 1814 4159; x_wconf 91' lang='grc' dir='ltr'><strong>τε</strong></span> 
     </span>
    </p>
   </div>
   <div class='ocr_carea' id='block_1_74' title="bbox 233 4197 1818 4275">
    <p class='ocr_par' dir='ltr' id='par_1_74' title="bbox 233 4197 1818 4275">
     <span class='ocr_line' id='line_1_74' title="bbox 233 4197 1818 4275; baseline -0.006 -16"><span class='ocrx_word' id='word_1_529' title='bbox 233 4205 334 4259; x_wconf 64' lang='grc' dir='ltr'>καὶ</span> <span class='ocrx_word' id='word_1_530' title='bbox 365 4202 647 4275; x_wconf 66' lang='grc' dir='ltr'>βασιλέως,</span> <span class='ocrx_word' id='word_1_531' title='bbox 676 4203 893 4256; x_wconf 75' lang='grc' dir='ltr'>ἐπειδὰν</span> <span class='ocrx_word' id='word_1_532' title='bbox 922 4204 970 4255; x_wconf 89' lang='grc' dir='ltr'><strong>οἰ</strong></span> <span class='ocrx_word' id='word_1_533' title='bbox 1000 4202 1199 4266; x_wconf 85' lang='grc' dir='ltr'>πάντες</span> <span class='ocrx_word' id='word_1_534' title='bbox 1223 4200 1591 4273; x_wconf 85' lang='grc' dir='ltr'>παραστῶμεν</span> <span class='ocrx_word' id='word_1_535' title='bbox 1620 4198 1697 4268; x_wconf 81' lang='grc' dir='ltr'>τῷ</span> <span class='ocrx_word' id='word_1_536' title='bbox 1728 4197 1818 4270; x_wconf 85' lang='grc' dir='ltr'><strong>βή-</strong></span> 
     </span>
    </p>
   </div>
   <div class='ocr_carea' id='block_1_75' title="bbox 236 4288 1819 4367">
    <p class='ocr_par' dir='ltr' id='par_1_75' title="bbox 236 4288 1819 4367">
     <span class='ocr_line' id='line_1_75' title="bbox 236 4288 1819 4367; baseline -0.004 -19"><span class='ocrx_word' id='word_1_537' title='bbox 236 4310 372 4366; x_wconf 80' lang='grc' dir='ltr'>ματι</span> <span class='ocrx_word' id='word_1_538' title='bbox 395 4293 583 4359; x_wconf 84' lang='grc' dir='ltr'>αὐτοῦ,</span> <span class='ocrx_word' id='word_1_539' title='bbox 612 4295 699 4348; x_wconf 88' lang='grc' dir='ltr'><strong>δτε</strong></span> <span class='ocrx_word' id='word_1_540' title='bbox 724 4288 769 4362; x_wconf 83' lang='grc' dir='ltr'>ᾧ</span> <span class='ocrx_word' id='word_1_541' title='bbox 800 4295 983 4367; x_wconf 87' lang='grc' dir='ltr'>μέτρῳ</span> <span class='ocrx_word' id='word_1_542' title='bbox 1012 4294 1338 4366; x_wconf 83' lang='grc' dir='ltr'>μετροῦμεν,</span> <span class='ocrx_word' id='word_1_543' title='bbox 1363 4292 1819 4362; x_wconf 82' lang='grc' dir='ltr'>ἀντιμετρηθήσε-</span> 
     </span>
    </p>
   </div>
   <div class='ocr_carea' id='block_1_76' title="bbox 230 4383 1811 4457">
    <p class='ocr_par' dir='ltr' id='par_1_76' title="bbox 230 4383 1811 4457">
     <span class='ocr_line' id='line_1_76' title="bbox 230 4383 1811 4457; baseline -0.003 -18"><span class='ocrx_word' id='word_1_544' title='bbox 230 4399 327 4439; x_wconf 85' lang='grc' dir='ltr'><strong>ται</strong></span> <span class='ocrx_word' id='word_1_545' title='bbox 355 4386 506 4457; x_wconf 75' lang='grc' dir='ltr'>ἡμῖν.</span> <span class='ocrx_word' id='word_1_546' title='bbox 556 4386 614 4439; x_wconf 85' lang='grc' dir='ltr'>Ὀ</span> <span class='ocrx_word' id='word_1_547' title='bbox 661 4385 759 4456; x_wconf 80' lang='grc' dir='ltr'>μὲν</span> <span class='ocrx_word' id='word_1_548' title='bbox 797 4385 905 4457; x_wconf 80' lang='grc' dir='ltr'><strong>γὰρ</strong></span> <span class='ocrx_word' id='word_1_549' title='bbox 942 4386 1114 4457; x_wconf 93' lang='grc' dir='ltr'>μέγας</span> <span class='ocrx_word' id='word_1_550' title='bbox 1155 4385 1407 4455; x_wconf 80' lang='grc' dir='ltr'>βασιλεὺς</span> <span class='ocrx_word' id='word_1_551' title='bbox 1435 4383 1683 4437; x_wconf 86' lang='grc' dir='ltr'>ἐντεῦθεν</span> <span class='ocrx_word' id='word_1_552' title='bbox 1711 4384 1811 4453; x_wconf 77' lang='grc' dir='ltr'><strong>ήδη</strong></span> 
     </span>
    </p>
   </div>
   <div class='ocr_carea' id='block_1_77' title="bbox 231 4474 1814 4549">
    <p class='ocr_par' dir='ltr' id='par_1_77' title="bbox 231 4474 1814 4549">
     <span class='ocr_line' id='line_1_77' title="bbox 231 4474 1814 4549; baseline -0.004 -17"><span class='ocrx_word' id='word_1_553' title='bbox 231 4478 405 4532; x_wconf 65' lang='grc' dir='ltr'><strong>Δκάσιν</strong></span> <span class='ocrx_word' id='word_1_554' title='bbox 422 4480 558 4549; x_wconf 87' lang='grc' dir='ltr'>ήμῖν</span> <span class='ocrx_word' id='word_1_555' title='bbox 581 4480 692 4541; x_wconf 85' lang='grc' dir='ltr'>τοῖς</span> <span class='ocrx_word' id='word_1_556' title='bbox 711 4476 1128 4549; x_wconf 82' lang='grc' dir='ltr'>χρεωφειλέταις</span> <span class='ocrx_word' id='word_1_557' title='bbox 1154 4474 1363 4528; x_wconf 84' lang='grc' dir='ltr'>πολλῶν</span> <span class='ocrx_word' id='word_1_558' title='bbox 1383 4474 1656 4528; x_wconf 74' lang='grc' dir='ltr'>ταλάντων</span> <span class='ocrx_word' id='word_1_559' title='bbox 1673 4474 1814 4526; x_wconf 88' lang='grc' dir='ltr'><strong>κατά</strong></span> 
     </span>
    </p>
   </div>
   <div class='ocr_carea' id='block_1_78' title="bbox 1920 3289 3499 3359">
    <p class='ocr_par' dir='ltr' id='par_1_78' title="bbox 1920 3289 3499 3359">
     <span class='ocr_line' id='line_1_78' title="bbox 1920 3289 3499 3359; baseline 0.004 -18"><span class='ocrx_word' id='word_1_560' title='bbox 1920 3289 2124 3343; x_wconf 90' lang='lat' dir='ltr'><strong>sionem</strong></span> <span class='ocrx_word' id='word_1_561' title='bbox 2164 3293 2479 3359; x_wconf 84' lang='lat' dir='ltr'><strong>septenario</strong></span> <span class='ocrx_word' id='word_1_562' title='bbox 2524 3306 2749 3347; x_wconf 82' lang='lat' dir='ltr'><strong>numero</strong></span> <span class='ocrx_word' id='word_1_563' title='bbox 2796 3303 3167 3358; x_wconf 87' lang='lat' dir='ltr'><strong>coarctemus;</strong></span> <span class='ocrx_word' id='word_1_564' title='bbox 3220 3293 3329 3347; x_wconf 91' lang='lat' dir='ltr'><strong>imo</strong></span> <span class='ocrx_word' id='word_1_565' title='bbox 3368 3306 3499 3347; x_wconf 84' lang='lat' dir='ltr'><strong>vero</strong></span> 
     </span>
    </p>
   </div>
   <div class='ocr_carea' id='block_1_79' title="bbox 1920 3382 3500 3454">
    <p class='ocr_par' dir='ltr' id='par_1_79' title="bbox 1920 3382 3500 3454">
     <span class='ocr_line' id='line_1_79' title="bbox 1920 3382 3500 3454; baseline 0.003 -20"><span class='ocrx_word' id='word_1_566' title='bbox 1920 3382 2226 3449; x_wconf 75' lang='lat' dir='ltr'><strong>septuagies</strong></span> <span class='ocrx_word' id='word_1_567' title='bbox 2277 3385 2479 3451; x_wconf 79' lang='lat' dir='ltr'><strong>septies</strong></span> <span class='ocrx_word' id='word_1_568' title='bbox 2527 3399 2649 3437; x_wconf 92' lang='lat' dir='ltr'><strong>cum</strong></span> <span class='ocrx_word' id='word_1_569' title='bbox 2708 3384 2976 3438; x_wconf 88' lang='lat' dir='ltr'><strong>clemente</strong></span> <span class='ocrx_word' id='word_1_570' title='bbox 3048 3384 3500 3454; x_wconf 80' lang='lat' dir='ltr'><strong>niisericordique</strong></span> 
     </span>
    </p>
   </div>
   <div class='ocr_carea' id='block_1_80' title="bbox 1922 3470 3497 3541">
    <p class='ocr_par' dir='ltr' id='par_1_80' title="bbox 1922 3470 3497 3541">
     <span class='ocr_line' id='line_1_80' title="bbox 1922 3470 3497 3541; baseline 0.003 -17"><span class='ocrx_word' id='word_1_571' title='bbox 1922 3470 2211 3526; x_wconf 82' lang='lat' dir='ltr'><strong>Servatore</strong></span> <span class='ocrx_word' id='word_1_572' title='bbox 2283 3488 2593 3541; x_wconf 88' lang='lat' dir='ltr'><strong>parcamus.</strong></span> <span class='ocrx_word' id='word_1_573' title='bbox 2670 3475 2849 3541; x_wconf 82' lang='lat' dir='ltr'><strong>Quare</strong></span> <span class='ocrx_word' id='word_1_574' title='bbox 2913 3473 3148 3529; x_wconf 76' lang='lat' dir='ltr'><strong>oﬂ&#39;ensas</strong></span> <span class='ocrx_word' id='word_1_575' title='bbox 3206 3491 3273 3529; x_wconf 89' lang='lat' dir='ltr'><strong>ne</strong></span> <span class='ocrx_word' id='word_1_576' title='bbox 3306 3474 3497 3529; x_wconf 83' lang='lat' dir='ltr'><strong>sedulo</strong></span> 
     </span>
    </p>
   </div>
   <div class='ocr_carea' id='block_1_81' title="bbox 1918 3563 3494 3635">
    <p class='ocr_par' dir='ltr' id='par_1_81' title="bbox 1918 3563 3494 3635">
     <span class='ocr_line' id='line_1_81' title="bbox 1918 3563 3494 3635; baseline 0.004 -20"><span class='ocrx_word' id='word_1_577' title='bbox 1918 3563 2259 3628; x_wconf 78' lang='lat' dir='ltr'><strong>ventilennts,</strong></span> <span class='ocrx_word' id='word_1_578' title='bbox 2297 3580 2470 3633; x_wconf 88' lang='lat' dir='ltr'><strong>neque</strong></span> <span class='ocrx_word' id='word_1_579' title='bbox 2517 3568 2708 3619; x_wconf 87' lang='lat' dir='ltr'><strong>harum</strong></span> <span class='ocrx_word' id='word_1_580' title='bbox 2752 3566 2911 3635; x_wconf 87' lang='lat' dir='ltr'><strong>veluti</strong></span> <span class='ocrx_word' id='word_1_581' title='bbox 2958 3566 3409 3621; x_wconf 83' lang='lat' dir='ltr'><strong>commentarium</strong></span> <span class='ocrx_word' id='word_1_582' title='bbox 3441 3568 3494 3621; x_wconf 93' lang='lat' dir='ltr'><strong>in</strong></span> 
     </span>
    </p>
   </div>
   <div class='ocr_carea' id='block_1_82' title="bbox 1920 3653 3499 3725">
    <p class='ocr_par' dir='ltr' id='par_1_82' title="bbox 1920 3653 3499 3725">
     <span class='ocr_line' id='line_1_82' title="bbox 1920 3653 3499 3725; baseline 0.004 -19"><span class='ocrx_word' id='word_1_583' title='bbox 1920 3653 2036 3710; x_wconf 84' lang='lat' dir='ltr'><strong>dies</strong></span> <span class='ocrx_word' id='word_1_584' title='bbox 2060 3654 2431 3710; x_wconf 83' lang='lat' dir='ltr'><strong>conliciamus.</strong></span> <span class='ocrx_word' id='word_1_585' title='bbox 2460 3656 2612 3711; x_wconf 86' lang='lat' dir='ltr'><strong>Nunc</strong></span> <span class='ocrx_word' id='word_1_586' title='bbox 2636 3658 2781 3711; x_wconf 87' lang='lat' dir='ltr'><strong>enim</strong></span> <span class='ocrx_word' id='word_1_587' title='bbox 2808 3656 3199 3725; x_wconf 69' lang='lat' dir='ltr'><strong>indulgentiam</strong></span> <span class='ocrx_word' id='word_1_588' title='bbox 3240 3658 3359 3712; x_wconf 87' lang='lat' dir='ltr'><strong>sine</strong></span> <span class='ocrx_word' id='word_1_589' title='bbox 3389 3657 3499 3717; x_wconf 73' lang='lat' dir='ltr'><strong>(ine</strong></span> 
     </span>
    </p>
   </div>
   <div class='ocr_carea' id='block_1_83' title="bbox 1924 3744 3497 3819">
    <p class='ocr_par' dir='ltr' id='par_1_83' title="bbox 1924 3744 3497 3819">
     <span class='ocr_line' id='line_1_83' title="bbox 1924 3744 3497 3819; baseline 0.005 -23"><span class='ocrx_word' id='word_1_590' title='bbox 1924 3744 2459 3800; x_wconf 77' lang='lat' dir='ltr'><strong>docemur.~Etenim</strong></span> <span class='ocrx_word' id='word_1_591' title='bbox 2508 3748 2880 3817; x_wconf 79' lang='lat' dir='ltr'><strong>interrogante</strong></span> <span class='ocrx_word' id='word_1_592' title='bbox 2927 3747 3088 3802; x_wconf 89' lang='lat' dir='ltr'><strong>Petro</strong></span> <span class='ocrx_word' id='word_1_593' title='bbox 3121 3748 3335 3816; x_wconf 82' lang='lat' dir='ltr'><strong>quoties</strong></span> <span class='ocrx_word' id='word_1_594' title='bbox 3364 3762 3497 3819; x_wconf 77' lang='lat' dir='ltr'><strong>pec-</strong></span> 
     </span>
    </p>
   </div>
   <div class='ocr_carea' id='block_1_84' title="bbox 1919 3821 3495 3908">
    <p class='ocr_par' dir='ltr' id='par_1_84' title="bbox 1919 3821 3495 3908">
     <span class='ocr_line' id='line_1_84' title="bbox 1919 3821 3495 3908; baseline 0.004 -20"><span class='ocrx_word' id='word_1_595' title='bbox 1919 3836 2174 3889; x_wconf 87' lang='lat' dir='ltr'><strong>cantibus</strong></span> <span class='ocrx_word' id='word_1_596' title='bbox 2218 3839 2479 3892; x_wconf 88' lang='lat' dir='ltr'><strong>adversus</strong></span> <span class='ocrx_word' id='word_1_597' title='bbox 2526 3853 2625 3891; x_wconf 91' lang='lat' dir='ltr'><strong>nos</strong></span> <span class='ocrx_word' id='word_1_598' title='bbox 2658 3838 2934 3907; x_wconf 76' lang='lat' dir='ltr'><strong>indulgere</strong></span> <span class='ocrx_word' id='word_1_599' title='bbox 2972 3848 3275 3908; x_wconf 83' lang='lat' dir='ltr'><strong>Oporteret,</strong></span> <span class='ocrx_word' id='word_1_600' title='bbox 3305 3821 3495 3894; x_wconf 72' lang='lat' dir='ltr'><strong>nume-</strong></span> 
     </span>
    </p>
   </div>
   <div class='ocr_carea' id='block_1_85' title="bbox 1923 3927 3493 4000">
    <p class='ocr_par' dir='ltr' id='par_1_85' title="bbox 1923 3927 3493 4000">
     <span class='ocr_line' id='line_1_85' title="bbox 1923 3927 3493 4000; baseline 0.004 -21"><span class='ocrx_word' id='word_1_601' title='bbox 1923 3942 2152 3995; x_wconf 87' lang='lat' dir='ltr'><strong>rumque</strong></span> <span class='ocrx_word' id='word_1_602' title='bbox 2191 3929 2557 3998; x_wconf 89' lang='lat' dir='ltr'><strong>septenarium</strong></span> <span class='ocrx_word' id='word_1_603' title='bbox 2595 3928 2909 3995; x_wconf 85' lang='lat' dir='ltr'><strong>defiuiente,</strong></span> <span class='ocrx_word' id='word_1_604' title='bbox 2942 3927 3201 3985; x_wconf 80' lang='lat' dir='ltr'><strong>Servatur</strong></span> <span class='ocrx_word' id='word_1_605' title='bbox 3225 3945 3394 4000; x_wconf 82' lang='lat' dir='ltr'><strong>usque</strong></span> <span class='ocrx_word' id='word_1_606' title='bbox 3423 3929 3493 3985; x_wconf 76' lang='lat' dir='ltr'><strong>ad</strong></span> 
     </span>
    </p>
   </div>
   <div class='ocr_carea' id='block_1_86' title="bbox 1920 4020 3496 4090">
    <p class='ocr_par' dir='ltr' id='par_1_86' title="bbox 1920 4020 3496 4090">
     <span class='ocr_line' id='line_1_86' title="bbox 1920 4020 3496 4090; baseline 0.005 -20"><span class='ocrx_word' id='word_1_607' title='bbox 1920 4020 2237 4089; x_wconf 75' lang='lat' dir='ltr'><strong>septuagies</strong></span> <span class='ocrx_word' id='word_1_608' title='bbox 2282 4021 2482 4089; x_wconf 87' lang='lat' dir='ltr'><strong>septies</strong></span> <span class='ocrx_word' id='word_1_609' title='bbox 2528 4021 2784 4090; x_wconf 80' lang='lat' dir='ltr'><strong>produxit</strong></span> <span class='ocrx_word' id='word_1_610' title='bbox 2832 4022 3003 4075; x_wconf 70' lang='lat' dir='ltr'><strong>venia:</strong></span> <span class='ocrx_word' id='word_1_611' title='bbox 3061 4021 3251 4075; x_wconf 73' lang='lat' dir='ltr'><strong>dandae</strong></span> <span class='ocrx_word' id='word_1_612' title='bbox 3281 4038 3310 4074; x_wconf 87' lang='lat' dir='ltr'><strong>a</strong></span> <span class='ocrx_word' id='word_1_613' title='bbox 3339 4022 3496 4078; x_wconf 87' lang='lat' dir='ltr'><strong>nobis</strong></span> 
     </span>
    </p>
   </div>
   <div class='ocr_carea' id='block_1_87' title="bbox 1920 4110 3495 4181">
    <p class='ocr_par' dir='ltr' id='par_1_87' title="bbox 1920 4110 3495 4181">
     <span class='ocr_line' id='line_1_87' title="bbox 1920 4110 3495 4181; baseline 0.005 -20"><span class='ocrx_word' id='word_1_614' title='bbox 1920 4123 2237 4175; x_wconf 88' lang='lat' dir='ltr'><strong>numerum;</strong></span> <span class='ocrx_word' id='word_1_615' title='bbox 2267 4110 2433 4178; x_wconf 82' lang='lat' dir='ltr'><strong>probe</strong></span> <span class='ocrx_word' id='word_1_616' title='bbox 2480 4111 2736 4164; x_wconf 90' lang='lat' dir='ltr'><strong>nimirum</strong></span> <span class='ocrx_word' id='word_1_617' title='bbox 2779 4114 3036 4175; x_wconf 82' lang='lat' dir='ltr'><strong>consciis,</strong></span> <span class='ocrx_word' id='word_1_618' title='bbox 3066 4122 3278 4181; x_wconf 89' lang='lat' dir='ltr'><strong>tempus</strong></span> <span class='ocrx_word' id='word_1_619' title='bbox 3323 4110 3495 4169; x_wconf 73' lang='lat' dir='ltr'><strong>sifore</strong></span> 
     </span>
    </p>
   </div>
   <div class='ocr_carea' id='block_1_88' title="bbox 1918 4201 3495 4272">
    <p class='ocr_par' dir='ltr' id='par_1_88' title="bbox 1918 4201 3495 4272">
     <span class='ocr_line' id='line_1_88' title="bbox 1918 4201 3495 4272; baseline 0.004 -19"><span class='ocrx_word' id='word_1_620' title='bbox 1918 4215 2024 4269; x_wconf 92' lang='lat' dir='ltr'><strong>quo</strong></span> <span class='ocrx_word' id='word_1_621' title='bbox 2055 4201 2294 4256; x_wconf 88' lang='lat' dir='ltr'><strong>rationes</strong></span> <span class='ocrx_word' id='word_1_622' title='bbox 2313 4204 2592 4256; x_wconf 87' lang='lat' dir='ltr'><strong>nobiscum</strong></span> <span class='ocrx_word' id='word_1_623' title='bbox 2616 4212 2885 4271; x_wconf 87' lang='lat' dir='ltr'><strong>ponentur</strong></span> <span class='ocrx_word' id='word_1_624' title='bbox 2902 4204 2968 4257; x_wconf 89' lang='lat' dir='ltr'><strong>ab</strong></span> <span class='ocrx_word' id='word_1_625' title='bbox 2991 4203 3282 4257; x_wconf 84' lang='lat' dir='ltr'><strong>universali</strong></span> <span class='ocrx_word' id='word_1_626' title='bbox 3310 4203 3495 4272; x_wconf 79' lang='lat' dir='ltr'><strong>judice</strong></span> 
     </span>
    </p>
   </div>
   <div class='ocr_carea' id='block_1_89' title="bbox 1916 4294 3495 4362">
    <p class='ocr_par' dir='ltr' id='par_1_89' title="bbox 1916 4294 3495 4362">
     <span class='ocr_line' id='line_1_89' title="bbox 1916 4294 3495 4362; baseline 0.004 -18"><span class='ocrx_word' id='word_1_627' title='bbox 1916 4307 1979 4345; x_wconf 87' lang='lat' dir='ltr'><strong>ac</strong></span> <span class='ocrx_word' id='word_1_628' title='bbox 2008 4307 2151 4361; x_wconf 73' lang='lat' dir='ltr'><strong>rege,</strong></span> <span class='ocrx_word' id='word_1_629' title='bbox 2182 4309 2302 4347; x_wconf 91' lang='lat' dir='ltr'><strong>cum</strong></span> <span class='ocrx_word' id='word_1_630' title='bbox 2338 4308 2527 4348; x_wconf 89' lang='lat' dir='ltr'><strong>omnes</strong></span> <span class='ocrx_word' id='word_1_631' title='bbox 2576 4305 2701 4348; x_wconf 86' lang='lat' dir='ltr'><strong>ante</strong></span> <span class='ocrx_word' id='word_1_632' title='bbox 2744 4294 2863 4362; x_wconf 88' lang='lat' dir='ltr'><strong>ejus</strong></span> <span class='ocrx_word' id='word_1_633' title='bbox 2906 4295 3141 4348; x_wconf 83' lang='lat' dir='ltr'><strong>tribunal</strong></span> <span class='ocrx_word' id='word_1_634' title='bbox 3193 4296 3495 4350; x_wconf 77' lang='lat' dir='ltr'><strong>constitue-</strong></span> 
     </span>
    </p>
   </div>
   <div class='ocr_carea' id='block_1_90' title="bbox 1920 4384 3494 4453">
    <p class='ocr_par' dir='ltr' id='par_1_90' title="bbox 1920 4384 3494 4453">
     <span class='ocr_line' id='line_1_90' title="bbox 1920 4384 3494 4453; baseline 0.006 -18"><span class='ocrx_word' id='word_1_635' title='bbox 1920 4399 2058 4442; x_wconf 81' lang='lat' dir='ltr'><strong>raur.</strong></span> <span class='ocrx_word' id='word_1_636' title='bbox 2082 4395 2137 4437; x_wconf 90' lang='lat' dir='ltr'><strong>et</strong></span> <span class='ocrx_word' id='word_1_637' title='bbox 2168 4400 2270 4453; x_wconf 81' lang='lat' dir='ltr'><strong>qua</strong></span> <span class='ocrx_word' id='word_1_638' title='bbox 2320 4400 2574 4438; x_wconf 84' lang='lat' dir='ltr'><strong>mensura</strong></span> <span class='ocrx_word' id='word_1_639' title='bbox 2614 4387 2786 4440; x_wconf 91' lang='lat' dir='ltr'><strong>mensi</strong></span> <span class='ocrx_word' id='word_1_640' title='bbox 2834 4384 3118 4448; x_wconf 86' lang='lat' dir='ltr'><strong>fuerimus,</strong></span> <span class='ocrx_word' id='word_1_641' title='bbox 3173 4390 3494 4444; x_wconf 89' lang='lat' dir='ltr'><strong>remetietut&#39;</strong></span> 
     </span>
    </p>
   </div>
   <div class='ocr_carea' id='block_1_91' title="bbox 1918 4474 3493 4545">
    <p class='ocr_par' dir='ltr' id='par_1_91' title="bbox 1918 4474 3493 4545">
     <span class='ocr_line' id='line_1_91' title="bbox 1918 4474 3493 4545; baseline 0.004 -19"><span class='ocrx_word' id='word_1_642' title='bbox 1918 4475 2091 4527; x_wconf 86' lang='lat' dir='ltr'><strong>nobis.</strong></span> <span class='ocrx_word' id='word_1_643' title='bbox 2116 4474 2324 4528; x_wconf 83' lang='lat' dir='ltr'><strong>Etenim</strong></span> <span class='ocrx_word' id='word_1_644' title='bbox 2356 4490 2498 4531; x_wconf 89' lang='lat' dir='ltr'><strong>nunc</strong></span> <span class='ocrx_word' id='word_1_645' title='bbox 2538 4491 2765 4545; x_wconf 73' lang='lat' dir='ltr'><strong>magnus</strong></span> <span class='ocrx_word' id='word_1_646' title='bbox 2793 4492 2885 4532; x_wconf 81' lang='lat' dir='ltr'><strong>rex</strong></span> <span class='ocrx_word' id='word_1_647' title='bbox 2923 4477 3138 4533; x_wconf 88' lang='lat' dir='ltr'><strong>cunctis</strong></span> <span class='ocrx_word' id='word_1_648' title='bbox 3165 4479 3319 4532; x_wconf 91' lang='lat' dir='ltr'><strong>nobis</strong></span> <span class='ocrx_word' id='word_1_649' title='bbox 3353 4481 3493 4533; x_wconf 87' lang='lat' dir='ltr'><strong>mul-</strong></span> 
     </span>
    </p>
   </div>
   <div class='ocr_carea' id='block_1_92' title="bbox 230 4559 1817 4640">
    <p class='ocr_par' dir='ltr' id='par_1_92' title="bbox 230 4565 1807 4640">
     <span class='ocr_line' id='line_1_92' title="bbox 230 4565 1807 4640; baseline -0.005 -17"><span class='ocrx_word' id='word_1_650' title='bbox 230 4570 295 4623; x_wconf 77' lang='grc' dir='ltr'><strong>τδ</strong></span> <span class='ocrx_word' id='word_1_651' title='bbox 322 4568 534 4640; x_wconf 75' lang='grc' dir='ltr'>πρέπον</span> <span class='ocrx_word' id='word_1_652' title='bbox 553 4567 715 4622; x_wconf 80' lang='grc' dir='ltr'>αὐτοῦ</span> <span class='ocrx_word' id='word_1_653' title='bbox 742 4571 807 4638; x_wconf 82' lang='grc' dir='ltr'><strong>τῇ</strong></span> <span class='ocrx_word' id='word_1_654' title='bbox 830 4566 1212 4638; x_wconf 78' lang='grc' dir='ltr'>φιλανθρωπίᾳ</span> <span class='ocrx_word' id='word_1_655' title='bbox 1235 4566 1294 4618; x_wconf 82' lang='grc' dir='ltr'>τὸ</span> <span class='ocrx_word' id='word_1_656' title='bbox 1313 4568 1418 4617; x_wconf 83' lang='grc' dir='ltr'>πᾶν</span> <span class='ocrx_word' id='word_1_657' title='bbox 1438 4566 1607 4634; x_wconf 80' lang='grc' dir='ltr'>ἀνῆκε</span> <span class='ocrx_word' id='word_1_658' title='bbox 1631 4565 1807 4634; x_wconf 86' lang='grc' dir='ltr'>χρέος,</span> 
     </span>
    </p>
   </div>
   <div class='ocr_carea' id='block_1_93' title="bbox 1920 4559 3491 4640">
    <p class='ocr_par' dir='ltr' id='par_1_93' title="bbox 1920 4566 3491 4639">
     <span class='ocr_line' id='line_1_93' title="bbox 1920 4566 3491 4639; baseline 0.003 -21"><span class='ocrx_word' id='word_1_659' title='bbox 1920 4575 2091 4619; x_wconf 90' lang='lat' dir='ltr'><strong>lorum</strong></span> <span class='ocrx_word' id='word_1_660' title='bbox 2124 4566 2448 4620; x_wconf 87' lang='lat' dir='ltr'><strong>talentorum</strong></span> <span class='ocrx_word' id='word_1_661' title='bbox 2486 4569 2844 4635; x_wconf 86' lang='lat' dir='ltr'><strong>debitoribus,</strong></span> <span class='ocrx_word' id='word_1_662' title='bbox 2873 4579 3029 4639; x_wconf 90' lang='lat' dir='ltr'><strong>prout</strong></span> <span class='ocrx_word' id='word_1_663' title='bbox 3064 4584 3217 4624; x_wconf 83' lang='lat' dir='ltr'><strong>suam</strong></span> <span class='ocrx_word' id='word_1_664' title='bbox 3243 4570 3491 4625; x_wconf 88' lang='lat' dir='ltr'><strong>clemen-</strong></span> 
     </span>
    </p>
   </div>
   <div class='ocr_carea' id='block_1_94' title="bbox 226 4653 1808 4729">
    <p class='ocr_par' dir='ltr' id='par_1_94' title="bbox 226 4653 1808 4729">
     <span class='ocr_line' id='line_1_94' title="bbox 226 4653 1808 4729; baseline -0.005 -16"><span class='ocrx_word' id='word_1_665' title='bbox 226 4659 361 4723; x_wconf 76' lang='grc' dir='ltr'>δοὺς</span> <span class='ocrx_word' id='word_1_666' title='bbox 406 4657 599 4727; x_wconf 72' lang='grc' dir='ltr'>ἄφεσιν</span> <span class='ocrx_word' id='word_1_667' title='bbox 646 4658 1054 4729; x_wconf 82' lang='grc' dir='ltr'>ἁμαρτημάτων</span> <span class='ocrx_word' id='word_1_668' title='bbox 1103 4657 1197 4708; x_wconf 75' lang='grc' dir='ltr'>καὶ</span> <span class='ocrx_word' id='word_1_669' title='bbox 1247 4654 1530 4723; x_wconf 72' lang='grc' dir='ltr'>ἐξαλείψας</span> <span class='ocrx_word' id='word_1_670' title='bbox 1578 4654 1636 4706; x_wconf 85' lang='grc' dir='ltr'>τὸ</span> <span class='ocrx_word' id='word_1_671' title='bbox 1687 4653 1808 4706; x_wconf 79' lang='grc' dir='ltr'>καθ’</span> 
     </span>
    </p>
   </div>
   <div class='ocr_carea' id='block_1_95' title="bbox 227 4746 1808 4821">
    <p class='ocr_par' dir='ltr' id='par_1_95' title="bbox 227 4746 1808 4821">
     <span class='ocr_line' id='line_1_95' title="bbox 227 4746 1808 4821; baseline -0.003 -19"><span class='ocrx_word' id='word_1_672' title='bbox 227 4748 397 4821; x_wconf 81' lang='grc' dir='ltr'>ήμῶν</span> <span class='ocrx_word' id='word_1_673' title='bbox 420 4748 795 4821; x_wconf 81' lang='grc' dir='ltr'>χειρόγραφον·</span> <span class='ocrx_word' id='word_1_674' title='bbox 837 4751 999 4819; x_wconf 77' lang='grc' dir='ltr'>ἡμεῖς</span> <span class='ocrx_word' id='word_1_675' title='bbox 1030 4748 1073 4800; x_wconf 84' lang='grc' dir='ltr'>δ’</span> <span class='ocrx_word' id='word_1_676' title='bbox 1114 4748 1205 4801; x_wconf 78' lang='grc' dir='ltr'>ἐπὶ</span> <span class='ocrx_word' id='word_1_677' title='bbox 1248 4748 1471 4818; x_wconf 88' lang='grc' dir='ltr'>βραχέσι</span> <span class='ocrx_word' id='word_1_678' title='bbox 1503 4746 1808 4815; x_wconf 87' lang='grc' dir='ltr'>πταίσμασι</span> 
     </span>
    </p>
   </div>
   <div class='ocr_carea' id='block_1_96' title="bbox 228 4836 1809 4910">
    <p class='ocr_par' dir='ltr' id='par_1_96' title="bbox 228 4836 1809 4910">
     <span class='ocr_line' id='line_1_96' title="bbox 228 4836 1809 4910; baseline -0.004 -16"><span class='ocrx_word' id='word_1_679' title='bbox 228 4843 363 4904; x_wconf 80' lang='grc' dir='ltr'>τοὺς</span> <span class='ocrx_word' id='word_1_680' title='bbox 406 4839 721 4903; x_wconf 79' lang='grc' dir='ltr'>συνδούλους</span> <span class='ocrx_word' id='word_1_681' title='bbox 764 4840 1158 4910; x_wconf 80' lang='grc' dir='ltr'>ἀποπνίγομεν,</span> <span class='ocrx_word' id='word_1_682' title='bbox 1194 4840 1286 4892; x_wconf 75' lang='grc' dir='ltr'>καὶ</span> <span class='ocrx_word' id='word_1_683' title='bbox 1329 4836 1809 4908; x_wconf 83' lang='grc' dir='ltr'>παρακαλούμενοι</span> 
     </span>
    </p>
   </div>
   <div class='ocr_carea' id='block_1_97' title="bbox 225 4927 1809 5004">
    <p class='ocr_par' dir='ltr' id='par_1_97' title="bbox 225 4927 1809 5004">
     <span class='ocr_line' id='line_1_97' title="bbox 225 4927 1809 5004; baseline -0.004 -18"><span class='ocrx_word' id='word_1_684' title='bbox 225 4933 293 4987; x_wconf 75' lang='grc' dir='ltr'>οὐ</span> <span class='ocrx_word' id='word_1_685' title='bbox 348 4930 737 5004; x_wconf 85' lang='grc' dir='ltr'>συγχωροῦμεν</span> <span class='ocrx_word' id='word_1_686' title='bbox 765 4931 833 4984; x_wconf 88' lang='grc' dir='ltr'><strong>τά</strong></span> <span class='ocrx_word' id='word_1_687' title='bbox 860 4933 940 4994; x_wconf 86' lang='grc' dir='ltr'><strong>εἰς</strong></span> <span class='ocrx_word' id='word_1_688' title='bbox 986 4933 1133 5001; x_wconf 78' lang='grc' dir='ltr'>ἡμᾶς</span> <span class='ocrx_word' id='word_1_689' title='bbox 1177 4928 1532 4998; x_wconf 85' lang='grc' dir='ltr'>ἐπταισμένα,</span> <span class='ocrx_word' id='word_1_690' title='bbox 1584 4927 1658 4997; x_wconf 80' lang='grc' dir='ltr'>μὴ</span> <span class='ocrx_word' id='word_1_691' title='bbox 1688 4928 1809 4979; x_wconf 86' lang='grc' dir='ltr'>ἐπι-</span> 
     </span>
    </p>
   </div>
   <div class='ocr_carea' id='block_1_98' title="bbox 230 5016 1812 5095">
    <p class='ocr_par' dir='ltr' id='par_1_98' title="bbox 230 5016 1812 5095">
     <span class='ocr_line' id='line_1_98' title="bbox 230 5016 1812 5095; baseline -0.004 -20"><span class='ocrx_word' id='word_1_692' title='bbox 230 5021 562 5095; x_wconf 79' lang='grc' dir='ltr'>μετροῦντες</span> <span class='ocrx_word' id='word_1_693' title='bbox 599 5022 670 5075; x_wconf 86' lang='grc' dir='ltr'><strong>τὰ</strong></span> <span class='ocrx_word' id='word_1_694' title='bbox 700 5021 789 5075; x_wconf 89' lang='grc' dir='ltr'>ῐσα</span> <span class='ocrx_word' id='word_1_695' title='bbox 827 5016 907 5083; x_wconf 75' lang='grc' dir='ltr'><strong>οἷς</strong></span> <span class='ocrx_word' id='word_1_696' title='bbox 940 5021 1089 5094; x_wconf 85' lang='grc' dir='ltr'><strong>παρά</strong></span> <span class='ocrx_word' id='word_1_697' title='bbox 1130 5020 1262 5075; x_wconf 88' lang='grc' dir='ltr'>Θεοῦ</span> <span class='ocrx_word' id='word_1_698' title='bbox 1296 5020 1671 5089; x_wconf 82' lang='grc' dir='ltr'>τετυχήκαμεν</span> <span class='ocrx_word' id='word_1_699' title='bbox 1700 5020 1812 5080; x_wconf 87' lang='grc' dir='ltr'>τοῖς</span> 
     </span>
    </p>
   </div>
   <div class='ocr_carea' id='block_1_99' title="bbox 227 5107 1809 5187">
    <p class='ocr_par' dir='ltr' id='par_1_99' title="bbox 227 5107 1809 5187">
     <span class='ocr_line' id='line_1_99' title="bbox 227 5107 1809 5187; baseline -0.006 -18"><span class='ocrx_word' id='word_1_700' title='bbox 227 5113 522 5187; x_wconf 71' lang='grc' dir='ltr'>ἡμετέροις</span> <span class='ocrx_word' id='word_1_701' title='bbox 566 5113 823 5175; x_wconf 89' lang='grc' dir='ltr'>οἰκέταις.</span> <span class='ocrx_word' id='word_1_702' title='bbox 856 5112 1104 5180; x_wconf 62' lang='grc' dir='ltr'>Εὑὶύγως</span> <span class='ocrx_word' id='word_1_703' title='bbox 1146 5107 1239 5165; x_wconf 81' lang='grc' dir='ltr'><strong>οὖν</strong></span> <span class='ocrx_word' id='word_1_704' title='bbox 1271 5111 1651 5179; x_wconf 79' lang='grc' dir='ltr'>ἀγανάκτησις</span> <span class='ocrx_word' id='word_1_705' title='bbox 1686 5108 1809 5161; x_wconf 86' lang='grc' dir='ltr'>καθ’</span> 
     </span>
    </p>
   </div>
   <div class='ocr_carea' id='block_1_100' title="bbox 226 5199 1809 5279">
    <p class='ocr_par' dir='ltr' id='par_1_100' title="bbox 226 5199 1809 5279">
     <span class='ocr_line' id='line_1_100' title="bbox 226 5199 1809 5279; baseline -0.005 -19"><span class='ocrx_word' id='word_1_706' title='bbox 226 5205 390 5279; x_wconf 81' lang='grc' dir='ltr'>ήμῶν</span> <span class='ocrx_word' id='word_1_707' title='bbox 413 5205 837 5277; x_wconf 79' lang='grc' dir='ltr'>ἐξενεχθήσεται·</span> <span class='ocrx_word' id='word_1_708' title='bbox 881 5205 974 5257; x_wconf 84' lang='grc' dir='ltr'>καὶ</span> <span class='ocrx_word' id='word_1_709' title='bbox 1009 5207 1038 5257; x_wconf 84' lang='grc' dir='ltr'>ὁ</span> <span class='ocrx_word' id='word_1_710' title='bbox 1075 5204 1172 5275; x_wconf 81' lang='grc' dir='ltr'><strong>τήν</strong></span> <span class='ocrx_word' id='word_1_711' title='bbox 1202 5206 1381 5257; x_wconf 78' lang='grc' dir='ltr'>πᾶσαν</span> <span class='ocrx_word' id='word_1_712' title='bbox 1417 5204 1546 5273; x_wconf 85' lang='grc' dir='ltr'>ήμῖν</span> <span class='ocrx_word' id='word_1_713' title='bbox 1590 5199 1809 5271; x_wconf 79' lang='grc' dir='ltr'>ὀφειλὴν</span> 
     </span>
    </p>
   </div>
   <div class='ocr_carea' id='block_1_101' title="bbox 225 5285 1809 5370">
    <p class='ocr_par' dir='ltr' id='par_1_101' title="bbox 225 5285 1809 5370">
     <span class='ocr_line' id='line_1_101' title="bbox 225 5285 1809 5370; baseline -0.006 -17"><span class='ocrx_word' id='word_1_714' title='bbox 225 5301 391 5370; x_wconf 78' lang='grc' dir='ltr'>ἀφεὶς</span> <span class='ocrx_word' id='word_1_715' title='bbox 420 5300 696 5369; x_wconf 84' lang='grc' dir='ltr'>Δεσπότης</span> <span class='ocrx_word' id='word_1_716' title='bbox 735 5296 912 5351; x_wconf 81' lang='grc' dir='ltr'>οὐκέτ’</span> <span class='ocrx_word' id='word_1_717' title='bbox 952 5296 1153 5367; x_wconf 79' lang='grc' dir='ltr'>ἀφήσει</span> <span class='ocrx_word' id='word_1_718' title='bbox 1199 5297 1347 5366; x_wconf 77' lang='grc' dir='ltr'>ἡμῖν’</span> <span class='ocrx_word' id='word_1_719' title='bbox 1384 5293 1498 5347; x_wconf 80' lang='grc' dir='ltr'>ἀλλ’</span> <span class='ocrx_word' id='word_1_720' title='bbox 1544 5285 1589 5359; x_wconf 81' lang='grc' dir='ltr'><strong>ᾧ</strong></span> <span class='ocrx_word' id='word_1_721' title='bbox 1628 5292 1809 5363; x_wconf 85' lang='grc' dir='ltr'>μέτρῳ</span> 
     </span>
    </p>
   </div>
   <div class='ocr_carea' id='block_1_102' title="bbox 230 5383 1804 5465">
    <p class='ocr_par' dir='ltr' id='par_1_102' title="bbox 230 5383 1804 5465">
     <span class='ocr_line' id='line_1_102' title="bbox 230 5383 1804 5465; baseline -0.006 -20"><span class='ocrx_word' id='word_1_722' title='bbox 230 5393 662 5465; x_wconf 81' lang='grc' dir='ltr'>μεμετρήκαμεν</span> <span class='ocrx_word' id='word_1_723' title='bbox 689 5388 1006 5461; x_wconf 87' lang='grc' dir='ltr'>ἀσυμπαθεῖ</span> <span class='ocrx_word' id='word_1_724' title='bbox 1028 5388 1123 5443; x_wconf 77' lang='grc' dir='ltr'>καὶ</span> <span class='ocrx_word' id='word_1_725' title='bbox 1155 5386 1363 5441; x_wconf 87' lang='grc' dir='ltr'>ἀνελεεῖ</span> <span class='ocrx_word' id='word_1_726' title='bbox 1396 5386 1492 5439; x_wconf 72' lang='grc' dir='ltr'>καὶ</span> <span class='ocrx_word' id='word_1_727' title='bbox 1523 5383 1804 5454; x_wconf 83' lang='grc' dir='ltr'>ἀποτόμῳ,</span> 
     </span>
    </p>
   </div>
   <div class='ocr_carea' id='block_1_103' title="bbox 227 5475 1806 5555">
    <p class='ocr_par' dir='ltr' id='par_1_103' title="bbox 227 5475 1806 5555">
     <span class='ocr_line' id='line_1_103' title="bbox 227 5475 1806 5555; baseline -0.006 -17"><span class='ocrx_word' id='word_1_728' title='bbox 227 5484 588 5555; x_wconf 80' lang='grc' dir='ltr'>έπεμετρήσει</span> <span class='ocrx_word' id='word_1_729' title='bbox 631 5481 780 5551; x_wconf 77' lang='grc' dir='ltr'>ἡμῖν·</span> <span class='ocrx_word' id='word_1_730' title='bbox 812 5479 1023 5534; x_wconf 74' lang='grc' dir='ltr'>καὶτὸν</span> <span class='ocrx_word' id='word_1_731' title='bbox 1054 5478 1115 5543; x_wconf 77' lang='grc' dir='ltr'>ἐξ</span> <span class='ocrx_word' id='word_1_732' title='bbox 1151 5476 1305 5549; x_wconf 86' lang='grc' dir='ltr'>ήμῶν</span> <span class='ocrx_word' id='word_1_733' title='bbox 1351 5480 1494 5532; x_wconf 86' lang='grc' dir='ltr'><strong>κατά</strong></span> <span class='ocrx_word' id='word_1_734' title='bbox 1519 5475 1629 5530; x_wconf 82' lang='grc' dir='ltr'><strong>τῶν</strong></span> <span class='ocrx_word' id='word_1_735' title='bbox 1668 5478 1806 5546; x_wconf 83' lang='grc' dir='ltr'>ήμε-</span> 
     </span>
    </p>
   </div>
   <div class='ocr_carea' id='block_1_104' title="bbox 226 5566 1805 5647">
    <p class='ocr_par' dir='ltr' id='par_1_104' title="bbox 226 5566 1805 5647">
     <span class='ocr_line' id='line_1_104' title="bbox 226 5566 1805 5647; baseline -0.005 -18"><span class='ocrx_word' id='word_1_736' title='bbox 226 5574 403 5647; x_wconf 82' lang='grc' dir='ltr'>τέρων</span> <span class='ocrx_word' id='word_1_737' title='bbox 431 5569 731 5628; x_wconf 81' lang='grc' dir='ltr'>συνδούλων</span> <span class='ocrx_word' id='word_1_738' title='bbox 754 5572 879 5643; x_wconf 82' lang='grc' dir='ltr'>δρσν</span> <span class='ocrx_word' id='word_1_739' title='bbox 907 5570 1030 5625; x_wconf 88' lang='grc' dir='ltr'>καθ’</span> <span class='ocrx_word' id='word_1_740' title='bbox 1054 5568 1212 5641; x_wconf 87' lang='grc' dir='ltr'>ήμῶν</span> <span class='ocrx_word' id='word_1_741' title='bbox 1246 5570 1566 5641; x_wconf 80' lang='grc' dir='ltr'>ἐπαρτήσει.</span> <span class='ocrx_word' id='word_1_742' title='bbox 1613 5566 1805 5637; x_wconf 83' lang='grc' dir='ltr'>Ἐφεύ-</span> 
     </span>
    </p>
   </div>
   <div class='ocr_carea' id='block_1_105' title="bbox 300 5758 1385 5831">
    <p class='ocr_par' dir='ltr' id='par_1_105' title="bbox 300 5758 1385 5831">
     <span class='ocr_line' id='line_1_105' title="bbox 300 5758 1385 5831; baseline -0.003 -13"><span class='ocrx_word' id='word_1_743' title='bbox 300 5760 554 5819; x_wconf 63' lang='lat' dir='ltr'><strong>&quot;lauit.</strong></span> <span class='ocrx_word' id='word_1_744' title='bbox 590 5776 747 5831; x_wconf 81' lang='lat' dir='ltr'><strong>xvnt,</strong></span> <span class='ocrx_word' id='word_1_745' title='bbox 777 5759 869 5817; x_wconf 73' lang='grc'><strong>24.</strong></span> <span class='ocrx_word' id='word_1_746' title='bbox 944 5760 992 5795; x_wconf 79' lang='grc'><strong><em>³³</em></strong></span> <span class='ocrx_word' id='word_1_747' title='bbox 1018 5758 1173 5828; x_wconf 85' lang='lat' dir='ltr'><strong>ibid.,</strong></span> <span class='ocrx_word' id='word_1_748' title='bbox 1199 5759 1291 5817; x_wconf 72' lang='grc'><strong>21.</strong></span> <span class='ocrx_word' id='word_1_749' title='bbox 1384 5820 1385 5823; x_wconf 31' lang='grc' dir='ltr'><strong>η</strong></span> 
     </span>
    </p>
   </div>
   <div class='ocr_carea' id='block_1_106' title="bbox 1908 4656 3492 4728">
    <p class='ocr_par' dir='ltr' id='par_1_106' title="bbox 1908 4656 3492 4728">
     <span class='ocr_line' id='line_1_106' title="bbox 1908 4656 3492 4728; baseline 0.001 -17"><span class='ocrx_word' id='word_1_750' title='bbox 1908 4658 2037 4711; x_wconf 91' lang='lat' dir='ltr'><strong>tiam</strong></span> <span class='ocrx_word' id='word_1_751' title='bbox 2084 4656 2327 4719; x_wconf 81' lang='lat' dir='ltr'><strong>decebat,</strong></span> <span class='ocrx_word' id='word_1_752' title='bbox 2370 4656 2611 4710; x_wconf 90' lang='lat' dir='ltr'><strong>debitum</strong></span> <span class='ocrx_word' id='word_1_753' title='bbox 2654 4659 2883 4724; x_wconf 87' lang='lat' dir='ltr'><strong>remisit,</strong></span> <span class='ocrx_word' id='word_1_754' title='bbox 2925 4661 3059 4713; x_wconf 89' lang='lat' dir='ltr'><strong>dans</strong></span> <span class='ocrx_word' id='word_1_755' title='bbox 3104 4660 3344 4728; x_wconf 84' lang='lat' dir='ltr'><strong>peccatis</strong></span> <span class='ocrx_word' id='word_1_756' title='bbox 3400 4673 3492 4713; x_wconf 87' lang='lat' dir='ltr'><strong>ve-</strong></span> 
     </span>
    </p>
   </div>
   <div class='ocr_carea' id='block_1_107' title="bbox 1912 4746 3490 4819">
    <p class='ocr_par' dir='ltr' id='par_1_107' title="bbox 1912 4746 3490 4819">
     <span class='ocr_line' id='line_1_107' title="bbox 1912 4746 3490 4819; baseline 0.001 -18"><span class='ocrx_word' id='word_1_757' title='bbox 1912 4748 2099 4811; x_wconf 86' lang='lat' dir='ltr'><strong>niam,</strong></span> <span class='ocrx_word' id='word_1_758' title='bbox 2145 4746 2437 4817; x_wconf 85' lang='lat' dir='ltr'><strong>delensqne</strong></span> <span class='ocrx_word' id='word_1_759' title='bbox 2490 4749 2752 4817; x_wconf 86' lang='lat' dir='ltr'><strong>scriptum</strong></span> <span class='ocrx_word' id='word_1_760' title='bbox 2810 4759 2996 4805; x_wconf 87' lang='lat' dir='ltr'><strong>contra</strong></span> <span class='ocrx_word' id='word_1_761' title='bbox 3053 4766 3149 4805; x_wconf 90' lang='lat' dir='ltr'><strong>nos</strong></span> <span class='ocrx_word' id='word_1_762' title='bbox 3212 4750 3490 4819; x_wconf 71' lang='lat' dir='ltr'><strong>chirogra-</strong></span> 
     </span>
    </p>
   </div>
   <div class='ocr_carea' id='block_1_108' title="bbox 1912 4838 3487 4910">
    <p class='ocr_par' dir='ltr' id='par_1_108' title="bbox 1912 4838 3487 4910">
     <span class='ocr_line' id='line_1_108' title="bbox 1912 4838 3487 4910; baseline 0.003 -18"><span class='ocrx_word' id='word_1_763' title='bbox 1912 4838 2073 4910; x_wconf 87' lang='lat' dir='ltr'><strong>phum</strong></span> <span class='ocrx_word' id='word_1_764' title='bbox 2107 4853 2121 4890; x_wconf 89' lang='lat'><strong>:</strong></span> <span class='ocrx_word' id='word_1_765' title='bbox 2150 4854 2247 4892; x_wconf 87' lang='lat' dir='ltr'><strong>nos</strong></span> <span class='ocrx_word' id='word_1_766' title='bbox 2278 4850 2457 4893; x_wconf 88' lang='lat' dir='ltr'><strong>autem</strong></span> <span class='ocrx_word' id='word_1_767' title='bbox 2493 4841 2637 4895; x_wconf 88' lang='lat' dir='ltr'><strong>leves</strong></span> <span class='ocrx_word' id='word_1_768' title='bbox 2676 4844 2745 4896; x_wconf 85' lang='lat' dir='ltr'><strong>ob</strong></span> <span class='ocrx_word' id='word_1_769' title='bbox 2772 4842 2961 4910; x_wconf 73' lang='lat' dir='ltr'><strong>culpas</strong></span> <span class='ocrx_word' id='word_1_770' title='bbox 2995 4856 3285 4897; x_wconf 89' lang='lat' dir='ltr'><strong>conservos</strong></span> <span class='ocrx_word' id='word_1_771' title='bbox 3316 4840 3487 4902; x_wconf 68' lang='grc' dir='ltr'>ευπο-</span> 
     </span>
    </p>
   </div>
   <div class='ocr_carea' id='block_1_109' title="bbox 1912 4931 3485 5003">
    <p class='ocr_par' dir='ltr' id='par_1_109' title="bbox 1912 4931 3485 5003">
     <span class='ocr_line' id='line_1_109' title="bbox 1912 4931 3485 5003; baseline 0.003 -19"><span class='ocrx_word' id='word_1_772' title='bbox 1912 4944 2120 4993; x_wconf 86' lang='lat' dir='ltr'><strong>camus,</strong></span> <span class='ocrx_word' id='word_1_773' title='bbox 2145 4938 2308 4997; x_wconf 88' lang='lat' dir='ltr'><strong>atque</strong></span> <span class='ocrx_word' id='word_1_774' title='bbox 2342 4931 2611 4985; x_wconf 86' lang='lat' dir='ltr'><strong>obsecrati</strong></span> <span class='ocrx_word' id='word_1_775' title='bbox 2659 4933 2881 4986; x_wconf 85' lang='lat' dir='ltr'><strong>minime</strong></span> <span class='ocrx_word' id='word_1_776' title='bbox 2914 4934 3240 4987; x_wconf 82' lang='lat' dir='ltr'><strong>remittimus</strong></span> <span class='ocrx_word' id='word_1_777' title='bbox 3269 4948 3388 5003; x_wconf 73' lang='lat' dir='ltr'><strong>quae</strong></span> <span class='ocrx_word' id='word_1_778' title='bbox 3428 4934 3485 4989; x_wconf 87' lang='lat' dir='ltr'><strong>in</strong></span> 
     </span>
    </p>
   </div>
   <div class='ocr_carea' id='block_1_110' title="bbox 1917 5021 3487 5093">
    <p class='ocr_par' dir='ltr' id='par_1_110' title="bbox 1917 5021 3487 5093">
     <span class='ocr_line' id='line_1_110' title="bbox 1917 5021 3487 5093; baseline 0.004 -21"><span class='ocrx_word' id='word_1_779' title='bbox 1917 5034 2015 5075; x_wconf 91' lang='lat' dir='ltr'><strong>nos</strong></span> <span class='ocrx_word' id='word_1_780' title='bbox 2037 5030 2257 5089; x_wconf 85' lang='lat' dir='ltr'><strong>peccata</strong></span> <span class='ocrx_word' id='word_1_781' title='bbox 2295 5021 2524 5085; x_wconf 88' lang='lat' dir='ltr'><strong>fuerint;</strong></span> <span class='ocrx_word' id='word_1_782' title='bbox 2560 5021 2919 5077; x_wconf 83' lang='lat' dir='ltr'><strong>familiaribus</strong></span> <span class='ocrx_word' id='word_1_783' title='bbox 2958 5025 3159 5078; x_wconf 90' lang='lat' dir='ltr'><strong>nostris</strong></span> <span class='ocrx_word' id='word_1_784' title='bbox 3206 5024 3345 5078; x_wconf 89' lang='lat' dir='ltr'><strong>haud</strong></span> <span class='ocrx_word' id='word_1_785' title='bbox 3386 5039 3487 5093; x_wconf 88' lang='lat' dir='ltr'><strong>pa-</strong></span> 
     </span>
    </p>
   </div>
   <div class='ocr_carea' id='block_1_111' title="bbox 1915 5110 3483 5183">
    <p class='ocr_par' dir='ltr' id='par_1_111' title="bbox 1915 5110 3483 5183">
     <span class='ocr_line' id='line_1_111' title="bbox 1915 5110 3483 5183; baseline 0.007 -20"><span class='ocrx_word' id='word_1_786' title='bbox 1915 5114 1992 5163; x_wconf 88' lang='lat' dir='ltr'><strong>ria</strong></span> <span class='ocrx_word' id='word_1_787' title='bbox 2038 5110 2300 5167; x_wconf 83' lang='lat' dir='ltr'><strong>facientes</strong></span> <span class='ocrx_word' id='word_1_788' title='bbox 2332 5112 2419 5175; x_wconf 90' lang='lat' dir='ltr'><strong>iis,</strong></span> <span class='ocrx_word' id='word_1_789' title='bbox 2467 5128 2587 5183; x_wconf 65' lang='lat' dir='ltr'><strong>quae</strong></span> <span class='ocrx_word' id='word_1_790' title='bbox 2628 5130 2730 5170; x_wconf 90' lang='lat' dir='ltr'><strong>nos</strong></span> <span class='ocrx_word' id='word_1_791' title='bbox 2755 5130 2784 5167; x_wconf 89' lang='lat' dir='ltr'><strong>a</strong></span> <span class='ocrx_word' id='word_1_792' title='bbox 2819 5115 2934 5170; x_wconf 91' lang='lat' dir='ltr'><strong>Deo</strong></span> <span class='ocrx_word' id='word_1_793' title='bbox 2965 5116 3243 5170; x_wconf 87' lang='lat' dir='ltr'><strong>consecuti</strong></span> <span class='ocrx_word' id='word_1_794' title='bbox 3272 5131 3483 5174; x_wconf 84' lang='lat' dir='ltr'><strong>sumus.</strong></span> 
     </span>
    </p>
   </div>
   <div class='ocr_carea' id='block_1_112' title="bbox 1912 5202 3555 5274">
    <p class='ocr_par' dir='ltr' id='par_1_112' title="bbox 1912 5202 3555 5274">
     <span class='ocr_line' id='line_1_112' title="bbox 1912 5202 3555 5274; baseline 0.003 -18"><span class='ocrx_word' id='word_1_795' title='bbox 1912 5202 2107 5259; x_wconf 82' lang='lat' dir='ltr'><strong>Merito</strong></span> <span class='ocrx_word' id='word_1_796' title='bbox 2149 5204 2331 5271; x_wconf 82' lang='lat' dir='ltr'><strong>itaque</strong></span> <span class='ocrx_word' id='word_1_797' title='bbox 2373 5206 2528 5257; x_wconf 88' lang='lat' dir='ltr'><strong>nobis</strong></span> <span class='ocrx_word' id='word_1_798' title='bbox 2556 5205 2826 5259; x_wconf 86' lang='lat' dir='ltr'><strong>irascetur</strong></span> <span class='ocrx_word' id='word_1_799' title='bbox 2856 5207 2902 5260; x_wconf 89' lang='lat' dir='ltr'><strong>is</strong></span> <span class='ocrx_word' id='word_1_800' title='bbox 2927 5208 3016 5274; x_wconf 87' lang='lat' dir='ltr'><strong>qui</strong></span> <span class='ocrx_word' id='word_1_801' title='bbox 3047 5220 3208 5260; x_wconf 90' lang='lat' dir='ltr'><strong>omne</strong></span> <span class='ocrx_word' id='word_1_802' title='bbox 3238 5205 3483 5261; x_wconf 88' lang='lat' dir='ltr'><strong>debitum</strong></span> <span class='ocrx_word' id='word_1_803' title='bbox 3552 5210 3555 5213; x_wconf 40' lang='grc' dir='ltr'><strong>λ</strong></span> 
     </span>
    </p>
   </div>
   <div class='ocr_carea' id='block_1_113' title="bbox 1912 5294 3487 5366">
    <p class='ocr_par' dir='ltr' id='par_1_113' title="bbox 1912 5294 3487 5366">
     <span class='ocr_line' id='line_1_113' title="bbox 1912 5294 3487 5366; baseline 0.003 -19"><span class='ocrx_word' id='word_1_804' title='bbox 1912 5294 2067 5348; x_wconf 88' lang='lat' dir='ltr'><strong>nobis</strong></span> <span class='ocrx_word' id='word_1_805' title='bbox 2118 5296 2523 5350; x_wconf 81' lang='lat' dir='ltr'><strong>condonaverat</strong></span> <span class='ocrx_word' id='word_1_806' title='bbox 2572 5296 2827 5351; x_wconf 86' lang='lat' dir='ltr'><strong>Dominus</strong></span> <span class='ocrx_word' id='word_1_807' title='bbox 2872 5316 2886 5351; x_wconf 92' lang='lat'><strong>:</strong></span> <span class='ocrx_word' id='word_1_808' title='bbox 2929 5312 3104 5366; x_wconf 92' lang='lat' dir='ltr'><strong>neque</strong></span> <span class='ocrx_word' id='word_1_809' title='bbox 3147 5296 3262 5366; x_wconf 88' lang='lat' dir='ltr'><strong>jam</strong></span> <span class='ocrx_word' id='word_1_810' title='bbox 3326 5298 3487 5352; x_wconf 83' lang='lat' dir='ltr'><strong>nobis</strong></span> 
     </span>
    </p>
   </div>
   <div class='ocr_carea' id='block_1_114' title="bbox 1910 5389 3486 5457">
    <p class='ocr_par' dir='ltr' id='par_1_114' title="bbox 1910 5389 3486 5457">
     <span class='ocr_line' id='line_1_114' title="bbox 1910 5389 3486 5457; baseline 0.004 -16"><span class='ocrx_word' id='word_1_811' title='bbox 1910 5397 2128 5457; x_wconf 83' lang='lat' dir='ltr'><strong>parcet;</strong></span> <span class='ocrx_word' id='word_1_812' title='bbox 2193 5389 2283 5443; x_wconf 83' lang='lat' dir='ltr'><strong>ted</strong></span> <span class='ocrx_word' id='word_1_813' title='bbox 2325 5404 2429 5457; x_wconf 90' lang='lat' dir='ltr'><strong>qua</strong></span> <span class='ocrx_word' id='word_1_814' title='bbox 2486 5405 2741 5445; x_wconf 87' lang='lat' dir='ltr'><strong>mensura</strong></span> <span class='ocrx_word' id='word_1_815' title='bbox 2800 5392 2973 5446; x_wconf 86' lang='lat' dir='ltr'><strong>mensi</strong></span> <span class='ocrx_word' id='word_1_816' title='bbox 3018 5391 3307 5455; x_wconf 78' lang='lat' dir='ltr'><strong>fuerimus,</strong></span> <span class='ocrx_word' id='word_1_817' title='bbox 3345 5392 3486 5449; x_wconf 67' lang='lat' dir='ltr'><strong>dura</strong></span> 
     </span>
    </p>
   </div>
   <div class='ocr_carea' id='block_1_115' title="bbox 1910 5476 3484 5552">
    <p class='ocr_par' dir='ltr' id='par_1_115' title="bbox 1910 5476 3484 5552">
     <span class='ocr_line' id='line_1_115' title="bbox 1910 5476 3484 5552; baseline 0.005 -21"><span class='ocrx_word' id='word_1_818' title='bbox 1910 5476 2179 5547; x_wconf 88' lang='lat' dir='ltr'><strong>videlicet,</strong></span> <span class='ocrx_word' id='word_1_819' title='bbox 2209 5479 2641 5535; x_wconf 86' lang='lat' dir='ltr'><strong>immisericorde</strong></span> <span class='ocrx_word' id='word_1_820' title='bbox 2671 5490 2725 5536; x_wconf 89' lang='lat' dir='ltr'><strong>et</strong></span> <span class='ocrx_word' id='word_1_821' title='bbox 2744 5496 2961 5552; x_wconf 87' lang='lat' dir='ltr'><strong>aspera,</strong></span> <span class='ocrx_word' id='word_1_822' title='bbox 2988 5482 3172 5536; x_wconf 89' lang='lat' dir='ltr'><strong>eadem</strong></span> <span class='ocrx_word' id='word_1_823' title='bbox 3210 5481 3367 5538; x_wconf 85' lang='lat' dir='ltr'><strong>nobis</strong></span> <span class='ocrx_word' id='word_1_824' title='bbox 3396 5498 3484 5539; x_wconf 83' lang='lat' dir='ltr'><strong>ro-</strong></span> 
     </span>
    </p>
   </div>
   <div class='ocr_carea' id='block_1_116' title="bbox 1909 5568 3484 5643">
    <p class='ocr_par' dir='ltr' id='par_1_116' title="bbox 1909 5568 3484 5643">
     <span class='ocr_line' id='line_1_116' title="bbox 1909 5568 3484 5643; baseline 0.006 -20"><span class='ocrx_word' id='word_1_825' title='bbox 1909 5568 2145 5637; x_wconf 86' lang='lat' dir='ltr'><strong>tribuet;</strong></span> <span class='ocrx_word' id='word_1_826' title='bbox 2202 5569 2472 5643; x_wconf 87' lang='lat' dir='ltr'><strong>latamque</strong></span> <span class='ocrx_word' id='word_1_827' title='bbox 2502 5586 2533 5627; x_wconf 90' lang='lat' dir='ltr'><strong>a</strong></span> <span class='ocrx_word' id='word_1_828' title='bbox 2564 5570 2721 5629; x_wconf 83' lang='lat' dir='ltr'><strong>nobis</strong></span> <span class='ocrx_word' id='word_1_829' title='bbox 2765 5574 3025 5630; x_wconf 82' lang='lat' dir='ltr'><strong>adversus</strong></span> <span class='ocrx_word' id='word_1_830' title='bbox 3062 5586 3353 5631; x_wconf 81' lang='lat' dir='ltr'><strong>conservos</strong></span> <span class='ocrx_word' id='word_1_831' title='bbox 3382 5570 3484 5633; x_wconf 77' lang='lat' dir='ltr'><strong>tio-</strong></span> 
     </span>
    </p>
   </div>
  </div>
