4128 6294
691 355 797 412 583

1352 353 1616 410 EUSEBXI
1653 350 2120 409 CESARlENSlS
2157 352 2309 410 OPP.
2351 352 2530 408 PARS
2565 352 2649 406 Ill.
2688 383 2757 392 —
2790 351 3194 407 EXEGETICA.

3786 344 3897 402 581

691 480 832 524 stros
875 469 1219 534 sententiam,
1251 467 1334 538 de_
1349 467 1614 521 nobismet
1646 465 1850 534 pariter
1877 465 2035 520 dicet.
2065 463 2229 519 Sectis

2339 484 2418 537 ροι
2449 468 2504 520 δέ
2533 485 2614 530 τις
2642 467 2817 538 ἑαυτῷ
2851 465 3069 537 μέθοδον
3090 464 3298 535 ἀγαθῆς
3327 463 3650 532 ἀποφάσεως
3671 462 3772 534 τῆς
3799 450 3896 517 επὶ

607 585 610 593 ·
687 573 818 614 vero
849 560 975 614 licet
1013 561 1208 628 cuique
1245 535 1399 613 bona:
1433 557 1707 610 serrtentiae
1747 569 1914 623 genus
1949 553 2052 609 sibi
2100 556 2236 624 apud

689 649 817 705 illud
861 650 1094 703 tribunal
1134 660 1470 716 comparare,
1520 639 1564 699 sl
1598 645 1712 713 ipse
1761 655 1912 696 antea
1966 646 2036 697 sit
2086 645 2235 698 beni-

688 754 846 809 gnus,
885 748 939 792 et
968 740 1156 794 alienis
1179 745 1366 792 contra
1390 749 1446 788 se
1471 735 1706 804 peccatis
1737 733 2024 802 indulgeat.

863 830 910 864 “
934 830 1000 883 Et
1045 832 1214 883 dicent
1244 828 1429 881 vobis:
1455 825 1588 879 Ecce
1615 828 1720 891 hic,
1753 827 1828 881 vel
1857 841 1969 878 ecce
1999 826 2125 879 illic.

758 919 884 976 Rrec
915 921 1206 976 secundum
1255 916 1559 970 Matthtcum
1607 916 1747 968 dicta
1787 922 1908 968 sunt
1948 916 2014 970 de
2047 914 2232 967 Hiero-

689 1011 1016 1080 solymorum
1062 1008 1294 1062 excidio.
1344 1007 1522 1072 Quare
1575 1005 1681 1058 illic
1723 1004 2022 1058 addebatur
2049 1021 2062 1054 ;
2092 1002 2234 1055 Tunc

684 1102 775 1170 qui
805 1102 859 1154 iis
906 1097 1098 1153 ludam
1131 1108 1272 1163 sunt,
1297 1098 1504 1165 fugiant
1531 1098 1598 1148 ad
1630 1105 1833 1147 utentes
1857 1094 1921 1146 ³³.
1950 1094 2234 1146 Verumta-

689 1209 808 1248 men
846 1193 931 1246 hic
963 1193 1028 1245 de
1055 1189 1374 1244 Antichristi
1411 1187 1743 1258 temporibus
1769 1186 2024 1240 Servator
2060 1185 2234 1255 prolo-

687 1281 900 1352 quitur;
936 1280 1161 1350 ideoque
1189 1281 1348 1335 verba
1382 1277 1469 1333 illa
1498 1293 1606 1332 non
1633 1278 2024 1348 adiunguntur.

824 1373 870 1404 “
895 1370 1130 1425 Primum
1161 1379 1359 1440 oportet
1386 1370 1536 1423 illum
1567 1369 1732 1422 multa
1756 1372 1883 1436 pati.

756 1462 852 1517 His
878 1463 1057 1517 verbis
1081 1462 1314 1516 futuram
1349 1475 1560 1529 quoque
1593 1461 1879 1528 aliquando
1911 1461 2231 1530 apostasiam

687 1553 867 1608 innuit
891 1554 1014 1606 dum
1051 1553 1126 1606 ait
1157 1567 1171 1604 :
1209 1549 1444 1604 Primum
1482 1558 1692 1619 oportet
1727 1549 1871 1602 illum
1911 1551 2072 1604 multa
2100 1551 2227 1618 pati,

684 1653 742 1694 et
778 1641 1050 1710 reprobari
1097 1653 1126 1692 a
1169 1639 1519 1708 generatione
1558 1639 1677 1700 hac,
1706 1653 1894 1705 nempe
1932 1638 2228 1691 hominum.

687 1731 818 1785 Nam
865 1730 1134 1800 repulsum
1173 1738 1334 1798 atque
1379 1729 1738 1796 improbatum
1783 1729 1849 1782 iri
1884 1728 2227 1798 Evangelium

2336 560 2428 611 τοῦ
2467 560 2841 630 δικαιωτηρίου
2873 557 3378 627 ἐξενεχθησομένης,
3407 558 3454 608 εί
3488 553 3773 626 προλαϐὼν
3800 567 3897 621 γε.

2335 667 2474 703 νοιτο
2505 649 2877 720 φιλάνθρωπος
2923 650 3016 701 καὶ
3056 648 3162 700 τῶν
3197 650 3275 711 είς
3310 648 3470 701 αὑτὸν
3512 645 3896 716 ἁμαρτανομέ-

2335 759 2438 794 νων
2469 742 2892 811 συιτχωρητικός.

2435 833 2542 885 Καὶ
2571 831 2815 901 ἐροῦσιν
2841 833 3011 902 ὑμῖνο
3056 831 3198 886 Ἰδοὺ
3231 824 3366 894 ὦδε,
3410 831 3446 897 ῆ
3479 829 3604 882 ίδοὺ
3638 827 3781 883 ἐκεῖ.

2403 920 2583 972 Ταῦτα
2625 921 2762 973 κατὰ
2805 923 2902 990 μὲν
2949 922 3039 974 τὸν
3077 919 3347 974 Ματθαῖον
3388 918 3604 985 ἐλέγετο
3641 915 3896 986 περὶτῆς

2333 1008 2663 1080 ἐρημώσεως
2725 1011 3075 1080 Ἰερουσαλήμ
3106 1009 3215 1078 (66)
3240 1025 3251 1038 °
3301 1008 3382 1061 διὸ
3413 1010 3507 1062 καὶ
3539 1009 3890 1079 προσέκειτο·

2338 1100 2473 1152 Τότε
2499 1103 2551 1152 ol
2578 1099 2646 1152 ἐν
2682 1098 2757 1167 τῇ
2808 1101 3062 1166 Ἰουδαίᾳ
3105 1099 3485 1168 φευγέτωσαν
3512 1102 3598 1163 είς
3639 1100 3711 1151 τὰ
3757 1097 3891 1167 ὄρη·

2331 1188 2560 1241 ἐνταῦθα
2589 1189 2645 1242 δὲ
2662 1191 2788 1260 περὶ
2815 1190 2922 1242 τῶν
2956 1193 3158 1262 καιρῶν
3184 1191 3275 1243 τοῦ
3308 1190 3670 1259 Ἀντιχρίστου
3696 1186 3896 1260 προλι-

2330 1296 2444 1348 γει·
2479 1279 2558 1332 διὸ
2582 1281 2644 1332 οὐ
2683 1281 2998 1351 πρόσκειται
3030 1283 3202 1336 τοῦτο.

2575 1370 2810 1437 Πρῶτον
2847 1371 2938 1424 δεῖ
2967 1374 3152 1426 αὐτόν
3189 1370 3384 1425 πολλὰ
3409 1369 3620 1424 παθεῖν

2398 1463 2696 1516 Δῖνίττεται
2717 1462 2771 1514 δὲ
2803 1463 2895 1514 καὶ
2917 1464 2973 1514 ὲν
3000 1463 3210 1526 τούτοις
3233 1465 3331 1533 τήν
3358 1478 3484 1513 ποτε
3517 1460 3891 1530 γενησομένην

2329 1553 2661 1606 ἀποστασίαν
2698 1552 2898 1606 εἰπών’
2934 1553 3154 1624 Πρῶτον
3187 1553 3244 1605 δὲ
3271 1552 3350 1604 δεῖ
3378 1551 3537 1604 αὐτὸν
3571 1549 3742 1602 πολλὰ
3777 1566 3890 1601 πα·

2329 1643 2440 1695 θεῖν
2473 1643 2564 1696 καὶ
2596 1642 3088 1713 ἀποδοκιμασθῆναι
3133 1643 3240 1695 ἀπὸ
3287 1643 3381 1711 τῆς
3423 1643 3612 1709 γενεᾶς
3654 1640 3886 1708 ταύτης,

2327 1734 2562 1805 δηλονότι
2607 1735 2707 1804 τῆς
2750 1735 2856 1787 τῶν
2891 1734 3216 1804 ἀνθρώπων
3247 1731 3612 1802 ἀποϐληθῆναι
3649 1731 3760 1800 γὰρ
3790 1730 3889 1782 καὶ

686 1818 821 1887 θείων
851 1817 1208 1886 ροριιιιιωίιυο
1233 1815 1470 1882 θίυεάθω
1501 1829 1824 1884 1³³8³⁸09⁸Γο
1865 1814 2113 1870 “mimum
2141 1817 2227 1881 ίτίν
2259 1817 2302 1873 Β
2328 1827 2824 1897 ἀποδοκιμασθῆναι
2873 1825 2962 1878 τὺν
3006 1827 3134 1894 περὶ⁵
3183 1823 3342 1877 αὐτοῦ
3383 1823 3559 1890 λόγον,
3610 1821 3781 1874 πολλά
3824 1837 3886 1872 τι

685 1908 1006 1961 vaticinatus
1037 1917 1150 1973 est;
1183 1909 1296 1960 sive
1324 1908 1376 1959 in
1405 1907 1712 1961 consecutis
1741 1907 1935 1960 deinde
1975 1921 2228 1975 persecu-

685 1998 943 2062 tionibus,
969 1999 1166 2068 quibus
1200 1996 1503 2051 furentibus
1537 2005 1791 2050 sexcenta
1825 1997 1940 2065 ipse
1972 1995 2229 2052 Servator

681 2103 872 2156 passus
892 2099 993 2154 est,
1029 2089 1332 2142 maledictis
1360 2089 1634 2142 hominum
1661 2090 1964 2156 appetitus;
1990 2090 2103 2143 sive
2130 2089 2229 2143 Ec-

683 2176 842 2231 clesia
873 2177 989 2245 ejus
1018 2187 1176 2246 atque
1207 2176 1448 2230 doctrina
1495 2190 1618 2229 cum
1667 2177 2035 2244 exagitaretur
2065 2186 2228 2244 atque

681 2275 1108 2336 oppugnaretur;
1166 2265 1280 2320 sive
1347 2265 1400 2319 in
1459 2265 1693 2319 universi
1748 2267 2227 2334 consummatione,

680 2371 803 2410 cum
833 2354 1178 2424 Evangelium
1212 2353 1330 2421 ejus
1369 2355 1590 2407 omnino
1628 2354 2037 2423 improbabitur,
2069 2367 2229 2428 atque

678 2457 749 2498 ex
775 2442 1049 2498 hominum
1076 2453 1219 2497 cmtu
1247 2444 1716 2496 exterminabitur.

833 2531 878 2566 ⁸⁷
903 2529 969 2584 Et
990 2533 1121 2586 sicut
1145 2533 1336 2585 accidit
1377 2529 1583 2586 Noachi
1614 2535 1946 2602 temporibus,
1973 2540 2076 2591 etc.

752 2621 842 2677 Sic
872 2623 1033 2691 igitur
1065 2621 1296 2690 repulso,
1331 2620 1406 2676 uti
1425 2621 1624 2676 dictum
1650 2630 1754 2688 est,
1783 2639 1879 2691 per
1903 2627 2225 2694 apostasiam

681 2727 928 2768 sermone
969 2713 1301 2781 evangelica,
1358 2726 1510 2766 more
1559 2713 1822 2768 malorum
1870 2730 2002 2784 quae
2041 2718 2224 2772 diluvii

678 2813 916 2871 tempore
941 2803 1297 2871 contigerunt,
1321 2802 1518 2870 impiis,
1550 2801 1742 2871 inquit,
1779 2805 2087 2863 hominibus
2113 2809 2228 2862 exi-

681 2895 808 2948 tium
831 2896 1188 2963 superveniet.
1211 2893 1276 2947 Et
1305 2894 1518 2962 quidem
1553 2895 1694 2948 sicut
1721 2909 1907 2951 omnes
1938 2910 2062 2953 tunc
2098 2915 2224 2968 per-

679 2986 894 3051 ierunt,
933 2986 1171 3054 exceptis
1211 2986 1473 3040 duntaxat
1497 2989 1588 3056 qui
1618 3003 1740 3043 cum
1767 2988 1985 3044 Noacho
2016 2992 2067 3043 in
2099 3006 2224 3046 arca

676 3078 1071 3142 constiterant;
1100 3075 1174 3130 ita
1206 3077 1260 3130 in
1288 3076 1499 3132 Domini
1531 3080 1785 3147 adventu,
1814 3081 2026 3134 scelesti
2053 3083 2225 3135 homi-

680 3181 777 3220 nes
818 3181 912 3235 per
943 3167 1228 3235 apostasia:
1266 3176 1474 3236 tempus
1515 3169 1728 3223 luxuria
1773 3179 1828 3224 et
1877 3172 2226 3227 ebrietatibus

677 3265 735 3311 et
771 3256 969 3326 nuptiis
1001 3263 1055 3311 et
1089 3258 1296 3312 caeteris
1333 3259 1455 3312 vita:
1482 3259 1842 3328 voluptatibus
1867 3263 2130 3330 occupati,
2164 3278 2226 3318 ea

682 3346 890 3399 ratione
917 3345 1169 3412 peribunt
1193 3360 1297 3414 qua
1326 3345 1400 3400 illi
1437 3346 1640 3402 Noachi
1663 3359 1822 3404 aetate
1859 3352 2066 3407 diluvio
2096 3355 2219 3408 sub-

682 3435 864 3491 mersi.
891 3434 968 3488 Ne
999 3435 1121 3504 quis
1142 3444 1318 3489 autem
1343 3437 1676 3492 existimaret
1702 3439 1800 3492 hos
1837 3455 2048 3509 quoque
2073 3442 2225 3509 aquis

678 3528 923 3579 obrutum
960 3524 1046 3588 iri,
1078 3539 1296 3580 necesse
1329 3525 1430 3579 fuit
1478 3525 1591 3579 Loti
1651 3529 1954 3597 exemplum
1987 3545 2224 3585 cornuue-

677 3631 888 3672 morare
914 3634 928 3682 ;
962 3616 1130 3680 Sicut,
1162 3617 1357 3686 inquit,
1386 3616 1503 3671 Lati
1531 3629 1756 3688 tempore
1776 3621 1993 3674 edebant
2014 3629 2064 3675 et
2087 3623 2224 3676 bibe-

679 3708 824 3769 bant,
872 3717 926 3760 et
971 3705 1178 3775 reliqua
1207 3723 1221 3760 :
1255 3703 1424 3759 Porro
1481 3709 1565 3761 die
1615 3725 1718 3776 qua
1770 3707 1932 3764 Lotus
1985 3712 2222 3765 Sodomis

677 3809 908 3864 egressus
943 3802 1042 3855 est,
1067 3795 1200 3864 ignis
1232 3795 1356 3848 caelo
1381 3795 1510 3864 pluit
1543 3808 1853 3868 cunctosque
1876 3801 2072 3854 incolas
2103 3818 2222 3869 per-

677 3883 830 3936 didit.
866 3883 1207 3954 Hujusmodi,
1237 3885 1429 3954 inquit,
1459 3889 1571 3941 dies
1593 3888 1692 3941 erit
1717 3904 1820 3958 qua
1855 3888 2025 3943 Filius
2051 3891 2223 3944 Itami-

2327 1919 2514 1971 παθεῖν
2537 1918 2628 1970 τὸν
2652 1919 2814 1971 αὑτοῦ
2840 1917 2984 1980 λαὸν,
3019 1915 3299 1969 ἐθέσπισεν
3317 1932 3331 1945 ·
3360 1916 3468 1968 εἴτε
3515 1917 3572 1967 ὲν
3607 1917 3718 1976 τοῖς
3747 1911 3888 1983 μετὰ

2325 2007 2495 2060 ταῦτα
2523 2006 2800 2076 διωγμοῖς,
2847 2004 2967 2059 καθ’
2997 2003 3088 2068 οὓς
3129 2004 3296 2074 μυρία
3333 2002 3598 2056 πέπονθεν
3629 2002 3788 2063 αὑτός
3823 2017 3884 2052 τε

2327 2097 2805 2166 βλασφημούμενος
2827 2100 2856 2148 6
2881 2097 3066 2168 Σωτὴρ
3094 2095 3244 2166 παρά
3267 2099 3379 2158 τοῖς
3408 2092 3731 2165 Μρώποις,
3758 2093 3792 2160 ῆ
3817 2109 3882 2145 τε

2338 2187 2630 2258 Ἐκκλησία
2671 2186 2834 2240 αὐτοῦ
2863 2189 2956 2241 καὶ
2988 2191 3016 2240 6
3040 2187 3193 2255 λόγος
3223 2186 3571 2254 ἐλαυνόμενος
3596 2185 3690 2236 καὶ
3718 2183 3882 2236 πολε-

2329 2279 2620 2350 μούμενος·
2654 2279 2763 2332 εῖτι
2795 2279 2930 2350 πρὸς
2973 2278 3050 2349 τῷ
3094 2280 3307 2331 πάντων
3343 2277 3506 2340 τέλει,
3538 2277 3657 2329 καθ’
3687 2276 3716 2328 δ
3743 2279 3883 2329 ἀπο-

2324 2368 2776 2440 δοκιμασθήσεται
2800 2368 3028 2439 πάμπαν
3048 2366 3373 2437 ἀποϐληθεὶς
3399 2367 3506 2420 ἀπὸ
3529 2367 3626 2433 τῆς
3653 2365 3762 2418 τῶν
3786 2367 3885 2418 ἀν-

2326 2459 2553 2530 θρώπων
2579 2463 2790 2529 γενεᾶς..

2326 2549 2432 2604 Kal
2446 2550 2637 2616 καθὼς
2655 2549 2886 2619 ἐγένετο
2905 2565 2974 2603 σν
2991 2545 3119 2614 ταῖς
3135 2547 3380 2618 ἡμέραις
3402 2547 3505 2601 τοῦ
3525 2547 3670 2612 Νῶε,
3690 2563 3745 2600 κ.
3757 2563 3808 2599 τ.
3827 2546 3880 2602 λ.

2393 2641 2551 2694 οὕτω
2590 2640 2788 2704 τοίνυν,
2834 2641 2908 2704 ὡς
2953 2640 3187 2711 εἴρηται,
3240 2639 3592 2709 ἐκϐληθέντος
3643 2637 3730 2692 διὰ
3782 2639 3886 2708 τὴν

2325 2732 2655 2786 ἀποστασίαν
2687 2732 2780 2785 τοῦ
2832 2732 2991 2799 λόγου
3042 2730 3135 2784 τοῦ
3178 2729 3551 2799 εὐαγγελικοῦ,
3599 2729 3740 2783 κατά
3782 2729 3885 2800 τὴν

2323 2823 2578 2892 ὁμοίωσιν
2618 2823 2726 2875 τῶν
2763 2822 2856 2876 ἐπὶ
2884 2821 2976 2875 τοῦ
3025 2820 3404 2890 κατακλυσμοῦ
3437 2819 3882 2890 συμϐεϐηκότων,

2324 2916 2352 2964 6
2378 2912 2514 2964 κατά
2544 2911 2652 2964 τῶν
2677 2911 2886 2965 ἀσεϐῶν
2911 2911 3127 2982 ὄλεθρος
3156 2913 3523 2981 ἐπιστήσεται,
3548 2911 3700 2981 φησί.
3744 2910 3885 2962 Ἀλλ’

2325 3000 2401 3062 ὡς
2421 3001 2540 3052 τότε
2572 3001 2777 3063 πάντας
2812 3003 2908 3071 μὲν
2935 3000 3229 3065 ἀπώλεσεν,
3264 3003 3324 3054 οὐ
3349 3001 3455 3072 μὴν
3483 3002 3576 3054 καὶ
3602 3004 3728 3065 τοὺς
3761 3018 3886 3053 συν-

2326 3091 2595 3161 ηγμένους
2634 3092 2748 3160 ἄμα
2800 3091 2877 3162 τῷ
2919 3093 3039 3146 Νῶε
3085 3095 3142 3146 ὲν
3169 3094 3265 3163 πῇ
3313 3092 3550 3163 κιϐωτῷ,
3603 3091 3745 3146 οὕτω
3785 3094 3886 3148 καὶ

2327 3181 2419 3234 ἐπὶ
2454 3182 2555 3250 τῆς
2598 3183 2762 3235 αὑτοῦ
2801 3184 3096 3254 παρουσίας
3140 3186 3189 3236 ol
3241 3184 3336 3254 μὲν
3369 3184 3583 3248 ἀσεϐεῖς
3613 3184 3754 3238 κατά
3787 3186 3885 3238 τὸν

2326 3270 2510 3340 καιρὸν
2541 3270 2638 3339 τῆς
2675 3271 3003 3335 ἀποστασίας
3041 3275 3268 3342 τρυφαῖς
3307 3273 3401 3326 καὶ
3441 3273 3630 3343 μέθαις
3658 3275 3753 3328 καὶ⁵
3783 3275 3885 3341 γά-

2327 3375 2446 3428 μοις
2472 3360 2562 3412 καὶ
2584 3363 2702 3422 ταῖς
2724 3360 2814 3412 τοῦ
2841 3359 2952 3429 βίου
2978 3361 3188 3432 ἡδοναῖς
3215 3362 3660 3435 κατατριϐόμενον.
3680 3346 3883 3434 ὁμοίως

2323 3454 2430 3514 τοῖς
2468 3452 2558 3503 ἐπὶ⁵
2582 3452 2672 3504 τοῦ
2697 3452 2818 3504 Νῶε
2850 3453 3307 3515 κατακλυσθέντες
3331 3451 3672 3509 ἀπολοῦνται.
3710 3456 3884 3526 ’Υπὲρ

2321 3543 2377 3595 δὲ
2408 3543 2501 3596 τοῦ
2537 3545 2610 3614 μή
2639 3561 2758 3597 τινα
2789 3545 3004 3615 νομίσαι
3033 3545 3102 3597 δι’
3128 3545 3316 3609 ὕδατος
3341 3547 3432 3600 καὶ
3464 3547 3682 3610 τούτους
3708 3565 3883 3602 καταο

2323 3633 2736 3703 κλυσθήσεσθαι.
2771 3636 3081 3704 ἀναγκαίως
3107 3636 3185 3704 τῷ
3223 3638 3314 3690 ἐπὶ
3340 3638 3432 3691 τοῦ
3463 3637 3586 3692 Λὼτ
3616 3639 3884 3708 κέχρηται

2323 3725 2751 3795 παραδείγματι,
2781 3725 2983 3791 Καθὼς
3004 3725 3257 3794 ἐγένετο,
3288 3727 3478 3796 λέγων,
3502 3729 3570 3781 ἐν
3593 3728 3720 3794 ταῖς
3748 3729 3885 3797 ἠμέ-

2315 3830 2450 3882 ραις
2467 3813 2615 3877 Λὼτ,
2633 3813 3101 3882 ἦσθιον,ἐπινον,
3128 3817 3222 3868 καὶ
3248 3815 3314 3869 τὰ
3328 3816 3472 3886 ἑξῆς·
3493 3811 3574 3889 τῌ
3598 3817 3664 3869 δὲ
3690 3817 3884 3886 vim

2323 3901 2541 3968 ἐξῆλθε
2582 3901 2711 3956 Λὼτ
2749 3903 2867 3957 ἀπὸ
2907 3901 3181 3972 Σοδόμων
3204 3903 3404 3973 ἔϐρεξε
3436 3905 3553 3974 πῦρ
3577 3907 3676 3959 ἀπ’
3706 3911 3884 3976 οὐρα-

679 3976 760 4030 nis
789 3975 1102 4058 reuelabitur
1121 3975 1188 4031 ".
1219 3977 1424 4043 Quibus
1451 3981 1628 4035 verbis
1678 3985 1901 4052 mystice
1936 3986 2221 4039 admodum

2325 3991 2434 4044 νοῦ
2469 3992 2565 4044 καὶ
2605 3991 2878 4046 ἀπώλεσε
2922 3993 3170 4060 πάντας.
3216 3995 3376 4049 Κατὰ
3411 3995 3483 4049 τὰ
3515 3997 3667 4049 αὐτὰ
3706 3975 3884 4052 ἔσται

677 4077 741 4117 ac
765 4062 1076 4117 terribiliter
1106 4066 1281 4130 docet,
1319 4067 1434 4120 lore
1463 4077 1519 4119 ut
1569 4069 1692 4136 igne
1729 4084 1795 4123 ac
1823 4073 2031 4126 sulfure
2074 4073 2224 4128 caelis

2325 4077 2362 4152 ᾖ
2402 4083 2592 4151 ἡμέρᾳ
2629 4087 2661 4136 ό
2701 4084 2830 4150 Υἱὸς
2870 4085 2975 4142 τοῦ
3014 4086 3325 4155 ἀνθρώπου
3369 4086 3879 4142 ἀποκαλύπτεται·

679 4153 844 4209 misso
870 4155 1062 4224 impios
1090 4170 1276 4211 omnes
1304 4157 1384 4211 ira
1429 4157 1522 4213 Dei
1561 4160 1845 4227 corripiat.
1871 4163 2075 4217 Idcirco
2119 4164 2218 4216 int-

2326 4174 2527 4246 σφόδρα
2561 4176 2880 4247 ἀποῤῥήτως
2923 4178 3016 4230 καὶ
3061 4153 3305 4249 φοϐερῶς
3335 4178 3596 4232 διδάσκων
3629 4182 3711 4234 ὅτι
3747 4181 3883 4251 πυρὶ

677 4243 795 4313 pios
823 4243 962 4298 hanc
1006 4245 1146 4297 diem
1188 4247 1377 4300 adesse
1418 4259 1638 4302 orantes
1676 4251 1980 4320 prophetica
2011 4267 2110 4304 vox
2143 4254 2225 4305 in~

2325 4265 2417 4316 καὶ
2454 4243 2581 4336 θείῳ
2610 4243 2718 4319 ait"
2733 4243 2958 4338 ούρανοῦ
2991 4243 3467 4340 καταπεμπομένῳ
3500 4273 3625 4335 τοὺς
3665 4243 3884 4335 ἀσεϐεῖς

678 4343 863 4403 crepat
931 4335 1159 4389 dicens:
1194 4334 1286 4389 Va:
1329 4339 1744 4394 desiderantibus
1788 4345 1924 4395 diem
1978 4343 2182 4396 Domini
2201 4343 2222 4396 .'

2325 4355 2528 4420 πάντας
2555 4334 2601 4425 νή
2647 4334 3227 4429 ὀργὴνμετελεύσεταιν·
3265 4334 3345 4413 διδ
3382 4334 3492 4424 τοῖς
3543 4362 3641 4430 μὲν
3667 4363 3884 4434 ἡμέραν

682 4419 830 4478 Cur?
868 4420 1017 4475 Vobis
1042 4425 1151 4476 haec
1178 4425 1308 4491 dies,
1337 4429 1561 4482 tenebm
1589 4441 1636 4482 et
1663 4446 1767 4482 non
1796 4429 1910 4494 lux,
1941 4434 2049 4486 dies
2087 4445 2223 4486 tene-

2325 4445 2523 4515 ταύτην
2554 4419 2837 4517 ἐπιστῆναι
2869 4448 3179 4519 εὐχομένοις
3226 4419 3883 4524 ἀσεϐέσινγήιπροῷῖητίκὴ

679 4513 890 4605 ἀνατνπι
913 4523 961 4566 et
989 4514 1252 4584 caliginis,
1272 4518 1380 4572 dies
1413 4521 1728 4574 calamitatis
1760 4529 1810 4575 et
1831 4527 2131 4576 exterminii
2155 4524 2218 4584 η,

682 4603 881 4658 Sedulo
906 4613 1084 4658 autem
1113 4605 1368 4661 Servator
1398 4609 1486 4664 hic
1513 4626 1723 4681 quoque
1751 4614 1912 4677 cavit,
1938 4615 2222 4682 quominus

679 4696 885 4752 diceret
938 4698 1112 4766 ignem
1144 4709 1200 4754 et
1234 4701 1405 4754 sullur
1447 4712 1606 4757 antea
1638 4705 1776 4759 coelo
1805 4705 2005 4774 pluisse
2037 4707 2090 4759 in
2118 4707 2219 4760 im-

679 4789 798 4859 pios
844 4788 1203 4844 Sodomorum
1245 4793 1414 4856 cives,
1445 4809 1604 4862 quam
1651 4795 1818 4852 Lotus
1847 4812 2094 4866 egressus
2127 4813 2218 4852 θον

680 4896 798 4936 rum
824 4891 966 4934 ctetu
991 4893 1355 4949 sep-araretur.
1390 4881 1480 4938 Sic
1502 4884 1756 4939 diluvium
1793 4902 1966 4958 neque
1997 4889 2222 4942 inunda-

681 4970 781 5037 vit,
834 4985 1003 5040 neque
1055 4973 1240 5028 mersit
1284 4973 1564 5028 universos
1597 4976 1742 5030 orbis
1790 4977 2011 5044 incolas,
2041 4980 2219 5047 prius-

681 5076 841 5131 quam
893 5061 1142 5119 Noachus
1188 5066 1238 5118 in
1289 5079 1469 5118 arcam
1508 5067 1771 5121 introiret.
1805 5068 1882 5121 Ita
1921 5084 2138 5137 prorsus
2167 5071 2218 5123 in

682 5156 866 5210 mundi
906 5158 1362 5212 consummatione
1409 5161 1545 5213 Itaud
1578 5171 1700 5214 ante
1742 5174 2059 5216 eventurum
2098 5178 2217 5231 per-

681 5249 918 5304 euntium
953 5250 1230 5318 impiorutn
1262 5251 1520 5303 diluvium
1571 5252 1668 5312 ait.
1700 5266 1856 5319 quant
1907 5253 1958 5305 in
2007 5253 2214 5306 caelesti

683 5355 808 5394 arca
843 5353 1231 5410 congregemur
1271 5343 1562 5396 incolumes
1609 5344 1933 5412 quicumque
1979 5355 2105 5398 tunc
2143 5345 2212 5414 pii

683 5431 925 5486 homines
950 5442 1126 5498 erunt,
1160 5448 1380 5502 prorsus
1412 5442 1467 5486 ut
1492 5431 1694 5487 Noucbi
1738 5433 2034 5504 exemplum
2069 5450 2217 5489 reno-

2325 4536 2474 4606 φωνὴ
2499 4538 2900 4591 ἑπανατείνεται
2929 4537 3183 4606 λέγουσα·
3211 4539 3354 4593 Οὐαί
3375 4543 3428 4593 ol
3451 4540 3884 4609 ἐπιθυμοῦντες

2324 4627 2436 4694 τὴν
2463 4626 2688 4696 ἡμέραν
2738 4629 2993 4697 Κυρίου]
3034 4630 3160 4686 Ἵνα
3203 4631 3261 4684 τί
3276 4647 3295 4694 ;
3326 4630 3492 4700 Ὑμῖν
3522 4631 3674 4700 αὕτη
3707 4634 3883 4688 ἔσται

2323 4717 2555 4782 σκότος,
2589 4717 2685 4769 καί
2721 4720 2792 4772 οὐ
2823 4716 2967 4787 φῶς,
2996 4718 3185 4789 ἡμέρα
3209 4721 3467 4787 σκότους
3497 4721 3594 4776 καί
3623 4724 3876 4792 γνόφου,

2320 4807 2505 4877 ἡμέρα
2540 4810 2938 4877 ταλαιπωρίας
2991 4810 3088 4864 καὶ
3149 4812 3504 4882 ἀφανισμοῦ.
3564 4813 3776 4884 Σφόδρα
3816 4814 3878 4877 δὲ

2321 4901 2556 4972 ἀκριϐῶς
2574 4899 2682 4954 ’καὶ
2709 4901 2938 4954 ἐνταῦθα
2969 4903 3231 4973 ἐτήρησεν
3251 4907 3280 4959 6
3303 4905 3491 4980 Σωτὴρ
3526 4906 3586 4959 οὐ
3615 4898 3882 4977 πρότερον

2320 4988 2379 5041 τὸ
2412 4989 2522 5060 πῦρ
2564 4989 2731 5043 εἰπὼν
2763 4989 2856 5044 ἀπ’
2894 4992 3119 5063 ούρανοῦ
3165 4993 3259 5047 καὶ
3303 4995 3365 5048 τὸ
3411 4994 3550 5048 θεῖον
3581 4994 3882 5066 κατεληλυ-

2323 5077 2467 5133 θέναι
2501 5082 2590 5132 ἐπὶ
2617 5083 2741 5145 τοὺς
2767 5083 2824 5133 ὲν
2849 5081 3098 5152 Σοδόμοις
3127 5083 3362 5147 ἀσεϐεῖς,
3393 5083 3426 5154 ἢ
3458 5085 3549 5138 τὸν
3579 5084 3700 5137 Λὼτ
3731 5086 3882 5152 ἐξελ-

2320 5165 2449 5231 θεῖν,
2485 5169 2579 5221 καὶ
2615 5169 2944 5238 χωρισθῆναι
2992 5170 3050 5237 ἐξ
3087 5172 3284 5225 αὐτῶν.
3329 5172 3483 5226 Οὕτω
3515 5173 3609 5225 καὶ
3646 5175 3740 5226 ἐπὶ
3778 5174 3878 5228 τοῦ

2319 5259 2696 5329 κατακλυσμοῦ
2727 5261 2788 5312 ού
2815 5261 3074 5332 πρότερον
3103 5263 3335 5332 ἐπῆλθεν
3358 5259 3512 5326 οὗτος
3545 5264 3638 5317 καὶ
3667 5266 3879 5329 πάντας

2317 5349 2559 5404 ἀπώλεσε
2588 5353 2712 5415 τοὺς
2741 5352 2878 5406 κατά
2910 5354 3010 5424 γῆν
3036 5353 3337 5418 οἰκοῦντας,
3367 5355 3400 5425 ἦ
3435 5356 3525 5408 τὸν
3552 5354 3674 5407 Νῶε
3703 5356 3880 5408 εἰσελ-

2319 5440 2428 5495 θεῖν
2467 5445 2546 5506 εἰς
2582 5443 2679 5512 τὴν
2721 5443 2967 5496 κιϐωτόν.
3013 5445 3168 5498 Κατά
3193 5444 3262 5498 τὰ
3293 5445 3430 5498 αὐτὰ
3460 5445 3631 5498 τοίνυν
3655 5445 3750 5499 καὶ
3779 5445 3880 5499 ἐπὶ

750 5611 798 5645 ⁸⁸
818 5611 944 5666 Luc.
977 5629 1104 5681 xvn,
1128 5613 1217 5672 εδ.
1256 5616 1301 5646 ’⁸
1323 5615 1508 5670 Matth.
1538 5610 1793 5681 xxir,l6.
1869 5617 1914 5648 "
1943 5617 2333 5676 Luc.xrlt.25.
2405 5623 2446 5656 ³⁷
2483 5623 2614 5679 ibid.
2650 5621 2738 5678 26.
2811 5622 3002 5680 “Luc.
3037 5639 3166 5690 xvn,
3193 5622 3377 5679 98-30.
3453 5626 3682 5681 "Amos
3707 5641 3761 5690 v,
3786 5623 3878 5682 ιε.

750 5705 859 5778 (66)
891 5706 1086 5764 Confer
1116 5709 1471 5782 Theophanis:
1503 5711 1856 5783 fragmentum
1884 5729 1936 5781 x,
1955 5714 2058 5770 col.
2078 5713 2209 5770 653.
