  <div class='ocr_page' id='page_1' title='image "/cluster/home/n/w/nwhite01/storage/ocr_20150623/24/pst.000005712083/311.png"; bbox 0 0 4128 6294; ppageno 0'>
   <div class='ocr_carea' id='block_1_1' title="bbox 715 389 828 454">
    <p class='ocr_par' dir='ltr' id='par_1_1' title="bbox 715 389 828 454">
     <span class='ocr_line' id='line_1_1' title="bbox 715 389 828 454; baseline -0.062 0"><span class='ocrx_word' id='word_1_1' title='bbox 715 389 828 454; x_wconf 59' lang='grc' dir='ltr'><strong><em>ῊΊ</em></strong></span> 
     </span>
    </p>
   </div>
   <div class='ocr_carea' id='block_1_2' title="bbox 1376 370 3215 436">
    <p class='ocr_par' dir='ltr' id='par_1_2' title="bbox 1376 370 3215 436">
     <span class='ocr_line' id='line_1_2' title="bbox 1376 370 3215 436; baseline -0.003 0"><span class='ocrx_word' id='word_1_2' title='bbox 1376 379 1635 436; x_wconf 81' lang='lat' dir='ltr'><strong>EUSEBll</strong></span> <span class='ocrx_word' id='word_1_3' title='bbox 1673 375 2132 433; x_wconf 68' lang='lat' dir='ltr'><strong>CESARIENSIS</strong></span> <span class='ocrx_word' id='word_1_4' title='bbox 2166 375 2316 431; x_wconf 79' lang='grc' dir='ltr'><strong>ΟΡΡ.</strong></span> <span class='ocrx_word' id='word_1_5' title='bbox 2356 374 2531 430; x_wconf 78' lang='lat' dir='ltr'><strong>PARS</strong></span> <span class='ocrx_word' id='word_1_6' title='bbox 2569 374 2658 430; x_wconf 84' lang='lat' dir='ltr'><strong>Ill.</strong></span> <span class='ocrx_word' id='word_1_7' title='bbox 2697 404 2767 416; x_wconf 93' lang='lat'><strong>—</strong></span> <span class='ocrx_word' id='word_1_8' title='bbox 2803 370 3215 430; x_wconf 76' lang='lat' dir='ltr'><strong>EXEGETICA.</strong></span> 
     </span>
    </p>
   </div>
   <div class='ocr_carea' id='block_1_3' title="bbox 3631 76 4012 149">
    <p class='ocr_par' dir='ltr' id='par_1_3' title="bbox 3631 76 4012 149">
     <span class='ocr_line' id='line_1_3' title="bbox 3631 76 4012 149; baseline -0.003 1"><span class='ocrx_word' id='word_1_9' title='bbox 3631 76 4012 149; x_wconf 60' lang='grc' dir='ltr'><strong>ᾞ</strong></span> 
     </span>
    </p>
   </div>
   <div class='ocr_carea' id='block_1_4' title="bbox 725 490 2392 565">
    <p class='ocr_par' dir='ltr' id='par_1_4' title="bbox 725 496 2392 565">
     <span class='ocr_line' id='line_1_4' title="bbox 725 496 2392 565; baseline -0.011 0"><span class='ocrx_word' id='word_1_10' title='bbox 725 507 794 565; x_wconf 89' lang='lat' dir='ltr'><strong>lls</strong></span> <span class='ocrx_word' id='word_1_11' title='bbox 843 515 896 561; x_wconf 89' lang='lat' dir='ltr'><strong>et</strong></span> <span class='ocrx_word' id='word_1_12' title='bbox 938 505 1092 558; x_wconf 77' lang='lat' dir='ltr'><strong>lauta!</strong></span> <span class='ocrx_word' id='word_1_13' title='bbox 1138 499 1259 556; x_wconf 61' lang='lat' dir='ltr'><strong>vita</strong></span> <span class='ocrx_word' id='word_1_14' title='bbox 1316 499 1650 555; x_wconf 74' lang='lat' dir='ltr'><strong>mortalibus.</strong></span> <span class='ocrx_word' id='word_1_15' title='bbox 1709 496 1856 551; x_wconf 73' lang='lat' dir='ltr'><strong>lianc</strong></span> <span class='ocrx_word' id='word_1_16' title='bbox 1897 496 2062 564; x_wconf 87' lang='lat' dir='ltr'><strong>ipsam</strong></span> <span class='ocrx_word' id='word_1_17' title='bbox 2119 496 2264 550; x_wconf 92' lang='lat' dir='ltr'><strong>locu-</strong></span> <span class='ocrx_word' id='word_1_18' title='bbox 2291 501 2335 556; x_wconf 79' lang='grc' dir='ltr'>Α</span> <span class='ocrx_word' id='word_1_19' title='bbox 2365 512 2392 546; x_wconf 79' lang='grc' dir='ltr'><strong>τι</strong></span> 
     </span>
    </p>
   </div>
   <div class='ocr_carea' id='block_1_5' title="bbox 2372 490 3917 565">
    <p class='ocr_par' dir='ltr' id='par_1_5' title="bbox 2372 490 3917 564">
     <span class='ocr_line' id='line_1_5' title="bbox 2372 490 3917 564; baseline -0.002 -17"><span class='ocrx_word' id='word_1_20' title='bbox 2372 495 2615 564; x_wconf 77' lang='grc' dir='ltr'><strong>πενιχρὸν</strong></span> <span class='ocrx_word' id='word_1_21' title='bbox 2641 495 2731 547; x_wconf 80' lang='grc' dir='ltr'>καὶ</span> <span class='ocrx_word' id='word_1_22' title='bbox 2757 494 2979 564; x_wconf 69' lang='grc' dir='ltr'>ἐσχατον</span> <span class='ocrx_word' id='word_1_23' title='bbox 3009 499 3066 544; x_wconf 76' lang='grc' dir='ltr'><strong>εν</strong></span> <span class='ocrx_word' id='word_1_24' title='bbox 3089 491 3392 562; x_wconf 82' lang='grc' dir='ltr'>ἀνθρώποις</span> <span class='ocrx_word' id='word_1_25' title='bbox 3413 490 3763 553; x_wconf 78' lang='grc' dir='ltr'>διαντλοΰσας</span> <span class='ocrx_word' id='word_1_26' title='bbox 3790 492 3917 562; x_wconf 79' lang='grc' dir='ltr'>βίον·</span> 
     </span>
    </p>
   </div>
   <div class='ocr_carea' id='block_1_6' title="bbox 727 585 2262 658">
    <p class='ocr_par' dir='ltr' id='par_1_6' title="bbox 727 585 2262 658">
     <span class='ocr_line' id='line_1_6' title="bbox 727 585 2262 658; baseline -0.011 -6"><span class='ocrx_word' id='word_1_27' title='bbox 727 597 926 651; x_wconf 80' lang='lat' dir='ltr'><strong>tionem</strong></span> <span class='ocrx_word' id='word_1_28' title='bbox 954 594 1108 647; x_wconf 86' lang='lat' dir='ltr'><strong>habet</strong></span> <span class='ocrx_word' id='word_1_29' title='bbox 1144 589 1341 658; x_wconf 74' lang='lat' dir='ltr'><strong>Moysis</strong></span> <span class='ocrx_word' id='word_1_30' title='bbox 1369 587 1673 656; x_wconf 83' lang='lat' dir='ltr'><strong>Scriptura,</strong></span> <span class='ocrx_word' id='word_1_31' title='bbox 1697 585 1786 640; x_wconf 91' lang='lat' dir='ltr'><strong>ubi</strong></span> <span class='ocrx_word' id='word_1_32' title='bbox 1814 585 2011 638; x_wconf 89' lang='lat' dir='ltr'><strong>dicitur</strong></span> <span class='ocrx_word' id='word_1_33' title='bbox 2041 599 2262 653; x_wconf 89' lang='lat' dir='ltr'><strong>perven-</strong></span> 
     </span>
    </p>
   </div>
   <div class='ocr_carea' id='block_1_7' title="bbox 725 673 2261 746">
    <p class='ocr_par' dir='ltr' id='par_1_7' title="bbox 725 673 2261 746">
     <span class='ocr_line' id='line_1_7' title="bbox 725 673 2261 746; baseline -0.01 -6"><span class='ocrx_word' id='word_1_34' title='bbox 725 696 845 740; x_wconf 86' lang='lat' dir='ltr'><strong>tura</strong></span> <span class='ocrx_word' id='word_1_35' title='bbox 891 682 1126 736; x_wconf 82' lang='lat' dir='ltr'><strong>vindicta</strong></span> <span class='ocrx_word' id='word_1_36' title='bbox 1168 693 1197 730; x_wconf 94' lang='lat' dir='ltr'><strong>a</strong></span> <span class='ocrx_word' id='word_1_37' title='bbox 1241 677 1538 730; x_wconf 74' lang='lat' dir='ltr'><strong>Pharaonis</strong></span> <span class='ocrx_word' id='word_1_38' title='bbox 1580 675 1934 746; x_wconf 81' lang='lat' dir='ltr'><strong>primogenita</strong></span> <span class='ocrx_word' id='word_1_39' title='bbox 1984 688 2153 742; x_wconf 87' lang='lat' dir='ltr'><strong>usque</strong></span> <span class='ocrx_word' id='word_1_40' title='bbox 2197 673 2261 726; x_wconf 91' lang='lat' dir='ltr'><strong>ad</strong></span> 
     </span>
    </p>
   </div>
   <div class='ocr_carea' id='block_1_8' title="bbox 723 764 2262 838">
    <p class='ocr_par' dir='ltr' id='par_1_8' title="bbox 723 764 2262 838">
     <span class='ocr_line' id='line_1_8' title="bbox 723 764 2262 838; baseline -0.007 -11"><span class='ocrx_word' id='word_1_41' title='bbox 723 769 1444 838; x_wconf 13' lang='lat' dir='ltr'><strong>molentemopinsentemque</strong></span> <span class='ocrx_word' id='word_1_42' title='bbox 1477 766 1532 819; x_wconf 87' lang='lat' dir='ltr'><strong>in</strong></span> <span class='ocrx_word' id='word_1_43' title='bbox 1565 766 1812 835; x_wconf 86' lang='lat' dir='ltr'><strong>pistrino.</strong></span> <span class='ocrx_word' id='word_1_44' title='bbox 1854 764 2088 818; x_wconf 72' lang='lat' dir='ltr'><strong>Extremi</strong></span> <span class='ocrx_word' id='word_1_45' title='bbox 2119 764 2262 818; x_wconf 88' lang='lat' dir='ltr'><strong>enim</strong></span> 
     </span>
    </p>
   </div>
   <div class='ocr_carea' id='block_1_9' title="bbox 725 855 2266 924">
    <p class='ocr_par' dir='ltr' id='par_1_9' title="bbox 725 855 2266 924">
     <span class='ocr_line' id='line_1_9' title="bbox 725 855 2266 924; baseline -0.006 -6"><span class='ocrx_word' id='word_1_46' title='bbox 725 863 970 918; x_wconf 69' lang='lat' dir='ltr'><strong>humana:</strong></span> <span class='ocrx_word' id='word_1_47' title='bbox 998 857 1318 914; x_wconf 80' lang='lat' dir='ltr'><strong>conditionis</strong></span> <span class='ocrx_word' id='word_1_48' title='bbox 1348 856 1582 921; x_wconf 82' lang='lat' dir='ltr'><strong>termini,</strong></span> <span class='ocrx_word' id='word_1_49' title='bbox 1609 857 1892 924; x_wconf 89' lang='lat' dir='ltr'><strong>opulentus</strong></span> <span class='ocrx_word' id='word_1_50' title='bbox 1916 855 2186 918; x_wconf 89' lang='lat' dir='ltr'><strong>videlicet,</strong></span> <span class='ocrx_word' id='word_1_51' title='bbox 2212 864 2266 908; x_wconf 91' lang='lat' dir='ltr'><strong>et</strong></span> 
     </span>
    </p>
   </div>
   <div class='ocr_carea' id='block_1_10' title="bbox 725 946 2265 1016">
    <p class='ocr_par' dir='ltr' id='par_1_10' title="bbox 725 946 2265 1016">
     <span class='ocr_line' id='line_1_10' title="bbox 725 946 2265 1016; baseline -0.005 -8"><span class='ocrx_word' id='word_1_52' title='bbox 725 953 943 1009; x_wconf 75' lang='lat' dir='ltr'><strong>humilis</strong></span> <span class='ocrx_word' id='word_1_53' title='bbox 970 961 1124 1016; x_wconf 89' lang='lat' dir='ltr'><strong>atque</strong></span> <span class='ocrx_word' id='word_1_54' title='bbox 1149 947 1414 1013; x_wconf 73' lang='lat' dir='ltr'><strong>abiectus,</strong></span> <span class='ocrx_word' id='word_1_55' title='bbox 1450 946 1532 1000; x_wconf 87' lang='lat' dir='ltr'><strong>his</strong></span> <span class='ocrx_word' id='word_1_56' title='bbox 1562 947 1740 1001; x_wconf 82' lang='lat' dir='ltr'><strong>verbis</strong></span> <span class='ocrx_word' id='word_1_57' title='bbox 1781 946 2136 1015; x_wconf 88' lang='lat' dir='ltr'><strong>attinguntur.</strong></span> <span class='ocrx_word' id='word_1_58' title='bbox 2174 947 2265 1000; x_wconf 87' lang='lat' dir='ltr'><strong>Sic</strong></span> 
     </span>
    </p>
   </div>
   <div class='ocr_carea' id='block_1_11' title="bbox 725 1035 2266 1112">
    <p class='ocr_par' dir='ltr' id='par_1_11' title="bbox 725 1035 2266 1112">
     <span class='ocr_line' id='line_1_11' title="bbox 725 1035 2266 1112; baseline -0.007 -13"><span class='ocrx_word' id='word_1_59' title='bbox 725 1060 867 1099; x_wconf 89' lang='lat' dir='ltr'><strong>nunc</strong></span> <span class='ocrx_word' id='word_1_60' title='bbox 917 1053 1124 1112; x_wconf 87' lang='lat' dir='ltr'><strong>quoque</strong></span> <span class='ocrx_word' id='word_1_61' title='bbox 1179 1039 1310 1091; x_wconf 89' lang='lat' dir='ltr'><strong>duos</strong></span> <span class='ocrx_word' id='word_1_62' title='bbox 1349 1037 1402 1090; x_wconf 93' lang='lat' dir='ltr'><strong>in</strong></span> <span class='ocrx_word' id='word_1_63' title='bbox 1447 1035 1586 1092; x_wconf 91' lang='lat' dir='ltr'><strong>lecto</strong></span> <span class='ocrx_word' id='word_1_64' title='bbox 1636 1051 1744 1091; x_wconf 92' lang='lat' dir='ltr'><strong>uno</strong></span> <span class='ocrx_word' id='word_1_65' title='bbox 1769 1038 2084 1091; x_wconf 79' lang='lat' dir='ltr'><strong>memoravit</strong></span> <span class='ocrx_word' id='word_1_66' title='bbox 2118 1035 2266 1090; x_wconf 86' lang='lat' dir='ltr'><strong>Scri-</strong></span> 
     </span>
    </p>
   </div>
   <div class='ocr_carea' id='block_1_12' title="bbox 726 1128 2264 1203">
    <p class='ocr_par' dir='ltr' id='par_1_12' title="bbox 726 1128 2264 1203">
     <span class='ocr_line' id='line_1_12' title="bbox 726 1128 2264 1203; baseline -0.007 -14"><span class='ocrx_word' id='word_1_67' title='bbox 726 1146 879 1203; x_wconf 91' lang='lat' dir='ltr'><strong>ptura</strong></span> <span class='ocrx_word' id='word_1_68' title='bbox 900 1173 915 1196; x_wconf 91' lang='lat'><strong>,</strong></span> <span class='ocrx_word' id='word_1_69' title='bbox 945 1140 1000 1186; x_wconf 93' lang='lat' dir='ltr'><strong>ut</strong></span> <span class='ocrx_word' id='word_1_70' title='bbox 1033 1129 1269 1184; x_wconf 83' lang='lat' dir='ltr'><strong>liberalis</strong></span> <span class='ocrx_word' id='word_1_71' title='bbox 1299 1129 1418 1180; x_wconf 69' lang='lat' dir='ltr'><strong>vita:</strong></span> <span class='ocrx_word' id='word_1_72' title='bbox 1441 1128 1682 1182; x_wconf 84' lang='lat' dir='ltr'><strong>homines</strong></span> <span class='ocrx_word' id='word_1_73' title='bbox 1715 1128 1962 1181; x_wconf 81' lang='lat' dir='ltr'><strong>innueret</strong></span> <span class='ocrx_word' id='word_1_74' title='bbox 1989 1144 2005 1192; x_wconf 89' lang='lat'><strong>;</strong></span> <span class='ocrx_word' id='word_1_75' title='bbox 2041 1142 2264 1196; x_wconf 92' lang='lat' dir='ltr'><strong>quorum</strong></span> 
     </span>
    </p>
   </div>
   <div class='ocr_carea' id='block_1_13' title="bbox 725 1217 2266 1287">
    <p class='ocr_par' dir='ltr' id='par_1_13' title="bbox 725 1217 2266 1287">
     <span class='ocr_line' id='line_1_13' title="bbox 725 1217 2266 1287; baseline -0.005 -9"><span class='ocrx_word' id='word_1_76' title='bbox 725 1239 863 1278; x_wconf 86' lang='lat' dir='ltr'><strong>unus</strong></span> <span class='ocrx_word' id='word_1_77' title='bbox 907 1229 1241 1280; x_wconf 89' lang='lat' dir='ltr'><strong>assumetur,</strong></span> <span class='ocrx_word' id='word_1_78' title='bbox 1289 1218 1374 1285; x_wconf 91' lang='lat' dir='ltr'><strong>qui</strong></span> <span class='ocrx_word' id='word_1_79' title='bbox 1426 1217 1515 1270; x_wconf 88' lang='lat' dir='ltr'><strong>Dei</strong></span> <span class='ocrx_word' id='word_1_80' title='bbox 1565 1217 1831 1271; x_wconf 88' lang='lat' dir='ltr'><strong>electione</strong></span> <span class='ocrx_word' id='word_1_81' title='bbox 1869 1218 2098 1287; x_wconf 85' lang='lat' dir='ltr'><strong>dignus;</strong></span> <span class='ocrx_word' id='word_1_82' title='bbox 2133 1217 2266 1270; x_wconf 83' lang='lat' dir='ltr'><strong>alter</strong></span> 
     </span>
    </p>
   </div>
   <div class='ocr_carea' id='block_1_14' title="bbox 726 1305 2263 1381">
    <p class='ocr_par' dir='ltr' id='par_1_14' title="bbox 726 1305 2263 1381">
     <span class='ocr_line' id='line_1_14' title="bbox 726 1305 2263 1381; baseline -0.006 -14"><span class='ocrx_word' id='word_1_83' title='bbox 726 1313 1074 1381; x_wconf 88' lang='lat' dir='ltr'><strong>relinquetur,</strong></span> <span class='ocrx_word' id='word_1_84' title='bbox 1098 1311 1186 1378; x_wconf 88' lang='lat' dir='ltr'><strong>qui</strong></span> <span class='ocrx_word' id='word_1_85' title='bbox 1209 1322 1389 1377; x_wconf 63' lang='lat' dir='ltr'><strong>poena</strong></span> <span class='ocrx_word' id='word_1_86' title='bbox 1421 1317 1504 1361; x_wconf 91' lang='lat' dir='ltr'><strong>est</strong></span> <span class='ocrx_word' id='word_1_87' title='bbox 1530 1305 1721 1362; x_wconf 73' lang='lat' dir='ltr'><strong>amnis.</strong></span> <span class='ocrx_word' id='word_1_88' title='bbox 1766 1307 2030 1361; x_wconf 85' lang='lat' dir='ltr'><strong>Similiter</strong></span> <span class='ocrx_word' id='word_1_89' title='bbox 2065 1307 2263 1360; x_wconf 84' lang='lat' dir='ltr'><strong>molen-</strong></span> 
     </span>
    </p>
   </div>
   <div class='ocr_carea' id='block_1_15' title="bbox 725 1395 2262 1463">
    <p class='ocr_par' dir='ltr' id='par_1_15' title="bbox 725 1395 2262 1463">
     <span class='ocr_line' id='line_1_15' title="bbox 725 1395 2262 1463; baseline -0.003 -12"><span class='ocrx_word' id='word_1_90' title='bbox 725 1408 806 1452; x_wconf 87' lang='lat' dir='ltr'><strong>tes</strong></span> <span class='ocrx_word' id='word_1_91' title='bbox 833 1399 950 1452; x_wconf 65' lang='lat' dir='ltr'><strong>duae</strong></span> <span class='ocrx_word' id='word_1_92' title='bbox 1001 1397 1371 1461; x_wconf 84' lang='lat' dir='ltr'><strong>intelliguntur</strong></span> <span class='ocrx_word' id='word_1_93' title='bbox 1398 1410 1516 1463; x_wconf 64' lang='lat' dir='ltr'><strong>quae</strong></span> <span class='ocrx_word' id='word_1_94' title='bbox 1541 1395 1682 1448; x_wconf 88' lang='lat' dir='ltr'><strong>inter</strong></span> <span class='ocrx_word' id='word_1_95' title='bbox 1715 1396 1958 1449; x_wconf 86' lang='lat' dir='ltr'><strong>homines</strong></span> <span class='ocrx_word' id='word_1_96' title='bbox 1981 1396 2262 1449; x_wconf 82' lang='lat' dir='ltr'><strong>obscuram</strong></span> 
     </span>
    </p>
   </div>
   <div class='ocr_carea' id='block_1_16' title="bbox 723 1487 2266 1557">
    <p class='ocr_par' dir='ltr' id='par_1_16' title="bbox 723 1487 2266 1557">
     <span class='ocr_line' id='line_1_16' title="bbox 723 1487 2266 1557; baseline -0.001 -15"><span class='ocrx_word' id='word_1_97' title='bbox 723 1499 778 1542; x_wconf 90' lang='lat' dir='ltr'><strong>et</strong></span> <span class='ocrx_word' id='word_1_98' title='bbox 833 1501 1116 1557; x_wconf 87' lang='lat' dir='ltr'><strong>pauperem</strong></span> <span class='ocrx_word' id='word_1_99' title='bbox 1168 1487 1327 1539; x_wconf 88' lang='lat' dir='ltr'><strong>vitam</strong></span> <span class='ocrx_word' id='word_1_100' title='bbox 1383 1487 1593 1550; x_wconf 85' lang='lat' dir='ltr'><strong>agitant</strong></span> <span class='ocrx_word' id='word_1_101' title='bbox 1636 1501 1649 1537; x_wconf 90' lang='lat'><strong>:</strong></span> <span class='ocrx_word' id='word_1_102' title='bbox 1689 1500 1914 1554; x_wconf 83' lang='lat' dir='ltr'><strong>quarum</strong></span> <span class='ocrx_word' id='word_1_103' title='bbox 1967 1487 2094 1540; x_wconf 87' lang='lat' dir='ltr'><strong>item</strong></span> <span class='ocrx_word' id='word_1_104' title='bbox 2149 1500 2266 1555; x_wconf 70' lang='lat' dir='ltr'><strong>quae</strong></span> 
     </span>
    </p>
   </div>
   <div class='ocr_carea' id='block_1_17' title="bbox 720 1574 1910 1647">
    <p class='ocr_par' dir='ltr' id='par_1_17' title="bbox 720 1574 1910 1647">
     <span class='ocr_line' id='line_1_17' title="bbox 720 1574 1910 1647; baseline -0.003 -15"><span class='ocrx_word' id='word_1_105' title='bbox 720 1577 865 1647; x_wconf 81' lang='lat' dir='ltr'><strong>iusta</strong></span> <span class='ocrx_word' id='word_1_106' title='bbox 891 1586 993 1642; x_wconf 87' lang='lat' dir='ltr'><strong>est,</strong></span> <span class='ocrx_word' id='word_1_107' title='bbox 1020 1574 1337 1640; x_wconf 83' lang='lat' dir='ltr'><strong>as&#39;sumetur,</strong></span> <span class='ocrx_word' id='word_1_108' title='bbox 1367 1574 1536 1630; x_wconf 89' lang='lat' dir='ltr'><strong>altera</strong></span> <span class='ocrx_word' id='word_1_109' title='bbox 1565 1574 1910 1642; x_wconf 88' lang='lat' dir='ltr'><strong>relinquetur.</strong></span> 
     </span>
    </p>
   </div>
   <div class='ocr_carea' id='block_1_18' title="bbox 2360 579 3924 649">
    <p class='ocr_par' dir='ltr' id='par_1_18' title="bbox 2360 579 3924 649">
     <span class='ocr_line' id='line_1_18' title="bbox 2360 579 3924 649; baseline 0.001 -17"><span class='ocrx_word' id='word_1_110' title='bbox 2360 582 2449 632; x_wconf 67' lang='grc' dir='ltr'>επὶ</span> <span class='ocrx_word' id='word_1_111' title='bbox 2490 581 2672 649; x_wconf 80' lang='grc' dir='ltr'><strong>κλίνης</strong></span> <span class='ocrx_word' id='word_1_112' title='bbox 2697 581 2752 633; x_wconf 83' lang='grc' dir='ltr'>δὲ</span> <span class='ocrx_word' id='word_1_113' title='bbox 2767 583 2890 643; x_wconf 81' lang='grc' dir='ltr'>τοὺς</span> <span class='ocrx_word' id='word_1_114' title='bbox 2919 579 3008 632; x_wconf 84' lang='grc' dir='ltr'>τὸν</span> <span class='ocrx_word' id='word_1_115' title='bbox 3047 579 3326 649; x_wconf 78' lang='grc' dir='ltr'>ἐλεύθερον</span> <span class='ocrx_word' id='word_1_116' title='bbox 3351 582 3442 632; x_wconf 80' lang='grc' dir='ltr'>καὶ</span> <span class='ocrx_word' id='word_1_117' title='bbox 3466 581 3655 633; x_wconf 77' lang='grc' dir='ltr'>ἄνετον</span> <span class='ocrx_word' id='word_1_118' title='bbox 3674 579 3787 649; x_wconf 85' lang='grc' dir='ltr'>βίον</span> <span class='ocrx_word' id='word_1_119' title='bbox 3810 598 3924 649; x_wconf 81' lang='grc' dir='ltr'>μετ-</span> 
     </span>
    </p>
   </div>
   <div class='ocr_carea' id='block_1_19' title="bbox 2361 670 3923 741">
    <p class='ocr_par' dir='ltr' id='par_1_19' title="bbox 2361 670 3923 741">
     <span class='ocr_line' id='line_1_19' title="bbox 2361 670 3923 741; baseline 0 -19"><span class='ocrx_word' id='word_1_120' title='bbox 2361 671 2699 741; x_wconf 76' lang='grc' dir='ltr'>ιρχομένους.</span> <span class='ocrx_word' id='word_1_121' title='bbox 2730 671 2896 722; x_wconf 86' lang='grc' dir='ltr'>Τοῦτο</span> <span class='ocrx_word' id='word_1_122' title='bbox 2916 670 2970 722; x_wconf 86' lang='grc' dir='ltr'>δὲ</span> <span class='ocrx_word' id='word_1_123' title='bbox 2995 672 3330 740; x_wconf 72' lang='grc' dir='ltr'><strong>παραστήσει</strong></span> <span class='ocrx_word' id='word_1_124' title='bbox 3351 673 3382 738; x_wconf 86' lang='grc' dir='ltr'>ἠ</span> <span class='ocrx_word' id='word_1_125' title='bbox 3403 670 3679 732; x_wconf 79' lang='grc' dir='ltr'>Μωῡσέως</span> <span class='ocrx_word' id='word_1_126' title='bbox 3741 672 3923 740; x_wconf 74' lang='grc' dir='ltr'>γραφὴ</span> 
     </span>
    </p>
   </div>
   <div class='ocr_carea' id='block_1_20' title="bbox 2362 755 3924 832">
    <p class='ocr_par' dir='ltr' id='par_1_20' title="bbox 2362 755 3924 832">
     <span class='ocr_line' id='line_1_20' title="bbox 2362 755 3924 832; baseline 0.001 -21"><span class='ocrx_word' id='word_1_127' title='bbox 2362 760 2418 811; x_wconf 71' lang='grc' dir='ltr'>ὲν</span> <span class='ocrx_word' id='word_1_128' title='bbox 2515 776 2674 829; x_wconf 78' lang='grc' dir='ltr'>φησιν</span> <span class='ocrx_word' id='word_1_129' title='bbox 2703 762 2732 811; x_wconf 97' lang='lat'><strong>6</strong></span> <span class='ocrx_word' id='word_1_130' title='bbox 2757 760 2914 826; x_wconf 82' lang='grc' dir='ltr'><strong>λόγος</strong></span> <span class='ocrx_word' id='word_1_131' title='bbox 2947 759 3096 829; x_wconf 80' lang='grc' dir='ltr'>ήξειν</span> <span class='ocrx_word' id='word_1_132' title='bbox 3135 760 3232 828; x_wconf 72' lang='grc' dir='ltr'>τὴν</span> <span class='ocrx_word' id='word_1_133' title='bbox 3257 759 3422 830; x_wconf 76' lang='grc' dir='ltr'>όργὴν</span> <span class='ocrx_word' id='word_1_134' title='bbox 3450 760 3556 811; x_wconf 81' lang='grc' dir='ltr'>ἀπὸ</span> <span class='ocrx_word' id='word_1_135' title='bbox 3580 761 3924 830; x_wconf 72' lang='grc' dir='ltr'><strong>πρωτοτόκου</strong></span> 
     </span>
    </p>
   </div>
   <div class='ocr_carea' id='block_1_21' title="bbox 2361 851 3927 923">
    <p class='ocr_par' dir='ltr' id='par_1_21' title="bbox 2361 851 3927 923">
     <span class='ocr_line' id='line_1_21' title="bbox 2361 851 3927 923; baseline -0.003 -17"><span class='ocrx_word' id='word_1_136' title='bbox 2361 853 2578 923; x_wconf 70' lang='grc' dir='ltr'>Φαραὼ,</span> <span class='ocrx_word' id='word_1_137' title='bbox 2629 853 2721 905; x_wconf 77' lang='grc' dir='ltr'>καὶ</span> <span class='ocrx_word' id='word_1_138' title='bbox 2752 852 2856 914; x_wconf 67' lang='grc' dir='ltr'>ἕως</span> <span class='ocrx_word' id='word_1_139' title='bbox 2889 854 2984 922; x_wconf 82' lang='grc' dir='ltr'>τῆς</span> <span class='ocrx_word' id='word_1_140' title='bbox 3034 851 3334 920; x_wconf 74' lang='grc' dir='ltr'>ἀληθούσης</span> <span class='ocrx_word' id='word_1_141' title='bbox 3381 852 3474 903; x_wconf 74' lang='grc' dir='ltr'>καὶ</span> <span class='ocrx_word' id='word_1_142' title='bbox 3518 851 3826 919; x_wconf 85' lang='grc' dir='ltr'>πεσσούσης</span> <span class='ocrx_word' id='word_1_143' title='bbox 3866 853 3927 903; x_wconf 78' lang='grc' dir='ltr'>ἐν</span> 
     </span>
    </p>
   </div>
   <div class='ocr_carea' id='block_1_22' title="bbox 2363 939 3925 1013">
    <p class='ocr_par' dir='ltr' id='par_1_22' title="bbox 2363 939 3925 1013">
     <span class='ocr_line' id='line_1_22' title="bbox 2363 939 3925 1013; baseline -0.003 -17"><span class='ocrx_word' id='word_1_144' title='bbox 2363 943 2440 1013; x_wconf 85' lang='grc' dir='ltr'>τῷ</span> <span class='ocrx_word' id='word_1_145' title='bbox 2474 943 2691 1013; x_wconf 82' lang='grc' dir='ltr'>μυλῶνι,</span> <span class='ocrx_word' id='word_1_146' title='bbox 2727 941 2807 993; x_wconf 87' lang='grc' dir='ltr'><strong>Τὰ</strong></span> <span class='ocrx_word' id='word_1_147' title='bbox 2835 941 2941 1012; x_wconf 83' lang='grc' dir='ltr'><strong>γὰρ</strong></span> <span class='ocrx_word' id='word_1_148' title='bbox 2968 943 3108 1011; x_wconf 79' lang='grc' dir='ltr'>ἄκρα</span> <span class='ocrx_word' id='word_1_149' title='bbox 3136 941 3242 992; x_wconf 83' lang='grc' dir='ltr'>τῶν</span> <span class='ocrx_word' id='word_1_150' title='bbox 3273 941 3391 992; x_wconf 84' lang='grc' dir='ltr'>κατ’</span> <span class='ocrx_word' id='word_1_151' title='bbox 3424 939 3747 1011; x_wconf 81' lang='grc' dir='ltr'><strong>ἀνθρώπους</strong></span> <span class='ocrx_word' id='word_1_152' title='bbox 3775 940 3925 1008; x_wconf 80' lang='grc' dir='ltr'>βίων,</span> 
     </span>
    </p>
   </div>
   <div class='ocr_carea' id='block_1_23' title="bbox 2363 1030 3930 1104">
    <p class='ocr_par' dir='ltr' id='par_1_23' title="bbox 2363 1030 3930 1104">
     <span class='ocr_line' id='line_1_23' title="bbox 2363 1030 3930 1104; baseline -0.001 -20"><span class='ocrx_word' id='word_1_153' title='bbox 2363 1033 2455 1085; x_wconf 87' lang='grc' dir='ltr'><strong>τοῦ</strong></span> <span class='ocrx_word' id='word_1_154' title='bbox 2497 1049 2555 1084; x_wconf 86' lang='grc' dir='ltr'><strong>τε</strong></span> <span class='ocrx_word' id='word_1_155' title='bbox 2601 1031 2807 1094; x_wconf 77' lang='grc' dir='ltr'><strong>ἐνδόξου</strong></span> <span class='ocrx_word' id='word_1_156' title='bbox 2851 1033 2942 1084; x_wconf 83' lang='grc' dir='ltr'><strong>τοῦ</strong></span> <span class='ocrx_word' id='word_1_157' title='bbox 2983 1030 3390 1104; x_wconf 71' lang='grc' dir='ltr'><strong>ἀπερριμμένον</strong></span> <span class='ocrx_word' id='word_1_158' title='bbox 3428 1033 3519 1082; x_wconf 73' lang='grc' dir='ltr'>καὶ</span> <span class='ocrx_word' id='word_1_159' title='bbox 3558 1032 3812 1101; x_wconf 76' lang='grc' dir='ltr'><strong>ἐσχάτου,</strong></span> <span class='ocrx_word' id='word_1_160' title='bbox 3836 1030 3930 1083; x_wconf 79' lang='grc' dir='ltr'>διὰ.</span> 
     </span>
    </p>
   </div>
   <div class='ocr_carea' id='block_1_24' title="bbox 2364 1117 3928 1193">
    <p class='ocr_par' dir='ltr' id='par_1_24' title="bbox 2364 1117 3928 1193">
     <span class='ocr_line' id='line_1_24' title="bbox 2364 1117 3928 1193; baseline -0.003 -15"><span class='ocrx_word' id='word_1_161' title='bbox 2364 1125 2565 1178; x_wconf 79' lang='grc' dir='ltr'>τούτων</span> <span class='ocrx_word' id='word_1_162' title='bbox 2607 1125 2634 1174; x_wconf 97' lang='lat'><strong>6</strong></span> <span class='ocrx_word' id='word_1_163' title='bbox 2664 1123 2818 1191; x_wconf 83' lang='grc' dir='ltr'>λόγος</span> <span class='ocrx_word' id='word_1_164' title='bbox 2845 1125 3180 1193; x_wconf 79' lang='grc' dir='ltr'><strong>παρέστησεν</strong></span> <span class='ocrx_word' id='word_1_165' title='bbox 3203 1139 3216 1150; x_wconf 91' lang='grc'><strong>·</strong></span> <span class='ocrx_word' id='word_1_166' title='bbox 3248 1120 3419 1183; x_wconf 78' lang='grc' dir='ltr'>οὕτως</span> <span class='ocrx_word' id='word_1_167' title='bbox 3447 1117 3538 1173; x_wconf 72' lang='grc' dir='ltr'>οὖν</span> <span class='ocrx_word' id='word_1_168' title='bbox 3569 1123 3662 1180; x_wconf 74' lang='grc' dir='ltr'>καὶ</span> <span class='ocrx_word' id='word_1_169' title='bbox 3687 1121 3928 1174; x_wconf 62' lang='grc' dir='ltr'>ἐνταῦθα</span> 
     </span>
    </p>
   </div>
   <div class='ocr_carea' id='block_1_25' title="bbox 2363 1209 3929 1282">
    <p class='ocr_par' dir='ltr' id='par_1_25' title="bbox 2363 1209 3929 1282">
     <span class='ocr_line' id='line_1_25' title="bbox 2363 1209 3929 1282; baseline -0.004 -14"><span class='ocrx_word' id='word_1_170' title='bbox 2363 1213 2458 1268; x_wconf 77' lang='grc' dir='ltr'>δύο</span> <span class='ocrx_word' id='word_1_171' title='bbox 2499 1214 2589 1266; x_wconf 76' lang='grc' dir='ltr'><strong>ἐπὶ</strong></span> <span class='ocrx_word' id='word_1_172' title='bbox 2631 1213 2813 1282; x_wconf 75' lang='grc' dir='ltr'>κλίνης</span> <span class='ocrx_word' id='word_1_173' title='bbox 2858 1215 2984 1281; x_wconf 77' lang='grc' dir='ltr'>μιᾶς</span> <span class='ocrx_word' id='word_1_174' title='bbox 3029 1213 3306 1281; x_wconf 77' lang='grc' dir='ltr'><strong>εἰσήγαγε,</strong></span> <span class='ocrx_word' id='word_1_175' title='bbox 3346 1211 3469 1271; x_wconf 75' lang='grc' dir='ltr'>τοὺς</span> <span class='ocrx_word' id='word_1_176' title='bbox 3510 1211 3607 1279; x_wconf 82' lang='grc' dir='ltr'>τὴν</span> <span class='ocrx_word' id='word_1_177' title='bbox 3640 1209 3929 1281; x_wconf 68' lang='grc' dir='ltr'>ἐλευθέραν</span> 
     </span>
    </p>
   </div>
   <div class='ocr_carea' id='block_1_26' title="bbox 2367 1295 3929 1375">
    <p class='ocr_par' dir='ltr' id='par_1_26' title="bbox 2367 1295 3929 1375">
     <span class='ocr_line' id='line_1_26' title="bbox 2367 1295 3929 1375; baseline -0.004 -18"><span class='ocrx_word' id='word_1_178' title='bbox 2367 1303 2511 1375; x_wconf 71' lang='grc' dir='ltr'>ζωὴν</span> <span class='ocrx_word' id='word_1_179' title='bbox 2545 1304 2821 1374; x_wconf 83' lang='grc' dir='ltr'><strong>μετιόντας</strong></span> <span class='ocrx_word' id='word_1_180' title='bbox 2855 1302 3224 1371; x_wconf 72' lang='grc' dir='ltr'>αἰνιξάμενος·</span> <span class='ocrx_word' id='word_1_181' title='bbox 3262 1302 3289 1350; x_wconf 94' lang='lat'><strong>6</strong></span> <span class='ocrx_word' id='word_1_182' title='bbox 3318 1295 3394 1362; x_wconf 73' lang='grc' dir='ltr'><strong>εἷς</strong></span> <span class='ocrx_word' id='word_1_183' title='bbox 3421 1299 3929 1370; x_wconf 72' lang='grc' dir='ltr'>παραληφθήσεται,</span> 
     </span>
    </p>
   </div>
   <div class='ocr_carea' id='block_1_27' title="bbox 2365 1391 3934 1462">
    <p class='ocr_par' dir='ltr' id='par_1_27' title="bbox 2365 1391 3934 1462">
     <span class='ocr_line' id='line_1_27' title="bbox 2365 1391 3934 1462; baseline -0.003 -16"><span class='ocrx_word' id='word_1_184' title='bbox 2365 1398 2394 1446; x_wconf 90' lang='lat'><strong>6</strong></span> <span class='ocrx_word' id='word_1_185' title='bbox 2420 1395 2564 1459; x_wconf 67' lang='grc' dir='ltr'>ἄξιος</span> <span class='ocrx_word' id='word_1_186' title='bbox 2589 1394 2688 1462; x_wconf 78' lang='grc' dir='ltr'>τῆς</span> <span class='ocrx_word' id='word_1_187' title='bbox 2713 1394 2817 1445; x_wconf 84' lang='grc' dir='ltr'>ἀπὸ</span> <span class='ocrx_word' id='word_1_188' title='bbox 2843 1393 2934 1444; x_wconf 86' lang='grc' dir='ltr'><strong>τοῦ</strong></span> <span class='ocrx_word' id='word_1_189' title='bbox 2978 1391 3109 1443; x_wconf 86' lang='grc' dir='ltr'>Θεοῦ</span> <span class='ocrx_word' id='word_1_190' title='bbox 3140 1393 3394 1458; x_wconf 74' lang='grc' dir='ltr'>ἐκλογῆς·</span> <span class='ocrx_word' id='word_1_191' title='bbox 3424 1393 3452 1442; x_wconf 94' lang='lat'><strong>6</strong></span> <span class='ocrx_word' id='word_1_192' title='bbox 3473 1391 3528 1443; x_wconf 86' lang='grc' dir='ltr'>δὲ</span> <span class='ocrx_word' id='word_1_193' title='bbox 3565 1391 3750 1460; x_wconf 77' lang='grc' dir='ltr'>ἕτερος</span> <span class='ocrx_word' id='word_1_194' title='bbox 3794 1391 3934 1459; x_wconf 75' lang='grc' dir='ltr'>ἀφε-</span> 
     </span>
    </p>
   </div>
   <div class='ocr_carea' id='block_1_28' title="bbox 2366 1480 3934 1554">
    <p class='ocr_par' dir='ltr' id='par_1_28' title="bbox 2366 1480 3934 1554">
     <span class='ocr_line' id='line_1_28' title="bbox 2366 1480 3934 1554; baseline -0.003 -17"><span class='ocrx_word' id='word_1_195' title='bbox 2366 1485 2606 1554; x_wconf 78' lang='grc' dir='ltr'>θήσεται,</span> <span class='ocrx_word' id='word_1_196' title='bbox 2635 1483 2869 1553; x_wconf 71' lang='grc' dir='ltr'>δηλονότι</span> <span class='ocrx_word' id='word_1_197' title='bbox 2907 1485 2935 1534; x_wconf 94' lang='lat'><strong>6</strong></span> <span class='ocrx_word' id='word_1_198' title='bbox 2968 1485 3063 1550; x_wconf 81' lang='grc' dir='ltr'>τῆς</span> <span class='ocrx_word' id='word_1_199' title='bbox 3091 1481 3256 1550; x_wconf 76' lang='grc' dir='ltr'>ὀργῆς</span> <span class='ocrx_word' id='word_1_200' title='bbox 3279 1483 3474 1543; x_wconf 76' lang='grc' dir='ltr'>οἰκεῖος</span> <span class='ocrx_word' id='word_1_201' title='bbox 3494 1498 3505 1509; x_wconf 94' lang='grc'><strong>·</strong></span> <span class='ocrx_word' id='word_1_202' title='bbox 3536 1480 3794 1544; x_wconf 78' lang='grc' dir='ltr'>ὡσαύτως</span> <span class='ocrx_word' id='word_1_203' title='bbox 3835 1480 3934 1533; x_wconf 81' lang='grc' dir='ltr'>δύο</span> 
     </span>
    </p>
   </div>
   <div class='ocr_carea' id='block_1_29' title="bbox 2364 1569 3934 1644">
    <p class='ocr_par' dir='ltr' id='par_1_29' title="bbox 2364 1569 3934 1644">
     <span class='ocr_line' id='line_1_29' title="bbox 2364 1569 3934 1644; baseline -0.004 -16"><span class='ocrx_word' id='word_1_204' title='bbox 2364 1575 2659 1644; x_wconf 83' lang='grc' dir='ltr'>ἀλήθουσαι</span> <span class='ocrx_word' id='word_1_205' title='bbox 2693 1569 2800 1625; x_wconf 86' lang='grc' dir='ltr'>εἷεν</span> <span class='ocrx_word' id='word_1_206' title='bbox 2832 1572 2896 1624; x_wconf 85' lang='grc' dir='ltr'>ἂν</span> <span class='ocrx_word' id='word_1_207' title='bbox 2939 1574 2993 1623; x_wconf 81' lang='lat' dir='ltr'><strong>ai</strong></span> <span class='ocrx_word' id='word_1_208' title='bbox 3038 1573 3096 1623; x_wconf 80' lang='grc' dir='ltr'>ὲν</span> <span class='ocrx_word' id='word_1_209' title='bbox 3124 1570 3427 1640; x_wconf 86' lang='grc' dir='ltr'>ἀνθρώποις</span> <span class='ocrx_word' id='word_1_210' title='bbox 3467 1570 3557 1622; x_wconf 84' lang='grc' dir='ltr'>τὸν</span> <span class='ocrx_word' id='word_1_211' title='bbox 3597 1571 3785 1640; x_wconf 77' lang='grc' dir='ltr'>ἄτιμον</span> <span class='ocrx_word' id='word_1_212' title='bbox 3834 1571 3934 1624; x_wconf 76' lang='grc' dir='ltr'>καὶ</span> 
     </span>
    </p>
   </div>
   <div class='ocr_carea' id='block_1_30' title="bbox 2365 1653 3930 1733">
    <p class='ocr_par' dir='ltr' id='par_1_30' title="bbox 2365 1653 3930 1733">
     <span class='ocr_line' id='line_1_30' title="bbox 2365 1653 3930 1733; baseline -0.002 -17"><span class='ocrx_word' id='word_1_213' title='bbox 2365 1665 2617 1733; x_wconf 80' lang='grc' dir='ltr'>πενιχρὸν</span> <span class='ocrx_word' id='word_1_214' title='bbox 2645 1664 2756 1733; x_wconf 74' lang='grc' dir='ltr'>βίον</span> <span class='ocrx_word' id='word_1_215' title='bbox 2784 1661 3058 1732; x_wconf 84' lang='grc' dir='ltr'>μετιοῦσαι</span> <span class='ocrx_word' id='word_1_216' title='bbox 3076 1678 3089 1690; x_wconf 92' lang='grc'><strong>·</strong></span> <span class='ocrx_word' id='word_1_217' title='bbox 3118 1653 3192 1713; x_wconf 83' lang='grc' dir='ltr'>ὧν</span> <span class='ocrx_word' id='word_1_218' title='bbox 3213 1661 3372 1713; x_wconf 80' lang='grc' dir='ltr'>πάλιν</span> <span class='ocrx_word' id='word_1_219' title='bbox 3399 1663 3430 1731; x_wconf 86' lang='grc' dir='ltr'><strong>ή</strong></span> <span class='ocrx_word' id='word_1_220' title='bbox 3459 1661 3715 1731; x_wconf 77' lang='grc' dir='ltr'>κρείττων</span> <span class='ocrx_word' id='word_1_221' title='bbox 3744 1678 3930 1732; x_wconf 81' lang='grc' dir='ltr'>παρα-</span> 
     </span>
    </p>
   </div>
   <div class='ocr_carea' id='block_1_31' title="bbox 2367 1749 3420 1824">
    <p class='ocr_par' dir='ltr' id='par_1_31' title="bbox 2367 1749 3420 1824">
     <span class='ocr_line' id='line_1_31' title="bbox 2367 1749 3420 1824; baseline -0.002 -17"><span class='ocrx_word' id='word_1_222' title='bbox 2367 1753 2719 1824; x_wconf 81' lang='grc' dir='ltr'>ληφθήσεται,</span> <span class='ocrx_word' id='word_1_223' title='bbox 2749 1755 2781 1821; x_wconf 77' lang='grc' dir='ltr'>ὴ</span> <span class='ocrx_word' id='word_1_224' title='bbox 2809 1755 2863 1804; x_wconf 81' lang='grc' dir='ltr'>δὲ</span> <span class='ocrx_word' id='word_1_225' title='bbox 2887 1752 3046 1821; x_wconf 74' lang='grc' dir='ltr'>ἑτέρα</span> <span class='ocrx_word' id='word_1_226' title='bbox 3071 1749 3420 1822; x_wconf 83' lang='grc' dir='ltr'>ἀφεθήσεται.</span> 
     </span>
    </p>
   </div>
   <div class='ocr_carea' id='block_1_32' title="bbox 723 1818 2392 1910">
    <p class='ocr_par' dir='ltr' id='par_1_32' title="bbox 723 1818 2392 1910">
     <span class='ocr_line' id='line_1_32' title="bbox 723 1818 2392 1910; baseline -0.004 -15"><span class='ocrx_word' id='word_1_227' title='bbox 723 1838 770 1874; x_wconf 82' lang='grc'><strong><em>⁸³</em></strong></span> <span class='ocrx_word' id='word_1_228' title='bbox 793 1839 984 1910; x_wconf 80' lang='lat' dir='ltr'><strong>Dicunt</strong></span> <span class='ocrx_word' id='word_1_229' title='bbox 1016 1839 1097 1892; x_wconf 89' lang='lat' dir='ltr'><strong>ei:</strong></span> <span class='ocrx_word' id='word_1_230' title='bbox 1119 1837 1367 1910; x_wconf 72' lang='lat' dir='ltr'><strong>Ubinam,</strong></span> <span class='ocrx_word' id='word_1_231' title='bbox 1397 1836 1778 1910; x_wconf 74' lang='lat' dir='ltr'><strong>Domine!_Qui</strong></span> <span class='ocrx_word' id='word_1_232' title='bbox 1808 1836 2112 1910; x_wconf 69' lang='lat' dir='ltr'><strong>respondit;</strong></span> <span class='ocrx_word' id='word_1_233' title='bbox 2132 1834 2230 1890; x_wconf 85' lang='lat' dir='ltr'><strong>Ubi</strong></span> <span class='ocrx_word' id='word_1_234' title='bbox 2293 1818 2340 1874; x_wconf 75' lang='grc' dir='ltr'><strong>Β</strong></span> <span class='ocrx_word' id='word_1_235' title='bbox 2367 1848 2392 1896; x_wconf 62' lang='grc' dir='ltr'><em>Α</em></span> 
     </span>
    </p>
   </div>
   <div class='ocr_carea' id='block_1_33' title="bbox 2372 1818 3930 1910">
    <p class='ocr_par' dir='ltr' id='par_1_33' title="bbox 2372 1818 3930 1910">
     <span class='ocr_line' id='line_1_33' title="bbox 2372 1818 3930 1910; baseline -0.003 -14"><span class='ocrx_word' id='word_1_236' title='bbox 2372 1818 2659 1910; x_wconf 59' lang='grc' dir='ltr'>Λέγουσιν</span> <span class='ocrx_word' id='word_1_237' title='bbox 2683 1818 2840 1910; x_wconf 65' lang='grc' dir='ltr'>αὐτῷ</span> <span class='ocrx_word' id='word_1_238' title='bbox 2857 1859 2868 1870; x_wconf 94' lang='grc'><strong>·</strong></span> <span class='ocrx_word' id='word_1_239' title='bbox 2906 1818 3048 1910; x_wconf 82' lang='grc' dir='ltr'>Ποῦ,</span> <span class='ocrx_word' id='word_1_240' title='bbox 3083 1818 3254 1907; x_wconf 72' lang='grc' dir='ltr'>Κύριε·</span> <span class='ocrx_word' id='word_1_241' title='bbox 3273 1856 3308 1910; x_wconf 87' lang='lat'><strong>;_</strong></span> <span class='ocrx_word' id='word_1_242' title='bbox 3331 1841 3392 1892; x_wconf 86' lang='grc' dir='ltr'><strong>Ὀ</strong></span> <span class='ocrx_word' id='word_1_243' title='bbox 3423 1839 3490 1892; x_wconf 78' lang='grc' dir='ltr'>δὲ</span> <span class='ocrx_word' id='word_1_244' title='bbox 3513 1833 3678 1893; x_wconf 73' lang='grc' dir='ltr'>εἷπεν</span> <span class='ocrx_word' id='word_1_245' title='bbox 3699 1839 3930 1910; x_wconf 57' lang='grc' dir='ltr'>αὐτοῖς·</span> 
     </span>
    </p>
   </div>
   <div class='ocr_carea' id='block_1_34' title="bbox 815 1905 2158 1979">
    <p class='ocr_par' dir='ltr' id='par_1_34' title="bbox 815 1905 2158 1979">
     <span class='ocr_line' id='line_1_34' title="bbox 815 1905 2158 1979; baseline -0.003 -17"><span class='ocrx_word' id='word_1_246' title='bbox 815 1909 970 1979; x_wconf 76' lang='lat' dir='ltr'><strong>fuerit</strong></span> <span class='ocrx_word' id='word_1_247' title='bbox 1003 1923 1216 1979; x_wconf 82' lang='lat' dir='ltr'><strong>corpus,</strong></span> <span class='ocrx_word' id='word_1_248' title='bbox 1255 1907 1382 1959; x_wconf 80' lang='lat' dir='ltr'><strong>illuc</strong></span> <span class='ocrx_word' id='word_1_249' title='bbox 1402 1905 1846 1974; x_wconf 71' lang='lat' dir='ltr'><strong>congregabantur</strong></span> <span class='ocrx_word' id='word_1_250' title='bbox 1875 1916 1922 1958; x_wconf 86' lang='lat' dir='ltr'><strong>et</strong></span> <span class='ocrx_word' id='word_1_251' title='bbox 1947 1905 2158 1973; x_wconf 64' lang='lat' dir='ltr'><strong>aquilae.</strong></span> 
     </span>
    </p>
   </div>
   <div class='ocr_carea' id='block_1_35' title="bbox 793 1992 2266 2064">
    <p class='ocr_par' dir='ltr' id='par_1_35' title="bbox 793 1992 2266 2064">
     <span class='ocr_line' id='line_1_35' title="bbox 793 1992 2266 2064; baseline -0.005 -8"><span class='ocrx_word' id='word_1_252' title='bbox 793 1998 1196 2056; x_wconf 82' lang='lat' dir='ltr'><strong>Sciscitantibus</strong></span> <span class='ocrx_word' id='word_1_253' title='bbox 1240 1996 1508 2064; x_wconf 85' lang='lat' dir='ltr'><strong>discipulis</strong></span> <span class='ocrx_word' id='word_1_254' title='bbox 1549 2011 1563 2048; x_wconf 91' lang='lat'><strong>:</strong></span> <span class='ocrx_word' id='word_1_255' title='bbox 1602 1992 1843 2057; x_wconf 83' lang='lat' dir='ltr'><strong>Ubinam,</strong></span> <span class='ocrx_word' id='word_1_256' title='bbox 1875 1993 2133 2048; x_wconf 70' lang='lat' dir='ltr'><strong>Domine?</strong></span> <span class='ocrx_word' id='word_1_257' title='bbox 2169 2009 2266 2050; x_wconf 85' lang='lat' dir='ltr'><strong>vo-</strong></span> 
     </span>
    </p>
   </div>
   <div class='ocr_carea' id='block_1_36' title="bbox 723 2086 2258 2159">
    <p class='ocr_par' dir='ltr' id='par_1_36' title="bbox 723 2086 2258 2159">
     <span class='ocr_line' id='line_1_36' title="bbox 723 2086 2258 2159; baseline -0.005 -11"><span class='ocrx_word' id='word_1_258' title='bbox 723 2093 1063 2159; x_wconf 88' lang='lat' dir='ltr'><strong>lentibusque</strong></span> <span class='ocrx_word' id='word_1_259' title='bbox 1085 2103 1404 2159; x_wconf 75' lang='lat' dir='ltr'><strong>cognoscere</strong></span> <span class='ocrx_word' id='word_1_260' title='bbox 1429 2126 1445 2152; x_wconf 94' lang='lat'><strong>,</strong></span> <span class='ocrx_word' id='word_1_261' title='bbox 1483 2087 1695 2140; x_wconf 88' lang='lat' dir='ltr'><strong>ubinam</strong></span> <span class='ocrx_word' id='word_1_262' title='bbox 1733 2086 1869 2140; x_wconf 86' lang='lat' dir='ltr'><strong>alter</strong></span> <span class='ocrx_word' id='word_1_263' title='bbox 1913 2100 1979 2139; x_wconf 78' lang='lat' dir='ltr'><strong>ex</strong></span> <span class='ocrx_word' id='word_1_264' title='bbox 2017 2086 2120 2140; x_wconf 87' lang='lat' dir='ltr'><strong>illis</strong></span> <span class='ocrx_word' id='word_1_265' title='bbox 2153 2102 2258 2141; x_wconf 92' lang='lat' dir='ltr'><strong>non</strong></span> 
     </span>
    </p>
   </div>
   <div class='ocr_carea' id='block_1_37' title="bbox 728 2175 2265 2250">
    <p class='ocr_par' dir='ltr' id='par_1_37' title="bbox 728 2175 2265 2250">
     <span class='ocr_line' id='line_1_37' title="bbox 728 2175 2265 2250; baseline -0.004 -15"><span class='ocrx_word' id='word_1_266' title='bbox 728 2180 1018 2250; x_wconf 84' lang='lat' dir='ltr'><strong>assumptis</strong></span> <span class='ocrx_word' id='word_1_267' title='bbox 1052 2179 1412 2246; x_wconf 88' lang='lat' dir='ltr'><strong>relinquetur:</strong></span> <span class='ocrx_word' id='word_1_268' title='bbox 1450 2175 1589 2242; x_wconf 87' lang='lat' dir='ltr'><strong>Ubi,</strong></span> <span class='ocrx_word' id='word_1_269' title='bbox 1618 2175 1818 2244; x_wconf 85' lang='lat' dir='ltr'><strong>inquit,</strong></span> <span class='ocrx_word' id='word_1_270' title='bbox 1853 2175 2014 2243; x_wconf 74' lang='lat' dir='ltr'><strong>fuerit</strong></span> <span class='ocrx_word' id='word_1_271' title='bbox 2056 2192 2265 2243; x_wconf 83' lang='lat' dir='ltr'><strong>corpus,</strong></span> 
     </span>
    </p>
   </div>
   <div class='ocr_carea' id='block_1_38' title="bbox 725 2265 2270 2333">
    <p class='ocr_par' dir='ltr' id='par_1_38' title="bbox 725 2265 2270 2333">
     <span class='ocr_line' id='line_1_38' title="bbox 725 2265 2270 2333; baseline -0.003 -11"><span class='ocrx_word' id='word_1_272' title='bbox 725 2271 809 2324; x_wconf 78' lang='lat' dir='ltr'><strong>vel</strong></span> <span class='ocrx_word' id='word_1_273' title='bbox 848 2271 1096 2332; x_wconf 81' lang='lat' dir='ltr'><strong>cadaver,</strong></span> <span class='ocrx_word' id='word_1_274' title='bbox 1127 2277 1186 2322; x_wconf 89' lang='lat' dir='ltr'><strong>ut</strong></span> <span class='ocrx_word' id='word_1_275' title='bbox 1219 2268 1293 2320; x_wconf 93' lang='lat' dir='ltr'><strong>ait</strong></span> <span class='ocrx_word' id='word_1_276' title='bbox 1322 2266 1629 2332; x_wconf 70' lang='lat' dir='ltr'><strong>Matthaus,</strong></span> <span class='ocrx_word' id='word_1_277' title='bbox 1653 2265 1779 2318; x_wconf 86' lang='lat' dir='ltr'><strong>illuc</strong></span> <span class='ocrx_word' id='word_1_278' title='bbox 1817 2267 2270 2333; x_wconf 72' lang='lat' dir='ltr'><strong>congregabantur</strong></span> 
     </span>
    </p>
   </div>
   <div class='ocr_carea' id='block_1_39' title="bbox 726 2355 2267 2432">
    <p class='ocr_par' dir='ltr' id='par_1_39' title="bbox 726 2355 2267 2432">
     <span class='ocr_line' id='line_1_39' title="bbox 726 2355 2267 2432; baseline -0.004 -15"><span class='ocrx_word' id='word_1_279' title='bbox 726 2371 775 2417; x_wconf 85' lang='lat' dir='ltr'><strong>et</strong></span> <span class='ocrx_word' id='word_1_280' title='bbox 803 2361 992 2432; x_wconf 70' lang='lat' dir='ltr'><strong>aquila:</strong></span> <span class='ocrx_word' id='word_1_281' title='bbox 1016 2360 1060 2390; x_wconf 75' lang='grc'><strong>³⁸</strong></span> <span class='ocrx_word' id='word_1_282' title='bbox 1092 2375 1110 2413; x_wconf 91' lang='lat'><strong><em>:</em></strong></span> <span class='ocrx_word' id='word_1_283' title='bbox 1156 2373 1220 2412; x_wconf 80' lang='lat' dir='ltr'><strong>ex</strong></span> <span class='ocrx_word' id='word_1_284' title='bbox 1258 2359 1446 2412; x_wconf 88' lang='lat' dir='ltr'><strong>avibus</strong></span> <span class='ocrx_word' id='word_1_285' title='bbox 1497 2357 1678 2410; x_wconf 89' lang='lat' dir='ltr'><strong>nescio</strong></span> <span class='ocrx_word' id='word_1_286' title='bbox 1710 2355 1904 2424; x_wconf 91' lang='lat' dir='ltr'><strong>quibus</strong></span> <span class='ocrx_word' id='word_1_287' title='bbox 1946 2356 2267 2411; x_wconf 80' lang='lat' dir='ltr'><strong>cadaverum</strong></span> 
     </span>
    </p>
   </div>
   <div class='ocr_carea' id='block_1_40' title="bbox 727 2445 2270 2520">
    <p class='ocr_par' dir='ltr' id='par_1_40' title="bbox 727 2445 2270 2520">
     <span class='ocr_line' id='line_1_40' title="bbox 727 2445 2270 2520; baseline -0.004 -13"><span class='ocrx_word' id='word_1_288' title='bbox 727 2453 1012 2509; x_wconf 88' lang='lat' dir='ltr'><strong>voracibus</strong></span> <span class='ocrx_word' id='word_1_289' title='bbox 1056 2449 1326 2520; x_wconf 89' lang='lat' dir='ltr'><strong>principes</strong></span> <span class='ocrx_word' id='word_1_290' title='bbox 1367 2447 1526 2516; x_wconf 86' lang='lat' dir='ltr'><strong>hujus</strong></span> <span class='ocrx_word' id='word_1_291' title='bbox 1575 2445 1754 2501; x_wconf 69' lang='lat' dir='ltr'><strong>saeculi</strong></span> <span class='ocrx_word' id='word_1_292' title='bbox 1801 2445 1959 2500; x_wconf 82' lang='lat' dir='ltr'><strong>ducta</strong></span> <span class='ocrx_word' id='word_1_293' title='bbox 1994 2460 2270 2516; x_wconf 85' lang='lat' dir='ltr'><strong>compara-</strong></span> 
     </span>
    </p>
   </div>
   <div class='ocr_carea' id='block_1_41' title="bbox 730 2538 2271 2614">
    <p class='ocr_par' dir='ltr' id='par_1_41' title="bbox 730 2538 2271 2614">
     <span class='ocr_line' id='line_1_41' title="bbox 730 2538 2271 2614; baseline -0.006 -14"><span class='ocrx_word' id='word_1_294' title='bbox 730 2545 875 2600; x_wconf 90' lang='lat' dir='ltr'><strong>tione</strong></span> <span class='ocrx_word' id='word_1_295' title='bbox 905 2542 1246 2614; x_wconf 85' lang='lat' dir='ltr'><strong>signiﬂcans,</strong></span> <span class='ocrx_word' id='word_1_296' title='bbox 1277 2540 1366 2609; x_wconf 92' lang='lat' dir='ltr'><strong>qui</strong></span> <span class='ocrx_word' id='word_1_297' title='bbox 1398 2547 1612 2593; x_wconf 84' lang='lat' dir='ltr'><strong>sanctos</strong></span> <span class='ocrx_word' id='word_1_298' title='bbox 1643 2538 1735 2592; x_wconf 88' lang='lat' dir='ltr'><strong>Dei</strong></span> <span class='ocrx_word' id='word_1_299' title='bbox 1785 2546 1908 2591; x_wconf 94' lang='lat' dir='ltr'><strong>tunc</strong></span> <span class='ocrx_word' id='word_1_300' title='bbox 1939 2552 2271 2607; x_wconf 87' lang='lat' dir='ltr'><strong>persequen—</strong></span> 
     </span>
    </p>
   </div>
   <div class='ocr_carea' id='block_1_42' title="bbox 730 2631 2271 2706">
    <p class='ocr_par' dir='ltr' id='par_1_42' title="bbox 730 2631 2271 2706">
     <span class='ocr_line' id='line_1_42' title="bbox 730 2631 2271 2706; baseline -0.006 -13"><span class='ocrx_word' id='word_1_301' title='bbox 730 2650 861 2693; x_wconf 89' lang='lat' dir='ltr'><strong>tur:</strong></span> <span class='ocrx_word' id='word_1_302' title='bbox 899 2639 1090 2706; x_wconf 88' lang='lat' dir='ltr'><strong>quibus</strong></span> <span class='ocrx_word' id='word_1_303' title='bbox 1139 2648 1244 2688; x_wconf 92' lang='lat' dir='ltr'><strong>uno</strong></span> <span class='ocrx_word' id='word_1_304' title='bbox 1302 2635 1355 2687; x_wconf 93' lang='lat' dir='ltr'><strong>in</strong></span> <span class='ocrx_word' id='word_1_305' title='bbox 1413 2633 1532 2686; x_wconf 87' lang='lat' dir='ltr'><strong>loco</strong></span> <span class='ocrx_word' id='word_1_306' title='bbox 1581 2632 1802 2696; x_wconf 89' lang='lat' dir='ltr'><strong>coactis,</strong></span> <span class='ocrx_word' id='word_1_307' title='bbox 1851 2631 2041 2686; x_wconf 84' lang='lat' dir='ltr'><strong>eodem</strong></span> <span class='ocrx_word' id='word_1_308' title='bbox 2071 2631 2271 2700; x_wconf 88' lang='lat' dir='ltr'><strong>pariter</strong></span> 
     </span>
    </p>
   </div>
   <div class='ocr_carea' id='block_1_43' title="bbox 729 2717 2270 2796">
    <p class='ocr_par' dir='ltr' id='par_1_43' title="bbox 729 2717 2270 2796">
     <span class='ocr_line' id='line_1_43' title="bbox 729 2717 2270 2796; baseline -0.005 -14"><span class='ocrx_word' id='word_1_309' title='bbox 729 2727 1075 2796; x_wconf 87' lang='lat' dir='ltr'><strong>oompelletur</strong></span> <span class='ocrx_word' id='word_1_310' title='bbox 1102 2725 1189 2778; x_wconf 88' lang='lat' dir='ltr'><strong>ille</strong></span> <span class='ocrx_word' id='word_1_311' title='bbox 1215 2725 1304 2792; x_wconf 86' lang='lat' dir='ltr'><strong>qui</strong></span> <span class='ocrx_word' id='word_1_312' title='bbox 1337 2723 1585 2791; x_wconf 82' lang='lat' dir='ltr'><strong>indignus</strong></span> <span class='ocrx_word' id='word_1_313' title='bbox 1613 2720 1818 2775; x_wconf 86' lang='lat' dir='ltr'><strong>delectu</strong></span> <span class='ocrx_word' id='word_1_314' title='bbox 1841 2729 1944 2774; x_wconf 85' lang='lat' dir='ltr'><strong>est.</strong></span> <span class='ocrx_word' id='word_1_315' title='bbox 1971 2717 2066 2775; x_wconf 82' lang='lat' dir='ltr'><strong>Est</strong></span> <span class='ocrx_word' id='word_1_316' title='bbox 2092 2729 2270 2775; x_wconf 89' lang='lat' dir='ltr'><strong>autem</strong></span> 
     </span>
    </p>
   </div>
   <div class='ocr_carea' id='block_1_44' title="bbox 722 2813 2266 2892">
    <p class='ocr_par' dir='ltr' id='par_1_44' title="bbox 722 2813 2266 2892">
     <span class='ocr_line' id='line_1_44' title="bbox 722 2813 2266 2892; baseline -0.006 -18"><span class='ocrx_word' id='word_1_317' title='bbox 722 2820 1015 2892; x_wconf 72' lang='lat' dir='ltr'><strong>iacentium</strong></span> <span class='ocrx_word' id='word_1_318' title='bbox 1068 2817 1118 2871; x_wconf 91' lang='lat' dir='ltr'><strong>in</strong></span> <span class='ocrx_word' id='word_1_319' title='bbox 1167 2816 1339 2878; x_wconf 88' lang='lat' dir='ltr'><strong>lecto,</strong></span> <span class='ocrx_word' id='word_1_320' title='bbox 1388 2815 1560 2879; x_wconf 81' lang='lat' dir='ltr'><strong>alter;</strong></span> <span class='ocrx_word' id='word_1_321' title='bbox 1603 2813 1688 2865; x_wconf 80' lang='lat' dir='ltr'><strong>vel</strong></span> <span class='ocrx_word' id='word_1_322' title='bbox 1724 2813 2032 2867; x_wconf 88' lang='lat' dir='ltr'><strong>molentium</strong></span> <span class='ocrx_word' id='word_1_323' title='bbox 2057 2851 2074 2878; x_wconf 90' lang='lat'><strong>,</strong></span> <span class='ocrx_word' id='word_1_324' title='bbox 2115 2827 2216 2865; x_wconf 90' lang='lat' dir='ltr'><strong>uua</strong></span> <span class='ocrx_word' id='word_1_325' title='bbox 2253 2830 2266 2865; x_wconf 92' lang='lat'>:</span> 
     </span>
    </p>
   </div>
   <div class='ocr_carea' id='block_1_45' title="bbox 728 2898 2270 2982">
    <p class='ocr_par' dir='ltr' id='par_1_45' title="bbox 728 2898 2270 2982">
     <span class='ocr_line' id='line_1_45' title="bbox 728 2898 2270 2982; baseline -0.008 -18"><span class='ocrx_word' id='word_1_326' title='bbox 728 2911 818 2982; x_wconf 91' lang='lat' dir='ltr'><strong>qui</strong></span> <span class='ocrx_word' id='word_1_327' title='bbox 873 2910 1033 2963; x_wconf 89' lang='lat' dir='ltr'><strong>etiam</strong></span> <span class='ocrx_word' id='word_1_328' title='bbox 1080 2906 1354 2959; x_wconf 87' lang='lat' dir='ltr'><strong>tradentur</strong></span> <span class='ocrx_word' id='word_1_329' title='bbox 1404 2900 1744 2970; x_wconf 74' lang='lat' dir='ltr'><strong>congregatis</strong></span> <span class='ocrx_word' id='word_1_330' title='bbox 1794 2899 2078 2953; x_wconf 84' lang='lat' dir='ltr'><strong>adversum</strong></span> <span class='ocrx_word' id='word_1_331' title='bbox 2128 2898 2270 2966; x_wconf 88' lang='lat' dir='ltr'><strong>ipsos</strong></span> 
     </span>
    </p>
   </div>
   <div class='ocr_carea' id='block_1_46' title="bbox 727 2991 2271 3070">
    <p class='ocr_par' dir='ltr' id='par_1_46' title="bbox 727 2991 2271 3070">
     <span class='ocr_line' id='line_1_46' title="bbox 727 2991 2271 3070; baseline -0.008 -14"><span class='ocrx_word' id='word_1_332' title='bbox 727 2999 941 3070; x_wconf 83' lang='lat' dir='ltr'><strong>aquilis.</strong></span> <span class='ocrx_word' id='word_1_333' title='bbox 965 2996 1185 3067; x_wconf 77' lang='lat' dir='ltr'><strong>Aquilas</strong></span> <span class='ocrx_word' id='word_1_334' title='bbox 1209 3009 1358 3059; x_wconf 90' lang='lat' dir='ltr'><strong>vero,</strong></span> <span class='ocrx_word' id='word_1_335' title='bbox 1394 2991 1883 3061; x_wconf 80' lang='lat' dir='ltr'><strong>Hierosolymorum</strong></span> <span class='ocrx_word' id='word_1_336' title='bbox 1928 3005 2142 3060; x_wconf 88' lang='lat' dir='ltr'><strong>quoque</strong></span> <span class='ocrx_word' id='word_1_337' title='bbox 2173 2992 2271 3044; x_wconf 85' lang='lat' dir='ltr'><strong>ob-</strong></span> 
     </span>
    </p>
   </div>
   <div class='ocr_carea' id='block_1_47' title="bbox 728 3079 2268 3157">
    <p class='ocr_par' dir='ltr' id='par_1_47' title="bbox 728 3079 2268 3157">
     <span class='ocr_line' id='line_1_47' title="bbox 728 3079 2268 3157; baseline -0.01 -10"><span class='ocrx_word' id='word_1_338' title='bbox 728 3103 970 3146; x_wconf 84' lang='lat' dir='ltr'><strong>sessores</strong></span> <span class='ocrx_word' id='word_1_339' title='bbox 994 3085 1333 3157; x_wconf 83' lang='lat' dir='ltr'><strong>propheticus</strong></span> <span class='ocrx_word' id='word_1_340' title='bbox 1375 3097 1554 3137; x_wconf 87' lang='lat' dir='ltr'><strong>sermo</strong></span> <span class='ocrx_word' id='word_1_341' title='bbox 1599 3080 1920 3149; x_wconf 83' lang='lat' dir='ltr'><strong>appellavit;</strong></span> <span class='ocrx_word' id='word_1_342' title='bbox 1959 3079 2121 3134; x_wconf 89' lang='lat' dir='ltr'><strong>veluti</strong></span> <span class='ocrx_word' id='word_1_343' title='bbox 2151 3094 2268 3133; x_wconf 84' lang='lat' dir='ltr'><strong>cum</strong></span> 
     </span>
    </p>
   </div>
   <div class='ocr_carea' id='block_1_48' title="bbox 730 3169 2270 3238">
    <p class='ocr_par' dir='ltr' id='par_1_48' title="bbox 730 3169 2270 3238">
     <span class='ocr_line' id='line_1_48' title="bbox 730 3169 2270 3238; baseline -0.008 -5"><span class='ocrx_word' id='word_1_344' title='bbox 730 3176 1312 3233; x_wconf 77' lang='lat' dir='ltr'><strong>Nabuchodonosorum</strong></span> <span class='ocrx_word' id='word_1_345' title='bbox 1374 3171 1505 3224; x_wconf 87' lang='lat' dir='ltr'><strong>dicit</strong></span> <span class='ocrx_word' id='word_1_346' title='bbox 1557 3169 1807 3236; x_wconf 83' lang='lat' dir='ltr'><strong>grdndem</strong></span> <span class='ocrx_word' id='word_1_347' title='bbox 1865 3178 1912 3222; x_wconf 87' lang='lat' dir='ltr'><strong>et</strong></span> <span class='ocrx_word' id='word_1_348' title='bbox 1967 3185 2270 3238; x_wconf 70' lang='lat' dir='ltr'><strong>magnarum</strong></span> 
     </span>
    </p>
   </div>
   <div class='ocr_carea' id='block_1_49' title="bbox 731 3259 2273 3331">
    <p class='ocr_par' dir='ltr' id='par_1_49' title="bbox 731 3259 2273 3331">
     <span class='ocr_line' id='line_1_49' title="bbox 731 3259 2273 3331; baseline -0.006 -9"><span class='ocrx_word' id='word_1_349' title='bbox 731 3271 936 3322; x_wconf 68' lang='lat' dir='ltr'><strong>alarum</strong></span> <span class='ocrx_word' id='word_1_350' title='bbox 960 3263 1274 3331; x_wconf 81' lang='lat' dir='ltr'><strong>aquilam”.</strong></span> <span class='ocrx_word' id='word_1_351' title='bbox 1321 3260 1430 3314; x_wconf 78' lang='lat' dir='ltr'><strong>Nisi</strong></span> <span class='ocrx_word' id='word_1_352' title='bbox 1486 3259 1622 3313; x_wconf 79' lang='lat' dir='ltr'><strong>forte</strong></span> <span class='ocrx_word' id='word_1_353' title='bbox 1669 3259 1774 3311; x_wconf 86' lang='lat' dir='ltr'><strong>alio</strong></span> <span class='ocrx_word' id='word_1_354' title='bbox 1828 3273 1984 3312; x_wconf 88' lang='lat' dir='ltr'><strong>sensu</strong></span> <span class='ocrx_word' id='word_1_355' title='bbox 2038 3259 2273 3312; x_wconf 84' lang='lat' dir='ltr'><strong>vindices</strong></span> 
     </span>
    </p>
   </div>
   <div class='ocr_carea' id='block_1_50' title="bbox 731 3347 2276 3425">
    <p class='ocr_par' dir='ltr' id='par_1_50' title="bbox 731 3347 2276 3425">
     <span class='ocr_line' id='line_1_50' title="bbox 731 3347 2276 3425; baseline -0.008 -13"><span class='ocrx_word' id='word_1_356' title='bbox 731 3358 1059 3425; x_wconf 79' lang='lat' dir='ltr'><strong>ultricesque</strong></span> <span class='ocrx_word' id='word_1_357' title='bbox 1108 3359 1426 3421; x_wconf 83' lang='lat' dir='ltr'><strong>potestates,</strong></span> <span class='ocrx_word' id='word_1_358' title='bbox 1463 3363 1580 3418; x_wconf 68' lang='lat' dir='ltr'><strong>qum</strong></span> <span class='ocrx_word' id='word_1_359' title='bbox 1633 3349 1827 3416; x_wconf 88' lang='lat' dir='ltr'><strong>impios</strong></span> <span class='ocrx_word' id='word_1_360' title='bbox 1876 3347 2145 3410; x_wconf 82' lang='lat' dir='ltr'><strong>invadent,</strong></span> <span class='ocrx_word' id='word_1_361' title='bbox 2193 3347 2276 3400; x_wconf 87' lang='lat' dir='ltr'><strong>his</strong></span> 
     </span>
    </p>
   </div>
   <div class='ocr_carea' id='block_1_51' title="bbox 732 3435 2276 3507">
    <p class='ocr_par' dir='ltr' id='par_1_51' title="bbox 732 3435 2276 3507">
     <span class='ocr_line' id='line_1_51' title="bbox 732 3435 2276 3507; baseline -0.008 -5"><span class='ocrx_word' id='word_1_362' title='bbox 732 3447 907 3502; x_wconf 77' lang='lat' dir='ltr'><strong>verbis</strong></span> <span class='ocrx_word' id='word_1_363' title='bbox 933 3446 1291 3498; x_wconf 84' lang='lat' dir='ltr'><strong>denotamur:</strong></span> <span class='ocrx_word' id='word_1_364' title='bbox 1325 3439 1516 3507; x_wconf 87' lang='lat' dir='ltr'><strong>quibus</strong></span> <span class='ocrx_word' id='word_1_365' title='bbox 1553 3453 1617 3490; x_wconf 90' lang='lat' dir='ltr'><strong>ne</strong></span> <span class='ocrx_word' id='word_1_366' title='bbox 1650 3435 1792 3490; x_wconf 74' lang='lat' dir='ltr'><strong>forte</strong></span> <span class='ocrx_word' id='word_1_367' title='bbox 1834 3437 2135 3500; x_wconf 89' lang='lat' dir='ltr'><strong>tradamur,</strong></span> <span class='ocrx_word' id='word_1_368' title='bbox 2163 3451 2276 3490; x_wconf 89' lang='lat' dir='ltr'><strong>mo-</strong></span> 
     </span>
    </p>
   </div>
   <div class='ocr_carea' id='block_1_52' title="bbox 731 3525 2170 3596">
    <p class='ocr_par' dir='ltr' id='par_1_52' title="bbox 731 3525 2170 3596">
     <span class='ocr_line' id='line_1_52' title="bbox 731 3525 2170 3596; baseline -0.008 -5"><span class='ocrx_word' id='word_1_369' title='bbox 731 3544 823 3591; x_wconf 73' lang='lat' dir='ltr'><strong>net</strong></span> <span class='ocrx_word' id='word_1_370' title='bbox 848 3533 1036 3588; x_wconf 85' lang='lat' dir='ltr'><strong>deinde</strong></span> <span class='ocrx_word' id='word_1_371' title='bbox 1064 3530 1314 3585; x_wconf 88' lang='lat' dir='ltr'><strong>Servator</strong></span> <span class='ocrx_word' id='word_1_372' title='bbox 1346 3539 1403 3580; x_wconf 88' lang='lat' dir='ltr'><strong>ut</strong></span> <span class='ocrx_word' id='word_1_373' title='bbox 1430 3525 1682 3594; x_wconf 83' lang='lat' dir='ltr'><strong>precibus</strong></span> <span class='ocrx_word' id='word_1_374' title='bbox 1715 3540 1930 3596; x_wconf 87' lang='lat' dir='ltr'><strong>operam</strong></span> <span class='ocrx_word' id='word_1_375' title='bbox 1961 3525 2170 3580; x_wconf 90' lang='lat' dir='ltr'><strong>demus.</strong></span> 
     </span>
    </p>
   </div>
   <div class='ocr_carea' id='block_1_53' title="bbox 820 3704 2183 3782">
    <p class='ocr_par' dir='ltr' id='par_1_53' title="bbox 820 3704 2183 3782">
     <span class='ocr_line' id='line_1_53' title="bbox 820 3704 2183 3782; baseline -0.009 -14"><span class='ocrx_word' id='word_1_376' title='bbox 820 3716 865 3748; x_wconf 77' lang='grc'><strong><em>⁸⁸</em></strong></span> <span class='ocrx_word' id='word_1_377' title='bbox 892 3714 1062 3768; x_wconf 70' lang='lat' dir='ltr'><strong>ludes:</strong></span> <span class='ocrx_word' id='word_1_378' title='bbox 1091 3711 1298 3782; x_wconf 83' lang='lat' dir='ltr'><strong>quidam</strong></span> <span class='ocrx_word' id='word_1_379' title='bbox 1331 3716 1439 3760; x_wconf 75' lang='lat' dir='ltr'><strong>erat</strong></span> <span class='ocrx_word' id='word_1_380' title='bbox 1460 3746 1473 3769; x_wconf 91' lang='lat'><strong>,</strong></span> <span class='ocrx_word' id='word_1_381' title='bbox 1503 3705 1593 3774; x_wconf 83' lang='lat' dir='ltr'><strong>qui</strong></span> <span class='ocrx_word' id='word_1_382' title='bbox 1623 3704 1784 3757; x_wconf 87' lang='lat' dir='ltr'><strong>Deum</strong></span> <span class='ocrx_word' id='word_1_383' title='bbox 1814 3720 1912 3756; x_wconf 86' lang='lat' dir='ltr'><strong>non</strong></span> <span class='ocrx_word' id='word_1_384' title='bbox 1954 3705 2183 3758; x_wconf 81' lang='lat' dir='ltr'><strong>timebat.</strong></span> 
     </span>
    </p>
   </div>
   <div class='ocr_carea' id='block_1_54' title="bbox 802 3795 2276 3868">
    <p class='ocr_par' dir='ltr' id='par_1_54' title="bbox 802 3795 2276 3868">
     <span class='ocr_line' id='line_1_54' title="bbox 802 3795 2276 3868; baseline -0.007 -7"><span class='ocrx_word' id='word_1_385' title='bbox 802 3805 962 3860; x_wconf 78' lang='lat' dir='ltr'><strong>Addit</strong></span> <span class='ocrx_word' id='word_1_386' title='bbox 993 3804 1152 3857; x_wconf 90' lang='lat' dir='ltr'><strong>etiam</strong></span> <span class='ocrx_word' id='word_1_387' title='bbox 1184 3798 1484 3868; x_wconf 86' lang='lat' dir='ltr'><strong>parabolam</strong></span> <span class='ocrx_word' id='word_1_388' title='bbox 1516 3796 1580 3850; x_wconf 89' lang='lat' dir='ltr'><strong>de</strong></span> <span class='ocrx_word' id='word_1_389' title='bbox 1601 3795 1780 3862; x_wconf 85' lang='lat' dir='ltr'><strong>judice</strong></span> <span class='ocrx_word' id='word_1_390' title='bbox 1818 3796 2133 3864; x_wconf 85' lang='lat' dir='ltr'><strong>iniquitatis,</strong></span> <span class='ocrx_word' id='word_1_391' title='bbox 2170 3811 2276 3866; x_wconf 92' lang='lat' dir='ltr'><strong>quo</strong></span> 
     </span>
    </p>
   </div>
   <div class='ocr_carea' id='block_1_55' title="bbox 734 3887 2278 3956">
    <p class='ocr_par' dir='ltr' id='par_1_55' title="bbox 734 3887 2278 3956">
     <span class='ocr_line' id='line_1_55' title="bbox 734 3887 2278 3956; baseline -0.005 -5"><span class='ocrx_word' id='word_1_392' title='bbox 734 3897 1016 3951; x_wconf 86' lang='lat' dir='ltr'><strong>contlrmet</strong></span> <span class='ocrx_word' id='word_1_393' title='bbox 1043 3894 1302 3948; x_wconf 88' lang='lat' dir='ltr'><strong>orandum</strong></span> <span class='ocrx_word' id='word_1_394' title='bbox 1350 3903 1561 3956; x_wconf 87' lang='lat' dir='ltr'><strong>semper</strong></span> <span class='ocrx_word' id='word_1_395' title='bbox 1612 3887 1861 3955; x_wconf 87' lang='lat' dir='ltr'><strong>nullaque</strong></span> <span class='ocrx_word' id='word_1_396' title='bbox 1902 3889 2111 3956; x_wconf 86' lang='lat' dir='ltr'><strong>ignavia</strong></span> <span class='ocrx_word' id='word_1_397' title='bbox 2160 3904 2278 3944; x_wconf 86' lang='lat' dir='ltr'><strong>ces-</strong></span> 
     </span>
    </p>
   </div>
   <div class='ocr_carea' id='block_1_56' title="bbox 735 3976 2274 4049">
    <p class='ocr_par' dir='ltr' id='par_1_56' title="bbox 735 3976 2274 4049">
     <span class='ocr_line' id='line_1_56' title="bbox 735 3976 2274 4049; baseline -0.006 -8"><span class='ocrx_word' id='word_1_398' title='bbox 735 3987 981 4041; x_wconf 85' lang='lat' dir='ltr'><strong>sandum.</strong></span> <span class='ocrx_word' id='word_1_399' title='bbox 1014 3982 1164 4049; x_wconf 86' lang='lat' dir='ltr'><strong>Quod</strong></span> <span class='ocrx_word' id='word_1_400' title='bbox 1207 3990 1380 4033; x_wconf 82' lang='lat' dir='ltr'><strong>autem</strong></span> <span class='ocrx_word' id='word_1_401' title='bbox 1421 3979 1496 4032; x_wconf 90' lang='lat' dir='ltr'><strong>ait</strong></span> <span class='ocrx_word' id='word_1_402' title='bbox 1525 3979 1564 4009; x_wconf 79' lang='grc'><strong>⁸⁷</strong></span> <span class='ocrx_word' id='word_1_403' title='bbox 1599 3977 1770 4031; x_wconf 78' lang='lat' dir='ltr'><strong>:Nuui</strong></span> <span class='ocrx_word' id='word_1_404' title='bbox 1817 3976 1980 4031; x_wconf 84' lang='lat' dir='ltr'><strong>Filius</strong></span> <span class='ocrx_word' id='word_1_405' title='bbox 2028 3980 2274 4046; x_wconf 87' lang='lat' dir='ltr'><strong>hominis,</strong></span> 
     </span>
    </p>
   </div>
   <div class='ocr_carea' id='block_1_57' title="bbox 734 4069 2276 4138">
    <p class='ocr_par' dir='ltr' id='par_1_57' title="bbox 734 4069 2276 4138">
     <span class='ocr_line' id='line_1_57' title="bbox 734 4069 2276 4138; baseline -0.007 -6"><span class='ocrx_word' id='word_1_406' title='bbox 734 4092 858 4133; x_wconf 92' lang='lat' dir='ltr'><strong>cum</strong></span> <span class='ocrx_word' id='word_1_407' title='bbox 911 4075 1139 4138; x_wconf 85' lang='lat' dir='ltr'><strong>venerit,</strong></span> <span class='ocrx_word' id='word_1_408' title='bbox 1203 4071 1356 4126; x_wconf 79' lang='lat' dir='ltr'><strong>[idem</strong></span> <span class='ocrx_word' id='word_1_409' title='bbox 1402 4072 1454 4124; x_wconf 89' lang='lat' dir='ltr'><strong>iu</strong></span> <span class='ocrx_word' id='word_1_410' title='bbox 1504 4072 1637 4124; x_wconf 89' lang='lat' dir='ltr'><strong>orbe</strong></span> <span class='ocrx_word' id='word_1_411' title='bbox 1687 4069 1966 4122; x_wconf 80' lang='lat' dir='ltr'><strong>inveniet?</strong></span> <span class='ocrx_word' id='word_1_412' title='bbox 2013 4069 2276 4122; x_wconf 78' lang='lat' dir='ltr'><strong>defectum</strong></span> 
     </span>
    </p>
   </div>
   <div class='ocr_carea' id='block_1_58' title="bbox 736 4159 2276 4228">
    <p class='ocr_par' dir='ltr' id='par_1_58' title="bbox 736 4159 2276 4228">
     <span class='ocr_line' id='line_1_58' title="bbox 736 4159 2276 4228; baseline -0.008 -5"><span class='ocrx_word' id='word_1_413' title='bbox 736 4167 862 4224; x_wconf 71' lang='lat' dir='ltr'><strong>ﬁdei</strong></span> <span class='ocrx_word' id='word_1_414' title='bbox 902 4166 1140 4219; x_wconf 76' lang='lat' dir='ltr'><strong>futurum</strong></span> <span class='ocrx_word' id='word_1_415' title='bbox 1173 4162 1426 4224; x_wconf 89' lang='lat' dir='ltr'><strong>ostendit,</strong></span> <span class='ocrx_word' id='word_1_416' title='bbox 1455 4162 1526 4214; x_wconf 84' lang='lat' dir='ltr'><strong>ita</strong></span> <span class='ocrx_word' id='word_1_417' title='bbox 1561 4171 1618 4214; x_wconf 91' lang='lat' dir='ltr'><strong>ut</strong></span> <span class='ocrx_word' id='word_1_418' title='bbox 1648 4174 1804 4214; x_wconf 88' lang='lat' dir='ltr'><strong>nemo</strong></span> <span class='ocrx_word' id='word_1_419' title='bbox 1831 4159 1998 4212; x_wconf 78' lang='lat' dir='ltr'><strong>ﬁdelis</strong></span> <span class='ocrx_word' id='word_1_420' title='bbox 2027 4159 2276 4228; x_wconf 83' lang='lat' dir='ltr'><strong>supersit,</strong></span> 
     </span>
    </p>
   </div>
   <div class='ocr_carea' id='block_1_59' title="bbox 735 4248 2282 4320">
    <p class='ocr_par' dir='ltr' id='par_1_59' title="bbox 735 4248 2282 4320">
     <span class='ocr_line' id='line_1_59' title="bbox 735 4248 2282 4320; baseline -0.004 -12"><span class='ocrx_word' id='word_1_421' title='bbox 735 4266 831 4310; x_wconf 86' lang='lat' dir='ltr'><strong>aut</strong></span> <span class='ocrx_word' id='word_1_422' title='bbox 879 4254 968 4306; x_wconf 79' lang='lat' dir='ltr'><strong>vix</strong></span> <span class='ocrx_word' id='word_1_423' title='bbox 1017 4267 1170 4306; x_wconf 80' lang='lat' dir='ltr'><strong>rarus</strong></span> <span class='ocrx_word' id='word_1_424' title='bbox 1218 4251 1433 4320; x_wconf 88' lang='lat' dir='ltr'><strong>aliquis,</strong></span> <span class='ocrx_word' id='word_1_425' title='bbox 1489 4251 1631 4304; x_wconf 90' lang='lat' dir='ltr'><strong>circa</strong></span> <span class='ocrx_word' id='word_1_426' title='bbox 1684 4250 1930 4303; x_wconf 70' lang='lat' dir='ltr'><strong>secunda:</strong></span> <span class='ocrx_word' id='word_1_427' title='bbox 1964 4248 2076 4316; x_wconf 82' lang='lat' dir='ltr'><strong>ejus</strong></span> <span class='ocrx_word' id='word_1_428' title='bbox 2105 4250 2282 4303; x_wconf 80' lang='lat' dir='ltr'><strong>mani-</strong></span> 
     </span>
    </p>
   </div>
   <div class='ocr_carea' id='block_1_60' title="bbox 735 4339 2279 4408">
    <p class='ocr_par' dir='ltr' id='par_1_60' title="bbox 735 4339 2279 4408">
     <span class='ocr_line' id='line_1_60' title="bbox 735 4339 2279 4408; baseline -0.005 -9"><span class='ocrx_word' id='word_1_429' title='bbox 735 4343 1037 4399; x_wconf 80' lang='lat' dir='ltr'><strong>festationis</strong></span> <span class='ocrx_word' id='word_1_430' title='bbox 1081 4351 1312 4396; x_wconf 68' lang='lat' dir='ltr'><strong>aetatem.</strong></span> <span class='ocrx_word' id='word_1_431' title='bbox 1359 4340 1413 4394; x_wconf 91' lang='lat' dir='ltr'><strong>Id</strong></span> <span class='ocrx_word' id='word_1_432' title='bbox 1466 4355 1625 4408; x_wconf 91' lang='lat' dir='ltr'><strong>porro</strong></span> <span class='ocrx_word' id='word_1_433' title='bbox 1680 4339 1964 4408; x_wconf 88' lang='lat' dir='ltr'><strong>apostatici</strong></span> <span class='ocrx_word' id='word_1_434' title='bbox 2023 4339 2279 4407; x_wconf 88' lang='lat' dir='ltr'><strong>temporis</strong></span> 
     </span>
    </p>
   </div>
   <div class='ocr_carea' id='block_1_61' title="bbox 2402 1905 3915 1978">
    <p class='ocr_par' dir='ltr' id='par_1_61' title="bbox 2402 1905 3915 1978">
     <span class='ocr_line' id='line_1_61' title="bbox 2402 1905 3915 1978; baseline -0.001 -15"><span class='ocrx_word' id='word_1_435' title='bbox 2402 1905 2589 1963; x_wconf 80' lang='grc' dir='ltr'>Ὅπου</span> <span class='ocrx_word' id='word_1_436' title='bbox 2612 1911 2677 1962; x_wconf 84' lang='grc' dir='ltr'>τὸ</span> <span class='ocrx_word' id='word_1_437' title='bbox 2700 1909 2887 1978; x_wconf 86' lang='grc' dir='ltr'>σῶμα,</span> <span class='ocrx_word' id='word_1_438' title='bbox 2901 1909 3020 1963; x_wconf 82' lang='grc' dir='ltr'>ἐκεῖ</span> <span class='ocrx_word' id='word_1_439' title='bbox 3040 1905 3524 1977; x_wconf 72' lang='grc' dir='ltr'>συναχθήσονται</span> <span class='ocrx_word' id='word_1_440' title='bbox 3542 1910 3634 1962; x_wconf 77' lang='grc' dir='ltr'><strong>καὶ</strong></span> <span class='ocrx_word' id='word_1_441' title='bbox 3656 1913 3708 1960; x_wconf 88' lang='lat' dir='ltr'><strong>ol</strong></span> <span class='ocrx_word' id='word_1_442' title='bbox 3726 1905 3915 1961; x_wconf 78' lang='grc' dir='ltr'>ἀετοί.</span> 
     </span>
    </p>
   </div>
   <div class='ocr_carea' id='block_1_62' title="bbox 2446 1997 3937 2072">
    <p class='ocr_par' dir='ltr' id='par_1_62' title="bbox 2446 1997 3937 2072">
     <span class='ocr_line' id='line_1_62' title="bbox 2446 1997 3937 2072; baseline -0.002 -20"><span class='ocrx_word' id='word_1_443' title='bbox 2446 2001 2859 2072; x_wconf 83' lang='grc' dir='ltr'>Ἐρωτησάντων</span> <span class='ocrx_word' id='word_1_444' title='bbox 2904 2001 3010 2052; x_wconf 83' lang='grc' dir='ltr'><strong>τῶν</strong></span> <span class='ocrx_word' id='word_1_445' title='bbox 3061 1999 3341 2068; x_wconf 82' lang='grc' dir='ltr'>μαθητῶν·</span> <span class='ocrx_word' id='word_1_446' title='bbox 3374 2000 3584 2066; x_wconf 79' lang='grc' dir='ltr'>Κύριε,</span> <span class='ocrx_word' id='word_1_447' title='bbox 3636 1997 3790 2060; x_wconf 64' lang='lat' dir='ltr'><strong>emi};</strong></span> <span class='ocrx_word' id='word_1_448' title='bbox 3841 1999 3937 2050; x_wconf 81' lang='grc' dir='ltr'>καὶ</span> 
     </span>
    </p>
   </div>
   <div class='ocr_carea' id='block_1_63' title="bbox 2367 2089 3938 2161">
    <p class='ocr_par' dir='ltr' id='par_1_63' title="bbox 2367 2089 3938 2161">
     <span class='ocr_line' id='line_1_63' title="bbox 2367 2089 3938 2161; baseline -0.002 -18"><span class='ocrx_word' id='word_1_449' title='bbox 2367 2091 2726 2161; x_wconf 77' lang='grc' dir='ltr'>βουληθέντων</span> <span class='ocrx_word' id='word_1_450' title='bbox 2774 2090 2960 2159; x_wconf 87' lang='grc' dir='ltr'>μαθεῖν</span> <span class='ocrx_word' id='word_1_451' title='bbox 3006 2089 3109 2141; x_wconf 87' lang='grc' dir='ltr'><strong>ποῦ</strong></span> <span class='ocrx_word' id='word_1_452' title='bbox 3159 2089 3642 2160; x_wconf 80' lang='grc' dir='ltr'>καταλειφθήσεται</span> <span class='ocrx_word' id='word_1_453' title='bbox 3672 2092 3699 2141; x_wconf 91' lang='lat'><strong>6</strong></span> <span class='ocrx_word' id='word_1_454' title='bbox 3744 2091 3938 2158; x_wconf 74' lang='grc' dir='ltr'>ἔτερος</span> 
     </span>
    </p>
   </div>
   <div class='ocr_carea' id='block_1_64' title="bbox 2365 2176 3936 2249">
    <p class='ocr_par' dir='ltr' id='par_1_64' title="bbox 2365 2176 3936 2249">
     <span class='ocr_line' id='line_1_64' title="bbox 2365 2176 3936 2249; baseline -0.003 -17"><span class='ocrx_word' id='word_1_455' title='bbox 2365 2181 2469 2232; x_wconf 85' lang='grc' dir='ltr'>τών</span> <span class='ocrx_word' id='word_1_456' title='bbox 2501 2180 2621 2249; x_wconf 81' lang='grc' dir='ltr'><strong>(μὴ)</strong></span> <span class='ocrx_word' id='word_1_457' title='bbox 2661 2177 3147 2248; x_wconf 81' lang='grc' dir='ltr'>παραληφθέντων·</span> <span class='ocrx_word' id='word_1_458' title='bbox 3200 2179 3410 2240; x_wconf 84' lang='grc' dir='ltr'>Ὅπου,</span> <span class='ocrx_word' id='word_1_459' title='bbox 3442 2178 3596 2247; x_wconf 77' lang='grc' dir='ltr'>φησὶ,</span> <span class='ocrx_word' id='word_1_460' title='bbox 3632 2177 3696 2229; x_wconf 82' lang='grc' dir='ltr'>τὸ</span> <span class='ocrx_word' id='word_1_461' title='bbox 3737 2176 3936 2244; x_wconf 79' lang='grc' dir='ltr'>σῶμα,</span> 
     </span>
    </p>
   </div>
   <div class='ocr_carea' id='block_1_65' title="bbox 2367 2267 3938 2340">
    <p class='ocr_par' dir='ltr' id='par_1_65' title="bbox 2367 2267 3938 2340">
     <span class='ocr_line' id='line_1_65' title="bbox 2367 2267 3938 2340; baseline -0.002 -18"><span class='ocrx_word' id='word_1_462' title='bbox 2367 2271 2400 2340; x_wconf 79' lang='grc' dir='ltr'>ἢ</span> <span class='ocrx_word' id='word_1_463' title='bbox 2436 2270 2500 2322; x_wconf 85' lang='grc' dir='ltr'>τὸ</span> <span class='ocrx_word' id='word_1_464' title='bbox 2543 2268 2748 2338; x_wconf 80' lang='grc' dir='ltr'>πτῶμα</span> <span class='ocrx_word' id='word_1_465' title='bbox 2795 2269 2935 2321; x_wconf 82' lang='grc' dir='ltr'>κατὰ</span> <span class='ocrx_word' id='word_1_466' title='bbox 2965 2268 3259 2333; x_wconf 88' lang='grc' dir='ltr'>Ματθαῖον,</span> <span class='ocrx_word' id='word_1_467' title='bbox 3283 2268 3407 2321; x_wconf 78' lang='grc' dir='ltr'>ἐκεῖ</span> <span class='ocrx_word' id='word_1_468' title='bbox 3439 2267 3938 2336; x_wconf 73' lang='grc' dir='ltr'>συναχθήσονται</span> 
     </span>
    </p>
   </div>
   <div class='ocr_carea' id='block_1_66' title="bbox 2368 2359 3939 2430">
    <p class='ocr_par' dir='ltr' id='par_1_66' title="bbox 2368 2359 3939 2430">
     <span class='ocr_line' id='line_1_66' title="bbox 2368 2359 3939 2430; baseline -0.003 -15"><span class='ocrx_word' id='word_1_469' title='bbox 2368 2362 2464 2415; x_wconf 72' lang='grc' dir='ltr'>καὶ</span> <span class='ocrx_word' id='word_1_470' title='bbox 2494 2365 2547 2414; x_wconf 80' lang='grc' dir='ltr'>οι</span> <span class='ocrx_word' id='word_1_471' title='bbox 2576 2361 2760 2413; x_wconf 80' lang='grc' dir='ltr'>ἀετοί·</span> <span class='ocrx_word' id='word_1_472' title='bbox 2787 2363 2973 2430; x_wconf 79' lang='grc' dir='ltr'>ὥσπερ</span> <span class='ocrx_word' id='word_1_473' title='bbox 2993 2359 3212 2422; x_wconf 72' lang='grc' dir='ltr'>οἰωνούς</span> <span class='ocrx_word' id='word_1_474' title='bbox 3235 2376 3384 2422; x_wconf 88' lang='grc' dir='ltr'>τινας</span> <span class='ocrx_word' id='word_1_475' title='bbox 3406 2359 3784 2430; x_wconf 84' lang='grc' dir='ltr'>νεκροόόρους,</span> <span class='ocrx_word' id='word_1_476' title='bbox 3807 2359 3939 2420; x_wconf 74' lang='grc' dir='ltr'>τοὺς</span> 
     </span>
    </p>
   </div>
   <div class='ocr_carea' id='block_1_67' title="bbox 2367 2449 3938 2524">
    <p class='ocr_par' dir='ltr' id='par_1_67' title="bbox 2367 2449 3938 2524">
     <span class='ocr_line' id='line_1_67' title="bbox 2367 2449 3938 2524; baseline -0.003 -17"><span class='ocrx_word' id='word_1_477' title='bbox 2367 2453 2626 2524; x_wconf 78' lang='grc' dir='ltr'>ἄρχοντας</span> <span class='ocrx_word' id='word_1_478' title='bbox 2662 2451 2754 2504; x_wconf 87' lang='grc' dir='ltr'><strong>τοῦ</strong></span> <span class='ocrx_word' id='word_1_479' title='bbox 2788 2451 2978 2514; x_wconf 83' lang='grc' dir='ltr'>αἰῶνος</span> <span class='ocrx_word' id='word_1_480' title='bbox 3006 2451 3196 2504; x_wconf 78' lang='grc' dir='ltr'>τούτου</span> <span class='ocrx_word' id='word_1_481' title='bbox 3236 2450 3596 2520; x_wconf 73' lang='grc' dir='ltr'>αἰνιξάμενος,</span> <span class='ocrx_word' id='word_1_482' title='bbox 3637 2452 3766 2512; x_wconf 79' lang='grc' dir='ltr'>τοὺς</span> <span class='ocrx_word' id='word_1_483' title='bbox 3815 2449 3938 2502; x_wconf 81' lang='grc' dir='ltr'>τότε</span> 
     </span>
    </p>
   </div>
   <div class='ocr_carea' id='block_1_68' title="bbox 2365 2538 3934 2610">
    <p class='ocr_par' dir='ltr' id='par_1_68' title="bbox 2365 2538 3934 2610">
     <span class='ocr_line' id='line_1_68' title="bbox 2365 2538 3934 2610; baseline -0.002 -14"><span class='ocrx_word' id='word_1_484' title='bbox 2365 2543 2648 2606; x_wconf 87' lang='grc' dir='ltr'>διώκοντας</span> <span class='ocrx_word' id='word_1_485' title='bbox 2679 2544 2803 2605; x_wconf 81' lang='grc' dir='ltr'>τοὺς</span> <span class='ocrx_word' id='word_1_486' title='bbox 2829 2544 3014 2610; x_wconf 86' lang='grc' dir='ltr'>ἀγίους</span> <span class='ocrx_word' id='word_1_487' title='bbox 3037 2542 3128 2595; x_wconf 89' lang='grc' dir='ltr'><strong>τοῦ</strong></span> <span class='ocrx_word' id='word_1_488' title='bbox 3144 2538 3275 2595; x_wconf 85' lang='grc' dir='ltr'>Θεοῦ</span> <span class='ocrx_word' id='word_1_489' title='bbox 3297 2561 3309 2572; x_wconf 93' lang='grc'><strong>·</strong></span> <span class='ocrx_word' id='word_1_490' title='bbox 3332 2539 3405 2596; x_wconf 84' lang='grc' dir='ltr'>ὦν</span> <span class='ocrx_word' id='word_1_491' title='bbox 3428 2543 3522 2594; x_wconf 74' lang='grc' dir='ltr'><strong>ἐπὶ</strong></span> <span class='ocrx_word' id='word_1_492' title='bbox 3549 2542 3608 2594; x_wconf 81' lang='grc' dir='ltr'>τὸ</span> <span class='ocrx_word' id='word_1_493' title='bbox 3636 2542 3772 2594; x_wconf 79' lang='grc' dir='ltr'>αὐτὸ</span> <span class='ocrx_word' id='word_1_494' title='bbox 3806 2558 3934 2594; x_wconf 82' lang='grc' dir='ltr'>συν-</span> 
     </span>
    </p>
   </div>
   <div class='ocr_carea' id='block_1_69' title="bbox 2368 2631 3940 2704">
    <p class='ocr_par' dir='ltr' id='par_1_69' title="bbox 2368 2631 3940 2704">
     <span class='ocr_line' id='line_1_69' title="bbox 2368 2631 3940 2704; baseline -0.002 -17"><span class='ocrx_word' id='word_1_495' title='bbox 2368 2633 2636 2704; x_wconf 75' lang='grc' dir='ltr'>αχθέντων</span> <span class='ocrx_word' id='word_1_496' title='bbox 2658 2674 2674 2698; x_wconf 90' lang='grc'><strong>,</strong></span> <span class='ocrx_word' id='word_1_497' title='bbox 2747 2635 2862 2685; x_wconf 77' lang='grc' dir='ltr'>ἐκεῖ</span> <span class='ocrx_word' id='word_1_498' title='bbox 2913 2633 3004 2685; x_wconf 69' lang='grc' dir='ltr'><strong>καὶ⁵</strong></span> <span class='ocrx_word' id='word_1_499' title='bbox 3059 2635 3186 2704; x_wconf 78' lang='grc' dir='ltr'>παρ’</span> <span class='ocrx_word' id='word_1_500' title='bbox 3236 2635 3416 2696; x_wconf 79' lang='grc' dir='ltr'>αὐτοῖς</span> <span class='ocrx_word' id='word_1_501' title='bbox 3465 2631 3860 2701; x_wconf 77' lang='grc' dir='ltr'>συναχθήσεται</span> <span class='ocrx_word' id='word_1_502' title='bbox 3909 2633 3940 2684; x_wconf 85' lang='lat'><strong>6</strong></span> 
     </span>
    </p>
   </div>
   <div class='ocr_carea' id='block_1_70' title="bbox 2368 2715 3936 2793">
    <p class='ocr_par' dir='ltr' id='par_1_70' title="bbox 2368 2715 3936 2793">
     <span class='ocr_line' id='line_1_70' title="bbox 2368 2715 3936 2793; baseline -0.001 -17"><span class='ocrx_word' id='word_1_503' title='bbox 2368 2723 2581 2787; x_wconf 77' lang='grc' dir='ltr'>ἀνάξιος</span> <span class='ocrx_word' id='word_1_504' title='bbox 2611 2724 2707 2793; x_wconf 79' lang='grc' dir='ltr'>τῆς</span> <span class='ocrx_word' id='word_1_505' title='bbox 2733 2721 3113 2793; x_wconf 73' lang='grc' dir='ltr'>παραλήψεως.</span> <span class='ocrx_word' id='word_1_506' title='bbox 3149 2715 3255 2775; x_wconf 86' lang='grc' dir='ltr'>Ἦν</span> <span class='ocrx_word' id='word_1_507' title='bbox 3285 2722 3332 2775; x_wconf 76' lang='grc' dir='ltr'>δ’</span> <span class='ocrx_word' id='word_1_508' title='bbox 3361 2718 3514 2785; x_wconf 77' lang='grc' dir='ltr'>οὗτος</span> <span class='ocrx_word' id='word_1_509' title='bbox 3553 2721 3656 2773; x_wconf 85' lang='grc' dir='ltr'><strong>τῶν</strong></span> <span class='ocrx_word' id='word_1_510' title='bbox 3689 2723 3790 2774; x_wconf 72' lang='grc' dir='ltr'><strong>ἐπὶ</strong></span> <span class='ocrx_word' id='word_1_511' title='bbox 3825 2721 3936 2774; x_wconf 61' lang='lat' dir='ltr'><strong>ad}.</strong></span> 
     </span>
    </p>
   </div>
   <div class='ocr_carea' id='block_1_71' title="bbox 2369 2809 3936 2883">
    <p class='ocr_par' dir='ltr' id='par_1_71' title="bbox 2369 2809 3936 2883">
     <span class='ocr_line' id='line_1_71' title="bbox 2369 2809 3936 2883; baseline -0.001 -16"><span class='ocrx_word' id='word_1_512' title='bbox 2369 2831 2464 2883; x_wconf 87' lang='grc' dir='ltr'><strong>νης</strong></span> <span class='ocrx_word' id='word_1_513' title='bbox 2490 2813 2848 2866; x_wconf 78' lang='grc' dir='ltr'>καθευδόντων</span> <span class='ocrx_word' id='word_1_514' title='bbox 2879 2815 2907 2864; x_wconf 90' lang='lat'><strong>6</strong></span> <span class='ocrx_word' id='word_1_515' title='bbox 2935 2813 3144 2882; x_wconf 68' lang='grc' dir='ltr'>ἔτερος·</span> <span class='ocrx_word' id='word_1_516' title='bbox 3181 2814 3213 2883; x_wconf 81' lang='grc' dir='ltr'>ἢ</span> <span class='ocrx_word' id='word_1_517' title='bbox 3254 2811 3360 2865; x_wconf 86' lang='grc' dir='ltr'><strong>τῶν</strong></span> <span class='ocrx_word' id='word_1_518' title='bbox 3389 2811 3696 2882; x_wconf 76' lang='grc' dir='ltr'>ἀληθουσῶν</span> <span class='ocrx_word' id='word_1_519' title='bbox 3724 2814 3762 2883; x_wconf 75' lang='grc' dir='ltr'><strong>ἡ</strong></span> <span class='ocrx_word' id='word_1_520' title='bbox 3801 2809 3903 2883; x_wconf 77' lang='grc' dir='ltr'><strong>μία</strong></span> <span class='ocrx_word' id='word_1_521' title='bbox 3921 2828 3936 2842; x_wconf 81' lang='grc'><strong>⁸</strong></span> 
     </span>
    </p>
   </div>
   <div class='ocr_carea' id='block_1_72' title="bbox 2367 2901 3940 2975">
    <p class='ocr_par' dir='ltr' id='par_1_72' title="bbox 2367 2901 3940 2975">
     <span class='ocr_line' id='line_1_72' title="bbox 2367 2901 3940 2975; baseline -0.002 -18"><span class='ocrx_word' id='word_1_522' title='bbox 2367 2905 2417 2957; x_wconf 85' lang='grc' dir='ltr'>οἳ</span> <span class='ocrx_word' id='word_1_523' title='bbox 2447 2906 2539 2958; x_wconf 75' lang='grc' dir='ltr'>καὶ</span> <span class='ocrx_word' id='word_1_524' title='bbox 2569 2903 3030 2975; x_wconf 83' lang='grc' dir='ltr'>παραδοθήσονται</span> <span class='ocrx_word' id='word_1_525' title='bbox 3055 2904 3167 2964; x_wconf 87' lang='grc' dir='ltr'>τοῖς</span> <span class='ocrx_word' id='word_1_526' title='bbox 3189 2901 3592 2971; x_wconf 73' lang='grc' dir='ltr'>ἐπισυναχθεῖσι</span> <span class='ocrx_word' id='word_1_527' title='bbox 3613 2904 3731 2955; x_wconf 77' lang='grc' dir='ltr'>κατ’</span> <span class='ocrx_word' id='word_1_528' title='bbox 3755 2902 3940 2954; x_wconf 75' lang='grc' dir='ltr'>αὐτῶν</span> 
     </span>
    </p>
   </div>
   <div class='ocr_carea' id='block_1_73' title="bbox 2371 2991 3939 3064">
    <p class='ocr_par' dir='ltr' id='par_1_73' title="bbox 2371 2991 3939 3064">
     <span class='ocr_line' id='line_1_73' title="bbox 2371 2991 3939 3064; baseline 0 -17"><span class='ocrx_word' id='word_1_529' title='bbox 2371 2996 2566 3056; x_wconf 80' lang='grc' dir='ltr'>ἀετοῖς.</span> <span class='ocrx_word' id='word_1_530' title='bbox 2611 2995 2823 3056; x_wconf 78' lang='grc' dir='ltr'>’Διτοὺς</span> <span class='ocrx_word' id='word_1_531' title='bbox 2850 2993 2906 3045; x_wconf 85' lang='grc' dir='ltr'>δὲ</span> <span class='ocrx_word' id='word_1_532' title='bbox 2933 2993 3172 3055; x_wconf 78' lang='grc' dir='ltr'>καὶτοὺς</span> <span class='ocrx_word' id='word_1_533' title='bbox 3202 2993 3302 3062; x_wconf 85' lang='grc' dir='ltr'>τῆς</span> <span class='ocrx_word' id='word_1_534' title='bbox 3340 2991 3685 3063; x_wconf 82' lang='grc' dir='ltr'>Ἰερουσαλὴμ</span> <span class='ocrx_word' id='word_1_535' title='bbox 3715 2993 3939 3064; x_wconf 77' lang='grc' dir='ltr'>πολιορσ</span> 
     </span>
    </p>
   </div>
   <div class='ocr_carea' id='block_1_74' title="bbox 2372 3079 3940 3156">
    <p class='ocr_par' dir='ltr' id='par_1_74' title="bbox 2372 3079 3940 3156">
     <span class='ocr_line' id='line_1_74' title="bbox 2372 3079 3940 3156; baseline -0.002 -18"><span class='ocrx_word' id='word_1_536' title='bbox 2372 3085 2541 3155; x_wconf 83' lang='grc' dir='ltr'>κητάς</span> <span class='ocrx_word' id='word_1_537' title='bbox 2567 3088 2596 3138; x_wconf 93' lang='lat'><strong>6</strong></span> <span class='ocrx_word' id='word_1_538' title='bbox 2619 3084 2951 3156; x_wconf 80' lang='grc' dir='ltr'>προφητικός</span> <span class='ocrx_word' id='word_1_539' title='bbox 2975 3084 3130 3150; x_wconf 85' lang='grc' dir='ltr'>λόγος</span> <span class='ocrx_word' id='word_1_540' title='bbox 3153 3083 3428 3154; x_wconf 84' lang='grc' dir='ltr'>ὠνόμασεν</span> <span class='ocrx_word' id='word_1_541' title='bbox 3443 3100 3455 3112; x_wconf 93' lang='grc'><strong>·</strong></span> <span class='ocrx_word' id='word_1_542' title='bbox 3480 3079 3556 3146; x_wconf 84' lang='grc' dir='ltr'>ὼς</span> <span class='ocrx_word' id='word_1_543' title='bbox 3572 3085 3657 3136; x_wconf 82' lang='grc' dir='ltr'>ὅτε</span> <span class='ocrx_word' id='word_1_544' title='bbox 3680 3099 3816 3154; x_wconf 78' lang='grc' dir='ltr'>περι</span> <span class='ocrx_word' id='word_1_545' title='bbox 3843 3082 3940 3136; x_wconf 85' lang='grc' dir='ltr'><strong>τοῦ</strong></span> 
     </span>
    </p>
   </div>
   <div class='ocr_carea' id='block_1_75' title="bbox 2372 3169 3938 3246">
    <p class='ocr_par' dir='ltr' id='par_1_75' title="bbox 2372 3169 3938 3246">
     <span class='ocr_line' id='line_1_75' title="bbox 2372 3169 3938 3246; baseline -0.007 -17"><span class='ocrx_word' id='word_1_546' title='bbox 2372 3175 2834 3245; x_wconf 76' lang='grc' dir='ltr'>Ναδουχοδονόσορ</span> <span class='ocrx_word' id='word_1_547' title='bbox 2889 3175 3052 3243; x_wconf 83' lang='grc' dir='ltr'>λέγει·</span> <span class='ocrx_word' id='word_1_548' title='bbox 3100 3175 3161 3228; x_wconf 86' lang='lat'><strong>&#39;0</strong></span> <span class='ocrx_word' id='word_1_549' title='bbox 3200 3173 3370 3238; x_wconf 82' lang='grc' dir='ltr'>ἀετὸς</span> <span class='ocrx_word' id='word_1_550' title='bbox 3413 3177 3446 3228; x_wconf 80' lang='lat'><strong>6</strong></span> <span class='ocrx_word' id='word_1_551' title='bbox 3475 3174 3656 3243; x_wconf 74' lang='grc' dir='ltr'>μέγας</span> <span class='ocrx_word' id='word_1_552' title='bbox 3687 3169 3724 3227; x_wconf 80' lang='grc' dir='ltr'><em>ὁ</em></span> <span class='ocrx_word' id='word_1_553' title='bbox 3750 3194 3938 3246; x_wconf 54' lang='lat' dir='ltr'><strong>gara-</strong></span> 
     </span>
    </p>
   </div>
   <div class='ocr_carea' id='block_1_76' title="bbox 2371 3259 3942 3332">
    <p class='ocr_par' dir='ltr' id='par_1_76' title="bbox 2371 3259 3942 3332">
     <span class='ocr_line' id='line_1_76' title="bbox 2371 3259 3942 3332; baseline 0.001 -15"><span class='ocrx_word' id='word_1_554' title='bbox 2371 3263 2764 3330; x_wconf 74' lang='grc' dir='ltr'>λοπτέρυγος·</span> <span class='ocrx_word' id='word_1_555' title='bbox 2799 3263 2873 3331; x_wconf 78' lang='grc' dir='ltr'><strong>μή</strong></span> <span class='ocrx_word' id='word_1_556' title='bbox 2920 3263 3035 3315; x_wconf 76' lang='grc' dir='ltr'>ποτ’</span> <span class='ocrx_word' id='word_1_557' title='bbox 3063 3259 3154 3316; x_wconf 80' lang='grc' dir='ltr'>οὖν</span> <span class='ocrx_word' id='word_1_558' title='bbox 3197 3263 3318 3316; x_wconf 84' lang='grc' dir='ltr'>καθ’</span> <span class='ocrx_word' id='word_1_559' title='bbox 3362 3264 3557 3332; x_wconf 78' lang='grc' dir='ltr'>ἑτέραν</span> <span class='ocrx_word' id='word_1_560' title='bbox 3601 3262 3847 3317; x_wconf 81' lang='grc' dir='ltr'>διάνοιαν</span> <span class='ocrx_word' id='word_1_561' title='bbox 3880 3264 3942 3318; x_wconf 71' lang='grc' dir='ltr'>αἱ</span> 
     </span>
    </p>
   </div>
   <div class='ocr_carea' id='block_1_77' title="bbox 2373 3349 3939 3419">
    <p class='ocr_par' dir='ltr' id='par_1_77' title="bbox 2373 3349 3939 3419">
     <span class='ocr_line' id='line_1_77' title="bbox 2373 3349 3939 3419; baseline 0.004 -18"><span class='ocrx_word' id='word_1_562' title='bbox 2373 3349 2734 3419; x_wconf 75' lang='grc' dir='ltr'>τιμωρητικαὶ</span> <span class='ocrx_word' id='word_1_563' title='bbox 2766 3350 2864 3401; x_wconf 76' lang='grc' dir='ltr'>καὶ</span> <span class='ocrx_word' id='word_1_564' title='bbox 2893 3350 3205 3418; x_wconf 65' lang='grc' dir='ltr'>κολαστικαὶ</span> <span class='ocrx_word' id='word_1_565' title='bbox 3235 3349 3508 3419; x_wconf 84' lang='grc' dir='ltr'>δυνάμεις,</span> <span class='ocrx_word' id='word_1_566' title='bbox 3542 3353 3596 3403; x_wconf 89' lang='grc' dir='ltr'>αἱ</span> <span class='ocrx_word' id='word_1_567' title='bbox 3640 3353 3765 3415; x_wconf 73' lang='grc' dir='ltr'>τοὺς</span> <span class='ocrx_word' id='word_1_568' title='bbox 3810 3355 3939 3407; x_wconf 83' lang='grc' dir='ltr'>ἀσε-</span> 
     </span>
    </p>
   </div>
   <div class='ocr_carea' id='block_1_78' title="bbox 2373 3433 3944 3510">
    <p class='ocr_par' dir='ltr' id='par_1_78' title="bbox 2373 3433 3944 3510">
     <span class='ocr_line' id='line_1_78' title="bbox 2373 3433 3944 3510; baseline 0.002 -21"><span class='ocrx_word' id='word_1_569' title='bbox 2373 3433 2485 3500; x_wconf 76' lang='grc' dir='ltr'>ϐεῖς</span> <span class='ocrx_word' id='word_1_570' title='bbox 2539 3437 3007 3507; x_wconf 83' lang='grc' dir='ltr'>μετελευσόμεναι,</span> <span class='ocrx_word' id='word_1_571' title='bbox 3053 3439 3141 3491; x_wconf 81' lang='grc' dir='ltr'>διὰ</span> <span class='ocrx_word' id='word_1_572' title='bbox 3189 3438 3295 3490; x_wconf 82' lang='grc' dir='ltr'>τῶν</span> <span class='ocrx_word' id='word_1_573' title='bbox 3349 3440 3579 3492; x_wconf 74' lang='grc' dir='ltr'>ἐνταῦθα</span> <span class='ocrx_word' id='word_1_574' title='bbox 3625 3438 3944 3510; x_wconf 81' lang='grc' dir='ltr'>λεγομένων</span> 
     </span>
    </p>
   </div>
   <div class='ocr_carea' id='block_1_79' title="bbox 2374 3525 3944 3603">
    <p class='ocr_par' dir='ltr' id='par_1_79' title="bbox 2374 3525 3944 3603">
     <span class='ocr_line' id='line_1_79' title="bbox 2374 3525 3944 3603; baseline 0.004 -23"><span class='ocrx_word' id='word_1_575' title='bbox 2374 3529 2545 3581; x_wconf 83' lang='grc' dir='ltr'>ἀετῶν</span> <span class='ocrx_word' id='word_1_576' title='bbox 2577 3526 2918 3600; x_wconf 79' lang='grc' dir='ltr'>ἐδηλώθησαν</span> <span class='ocrx_word' id='word_1_577' title='bbox 2938 3545 2950 3559; x_wconf 91' lang='grc'><strong>·</strong></span> <span class='ocrx_word' id='word_1_578' title='bbox 2983 3525 3067 3593; x_wconf 77' lang='grc' dir='ltr'>αἷς</span> <span class='ocrx_word' id='word_1_579' title='bbox 3100 3531 3184 3582; x_wconf 86' lang='grc' dir='ltr'><strong>ἴνα</strong></span> <span class='ocrx_word' id='word_1_580' title='bbox 3210 3531 3284 3600; x_wconf 79' lang='grc' dir='ltr'>μὴ</span> <span class='ocrx_word' id='word_1_581' title='bbox 3318 3530 3726 3601; x_wconf 78' lang='grc' dir='ltr'>παραδοθῶμεν,</span> <span class='ocrx_word' id='word_1_582' title='bbox 3761 3532 3892 3603; x_wconf 73' lang='grc' dir='ltr'><strong>ἑξῆς</strong></span> <span class='ocrx_word' id='word_1_583' title='bbox 3914 3535 3944 3586; x_wconf 85' lang='lat'><strong>6</strong></span> 
     </span>
    </p>
   </div>
   <div class='ocr_carea' id='block_1_80' title="bbox 2376 3621 3386 3690">
    <p class='ocr_par' dir='ltr' id='par_1_80' title="bbox 2376 3621 3386 3690">
     <span class='ocr_line' id='line_1_80' title="bbox 2376 3621 3386 3690; baseline 0.004 -18"><span class='ocrx_word' id='word_1_584' title='bbox 2376 3621 2562 3690; x_wconf 79' lang='grc' dir='ltr'>Σωτὴρ</span> <span class='ocrx_word' id='word_1_585' title='bbox 2592 3623 2842 3688; x_wconf 83' lang='grc' dir='ltr'>παραινεῖ</span> <span class='ocrx_word' id='word_1_586' title='bbox 2865 3621 3045 3690; x_wconf 74' lang='grc' dir='ltr'>εὐχαῖς</span> <span class='ocrx_word' id='word_1_587' title='bbox 3079 3621 3386 3690; x_wconf 73' lang='grc' dir='ltr'>σχολάζειν.</span> 
     </span>
    </p>
   </div>
   <div class='ocr_carea' id='block_1_81' title="bbox 2515 3706 3794 3780">
    <p class='ocr_par' dir='ltr' id='par_1_81' title="bbox 2515 3706 3794 3780">
     <span class='ocr_line' id='line_1_81' title="bbox 2515 3706 3794 3780; baseline 0.002 -18"><span class='ocrx_word' id='word_1_588' title='bbox 2515 3711 2722 3778; x_wconf 61' lang='grc' dir='ltr'>Ιφιτής</span> <span class='ocrx_word' id='word_1_589' title='bbox 2757 3728 2844 3776; x_wconf 85' lang='grc' dir='ltr'><strong>τις</strong></span> <span class='ocrx_word' id='word_1_590' title='bbox 2877 3706 2952 3774; x_wconf 76' lang='grc' dir='ltr'><em>ἦν</em></span> <span class='ocrx_word' id='word_1_591' title='bbox 2984 3712 3086 3762; x_wconf 76' lang='grc' dir='ltr'><strong>τὸν</strong></span> <span class='ocrx_word' id='word_1_592' title='bbox 3117 3712 3260 3764; x_wconf 81' lang='grc' dir='ltr'><strong>Θεὸν</strong></span> <span class='ocrx_word' id='word_1_593' title='bbox 3287 3713 3373 3780; x_wconf 78' lang='grc' dir='ltr'>μὴ</span> <span class='ocrx_word' id='word_1_594' title='bbox 3405 3712 3794 3780; x_wconf 63' lang='grc' dir='ltr'>φοϐούμενος.</span> 
     </span>
    </p>
   </div>
   <div class='ocr_carea' id='block_1_82' title="bbox 2459 3799 3941 3872">
    <p class='ocr_par' dir='ltr' id='par_1_82' title="bbox 2459 3799 3941 3872">
     <span class='ocr_line' id='line_1_82' title="bbox 2459 3799 3941 3872; baseline -0.001 -18"><span class='ocrx_word' id='word_1_595' title='bbox 2459 3801 2837 3854; x_wconf 78' lang='grc' dir='ltr'>Ἐπισυνάπτει</span> <span class='ocrx_word' id='word_1_596' title='bbox 2877 3801 3006 3868; x_wconf 85' lang='grc' dir='ltr'>γοῦν</span> <span class='ocrx_word' id='word_1_597' title='bbox 3048 3801 3142 3853; x_wconf 72' lang='grc' dir='ltr'>καὶ</span> <span class='ocrx_word' id='word_1_598' title='bbox 3189 3801 3498 3872; x_wconf 75' lang='grc' dir='ltr'>παραϐολὴν</span> <span class='ocrx_word' id='word_1_599' title='bbox 3530 3799 3626 3872; x_wconf 76' lang='grc' dir='ltr'><strong>τὴν</strong></span> <span class='ocrx_word' id='word_1_600' title='bbox 3670 3803 3804 3872; x_wconf 73' lang='grc' dir='ltr'>περὶ</span> <span class='ocrx_word' id='word_1_601' title='bbox 3848 3803 3941 3855; x_wconf 80' lang='grc' dir='ltr'><strong>τοῦ</strong></span> 
     </span>
    </p>
   </div>
   <div class='ocr_carea' id='block_1_83' title="bbox 2377 3890 3941 3964">
    <p class='ocr_par' dir='ltr' id='par_1_83' title="bbox 2377 3890 3941 3964">
     <span class='ocr_line' id='line_1_83' title="bbox 2377 3890 3941 3964; baseline -0.001 -19"><span class='ocrx_word' id='word_1_602' title='bbox 2377 3893 2560 3964; x_wconf 80' lang='grc' dir='ltr'>κριτοῦ</span> <span class='ocrx_word' id='word_1_603' title='bbox 2582 3894 2678 3962; x_wconf 79' lang='grc' dir='ltr'>τῆς</span> <span class='ocrx_word' id='word_1_604' title='bbox 2694 3891 2922 3957; x_wconf 77' lang='grc' dir='ltr'>ἀδικίας,</span> <span class='ocrx_word' id='word_1_605' title='bbox 2943 3893 3074 3962; x_wconf 81' lang='grc' dir='ltr'>πρὸς</span> <span class='ocrx_word' id='word_1_606' title='bbox 3096 3890 3153 3944; x_wconf 83' lang='grc' dir='ltr'><strong>τδ</strong></span> <span class='ocrx_word' id='word_1_607' title='bbox 3168 3893 3278 3945; x_wconf 83' lang='grc' dir='ltr'>δεῖν</span> <span class='ocrx_word' id='word_1_608' title='bbox 3299 3893 3522 3945; x_wconf 80' lang='grc' dir='ltr'>πάντοτε</span> <span class='ocrx_word' id='word_1_609' title='bbox 3543 3892 3941 3963; x_wconf 78' lang='grc' dir='ltr'>προσεύχεσθαι</span> 
     </span>
    </p>
   </div>
   <div class='ocr_carea' id='block_1_84' title="bbox 2377 3977 3941 4053">
    <p class='ocr_par' dir='ltr' id='par_1_84' title="bbox 2377 3977 3941 4053">
     <span class='ocr_line' id='line_1_84' title="bbox 2377 3977 3941 4053; baseline -0.002 -19"><span class='ocrx_word' id='word_1_610' title='bbox 2377 3983 2470 4035; x_wconf 72' lang='grc' dir='ltr'>καὶ</span> <span class='ocrx_word' id='word_1_611' title='bbox 2497 3983 2572 4052; x_wconf 81' lang='grc' dir='ltr'>μὴ</span> <span class='ocrx_word' id='word_1_612' title='bbox 2619 3985 2891 4036; x_wconf 82' lang='grc' dir='ltr'>ἐκκακεῖν.</span> <span class='ocrx_word' id='word_1_613' title='bbox 2937 3982 3008 4033; x_wconf 81' lang='grc' dir='ltr'><strong>Τὸ</strong></span> <span class='ocrx_word' id='word_1_614' title='bbox 3054 3981 3109 4034; x_wconf 84' lang='grc' dir='ltr'>δὲ</span> <span class='ocrx_word' id='word_1_615' title='bbox 3143 3982 3334 4034; x_wconf 67' lang='grc' dir='ltr'>εἰπεῖῧ·</span> <span class='ocrx_word' id='word_1_616' title='bbox 3363 3977 3506 4053; x_wconf 71' lang='grc' dir='ltr'>Ἆρα</span> <span class='ocrx_word' id='word_1_617' title='bbox 3544 3980 3708 4035; x_wconf 78' lang='grc' dir='ltr'>ἐλθὼν</span> <span class='ocrx_word' id='word_1_618' title='bbox 3743 3981 3773 4031; x_wconf 92' lang='lat'><strong>6</strong></span> <span class='ocrx_word' id='word_1_619' title='bbox 3813 3981 3941 4042; x_wconf 82' lang='grc' dir='ltr'><strong>Υἱὸς</strong></span> 
     </span>
    </p>
   </div>
   <div class='ocr_carea' id='block_1_85' title="bbox 2376 4068 3942 4143">
    <p class='ocr_par' dir='ltr' id='par_1_85' title="bbox 2376 4068 3942 4143">
     <span class='ocr_line' id='line_1_85' title="bbox 2376 4068 3942 4143; baseline 0 -19"><span class='ocrx_word' id='word_1_620' title='bbox 2376 4072 2468 4124; x_wconf 82' lang='grc' dir='ltr'><strong>τοῦ</strong></span> <span class='ocrx_word' id='word_1_621' title='bbox 2497 4071 2777 4143; x_wconf 81' lang='grc' dir='ltr'>ανθρώπου</span> <span class='ocrx_word' id='word_1_622' title='bbox 2807 4073 3022 4142; x_wconf 84' lang='grc' dir='ltr'>εὑρήσει</span> <span class='ocrx_word' id='word_1_623' title='bbox 3049 4071 3146 4142; x_wconf 80' lang='grc' dir='ltr'><strong>τήν</strong></span> <span class='ocrx_word' id='word_1_624' title='bbox 3171 4073 3353 4125; x_wconf 85' lang='grc' dir='ltr'>πίστιν</span> <span class='ocrx_word' id='word_1_625' title='bbox 3374 4068 3465 4124; x_wconf 66' lang='grc' dir='ltr'><strong>ἐπὶ</strong></span> <span class='ocrx_word' id='word_1_626' title='bbox 3486 4073 3582 4142; x_wconf 73' lang='grc' dir='ltr'>τῆς</span> <span class='ocrx_word' id='word_1_627' title='bbox 3605 4069 3701 4142; x_wconf 82' lang='grc' dir='ltr'>γῆς</span> <span class='ocrx_word' id='word_1_628' title='bbox 3724 4089 3740 4135; x_wconf 87' lang='lat'><strong>;</strong></span> <span class='ocrx_word' id='word_1_629' title='bbox 3768 4072 3942 4124; x_wconf 75' lang='grc' dir='ltr'>ἔκλει-</span> 
     </span>
    </p>
   </div>
   <div class='ocr_carea' id='block_1_86' title="bbox 2376 4160 3941 4234">
    <p class='ocr_par' dir='ltr' id='par_1_86' title="bbox 2376 4160 3941 4234">
     <span class='ocr_line' id='line_1_86' title="bbox 2376 4160 3941 4234; baseline 0.001 -21"><span class='ocrx_word' id='word_1_630' title='bbox 2376 4161 2467 4232; x_wconf 71' lang='grc' dir='ltr'><strong>ψιν</strong></span> <span class='ocrx_word' id='word_1_631' title='bbox 2494 4161 2641 4234; x_wconf 88' lang='grc' dir='ltr'>δηλοῖ</span> <span class='ocrx_word' id='word_1_632' title='bbox 2670 4163 2765 4232; x_wconf 78' lang='grc' dir='ltr'>τῆς</span> <span class='ocrx_word' id='word_1_633' title='bbox 2797 4163 3047 4226; x_wconf 86' lang='grc' dir='ltr'>πίστεως,</span> <span class='ocrx_word' id='word_1_634' title='bbox 3071 4161 3146 4225; x_wconf 83' lang='grc' dir='ltr'><strong>ὡς</strong></span> <span class='ocrx_word' id='word_1_635' title='bbox 3175 4163 3377 4233; x_wconf 85' lang='grc' dir='ltr'>μηδένα</span> <span class='ocrx_word' id='word_1_636' title='bbox 3416 4163 3602 4215; x_wconf 76' lang='grc' dir='ltr'>πιστὸν</span> <span class='ocrx_word' id='word_1_637' title='bbox 3649 4160 3941 4234; x_wconf 60' lang='grc' dir='ltr'>εὑρεθήσε-</span> 
     </span>
    </p>
   </div>
   <div class='ocr_carea' id='block_1_87' title="bbox 2381 4245 3940 4324">
    <p class='ocr_par' dir='ltr' id='par_1_87' title="bbox 2381 4245 3940 4324">
     <span class='ocr_line' id='line_1_87' title="bbox 2381 4245 3940 4324; baseline 0 -18"><span class='ocrx_word' id='word_1_638' title='bbox 2381 4253 2520 4316; x_wconf 83' lang='grc' dir='ltr'>σθαι,</span> <span class='ocrx_word' id='word_1_639' title='bbox 2549 4254 2580 4323; x_wconf 79' lang='grc' dir='ltr'><strong>ἥ</strong></span> <span class='ocrx_word' id='word_1_640' title='bbox 2615 4254 2792 4305; x_wconf 80' lang='grc' dir='ltr'>εἷ’που</span> <span class='ocrx_word' id='word_1_641' title='bbox 2827 4245 2936 4322; x_wconf 73' lang='grc' dir='ltr'>ἄρα</span> <span class='ocrx_word' id='word_1_642' title='bbox 2961 4247 3182 4306; x_wconf 71' lang='grc' dir='ltr'>σπάνιόν</span> <span class='ocrx_word' id='word_1_643' title='bbox 3211 4270 3328 4305; x_wconf 88' lang='grc' dir='ltr'>τινα</span> <span class='ocrx_word' id='word_1_644' title='bbox 3355 4251 3493 4306; x_wconf 86' lang='grc' dir='ltr'><strong>κατά</strong></span> <span class='ocrx_word' id='word_1_645' title='bbox 3515 4252 3606 4305; x_wconf 86' lang='grc' dir='ltr'>τὸν</span> <span class='ocrx_word' id='word_1_646' title='bbox 3631 4253 3729 4324; x_wconf 85' lang='grc' dir='ltr'>τῆς</span> <span class='ocrx_word' id='word_1_647' title='bbox 3754 4252 3940 4306; x_wconf 67' lang='grc' dir='ltr'>δευτέ-</span> 
     </span>
    </p>
   </div>
   <div class='ocr_carea' id='block_1_88' title="bbox 2384 4340 3939 4414">
    <p class='ocr_par' dir='ltr' id='par_1_88' title="bbox 2384 4340 3939 4414">
     <span class='ocr_line' id='line_1_88' title="bbox 2384 4340 3939 4414; baseline -0.001 -18"><span class='ocrx_word' id='word_1_648' title='bbox 2384 4359 2478 4414; x_wconf 85' lang='grc' dir='ltr'><strong>ρας</strong></span> <span class='ocrx_word' id='word_1_649' title='bbox 2511 4341 2671 4396; x_wconf 84' lang='grc' dir='ltr'>αὐτοῦ</span> <span class='ocrx_word' id='word_1_650' title='bbox 2706 4343 3016 4411; x_wconf 81' lang='grc' dir='ltr'>θεοφανείας</span> <span class='ocrx_word' id='word_1_651' title='bbox 3048 4340 3253 4414; x_wconf 88' lang='grc' dir='ltr'>χρόνον.</span> <span class='ocrx_word' id='word_1_652' title='bbox 3272 4344 3442 4413; x_wconf 88' lang='grc' dir='ltr'>Ὅπερ</span> <span class='ocrx_word' id='word_1_653' title='bbox 3476 4343 3612 4413; x_wconf 81' lang='grc' dir='ltr'>μέγα</span> <span class='ocrx_word' id='word_1_654' title='bbox 3644 4344 3939 4414; x_wconf 73' lang='grc' dir='ltr'>τεκμήριον</span> 
     </span>
    </p>
   </div>
   <div class='ocr_carea' id='block_1_89' title="bbox 733 4426 2392 4507">
    <p class='ocr_par' dir='ltr' id='par_1_89' title="bbox 733 4426 2392 4507">
     <span class='ocr_line' id='line_1_89' title="bbox 733 4426 2392 4507; baseline -0.006 -19"><span class='ocrx_word' id='word_1_655' title='bbox 733 4449 985 4503; x_wconf 84' lang='lat' dir='ltr'><strong>magnum</strong></span> <span class='ocrx_word' id='word_1_656' title='bbox 1013 4433 1219 4500; x_wconf 85' lang='lat' dir='ltr'><strong>signum</strong></span> <span class='ocrx_word' id='word_1_657' title='bbox 1247 4431 1349 4484; x_wconf 83' lang='lat' dir='ltr'><strong>erit</strong></span> <span class='ocrx_word' id='word_1_658' title='bbox 1367 4470 1383 4496; x_wconf 91' lang='lat'><strong>,</strong></span> <span class='ocrx_word' id='word_1_659' title='bbox 1411 4446 1531 4483; x_wconf 90' lang='lat' dir='ltr'><strong>cum</strong></span> <span class='ocrx_word' id='word_1_660' title='bbox 1561 4443 1685 4482; x_wconf 87' lang='lat' dir='ltr'><strong>raro</strong></span> <span class='ocrx_word' id='word_1_661' title='bbox 1712 4435 1958 4482; x_wconf 89' lang='lat' dir='ltr'><strong>occurret</strong></span> <span class='ocrx_word' id='word_1_662' title='bbox 1991 4427 2081 4496; x_wconf 92' lang='lat' dir='ltr'><strong>qui</strong></span> <span class='ocrx_word' id='word_1_663' title='bbox 2120 4426 2278 4482; x_wconf 80' lang='lat' dir='ltr'><strong>tidem</strong></span> <span class='ocrx_word' id='word_1_664' title='bbox 2309 4451 2354 4507; x_wconf 71' lang='grc' dir='ltr'><strong>ι)</strong></span> <span class='ocrx_word' id='word_1_665' title='bbox 2381 4451 2392 4468; x_wconf 67' lang='grc' dir='ltr'><em>α</em></span> 
     </span>
    </p>
   </div>
   <div class='ocr_carea' id='block_1_90' title="bbox 2372 4426 3942 4507">
    <p class='ocr_par' dir='ltr' id='par_1_90' title="bbox 2381 4426 3942 4504">
     <span class='ocr_line' id='line_1_90' title="bbox 2381 4426 3942 4504; baseline -0.001 -19"><span class='ocrx_word' id='word_1_666' title='bbox 2381 4434 2628 4504; x_wconf 76' lang='grc' dir='ltr'>τυγχάνει</span> <span class='ocrx_word' id='word_1_667' title='bbox 2669 4431 2764 4486; x_wconf 85' lang='grc' dir='ltr'><strong>τοῦ</strong></span> <span class='ocrx_word' id='word_1_668' title='bbox 2805 4430 2994 4504; x_wconf 81' lang='grc' dir='ltr'>καιροῦ</span> <span class='ocrx_word' id='word_1_669' title='bbox 3024 4432 3123 4502; x_wconf 80' lang='grc' dir='ltr'>τῆς</span> <span class='ocrx_word' id='word_1_670' title='bbox 3163 4432 3512 4495; x_wconf 85' lang='grc' dir='ltr'>ἀποστασίας,</span> <span class='ocrx_word' id='word_1_671' title='bbox 3563 4435 3617 4484; x_wconf 80' lang='grc' dir='ltr'>ὲν</span> <span class='ocrx_word' id='word_1_672' title='bbox 3646 4426 3689 4499; x_wconf 81' lang='grc' dir='ltr'>ᾧ</span> <span class='ocrx_word' id='word_1_673' title='bbox 3719 4434 3942 4496; x_wconf 83' lang='grc' dir='ltr'>σπάνιος</span> 
     </span>
    </p>
   </div>
   <div class='ocr_carea' id='block_1_91' title="bbox 737 4516 2279 4586">
    <p class='ocr_par' dir='ltr' id='par_1_91' title="bbox 737 4516 2279 4586">
     <span class='ocr_line' id='line_1_91' title="bbox 737 4516 2279 4586; baseline -0.006 -7"><span class='ocrx_word' id='word_1_674' title='bbox 737 4526 1009 4579; x_wconf 84' lang='lat' dir='ltr'><strong>retineat:</strong></span> <span class='ocrx_word' id='word_1_675' title='bbox 1039 4522 1148 4576; x_wconf 88' lang='lat' dir='ltr'><strong>imo</strong></span> <span class='ocrx_word' id='word_1_676' title='bbox 1175 4535 1300 4574; x_wconf 88' lang='lat' dir='ltr'><strong>vero</strong></span> <span class='ocrx_word' id='word_1_677' title='bbox 1331 4534 1398 4573; x_wconf 90' lang='lat' dir='ltr'><strong>ne</strong></span> <span class='ocrx_word' id='word_1_678' title='bbox 1427 4533 1565 4573; x_wconf 89' lang='lat' dir='ltr'><strong>unus</strong></span> <span class='ocrx_word' id='word_1_679' title='bbox 1611 4518 1824 4586; x_wconf 88' lang='lat' dir='ltr'><strong>quidem</strong></span> <span class='ocrx_word' id='word_1_680' title='bbox 1877 4516 2109 4570; x_wconf 78' lang='lat' dir='ltr'><strong>fortasse</strong></span> <span class='ocrx_word' id='word_1_681' title='bbox 2153 4517 2279 4580; x_wconf 90' lang='lat' dir='ltr'><strong>erit,</strong></span> 
     </span>
    </p>
   </div>
   <div class='ocr_carea' id='block_1_92' title="bbox 739 4603 2293 4681">
    <p class='ocr_par' dir='ltr' id='par_1_92' title="bbox 739 4603 2293 4681">
     <span class='ocr_line' id='line_1_92' title="bbox 739 4603 2293 4681; baseline -0.005 -15"><span class='ocrx_word' id='word_1_682' title='bbox 739 4620 1019 4681; x_wconf 86' lang='lat' dir='ltr'><strong>propterea</strong></span> <span class='ocrx_word' id='word_1_683' title='bbox 1066 4611 1206 4678; x_wconf 89' lang='lat' dir='ltr'><strong>quod</strong></span> <span class='ocrx_word' id='word_1_684' title='bbox 1257 4609 1344 4662; x_wconf 88' lang='lat' dir='ltr'><strong>alii</strong></span> <span class='ocrx_word' id='word_1_685' title='bbox 1383 4608 1639 4676; x_wconf 88' lang='lat' dir='ltr'><strong>assumpti</strong></span> <span class='ocrx_word' id='word_1_686' title='bbox 1686 4605 1921 4670; x_wconf 77' lang='lat' dir='ltr'><strong>fuerint,</strong></span> <span class='ocrx_word' id='word_1_687' title='bbox 1958 4606 2048 4659; x_wconf 83' lang='lat' dir='ltr'><strong>alii</strong></span> <span class='ocrx_word' id='word_1_688' title='bbox 2081 4603 2293 4679; x_wconf 89' lang='lat' dir='ltr'><strong>relicti,_</strong></span> 
     </span>
    </p>
   </div>
   <div class='ocr_carea' id='block_1_93' title="bbox 741 4695 2282 4772">
    <p class='ocr_par' dir='ltr' id='par_1_93' title="bbox 741 4695 2282 4772">
     <span class='ocr_line' id='line_1_93' title="bbox 741 4695 2282 4772; baseline -0.005 -15"><span class='ocrx_word' id='word_1_689' title='bbox 741 4702 931 4772; x_wconf 87' lang='lat' dir='ltr'><strong>aquilis</strong></span> <span class='ocrx_word' id='word_1_690' title='bbox 963 4716 1150 4770; x_wconf 89' lang='lat' dir='ltr'><strong>nempe</strong></span> <span class='ocrx_word' id='word_1_691' title='bbox 1180 4699 1445 4752; x_wconf 88' lang='lat' dir='ltr'><strong>tradendi.</strong></span> <span class='ocrx_word' id='word_1_692' title='bbox 1479 4697 1572 4752; x_wconf 90' lang='lat' dir='ltr'><strong>Sic</strong></span> <span class='ocrx_word' id='word_1_693' title='bbox 1598 4712 1726 4767; x_wconf 87' lang='lat' dir='ltr'><strong>ergo</strong></span> <span class='ocrx_word' id='word_1_694' title='bbox 1772 4697 1941 4751; x_wconf 85' lang='lat' dir='ltr'><strong>deleta</strong></span> <span class='ocrx_word' id='word_1_695' title='bbox 1993 4695 2139 4750; x_wconf 87' lang='lat' dir='ltr'><strong>inter</strong></span> <span class='ocrx_word' id='word_1_696' title='bbox 2185 4696 2282 4750; x_wconf 81' lang='lat' dir='ltr'><strong>bo-</strong></span> 
     </span>
    </p>
   </div>
   <div class='ocr_carea' id='block_1_94' title="bbox 739 4788 2282 4862">
    <p class='ocr_par' dir='ltr' id='par_1_94' title="bbox 739 4788 2282 4862">
     <span class='ocr_line' id='line_1_94' title="bbox 739 4788 2282 4862; baseline -0.006 -12"><span class='ocrx_word' id='word_1_697' title='bbox 739 4795 912 4850; x_wconf 89' lang='lat' dir='ltr'><strong>mines</strong></span> <span class='ocrx_word' id='word_1_698' title='bbox 946 4794 1069 4858; x_wconf 73' lang='lat' dir='ltr'><strong>(ide,</strong></span> <span class='ocrx_word' id='word_1_699' title='bbox 1099 4793 1211 4862; x_wconf 92' lang='lat' dir='ltr'><strong>ipse</strong></span> <span class='ocrx_word' id='word_1_700' title='bbox 1245 4791 1614 4860; x_wconf 85' lang='lat' dir='ltr'><strong>superveniet,</strong></span> <span class='ocrx_word' id='word_1_701' title='bbox 1670 4798 1882 4844; x_wconf 88' lang='lat' dir='ltr'><strong>sanctos</strong></span> <span class='ocrx_word' id='word_1_702' title='bbox 1911 4804 2038 4844; x_wconf 84' lang='lat' dir='ltr'><strong>suos</strong></span> <span class='ocrx_word' id='word_1_703' title='bbox 2089 4789 2178 4858; x_wconf 91' lang='lat' dir='ltr'><strong>qui</strong></span> <span class='ocrx_word' id='word_1_704' title='bbox 2215 4788 2282 4841; x_wconf 90' lang='lat' dir='ltr'><strong>ab</strong></span> 
     </span>
    </p>
   </div>
   <div class='ocr_carea' id='block_1_95' title="bbox 739 4866 2282 4954">
    <p class='ocr_par' dir='ltr' id='par_1_95' title="bbox 739 4866 2282 4954">
     <span class='ocr_line' id='line_1_95' title="bbox 739 4866 2282 4954; baseline -0.005 -13"><span class='ocrx_word' id='word_1_705' title='bbox 739 4885 919 4954; x_wconf 84' lang='lat' dir='ltr'><strong>impiis</strong></span> <span class='ocrx_word' id='word_1_706' title='bbox 941 4884 1048 4938; x_wconf 92' lang='lat' dir='ltr'><strong>leto</strong></span> <span class='ocrx_word' id='word_1_707' title='bbox 1077 4882 1237 4937; x_wconf 88' lang='lat' dir='ltr'><strong>dediti</strong></span> <span class='ocrx_word' id='word_1_708' title='bbox 1267 4881 1483 4944; x_wconf 83' lang='lat' dir='ltr'><strong>fuerint,</strong></span> <span class='ocrx_word' id='word_1_709' title='bbox 1508 4881 1891 4935; x_wconf 86' lang='lat' dir='ltr'><strong>vindicaturus.</strong></span> <span class='ocrx_word' id='word_1_710' title='bbox 1919 4878 2074 4936; x_wconf 85' lang='lat' dir='ltr'><strong>Brevi</strong></span> <span class='ocrx_word' id='word_1_711' title='bbox 2105 4866 2282 4934; x_wconf 69' lang='lat' dir='ltr'><strong>autem</strong></span> 
     </span>
    </p>
   </div>
   <div class='ocr_carea' id='block_1_96' title="bbox 738 4972 2285 5046">
    <p class='ocr_par' dir='ltr' id='par_1_96' title="bbox 738 4972 2285 5046">
     <span class='ocr_line' id='line_1_96' title="bbox 738 4972 2285 5046; baseline -0.003 -16"><span class='ocrx_word' id='word_1_712' title='bbox 738 4977 996 5031; x_wconf 90' lang='lat' dir='ltr'><strong>ultionem</strong></span> <span class='ocrx_word' id='word_1_713' title='bbox 1023 4975 1276 5046; x_wconf 85' lang='lat' dir='ltr'><strong>patrabit,</strong></span> <span class='ocrx_word' id='word_1_714' title='bbox 1305 4982 1588 5042; x_wconf 88' lang='lat' dir='ltr'><strong>propterea</strong></span> <span class='ocrx_word' id='word_1_715' title='bbox 1611 4973 1752 5042; x_wconf 91' lang='lat' dir='ltr'><strong>quod</strong></span> <span class='ocrx_word' id='word_1_716' title='bbox 1783 4972 1836 5026; x_wconf 92' lang='lat' dir='ltr'><strong>hi</strong></span> <span class='ocrx_word' id='word_1_717' title='bbox 1881 4972 1972 5026; x_wconf 90' lang='lat' dir='ltr'><strong>diu</strong></span> <span class='ocrx_word' id='word_1_718' title='bbox 2018 4980 2285 5040; x_wconf 84' lang='lat' dir='ltr'><strong>noctuque</strong></span> 
     </span>
    </p>
   </div>
   <div class='ocr_carea' id='block_1_97' title="bbox 741 5063 2283 5133">
    <p class='ocr_par' dir='ltr' id='par_1_97' title="bbox 741 5063 2283 5133">
     <span class='ocr_line' id='line_1_97' title="bbox 741 5063 2283 5133; baseline -0.003 -11"><span class='ocrx_word' id='word_1_719' title='bbox 741 5069 807 5122; x_wconf 92' lang='lat' dir='ltr'><strong>ad</strong></span> <span class='ocrx_word' id='word_1_720' title='bbox 839 5081 957 5120; x_wconf 87' lang='lat' dir='ltr'><strong>eum</strong></span> <span class='ocrx_word' id='word_1_721' title='bbox 985 5067 1236 5121; x_wconf 84' lang='lat' dir='ltr'><strong>clamant.</strong></span> <span class='ocrx_word' id='word_1_722' title='bbox 1265 5064 1330 5118; x_wconf 90' lang='lat' dir='ltr'><strong>Et</strong></span> <span class='ocrx_word' id='word_1_723' title='bbox 1357 5065 1568 5133; x_wconf 85' lang='lat' dir='ltr'><strong>quidem</strong></span> <span class='ocrx_word' id='word_1_724' title='bbox 1609 5075 1666 5117; x_wconf 87' lang='lat' dir='ltr'><strong>ut</strong></span> <span class='ocrx_word' id='word_1_725' title='bbox 1693 5064 1759 5117; x_wconf 91' lang='lat' dir='ltr'><strong>ad</strong></span> <span class='ocrx_word' id='word_1_726' title='bbox 1792 5079 1851 5119; x_wconf 86' lang='lat' dir='ltr'><strong>se</strong></span> <span class='ocrx_word' id='word_1_727' title='bbox 1889 5063 2157 5126; x_wconf 82' lang='lat' dir='ltr'><strong>clament.</strong></span> <span class='ocrx_word' id='word_1_728' title='bbox 2183 5064 2283 5118; x_wconf 85' lang='lat' dir='ltr'><strong>do—</strong></span> 
     </span>
    </p>
   </div>
   <div class='ocr_carea' id='block_1_98' title="bbox 740 5150 2079 5227">
    <p class='ocr_par' dir='ltr' id='par_1_98' title="bbox 740 5150 2079 5227">
     <span class='ocr_line' id='line_1_98' title="bbox 740 5150 2079 5227; baseline -0.003 -15"><span class='ocrx_word' id='word_1_729' title='bbox 740 5159 853 5212; x_wconf 90' lang='lat' dir='ltr'><strong>cuit</strong></span> <span class='ocrx_word' id='word_1_730' title='bbox 879 5170 971 5212; x_wconf 87' lang='lat' dir='ltr'><strong>eos</strong></span> <span class='ocrx_word' id='word_1_731' title='bbox 997 5171 1092 5227; x_wconf 89' lang='lat' dir='ltr'><strong>per</strong></span> <span class='ocrx_word' id='word_1_732' title='bbox 1123 5155 1434 5226; x_wconf 88' lang='lat' dir='ltr'><strong>parabolam</strong></span> <span class='ocrx_word' id='word_1_733' title='bbox 1464 5153 1529 5208; x_wconf 88' lang='lat' dir='ltr'><strong>de</strong></span> <span class='ocrx_word' id='word_1_734' title='bbox 1552 5150 1731 5221; x_wconf 81' lang='lat' dir='ltr'><strong>judice</strong></span> <span class='ocrx_word' id='word_1_735' title='bbox 1760 5152 2079 5222; x_wconf 86' lang='lat' dir='ltr'><strong>iniquitatis.</strong></span> 
     </span>
    </p>
   </div>
   <div class='ocr_carea' id='block_1_99' title="bbox 741 5329 2284 5413">
    <p class='ocr_par' dir='ltr' id='par_1_99' title="bbox 741 5329 2284 5413">
     <span class='ocr_line' id='line_1_99' title="bbox 741 5329 2284 5413; baseline -0.002 -26"><span class='ocrx_word' id='word_1_736' title='bbox 741 5334 788 5366; x_wconf 78' lang='grc'><strong>³⁸</strong></span> <span class='ocrx_word' id='word_1_737' title='bbox 803 5332 970 5387; x_wconf 86' lang='lat' dir='ltr'><strong>Homo</strong></span> <span class='ocrx_word' id='word_1_738' title='bbox 982 5335 1190 5411; x_wconf 76' lang='lat' dir='ltr'><strong>quidam</strong></span> <span class='ocrx_word' id='word_1_739' title='bbox 1209 5332 1396 5413; x_wconf 68' lang='lat' dir='ltr'><strong>nobilis</strong></span> <span class='ocrx_word' id='word_1_740' title='bbox 1419 5332 1544 5384; x_wconf 85' lang='lat' dir='ltr'><strong>abiit</strong></span> <span class='ocrx_word' id='word_1_741' title='bbox 1587 5333 1638 5384; x_wconf 85' lang='lat' dir='ltr'><strong>in</strong></span> <span class='ocrx_word' id='word_1_742' title='bbox 1663 5329 2284 5413; x_wconf 62' lang='lat' dir='ltr'><strong>regionem‘onginquam</strong></span> 
     </span>
    </p>
   </div>
   <div class='ocr_carea' id='block_1_100' title="bbox 1035 5405 1980 5472">
    <p class='ocr_par' dir='ltr' id='par_1_100' title="bbox 1035 5405 1980 5472">
     <span class='ocr_line' id='line_1_100' title="bbox 1035 5405 1980 5472; baseline -0.002 -18"><span class='ocrx_word' id='word_1_743' title='bbox 1035 5407 1262 5468; x_wconf 81' lang='lat' dir='ltr'><strong>accipere</strong></span> <span class='ocrx_word' id='word_1_744' title='bbox 1291 5405 1386 5456; x_wconf 83' lang='lat' dir='ltr'><strong>sibi</strong></span> <span class='ocrx_word' id='word_1_745' title='bbox 1427 5417 1661 5472; x_wconf 81' lang='lat' dir='ltr'><strong>regnum,</strong></span> <span class='ocrx_word' id='word_1_746' title='bbox 1702 5411 1747 5454; x_wconf 82' lang='lat' dir='ltr'><strong>et</strong></span> <span class='ocrx_word' id='word_1_747' title='bbox 1777 5405 1980 5453; x_wconf 73' lang='lat' dir='ltr'><strong>reverti.</strong></span> 
     </span>
    </p>
   </div>
   <div class='ocr_carea' id='block_1_101' title="bbox 815 5489 2285 5562">
    <p class='ocr_par' dir='ltr' id='par_1_101' title="bbox 815 5489 2285 5562">
     <span class='ocr_line' id='line_1_101' title="bbox 815 5489 2285 5562; baseline -0.002 -15"><span class='ocrx_word' id='word_1_748' title='bbox 815 5492 889 5547; x_wconf 78' lang='lat' dir='ltr'><strong>Eu</strong></span> <span class='ocrx_word' id='word_1_749' title='bbox 915 5509 1029 5562; x_wconf 67' lang='lat' dir='ltr'><strong>qum</strong></span> <span class='ocrx_word' id='word_1_750' title='bbox 1059 5492 1110 5547; x_wconf 91' lang='lat' dir='ltr'><strong>iu</strong></span> <span class='ocrx_word' id='word_1_751' title='bbox 1141 5494 1241 5548; x_wconf 87' lang='lat' dir='ltr'><strong>hac</strong></span> <span class='ocrx_word' id='word_1_752' title='bbox 1274 5493 1520 5562; x_wconf 87' lang='lat' dir='ltr'><strong>parabola</strong></span> <span class='ocrx_word' id='word_1_753' title='bbox 1552 5491 1835 5546; x_wconf 76' lang='lat' dir='ltr'><strong>edocemur</strong></span> <span class='ocrx_word' id='word_1_754' title='bbox 1861 5506 1875 5541; x_wconf 88' lang='lat'><strong>:</strong></span> <span class='ocrx_word' id='word_1_755' title='bbox 1911 5489 2146 5545; x_wconf 81' lang='lat' dir='ltr'><strong>futurum</strong></span> <span class='ocrx_word' id='word_1_756' title='bbox 2181 5490 2285 5545; x_wconf 88' lang='lat' dir='ltr'><strong>sci-</strong></span> 
     </span>
    </p>
   </div>
   <div class='ocr_carea' id='block_1_102' title="bbox 815 5725 2492 5794">
    <p class='ocr_par' dir='ltr' id='par_1_102' title="bbox 815 5725 2492 5794">
     <span class='ocr_line' id='line_1_102' title="bbox 815 5725 2492 5794; baseline -0.002 -12"><span class='ocrx_word' id='word_1_757' title='bbox 815 5729 858 5761; x_wconf 82' lang='grc'><strong>⁸³</strong></span> <span class='ocrx_word' id='word_1_758' title='bbox 880 5727 1006 5784; x_wconf 80' lang='lat' dir='ltr'><strong>Luc.</strong></span> <span class='ocrx_word' id='word_1_759' title='bbox 1036 5742 1161 5794; x_wconf 76' lang='lat' dir='ltr'><strong>xvu,</strong></span> <span class='ocrx_word' id='word_1_760' title='bbox 1181 5727 1267 5780; x_wconf 75' lang='lat'><strong>37.</strong></span> <span class='ocrx_word' id='word_1_761' title='bbox 1340 5727 1382 5757; x_wconf 77' lang='lat'>“</span> <span class='ocrx_word' id='word_1_762' title='bbox 1424 5725 1606 5782; x_wconf 73' lang='lat' dir='ltr'><strong>Matth.</strong></span> <span class='ocrx_word' id='word_1_763' title='bbox 1634 5743 1778 5793; x_wconf 76' lang='lat' dir='ltr'><strong>xxiv,</strong></span> <span class='ocrx_word' id='word_1_764' title='bbox 1806 5727 1893 5785; x_wconf 73' lang='lat'><strong>28.</strong></span> <span class='ocrx_word' id='word_1_765' title='bbox 1969 5727 2011 5759; x_wconf 85' lang='grc'><strong>³⁸</strong></span> <span class='ocrx_word' id='word_1_766' title='bbox 2035 5726 2229 5781; x_wconf 84' lang='lat' dir='ltr'><strong>Eaech.</strong></span> <span class='ocrx_word' id='word_1_767' title='bbox 2259 5740 2415 5791; x_wconf 76' lang='lat' dir='ltr'><strong>mu,</strong></span> <span class='ocrx_word' id='word_1_768' title='bbox 2439 5726 2492 5778; x_wconf 76' lang='grc'>5.</span> 
     </span>
    </p>
   </div>
   <div class='ocr_carea' id='block_1_103' title="bbox 2384 4516 3938 4594">
    <p class='ocr_par' dir='ltr' id='par_1_103' title="bbox 2384 4516 3938 4594">
     <span class='ocr_line' id='line_1_103' title="bbox 2384 4516 3938 4594; baseline 0 -20"><span class='ocrx_word' id='word_1_769' title='bbox 2384 4522 2531 4574; x_wconf 79' lang='grc' dir='ltr'>ἔσται</span> <span class='ocrx_word' id='word_1_770' title='bbox 2554 4525 2582 4576; x_wconf 93' lang='lat'><strong>6</strong></span> <span class='ocrx_word' id='word_1_771' title='bbox 2605 4522 3026 4594; x_wconf 83' lang='grc' dir='ltr'>εὑρεθησόμενος</span> <span class='ocrx_word' id='word_1_772' title='bbox 3053 4522 3263 4583; x_wconf 84' lang='grc' dir='ltr'>πιστός·</span> <span class='ocrx_word' id='word_1_773' title='bbox 3287 4521 3428 4590; x_wconf 83' lang='grc' dir='ltr'>τάχα</span> <span class='ocrx_word' id='word_1_774' title='bbox 3451 4521 3505 4574; x_wconf 78' lang='grc' dir='ltr'>δὲ</span> <span class='ocrx_word' id='word_1_775' title='bbox 3527 4522 3646 4574; x_wconf 84' lang='grc' dir='ltr'>οὐδὲ</span> <span class='ocrx_word' id='word_1_776' title='bbox 3667 4516 3748 4584; x_wconf 74' lang='grc' dir='ltr'>εἷς</span> <span class='ocrx_word' id='word_1_777' title='bbox 3768 4521 3938 4584; x_wconf 77' lang='grc' dir='ltr'>ἔσται,</span> 
     </span>
    </p>
   </div>
   <div class='ocr_carea' id='block_1_104' title="bbox 2381 4611 3939 4684">
    <p class='ocr_par' dir='ltr' id='par_1_104' title="bbox 2381 4611 3939 4684">
     <span class='ocr_line' id='line_1_104' title="bbox 2381 4611 3939 4684; baseline 0.001 -18"><span class='ocrx_word' id='word_1_778' title='bbox 2381 4613 2468 4666; x_wconf 82' lang='grc' dir='ltr'>διὰ</span> <span class='ocrx_word' id='word_1_779' title='bbox 2495 4614 2553 4666; x_wconf 80' lang='grc' dir='ltr'>τὸ</span> <span class='ocrx_word' id='word_1_780' title='bbox 2600 4615 2724 4677; x_wconf 81' lang='grc' dir='ltr'>τοὺς</span> <span class='ocrx_word' id='word_1_781' title='bbox 2772 4614 2872 4683; x_wconf 77' lang='grc' dir='ltr'>μὲν</span> <span class='ocrx_word' id='word_1_782' title='bbox 2918 4611 3460 4684; x_wconf 84' lang='grc' dir='ltr'>παραληφθήσεσθαι,</span> <span class='ocrx_word' id='word_1_783' title='bbox 3495 4614 3618 4676; x_wconf 79' lang='grc' dir='ltr'>τοὺς</span> <span class='ocrx_word' id='word_1_784' title='bbox 3661 4612 3719 4664; x_wconf 74' lang='grc' dir='ltr'>δὲ</span> <span class='ocrx_word' id='word_1_785' title='bbox 3770 4630 3939 4667; x_wconf 86' lang='grc' dir='ltr'>κατα-</span> 
     </span>
    </p>
   </div>
   <div class='ocr_carea' id='block_1_105' title="bbox 2383 4700 3939 4776">
    <p class='ocr_par' dir='ltr' id='par_1_105' title="bbox 2383 4700 3939 4776">
     <span class='ocr_line' id='line_1_105' title="bbox 2383 4700 3939 4776; baseline 0.001 -21"><span class='ocrx_word' id='word_1_786' title='bbox 2383 4702 2762 4776; x_wconf 75' lang='grc' dir='ltr'>λειφθήσεσθαι</span> <span class='ocrx_word' id='word_1_787' title='bbox 2785 4706 2896 4766; x_wconf 87' lang='grc' dir='ltr'>τοῖς</span> <span class='ocrx_word' id='word_1_788' title='bbox 2921 4702 3098 4766; x_wconf 82' lang='grc' dir='ltr'>ἀετοῖς</span> <span class='ocrx_word' id='word_1_789' title='bbox 3123 4700 3658 4774; x_wconf 80' lang='grc' dir='ltr'>παραδοθησομένους</span> <span class='ocrx_word' id='word_1_790' title='bbox 3674 4719 3687 4732; x_wconf 92' lang='grc'><strong>·</strong></span> <span class='ocrx_word' id='word_1_791' title='bbox 3719 4701 3863 4756; x_wconf 75' lang='grc' dir='ltr'>οὕτω</span> <span class='ocrx_word' id='word_1_792' title='bbox 3883 4718 3939 4756; x_wconf 84' lang='grc' dir='ltr'><strong>τε</strong></span> 
     </span>
    </p>
   </div>
   <div class='ocr_carea' id='block_1_106' title="bbox 2385 4791 3944 4865">
    <p class='ocr_par' dir='ltr' id='par_1_106' title="bbox 2385 4791 3944 4865">
     <span class='ocr_line' id='line_1_106' title="bbox 2385 4791 3944 4865; baseline -0.001 -19"><span class='ocrx_word' id='word_1_793' title='bbox 2385 4793 2441 4859; x_wconf 73' lang='grc' dir='ltr'><strong>ἐξ</strong></span> <span class='ocrx_word' id='word_1_794' title='bbox 2476 4792 2772 4865; x_wconf 82' lang='grc' dir='ltr'>ἀνθρώπων</span> <span class='ocrx_word' id='word_1_795' title='bbox 2814 4791 3169 4863; x_wconf 74' lang='grc' dir='ltr'>ἐκλειπούσης</span> <span class='ocrx_word' id='word_1_796' title='bbox 3207 4791 3308 4862; x_wconf 82' lang='grc' dir='ltr'>τῆς</span> <span class='ocrx_word' id='word_1_797' title='bbox 3347 4791 3600 4856; x_wconf 86' lang='grc' dir='ltr'>πίστεως,</span> <span class='ocrx_word' id='word_1_798' title='bbox 3632 4793 3795 4856; x_wconf 80' lang='grc' dir='ltr'>αὐτὸς</span> <span class='ocrx_word' id='word_1_799' title='bbox 3835 4791 3944 4845; x_wconf 78' lang='grc' dir='ltr'><strong>λοι⁹</strong></span> 
     </span>
    </p>
   </div>
   <div class='ocr_carea' id='block_1_107' title="bbox 2386 4881 3943 4954">
    <p class='ocr_par' dir='ltr' id='par_1_107' title="bbox 2386 4881 3943 4954">
     <span class='ocr_line' id='line_1_107' title="bbox 2386 4881 3943 4954; baseline -0.001 -16"><span class='ocrx_word' id='word_1_800' title='bbox 2386 4885 2484 4938; x_wconf 77' lang='grc' dir='ltr'><strong>πὺν</strong></span> <span class='ocrx_word' id='word_1_801' title='bbox 2503 4886 2849 4954; x_wconf 73' lang='grc' dir='ltr'>ἐπιστήσεται</span> <span class='ocrx_word' id='word_1_802' title='bbox 2872 4882 2970 4953; x_wconf 81' lang='grc' dir='ltr'>τὴν</span> <span class='ocrx_word' id='word_1_803' title='bbox 2991 4882 3263 4952; x_wconf 70' lang='grc' dir='ltr'>ἐκδίκησιν</span> <span class='ocrx_word' id='word_1_804' title='bbox 3279 4881 3631 4954; x_wconf 82' lang='grc' dir='ltr'>ποιησόμενος</span> <span class='ocrx_word' id='word_1_805' title='bbox 3652 4883 3758 4936; x_wconf 84' lang='grc' dir='ltr'><strong>τῶν</strong></span> <span class='ocrx_word' id='word_1_806' title='bbox 3775 4881 3943 4952; x_wconf 78' lang='grc' dir='ltr'>ἁγίων</span> 
     </span>
    </p>
   </div>
   <div class='ocr_carea' id='block_1_108' title="bbox 2389 4972 3941 5045">
    <p class='ocr_par' dir='ltr' id='par_1_108' title="bbox 2389 4972 3941 5045">
     <span class='ocr_line' id='line_1_108' title="bbox 2389 4972 3941 5045; baseline -0.001 -19"><span class='ocrx_word' id='word_1_807' title='bbox 2389 4973 2548 5027; x_wconf 80' lang='grc' dir='ltr'>αὑτοῦ</span> <span class='ocrx_word' id='word_1_808' title='bbox 2575 4973 2681 5026; x_wconf 84' lang='grc' dir='ltr'><strong>τῶν</strong></span> <span class='ocrx_word' id='word_1_809' title='bbox 2724 4974 2827 5026; x_wconf 82' lang='grc' dir='ltr'><strong>ὑπὸ</strong></span> <span class='ocrx_word' id='word_1_810' title='bbox 2866 4972 2972 5026; x_wconf 85' lang='grc' dir='ltr'><strong>τῶν</strong></span> <span class='ocrx_word' id='word_1_811' title='bbox 3002 4972 3211 5026; x_wconf 73' lang='grc' dir='ltr'>ἀσεϐῶν</span> <span class='ocrx_word' id='word_1_812' title='bbox 3250 4973 3622 5045; x_wconf 72' lang='grc' dir='ltr'>ἀνῃρημένων.</span> <span class='ocrx_word' id='word_1_813' title='bbox 3668 4975 3757 5027; x_wconf 85' lang='grc' dir='ltr'>Ἐν</span> <span class='ocrx_word' id='word_1_814' title='bbox 3791 4975 3941 5044; x_wconf 76' lang='grc' dir='ltr'>τάχει</span> 
     </span>
    </p>
   </div>
   <div class='ocr_carea' id='block_1_109' title="bbox 2387 5060 3942 5133">
    <p class='ocr_par' dir='ltr' id='par_1_109' title="bbox 2387 5060 3942 5133">
     <span class='ocr_line' id='line_1_109' title="bbox 2387 5060 3942 5133; baseline -0.001 -19"><span class='ocrx_word' id='word_1_815' title='bbox 2387 5061 2443 5114; x_wconf 77' lang='grc' dir='ltr'>δὲ</span> <span class='ocrx_word' id='word_1_816' title='bbox 2491 5063 2702 5132; x_wconf 85' lang='grc' dir='ltr'>ποιήσει</span> <span class='ocrx_word' id='word_1_817' title='bbox 2749 5061 2844 5132; x_wconf 82' lang='grc' dir='ltr'>τὴν</span> <span class='ocrx_word' id='word_1_818' title='bbox 2888 5061 3180 5131; x_wconf 75' lang='grc' dir='ltr'>ἐκδίκησιν,</span> <span class='ocrx_word' id='word_1_819' title='bbox 3207 5060 3296 5114; x_wconf 85' lang='grc' dir='ltr'>διὰ</span> <span class='ocrx_word' id='word_1_820' title='bbox 3333 5061 3395 5114; x_wconf 78' lang='grc' dir='ltr'><strong>τδ</strong></span> <span class='ocrx_word' id='word_1_821' title='bbox 3436 5060 3562 5132; x_wconf 81' lang='grc' dir='ltr'>βοᾷν</span> <span class='ocrx_word' id='word_1_822' title='bbox 3604 5061 3738 5133; x_wconf 73' lang='grc' dir='ltr'>πρὸς</span> <span class='ocrx_word' id='word_1_823' title='bbox 3778 5061 3942 5116; x_wconf 80' lang='grc' dir='ltr'>αὐτὸν</span> 
     </span>
    </p>
   </div>
   <div class='ocr_carea' id='block_1_110' title="bbox 2387 5151 3942 5224">
    <p class='ocr_par' dir='ltr' id='par_1_110' title="bbox 2387 5151 3942 5224">
     <span class='ocr_line' id='line_1_110' title="bbox 2387 5151 3942 5224; baseline -0.001 -19"><span class='ocrx_word' id='word_1_824' title='bbox 2387 5153 2578 5215; x_wconf 68' lang='grc' dir='ltr'>νυκτὸς</span> <span class='ocrx_word' id='word_1_825' title='bbox 2608 5153 2703 5205; x_wconf 77' lang='grc' dir='ltr'>καὶ</span> <span class='ocrx_word' id='word_1_826' title='bbox 2735 5153 2942 5222; x_wconf 81' lang='grc' dir='ltr'>ἡμέρας</span> <span class='ocrx_word' id='word_1_827' title='bbox 2965 5170 2978 5182; x_wconf 94' lang='grc'><strong>·</strong></span> <span class='ocrx_word' id='word_1_828' title='bbox 3016 5151 3142 5224; x_wconf 78' lang='grc' dir='ltr'>βοᾷν</span> <span class='ocrx_word' id='word_1_829' title='bbox 3182 5151 3237 5205; x_wconf 75' lang='grc' dir='ltr'>δὲ</span> <span class='ocrx_word' id='word_1_830' title='bbox 3263 5152 3398 5224; x_wconf 81' lang='grc' dir='ltr'>πρὸς</span> <span class='ocrx_word' id='word_1_831' title='bbox 3434 5151 3597 5206; x_wconf 81' lang='grc' dir='ltr'>αὑτὸν</span> <span class='ocrx_word' id='word_1_832' title='bbox 3630 5152 3833 5217; x_wconf 68' lang='grc' dir='ltr'>ἐδίδαξε</span> <span class='ocrx_word' id='word_1_833' title='bbox 3857 5152 3942 5205; x_wconf 78' lang='grc' dir='ltr'>διὰ</span> 
     </span>
    </p>
   </div>
   <div class='ocr_carea' id='block_1_111' title="bbox 2389 5245 3558 5318">
    <p class='ocr_par' dir='ltr' id='par_1_111' title="bbox 2389 5245 3558 5318">
     <span class='ocr_line' id='line_1_111' title="bbox 2389 5245 3558 5318; baseline -0.003 -17"><span class='ocrx_word' id='word_1_834' title='bbox 2389 5245 2483 5317; x_wconf 75' lang='grc' dir='ltr'>τῆς</span> <span class='ocrx_word' id='word_1_835' title='bbox 2515 5245 2826 5318; x_wconf 78' lang='grc' dir='ltr'>παραϐολῆς</span> <span class='ocrx_word' id='word_1_836' title='bbox 2857 5246 2949 5298; x_wconf 82' lang='grc' dir='ltr'><strong>τοῦ</strong></span> <span class='ocrx_word' id='word_1_837' title='bbox 2979 5245 3164 5316; x_wconf 78' lang='grc' dir='ltr'>κριτοῦ</span> <span class='ocrx_word' id='word_1_838' title='bbox 3191 5246 3291 5316; x_wconf 88' lang='grc' dir='ltr'>τῆς</span> <span class='ocrx_word' id='word_1_839' title='bbox 3331 5245 3558 5309; x_wconf 83' lang='grc' dir='ltr'>ἀδικίας.</span> 
     </span>
    </p>
   </div>
   <div class='ocr_carea' id='block_1_112' title="bbox 2392 5334 3940 5406">
    <p class='ocr_par' dir='ltr' id='par_1_112' title="bbox 2392 5334 3940 5406">
     <span class='ocr_line' id='line_1_112' title="bbox 2392 5334 3940 5406; baseline -0.003 -14"><span class='ocrx_word' id='word_1_840' title='bbox 2392 5338 2720 5405; x_wconf 78' lang='grc' dir='ltr'>Ἄνθρωπός</span> <span class='ocrx_word' id='word_1_841' title='bbox 2747 5353 2836 5402; x_wconf 83' lang='grc' dir='ltr'><strong>τις</strong></span> <span class='ocrx_word' id='word_1_842' title='bbox 2866 5337 3115 5406; x_wconf 75' lang='grc' dir='ltr'>εὐγενὴς</span> <span class='ocrx_word' id='word_1_843' title='bbox 3144 5337 3430 5403; x_wconf 72' lang='grc' dir='ltr'>ἐπορεύθη</span> <span class='ocrx_word' id='word_1_844' title='bbox 3471 5338 3557 5406; x_wconf 77' lang='grc' dir='ltr'>εις</span> <span class='ocrx_word' id='word_1_845' title='bbox 3598 5334 3797 5406; x_wconf 69' lang='grc' dir='ltr'>χώραν</span> <span class='ocrx_word' id='word_1_846' title='bbox 3829 5353 3940 5405; x_wconf 79' lang='grc' dir='ltr'>μα-</span> 
     </span>
    </p>
   </div>
   <div class='ocr_carea' id='block_1_113' title="bbox 2424 5405 3908 5474">
    <p class='ocr_par' dir='ltr' id='par_1_113' title="bbox 2424 5405 3908 5474">
     <span class='ocr_line' id='line_1_113' title="bbox 2424 5405 3908 5474; baseline -0.001 -15"><span class='ocrx_word' id='word_1_847' title='bbox 2424 5406 2574 5474; x_wconf 72' lang='grc' dir='ltr'>κρὰν</span> <span class='ocrx_word' id='word_1_848' title='bbox 2597 5406 2800 5460; x_wconf 65' lang='grc' dir='ltr'>λαϐεῖν</span> <span class='ocrx_word' id='word_1_849' title='bbox 2818 5405 3004 5470; x_wconf 82' lang='grc' dir='ltr'>ἐαυτῷ</span> <span class='ocrx_word' id='word_1_850' title='bbox 3018 5407 3360 5471; x_wconf 68' lang='grc' dir='ltr'>βασιλείαν,</span> <span class='ocrx_word' id='word_1_851' title='bbox 3391 5405 3488 5459; x_wconf 73' lang='grc' dir='ltr'><strong>καὶ</strong></span> <span class='ocrx_word' id='word_1_852' title='bbox 3513 5405 3908 5474; x_wconf 56' lang='grc' dir='ltr'>ὑποστρέφω.</span> 
     </span>
    </p>
   </div>
   <div class='ocr_carea' id='block_1_114' title="bbox 2460 5496 3940 5568">
    <p class='ocr_par' dir='ltr' id='par_1_114' title="bbox 2460 5496 3940 5568">
     <span class='ocr_line' id='line_1_114' title="bbox 2460 5496 3940 5568; baseline -0.002 -19"><span class='ocrx_word' id='word_1_853' title='bbox 2460 5497 2704 5550; x_wconf 81' lang='grc' dir='ltr'>Τοσαῦτα</span> <span class='ocrx_word' id='word_1_854' title='bbox 2755 5497 2842 5550; x_wconf 77' lang='grc' dir='ltr'><strong>διὰ</strong></span> <span class='ocrx_word' id='word_1_855' title='bbox 2892 5497 2989 5567; x_wconf 83' lang='grc' dir='ltr'>τῆς</span> <span class='ocrx_word' id='word_1_856' title='bbox 3042 5496 3351 5567; x_wconf 77' lang='grc' dir='ltr'>παραϐολῆς</span> <span class='ocrx_word' id='word_1_857' title='bbox 3400 5496 3798 5568; x_wconf 84' lang='grc' dir='ltr'>διδασκόμεθα,</span> <span class='ocrx_word' id='word_1_858' title='bbox 3843 5497 3940 5568; x_wconf 80' lang='grc' dir='ltr'>τὴν</span> 
     </span>
    </p>
   </div>
   <div class='ocr_carea' id='block_1_115' title="bbox 2596 5716 3935 5788">
    <p class='ocr_par' dir='ltr' id='par_1_115' title="bbox 2596 5716 3935 5788">
     <span class='ocr_line' id='line_1_115' title="bbox 2596 5716 3935 5788; baseline 0 -12"><span class='ocrx_word' id='word_1_859' title='bbox 2596 5724 2638 5754; x_wconf 76' lang='grc'><strong>³⁸</strong></span> <span class='ocrx_word' id='word_1_860' title='bbox 2671 5722 2800 5778; x_wconf 88' lang='lat' dir='ltr'><strong>Luc.</strong></span> <span class='ocrx_word' id='word_1_861' title='bbox 2832 5723 3057 5788; x_wconf 68' lang='lat'><strong>&quot;111,2.</strong></span> <span class='ocrx_word' id='word_1_862' title='bbox 3137 5723 3178 5755; x_wconf 72' lang='grc' dir='ltr'><strong>’τ</strong></span> <span class='ocrx_word' id='word_1_863' title='bbox 3202 5724 3327 5777; x_wconf 86' lang='lat' dir='ltr'><strong>ibid.</strong></span> <span class='ocrx_word' id='word_1_864' title='bbox 3357 5723 3406 5777; x_wconf 89' lang='lat'><strong>8.</strong></span> <span class='ocrx_word' id='word_1_865' title='bbox 3485 5722 3528 5754; x_wconf 84' lang='lat'><strong>&quot;</strong></span> <span class='ocrx_word' id='word_1_866' title='bbox 3546 5720 3676 5775; x_wconf 83' lang='lat' dir='ltr'><strong>Luc.</strong></span> <span class='ocrx_word' id='word_1_867' title='bbox 3701 5735 3810 5778; x_wconf 71' lang='grc' dir='ltr'>ιιι.</span> <span class='ocrx_word' id='word_1_868' title='bbox 3843 5716 3935 5775; x_wconf 71' lang='grc'><strong>12.</strong></span> 
     </span>
    </p>
   </div>
  </div>
