4128 6294
233 374 334 438 589

1409 354 1908 419 COMMENTARIA
1943 352 2009 409 IN
2043 349 2302 408 LUCAM.

3380 349 3522 408 δυο.

237 489 526 559 μωουσαν
550 484 714 542 αὐτοῦ
736 484 831 538 καὶ
858 482 1080 554 μηδέπω
1103 478 1380 552 παροῦσαν
1396 477 1668 549 βασιλείαν
1679 471 1810 543 (68),

1918 467 2045 524 licet
2069 467 2271 523 Christi
2323 466 2672 536 nondumque
2718 478 2958 535 praesens
3010 478 3257 559 regnum,
3305 480 3480 536 quan-

237 581 334 636 κᾶν
361 579 625 649 αἰσθητὴν
648 577 850 646 ταύτην
869 574 1015 636 τινες
1039 570 1420 641 ἐφαντάζοντο,
1455 568 1554 639 τὴν
1578 565 1684 619 άπὸ
1705 565 1808 634 γῆς

233 673 311 733 si;
330 671 557 740 οὐρανὸν
583 666 910 739 μετάστασιν
933 683 992 718 τε
1012 666 1106 718 καὶ
1119 661 1406 732 ἀνάληψιν,
1429 658 1527 730 τὴν
1553 656 1813 726 δευτέραν

233 765 327 816 καὶ
367 761 573 824 ἔνδοξον
619 759 782 813 αὐτοῦ
814 757 1154 825 θεοφάνειαν,
1181 754 1278 825 τὴν
1304 749 1556 824 κριτικὴν
1590 748 1684 800 καὶ
1718 745 1810 799 τοῦ

235 855 352 910 κατ’
385 853 542 914 ἀξίαν
574 848 787 918 ἑκάστῳ
824 846 1212 917 διανεμητικὴν
1258 842 1526 909 ἐξουσίαν,
1571 837 1670 909 τὴν
1705 835 1812 890 τῶν

233 945 449 999 οικείων
471 939 636 994 αὐτοῦ
661 941 754 992 καὶ
781 939 986 991 πιστῶν
1014 934 1421 1008 θεραπευόντων
1442 929 1810 999 εὐδοκίμησιν,

233 1035 329 1108 τὴν
373 1033 481 1085 τῶν
524 1031 597 1101 μὴ
629 1030 886 1083 τοιούτων
915 1028 1279 1094 κατάγνωσιν,
1309 1023 1407 1094 τὴν
1437 1021 1545 1074 τῶν
1581 1017 1814 1072 πολιτῶν

229 1123 329 1179 τοῦ
363 1121 622 1192 βασιλέως
655 1121 774 1174 κατ’
808 1117 972 1172 αὐτοῦ
1015 1115 1303 1186 συσκευὴν,
1349 1115 1450 1183 τὴν
1495 1110 1814 1181 μετελευσο-

238 1214 408 1285 μένην
432 1212 627 1275 αὐτοὺς
656 1209 890 1275 ἐπαξίως
913 1203 987 1261 ὧν
1015 1207 1246 1278 ἔδρασαν
1284 1205 1438 1274 δίκην
1463 1219 1476 1232 ·
1510 1199 1681 1254 ταῦτα
1705 1199 1812 1268 γὰρ

233 1304 372 1374 δμοῦ
417 1304 592 1357 πάντα
625 1303 712 1354 δια
751 1300 859 1352 τῶν
891 1295 1212 1350 ἐκτεθεισῶν
1251 1293 1443 1363 φωνῶν
1469 1291 1675 1361 ἐδήλου.
1703 1289 1814 1341 Καὶ

238 1391 454 1460 πρῶτον
487 1389 585 1455 μὲν
618 1387 898 1457 ἄνθρωπον
933 1385 1092 1447 αὐτὸς
1118 1382 1307 1436 ἑαυτὸν
1335 1380 1580 1450 ὠνόμαζε
1606 1378 1693 1431 διὰ
1717 1377 1814 1447 τὴν

239 1481 379 1535 κατὰ
410 1482 584 1552 σάρκα
607 1479 876 1548 γέννησιν,
907 1478 1006 1546 τὴν
1033 1474 1174 1528 κατὰ
1215 1474 1495 1562 ἄνθρωπον
1529 1471 1676 1540 αὐτῷ
1725 1487 1817 1562 συ-

237 1573 444 1625 στᾶσαν
468 1589 480 1600 ·
531 1571 717 1622 ἔπειτα
764 1568 980 1636 εὐγενῆ,
1009 1565 1120 1619 ἀλλ’
1170 1560 1324 1616 οὔπω
1357 1562 1575 1632 βασιλέα
1629 1560 1814 1612 ἐαυτὸν

238 1662 440 1724 ἐκάλει,
479 1662 567 1715 διά
616 1661 676 1712 τὸ
722 1659 946 1730 μηδέπω
973 1661 1039 1727 τῇ
1074 1655 1322 1725 βασιλικῇ
1365 1653 1492 1723 ἀξίᾳ
1537 1653 1677 1706 κατὰ
1715 1652 1814 1720 τὴν

240 1751 456 1822 πρώτην
495 1749 809 1817 Θεοφάνειαν
846 1745 1166 1815 κεχρῆσθαι.
1203 1743 1315 1812 Τῆς
1344 1742 1388 1793 δ’
1418 1740 1695 1808 εὐγενείας
1720 1740 1814 1790 αὐ·-

1914 574 2075 627 quam
2129 557 2183 612 id
2231 559 2482 613 sensibile
2533 555 2774 611 nonnulli
2828 565 3033 612 temere
3076 555 3481 627 opinabantur;

1916 650 2323 706 translationem
2352 666 2382 706 e
2410 660 2553 706 terra
2581 648 2634 703 in
2662 648 2894 714 caelum,
2927 649 2982 704 id
3021 659 3104 704 est.
3153 651 3482 720 assumptio-

1915 759 2075 809 nem;
2124 744 2417 799 secundum
2455 745 2572 814 ejus
2617 743 2911 813 gloriosam
2953 741 3482 810 manifestationem;

1909 829 2252 900 iudiciariam
2282 840 2336 886 et
2367 846 2523 887 suum
2551 834 2745 902 cuique
2768 831 2857 900 jus
2889 833 3201 887 reddentem
3238 842 3483 904 p0testa-

1916 929 2022 974 tem
2046 938 2060 986 ;
2091 920 2435 976 familiarium
2462 938 2682 979 suorum
2701 923 3045 992 ﬁdeliumque
3073 938 3349 978 servorum
3372 925 3486 981 col-

1915 1010 2318 1078 laudationem;
2353 1028 2541 1068 eorum
2568 1015 2661 1085 qui
2716 1029 2878 1069 secus
2930 1030 2989 1070 se
3037 1017 3304 1086 gesserint
3350 1032 3481 1073 cono

1915 1101 2352 1167 demnationem;
2388 1104 2587 1158 civium
2628 1107 2682 1158 in
2715 1119 2896 1175 regem
2937 1121 3096 1159 suum
3119 1106 3484 1176 conspiratio-

1915 1205 2040 1244 nem
2069 1200 2125 1246 et
2155 1193 2480 1260 condignam
2504 1194 2662 1249 factis
2689 1210 2906 1264 poenam
2946 1213 2960 1249 :
2993 1195 3110 1249 hsce
3141 1199 3284 1251 enim
3321 1198 3481 1253 simul

1913 1286 2094 1337 omnia
2124 1284 2397 1353 praedictis
2425 1286 2606 1341 verbis
2635 1288 2996 1356 signiﬁcabat.
3039 1289 3106 1343 Et
3147 1291 3324 1358 primo
3362 1291 3485 1360 qui-

1915 1371 2037 1426 dem
2066 1374 2336 1429 hominem
2368 1389 2426 1429 se
2456 1377 2785 1444 appellavit,
2815 1387 3035 1444 propter
3071 1379 3346 1434 carnalem
3380 1396 3482 1434 na-

1918 1460 2181 1516 tivitatem
2205 1501 2221 1527 ,
2249 1477 2368 1530 qua:
2395 1464 2497 1532 ipsi
2531 1473 2590 1518 ut
2624 1465 2828 1520 homini
2869 1468 3113 1536 contigit.
3145 1468 3349 1522 Deinde
3382 1483 3483 1523 no-

1913 1551 2077 1606 bilem
2127 1566 2186 1606 se
2241 1553 2418 1618 dixit,
2469 1570 2573 1609 non
2629 1572 2832 1625 regem,
2879 1559 3002 1624 quia
3047 1559 3192 1627 regia
3241 1559 3480 1614 nondum

1914 1639 2176 1709 dignitate
2239 1642 2293 1695 in
2347 1644 2521 1711 prima
2570 1659 2668 1698 sua
2725 1647 3160 1702 manifestatione
3208 1647 3482 1701 utebatur.

1915 1730 2226 1787 Nobilitatis
2257 1744 2434 1788 autem
2468 1735 2584 1802 ejus
2617 1745 2782 1791 testes
2823 1739 2878 1802 ii,
2910 1741 3000 1808 qui
3034 1755 3201 1809 genus
3236 1739 3380 1795 illius
3417 1755 3483 1794 ac

240 1805 328 1896 υοῦ
360 1843 628 1912 μάρτυρες
656 1841 703 1892 οἱ
729 1837 823 1890 τοῦ
850 1838 1039 1904 γένους
1065 1836 1159 1887 καὶ
1183 1834 1282 1902 τῆς
1305 1835 1370 1885 ἐκ
1398 1831 1675 1902 προγόνων
1698 1831 1812 1883 δια-

1915 1822 2112 1875 seriem
2143 1825 2548 1893 progenitorum
2572 1827 2789 1895 scriptis
2820 1830 3098 1885 historicis
3131 1832 3481 1886 commcnda-

239 1931 394 2001 δοχῆς
419 1932 514 2000 τὴν
549 1930 785 1999 ἱστορίαν
808 1929 992 1998 γραφῇ
1020 1923 1487 1996 παραδεδωκότες·
1526 1916 1600 1975 ὧν
1643 1925 1671 1974 ὁ
1716 1922 1813 1991 μέν

238 2037 339 2083 τις,
367 2023 466 2090 τὴν
493 2020 631 2074 κατὰ
672 2018 988 2088 ἀνθρώπους
1023 2016 1297 2081 εὐγένειαν
1329 2014 1492 2066 αὐτοῦ
1521 2012 1810 2082 παριστὰς,

238 2111 389 2164 ἐνθεν
408 2112 470 2182 δή
495 2112 657 2163 ποθεν
683 2108 1058 2178 εὐηγγελίζετο
1073 2106 1266 2172 λέγων·
1289 2107 1503 2168 Βίϐλος
1523 2105 1813 2172 γενέσεως

248 2198 454 2267 Ἰησοῦ
497 2197 750 2265 Χριστοῦ
783 2196 916 2249 υἱοῦ
961 2194 1156 2258 Δαϐίδ,
1220 2192 1353 2245 υιοῦ
1412 2189 1673 2258 Ἁϐραάμ·
1715 2187 1811 2241 εἷθ’

239 2293 368 2361 ἐξῆς
402 2290 611 2353 τούτοις
669 2288 766 2359 τὴν
802 2285 1149 2356 γενεαλογίαν
1187 2285 1254 2337 δι’
1289 2283 1565 2354 ἐπιδήμιον
1607 2281 1814 2352 ἀνδρῶν

238 2383 332 2438 καὶ
363 2381 453 2434 διά
495 2377 772 2450 βασιλικοῦ
811 2378 1002 2445 γένους
1047 2375 1131 2427 ἐπ’
1163 2374 1324 2426 αὐτὸν
1360 2375 1613 2440 κατάγων
1661 2372 1813 2441 ἵστη-

241 2489 354 2527 σιν·
384 2474 412 2525 ὀ
437 2470 492 2522 δὲ
536 2469 634 2539 τὴν
666 2468 926 2521 ἀνωτάτω
969 2465 1062 2518 καὶ
1103 2463 1210 2534 πρὸ
1248 2462 1463 2514 πάντων
1500 2462 1708 2514 αἰώνων
1750 2465 1814 2514 ὲκ

240 2562 376 2617 θεοῦ
420 2560 667 2629 γέννησιν
705 2559 868 2612 αὐτοῦ
894 2557 1179 2619 διδάσκων,
1214 2557 1314 2624 τὴν
1354 2553 1564 2624 ἀληθῶς
1593 2554 1813 2624 πρώτην

239 2650 334 2701 καὶ
365 2647 529 2717 μόνην
562 2645 836 2714 εὐγένειαν
868 2644 1150 2713 παρεδίδου
1189 2643 1386 2711 λέγων·
1433 2644 1528 2694 Ἐν
1555 2641 1708 2709 ἀρχῇ
1738 2641 1816 2709 ἦν

240 2741 274 2791 ὁ
307 2739 515 2807 Λόγος,
537 2736 635 2789 καὶ
661 2737 899 2804 όΛόγος
922 2731 1000 2804 ἦν
1032 2733 1181 2801 πρὸς
1214 2733 1320 2785 τὸν
1351 2734 1514 2797 Θεὸν,
1544 2734 1642 2786 καὶ
1672 2733 1816 2798 Θεὸς

238 2826 319 2900 ἦν
351 2832 384 2882 ὀ
415 2830 624 2897 Λόγος.
650 2824 852 2880 Πάντα
883 2824 956 2877 δι’
990 2824 1173 2877 αὑτοῦ
1206 2824 1458 2892 ἐγένετο.

322 2919 485 2972 Ἀλλά
506 2919 615 2989 γάρ
636 2911 788 2980 οὗτος
815 2919 843 2969 ὁ
873 2916 978 2988 πρὸ
1007 2915 1219 2968 πάντων
1242 2915 1450 2968 αἰώνων
1474 2915 1602 2978 Θεὸς
1622 2917 1811 2984 Λόγος,

241 3013 529 3082 γενόμενος
555 3009 837 3081 ἄνθρωπος
871 3007 1112 3076 εὐγενὴς,
1151 3008 1244 3059 καὶ
1274 3007 1364 3059 τὸν
1393 3006 1488 3058 σὺν
1509 3005 1814 3077 ἀνθρώποις

1912 1921 2134 1978 verunt;
2181 1928 2315 1982 quos
2351 1915 2488 1967 inter
2513 1916 2730 1983 quidam
2770 1919 2895 1972 dum
2953 1921 3242 1976 humanam
3274 1921 3480 1978 Christi

1913 2004 2256 2059 nobilitatem
2308 2008 2562 2071 exhibet,
2609 2011 2687 2064 sic
2730 2011 3074 2080 Evangelium
3130 2031 3289 2070 orsus
3350 2026 3480 2072 est:

1915 2092 2071 2146 Liber
2118 2100 2468 2164 generationis
2521 2101 2649 2153 Jesu
2697 2101 2891 2157 Christi
2929 2107 3026 2172 filii
3077 2105 3332 2172 Davidis,
3377 2109 3483 2177 ﬁlii

1915 2184 2198 2238 Abrahami
2244 2187 2308 2239 ³⁹.
2366 2186 2566 2242 Deinde
2597 2193 2907 2263 genealogia
2939 2211 3036 2264 per
3063 2198 3349 2265 populares
3377 2200 3481 2253 ho-

1916 2273 2091 2326 tnines
2141 2290 2418 2343 genusque
2470 2279 2674 2346 regium
2731 2297 2901 2350 usque
2954 2285 3018 2336 ad
3070 2284 3344 2339 Christum
3388 2290 3482 2343 de-

1915 2365 2071 2416 ducta
2095 2405 2110 2430 ,
2155 2366 2208 2417 in
2245 2366 2344 2420 hoc
2378 2379 2652 2435 postremo
2695 2373 2961 2428 consistit.
2989 2375 3142 2430 Alius
3168 2386 3350 2431 autem
3385 2394 3479 2433 su-

1915 2457 2280 2526 pernamejus
2301 2469 2424 2512 ante
2452 2462 2631 2514 omnia
2667 2464 2864 2518 saecula
2894 2481 2958 2518 ex
3000 2469 3104 2521 Deo
3146 2469 3480 2523 nativitatem
3557 2519 3559 2521 ,

1915 2547 2134 2612 docens,
2167 2549 2496 2605 nobilitatem
2541 2552 2680 2619 ejus,
2722 2571 2841 2621 quae
2880 2571 3010 2611 vere
3042 2560 3213 2624 prima
3255 2561 3482 2630 solaque

1915 2646 2018 2700 est,
2062 2639 2282 2691 tradidit
2313 2641 2540 2694 dicens:
2585 2641 2646 2695 In
2673 2645 2930 2714 principio
2972 2658 3083 2700 erat
3131 2646 3387 2714 Verbum,
3430 2661 3480 2702 et

1924 2721 2146 2778 Verbum
2191 2736 2307 2779 erat
2354 2732 2492 2794 apud
2531 2729 2728 2795 Deum,
2773 2743 2826 2787 et
2884 2735 3026 2790 Deus
3070 2752 3183 2791 erat
3228 2737 3477 2793 Verbum.

1920 2811 2108 2868 Omnia
2134 2829 2223 2884 per
2244 2818 2414 2884 ipsum
2443 2819 2586 2885 facta
2619 2836 2735 2876 sunt
2765 2824 2830 2876 "°.

1985 2904 2152 2962 Porro
2200 2908 2287 2964 hic
2345 2920 2472 2964 ante
2526 2915 2705 2966 omnia
2761 2918 2956 2971 saecula
3007 2913 3162 2976 ‘Deus
3218 2923 3478 2992 Verbum,

1919 2995 2093 3052 factus
2123 3000 2280 3054 homo
2313 3001 2525 3066 nobilis,
2560 3020 2929 3077 peragensque
2968 3012 3108 3066 inter
3139 3015 3385 3070 homines
3414 3019 3479 3070 il—

241 3102 523 3169 διεξελθὼν
584 3102 694 3172 βίον
741 3101 832 3153 τὸν
887 3100 1254 3170 ἐμφερόμενον
1299 3101 1420 3159 ταῖς
1471 3099 1599 3168 περὶ
1649 3098 1812 3151 αὐτοῦ

1917 3087 2003 3142 lnd
2033 3092 2156 3144 vitae
2184 3108 2372 3159 genus,
2404 3098 2545 3164 quod
2581 3099 2634 3150 in
2666 3103 2977 3169 evangelica
3010 3105 3210 3174 scripta
3244 3108 3478 3165 relatum

242 3197 622 3266 εὐαγγελικαῖς
653 3195 910 3265 γραφαῖς,
975 3191 1110 3262 μετὰ
1161 3191 1258 3260 τὴν
1303 3190 1453 3262 παρὰ
1506 3190 1810 3260 ἀνθρώποις

242 3289 492 3359 αὐτάρκη
542 3285 840 3356 διατριϐὴν,
881 3282 1114 3337 ἐπανιὼν
1157 3283 1291 3353 πρὸς
1326 3284 1416 3335 τὸν
1464 3284 1655 3336 ἑαυτοῦ
1697 3286 1808 3337 lla-

239 3379 396 3449 τέρα,
429 3375 698 3447 ἐπορεύθη
727 3379 804 3439 είς
836 3377 1018 3447 χώραν
1060 3374 1275 3444 μακράν
1308 3375 1490 3430 λαϐεῖν
1513 3376 1688 3446 ἐαυτῷ
1719 3378 1811 3445 βα-

243 3470 447 3523 σιλείαν
477 3469 570 3522 καὶ
601 3467 957 3538 ὑποστρέψαι.
990 3465 1188 3536 Χώραν
1223 3467 1279 3518 δέ
1319 3468 1533 3537 μακρὰν
1565 3469 1660 3539 τὴν
1702 3469 1810 3521 ἀπὸ

244 3560 348 3627 γῆς
375 3561 454 3620 εἰς
484 3559 707 3629 οὐρανὸν
729 3559 911 3612 ἄνοδον
942 3557 1125 3626 ἐδήλου
1143 3557 1279 3626 (69)·
1297 3558 1480 3611 λαϐεῖν
1509 3577 1567 3612 τε
1596 3563 1692 3630 τὴν
1716 3561 1810 3631 βα-

247 3652 448 3704 σιλείαν
482 3652 648 3720 αὐτὴν
676 3651 888 3720 ἐκείνην
921 3651 1104 3719 φησὶν,
1137 3651 1204 3719 ἣν
1231 3652 1258 3702 ὁ
1296 3654 1578 3722 προφήτης
1614 3653 1810 3723 Δανιὴλ

243 3743 485 3814 ᾐνίττετο
520 3743 721 3812 λέγων·
758 3743 867 3798 Καὶ
919 3742 1046 3795 ἰδοὺ
1084 3741 1215 3806 Υἱὸς
1248 3743 1558 3810 ἀνθρώπου
1585 3744 1682 3796 ἐπὶ
1716 3762 1809 3797 νε-

242 3833 450 3906 φελῶν
484 3835 803 3903 ἐρχόμενος
847 3831 957 3903 ἦν·
1002 3833 1100 3886 καί
1143 3833 1302 3897 αὐτῷ
1345 3835 1521 3902 ἐδόθη
1565 3836 1603 3902 ἠ
1652 3837 1806 3904 ἁρχὴ

243 3925 346 3979 καὶ
372 3926 410 3991 ἢ
441 3926 600 3994 τιμὴ,
633 3927 729 3979 καὶ
774 3927 813 3992 ἡ
847 3926 1154 3989 βασιλεία.
1194 3921 1266 3978 Εὖ
1307 3926 1364 3978 δὲ
1403 3928 1494 3979 καὶ
1522 3928 1581 3978 τὸ
1602 3930 1810 3981 λαϐεῖν

241 4016 460 4088 εἴρηται
481 4034 494 4045 ·
519 4018 734 4079 πάντως
763 4017 871 4088 γάρ
898 4017 990 4070 τοῦ
1023 4018 1234 4087 Πατρὸς
1261 4017 1489 4097 διδόντος
1514 4019 1804 4090 ἐλάμϐανε,
1834 4060 1841 4067 ,

243 4107 387 4163 κατὰ
409 4109 468 4160 τό
497 4124 510 4137 ·
538 4108 785 4177 Αἴτησαι
828 4110 960 4176 παρ’
989 4109 1154 4178 ἐμοῦ,
1190 4111 1287 4163 καὶ
1327 4109 1496 4163 δώσω
1535 4128 1630 4164 σοι
1663 4115 1806 4180 ἔθνη

241 4199 360 4266 τὴν
380 4201 778 4266 κληρονομίαν
801 4217 936 4253 σου·
964 4201 1000 4252 ἃ.
1029 4201 1092 4271 δὴ
1123 4201 1342 4255 δοθέντα
1369 4203 1514 4272 αὐτῷ
1544 4206 1692 4274 παρὰ
1715 4205 1806 4257 τού

243 4290 482 4345 Παλαιοῦ
508 4292 614 4346 τῶν
647 4292 864 4363 ἡμερῶν
895 4292 1302 4364 ὑποδεξάμενος,
1339 4291 1490 4357 αὖθις
1528 4296 1805 4365 ἐπανήξει.

241 4383 335 4436 Διό
376 4399 509 4452 φησι
541 4382 723 4438 λαϐεῖν
763 4384 938 4453 ἐαυτῷ
983 4384 1258 4453 βασιλείαν
1300 4389 1393 4438 καὶ
1436 4388 1802 4457 ὑποστρέψαι·

239 4477 337 4528 καὶ
362 4477 507 4538 ὅπως
529 4475 585 4527 δὲ
611 4477 893 4546 ποιήσεται
916 4477 1012 4546 τὴν
1038 4477 1311 4540 ἐπάνοδον,
1339 4479 1367 4529 ὁ
1394 4478 1534 4541 θεῖος
1551 4480 1806 4532 Ἀπὸστο-
1842 4489 1888 4546 Ῑ)

240 4567 334 4632 λος
372 4567 623 4636 διασαφεῖ
655 4567 852 4636 λέγων·
910 4569 1028 4620 Ὅτι
1069 4569 1251 4634 αὐτὸς
1285 4574 1317 4622 o’
1357 4572 1569 4636 Κύριος
1603 4571 1672 4622 ἐν
1715 4589 1807 4623 xe-

238 4653 554 4728 λεύσματι,
577 4661 646 4713 ἐν
667 4659 836 4728 φωνῇ
868 4660 1262 4728 ἀρχαγγέλου,
1295 4662 1392 4714 καὶ
1425 4663 1494 4713 ἐν
1519 4662 1805 4731 σάλπιγγι

241 4751 395 4805 Θεοῦ
418 4751 814 4816 καταϐήσεται
861 4752 978 4804 ἀπὸ
1018 4752 1296 4819 οὐρανοῦ.
1343 4754 1405 4805 Ἡ
1435 4753 1492 4805 δὲ
1531 4754 1807 4825 ἀποδημία

239 4845 336 4898 καὶ
376 4843 473 4914 τὴν
519 4843 890 4914 μακροθυμίαν
939 4843 1102 4914 δηλοῖ.
1156 4844 1302 4896 Ἔδει
1343 4844 1400 4896 δὲ
1448 4845 1606 4897 αὐτὸν
1646 4847 1810 4913 άναγ-

239 4936 414 4998 καιως
475 4936 554 4998 εἰς
609 4936 706 5005 τὴν
764 4937 1092 5005 δηλωθεῖσαν
1145 4936 1358 5006 μακράν
1413 4935 1593 5006 χώραν
1662 4939 1806 4989 στεί-

237 5028 458 5090 λασθαι,
490 5030 650 5081 κάκεῖ
675 5029 861 5099 χρόνον
885 5027 1159 5098 διατρῖψαι
1191 5027 1398 5080 πολλῶν
1423 5029 1585 5081 ἕνεκα
1606 5045 1616 5055 ·
1649 5029 1724 5090 ὡς
1746 5028 1810 5080 ἂν

238 5120 301 5172 ἐν
324 5119 403 5190 τῷ
435 5121 633 5190 μεταξύ
658 5123 706 5172 oi.
729 5118 891 5173 αὐτοῦ
917 5119 1242 5190 θεράποντες
1281 5121 1373 5190 τῆς
1417 5120 1621 5173 ἐαυτῶν
1648 5123 1812 5191 ἐργα-

240 5211 364 5274 σίας
387 5211 482 5281 τὴν
501 5211 728 5283 δοκιμὴν
761 5211 916 5264 δοῖεν.

315 5442 360 5473 ³⁹
381 5439 566 5495 Matth.
610 5458 648 5508 ι,
676 5444 726 5497 1.
801 5444 845 5473 ⁸⁸
874 5442 1028 5498 Joan.
1057 5419 1093 5506 1.,
1127 5443 1174 5493 1.
1253 5444 1294 5473 ⁵¹
1322 5442 1456 5496 Dan.
1485 5459 1578 5509 vu,
1613 5444 1692 5497 ιδ.
1768 5447 1810 5475 δ’
1834 5445 1978 5501 Psal.
2005 5461 2065 5511 lt,
2088 5448 2139 5502 8.

313 5656 423 5726 (68)
472 5655 766 5726 Sequentia
816 5655 1139 5710 conferenda
1199 5663 1323 5710 sunt
1380 5670 1505 5726 cum
1573 5653 1789 5710 Eusebii

1916 3190 2018 3239 est.
2053 3192 2333 3251 postquam
2370 3188 2502 3239 satis
2531 3201 2654 3240 cum
2711 3193 3028 3248 mortalibus
3069 3207 3314 3253 versatus
3356 3199 3478 3265 fuit,

1916 3272 1981 3323 ad
2006 3270 2221 3327 Patrem
2253 3290 2405 3330 suum
2442 3281 2673 3346 rediens,
2705 3284 2975 3351 profectus
3008 3298 3088 3341 est
3121 3289 3172 3340 in
3201 3290 3479 3358 regionem

1917 3362 2287 3434 longinquam,
2326 3372 2380 3422 n‘t
2445 3386 2611 3439 regno
2660 3389 2758 3429 suo
2812 3390 3035 3447 accepto
3091 3392 3478 3437 reverteretur.

1915 3453 2032 3507 Jnm
2063 3458 2340 3524 regionem
2375 3464 2721 3533 longinquam
2769 3467 2898 3522 dicit
2934 3486 3032 3538 pro
3083 3472 3255 3526 reditu
3287 3473 3341 3527 in
3371 3488 3485 3528 caa-

1916 3544 2022 3598 hun
2061 3565 2072 3598 :
2113 3564 2333 3617 regnum
2372 3566 2498 3606 vero
2530 3566 2806 3624 acceptum
2840 3559 2970 3614 illud
3003 3562 3181 3630 ipsum
3211 3564 3306 3628 ait,
3337 3565 3484 3632 quod

1915 3640 2176 3705 propheta
2224 3642 2412 3698 Daniel
2463 3647 2721 3702 innuebat
2769 3651 2953 3706 dicens
2999 3669 3015 3707 :
3060 3654 3123 3707 Et
3166 3670 3293 3710 ecce
3313 3654 3483 3713 Filius

1915 3729 2150 3785 hominis
2178 3733 2230 3787 in
2268 3736 2498 3791 nubibus
2527 3741 2883 3807 adventabat;
2926 3743 3135 3812 ipsique
3171 3746 3353 3799 dattnn
3397 3757 3484 3802 est

1916 3822 2202 3891 imperium
2269 3838 2321 3879 et
2375 3830 2548 3883 honor
2589 3841 2644 3885 et
2700 3849 2920 3904 regnum
2975 3837 3038 3889 “.
3104 3837 3270 3892 Ret-te
3315 3842 3480 3895 etiam

1916 3914 2116 3966 dictum
2146 3927 2227 3969 est
2255 3920 2528 3987 accipere;
2552 3935 2774 3988 prorsus
2809 3926 2952 3977 enim
2981 3941 3010 3979 a
3048 3925 3208 3982 Patre
3241 3929 3292 3982 id
3319 3932 3482 3984 dante

1916 4010 2144 4075 accepit,
2175 4013 2467 4064 secundum
2508 4011 2637 4067 illud
2661 4015 2706 4046 “
2735 4032 2748 4071 :
2784 4014 3005 4071 Postulo
3046 4031 3080 4071 α
3121 4035 3220 4084 me,
3255 4031 3303 4074 et
3342 4023 3479 4076 dabo

1917 4100 2011 4150 tibi
2036 4112 2208 4166 gentes
2229 4102 2580 4158 Intreditatem
2606 4118 2747 4159 tuam
2772 4123 2789 4159 :
2812 4123 2973 4176 quam
3006 4111 3166 4163 simul
3189 4126 3252 4166 ac
3276 4113 3342 4166 ab
3363 4113 3478 4166 An-

1916 4191 2067 4259 tiquo
2093 4193 2301 4247 dierum
2334 4199 2601 4265 acceperit
2623 4238 2636 4261 ,
2669 4200 2850 4252 statim
2901 4213 3222 4257 revertetur.
3269 4202 3481 4260 Idcirco

1916 4285 2016 4348 ait,
2047 4287 2112 4338 ad
2148 4290 2519 4357 accipiendum
2553 4292 2654 4345 sibi
2704 4309 2926 4363 regnum
2974 4308 3029 4351 et
3077 4300 3476 4353 revertendum.

1916 4372 2154 4438 Quanam
2189 4389 2369 4432 autem
2412 4382 2621 4436 ratione
2643 4383 2873 4438 reditum
2898 4384 3149 4441 Christus
3179 4387 3368 4455 faciet,
3399 4391 3482 4441 di-

1916 4479 2013 4521 vus
2037 4471 2322 4536 Apostolus
2343 4473 2680 4528 demonstrat
2709 4477 2792 4529 his
2815 4478 2995 4530 verbis
3029 4496 3041 4531 :
3076 4477 3340 4542 Quoniam
3368 4482 3478 4544 ipse

1917 4559 2169 4615 Dominus
2212 4564 2266 4615 in
2305 4565 2489 4632 jussu,
2537 4567 2590 4618 in
2631 4584 2752 4622 voce
2800 4571 3138 4641 archangeli,
3183 4585 3229 4626 et
3266 4575 3321 4627 in
3355 4580 3482 4627 tuba

1919 4654 2013 4706 Dei
2050 4655 2319 4710 descendet
2345 4664 2408 4711 de
2446 4659 2572 4714 caelo
2605 4661 2670 4716 ".
2697 4661 2816 4717 Jam
2837 4662 2924 4719 ille
2951 4666 3128 4720 abitus
3159 4668 3478 4736 patientiam

1912 4759 2125 4815 quoque
2169 4752 2516 4817 esspectandi
2547 4753 2836 4822 signiﬁcat.
2878 4757 2941 4811 Et
2978 4759 3192 4826 quidem
3228 4775 3480 4814 necessa-

1914 4836 2052 4889 rium
2105 4846 2222 4890 erat
2281 4849 2337 4892 ut
2386 4841 2501 4909 ipse
2553 4843 2658 4896 iter
2715 4845 2766 4898 in
2809 4847 3155 4916 longinquam
3203 4850 3475 4919 regionem

1913 4928 2242 4996 susciperet,
2274 4929 2458 4999 ibique
2496 4934 2584 4986 diu
2616 4947 2898 5000 maneret,
2931 4953 3094 5007 quum
3135 4941 3256 4994 aliis
3297 4940 3480 4996 multis

1912 5016 1977 5068 de
2009 5019 2207 5082 causis,
2239 5029 2348 5072 tum
2383 5032 2443 5074 ut
2477 5023 2690 5078 interim
2722 5027 2862 5081 servi
2904 5028 3020 5095 ejus
3054 5029 3330 5086 industriae
3368 5046 3479 5085 suae

1915 5109 2297 5171 documentum
2322 5113 2560 5168 ederent.

2236 5448 2280 5478 “
2302 5445 2320 5499 ι
2345 5448 2538 5505 Thess.
2594 5450 2788 5521 tvuis.

1906 5674 2017 5710 non
2045 5658 2208 5728 semel
2233 5660 2285 5712 in
2319 5659 2732 5728 Theophaniam,
2760 5663 2840 5717 vel
2873 5663 2987 5715 vice
3014 5677 3164 5717 versa
3186 5705 3200 5727 ,
3237 5664 3477 5718 animad-

243 5724 589 5792 Tkeophania:
634 5726 776 5802 ap_ud
818 5740 920 5802 nos
961 5727 1265 5802 fragmento
1289 5739 1418 5778 ult.
1467 5724 1533 5779 Et
1574 5727 1786 5802 quidem
1896 5731 2065 5802 vestit
2083 5727 2323 5802 ch_Lens
2347 5731 2396 5802 in
2419 5724 2898 5802 st'taLTheopltania:
2923 5733 3145 5802 Anglica
3180 5724 3436 5787 editione.

240 5797 524 5852 Eusebium
554 5811 674 5865 qua:
700 5797 751 5849 in
784 5795 903 5848 aliis
929 5795 1182 5864 operibus
1214 5795 1458 5858 dixerat,
1492 5795 1790 5851 contulisse

1965 5798 2075 5870 (69)
2114 5798 2195 5854 Cf.
2221 5801 2360 5866 apud
2392 5802 2489 5856 nus
2514 5798 2922 5870 Theophaniam,
2959 5798 3059 5859 col
3091 5803 3214 5867 687,
3253 5803 3348 5858 lin.
3380 5803 3474 5878 48.
