4128 6294
846 483 893 518 δδ
939 479 1141 536 Vocatis
1165 488 1336 533 autem
1368 479 1541 533 decens
1564 478 1720 533 senis
1739 477 1868 542 stris,
1907 476 2051 531 dedit
2071 477 2144 533 eis

1317 547 1489 602 decem
1509 559 1678 601 vanas.

801 645 903 700 Per
931 645 1032 698 bos
1067 632 1249 710 itaque
1293 638 1386 708 qui
1419 651 1570 692 mnas
1605 645 1961 706 acceperunt,
1985 637 2275 710 discipulos

727 749 854 792 suos
885 731 1183 794 denotavit,
1216 728 1412 800 quibus
1432 725 1672 797 singulas
1710 741 1864 782 mnas
1897 729 2116 784 tradens
2137 768 2154 793 ,
2179 743 2276 799 pa-

723 840 945 898 remque
997 833 1051 880 et
1074 822 1300 880 similem
1346 818 1867 876 administrationem
1910 821 2271 887 committens,

721 915 985 986 negotiari
1021 909 1315 978 eosjussit,
1338 908 1508 964 donec
1538 907 1652 979 ipse
1692 908 1760 964 de
1793 907 2082 982 longinqua
2113 923 2272 981 pere-

722 1006 1024 1079 grinatione
1070 1001 1287 1057 rediret.
1313 997 1614 1070 Negotiatio
1631 1008 1810 1055 autem
1841 1000 1980 1055 nulla
2006 1000 2112 1056 alia
2130 1009 2268 1067 erat,

721 1098 826 1153 nisi
857 1095 1004 1167 regni
1035 1092 1155 1163 eius
1175 1089 1484 1162 praedicatio
1521 1090 1588 1144 ad
1616 1103 1805 1146 omnes
1834 1090 2077 1147 homines
2120 1106 2150 1144 a
2188 1091 2271 1146 di-

717 1185 938 1258 scipulis
957 1183 1069 1239 suis
1093 1179 1414 1253 peragenda.
1441 1179 1612 1235 Porro
1637 1195 1798 1234 unum
1828 1179 1957 1249 quid
1987 1181 2087 1236 hoc
2125 1191 2266 1245 erat,

717 1277 842 1346 quia
870 1289 1034 1330 unum
1064 1274 1302 1330 omnium
1329 1271 1696 1340 magisterium
1714 1312 1730 1335 ,
1762 1287 1868 1326 una
1909 1271 2042 1328 ﬁdes
2065 1313 2079 1336 .
2104 1276 2266 1328 unum

711 1368 977 1438 baptisma
999 1405 1014 1430 ,
1046 1380 1152 1420 una
1181 1362 1421 1418 doctrina
1461 1362 1529 1417 ”.
1577 1361 1864 1432 Propterea
1900 1379 2001 1417 una
2049 1365 2265 1435 quidem

713 1459 1034 1526 mna,varia
1065 1465 1240 1511 tamen
1289 1468 1450 1524 opera
1491 1455 1664 1510 evasit
1689 1495 1706 1520 ,
1751 1455 2044 1525 negotiatio
2082 1455 2263 1526 splen-

710 1553 856 1616 dida,
894 1561 949 1606 et
979 1548 1096 1618 ejus
1129 1547 1202 1602 rei
1238 1547 1446 1603 fructus
1472 1547 1645 1602 dives.
1669 1548 1846 1615 Atque
1871 1547 2067 1602 borum
2099 1563 2262 1604 causa

711 1642 1054 1711 longinquam
1086 1637 1570 1710 peregrinationem
1616 1636 1810 1692 nobilis
1848 1637 1937 1693 ille
1967 1639 2049 1692 vir
2085 1652 2264 1693 susce-

709 1739 806 1806 pit.
858 1733 1007 1790 Unde
1056 1731 1256 1787 dictum
1294 1742 1377 1785 est
1417 1729 1469 1784 ei
1496 1743 1528 1784 s
1575 1727 1781 1785 Patre:
1827 1728 1961 1786 Sede
2000 1747 2032 1784 ιι
2065 1729 2260 1784 dextris

1393 355 1659 415 EUSEBII
1695 350 2165 413 CESARIENSIS
2199 351 2350 414 OPP.
2389 353 2572 414 PARS
2606 353 2696 416 ΙΙΙ.
2724 388 2794 400 -
2829 353 3242 416 EXEGETICA.

2308 480 2356 538 Δ
2379 479 2657 543 Καλέσας
2681 476 2753 532 de
2771 477 2919 532 δέκα
2947 476 3206 540 δούλους
3233 473 3470 540 ἑαυτοῦ,
3494 467 3721 530 ἔδωκεν
3739 475 3950 544 αὐτοῖς

2984 546 3129 600 δέκα
3169 544 3349 615 μνᾶς.

2460 639 2751 711 Ἐσήμαινε
2781 639 2958 693 τοίνυν
2981 635 3070 691 διὰ
3095 636 3204 690 τῶν
3240 637 3512 691 λαϐόντων
3535 636 3636 701 τὰς
3661 636 3802 707 μνᾶς
3817 637 3948 701 τοὺς

2378 731 2571 786 ἐαυτοῦ
2609 731 2873 804 μαθητὰς,
2898 727 2980 796 οἷς
3004 729 3106 784 ἀνά
3150 728 3278 801 μίαν
3309 731 3445 800 μνάν
3488 727 3785 802 παραδοὺς.
3821 728 3948 797 ῐσην

2376 839 2435 876 τε
2455 824 2548 876 καὶ
2559 823 2749 894 ὁμοίαν
2773 825 2938 878 πᾶσιν
2965 821 3269 894 ἐγχειρίσας
3295 821 3396 895 τήν
3421 821 3728 892 οἰκονομίαν
3747 860 3764 886 ,
3797 836 3943 892 πρα-

2376 915 2780 986 γματεύσασθαι
2796 914 3247 988 παρεκελεύσατο,
3283 913 3388 977 ιως
3432 912 3544 985 (70)
3571 911 3639 967 ἂν
3673 909 3946 982 ἐπανέλθῃ

2375 1008 2474 1078 τῆς
2502 1009 2716 1080 μακρᾶς
2739 1007 3066 1080 ἀποδημίας.
3104 1007 3168 1061 Ἦ
3201 1005 3257 1059 δέ
3281 1005 3632 1076 πραγματεία
3667 1004 3769 1056 οὐκ
3803 1001 3945 1075 ἄλλη

2374 1117 2458 1164 τις
2474 1095 2543 1172 ἧν
2562 1100 2696 1154 ἀλλά
2717 1101 2779 1154 τὸ
2809 1102 3069 1173 κήρυγμα
3088 1099 3149 1153 τὸ
3173 1099 3299 1168 περὶ
3325 1098 3426 1168 τῆς
3455 1096 3622 1150 αὐτοῦ
3666 1096 3946 1165 βασιλείας

2373 1193 2454 1254 είς
2481 1193 2685 1256 πάντας
2719 1191 3037 1264 ἀνθρώπους
3068 1189 3172 1246 ὑπὸ
3213 1189 3322 1244 τῶν
3354 1187 3532 1243 αὐτῶν
3562 1187 3730 1241 αὐτοῦ
3761 1189 3946 1259 μαθη-

2371 1283 2481 1336 τῶν
2505 1283 2960 1356 κατηγγελμένον.
2997 1284 3135 1338 Ἀλλ’
3163 1283 3220 1336 ἐν
3245 1283 3340 1354 μὲν
3369 1277 3438 1352 ἠν
3468 1278 3648 1346 τοῦτο,
3683 1281 3805 1333 ἐπεὶ
3844 1282 3946 1335 καὶ

2374 1376 2472 1446 μία
2494 1375 2600 1430 τῶν
2633 1377 2846 1431 πάντων
2868 1376 3203 1439 διδασκαλία,
3233 1375 3327 1429 καὶ
3364 1372 3462 1445 μία
3510 1373 3712 1436 πίστις,
3754 1371 3850 1426 καὶ
3879 1371 3944 1426 ἐν

2371 1467 2650 1540 βάπτισμα
2681 1469 2774 1522 καὶ
2791 1471 2821 1523 ό
2843 1469 3003 1534 αὐτὸς
3033 1469 3187 1538 λόγος
3209 1468 3320 1539 (71)
3341 1483 3355 1497 ⁸
3387 1466 3468 1520 διὸ
3495 1465 3588 1519 καὶ
3611 1465 3710 1536 μία
3742 1465 3778 1537 ἠ
3804 1465 3941 1536 μνᾶ,

2368 1559 2622 1633 διάφορος
2648 1561 2705 1614 δέ
2728 1561 2911 1625 αὐτοῖς
2929 1563 2962 1632 ἠ
2981 1561 3215 1634 ἐργασία
3239 1560 3474 1629 ἐγένετο,
3492 1557 3586 1612 καὶ
3611 1561 3647 1629 ἠ
3677 1574 3948 1630 πραγμα-

2364 1651 2484 1704 τεία
2504 1650 2750 1723 λαμπρά,
2789 1652 2818 1704 ὃ
2853 1653 2902 1704 τ’
2931 1652 3025 1705 ἐπὶ
3068 1649 3240 1726 ταύτῃ
3285 1651 3452 1722 πόρος
3493 1648 3768 1713 πλούσιος.
3823 1649 3943 1704 Καὶ

2365 1738 2539 1793 ταῦτα
2559 1739 2659 1810 μὲν
2687 1735 2756 1812 ἦν
2787 1732 2862 1794 ὧν
2899 1740 3060 1795 ἕνεκα
3082 1739 3179 1812 τὴν
3201 1739 3417 1812 μακρὰν
3455 1738 3677 1809 πορείαν
3712 1738 3742 1789 ό
3772 1738 3940 1806 εὐγε-

707 1827 855 1893 meis,
890 1824 1050 1877 donec
1089 1836 1279 1888 ponam
1309 1820 1545 1874 inimicos
1595 1829 1712 1873 tuos
1747 1818 2028 1874 εοαιείίιιιιι
2067 1821 2257 1888 pedum

2358 1831 2452 1902 νής
2483 1832 2763 1886 ἐστέλλετο
2803 1832 3106 1906 ἄνθρωπος.
3152 1831 3313 1886 Ὅθεν
3361 1831 3577 1899 ἐλέγετο
3625 1829 3776 1900 αὐτῷ
3829 1829 3943 1883 ὕπῇ

703 1928 910 1972 tuorum
925 1915 990 1970 “.
1019 1913 1245 1981 Quinam
1270 1927 1398 1966 vero
1425 1912 1534 1966 sint
1555 1910 1609 1966 bi
1638 1911 1862 1978 inimici,
1889 1911 1936 1966 si
1968 1912 2090 1981 quis
2111 1911 2256 1966 scire

701 2012 847 2069 avet,
880 2000 1150 2072 parabola
1175 2008 1459 2055 contextus
1503 1999 1747 2064 docebit,
1779 2000 1867 2054 ubi
1910 2002 2057 2056 cives
2099 2001 2254 2056 indu-

697 2105 896 2151 cuntur
926 2092 1066 2164 regis
1090 2105 1306 2155 osores,
1340 2091 1562 2160 ejusque
1607 2091 1891 2160 imperium
1939 2091 2249 2148 detrectan-

697 2199 802 2251 tes,
834 2198 886 2242 et
912 2184 1124 2242 elronti
1173 2183 1400 2238 audacia
1445 2181 1744 2253 eil‘renique
1800 2199 1896 2239 ore
1957 2185 2247 2242 dicentes:

693 2279 954 2334 Nolumus
995 2276 1137 2332 hunc
1165 2286 1388 2344 regnare
1420 2287 1582 2342 super
1631 2288 1750 2329 nos.
1809 2273 1912 2330 Sed
1944 2276 1996 2330 bi
2020 2317 2036 2340 ,
2084 2291 2254 2347 quan-

693 2387 852 2442 quam
883 2371 1051 2433 cives,
1092 2381 1273 2437 regem
1325 2366 1598 2432 abnuunt;
1637 2366 1752 2436 ipse
1801 2379 1981 2424 autem
2026 2384 2056 2424 a
2090 2368 2252 2426 Patre

692 2463 847 2517 audit
880 2460 1062 2519 :Sede
1111 2473 1140 2512 a
1174 2457 1376 2512 dextris
1392 2457 1546 2520 meis,
1588 2457 1758 2514 donec
1807 2458 1900 2513 tibi
1943 2460 2125 2514 hostes
2161 2475 2251 2529 pe-

691 2552 849 2608 dibus
887 2558 1288 2620 supponantur;
1322 2550 1558 2620 itemque
1592 2565 1608 2603 :
1654 2548 1932 2605 Dominus
1972 2552 2030 2606 in
2074 2552 2244 2606 medie

689 2626 1022 2697 inﬁnitarum
1055 2649 1265 2695 tuorum
1287 2641 1355 2694 δ’.

2357 1919 2453 1974 τοῦ
2501 1921 2710 1992 Πατρός
2743 1938 2757 1951 ’
2787 1920 2982 1976 Κάθου
3029 1921 3099 1976 ἐκ
3143 1907 3355 1985 δεξιῶν
3388 1936 3530 1988 μου,
3577 1918 3691 1982 ἕως
3739 1917 3820 1971 ἂν
3853 1916 3942 1971 θῶ

2357 2012 2499 2077 τοὺς
2544 2013 2794 2082 ἐχθρούς
2835 2027 2953 2068 σου
2995 2011 3329 2068 ὑποπόδιον
3371 2010 3491 2066 τῶν
3531 2008 3736 2064 ποδῶν
3787 2023 3937 2063 σου.

2357 2108 2546 2170 Ποίους
2565 2108 2644 2172 δέ,
2669 2109 2722 2160 εί
2749 2125 2832 2172 τις
2869 2107 3091 2162 πύθοιτο
3126 2105 3318 2178 μαθεῖν
3359 2105 3579 2172 ἐθέλων,
3614 2103 3874 2176 ἐχθροὺς,
3907 2101 3942 2156 ό

2355 2197 2443 2250 διά
2475 2198 2574 2268 τῆς
2627 2198 2941 2270 παραϐολῆς
2977 2196 3176 2262 διδάξει
3209 2197 3397 2265 λόγος,
3445 2194 3783 2265 συμπολίτας
3820 2195 3944 2247 εισ-

2358 2288 2505 2357 ἀγων
2529 2288 2622 2342 τοῦ
2657 2289 2919 2359 βασιλέως
2949 2288 3235 2360 μισοῦντας
3251 2288 3411 2342 αὐτὸν
3437 2287 3531 2340 καὶ
3557 2283 3945 2358 παραιτουμό-

2355 2397 2478 2444 νους
2507 2380 2672 2434 αὑτοῦ
2704 2381 2801 2452 τήν
2837 2380 3031 2452 ἀρχὴν,
3055 2382 3234 2451 γυμνῇ
3255 2395 3314 2432 τε
3343 2380 3408 2450 τῇ
3441 2376 3649 2466 κεφαλῇ
3671 2375 3941 2444 λέγοντας

2353 2471 2445 2524 καὶ
2465 2471 2704 2544 ἀχαλίνῳ
2725 2475 2954 2544 στόματι
2973 2488 2988 2504 ’
3013 2473 3087 2526 Οὐ
3123 2470 3348 2541 θέλομεν
3389 2468 3579 2524 τοῦτον
3620 2467 3938 2539 βασιλεύειν

2349 2562 2438 2631 ἐφ’
2473 2564 2638 2633 ἡμᾶς.
2701 2563 2839 2617 Ἀλλ’
2867 2564 2918 2617 oi
2955 2562 3075 2633 μέν,
3121 2561 3325 2632 καίπερ
3360 2558 3512 2622 ὄντες
3555 2557 3793 2624 πολῖται,
3839 2557 3939 2610 τὸν

2349 2645 2570 2715 βασιλέα
2601 2649 2878 2721 ἠρνοῦντο,
2910 2650 2940 2701 ό
2970 2649 3028 2703 δέ
3059 2647 3163 2702 ὑπὸ
3191 2647 3287 2703 τοῦ
3321 2646 3531 2719 Πατρδς
3573 2645 3782 2699 ἀκούει·
3812 2646 3938 2700 Κό-

690 2731 786 2785 θου
817 2728 1104 2794 ἐκδεξιῶν
1145 2745 1266 2801 μου,
1301 2728 1405 2793 hoc
1451 2729 1515 2783 ἀν
1557 2730 1662 2784 ὑπὸ
1708 2731 1874 2796 πόδας
1927 2731 2154 2786 τεθῶσιν
2198 2734 2249 2788 οί
2285 2733 2469 2807 ἐχθροί
2520 2754 2634 2793 σοιν
2671 2742 2786 2793 nat:
2813 2740 3214 2809 Κατακυρίευε
3248 2739 3321 2793 ἐν
3345 2737 3514 2809 μέσῳ
3549 2735 3669 2790 τῶν
3689 2734 3938 2804 ἐχθρῶν

687 2843 824 2883 σου.

754 2921 876 2976 lam
906 2921 1031 2992 quia
1064 2933 1286 2992 regnum
1321 2919 1438 2990 ejus
1474 2922 1780 2977 abnuerunt
1824 2923 2240 2994 inimici'ipslus

2429 2925 2582 2980 Ἐπεὶ
2605 2926 2661 2980 δέ
2695 2925 2908 2998 ἔξαρνοι
2945 2926 3048 2997 τῆς
3077 2925 3352 2997 βασιλείας
3385 2923 3552 2978 αὑτοῦ
3588 2923 3846 2992 ἐγίνοντο
3879 2923 3933 2976 ut

685 3013 854 3078 cives,
887 3013 1080 3068 merito
1110 3011 1194 3068 eis
1217 3011 1436 3066 aiebat:
1470 3012 1757 3080 Anferetur
1782 3031 1814 3068 ο
1845 3015 1985 3070 vobis
2027 3032 2242 3086 regnans

2358 3017 2531 3090 ὶχθροὶ
2561 3017 2726 3073 αὐτοῦ
2761 3017 2996 3081 πολῖται,
3028 3017 3252 3081 εἰκότως
3277 3013 3414 3088 πρὸς
3434 3016 3631 3078 αὐτοὺς
3653 3014 3926 3082 ἔφασκενο

683 3105 804 3169 Dei,
837 3115 886 3160 et
914 3107 1124 3160 dabitur
1159 3107 1296 3175 genti
1338 3106 1554 3175 facienti
1603 3108 1805 3165 fructus
1839 3108 1955 3177 ejus
1976 3109 2040 3166 ⁸³.
2083 3110 2242 3178 Qua-

2360 3107 2693 3178 Ἆρθήσεται
2731 3109 2832 3179 ἀφ’
2860 3107 3029 3180 ὑμῶν
3066 3107 3108 3177 ἠ
3145 3107 3435 3173 ,ϐασιλεία
3465 3106 3569 3160 τοῦ
3607 3105 3780 3169 Θεοῦ,
3821 3104 3930 3160 και

683 3211 810 3252 nam
840 3209 968 3252 vero
990 3204 1134 3252 esset
1171 3210 1303 3266 gens
1331 3211 1497 3267 regno
1539 3197 1698 3268 digna
1721 3237 1738 3263 ,
1781 3199 2106 3270 signiﬁcavit
2149 3204 2241 3272 qui

2358 3200 2661 3268 loMaetat
2705 3201 2862 3256 ἔθνει
2905 3200 3175 3256 ποιοῦντι
3217 3198 3361 3266 τοὺς
3401 3200 3668 3269 καρποὺς
3701 3199 3925 3269 αὐτῆς.

685 3288 824 3342 dixit
864 3303 880 3340 :
916 3284 1135 3342 Postlla
1171 3304 1205 3342 α
1226 3304 1342 3352 me,
1381 3297 1429 3343 et
1461 3288 1595 3342 dabo
1621 3291 1716 3343 tibi
1745 3297 1921 3360 gentes
1958 3293 2242 3348 heredita-

2358 3292 2499 3348 [Ιοτον
2521 3292 2578 3346 δέ
2603 3289 2674 3364 ἦν
2703 3291 2764 3346 τὸ
2793 3291 2944 3355 ἐθνος
2972 3290 3034 3345 τὸ
3064 3291 3168 3361 τῆς
3211 3290 3487 3363 βασιλείας
3521 3290 3692 3358 ἀξιον,
3726 3291 3928 3365 ἐδήλου

682 3387 784 3432 mn
803 3387 970 3432 tuam.
1004 3377 1411 3434 Demonstrabat
1436 3387 1638 3441 autem,
1659 3381 1806 3435 cives
1829 3380 2080 3439 inimicos
2101 3383 2240 3451 ejus,

2358 3383 2592 3440 ἱείπώνο
2625 3385 2882 3454 Alendus
2912 3385 3049 3453 παρ’
3078 3384 3246 3453 ἐμοῦ,
3286 3385 3386 3439 καὶ
3425 3383 3600 3438 δώσω
3625 3399 3731 3439 σοι
3763 3384 3925 3454 GM

680 3469 825 3523 haud
850 3467 984 3526 alios
1003 3482 1123 3524 esse
1162 3483 1324 3539 quam
1357 3469 1663 3527 Iudaeorum
1698 3480 1936 3541 gentem,
1959 3473 2049 3542 qui
2077 3473 2239 3541 primi

2358 3473 2452 3543 τὴν
2478 3473 2881 3543 κληρονομίαν
2901 3488 3038 3528 σου.
3087 3473 3307 3544 Ἐδήλου
3333 3474 3390 3529 δέ
3426 3473 3649 3534 πολίτας
3685 3471 3926 3545 ἐχθροὺς

681 3572 711 3610 a
743 3556 1042 3613 Servatoris
1063 3559 1234 3629 gratia
1278 3561 1535 3630 praeventi
1571 3560 1847 3615 contraria
1887 3563 1935 3616 ei
1971 3563 2238 3619 retribueo

2358 3561 2500 3616 ιὺτοῢ
2519 3561 2617 3633 οὐχ
2637 3562 2857 3635 ἐτέρους
2878 3561 2972 3615 τοῦ
3008 3561 3272 3616 Ἰουδαίων
3309 3561 3513 3626 ἔθνους,
3547 3563 3597 3615 οἳ
3629 3559 3715 3631 δὴ,
3750 3559 3920 3633 πρῶ-

677 3657 829 3702 ruut.
867 3647 1089 3704 ldeo’de
1117 3649 1250 3719 ipsis
1292 3649 1604 3720 prophetice
1661 3649 1887 3704 aiebat:
1929 3648 2062 3704 Mala
2102 3652 2236 3706 mihi

2358 3668 2417 3705 rut
2447 3651 2547 3722 τῆς
2574 3649 2672 3705 τοῦ
2707 3652 2957 3723 Σωτῆρος
2995 3652 3214 3723 χάριτος
3243 3651 3554 3723 ἠξιωμένοι,
3595 3653 3710 3715 τοῖς
3755 3653 3922 3704 ἐνανο

677 3740 1050 3795 retribuerunt
1079 3755 1094 3792 :
1128 3755 1229 3811 pro
1259 3755 1327 3796 eo
1352 3749 1408 3794 ut
1436 3753 1522 3795 me
1544 3740 1855 3811 diligerent,
1883 3740 2238 3798 detrahebant

2358 3741 2468 3805 πίοις
2499 3741 2662 3796 αὑτὸν
2703 3741 2996 3812 ἠμύναντο.
3042 3741 3135 3795 Διὸ
3171 3743 3299 3814 περὶ
3341 3741 3520 3796 αὐτῶν
3559 3740 3925 3810 προφητικῶς

679 3830 845 3896 mihi,
880 3838 938 3886 et
989 3833 1159 3901 gratis
1208 3838 1670 3901 oppugnaverunt,
1718 3830 2009 3900 dolosaque
2055 3830 2237 3900 lingua

2358 3833 2518 3904 λεγεν
2531 3850 2546 3864 ο
2591 3831 3085 3889 Ἇνταπεδίδοσάν
3099 3849 3203 3904 μοι
3229 3833 3479 3903 πονηρά·
3505 3833 3639 3887 ἀντὶ
3670 3830 3924 3902 ἀγαπᾷν

678 3929 868 3976 contra
894 3936 981 3977 me
1004 3932 1128 3977 sunt
1151 3921 1348 3986 locuti,
1373 3932 1431 3978 et
1458 3921 1802 3977 sermonibus
1845 3921 1955 3975 odii
1999 3920 2235 3976 circum-

2358 3943 2429 3991 ιε,
2461 3924 2852 3980 ἑτι-διέϐαλλόν
2869 3940 2968 3995 με,
2996 3924 3095 3980 καί
3121 3923 3511 3994 ἐπολέμησαν
3531 3922 3782 3991 διδρεὰν,
3811 3923 3916 3978 καὶ

2332 4016 2648 4084 ἐλάλησαν
2684 4016 2813 4069 κατ’
2860 4014 3008 4086 ἐμοῦ
3054 4014 3303 4086 γλώσσῃ
3342 4013 3539 4081 δολία,
3580 4012 3680 4067 καί
3699 4014 3916 4085 λόγοις

2329 4107 2552 4178 μίσους
2598 4107 2972 4161 ἐκύκλωσανο
3022 4105 3089 4160 δι’
3126 4097 3203 4160 ὧν
3246 4103 3644 4177 προϐάλλεσθαι
3679 4103 3913 4158 είώθασι

2336 4196 2457 4248 κατ’
2484 4193 2652 4250 αὐτοῦ
2693 4194 3026 4266 βλασφήμων
3053 4192 3249 4263 λόγων,
3285 4192 3671 4265 κατευχόμενοί
3700 4209 3760 4247 τε
3805 4194 3912 4248 αὐ-

679 4299 846 4355 super
869 4297 986 4340 nos.
1017 4282 1306 4353 Propterea
1333 4299 1438 4340 non
1467 4298 1633 4354 regno
1679 4294 1884 4341 tantum
1925 4284 2236 4356 spoliabun-

2358 4283 2452 4348 τοῦ,
2480 4284 2575 4338 καὶ
2609 4282 2765 4354 μόνον
2795 4285 2895 4338 οὐκ
2922 4285 3105 4348 αὐτοῖς
3141 4282 3391 4352 λέγοντες
3436 4285 3547 4345 τοῖς
3579 4281 3763 4351 ἔργοις
3786 4299 3802 4314 °
3831 4280 3912 4338 οδ

679 4385 802 4441 tur,
838 4392 1021 4432 verum
1052 4380 1216 4432 etiam
1257 4376 1494 4432 debitam
1547 4375 1808 4447 impietati
1858 4391 1970 4432 sua:
2015 4389 2236 4446 pinnam

2358 4374 2561 4446 ίέλομεν
2585 4373 2770 4428 τοῦτον
2800 4371 3113 4445 βασιλεῦσαι
3138 4373 3222 4443 ἐφ’
3243 4373 3409 4443 ἡμᾶς.
3437 4372 3530 4424 Διδ
3548 4371 3615 4442 δὴ
3644 4373 3708 4425 οὐ
3741 4373 3913 4444 μόνον

679 4466 936 4522 referent.
985 4465 1144 4523 Cives
1203 4480 1330 4522 vero
1378 4465 1498 4521 illos
1551 4465 1607 4520 in
1672 4465 1923 4536 parabole
1975 4465 2232 4536 appellat,

2358 4467 2435 4536 τῆς
2457 4465 2727 4536 βασιλείας
2751 4465 3192 4539 στερηθήσονται,
3220 4463 3356 4517 ἀλλά
3396 4461 3491 4517 καὶ
3522 4464 3804 4518 πείσονται
3840 4464 3911 4519 τά

680 4559 877 4628 quippe
902 4572 968 4613 ex
991 4556 1178 4612 eadem
1206 4557 1532 4627 cognatione
1565 4555 1824 4612 oriundos
1847 4595 1863 4622 ,
1887 4557 2142 4627 quoniam
2179 4565 2236 4610 et

2363 4559 2582 4632 πίχειρα
2609 4559 2710 4629 τῆς
2735 4558 2914 4611 αὐτῶν
2947 4555 3282 4619 δυσσεϐείας.
3329 4554 3559 4620 Πολίτας
3599 4555 3656 4608 δέ
3703 4556 3908 4620 αὐτοὺς

679 4651 796 4719 ipse
819 4665 887 4705 ex
912 4649 1099 4704 iisdem
1135 4647 1570 4719 progenitoribus
1591 4662 1761 4719 genus
1781 4649 2011 4704 ducebat
2043 4663 2234 4703 secun-

2363 4648 2416 4702 ιά
2448 4650 2545 4720 τῆς
2580 4647 2895 4721 παραϐολῆς
2933 4643 3236 4717 ὠνόμαζεν,
3270 4646 3365 4700 ἀτε
3395 4645 3460 4717 δὴ
3499 4647 3563 4700 ἐκ
3593 4646 3698 4716 τῆς
3731 4647 3908 4718 αὐτῆς

677 4744 804 4800 dum
831 4742 1011 4797 carnis
1035 4742 1393 4807 nativitatem,
1415 4752 1470 4798 et
1488 4743 1612 4812 quia
1636 4756 1788 4808 aque
1811 4741 1909 4796 sub
1931 4740 2046 4812 lege
2069 4740 2232 4796 vitam

2362 4737 2677 4809 ρμωμένους
2699 4736 2848 4807 αὐτῷ
2877 4734 3214 4803 συγγενείας·
3243 4736 3366 4788 ἐπεὶ
3395 4735 3488 4788 καὶ
3515 4734 3678 4798 αὐτὸς
3706 4737 3773 4790 ἐκ
3795 4735 3906 4790 τῶν

678 4834 929 4905 degebat.
970 4834 1144 4902 Atque
1189 4835 1300 4887 tunc
1342 4833 1499 4903 primi
1545 4831 1662 4902 eius
1703 4833 1961 4888 adventus
2017 4833 2231 4902 propria

2358 4829 2504 4883 μύτῶν
2528 4830 2751 4901 ὡρμᾶτο
2778 4827 3136 4900 προπατόρων
3161 4827 3303 4882 κατά
3322 4828 3421 4900 τήν
3446 4825 3710 4900 ἐνσαρκον
3734 4827 3906 4882 αὐτοῦ

679 4934 826 4980 sunt.
881 4923 1012 4991 Quae
1050 4939 1170 4979 cum
1209 4925 1462 4979 Servatur
1509 4925 1584 4978 ita
1641 4923 1950 4987 docuisset,
1981 4924 2232 4991 deinceps

2358 4920 2557 4985 ’ένεσιν,
2589 4920 2680 4973 καὶ
2709 4919 2936 4988 ἐπείπερ
2966 4917 3064 4987 τῆς
3091 4918 3320 4988 νομίμου
3349 4917 3546 4989 ὁμοίως
3568 4919 3756 4984 αὐτοῖς
3776 4937 3906 4991 μετ-

676 5017 910 5071 reditum
944 5013 1108 5071 suum
1147 5016 1436 5087 gloriosum
1480 5026 1643 5084 atque
1671 5014 1898 5084 regalem
1947 5014 2109 5075 sistit,
2153 5020 2233 5066 te-

2358 5029 2410 5079 ιει
2447 5011 2734 5074 πολιτείας.
2782 5009 2965 5062 Ταῦτα
3012 5010 3107 5080 μὲν
3147 5005 3240 5063 οὖν
3284 5009 3666 5080 παραστατικά
3713 5011 3782 5066 ἂν
3815 5011 3899 5082 εἴη

679 5118 830 5163 stans
874 5107 990 5162 fore
1039 5115 1100 5160 ut
1143 5108 1210 5160 de
1257 5105 1507 5161 omnibus
1556 5114 1683 5160 tunc
1719 5103 1928 5172 justum.
1969 5104 2232 5173 judicium

2361 5103 2424 5172 ἧς
2457 5102 2676 5174 πρώτης
2703 5099 2869 5154 αὑτοῦ
2892 5100 3146 5168 ἀφίξεως.
3185 5099 3338 5154 Ἐπεὶ
3363 5099 3420 5152 δὲ
3444 5098 3617 5155 ταῦτα
3647 5101 3679 5152 ό
3703 5101 3899 5174 Σωτὴρ

679 5207 948 5254 exerceat.
980 5197 1112 5253 Nam
1147 5199 1211 5253 iis
1235 5199 1326 5268 qui
1357 5198 1493 5253 bene
1514 5210 1576 5250 ac
1602 5195 1830 5250 tideliter
1865 5211 2045 5249 mnam
2091 5194 2228 5248 mul-

2358 5191 2516 5246 τοῦτον
2550 5191 2751 5258 ἐδίδαξε
2782 5185 2873 5244 τὸν
2895 5192 3111 5261 τρόπον,
3151 5189 3458 5252 ἀκολούθως
3503 5187 3601 5260 τήν
3637 5190 3899 5244 ἐπάνοδον

681 5289 1071 5356 tiplicaverint,
1110 5304 1404 5358 congruum
1451 5287 1726 5359 praamium
1777 5287 2090 5350 conferens,
2125 5286 2224 5340 do-

2358 5284 2495 5338 ιὺτοῦ
2513 5285 2612 5355 τὴν
2639 5282 2846 5348 ἔνδοξον
2875 5284 2969 5336 καὶ
2997 5283 3279 5355 βασιλικὴν
3323 5282 3582 5353 παρίστη,
3620 5284 3896 5356 μαρτυρό-

680 5381 874 5434 minari
903 5394 1085 5435 secum
1111 5389 1165 5436 et
1189 5393 1521 5449 conregnare
1543 5377 1800 5433 concedet
1841 5397 1855 5432 :
1901 5379 1948 5432 ei
1984 5393 2108 5433 vero
2131 5375 2222 5446 qui

2358 5395 2488 5441 ιενος
2524 5376 2716 5429 ὁποίαν
2760 5375 2879 5429 τότε
2918 5376 3197 5444 ποιήσεται
3237 5375 3336 5446 τήν
3378 5375 3519 5429 κατά
3559 5375 3782 5432 πάντων
3819 5377 3897 5430 δι-

679 5482 778 5538 per
804 5471 1101 5526 socordiam
1139 5479 1302 5540 atque
1337 5469 1605 5537 ignaviam
1640 5467 1963 5524 dominicum
2003 5468 2224 5522 manda-

2358 5465 2665 5538 ιαιοκρισίαν
2686 5483 2699 5495 ·
2731 5469 2843 5528 τοῖς
2877 5467 2973 5536 μὲν
3006 5467 3113 5538 γὰρ
3144 5463 3204 5520 εὖ
3247 5467 3340 5521 καὶ
3381 5466 3584 5530 πιστῶς
3619 5468 3723 5540 τὴν
3760 5469 3898 5540 μνᾶν

679 4013 940 4068 dederunt
965 4027 1049 4067 me
1069 4012 1152 4078 ⁸⁹;
1208 4027 1402 4082 nempe
1444 4012 1772 4083 blasphemis
1821 4025 1961 4082 quos
2009 4012 2068 4066 in
2109 4025 2236 4066 eum

672 4103 900 4173 jaculari
942 4103 1117 4158 solent
1140 4105 1499 4170 sermonibus,
1527 4103 1884 4173 imprecantes
1909 4102 1985 4169 ei,
2013 4103 2238 4174 ipsoque

676 4208 841 4264 opere
861 4194 1245 4264 propemodum
1267 4194 1505 4251 dicentes
1532 4209 1547 4246 :
1575 4193 1830 4249 Nolumus
1850 4195 1992 4249 hunc
2011 4208 2237 4264 regnare

747 5627 796 5659 “
820 5625 952 5682 Luc.
979 5643 1090 5692 xix,
1116 5627 1202 5682 15.
1275 5629 1319 5661 ⁸⁵
1345 5629 1538 5699 Ephes.
1567 5644 1639 5698 tv,
1662 5630 1716 5685 5.
1789 5629 1834 5662 “
1859 5629 1996 5688 Psal.
2021 5647 2128 5697 crs,
2157 5633 2204 5686 ί.

2358 5633 2484 5697 ibit,
2509 5633 2566 5688 9..
2643 5633 2688 5664 “
2714 5631 2899 5692 Matth.
2922 5651 3035 5703 xxi,
3059 5636 3152 5691 45.
3223 5635 3268 5669 δ’
3290 5632 3429 5691 Psal.
3450 5648 3606 5703 cvm,
3625 5633 3688 5692 2.

747 5748 859 5819 (ιο)
882 5747 1013 5805 Cod.
1051 5748 1178 5803 ἐστ’.

2403 5752 2512 5824 (1|)
2533 5751 2610 5808 lta
2638 5752 2757 5809 cod.
