4128 6294
268 362 375 419 593

1439 359 1939 418 COMMENTARIA
1976 360 2045 416 1N
2084 359 2341 421 ιυσΑΜ.

3406 363 3515 421 εθι

265 480 728 537 ιπολυπλασιάσασι
760 480 858 551 τὴν
902 479 1217 552 πρέπουσαν
1261 479 1544 543 ἀποδιδοὺς
1582 477 1823 550 ἀμοιϐὴν

1945 486 2056 533 tum
2086 478 2408 551 neglexerit,
2450 488 2507 534 et
2536 477 2696 533 otiari
2740 476 3035 548 feriarique
3066 476 3391 546 pratulerit,
3415 494 3512 534 ne-

262 573 547 645 συνάρχειν
592 572 739 642 αὐτῷ
777 571 869 625 καὶ
918 570 1334 642 συμβασιλεύειν
1384 570 1700 642 ἐπιτρέψειν
1753 568 1833 640 τῷ

258 665 320 721 δι
342 668 460 720 κατ’
488 667 641 720 δκνον
670 664 764 718 καὶ
793 662 1060 735 ῥᾳθυμίαν
1083 662 1378 733 ἠμεληκότι
1405 662 1505 733 τῆς
1526 662 1617 715 τοῦ
1637 664 1836 715 Δεσπό-

1940 584 2045 639 que
2081 571 2393 640 negotiandi
2426 570 2668 625 laborem
2711 568 2955 640 perferre
2977 569 3230 635 voluerit,
3256 572 3511 629 acerbam

1944 675 2161 729 poenam
2186 662 2443 728 imponet.

257 772 354 810 του
397 755 869 827 παρακελεύσεως,
912 753 1108 826 ἀργίαν
1183 770 1243 805 τε
1317 756 1411 806 καὶ
1492 753 1687 824 σχολὴν
1747 752 2086 823 ἠγαπηκότι,
2142 754 2276 826 μηδὲ
2329 753 2638 827 βουληθέντι
2693 755 2785 809 τὸν
2840 755 3001 809 πόνον
3054 753 3343 826 ὑπομείναι
3407 748 3513 825 τῆς

259 849 661 921 πραγματείας,
693 849 894 919 πικρὰν
918 849 1217 918 ἐπαρτήσει
1243 848 1416 918 δίκην.

367 941 513 995 Ἵσθι
536 938 828 1003 ἐξουσίαν
863 939 1021 1009 ἔχων
1046 937 1246 993 ἐπάνω
1281 938 1428 993 δέκα
1460 940 1714 995 πόλεων.

326 1030 603 1085 Βασιλεϊαι
626 1029 733 1103 γάρ
759 1024 941 1094 αὗται,
960 1031 1261 1102 πρέπουσαι
1293 1032 1636 1103 προαγωγαὶ,
1666 1031 1839 1102 ἀρχάς

251 1120 558 1193 ἀνθρώπων
585 1122 679 1175 καὶ
704 1122 1001 1194 ἡγεμονίας
1042 1122 1152 1175 τῶν
1207 1122 1571 1193 ἀτελεστέρων
1604 1120 1685 1174 ἐτι
1731 1120 1834 1188 ψυ-

251 1214 364 1285 χῶν
392 1217 505 1277 τοῖς
548 1216 605 1268 ἐν
633 1214 798 1285 ὀλίγῳ
830 1214 927 1284 τὴν
960 1214 1190 1285 δοκιμὴν
1227 1213 1685 1285 παρεσχημένοις,
1736 1215 1835 1265 ἐπ-

250 1304 419 1372 αξίως
465 1297 539 1357 ὧν
584 1304 1105 1377 ἐπραγματεύσαντο
1130 1304 1269 1358 κατά
1304 1304 1396 1357 τὸν
1441 1304 1655 1375 πρῶτον
1693 1303 1827 1373 βίον,

249 1394 623 1468 χαριζόμεναι.
649 1396 856 1459 Μάθοις
886 1396 930 1449 δ’
967 1396 1033 1451 ἂν
1058 1396 1166 1449 τῶν
1197 1396 1503 1468 εἰρημένων
1538 1394 1740 1448 δούλων
1769 1393 1831 1447 τὸ

249 1490 493 1560 γνήσιον,
527 1488 704 1542 καὶτὸ
736 1488 926 1541 πιστὸν
962 1489 1059 1559 τῆς
1088 1486 1470 1559 πραγματείας
1513 1486 1695 1558 ἔργοις
1728 1486 1827 1537 αὺ-

250 1581 365 1643 τοῖς
394 1578 751 1650 παραλαϐών·
803 1580 891 1643 ὡς,
914 1582 1002 1644 είς
1035 1578 1241 1635 πᾶσαν
1273 1578 1389 1647 τὴν
1417 1577 1533 1648 γῆν
1568 1575 1828 1645 ἐξῆλθεν

248 1674 284 1725 ό
311 1672 572 1740 φθόγγος
593 1669 811 1737 αὐτῶν,
848 1671 945 1726 καὶ
972 1674 1061 1735 εὶς
1099 1671 1172 1725 τὰ
1215 1671 1441 1738 πέρατα
1480 1668 1591 1738 τῆς
1628 1672 1824 1723 οἰκον-

1975 938 2021 970 ⁸⁸
2060 936 2187 990 Esto
2230 944 2535 1006 potestatem
2572 936 2768 991 habent
2802 951 2962 1005 super
2999 936 3174 989 decem
3212 936 3469 991 civitates.

2008 1031 2190 1101 Regna
2226 1028 2475 1085 videlicet
2516 1030 2629 1085 hanc
2659 1022 2808 1093 sunt,
2841 1029 3166 1099 decoraque
3202 1030 3509 1098 provectio-

1933 1138 2052 1189 nes,
2088 1137 2209 1191 qua:
2252 1123 2534 1191 imperium
2578 1122 2631 1176 in
2675 1122 2944 1186 homines,
2971 1131 3026 1176 et
3061 1121 3507 1190 imperfectarnm

1932 1215 2106 1269 adhuc
2137 1214 2436 1268 animarum
2463 1214 2716 1268 ducatum
2738 1208 2759 1278 ,“
2789 1214 2858 1268 iis
2886 1213 2977 1283 qui
3012 1213 3070 1283 in
3104 1227 3163 1267 re
3205 1212 3310 1267 levi
3340 1226 3505 1283 expe-

1932 1306 2220 1361 rimentum
2262 1304 2607 1381 praebuerint,
2642 1319 2738 1375 pro
2780 1304 3077 1373 superioris
3109 1303 3232 1358 vita:
3270 1304 3501 1367 meritis,

1932 1396 2249 1452 attribuunt.
2324 1396 2629 1467 Cognosces
2693 1408 2872 1452 autem
2937 1395 3318 1465 praedictorum
3386 1408 3508 1450 ser-

1929 1502 2118 1543 vorum
2170 1487 2524 1557 probitatem,
2583 1497 2637 1542 et
2684 1486 2990 1558 negotiandi
3050 1486 3387 1550 fidelitatem,
3435 1500 3506 1541 ex

1929 1578 2179 1647 operibus
2222 1577 2354 1647 ipsis
2403 1592 2670 1647 arguens;
2752 1592 2944 1647 nempe
3003 1577 3145 1646 quod
3190 1578 3249 1630 in
3300 1592 3508 1632 omnem

1929 1678 2122 1722 terram
2167 1670 2294 1721 exiit
2346 1685 2503 1721 sonus
2555 1685 2755 1734 eorum,
2818 1680 2865 1722 et
2916 1670 2970 1723 in
2995 1668 3124 1737 ﬁnes
3154 1678 3309 1722 terra:
3351 1667 3507 1722 verba

242 1758 439 1829 μένης
468 1761 540 1813 τὰ
569 1761 807 1829 ῥήματα
833 1758 1049 1813 αὐτῶν.
1093 1760 1170 1813 Δι’
1214 1759 1393 1813 αὐτῶν
1447 1758 1556 1830 γὰρ
1606 1758 1823 1813 ἐκείνων

1926 1759 2159 1828 ipsorum
2194 1761 2260 1813 ἰ.
2332 1759 2437 1814 Per
2496 1759 2615 1815 illos
2686 1761 2828 1814 enim
2883 1761 3193 1815 Servatoris
3249 1760 3501 1841 comites,

245 1851 356 1904 τῶν
381 1851 474 1905 τοῦ
497 1852 747 1921 Σωτῆρος
782 1852 1095 1923 γνωρίμων,
1126 1850 1219 1903 καὶ
1239 1849 1326 1903 διὰ
1355 1851 1463 1904 τῶν
1486 1850 1626 1923 μετά
1651 1851 1826 1904 ταῦτα

243 1945 337 1999 τὸν
360 1947 544 2015 ὅμοιον
562 1945 789 2009 ἐκείνοις
817 1944 1253 2018 ἐπανῃρημένων
1279 1943 1457 2015 ζῆλον,
1484 1945 1544 2009 ἐξ
1572 1945 1826 1999 ἁπάντων

241 2033 355 2087 τῶν
386 2033 553 2088 ἐθνῶν
580 2035 944 2106 ἀφορισθεῖσα
966 2034 1043 2106 τῷ
1068 2032 1189 2104 Θεῷ
1237 2034 1551 2107 Ἐκκλησία,
1573 2036 1629 2087 ὲν
1662 2034 1824 2103 ὀλίγῳ

241 2127 421 2198 χρόνῳ
452 2126 553 2198 τὴν
582 2126 873 2197 σύμπασαν
894 2126 1218 2199 οίκουμένην
1251 2126 1513 2197 ἐπλήρου.
1552 2126 1665 2179 Καὶ
1700 2125 1822 2178 καθ’

241 2217 430 2290 ἕτερον
452 2218 510 2271 δὲ
537 2219 737 2289 τρόπον
766 2219 861 2290 τὴν
890 2218 1153 2290 ἐργασίαν
1180 2220 1494 2289 ποιήσονται
1522 2218 1570 2270 oi
1600 2217 1689 2269 τὸν
1717 2234 1821 2271 σω·

241 2308 429 2379 τήριον
455 2309 612 2376 λόγον
626 2307 717 2361 τὸν
744 2309 1092 2377 εὐαγγελικὸν
1117 2309 1517 2371 πιστευθέντες,
1543 2307 1610 2360 δι’
1646 2306 1823 2379 ἔργων

242 2399 339 2452 καὶ
359 2398 629 2470 πράξεων,
664 2399 777 2469 βίου
808 2417 867 2452 τε
899 2400 991 2452 καὶ
1020 2400 1293 2463 πολιτείας
1329 2398 1690 2471 θεοπρεποῦς,
1724 2399 1823 2460 τάς

237 2488 336 2543 τοῦ
368 2489 526 2557 λόγου
556 2490 902 2555 διδασκαλίας
932 2491 1390 2561 ἀποπληροῦντες.
1430 2486 1527 2546 Ὧν
1564 2492 1691 2554 τοὺς
1724 2491 1822 2561 μὲν

236 2579 515 2651 διαφόρως
543 2582 974 2654 ἐργασαμένους,
1006 2583 1285 2654 διαφόροις
1308 2587 1495 2653 τιμαῖς
1532 2584 1822 2654 ἀμείψεται

235 2672 498 2736 όδίκαιος
542 2676 753 2745 κριτὴς,
791 2675 1085 2731 ἀποδώσων
1126 2676 1339 2747 ἑκάστῳ
1375 2677 1473 2747 τὴν
1514 2677 1821 2749 προσήκου-

239 2777 339 2815 σαν
372 2764 429 2815 ἐν
454 2762 681 2831 ἀγαθοῖς
707 2765 958 2837 ἀμοιϐήν·
990 2766 1070 2837 τῷ
1106 2766 1151 2819 δ’
1190 2765 1525 2838 ἐγκρύψαντι
1562 2766 1688 2829 τοὺς
1732 2766 1820 2820 λό-

238 2868 370 2920 γους
423 2854 518 2905 καὶ
566 2853 926 2924 καταδήσαντι
973 2857 1103 2925 παρ’
1155 2855 1353 2923 ἐαυτῷ,
1416 2854 1579 2925 μηδέν
1610 2872 1671 2907 τε
1707 2856 1821 2925 εἰρ-

237 2943 499 3014 γασμένῳ
530 2943 749 3015 πονηρῷ
777 2945 949 3014 δούλῳ
995 2947 1089 2999 καὶ
1119 2946 1354 3018 ὀκνηρῷ,
1394 2946 1688 3017 τάπίχειρα
1724 2946 1823 3015 τῆς

238 3035 507 3106 πονηρίας
528 3035 754 3090 ἐποίσει.
786 3068 855 3076 —-
887 3038 959 3089 Τὸ
989 3037 1172 3091 ἐπάνω
1208 3039 1339 3091 δέκα
1368 3037 1399 3107 ἢ
1430 3038 1587 3091 πέντε
1617 3037 1821 3090 πόλεων

236 3125 416 3197 ἀρχήν
465 3143 587 3179 τινα
642 3128 735 3180 καὶ
781 3127 1025 3191 ἐξουσίαν
1088 3130 1238 3199 δηλοῖ
1289 3129 1657 3200 δοθησομένην
1711 3112 1893 3191 τοῑςο

237 3218 415 3284 ἁγίοις
474 3217 617 3273 κατά
677 3219 1079 3292 ὑποδεεστέρων
1134 3221 1227 3277 καὶ
1288 3221 1379 3274 τοῦ
1451 3219 1822 3275 διευθύνεσθαι

236 3307 428 3371 ἀξίων.

319 3398 482 3452 ’Κλλά
512 3399 620 3470 γάρ
659 3401 769 3457 τῶν
811 3402 910 3473 μὲν
958 3400 1125 3458 αὐτοῦ
1177 3401 1523 3473 θεραπόντων
1566 3404 1822 3473 τοιαύτην

236 3490 527 3561 ποιήσεται
554 3491 655 3563 τὴν
687 3492 977 3564 διάκρισιν·
1014 3492 1122 3547 τῶν
1157 3493 1213 3545 δὲ
1246 3494 1319 3565 μὴ
1356 3495 1453 3565 τῆς
1485 3496 1654 3565 αὐτῆς
1699 3495 1820 3551 δον·-

233 3580 383 3645 λείας
407 3582 847 3653 κατηξιωμένων,
888 3584 1061 3647 ἄλλως
1090 3584 1146 3636 δὲ
1182 3585 1417 3639 πολιτῶν
1446 3586 1612 3639 αὐτοῦ
1649 3603 1821 3655 γεγε-

234 3671 508 3743 νημένων,
560 3675 618 3727 ἐν
660 3674 871 3745 ἐχθρῶν
899 3674 956 3727 δὲ
985 3674 1079 3728 καὶ⁵
1125 3675 1424 3744 μισούντων
1466 3677 1627 3729 αὐτὸν
1667 3677 1822 3749 χώρᾳ

234 3765 467 3829 ἑαυτοὺς
498 3766 931 3831 καταλεξάντων,
975 3769 1269 3838 πρεσϐείαν
1308 3786 1368 3821 τε
1403 3770 1820 3824 ἀπεσταλκότων

235 3857 657 3929 ἀπαρνουμένην
687 3857 851 3910 αὑτοῦ
881 3858 978 3929 τὴν
1011 3858 1309 3929 βασιλείαν,
1344 3859 1527 3913 ὁποῖον
1554 3858 1704 3912 ἐσται
1728 3860 1818 3912 τέ-

240 3948 356 4011 λος,
390 3948 627 4019 παρίστη
662 3949 728 4001 δι’
762 3943 839 4002 ὧν
891 3948 1254 4003 ἐπανελθόντα
1294 3949 1384 4003 τὸν
1417 3948 1641 4020 βασιλέα
1680 3951 1821 4005 κατά

230 4041 335 4111 τὴν
368 4041 624 4111 δευτέραν
660 4042 753 4095 καὶ
785 4041 1063 4113 βασιλικὴν
1116 4041 1280 4094 αὐτοῦ
1336 4041 1675 4111 θεοφάνειαν,
1723 4060 1819 4111 φο-

232 4131 402 4203 ϐεράν
448 4131 720 4199 ἀπόφασιν
763 4131 991 4195 ἐξοίσειν
1039 4124 1160 4185 κατ’
1192 4131 1370 4185 αὐτῶν
1410 4130 1675 4202 προύλεγε
1719 4131 1819 4202 τὴν

229 4225 521 4295 φήσασαν·
553 4223 698 4295 Πλὴν
732 4224 859 4287 τοὺς
898 4222 1124 4295 ἐχθρούς
1156 4240 1255 4294 μου
1291 4223 1550 4286 ἐκείνους,
1590 4224 1715 4286 τοὺς
1744 4224 1818 4294 μὴ

232 4312 574 4384 θελήσαντάς
600 4330 666 4384 με
693 4312 1005 4383 βασιλεῦσαι
1045 4315 1131 4365 ἐπ’
1165 4313 1381 4379 αὐτοὺς,
1420 4312 1654 4381 ἀγάγετε
1691 4305 1815 4368 ὧδε,

230 4404 330 4458 καὶ
358 4402 741 4473 κατασφάξατε
769 4402 1074 4473 ἔμπροσθέν
1102 4419 1200 4473 μου
1220 4401 1353 4471 (72).

531 4495 626 4547 Ἐν
654 4494 796 4561 ποίᾳ
818 4493 1071 4562 ἐξουσίᾳ
1096 4494 1283 4548 ταῦτα
1308 4493 1496 4558 ποιεῖς
1517 4508 1535 4554 ;

305 4584 479 4648 Αὐτὸς
513 4584 611 4655 μὲν
642 4584 777 4656 ἔργα
825 4584 1013 4655 θεῖκῆς
1054 4584 1337 4655 δυνάμεως
1392 4583 1677 4649 ἐπιτελῶν,
1723 4600 1813 4636 τε·-

232 4677 462 4749 ραστίας
507 4678 600 4729 καὶ
652 4676 987 4748 παραδόξους
1035 4677 1263 4747 πράξεις
1307 4676 1661 4740 ἐνεδείκνυτο,
1707 4677 1814 4729 ἐδί-

228 4766 406 4821 δασκέ
450 4783 511 4819 τε
558 4768 782 4837 οὐράνια
833 4768 1151 4839 μαθήματα·
1212 4769 1263 4821 oi
1309 4769 1356 4822 δ’
1400 4769 1813 4841 ἀποθαυμάζειν

230 4860 376 4923 δέον,
408 4859 694 4931 γνωρίζειν
730 4877 791 4913 τε
836 4862 901 4914 ἐκ
928 4860 1034 4914 τῶν
1069 4862 1244 4930 λόγων
1272 4862 1367 4915 καὶ
1400 4863 1510 4917 τῶν
1539 4864 1812 4935 πράξεων,

230 4948 311 5011 ὡς
336 4947 444 5019 ἄρα
464 4949 624 5013 αὐτὸς
652 4951 736 5019 εἴη
766 4951 1047 5023 όηΧριστὸς
1070 4954 1098 5005 ὁ
1132 4951 1237 5005 ὑπὸ
1269 4952 1377 5005 τῶν
1402 4953 1694 5024 προφητῶν
1718 4970 1810 5006 κε-

231 5040 602 5109 κηρυγμένος,
638 5040 794 5094 τοῦτο
826 5041 925 5111 μὲν
959 5044 1059 5095 οὐκ
1091 5042 1380 5115 ἔπραττον,
1417 5045 1503 5097 ἐπ’
1532 5046 1809 5117 ἀνατροπῇ

232 5128 291 5182 δὲ
325 5128 421 5182 τοῦ
456 5129 691 5202 πλήθους
716 5132 1034 5195 ἐπιστάντες
1054 5131 1285 5203 ἀθρόως,
1316 5134 1594 5203 ἐπετίμων
1616 5133 1816 5187 πυνθαέ

232 5218 452 5289 νόμενοι
475 5220 535 5273 ἐν
563 5221 693 5293 ποίᾳ
713 5220 929 5294 ἐξουσίᾳ
963 5222 1049 5293 εἴη
1079 5223 1251 5277 ταῦτα
1280 5224 1469 5289 ποιῶν,
1521 5226 1615 5277 καὶ
1660 5225 1813 5296 παρά

230 5310 380 5373 τίνος
398 5310 607 5382 εἰλήφει
637 5312 745 5385 τὴν
765 5314 860 5368 τοῦ
888 5316 957 5369 τὰ
978 5315 1154 5369 τοιάδε
1184 5317 1443 5389 πράττειν
1466 5315 1636 5381 ἀδεῶς
1664 5317 1814 5384 ἐξου-

234 5400 382 5455 σίαν.

566 5494 869 5565 Ἐρωτήσω
896 5497 1051 5568 ὑμᾶς
1065 5498 1245 5568 κάγὼ,
1270 5516 1325 5553 κ.
1354 5516 1405 5553 τ.
1438 5499 1488 5554 λ.

320 5581 680 5650 ’Λνεξικάκως
712 5588 806 5640 καὶ
834 5588 1023 5659 πράως
1072 5589 1268 5653 αὐτοὺς
1298 5587 1589 5660 δεξάμενος
1624 5592 1652 5643 ὁ
1690 5591 1803 5645 Κύ-

314 5676 362 5711 ⁸³
394 5676 524 5735 Luc.
550 5695 665 5744 xu,
696 5681 781 5734 l7.
860 5682 903 5714 ἰ
938 5683 1081 5738 Psal.
1111 5700 1268 5750 xvm,
1308 5686 1362 5740 5.
1438 5687 1483 5717 "
1506 5685 1643 5741 an.
1675 5703 1766 5752 xx,
1809 5687 1861 5742 2.

316 5763 435 5841 (79.)
462 5771 665 5830 Confer
688 5772 1095 5848 Tliwphaniam,
1125 5782 1263 5850 apud
1290 5795 1386 5837 nns
1419 5785 1524 5837 co‘.
1558 5781 1662 5837 090
1693 5784 1786 5837 tiu.

1845 4457 1902 4515 D

1923 1866 2125 1922 perque
2165 1867 2258 1907 eos
2291 1854 2383 1921 qui
2432 1862 2617 1921 postea
2664 1868 2847 1921 parem
2896 1852 3069 1906 zelum
3128 1861 3502 1921 susceperunt,

1922 1958 1991 2000 ex
2033 1945 2239 2000 cunctis
2297 1944 2546 2015 gentibus
2592 1945 2789 1999 selecta
2848 1942 2957 1998 Deo
3016 1942 3279 2007 Ecclesia,
3348 1943 3501 1998 brevi

1924 2044 2165 2105 tempore
2216 2036 2548 2105 universum]
2583 2037 2841 2092 mundum
2891 2035 3137 2105 replevit.
3190 2034 3312 2090 Alio
3364 2049 3502 2105 quo-

1924 2140 2029 2196 que
2095 2128 2257 2182 modo
2330 2127 2603 2198 negotium
2688 2143 2844 2183 suum
2910 2127 3109 2183 facient
3181 2112 3220 2181 ii
3299 2126 3498 2197 quibus

1923 2220 2231 2289 evangelica
2250 2220 2554 2293 servatoris
2575 2220 2831 2275 doctrina.
2844 2221 3136 2276 commissa
3159 2219 3282 2284 fuit,
3302 2234 3499 2289 nempe

1924 2311 2163 2364 moribus
2189 2320 2244 2363 et
2266 2311 2383 2363 vitm
2406 2310 2635 2376 actibus,
2669 2322 2722 2364 et
2750 2312 2909 2378 digna
2932 2310 3040 2365 Deo
3064 2310 3499 2375 conversatione,

1922 2401 2182 2455 doctrina:
2221 2412 2484 2471 praecepta
2519 2402 2892 2471 adimplentes.
2933 2402 3080 2469 Quos
3113 2402 3328 2457 diverse
3375 2418 3501 2470 ope-

1925 2503 2125 2558 rantes,
2158 2492 2387 2548 diversis
2417 2494 2651 2563 praemiis
2684 2495 2865 2560 justus
2907 2494 3072 2562 judex
3116 2496 3498 2551 remunerabi-

1924 2594 2030 2648 tnr,
2076 2586 2209 2640 dans
2255 2586 2451 2655 cuique
2484 2598 2779 2653 congruam
2831 2586 2909 2641 rei
2960 2585 3097 2641 bene
3134 2596 3298 2656 gestae
3338 2587 3500 2641 retri-

1921 2677 2216 2731 butionem.
2256 2676 2643 2732 Verumtamen
2688 2678 2835 2731 illum
2867 2678 2958 2746 qui
3012 2679 3265 2733 traditam
3293 2677 3499 2733 doctrin

1923 2783 2048 2823 nam
2093 2768 2349 2824 celaverit
2392 2779 2553 2838 atque
2607 2769 2745 2836 apud
2801 2785 2860 2825 se
2913 2770 3233 2834 obvolverit,
3294 2769 3497 2825 malum

1922 2860 2160 2924 scilicet,
2198 2859 2445 2929 ignavum
2481 2861 2723 2929 nihilque
2751 2871 3063 2930 operantem
3110 2876 3359 2929 servum,
3404 2863 3499 2917 do-

1924 2952 2030 3004 lnita
2055 2952 2303 3020 nequitia:
2332 2967 2441 3006 suae
2475 2967 2628 3020 poena
2660 2962 3036 3022 prosequetur.
3061 2983 3131 2993 —
3157 2954 3351 3008 Decem
3407 2956 3491 3007 vel

1923 3044 2160 3112 quinque
2214 3044 2429 3098 urbium
2499 3043 2819 3111 praefectura
2887 3045 3157 3116 significat
3208 3045 3498 3118 imperium

1926 3136 2195 3205 quoddam
2244 3150 2305 3190 ac
2352 3142 2697 3205 potestatem,
2746 3150 2868 3206 quas
2921 3138 3123 3191 sanctis
3164 3137 3340 3191 danda
3392 3140 3498 3195 erit

1922 3243 2087 3296 super
2119 3229 2445 3283 infirmiores
2478 3238 2641 3298 atque
2670 3228 3049 3283 emendatione
3076 3227 3291 3298 dignos.

1992 3405 2122 3461 Tale
2169 3406 2349 3476 itaque
2392 3406 2460 3461 de
2513 3407 2686 3462 servis
2729 3406 2842 3462 suis
2889 3405 3149 3475 judicium
3197 3408 3489 3463 exercebit.

1921 3497 2141 3553 lilorum
2177 3510 2357 3553 autem
2387 3500 2479 3568 qui
2520 3514 2693 3568 neque
2730 3500 2783 3553 in
2813 3512 3094 3553 servorum
3123 3497 3240 3567 ejus
3266 3514 3509 3553 numero.

1919 3604 2041 3643 esse
2070 3591 2349 3644 voluerunt
2375 3629 2390 3654 ,
2420 3605 2731 3660 quanquam
2769 3590 2915 3644 cives
2957 3589 3127 3659 ipsius
3154 3599 3368 3656 essent,
3400 3592 3492 3645 sed

1922 3683 1973 3736 i-n
2008 3683 2240 3736 hostium
2286 3694 2448 3752 atque
2490 3698 2707 3737 osorum
2752 3682 2996 3750 partibus
3041 3683 3490 3752 segcollocarunt,

1923 3772 2354 3842 legationemque
2403 3773 2666 3826 miserunt
2705 3782 2763 3824 ut
2804 3788 3030 3842 regnum
3063 3772 3180 3841 ejus
3226 3774 3493 3828 detrecta-

1922 3873 2075 3927 rent,
2101 3864 2321 3933 quinam
2350 3865 2533 3918 exitus
2564 3865 2634 3918 sit
2676 3862 2890 3919 futurus
2910 3902 2925 3927 ,
2966 3864 3205 3919 ostendit
3240 3878 3493 3927 narrans,

1921 3968 2100 4023 regem
2135 3968 2437 4017 reversum,
2470 3956 2703 4008 secunda
2728 3951 2978 4008 videlicet
3003 3953 3165 4023 regali
3194 3955 3284 4007 Dei
3315 3955 3491 4007 mani-

1920 4044 2239 4108 festatione,
2272 4045 2567 4098 terribilem
2612 4045 2933 4098 sententiam
2978 4044 3210 4098 laturum
3248 4045 3331 4099 his
3366 4061 3489 4099 ver-

1922 4136 2004 4190 bis
2033 4136 2446 4190 :Verumtamen
2472 4135 2719 4189 inimicos
2746 4148 2895 4189 meos
2926 4134 3045 4189 illos
3072 4173 3088 4199 ,
3130 4135 3221 4203 qui
3260 4150 3347 4188 me
3393 4149 3493 4189 no-

1923 4226 2137 4279 luerunt
2168 4240 2393 4296 regnare
2429 4241 2591 4295 super
2634 4240 2723 4293 se,
2770 4226 3020 4281 adducite
3050 4226 3155 4280 huc
3190 4235 3245 4280 et
3283 4226 3490 4281 interfi-

1920 4316 2026 4369 cite
2060 4331 2242 4369 coram
2284 4332 2385 4371 me.

2253 4500 2394 4555 "In
2426 4520 2529 4571 qua
2566 4514 2821 4572 potestate
2853 4506 2963 4560 haec
3003 4505 3176 4574 {(16587

1989 4590 2104 4659 Ipse
2149 4594 2368 4661 quidem
2400 4594 2595 4648 divinze
2624 4596 2842 4651 virtutis
2869 4611 3033 4665 opera
3074 4605 3332 4667 patrans,
3365 4574 3494 4665 δοτ-

1918 4688 2064 4734 tenta
2114 4690 2170 4735 et
2212 4683 2487 4737 mirabiles
2540 4696 2695 4739 actus
2737 4686 2965 4752 edebat;
3009 4686 3279 4755 simulque
3324 4685 3492 4741 coele-

1914 4785 2049 4828 stem
2076 4776 2375 4831 doctrinam
2410 4779 2677 4835 tradebat.
2709 4780 2789 4834 llli
2823 4791 3004 4834 autem
3033 4782 3122 4850 qui
3167 4782 3281 4836 haec
3312 4782 3489 4850 suspi-

1911 4880 2035 4919 cere
2091 4868 2438 4936 debuissent,
2500 4877 2669 4939 atque
2715 4886 2781 4925 ex
2850 4872 3011 4927 dictis
3065 4873 3338 4943 gestisque
3400 4888 3492 4927 co-

1914 4972 2173 5027 gnoscere
2203 4959 2347 5015 hunc
2368 4974 2489 5015 esse
2514 4960 2790 5016 Christum
2822 4964 2889 5017 de
2916 4978 3023 5032 quo
3047 4963 3325 5033 prophetae
3355 4964 3492 5017 vati-

1916 5051 2079 5104 cinati
2130 5049 2385 5119 fuerant;
2438 5053 2661 5108 minime
2698 5068 2877 5109 rerum
2910 5056 2961 5109 id
2993 5056 3274 5124 fecerunt;
3303 5046 3490 5110 verum

1914 5143 1981 5195 ad
2028 5143 2408 5197 concitandam
2450 5145 2662 5215 plebem
2709 5147 2890 5203 subito
2923 5148 3202 5213 conversi,
3244 5148 3494 5215 increpa-

1916 5234 2048 5287 bant
2078 5250 2225 5301 eum,
2275 5235 2673 5308 interrogantes
2723 5254 2958 5309 quanam
3003 5240 3328 5295 auctoritate
3376 5240 3492 5294 haec

1912 5321 2152 5389 faceret,
2205 5325 2290 5381 vel
2334 5342 2365 5381 a
2433 5343 2669 5397 quonam
2723 5338 2872 5384 tanta
2926 5332 3184 5399 prted'nus
3230 5328 3491 5385 facultate

1916 5412 2131 5482 fuisset,
2170 5426 2229 5471 ut
2262 5417 2375 5473 bmc
2404 5421 2749 5476 confidenter
2781 5433 2986 5492 ageret.

2226 5510 2273 5541 "
2304 5508 2651 5582 Interro‘gabo
2691 5523 2737 5568 et
2771 5531 2865 5585 ego
2897 5531 2985 5569 ros
3006 5554 3020 5580 ,
3059 5524 3167 5569 etc.

1982 5596 2261 5655 Patientcr
2290 5615 2352 5657 ac
2380 5614 2659 5661 mansuete
2700 5610 2969 5676 postulata
3000 5621 3184 5662 eorum
3210 5606 3501 5675 excipiens.

1941 5690 1985 5722 ⁸³
2021 5692 2150 5747 ibid.
2190 5696 2245 5752 5.
