4128 6294
675 345 779 402 595
1371 342 1637 402 EUSEBII
1675 332 2149 402 ωειαιιεκειε
2185 343 2334 399 opp.
2376 341 2554 397 rans
2590 341 2674 396 ιιι.
2717 372 2788 382 -
2827 331 3228 396 exsaniat.
3778 328 3880 392 δικ

675 463 950 527 Dominus,
979 461 1288 519 sciscitatur
1317 462 1429 532 ipse
1454 477 1665 533 quoque
1707 463 1772 518 de
1805 462 2007 518 Joanne
2048 463 2215 532 hapti-
2240 466 2289 524 Α

2249 466 2289 524 Α
2319 477 2430 531 ριος
2456 460 2703 530 ἀνερωτᾷ
2725 457 2849 528 περὶ
2895 456 3136 510 Ἰωάννου
3159 452 3251 507 τοῦ
3272 451 3592 513 Βαπτιστοῦ,
3623 451 3686 505 σύ
3717 453 3879 506 πόθεν

676 561 888 620 ustore;
923 568 1022 609 nec
1061 555 1201 608 unde
1235 554 1279 608 is
1309 561 1487 618 esset,
1518 555 1610 608 sed
1641 555 1778 609 unde
1819 554 2067 623 baptismi
2095 568 2217 607 nor-

2317 551 2401 618 εἴη
2429 551 2607 614 αὐτὸς,
2649 549 2785 602 ἀλλά
2835 546 3000 600 πόθεν
3042 546 3132 597 τὸν
3170 545 3265 599 τοῦ
3299 543 3672 612 βαπτίσματος
3718 541 3880 609 νόμον

677 658 820 698 mam
862 644 1170 712 accepisset.
1213 643 1343 702 Nam
1376 644 1478 698 sibi
1518 645 1616 712 ipsi
1645 645 2009 699 testimonium
2042 645 2218 714 perhi-

2318 640 2544 709 είλήφοι.
2585 639 2658 690 Τὸ
2690 638 2788 707 μὲν
2818 637 2926 707 γάρ
2960 636 3120 688 αὑτὸν
3171 635 3301 704 περὶ
3334 632 3522 686 ἑαυτοῦ
3582 632 3883 702 μαρτυρεῖν

678 734 833 800 bere,
875 735 1088 805 plenum
1133 735 1240 790 odii
1272 734 1541 804 negotium
1578 737 1921 789 existimabat
1951 745 2003 789 et
2039 746 2218 789 osten-

2319 730 2552 801 ἐπαχθὲς
2579 732 2761 798 ἡγεῖτο
2784 730 2876 781 καὶ
2910 724 3342 796 περιαυτολόγον·
3372 724 3432 775 τὸ
3471 723 3513 775 δ’
3558 725 3651 775 ἐπὶ
3698 721 3881 775 Ἰωάν-

677 825 914 881 tationis.
960 823 1258 892 Ceteroqui
1308 825 1619 893 provocatio
1669 825 1734 877 ad
1772 823 2034 878 Joannem
2089 825 2218 878 taci-

2319 842 2415 896 νην
2440 823 2784 892 ἀναπέμπειν
2814 822 3092 890 λεληθυῖαν
3113 823 3211 891 τὴν
3245 820 3370 890 περὶ
3404 817 3596 872 ἑαυτοῦ
3630 816 3885 870 διδασκα-

678 925 785 968 tam
813 914 1117 971 continebat
1145 914 1343 969 Christi
1374 915 1878 969 manifestatiouem.
1930 913 2220 970 Universus

2317 916 2436 969 λίαν
2468 916 2766 986 περιεῖχενο
2791 913 3104 982 ὡμολόγητο
3134 912 3243 982 γὰρ
3283 910 3432 980 παρά
3466 909 3624 965 παντὶ
3652 907 3733 976 τῷ
3769 906 3883 976 λαῷ

675 1005 818 1059 enim
845 1004 1069 1074 populus
1099 1003 1371 1060 fatebatur
1400 1003 1663 1060 Joannem
1692 1006 1948 1058 divinitus
1974 1005 2214 1059 missum.

2332 1007 2579 1076 Ἰωάννης
2630 1005 2690 1069 ἐξ
2735 1004 2981 1075 οὐρανῶν
3029 1002 3374 1073 ὡρμημένος.
3424 997 3588 1063 Οὗτος
3621 1000 3678 1052 δὲ
3724 999 3889 1062 αὐτὸς

673 1093 841 1150 Porro
875 1095 966 1149 hic
992 1096 1130 1149 idem
1175 1094 1534 1150 testimonium
1563 1095 1884 1164 prmbuerat,
1919 1095 2065 1170 unde
2093 1092 2219 1149 Ser-

2317 1097 2611 1168 ὲμαρτύρει
2647 1095 2726 1166 τῷ
2754 1095 2964 1166 Σωτῆρι
3004 1095 3165 1148 πόθεν
3197 1093 3283 1163 εἴη
3320 1093 3418 1163 τὴν
3470 1091 3715 1155 ἐξουσίαν
3743 1088 3890 1158 εἰλη-

673 1196 830 1240 vator
871 1196 1182 1255 potestatem
1213 1186 1524 1254 accepisset.
1564 1184 1698 1240 Cum
1736 1187 1878 1239 enim
1909 1185 1960 1240 ei
2004 1185 2217 1254 quidam

2319 1189 2454 1258 φώς.
2493 1189 2580 1252 Ὠς
2624 1188 2732 1259 γὰρ
2774 1186 3115 1258 ἀπήγγελλον
3163 1183 3309 1254 αὑτῷ
3351 1199 3514 1246 τινες,
3547 1183 3628 1235 ὅτι
3680 1183 3890 1252 Ἰησοῦς

674 1275 1003 1331 nuntiassent
1029 1275 1207 1331 Jesum
1237 1277 1529 1344 baptizare,
1565 1275 1864 1344 hujustnodi
1904 1291 2216 1345 responsum

2321 1276 2589 1348 βαπτίζει,
2625 1276 2939 1347 ἀποκριθεὶς
2966 1272 3121 1329 εἶπεν
3152 1276 3364 1337 αὐτοῖς’
3420 1273 3495 1326 Ού
3541 1273 3769 1325 δύναται
3797 1273 3892 1326 iw

673 1369 838 1422 edidit
870 1383 884 1420 :
920 1367 1036 1422 Non
1067 1376 1235 1436 potest
1265 1367 1424 1421 homo
1447 1381 1476 1420 a
1521 1368 1696 1436 seipso
1747 1368 2035 1437 quidquam
2081 1369 2220 1422 acci-

2320 1369 2533 1440 θρωπος
2581 1369 2874 1439 λάμδάνειν
2931 1369 3024 1437 ἀφ’
3081 1367 3274 1420 ἑαυτοῦ
3337 1365 3507 1428 οὐδὲν,
3563 1364 3660 1418 ἐὰν
3718 1363 3796 1434 μὴ
3853 1357 3890 1433 ᾗ

675 1472 836 1526 pere,
881 1459 996 1510 nisi
1025 1456 1076 1510 ei
1121 1456 1299 1509 datum
1342 1453 1504 1510 fuerit
1544 1456 1608 1510 de
1641 1455 1777 1511 coelo
1815 1455 2060 1525 desuper.
2113 1455 2220 1514 Vos

2318 1459 2599 1529 δεδομένον
2659 1459 2806 1529 αύτῷ
2867 1460 2933 1511 ὲκ
2989 1456 3083 1510 τοῦ
3151 1455 3382 1527 οὐρανοῦ
3439 1455 3666 1510 ἀνωθεν.
3724 1453 3894 1507 Αὐτοὶ

678 1548 807 1600 mihi
847 1548 974 1600 dicti
1007 1546 1109 1599 mei
1148 1555 1311 1600 testes
1349 1547 1502 1610 estis,
1530 1562 1616 1601 me
1645 1547 1914 1601 Christum
1945 1563 2049 1602 non
2077 1563 2216 1616 esse,

2320 1549 2477 1618 ὑμεῖς
2533 1547 2859 1620 μαρτυρεῖτέ
2921 1564 3034 1618 μοι,
3095 1547 3178 1600 δτι
3206 1543 3358 1600 εἷπον
3382 1563 3396 1579 ·
3429 1547 3542 1601 Οὐκ
3567 1545 3683 1615 εἰμὶ
3719 1543 3834 1612 ἐγὼ
3862 1543 3894 1596 ὁ

677 1646 1038 1689 verumtamen
1082 1637 1207 1690 huic
1235 1637 1536 1691 adventanti
1565 1639 1892 1707 praemissum
1913 1639 1986 1703 “;
2029 1649 2082 1693 et
2105 1655 2224 1693 rur-

2320 1640 2584 1711 Χριστὸς,
2643 1639 2761 1692 ἀλλ’
2811 1641 2893 1692 ὅτι
2953 1622 3360 1707 ἀπεσταλμένος
3407 1635 3525 1706 eiul.
3579 1632 3894 1706 ἔμπροσθεν

676 1740 768 1780 sus
794 1743 807 1779 :
843 1726 944 1790 Qui
967 1727 1238 1780 desursum
1263 1729 1416 1789 venit,
1447 1745 1606 1796 supra
1629 1745 1804 1782 omnes
1829 1738 1904 1782 est
1923 1730 1999 1794 ";
2031 1731 2222 1784 denuo-

2321 1727 2528 1782 ἐκείνου
2553 1746 2566 1760 ο
2599 1731 2692 1782 καὶ
2735 1728 2916 1783 πάλινο
2954 1729 3009 1781 Ὁ
3054 1728 3280 1782 ἀνωθεν
3331 1728 3653 1796 ἐρχόμενος
3690 1724 3895 1778 ἐπάνω

676 1830 780 1885 que
807 1832 822 1867 :
851 1815 1017 1869 'Pater
1052 1816 1223 1884 diligit
1252 1815 1472 1881 Filium,
1505 1829 1555 1870 et
1584 1820 1760 1872 omnia
1795 1820 2008 1872 tradidit
2043 1822 2222 1872 manui
2254 1803 2297 1858 Β

2266 1803 2297 1858 Β
2325 1821 2564 1874 πάντων
2603 1821 2764 1873 ἐστί’
2807 1820 2902 1873 και
2947 1815 3122 1881 αὖθις·
3191 1819 3244 1871 Ὀ
3291 1818 3494 1887 Πατὴρ
3537 1813 3741 1884 ἀγαπᾷ
3783 1815 3896 1870 τὸν

675 1906 788 1974 ejus
809 1906 875 1960 ".
908 1904 1011 1971 Qui
1034 1907 1193 1960 credit
1220 1907 1271 1960 in
1289 1905 1510 1972 Filium,
1537 1908 1685 1962 liabet
1709 1910 1862 1962 vitam
1888 1920 2134 1964 cateruam
2154 1911 2220 1968 ".

2333 1913 2487 1976 Υιὸν,
2516 1912 2613 1965 καί
2645 1910 2842 1965 πάντα
2865 1911 3120 1966 δέδωκεν
3161 1911 3232 1964 ἐν
3277 1909 3352 1978 τῇ
3394 1908 3542 1978 χειρί
3581 1905 3791 1962 αὑτοῦ.
3836 1905 3893 1958 Ὁ

675 1995 842 2068 Igitur
865 2013 930 2054 ex
949 1996 1173 2054 Joannis
1203 1999 1505 2054 testimonio
1534 2001 1874 2069 perspicuum
1913 2012 2027 2056 erat
2047 2041 2063 2066 ,
2089 2018 2224 2072 qua-

2325 2005 2619 2058 πιστεύωγ
2640 2006 2728 2068 είς
2749 2003 2855 2057 τὸν
2895 2003 3032 2058 Υίὸν
3053 2003 3176 2071 ἔχει
3211 2001 3362 2068 ζωὴν
3400 1999 3656 2054 αἰώνιον.
3684 1995 3897 2052 οὐκοῦν

678 2105 802 2145 nam
841 2100 1100 2160 potestate
1126 2090 1237 2146 hac
1268 2089 1520 2146 Servator
1552 2091 1778 2160 iaceret,
1808 2103 1863 2149 et
1892 2095 2136 2165 quisnam
2173 2097 2225 2152 ei

2324 2096 2432 2149 ἀπὸ
2456 2096 2556 2165 τῆς
2591 2095 2834 2148 Ἰωάννου
2870 2095 2998 2166 περὶ
3028 2094 3192 2148 αὑτοῦ
3218 2092 3521 2164 μαρτυρίας
3547 2090 3706 2160 δῆλος
3735 2083 3807 2158 ἦν
3836 2090 3897 2141 ιν

678 2180 786 2236 vim
819 2180 1123 2245 huiusmodi
1159 2181 1460 2250 impertitus
1494 2181 1701 2237 fuisset.

2324 2186 2452 2257 ποίᾳ
2483 2186 2701 2258 ἐξουσίᾳ.
2732 2187 2908 2242 ταῦτα
2933 2187 3196 2257 επραττεν
3221 2187 3250 2238 ὸ
3280 2184 3489 2255 Σωτὴρ,
3520 2184 3615 2238 καὶ
3636 2181 3723 2244 τίς
3743 2179 3897 2252 αὐτῷ

2323 2277 2540 2332 δεδώκει
2558 2279 2656 2350 τὴν
2680 2279 2934 2350 τοιαύτην
2958 2279 3224 2346 ἔξουσίαν.

853 2357 899 2390 ⁸⁸
930 2356 1097 2412 Erunt
1125 2359 1272 2428 signa
1301 2357 1356 2412 in
1392 2357 1500 2410 sole
1532 2367 1580 2412 et
1609 2356 1734 2411 luna
1765 2374 1827 2412 ac
1861 2357 2041 2412 stellis.
2328 2372 2483 2425 Ἔστι

2328 2372 2529 2425 Ἔσται
2555 2370 2770 2440 σημεῖα
2801 2371 2871 2424 ἐν
2901 2371 3051 2438 ἡλίῳ
3087 2369 3184 2424 καί
3216 2367 3468 2435 σελήνῃ,
3491 2366 3589 2421 καὶ
3628 2366 3898 2435 ἄστροις.

752 2445 902 2502 Tunc
927 2448 1065 2501 enim
1089 2447 1224 2502 facta
1254 2448 1364 2517 jam
1392 2450 1630 2504 mortalis
1662 2448 1814 2516 hujus
1843 2453 1960 2504 vita:
1986 2465 2228 2506 consul!»

2396 2463 2707 2534 Τηνικαῦτα
2737 2463 2844 2535 γὰρ
2889 2464 2988 2534 τῆς
3029 2462 3335 2524 συντελείας
3386 2459 3480 2513 τοῦ
3531 2457 3726 2530 θνητοῦ
3778 2457 3901 2527 βίου

681 2539 938 2603 natione,
957 2548 1311 2608 praetereunte
1334 2539 1487 2608 hujus
1506 2541 1686 2594 mundi
1717 2541 1904 2610 iigura,
1930 2552 1986 2598 ut
2002 2541 2078 2596 ait
2095 2545 2228 2612 Apo-

2323 2554 2638 2625 γενομένης,
2673 2554 3032 2626 παρελθόντος
3056 2551 3232 2606 τετοῦ
3261 2554 3536 2623 σχήματος
3554 2549 3650 2604 τοῦ
3683 2549 3895 2620 κόσμου

681 2629 849 2686 stolus
866 2629 932 2698 ”,
957 2645 1149 2684 novum
1176 2630 1426 2686 saeculum
1448 2630 1713 2685 succedet.
1738 2630 1869 2684 Nam
1897 2648 1992 2702 pro
2017 2634 2226 2690 cunctis

2322 2644 2510 2698 τούτου
2548 2644 2688 2698 κατά
2725 2644 2818 2697 τὸν
2850 2644 3186 2705 Ἀπόστολον,
3231 2643 3348 2705 νέος
3389 2641 3522 2695 αίὼν
3553 2639 3896 2709 διαλήψεται.

679 2721 858 2778 sensui
907 2721 1079 2776 obviis
1127 2721 1519 2787 luminaribus,
1559 2724 1648 2792 qui
1701 2725 1936 2778 anterius
1974 2725 2224 2780 saeculum

2337 2735 2481 2787 ’Δντὶ
2525 2734 2635 2806 γάρ
2691 2735 2908 2790 πάντων
2950 2735 3058 2789 τῶν
3104 2734 3376 2806 αἰσθητῶν
3432 2735 3734 2802 φωστήρων
3789 2729 3901 2783 τῶν

679 2813 1036 2875 illustrabant,
1072 2813 1399 2882 splendescet
1430 2814 1681 2882 deinceps
1708 2815 1822 2882 ip-e
1849 2816 2226 2884 apparebitque

2327 2826 2822 2896 πρὶν.φωτιζόντων
2859 2829 2949 2880 τὸν
2994 2828 3099 2897 πρὸ
3141 2826 3330 2880 τούτου
3381 2823 3552 2879 αἰῶνα
3596 2820 3899 2890 ὲπιλάμψει

681 2901 937 2960 Servator
961 2913 1163 2965 noster.
1197 2904 1463 2974 princeps,
1491 2914 1545 2958 et
1571 2905 1855 2972 luminare,
1890 2917 1944 2960 et
1974 2922 2069 2961 rex
2105 2908 2226 2962 novi

2325 2916 2509 2970 λοιπὸν
2565 2917 2726 2982 αύτδς
2800 2919 2894 2972 καὶ
2948 2919 3336 2987 ἐπιφανήσεται
3396 2917 3426 2968 ὁ
3481 2912 3668 2985 Σωτὴρ
3713 2910 3896 2982 ἡμῶν.

679 2992 858 3048 seculi
894 2994 1318 3047 constituendus.
1371 2993 1543 3047 Tanta
1579 3010 1742 3064 porro
1781 2997 1887 3050 erit
1931 2998 2226 3054 divinitatis

2326 3008 2564 3078 ἀρχηγὸς
2602 3009 2694 3060 καὶ
2724 3009 2966 3079 φωστὴρ,
3003 3008 3096 3060 καὶ
3114 3005 3361 3076 βασιλεὺς
3397 3002 3490 3056 τοῦ
3535 3001 3654 3055 νέου
3699 2999 3900 3063 αἰῶνος

679 3083 740 3140 in
778 3099 842 3138 eo
877 3085 988 3148 vis,
1026 3093 1238 3152 tamque
1265 3085 1463 3139 eximia
1506 3085 1746 3154 ejusdem
1787 3086 1978 3154 gloria,
2010 3098 2066 3142 ut
2091 3105 2224 3159 pra-

2270 3164 2291 3169 λ
2326 3100 2815 3169 καταστησόμενος.
2848 3096 3092 3168 Τοσαύτη
3122 3095 3179 3148 δέ
3209 3113 3294 3158 τις
3338 3093 3544 3164 Enati]
3572 3093 3672 3162 τῆς
3709 3090 3900 3161 θεότη-

678 3182 885 3229 sentem
932 3171 1096 3228 solem
1133 3189 1195 3228 ac
1236 3175 1411 3229 lunam
1457 3187 1512 3230 et
1540 3186 1731 3231 caetera
1765 3179 1885 3233 cudi
1921 3180 2222 3246 luminaria,
2251 3164 2294 3222 θ

2265 3164 2294 3222 Β
2327 3204 2416 3251 τος
2479 3164 2649 3242 αὑτοῦ.
2689 3188 2934 3258 δύναμις,
2994 3164 3091 3239 και
3139 3187 3174 3256 ὴ
3239 3183 3645 3255 ἀνυπέρϐλητος
3726 3179 3895 3236 αὐτοῦ

679 3264 890 3332 potiore
921 3278 1018 3318 suo
1051 3263 1252 3319 lumine
1283 3265 1588 3320 obvelatura
1622 3269 1692 3322 sit
1719 3279 1770 3320 et
1799 3281 2074 3338 opertura.

2327 3275 2470 3341 δόξα,
2504 3278 2579 3340 ὡς
2607 3279 2698 3330 τὸν
2738 3277 2832 3330 νῦν
2883 3277 3030 3348 ἣλιον
3081 3277 3174 3329 καὶ
3213 3275 3313 3344 τὴν
3350 3274 3575 3344 σελήνην
3622 3273 3718 3325 καὶ
3768 3271 3900 3337 τοὺς

677 3358 891 3423 λοιποὺς
936 3362 994 3414 ιν
1029 3361 1240 3432 ούρανῷ
1279 3362 1565 3432 φωστῆρας
1601 3362 1688 3416 διά
1734 3363 1830 3434 τὴν
1870 3365 1963 3418 τοῦ
2014 3368 2323 3438 κρείττονος.
2387 3373 2684 3442 παράθεσιν
2748 3371 3124 3443 ἀποκρυδῆναι
3164 3370 3265 3426 καὶ,
3297 3367 3633 3438 καλυφθῆναι
3699 3369 3765 3437 τῇ
3794 3364 3899 3419 αύ-

677 3454 771 3509 τοῦ
797 3455 1040 3526 δυνάμει.
2766 3476 2769 3477 ν

1037 3547 1082 3580 ⁸⁸
1110 3548 1239 3613 Qua
1269 3548 1462 3602 mundo
1491 3553 1864 3619 superreuient.
2579 3553 2667 3608 Ta,

2579 3553 2701 3608 Τῶν
2744 3549 3164 3620 ὑπερχομένων
3206 3547 3279 3616 τῇ
3310 3547 3645 3615 οἰκουμένῃ.

751 3637 952 3708 Nempe
996 3654 1081 3692 res
1125 3651 1411 3693 evetuuras
1462 3641 1574 3709 ipse
1617 3643 1882 3709 explicat,
1934 3646 2056 3700 dum
2107 3662 2228 3700 mox

2400 3646 2536 3698 Τίνα
2581 3644 2636 3696 δὲ
2677 3643 2742 3696 τὰ
2777 3642 3134 3712 ἐπερχόμενα,
3170 3638 3460 3710 ὲρμηνεύει
3483 3637 3800 3689 συνάπτων*
3825 3637 3900 3690 Al

683 3723 831 3778 addit
853 3744 872 3783 ε,
898 3724 1031 3779 Nam
1061 3726 1284 3781 virtutes
1312 3727 1566 3782 calorum
1593 3733 2086 3805 commovebuntur.
2139 3737 2232 3790 Et-

2330 3735 2440 3803 γὰρ
2484 3732 2764 3801 δυνάμεις
2797 3729 2914 3784 τῶν
2945 3728 3213 3796 οὐρανῶν
3249 3725 3752 3791 σαλευθήσονται.
3789 3723 3898 3777 Τοῦ

685 3814 830 3867 enim
874 3830 995 3868 cum
1023 3815 1110 3870 Dei
1143 3815 1308 3871 Filius
1335 3834 1455 3871 cum
1489 3821 1685 3875 virtute
1725 3822 1997 3893 gloriaque
2029 3827 2228 3897 ingenti

2329 3824 2438 3894 γὰρ
2484 3822 2612 3876 Υίοῦ
2645 3822 2738 3875 τοῦ
2762 3821 2895 3876 Θεοῦ
2931 3821 3066 3892 μετά
3088 3820 3365 3889 δυνάμεως
3394 3819 3487 3871 καὶ
3511 3817 3664 3889 δόξης
3694 3815 3900 3887 πολλῆς

684 3904 892 3966 veniet,
922 3915 1083 3973 atque
1110 3920 1176 3960 ex
1217 3909 1378 3977 impia
1421 3912 1756 3979 superhaque
1787 3916 2072 3982 tyrannide
2105 3933 2229 3986 per-

2334 3915 2778 3985 ὲπιστησρμὲνου.
2803 3916 2894 3967 καὶ
2924 3914 3021 3983 τὴν
3048 3913 3202 3967 ἀθεον
3226 3913 3319 3965 καὶ
3342 3910 3676 3982 μεγάλαυχον
3703 3925 3900 3980 τυραν-

683 3991 901 4046 ditionis
941 3991 1105 4047 lilium
1137 3995 1347 4064 dejiciet
1377 4000 1655 4065 praseutia
1683 4016 1778 4054 sua
1802 4043 1816 4065 ,
1854 4016 2086 4073 eumque
2112 4009 2226 4074 spi-

2334 4005 2450 4057 νίδα
2489 4004 2583 4056 τοῦ
2617 4002 2731 4055 υἱοῦ
2763 4003 2860 4072 τῆς
2890 4001 3163 4066 ἀπωλείας
3197 4004 3485 4072 καταργεῖν
3517 3998 3799 4070 μέλλοντος
3830 4001 3897 4070 τῇ

683 4082 788 4134 ritu
838 4081 950 4136 oris
999 4084 1081 4137 sui
1132 4088 1394 4152 perimet;
1451 4100 1576 4143 tunc
1602 4090 1909 4147 ctelestibus
1951 4095 2228 4161 spiritibus

2335 4094 2621 4164 ἐπιφανείᾳ
2664 4093 2762 4162 τῆς
2812 4091 3108 4163 παρουσίας
3144 4090 3330 4154 αὐτοῦ,
3371 4089 3674 4143 ἀναλίσκειν
3721 4105 3782 4141 τε
3819 4087 3899 4158 τῷ

683 4176 1050 4244 supremisque
1095 4187 1153 4231 et
1183 4181 1436 4250 angelicis
1478 4183 1570 4237 Dei
1618 4184 1879 4239 ministris
1907 4185 2098 4239 Filium
2133 4187 2228 4241 Dei

2337 4187 2602 4257 πνεύματι
2651 4186 2744 4239 τοῦ
2794 4187 3055 4256 στόματος
3100 4184 3284 4248 αὐτοῦ,
3327 4184 3435 4237 τῶν
3467 4200 3524 4236 τε
3561 4181 3900 4254 ἐπουρανίων

680 4265 1129 4334 stipantibuscum
1159 4281 1333 4338 eoque
1362 4271 1788 4339 adventantibus,
1825 4284 1968 4340 tunc,
1989 4277 2226 4345 inquam,

2338 4277 2654 4346 πνευμάτων
2695 4276 2789 4329 καὶ
2812 4275 2918 4328 τῶν
2938 4275 3096 4338 θείων
3124 4277 3217 4330 καὶ
3238 4274 3538 4342 ἀγγελικῶν
3570 4272 3901 4343 λειτουργῶν

680 4357 887 4409 act-idet
928 4367 984 4410 ιιι
1022 4360 1279 4412 calorum
1319 4362 1547 4416 virtutes
1586 4378 2043 4424 commoveantur.
2078 4369 2230 4423 Tunc
2261 4383 2305 4439 ι,

2269 4383 2305 4439 ι,
2332 4369 2425 4422 τοῦ
2459 4369 2590 4422 Θεοῦ
2616 4368 2706 4421 τὸν
2736 4369 2863 4420 Υἱὸν
2903 4367 2996 4420 τοῦ
3029 4366 3161 4420 Θεοῦ
3196 4364 3631 4437 δορυφορούντων
3673 4365 3766 4416 καὶ
3801 4365 3899 4418 σὺν

681 4444 810 4496 illud
834 4446 994 4499 etiam
1024 4449 1317 4503 veridicum
1340 4453 1528 4507 evadet
1555 4474 1565 4506 :
1602 4455 1836 4510 Attollite
1861 4469 2059 4524 portas,
2087 4462 2228 4523 prin-

2331 4458 2475 4529 αύτῷ
2503 4459 2906 4530 παρεσομένων,
2938 4459 2996 4512 αἱ
3023 4457 3275 4526 δυνάμεις
3297 4455 3403 4509 τῶν
3429 4452 3670 4526 οὐρανῶν
3701 4453 3899 4507 σαλευ-

678 4535 846 4599 cipes,
884 4543 1115 4600 uestras,
1161 4548 1208 4590 et
1256 4541 1484 4594 introibit
1507 4541 1614 4596 Rea:
1657 4547 1838 4614 gloria:
1868 4547 1933 4602 ".
1985 4548 2225 4614 Quonam

2330 4548 2576 4618 θήσονται
2600 4565 2612 4576 ·
2641 4548 2715 4610 ὼς
2741 4547 2862 4600 τότε
2893 4545 3232 4618 πληροῦσθαι
3255 4545 3335 4599 τόο
3364 4547 3565 4618 ’ᾼρατε
3586 4546 3809 4611 πύλας,
3842 4562 3919 4601 ο.-

680 4636 811 4679 vero
848 4624 1131 4697 introibit,
1171 4629 1271 4682 nisi
1315 4628 1368 4682 in
1405 4643 1594 4686 recens
1623 4635 1873 4690 sarculum
1925 4652 2228 4707 novumque

2327 4616 2631 4706 ἄρχοις-τες,
2656 4636 2842 4708 ὑμῶν,
2870 4637 2966 4690 καὶ
2987 4616 3447 4691 εἰσελεύσεταίό
3472 4635 3770 4701 Βασιλεὺς
3785 4634 3900 4705 τῆς

677 4712 904 4766 orbem?
961 4711 1104 4767 Sane
1145 4716 1501 4774 invisibilibus
1538 4720 1975 4794 incorporeisque
2007 4729 2226 4781 virtuti-

2331 4728 2531 4798 δόξης.
2563 4729 2670 4783 Ποῦ
2701 4729 2756 4782 δὲ
2782 4729 3140 4786 εἰσελεύσεται
3173 4728 3206 4798 ἢ
3230 4731 3310 4791 εἰς
3341 4728 3433 4780 τὸν
3457 4729 3576 4780 νέον
3600 4727 3773 4780 αἰῶνα
3802 4726 3901 4783 καὶ

676 4801 777 4854 luts
798 4841 814 4865 ,
847 4816 965 4871 qua
993 4805 1088 4860 ιοιί
1118 4805 1255 4860 caelo
1284 4808 1662 4874 moderantur,
1704 4827 1734 4864 e
1762 4829 1856 4867 sua
1882 4825 2082 4869 aeterna
2117 4825 2228 4870 sta-

2326 4820 2424 4889 τὴν
2452 4821 2639 4891 καινὴν
2682 4821 3038 4890 οίκουμένην;
3071 4819 3177 4872 Καὶ
3217 4819 3281 4890 δὴ
3315 4819 3423 4871 τῶν
3460 4818 3739 4888 δυνάμεων
3789 4819 3899 4872 τῶν

679 4894 826 4948 tione
850 4898 1158 4961 commotis,
1185 4899 1355 4965 ipsum
1387 4899 1583 4953 coelum
1615 4904 1920 4960 universum
1955 4918 2008 4961 et
2031 4907 2114 4962 sol
2161 4925 2226 4964 ac

2330 4913 2549 4982 ἀφανῶν
2592 4913 2686 4966 καὶ
2717 4912 3041 4982 ἀσωμάτων,
3072 4912 3162 4965 ’δι’
3204 4905 3279 4964 ὧν
3327 4914 3356 4964 ὁ
3403 4910 3623 4981 σύμπας
3668 4911 3899 4982 οὐρανὸς

675 4980 800 5037 luna
831 4983 1101 5055 stellaeque
1127 4989 1448 5052 transibunt,
1487 4992 1754 5060 patefacto
1785 5003 1946 5063 ctelo,
1978 5001 2228 5066 etjanuis

2328 4980 2626 5069 διοικεῖται,
2653 5005 2751 5075 τῆς
2790 4980 2849 5066 ἐξ
2888 4980 3078 5065 αἰῶνος
3112 5003 3351 5064 στάσεως
3397 4980 3895 5072 παρακινηθεισῶν,

676 5087 797 5144 quc
825 5077 891 5130 ab
932 5076 1062 5132 orbe
1109 5081 1324 5134 condito
1361 5082 1556 5139 clause
1589 5085 1834 5152 fuerant,
1871 5089 1982 5159 jam
2016 5107 2228 5146 resera-

2329 5095 2422 5147 καὶ⁸
2447 5095 2606 5157 αὐτὸς
2625 5097 2655 5148 ὁ
2684 5095 2901 5164 σύμπας
2925 5095 3148 5165 οὐρανὸς
3166 5092 3315 5164 ἥλιός
3340 5109 3400 5146 τε
3426 5093 3520 5146 καὶ
3549 5090 3767 5162 σελήνη,
3800 5090 3897 5144 καὶ

677 5166 786 5232 tis;
834 5177 991 5235 atque
1044 5172 1114 5224 ita
1173 5173 1576 5241 superctelestia
1622 5179 1895 5246 patebunt,
1929 5193 2224 5236 aeternum-

2326 5186 2552 5258 ἀστέρες
2580 5185 3018 5257 παρελεύσονται,
3049 5184 3396 5254 ἀνοιγομένου
3411 5183 3504 5236 τοῦ
3523 5182 3778 5254 ούρανοῦ,
3803 5181 3897 5236 καὶ

677 5270 781 5322 que
831 5257 924 5311 Dei
987 5275 1209 5330 regnum
1261 5267 1607 5334 conspicuum
1647 5272 1850 5324 cunctis
1895 5275 2040 5327 erit:
2085 5273 2222 5340 quod

2328 5276 2432 5329 τῶν
2487 5275 2548 5341 ἐξ
2591 5277 2783 5339 αἰῶνος
2834 5277 3227 5347 κεκλεισμένων
3265 5273 3428 5328 αὑτοῦ
3483 5272 3664 5327 πυλῶν
3696 5287 3898 5326 αναπε-

676 5361 806 5400 sane
837 5363 1052 5418 regnum
1091 5362 1148 5405 ut
1193 5353 1300 5407 cito
1336 5355 1502 5421 adsit,
1539 5359 1675 5412 votis
1714 5373 1830 5416 esse
1873 5361 2222 5431 ﬂagitandum

2326 5369 2689 5437 ταννυμένων,
2734 5368 2808 5431 ὡς
2855 5367 2919 5422 ἂν
2951 5369 3161 5438 ὀφθεῖεν
3207 5365 3622 5437 τὰ.ύπουράνια,
3656 5365 3750 5418 καὶ
3782 5365 3894 5434 ὴὲε

679 5437 930 5493 Servator
971 5440 1181 5510 docuit,
1220 5444 1345 5498 dum
1383 5447 1432 5499 in
1479 5462 1636 5517 prece
1682 5449 1770 5503 illa
1813 5452 1992 5506 dicere
2020 5454 2220 5524 jussit:

2329 5459 2520 5522 αἰῶνος
2580 5458 2673 5512 τοῦ
2702 5458 2835 5513 Θεοῦ
2878 5437 3119 5530 βασιλεία
3146 5457 3407 5529 φανηθείη
3455 5460 3565 5520 τοῖς
3593 5457 3762 5509 πᾶσιν
3780 5473 3795 5486 ·
3826 5455 3895 5528 ἢν

743 5599 791 5691 ξ⁸
817 5598 1088 5691 ἐτέθη-λιιι
1111 5605 1199 5691 ἓβ.
1275 5609 1319 5639 ³⁸
1351 5609 1477 5691 ibid.
1523 5614 1608 5668 5i.
1687 5617 1730 5648 ³⁸
1757 5619 1881 5677 ibid.
1919 5621 2007 5678 35.
2115 5623 2160 5657 "
2193 5623 2320 5680 ibid.
2348 5623 2436 5680 56.
2541 5624 2585 5656 "‘
2612 5624 2741 5680 Luc.
2779 5642 2888 5691 χιιι,
2927 5628 3017 5683 9.5.
3123 5629 3167 5661 "
3200 5628 3214 5682 Ι
3243 5624 3365 5684 Cor.
3392 5639 3485 5691 t'tI,
3518 5624 3606 5678 5|.
3687 5624 3733 5655 “
3761 5622 3904 5682 [σε.

675 5682 787 5735 χχι,
983 5674 1023 5705 st
1048 5673 1185 5732 Pan"
1219 5693 1368 5743 ‘MH,
1401 5680 1450 5733 7.
1757 5668 1881 5677 -—-—-
1923 5668 2007 5678 -ν-
2193 5668 2320 5680 un...
2349 5668 2436 5680 νν.
2612 5668 2741 5680 -..μ
2779 5668 2888 5696 .....,
