4128 6294
261 314 359 369 597

1427 314 1925 370 COMMENTARIA
1961 316 2027 370 IN
2068 317 2322 373 LUCASI.

3399 323 3503 379 598

260 424 325 494 δὴ
350 424 441 477 καὶ
471 426 865 496 προσεύχεσθαι
952 427 1115 495 τάχος
1141 427 1455 497 ἐπιστῆναι,
1479 427 1640 491 αὐτὸς
1668 430 1695 481 ὁ
1725 429 1831 480 Σω-

1936 432 2187 487 Adueniet
2217 450 2431 503 regnum
2471 444 2660 497 tuum;
2710 434 2807 502 ﬁat
2835 435 3074 489 voluntas
3103 446 3194 489 tua
3216 474 3231 500 ,
3273 438 3407 492 sicut
3446 442 3504 495 in

261 514 365 583 τὴρ
400 514 626 580 ἐδίδαξε,
677 515 853 582 λέγειν
896 516 953 567 ὲν
981 519 1045 585 τῇ
1076 520 1351 587 προσευχῇ
1384 519 1829 587 παρακελευόμε-

262 622 352 668 νος
373 622 387 635 ·
428 606 672 659 Ἐλθέτω
696 606 736 670 ἦ
749 606 1037 669 ,βασιλεία
1062 621 1197 670 σου,
1228 608 1534 678 γενηθήτω
1562 610 1625 661 τὸ
1658 611 1832 678 θέλη-

261 695 345 761 μά
377 711 494 749 σου
529 698 606 761 ὡς
639 697 708 747 ἐν
741 696 972 763 οὐρανῷ
1004 698 1100 751 καὶ
1134 698 1229 751 ἐπὶ
1264 697 1374 766 τῆς
1404 698 1512 767 ῆς
1534 717 1551 733 ο
1589 700 1733 752 οὕτω
1772 718 1832 752 τε

260 786 369 839 τῶν
400 786 650 857 φθαρτῶν
672 788 765 839 καὶ
795 790 1119 858 σωματικῶν
1151 789 1543 859 παρελθόντων,
1577 790 1643 843 τὰ
1670 792 1833 861 νοητὰ

261 878 356 929 καὶ
385 877 608 948 οὐράνια
635 878 987 949 ἐπιστήσεται
1011 898 1023 909 ·
1058 882 1145 932 ὅτε
1184 880 1277 933 καὶ
1306 881 1650 951 ήάσάλευτος
1676 881 1832 951 βασι-

259 966 379 1025 λεία
421 968 511 1021 τοῦ
558 968 751 1038 μηκέτι
787 970 1251 1040 παρελευσομένου
1299 972 1492 1035 αἰῶνος
1537 976 1833 1042 καθηγήσερ

258 1075 373 1121 ται,
407 1059 587 1121 καινός
618 1076 677 1111 τε
718 1061 811 1113 καὶ
843 1062 962 1124 νέος
992 1062 1237 1132 οὐρανὸς,
1266 1064 1335 1133 γῆ
1355 1080 1415 1116 τε
1442 1063 1601 1133 καινὴ
1632 1066 1831 1132 συστή-

260 1166 415 1202 σεται
440 1150 577 1203 κατὰ
603 1152 693 1203 τὸν
718 1154 964 1221 φήσαντα
994 1156 1305 1225 προφήτην
1336 1155 1544 1207 Ἔσται
1575 1154 1832 1222 οὐρανὸς

259 1238 470 1304 καινὸς
509 1239 606 1293 καὶ
651 1240 689 1305 ἠ
720 1239 795 1309 τῆ
825 1240 1024 1309 καινὴ,
1080 1241 1118 1295 ἁ
1165 1240 1279 1311 ἐγὼ
1312 1239 1459 1295 ποιῶ
1495 1242 1702 1310 μένειν
1738 1243 1829 1295 ἐν-

258 1328 452 1387 ώπιόν
468 1347 604 1398 μου,
622 1330 782 1400 λέγει
799 1332 1031 1400 Κύριος.

298 1426 368 1478 Αἱ
394 1424 504 1493 τὰρ
535 1424 815 1495 δυνάμεις
845 1426 963 1481 τῶν
988 1428 1259 1497 οὐρανῶν
1293 1431 1797 1499 σαλευθήσονται.

329 1516 399 1568 At
437 1515 529 1568 τὸν
570 1518 833 1589 πρότερον
869 1520 1040 1574 αίῶνα
1084 1521 1539 1593 διακονησάμεναι
1570 1524 1831 1596 δυνάμεις

258 1605 320 1663 ἐν
353 1609 419 1677 τῇ
457 1609 707 1662 συστάσει
732 1611 827 1664 τοῦ
857 1612 1119 1683 προτέρου
1144 1612 1370 1683 κόσμου,
1399 1616 1510 1677 τοῖς
1550 1632 1609 1667 τε
1638 1614 1830 1687 αίσθη-

258 1698 374 1759 τοῖς
422 1700 613 1769 μέρεσι
667 1700 760 1753 τοῦ
800 1703 997 1766 παντὸς
1023 1705 1474 1775 ὲπιστατήσασαι,
1503 1705 1624 1759 τότε
1650 1706 1713 1775 δὴ
1737 1722 1833 1759 σα-

1935 525 2062 577 ccelo
2089 534 2138 578 et
2184 526 2239 578 in
2279 535 2441 579 terra.
2476 527 2653 593 Atque
2700 525 2772 579 ita
2798 565 2811 589 ,
2848 527 3288 595 corruptibilibus
3314 544 3505 599 corpu-

1935 616 2152 684 reisque
2189 618 2347 671 rebus
2385 616 2705 685 praeteritis,
2742 616 3122 671 intellectualis
3167 628 3222 672 et
3258 619 3503 675 cmlestia

1935 704 2249 761 succedent.
2276 705 2431 760 Tunc
2463 708 2623 759 etiam
2662 705 3043 759 inconcussum
3101 724 3321 777 regnum
3371 724 3504 779 pra:-

1933 796 2041 850 erit
2084 796 2279 851 smculo
2331 813 2603 866 nunquam
2676 800 3001 861 transituro;
3068 815 3374 868 novumque
3438 815 3505 857 ac

1934 903 2123 942 recens
2178 890 2395 950 cmluln.
2455 900 2704 959 terraque
2760 905 2895 942 nova
2919 890 3177 954 exsistet;
3231 891 3368 945 sicut
3427 893 3506 948 ait

1934 981 2191 1047 propinata
2220 998 2232 1031 :
2264 979 2462 1033 Catum
2512 983 2609 1033 erit
2657 997 2843 1034 novum
2866 1020 2881 1041 ,
2928 997 3161 1050 novaque
3207 992 3347 1035 terra
3375 997 3395 1033 :
3422 993 3507 1036 at—

1931 1086 2029 1137 que
2063 1069 2173 1123 Iure
2219 1088 2311 1137 ego
2352 1088 2530 1123 coram
2584 1088 2663 1123 me
2700 1087 3003 1139 permanere
3048 1071 3326 1135 mandabo,
3376 1072 3506 1125 dicit

1931 1159 2190 1215 Dominus
2215 1162 2279 1215 ".

2095 1424 2140 1456 ⁸³
2164 1422 2306 1479 Nam
2342 1426 2557 1477 virtutes
2582 1424 2833 1480 caelorum
2864 1425 3343 1479 conmmeebuntur.

2004 1516 2133 1582 Qua!
2187 1516 2353 1584 priori
2403 1514 2600 1569 saeculo
2647 1516 3027 1569 deserviebant
3067 1516 3325 1582 virtutes,
3377 1514 3506 1570 dum

1932 1608 2082 1675 prior
2113 1605 2205 1661 ille
2226 1606 2456 1659 mundus
2496 1606 2841 1669 subsisteret,
2883 1616 2938 1659 et
2965 1605 3192 1676 singulis
3224 1608 3341 1676 ejus
3376 1621 3507 1674 par—

1934 1692 2083 1751 tibus
2110 1698 2411 1766 praepositae
2451 1696 2699 1760 fuerant,
2743 1708 2873 1752 tunc
2925 1697 3142 1751 demum
3189 1712 3505 1753 commove-

258 1766 632 1861 λευθήσονται,
688 1791 763 1857 ὼς
809 1792 876 1846 ἂν
938 1793 1244 1865 κρείττονος
1274 1766 1502 1865 ’τύχοιεν
1562 1766 1826 1861 στάσεως.

1933 1787 2156 1853 buntur,
2187 1796 2245 1842 ut
2270 1789 2545 1842 meliorem
2585 1790 2873 1843 stationem
2914 1790 3315 1843 nanciscantur.
3351 1788 3507 1843 Nunc

258 1877 414 1942 Τέως
446 1880 545 1950 μὲν
570 1882 677 1953 γὰρ
693 1882 999 1938 δουλεύουσι
1026 1885 1281 1956 φθαρτοῖς
1316 1886 1528 1957 σώμασι
1559 1886 1833 1941 διακονούη

258 1982 441 2035 μεναι,
473 1969 611 2022 κατὰ
634 1969 690 2022 δὲ
720 1970 810 2023 τὸν
842 1972 960 2025 νέον
991 1974 1164 2028 αίῶνα
1188 1972 1709 2047 ἐλευθερωθήσονται
1736 1979 1831 2031 καὶ

257 2059 422 2121 αὐταὶ
466 2060 574 2113 ἀπὸ
605 2064 703 2131 τῆς
731 2061 971 2128 δουλείας
996 2063 1095 2135 τῆς
1127 2064 1331 2133 φθορᾶς
1371 2067 1450 2127 είς
1478 2064 1577 2136 τὴν
1620 2066 1832 2120 ἐλευθεη

256 2144 385 2221 ρίαν
423 2144 523 2215 τῆς
552 2146 708 2219 δόξης
730 2148 837 2201 τῶν
870 2150 1075 2203 τέκνων
1103 2150 1198 2204 τοῦ
1236 2150 1394 2210 Θεοῦ.
1437 2153 1558 2206 Ἐπὶ
1598 2154 1697 2224 μὲν
1723 2155 1832 2227 γὰρ

255 2233 354 2288 τοῦ
387 2238 651 2307 παρόντος
678 2240 973 2311 στενάζειή
1007 2242 1180 2305 κτίσις
1202 2246 1269 2315 τῇ
1303 2243 1478 2315 φθορᾷ
1514 2245 1622 2299 τῶν
1649 2246 1833 2318 αἰσθη-

256 2325 370 2378 τῶν
404 2328 667 2397 σωμάτων
698 2330 1037 2397 δουλεύουσα,
1100 2332 1194 2387 καὶ
1241 2332 1341 2403 τὴν
1387 2336 1592 2389 οἰκείαν
1644 2336 1831 2390 στάσιν

259 2414 620 2482 φυλάττουσα,
681 2419 738 2472 ἐν
788 2414 823 2495 ᾖ
871 2420 1204 2492 κατέστησεν
1236 2424 1405 2495 αὐτὴν
1445 2427 1474 2478 ό
1504 2425 1599 2479 τοῦ
1634 2428 1832 2492 παντὸς

256 2507 465 2578 Κύριος
485 2526 498 2538 ·
531 2509 652 2563 τότε
673 2512 749 2575 δὲ,
778 2512 917 2566 κατὰ
935 2512 1032 2585 τὴν
1065 2515 1329 2586 σωτήριον
1350 2515 1663 2585 θεοφάνειαν
1684 2519 1833 2572 ileo-

258 2594 559 2668 θερωθεῖσα
582 2599 677 2671 τῆς
710 2599 805 2655 νῦν
839 2601 1096 2669 στάσεως,
1127 2604 1220 2658 ἐπὶ
1237 2605 1305 2665 τὰ
1331 2606 1563 2677 κρείττω
1594 2608 1838 2681 μεταδήο

259 2701 434 2747 σεται.

265 2779 636 2859 Ἀρχομένωτς
666 2782 737 2859 de
765 2786 990 2859 τούτων
1014 2787 1306 2856 τίνεσθαι,
1349 2790 1699 2859 ἀνακύψατε
1730 2791 1833 2850 καί

610 2852 865 2922 ἐπάρατε
885 2856 991 2920 τὰς
1006 2852 1273 2925 κεφαλὰς
1292 2852 1478 2929 ὑμῶν.

328 2942 491 3009 Λέγει
520 2943 577 2995 δὲ
604 2944 774 2998 ταῦτα
802 2945 913 3015 (T5)
951 2948 1087 3017 πρὸς
1132 2950 1257 3013 τοὺς
1307 2950 1573 3021 μαθητὰς,
1622 2952 1718 3021 οὐχ
1756 2953 1832 3016 ὠς

260 3032 554 3101 μέλλοντας
585 3035 782 3098 αὐτοὺς
810 3034 1089 3107 ζήσεσθαι,
1131 3040 1226 3096 καί
1257 3041 1591 3111 παραμένειν
1626 3042 1705 3112 τῷ
1732 3042 1832 3114 βίῳ

1932 1880 2075 1934 enim
2124 1879 2507 1948 corruptilibus
2560 1879 2805 1934 serviunt
2859 1881 3204 1947 corporibus,
3261 1882 3354 1936 sed
3409 1880 3504 1935 illo

1931 1969 2129 2025 saeculo
2156 1970 2658 2025 vindicabuntur-et
2686 1971 2823 2039 ipsa:
2852 1985 2918 2025 ex
2944 1972 3167 2026 servitio
3196 1981 3361 2041 atque
3386 1985 3508 2026 cor-

1932 2059 2138 2128 ruptela
2170 2060 2221 2114 in
2252 2060 2557 2115 libertatem
2601 2060 2784 2130 gloria!
2816 2062 3045 2117 filiorum
3078 2062 3196 2118 Dei.
3241 2061 3301 2120 In
3364 2077 3494 2133 prm-

1930 2153 2076 2207 senti
2129 2152 2277 2210 enim
2327 2162 2577 2208 creatura
2627 2152 2936 2223 ingemiscit
2986 2152 3113 2211 dum
3166 2152 3505 2209 sensibilium

1930 2257 2217 2311 corporum
2270 2246 2438 2299 servit
2494 2244 2851 2313 corruptela,
2903 2258 3168 2313 suamque
3210 2246 3511 2301 stationem

1931 2336 2164 2401 retinet,
2201 2336 2253 2389 in
2295 2352 2399 2406 qua
2434 2352 2554 2391 eam
2603 2351 2787 2390 rerum
2825 2336 3067 2393 omnium
3107 2335 3369 2391 Dominus
3393 2336 3513 2391 col-.

1931 2424 2145 2481 locavit.
2176 2425 2328 2482 Tunc
2358 2443 2485 2482 vero
2512 2427 2565 2481 in
2591 2425 2900 2483 Servatoris
2922 2428 3015 2483 Dei
3044 2427 3496 2494 manifestatioue,

1931 2531 1971 2577 a.
1991 2520 2240 2587 praesenti
2271 2520 2522 2589 expedita
2550 2526 2719 2585 statu,
2762 2518 2815 2573 in
2850 2518 3131 2574 meliorem
3164 2519 3436 2575 transibit.

1976 2782 2021 2814 ιλ
2052 2780 2149 2841 llis
2182 2791 2353 2839 autem
2386 2780 2506 2849 ﬁeri
2532 2781 2928 2863 incipientibus,
2964 2784 3204 2853 respicite
3230 2792 3279 2841 et
3308 2784 3471 2842 (ante

2516 2863 2687 2919 capita
2728 2864 2920 2907 vestra.

2003 2941 2130 2996 Haec
2157 2942 2233 2996 ait
2260 2941 2560 3011 discipulis.
2588 2956 2694 2995 non
2720 2941 2865 3011 quod
2894 2942 3027 3020 ipsis
3056 2951 3200 3003 esset
3243 2958 3414 3014 usque
3436 2944 3508 2999 ad

1935 3033 2116 3089 muli
2146 3033 2675 3088 consummationem
2712 3033 2821 3085 vita
2853 3030 3223 3100 superfutura,
3253 3033 3348 3088 sed
3377 3033 3505 3103 quia

259 3122 424 3194 μέχρι
457 3124 554 3195 τῆς
583 3126 909 3192 συντελείας,
961 3128 1074 3181 ἀλλ’
1108 3127 1182 3192 ὡς
1226 3130 1342 3194 ἑνὸς
1387 3109 1537 3195 ὄντος
1584 3109 1831 3203 σὼίιάτοξ

1935 3125 2099 3181 iidem
2130 3124 2408 3180 nobiscum
2439 3138 2604 3177 unum
2639 3137 2835 3192 corpus
2883 3124 3253 3191 constituunt,
3297 3139 3508 3180 necnon

254 3213 439 3267 αὐτῶν
478 3232 539 3268 τε
567 3216 661 3269 καὶ
687 3216 864 3288 ἡμῶν,
901 3218 1010 3272 τῶν
1042 3237 1100 3273 τε
1138 3220 1277 3290 μετὰ
1319 3221 1491 3275 ταῦτα
1533 3223 1694 3295 μέχρι
1734 3224 1834 3293 τῆς

256 3303 565 3369 συντελείας
610 3308 689 3365 είς
723 3308 885 3360 αὑτὸν
925 3312 1387 3377 πεπιστευκότων,
1434 3313 1527 3367 καὶ
1573 3314 1639 3367 δι’
1672 3316 1832 3369 αὑτὸν

254 3393 399 3447 κατὰ
431 3395 522 3447 τὸν
544 3396 783 3467 παρόντα
814 3396 925 3467 βίον
953 3402 1461 3472 τεταπεινωμένων.
1518 3404 1650 3457 Τότε
1698 3405 1831 3473 γοῦν

252 3482 617 3549 ἀπολαϐόντες
638 3486 735 3550 τὰς
755 3490 1086 3558 ἐπαγγελίας
1116 3492 1200 3561 ἐφ’
1234 3486 1320 3556 αἷς
1349 3492 1671 3565 ἠλπίζομεν,
1696 3495 1831 3549 ἀναο

252 3572 499 3645 κύψομεν
554 3578 603 3629 οἱ
642 3578 761 3631 τότε
793 3582 1212 3650 συγκεκυφότες,
1258 3584 1353 3635 καὶ
1392 3583 1705 3655 επαροῦμεν
1734 3586 1831 3649 τὰς

256 3666 502 3736 κεφαλάς
522 3668 679 3739 ἡμῶν
705 3671 757 3722 οί
783 3671 949 3725 πάλαι
969 3673 1444 3745 τεταπεινωμένοι.
1481 3675 1545 3728 Ἠ
1566 3676 1675 3747 γὰρ
1698 3677 1832 3730 ἀπο-

254 3757 523 3830 λύτρωσις
549 3759 706 3829 ὴμῶν
738 3761 770 3829 ἡ
801 3761 1218 3834 προσδοκωμένη
1254 3764 1393 3835 αὑτὴ
1433 3766 1614 3836 ἐκείνη
1652 3766 1827 3834 ἔσται,

253 3848 323 3919 ἢν
353 3847 449 3900 καὶ
478 3850 511 3918 ἡ
542 3849 689 3901 πᾶσα
704 3850 879 3913 κτίσις
908 3851 1178 3923 προσδοκᾷ
1192 3854 1330 3907 κατὰ
1359 3853 1456 3924 τὴν
1472 3855 1830 3927 άποστολικὴν

252 3934 623 3999 διδασκαλίαν,
656 3938 724 4008 ἢν
753 3938 845 3990 καὶ
877 3939 1088 4004 Παῦλος
1112 3942 1543 4014 άπεκδεχόμενος
1586 3944 1829 4009 στενάζει

253 4030 378 4089 ταῖς
419 4028 703 4097 σωτηρίοις
743 4032 945 4099 φωναῖς
981 4031 1265 4085 δουλεύων.
1302 4034 1437 4086 Πότε
1464 4035 1518 4088 δὲ
1556 4036 1762 4104 ἐγγίζει
1794 4039 1827 4107 ή

252 4119 651 4190 ἀπολύτρωσις,
675 4122 914 4193 άκριὸῶς
932 4123 1168 4191 ἐδίδαξεν
1190 4124 1377 4193 εἰπὼν,
1400 4128 1481 4180 ὅτι
1505 4126 1709 4181 τούτων
1732 4130 1833 4199 άρ-

252 4209 499 4281 χομένων
524 4210 785 4279 γίνεσθαι.
824 4212 915 4285 Μὴ
957 4204 1066 4287 γὰρ
1098 4216 1436 4287 ἀρχομένων,
1472 4218 1588 4271 ἀλλ’
1616 4219 1714 4291 ήδη
1751 4222 1831 4285 εἰς

254 4300 394 4370 ἔργα
420 4301 739 4373 χωρούντων
762 4302 870 4356 τῶν
901 4303 1224 4376 λεγομένων,
1263 4307 1445 4360 οὐκέτι
1479 4308 1714 4377 ἐγγίζειν
1754 4311 1833 4363 εί-

1936 3224 2197 3287 quotquot
2226 3230 2399 3286 usque
2424 3215 2493 3269 ad
2529 3214 3054 3271 consummationem
3084 3212 3302 3269 Christo
3323 3214 3508 3270 credi-

1936 3310 2039 3362 turi
2067 3316 2215 3373 sunt,
2241 3317 2403 3377 atque
2431 3305 2547 3375 ejus
2575 3319 2737 3359 causa
2762 3314 3087 3372 prasentem
3119 3304 3285 3359 vitam
3324 3305 3379 3360 in
3415 3304 3511 3359 bu-

1934 3399 2162 3454 rnilitate
2187 3398 2509 3454 tratlucturi.
2538 3396 2690 3451 Tunc
2726 3397 2911 3467 igitur,
2944 3411 3003 3451 re
3031 3411 3194 3467 quam
3225 3411 3526 3467 speramus,

1934 3490 2242 3558 impetrata,
2278 3488 2529 3543 tollemus
2549 3488 2738 3542 oculos
2764 3488 2854 3557 qui
2878 3487 3142 3543 hactenus
3168 3488 3317 3544 humi
3346 3487 3509 3542 deﬁxi

1932 3587 2111 3643 erant,
2138 3589 2409 3647 caputque
2433 3577 2704 3647 erigemus
2732 3578 2823 3646 qui
2854 3576 2984 3633 olim
3012 3577 3252 3647 depressi
3280 3576 3502 3631 fuimus.

1932 3668 2059 3723 Hzec
2084 3678 2167 3723 est
2198 3668 2342 3722 enim
2374 3682 2534 3737 quam
2566 3676 2945 3737 exspectamus
2969 3667 3308 3736 redemptio;
3344 3681 3507 3739 quam

1932 3760 2140 3829 reliqua
2181 3760 2342 3813 etiam
2390 3770 2641 3815 creatura
2688 3761 2868 3815 omnis
2916 3761 3303 3831 praestolatur,
3353 3761 3509 3829 juxta

1932 3850 2285 3921 apostolicam
2334 3851 2660 3917 doctrinam,
2704 3866 2807 3920 qua
2837 3849 3038 3905 Paulus
3068 3851 3232 3909 etiam
3275 3850 3513 3906 imbutus

1933 3944 2297 4013 ingemiscit“
2325 3941 2634 3997 Servatoris
2662 3942 2887 3996 vocibus
2907 3940 3302 3999 obsecundans.
3327 3939 3531 4013 Quan-.

1932 4032 2135 4093 donam
2170 4044 2349 4086 autem
2393 4032 2884 4101 appropinquatura
2944 4031 3017 4085 sit
3054 4030 3405 4100 redemptio,
3430 4043 3515 4083 ac-

1932 4135 2117 4187 curate
2160 4127 2343 4183 docuit
2379 4126 2564 4181 dicens
2598 4143 2612 4177 :
2646 4124 2745 4179 His
2778 4126 2897 4193 ﬁeri
2943 4123 3336 4193 incipientibus.
3372 4120 3510 4176 Cum

1935 4220 2079 4274 enim
2101 4218 2212 4286 jam
2236 4218 2377 4277 dicta
2402 4232 2563 4287 opera
2598 4218 2911 4284 decurrent,
2954 4216 3101 4272 haud
3144 4214 3363 4271 videtur
3391 4228 3513 4287 pro-

1932 4308 2197 4377 pinquare
2227 4306 2547 4377 redemptio,
2584 4308 2680 4363 sed
2718 4322 2882 4378 opere
2907 4307 3025 4377 ipso
3050 4304 3334 4374 compleri.
3368 4305 3509 4374 Apo-

251 4390 353 4453 κὸς
384 4390 481 4461 τὴν
501 4392 897 4463 ἀπολύτρωσιν,
930 4396 1043 4449 ἀλλ’
1066 4397 1247 4467 ἔργοις
1272 4398 1648 4453 ἐπιτελεῖσθαι.
1692 4401 1749 4453 'U
1772 4402 1829 4454 δὲ

1937 4403 2109 4456 stolus
2132 4411 2310 4455 autem
2343 4402 2512 4455 totius
2536 4415 2753 4470 quoque
2783 4408 3047 4454 creatura
3078 4396 3511 4466 redemptionem

251 4480 400 4545 θεῖος
443 4480 757 4547 Ἀπόστολος
783 4486 877 4538 καὶ
901 4485 1027 4557 ὅλης
1055 4487 1225 4556 αὐτῆς
1243 4487 1342 4557 τῆς
1376 4489 1601 4552 κτίσεως
1628 4492 1831 4543 ἀπολύ-

249 4586 459 4642 τρωσιν
488 4571 582 4623 καὶ
612 4572 920 4643 ἐλευθερίαν
945 4575 1066 4628 τότε
1098 4576 1423 4646 γενήσεσθαι
1456 4576 1717 4643 διδάσκει,
1747 4579 1835 4635 διὰ

1936 4507 1998 4546 ac
2025 4490 2328 4549 libertatem
2366 4504 2491 4546 tunc
2523 4490 2636 4545 fore
2667 4492 2846 4557 docet,
2878 4496 3103 4559 propter
3146 4487 3387 4547 futuram
3412 4486 3514 4543 sci-

1929 4582 2058 4637 licet
2091 4582 2210 4649 ejus
2245 4598 2459 4652 quoque
2502 4583 2554 4636 in
2592 4583 2785 4636 melius
2816 4579 3382 4638 transformationem.
3420 4578 3511 4633 Id-

250 4661 351 4714 τὸν
395 4660 652 4732 μέλλοντα
709 4665 802 4716 καὶ
850 4666 1019 4736 αὐτῆς
1074 4668 1320 4735 γίνεσθαι
1362 4668 1456 4720 ὲπὶ
1496 4668 1557 4720 τδ
1591 4673 1831 4741 κρεῖττον

1933 4674 2081 4729 circo
2112 4674 2229 4728 ait:
2269 4673 2335 4727 Et
2373 4675 2489 4743 ipsa
2527 4683 2772 4727 creatura
2810 4668 3164 4725 vindicabit"
3197 4688 3228 4724 e
3253 4670 3511 4724 ιεεηνὶικισ
3576 4700 3579 4703 ι

255 4756 796 4823 μιτασχηματισμόν.
850 4758 939 4811 Διό
1001 4774 1163 4827 φησι·
1221 4759 1329 4813 Καὶ
1384 4759 1537 4827 αὐτὴ
1568 4762 1608 4829 ή
1640 4762 1835 4829 κτίσις

248 4844 793 4910 ἐλευθερωθήσεται
820 4846 939 4900 ἀπὸ
965 4845 1076 4915 τῆς
1092 4847 1372 4914 δουλείας
1388 4847 1493 4916 τῆς
1508 4851 1732 4919 φθορᾶς
1747 4856 1833 4919 εὶς

248 4933 373 5002 τὴν
398 4933 744 5002 ἐλευθερίαν
769 4936 878 5004 τῆς
916 4936 1100 5005 δόξης
1128 4938 1247 4991 τῶν
1272 4940 1497 4993 τέκνων
1522 4942 1627 4995 τοῦ
1659 4943 1828 4996 Θεοῦ.

261 5024 585 5096 ’Δφθάρτων
609 5027 717 5097 γὰρ
747 5027 999 5082 ἁπάντων
1044 5031 1137 5083 καὶ
1164 5018 1447 5084 ἀθανάτων
1484 5032 1591 5085 τῶν
1626 5034 1827 5087 τέκνων

248 5114 353 5169 τοῦ
394 5113 530 5169 Θεοῦ
580 5115 671 5169 τὸν
708 5117 825 5170 νέον
855 5119 1189 5188 οἰκησάντων
1217 5121 1405 5184 αἰῶνα,
1451 5123 1618 5193 ἐχρῆν
1659 5124 1829 5195 δήπου

250 5206 355 5261 καὶ
393 5206 491 5277 τὴν
515 5207 689 5261 κτίσιν
730 5209 900 5281 αὐτὴν
928 5210 1025 5281 τὴν
1059 5212 1153 5264 νῦν
1184 5217 1251 5283 τῇ
1276 5214 1485 5285 φθαρτῇ
1528 5215 1687 5282 φύσει
1715 5215 1835 5269 δου-

250 5298 629 5366 λιύουσαν,είς
647 5300 919 5372 ἄφθαρτον
947 5302 1131 5355 οὐσίαν
1156 5305 1496 5374 μεταϐαλεῖν,
1513 5306 1609 5376 τῆς
1632 5307 1836 5378 παρού-

269 5405 378 5460 σης
426 5392 811 5455 καταστάσεως
852 5390 1319 5465 ἑλευθερωθεῖσαν.
1344 5396 1627 5468 Εὐκαίρως
1652 5398 1832 5467 μέντοι

251 5478 361 5552 τῷ·
388 5480 496 5535 Καὶ
519 5484 652 5536 τότε
684 5483 934 5553 ὄψονται
960 5486 1066 5538 τόν
1102 5486 1237 5539 Υἱὸν
1266 5488 1372 5541 τοῦ
1398 5488 1709 5557 ἀνθρώπου
1735 5490 1831 5557 ἐρ-

1930 4765 2279 4831 corruptionis
2341 4766 2395 4817 in
2448 4764 2737 4817 libertatem
2788 4764 2972 4831 gloria:
3026 4761 3261 4830 ﬁliorum
3319 4759 3417 4815 Dei
3440 4760 3507 4814 ⁸⁸.

1937 4851 2070 4907 Nam
2103 4868 2224 4907 cum
2266 4866 2455 4906 omnes
2502 4851 2939 4922 incorruptibiles
2972 4860 3137 4920 atque
3177 4849 3512 4905 immortales

1936 4943 2220 5010 sam-tique
2254 4953 2309 4995 et
2356 4941 2497 4996 beati
2553 4941 2647 4995 filii
2695 4942 2789 4995 Dei
2828 4956 3026 4995 novum
3068 4940 3321 4994 saeclum
3362 4941 3511 4996 inco-

1935 5034 2066 5097 lent,
2097 5046 2227 5088 tunc
2258 5049 2393 5102 opus
2424 5036 2528 5088 erit
2556 5035 2729 5101 ipsam
2757 5048 2975 5107 quoque
3004 5032 3187 5087 mundi
3219 5030 3509 5096 fabricam,

1936 5138 2057 5192 quae
2100 5138 2242 5178 nunc
2287 5124 2623 5192 corruptibili
2657 5131 2864 5178 natura:
2901 5122 3140 5178 obnoxia
3174 5132 3281 5186 est,
3322 5123 3376 5176 in
3419 5124 3513 5177 iun-

1938 5211 2220 5267 mortalem
2258 5212 2504 5267 converti
2554 5212 2920 5267 substantiam
2972 5222 3133 5281 atque
3178 5226 3207 5264 a
3253 5211 3511 5281 praesenti

1938 5303 2248 5357 conditione
2304 5302 2574 5369 etpediri.
2624 5300 2967 5371 Tempestive
3021 5311 3199 5357 autem
3232 5302 3510 5356 dictioni:

1941 5394 2085 5448 Tunc
2114 5394 2355 5449 uidebunt
2390 5391 2435 5445 F
2440 5394 2589 5446 ilium
2619 5392 2847 5448 hominis
2878 5395 3163 5448 uenientem
3208 5393 3262 5444 in
3290 5390 3515 5444 nubibus

1938 5504 2055 5540 cum
2096 5488 2285 5556 gloria,
2322 5501 2561 5555 appones
2591 5485 2831 5540 Daniells
2863 5484 3287 5556 prophetiam",
3326 5483 3379 5536 in
3407 5497 3515 5552 qua

330 5640 377 5674 ⁸⁸
404 5639 507 5695 lsa.
542 5658 665 5708 ων,
701 5643 787 5697 l7.
864 5644 909 5676 ⁸³
936 5643 1066 5699 Luc.
1091 5662 1203 5709 ut,
1230 5646 1318 5701 ‘26.
1392 5648 1437 5678 “
1464 5646 1593 5701 Luc.
1627 5658 1739 5711 ut,
1768 5647 1831 5701 ΞΕ

1933 5648 1960 5677 ι’
2003 5644 2157 5699 Rom.
2192 5659 2292 5707 vn,
2317 5642 2410 5697 ει.
2486 5642 2532 5673 ⁸⁸
2563 5640 2718 5699 Rom.
2754 5656 2869 5706 vm,
2902 5641 2995 5697 9.l.
3062 5641 3105 5673 ⁸⁷
3138 5640 3271 5697 Dan.
3300 5653 3397 5703 VII.
3425 5638 3528 5705 13.

334 5733 447 5809 (75)
479 5736 724 5809 Sequens
749 5738 1105 5810 fragmentum
1141 5744 1335 5812 partim
1366 5746 1609 5813 congruit
1642 5761 1763 5801 cum
1798 5744 2043 5814 proxime
2079 5737 2526 5811 pmcedcntibus.
