4070 6304
185 348 276 406 991

1377 346 1888 404 COMMENTARIA
1926 348 1993 404 IN
2030 347 2288 405 LUCAM.

3332 359 3439 416 σοι

197 466 373 538 ῖέρατα
402 470 699 539 καταργείν
747 464 849 534 τῆς
884 463 1205 532 ἐπιφανείας
1235 462 1331 517 τοῦ
1367 466 1640 537 Σωτῆρος,
1684 465 1754 519 τὰ

1874 467 2106 533 ierimet,
2157 468 2253 523 ine
2304 467 2455 522 initia
2489 468 2619 523 hinc
2655 480 2835 535 erunt,
2876 485 2941 526 ex
2988 482 3124 528 testu
3152 470 3361 531 scilicet
3381 485 3439 530 et

190 556 459 629 ςῆςιὸργῆς
489 557 748 628 προοίμια
794 556 859 609 ὲκ
918 555 1084 609 τῶνδε
1130 554 1377 626 ἄρξεται,
1428 558 1488 621 ἐξ
1527 556 1751 627 αὐχμῶν

182 646 365 719 δηλαδὴ
411 648 506 701 καὶ
551 646 784 716 ἀπορίας
837 646 971 716 ἤχου
1010 644 1317 716 θαλάσσης·
1362 639 1423 699 οὗ
1457 647 1752 717 γενομένου

182 738 601 808 ἐπακολουθήσει
628 738 824 808 συνοχὴ
843 736 951 790 τῶν
980 737 1071 789 ἐπὶ
1093 737 1199 808 γῆς
1228 736 1419 802 ἐθνῶν,
1447 739 1756 808 ἀποψυχόν-

181 845 281 882 των
307 828 608 900 ἀνθρώπων
636 828 742 882 ἀπὸ
773 828 937 898 φόϐου
974 828 1067 881 καὶ
1100 827 1427 900 προσδοκίας
1453 830 1562 884 τῶν
1589 830 1755 901 ἐπερ-

181 918 413 989 χομένων
438 921 508 989 τῇ
530 920 839 992 οἰκουμένῃ.
870 918 1002 971 Τίνα
1030 916 1088 971 δὲ
1110 919 1180 972 τὰ
1202 921 1561 991 ἐπερχόμενα,
1588 922 1759 991 ἑρμη-

180 1010 314 1063 νεύει
370 1011 656 1065 συνάπτων
704 1010 831 1083 ἑξῆς
869 1011 961 1063 καὶ
1029 1010 1234 1078 λέγων*
1286 1016 1355 1066 At
1417 1012 1527 1081 τὰρ
1579 1011 1759 1065 δυνά-

173 1118 298 1171 μεις
364 1100 487 1157 τῶν
547 1101 812 1170 οὐρανῶν
868 1100 1353 1169 σαλευθήσονται
1374 1120 1387 1132 ·
1452 1102 1547 1156 τοῦ
1625 1103 1756 1156 Υίοῦ

187 1194 266 1249 τοῦ
319 1193 455 1248 Θεοῦ
516 1194 654 1265 μετὰ
702 1194 858 1264 δόξης
896 1194 1346 1265 ὲπιστησομένου,
1390 1194 1484 1246 καὶ
1526 1194 1628 1264 τὴν
1662 1212 1759 1265 με-

1861 561 2053 615 marini
2082 562 2290 617 sonitus
2323 562 2651 618 cessatione.
2683 563 2801 630 Quo
2828 563 2987 632 facto,
3018 580 3267 635 pressura
3303 580 3438 635 gen-

1864 653 1995 707 tium
2039 668 2135 723 per
2160 656 2348 709 orbem
2391 654 2513 722 erit,
2549 656 2924 711 arescentibus
2963 656 3274 712 hominibus
3328 672 3441 726 pm

1862 744 2057 798 timore
2111 753 2166 799 et
2212 760 2401 799 eorum
2449 749 2853 817 exspectatione
2890 763 3011 818 qua:
3060 749 3262 804 mundo
3313 749 3440 804 sunt

1861 843 2143 887 eventura.
2184 832 2442 900 Quaenam
2476 850 2606 890 vero
2631 838 2742 891 luce
2774 836 2903 901 sint,
2938 837 3015 891 ait
3044 851 3168 892 mox
3208 850 3441 908 pergens

1866 923 2047 977 dicere
2094 940 2107 975 :
2150 922 2285 978 Nam
2345 926 2574 981 virtutes
2608 926 2869 982 caelorum
2907 929 3439 984 commovebuntur:

1866 1010 2002 1065 Filio
2024 1012 2115 1066 Dei
2146 1014 2353 1070 scilicet
2386 1031 2507 1071 cum
2548 1017 2715 1088 gloria
2749 1017 3091 1081 adventante,
3123 1017 3443 1089 superbam-

1866 1118 1971 1172 que
1996 1102 2088 1159 ﬁlii
2107 1105 2276 1175 culpa:
2308 1107 2645 1176 tyrannidem
2666 1107 2891 1178 jamjam
2913 1123 3196 1175 eversuro,
3214 1108 3447 1167 caelesti-

1865 1194 1967 1250 bus
1999 1211 2120 1250 eum
2151 1200 2434 1254 ordinibus
2466 1200 2875 1255 comitantibus.
3507 1187 3510 1190 ’

100 1354 107 1360 ν
185 1291 442 1361 γάλαυχον
463 1289 754 1362 τυραννίδα
772 1288 868 1342 τοῦ
892 1289 1007 1342 υἱοῦ
1034 1288 1134 1359 τῆς
1195 1288 1471 1361 ἁμαρτίας
1529 1291 1826 1361 καταργείν
1868 1290 2173 1361 μέλλοντος,
2212 1293 2322 1347 τῶν
2350 1310 2408 1346 τε
2452 1294 2862 1368 ὑπερουρανίων
2895 1296 3191 1366 ταγμάτων
3219 1294 3448 1367 δορυφο-

185 1381 429 1453 ρούντων.

182 1476 284 1532 Καὶ
319 1470 451 1529 εἷπε
500 1472 849 1542 παραϐολὴν
890 1473 1112 1539 αὐτοῖς·
1149 1473 1326 1529 Ἴδετε
1362 1474 1478 1541 τὴν
1529 1473 1753 1541 συκῆν,

244 1561 295 1598 κ.
329 1562 377 1599 τ.
401 1545 450 1597 λ.
483 1544 646 1597 Οὕτω
678 1544 775 1598 καὶ
802 1543 972 1614 ὑμεῖς
1003 1544 1151 1598 ὅταν
1183 1545 1348 1613 write
1381 1543 1570 1599 ταῦτα
1597 1546 1753 1615 γινό-

240 1631 411 1685 μενα,
435 1632 489 1669 κ.
509 1631 560 1666 τ.
577 1613 625 1669 λ.

244 1705 379 1759 Ποῖα
407 1703 581 1759 ταῦτα
612 1703 873 1775 γινόμενα
905 1702 1020 1758 ἀλλ’
1052 1705 1086 1776 ἢ
1118 1704 1188 1758 τὰ
1210 1704 1620 1777 προλεγόμενας
1658 1705 1759 1757 Ἰε-

1932 1475 1976 1505 ⁷¹
2003 1473 2250 1546 ὒίτξίιᾳιιε
2270 1476 2347 1528 eis
2364 1475 2690 1542 parabolam.
2722 1475 2908 1531 Videte
2930 1477 3233 1546 ﬁculneam,
3265 1486 3373 1534 etc.

2076 1540 2173 1598 Ita
2199 1553 2247 1598 et
2279 1540 2372 1599 m
2392 1560 2509 1598 cum
2544 1548 2774 1601 uideritis
2799 1548 2910 1601 haec
2930 1540 3076 1616 ﬁeri,
3100 1555 3205 1603 etc.

1938 1702 2197 1771 Quaenam
2260 1717 2389 1757 vero
2444 1702 2584 1757 facta
2639 1701 2925 1772 intelligit?
2968 1703 3343 1775 Hierosolyma
3379 1704 3450 1762 ab

182 1796 455 1869 ρουσαλὴμ
480 1795 828 1866 πατουμένην
871 1796 977 1850 ὑπὸ
1017 1780 1208 1861 ἐθνῶν,
1234 1796 1332 1867 τὴν
1368 1797 1760 1867 συμπλήρωσιν

1874 1792 2096 1848 ethnicis
2150 1791 2502 1856 conculcata,
2560 1801 2805 1862 tempora
2859 1794 3101 1863 gentium
3151 1794 3447 1865 completa,

178 1888 280 1942 τῶν
307 1888 518 1961 καιρῶν
548 1887 656 1941 τῶν
688 1887 877 1953 ἐθνῶν,
929 1889 1058 1951 τοὺς
1100 1888 1199 1959 τῆς
1240 1887 1575 1949 ἀποστασίας
1633 1888 1758 1958 χρό-

180 1997 318 2044 νους,
355 1979 425 2032 τά
457 1980 516 2032 ὲν
544 1981 655 2043 τοῖς
698 1979 982 2050 φωστῆρσι
1016 1980 1109 2032 καὶ
1148 1982 1259 2042 τοῖς
1285 1980 1505 2050 ἄστροις
1535 1980 1757 2048 σημεῖα,

180 2072 272 2143 τὴν
319 2070 412 2123 ἐπὶ
455 2071 561 2141 γῆς
605 2070 835 2140 συνοχὴν
880 2068 987 2124 τῶν
1017 2070 1209 2135 ὲθνῶν,
1246 2071 1344 2141 τὴν
1377 2070 1618 2139 ἔκλειψιν
1665 2069 1760 2123 καὶ

183 2163 407 2234 ἀπορίαν
452 2162 549 2217 τοῦ
589 2163 721 2237 ήχου
752 2162 845 2216 τοῦ
879 2163 1044 2216 σάλου
1088 2163 1189 2232 τῆς
1220 2162 1516 2230 θαλάσσης.
1552 2159 1759 2225 Ταῦτα,

182 2256 358 2323 φησὶν,
412 2254 626 2309 ἅπαντα
661 2256 789 2307 ὅταν
829 2254 980 2323 ἴδητε
1025 2254 1307 2323 γινόμενα,
1348 2251 1645 2322 γινώσκετε
1679 2252 1760 2305 ὅτι

180 2347 270 2399 ἐπὶ
314 2345 509 2418 θύραις
554 2346 700 2400 ἐστὶν
734 2348 767 2417 ἡ
800 2344 1046 2415 βασιλεία
1090 2343 1185 2399 τοῦ
1221 2344 1379 2409 Θεοῦ,
1433 2344 1595 2414 ἑτέρα
1628 2339 1763 2396 οὖσα

184 2437 325 2509 παρὰ
362 2437 435 2491 τά
461 2436 844 2510 προλεχθέντα.
881 2437 963 2491 Τὰ
999 2437 1097 2507 μὲν
1125 2438 1235 2508 γὰρ
1268 2436 1528 2507 προοίμια
1565 2432 1632 2507 ἦν
1669 2436 1763 2489 καὶ

186 2529 477 2599 μελλόντων
506 2528 725 2599 ἀγαθῶν
754 2531 976 2599 σημεῖα,
1000 2529 1076 2593 ὡς
1098 2528 1192 2582 καὶ
1224 2528 1273 2580 οἰ
1290 2531 1389 2599 τῆς
1419 2527 1591 2597 συκῆς
1620 2528 1763 2581 άπα-

182 2618 260 2673 λοὶ
282 2621 468 2674 κλάδοι
488 2622 585 2674 καὶ
614 2620 681 2674 τὰ
711 2620 885 2689 φύλλα
915 2623 1115 2691 σημεῖα
1137 2619 1231 2674 τοῦ
1261 2619 1546 2690 μέλλοντος
1570 2618 1763 2689 θέρους

184 2715 277 2784 τῆς
298 2731 358 2767 τε
392 2713 502 2767 τῶν
541 2713 743 2767 λοιπῶν
774 2712 955 2782 φυτῶν
989 2712 1084 2765 καὶ
1117 2712 1448 2783 σπερμάτων
1482 2727 1763 2781 καρποφο-

189 2804 334 2875 ρίας’
373 2805 445 2860 τὰ
475 2804 644 2858 δὲτοῦ
678 2804 962 2875 μέλλοντος
982 2806 1078 2857 καὶ
1096 2804 1198 2873 τῆς
1232 2806 1290 2856 ὲν
1322 2803 1471 2874 αὐτῷ
1504 2819 1767 2873 συστησο-

190 2895 353 2967 μένης
406 2895 683 2967 βασιλείας
722 2895 966 2968 οὐρανῶν
1015 2894 1276 2967 προοίμια
1321 2897 1415 2947 καὶ
1452 2898 1652 2965 σημεῖα
1696 2895 1765 2948 τὰ

189 2984 547 3056 προλεχθέντα
578 2981 666 3057 ἦν.
698 2986 846 3056 Δῦτη
874 2986 932 3039 δὲ
964 2988 997 3056 ὴ
1028 2985 1272 3055 βασιλεία
1310 2986 1403 3039 καὶ
1434 2986 1503 3039 τὰ
1532 2988 1590 3038 έν
1626 2987 1762 3057 αὐτῇ

188 3076 363 3129 οὐκέτι
401 3078 547 3148 λόγῳ
578 3078 905 3149 παραδοτέα,
941 3078 1063 3131 οὐδὲ
1092 3078 1303 3148 θνητῶν
1328 3079 1518 3141 ἀκοαῖς
1548 3077 1759 3130 λεκτέα.

191 3166 383 3239 Διόπερ
423 3170 837 3241 ἁποσιωπητέον
867 3168 1062 3223 ταῦτα.
1127 3169 1463 3239 Ὀφθιιλμὸς
1508 3170 1619 3239 γὰρ
1657 3172 1768 3224 οὐκ

192 3255 324 3327 εἶδε,
347 3261 448 3315 καὶ
472 3258 583 3327 οὖς
610 3264 721 3316 οὐκ
743 3262 994 3331 ἤκουσε,
1018 3261 1119 3316 καὶ
1140 3263 1239 3315 ἐπὶ
1267 3262 1518 3331 καρδίαν
1546 3261 1769 3330 ἀνθρὼ-

194 3366 307 3406 που
358 3355 471 3407 οὐκ
520 3353 701 3420 ἀνέϐη
736 3352 854 3407 ὅσα
890 3353 1222 3423 ἡτοίμασεν
1244 3357 1275 3407 ό
1307 3352 1450 3419 Θεὸς
1483 3354 1607 3420 τοῖς
1633 3355 1772 3424 ἀγα-

195 3441 385 3497 πῶσιν
422 3447 630 3499 αὐτόν.
658 3444 805 3517 Πλὴν
830 3444 1019 3517 ῶσπερ
1058 3444 1200 3497 κατὰ
1232 3444 1322 3497 τὸν
1357 3445 1627 3497 ἐνεστῶτα
1660 3444 1771 3512 βίον

191 3534 333 3605 ἥλιος
354 3536 492 3606 μετὰ
518 3536 826 3607 χειμερίους
853 3535 1060 3609 τροπὰς
1090 3535 1248 3605 ἔαρος
1277 3536 1629 3604 ἐνισταμένου
1652 3535 1769 3605 θερ-

194 3625 294 3696 μὴν
317 3628 515 3680 ἀκτῖνα
540 3627 769 3698 βάλλων,
791 3627 860 3680 τὰ
884 3628 989 3680 ὑπὸ
1009 3628 1112 3698 γῆν
1138 3628 1492 3698 κρυπτόμενα
1516 3626 1771 3690 ζωοποιεί

193 3714 501 3786 σπέρματα,
526 3714 621 3768 τοῦ
648 3716 913 3787 προτέρου
941 3700 1313 3786 μεταϐαλόντα
1331 3718 1625 3787 σχήματος,
1651 3735 1770 3770 νεα-

194 3808 258 3877 ρὰ
284 3807 339 3859 δὲ
360 3806 485 3877 φύει
504 3807 599 3859 καὶ
616 3807 859 3878 τέθηλεν,
890 3808 1094 3879 ὡραίαν
1123 3808 1216 3862 καὶ
1246 3808 1517 3879 πολυανθῆ
1544 3810 1641 3880 τὴν
1662 3808 1771 3862 τῶν

191 3900 313 3970 ἄρτι
342 3900 589 3969 φυέντων
620 3897 855 3970 βλάστην
890 3900 1270 3970 παρεχόμενα·
1314 3900 1457 3953 κατὰ
1483 3899 1574 3953 τὸν
1613 3900 1773 3953 αὑτὸν

189 3991 387 4061 τρόπον
416 3993 513 4044 καὶ
548 3992 581 4062 ἡ
609 3990 814 4055 ἔνδοξος
848 3990 941 4043 τοῦ
972 3992 1309 4057 Μονογενοῦς
1339 3992 1434 4044 τοῦ
1467 3991 1602 4044 Θεοῦ
1652 3993 1777 4062 ἄφι-

196 4084 295 4150 ξις,
329 4084 509 4153 φωτὸς
543 4083 827 4152 ζωογόνοις
852 4084 1033 4136 ἀκτῖσι
1081 4085 1171 4137 τὸν
1210 4084 1326 4137 νέον
1370 4083 1541 4137 αἰῶνα
1575 4099 1780 4137 καταυ-

191 4175 429 4243 γάσασα,
460 4173 529 4226 τὰ
563 4171 979 4243 ἀποκρυφθέντα
1010 4172 1177 4226 πάλαι
1196 4172 1337 4226 κατὰ
1359 4172 1450 4224 τὸν
1466 4172 1774 4243 ἔμπροσθεν

189 4267 382 4332 αἰῶνα,
420 4268 516 4321 καὶ⁵
545 4276 601 4318 εν
629 4265 708 4334 τῷ
733 4265 895 4319 παντὶ
926 4264 1113 4335 κόσμῳ
1130 4264 1583 4318 διασκεδασθέντα
1610 4264 1779 4335 σπέρ-

196 4376 361 4429 ματα,
393 4357 643 4411 τουτέστι
679 4357 803 4419 τοὺς
844 4357 900 4408 ὲν
935 4355 1045 4425 γῆς’
1066 4354 1281 4425 χώματι
1320 4355 1775 4426 κεκοιμημένους,

1866 1885 2149 1956 apostasia:
2195 1894 2433 1947 aetatem,
2474 1884 2526 1937 in
2565 1883 2677 1939 sole
2712 1884 2990 1955 stellisque
3019 1885 3196 1956 signa,
3226 1886 3282 1940 in
3315 1886 3451 1941 orhe

1862 1991 2169 2047 pressuram
2216 1976 2476 2045 gentium,
2524 1975 2795 2030 defectum
2849 1979 3195 2047 quietemque
3235 1978 3450 2033 sonitus

1862 2069 2161 2137 ﬂuetusque
2187 2068 2406 2122 marini.
2441 2068 2585 2132 Hac,
2628 2068 2823 2138 inquit,
2855 2069 3038 2123 omnia
3075 2084 3196 2123 cum
3228 2070 3345 2124 ﬁeri
3368 2068 3453 2124 vi-

1864 2159 2075 2225 deritis,
2116 2165 2231 2213 tum
2279 2159 2494 2213 demum
2539 2160 2731 2213 adesse
2778 2160 2829 2213 in
2861 2159 3068 2214 foribus
3103 2176 3328 2231 regnum
3353 2161 3450 2217 Dei

1863 2250 2093 2317 scitote;
2141 2260 2196 2305 et
2226 2251 2442 2319 quidem
2485 2266 2514 2305 a
2553 2252 2715 2305 dictis
2748 2252 2910 2306 rebus
2946 2252 3102 2321 plane
3150 2253 3447 2308 diversum.

1864 2343 1956 2397 llla
1995 2344 2139 2397 enim
2193 2344 2496 2400 futurorum
2542 2344 2807 2401 bonorum
2858 2348 3078 2401 exordia
3127 2346 3349 2403 fuerunt
3392 2356 3451 2404 et

1867 2437 2105 2503 indicia;
2143 2437 2303 2491 sicuti
2342 2438 2512 2493 teneri
2563 2438 2703 2494 ﬁcus
2746 2440 2880 2493 rami
2932 2448 2986 2494 et
3022 2439 3170 2507 folia,
3209 2450 3451 2498 ventum

1867 2532 2073 2584 mstatis
2103 2530 2254 2599 signa
2282 2540 2430 2595 sunt,
2456 2539 2510 2584 et
2533 2541 2853 2584 eazterarum
2875 2529 3129 2587 arborum
3158 2532 3453 2587 seminum-

1865 2637 1970 2691 que
1998 2621 2233 2676 fructum
2260 2622 2607 2691 portendunt.
2638 2620 2828 2676 Futuri
2851 2631 3029 2676 autem
3055 2624 3262 2688 saeculi,
3288 2632 3454 2693 atque

1867 2711 1922 2765 in
1971 2727 2035 2766 eo
2076 2712 2440 2766 constituendi
2488 2711 2747 2767 emlorum
2800 2714 2951 2783 regni
2985 2714 3247 2783 prommia
3290 2724 3454 2784 atque

1867 2803 2064 2859 indicia
2100 2804 2188 2857 illa
2230 2804 2469 2858 fuerunt.
2511 2804 2564 2857 ld
2604 2818 2736 2859 vero
2767 2819 3019 2872 regnum,
3048 2805 3275 2875 ejusque
3312 2808 3456 2863 bona

1868 2893 2009 2948 haud
2047 2895 2156 2963 jam
2194 2909 2447 2950 sermone
2494 2895 2631 2950 tradi
2676 2905 2901 2965 queunt,
2940 2912 3115 2967 neque
3149 2900 3215 2953 ad
3252 2908 3462 2953 morta-

1869 2985 1999 3040 lium
2027 3001 2188 3040 aures
2217 2987 2525 3055 praedieari.
2570 2986 2935 3052 Quamobrem
2990 2991 3057 3043 de
3088 2990 3174 3044 bis
3217 2991 3460 3045 reticen-

1871 3076 1996 3129 dum
2022 3084 2124 3131 est.
2159 3073 2343 3145 Neque
2368 3075 2507 3129 enim
2537 3075 2721 3129 oculus
2750 3077 2899 3142 vidit,
2932 3092 3094 3146 neque
3118 3077 3265 3129 auris
3296 3076 3458 3129 audi-

1874 3170 1965 3235 uit,
2010 3184 2170 3237 neque
2216 3169 2272 3220 in
2306 3184 2395 3221 cor
2436 3168 2662 3221 hominis
2701 3169 2959 3234 ascendit,
2991 3184 3109 3239 qute
3138 3169 3460 3238 praeparauit

1876 3260 2016 3314 Deus
2039 3260 2372 3329 diligentibus
2394 3276 2511 3313 eum
2530 3261 2599 3312 τ’.
2634 3257 3019 3314 Verumtamen
3049 3262 3207 3315 sicuti
3240 3262 3292 3314 in
3321 3276 3461 3330 pm.

1877 3351 2016 3407 senti
2054 3364 2233 3405 rerum
2279 3360 2421 3405 statu
2456 3349 2535 3405 sol
2578 3358 2700 3419 post
2738 3350 2998 3406 hibernas
3050 3351 3458 3419 conversiones,

1876 3458 2005 3496 vere
2048 3442 2305 3508 instante,
2345 3442 2698 3496 calidioribus
2740 3440 2904 3495 radiis
2939 3441 3177 3507 emissis,
3233 3441 3462 3497 latentia

1875 3532 1976 3585 sub
2004 3532 2119 3585 solo
2149 3533 2357 3585 semina
2389 3530 2646 3593 viviﬁeat,
2680 3546 2799 3600 qua:
2836 3531 3016 3599 priore
3054 3530 3228 3599 ﬁgura
3259 3530 3460 3599 posita,

1879 3621 2089 3676 novella
2126 3631 2460 3676 enascuntur
2511 3636 2575 3675 ac
2621 3620 2903 3689 pullulant,
2968 3620 3361 3691 pulchrumque
3406 3628 3465 3676 et

1878 3712 2127 3768 ﬂoridum
2184 3714 2422 3769 recentis
2475 3723 2685 3768 naturae
2734 3729 2955 3783 germen
3006 3714 3334 3778 ostendunt;
3383 3714 3463 3769 ita

1881 3806 2149 3874 gloriosus
2180 3804 2454 3876 Unigeniti
2484 3806 2748 3858 adventus
2791 3804 2987 3859 vivilici
3034 3804 3253 3860 luminis
3297 3805 3465 3876 gadiis

1882 3913 2083 3953 novum
2133 3898 2388 3953 saeculum
2441 3898 2743 3961 illustrans,
2771 3898 2978 3952 occulta
3027 3898 3155 3953 olim
3196 3898 3376 3968 prio're
3410 3900 3463 3954 in

1884 3990 2083 4045 sarculo
2115 4001 2277 4060 atque
2302 3991 2434 4045 orbe
2464 3991 2717 4044 universo
2753 3990 2994 4059 dispersa
3029 3993 3259 4054 semina,
3294 3992 3344 4044 id
3380 4002 3466 4046 est

1887 4082 2136 4137 homines
2181 4082 2235 4137 in
2289 4092 2450 4137 terrte
2514 4084 2777 4153 sepulcris
2824 4086 3090 4147 conditos,
3151 4083 3467 4139 melioribus

1882 4188 2045 4242 quam
2075 4182 2233 4227 antea
2274 4175 2594 4243 corporibus
2628 4174 2909 4243 formaque
2939 4173 3253 4243 augustiore
3291 4175 3467 4227 dona-

1884 4278 1990 4330 tos,
2034 4268 2089 4320 in
2135 4266 2308 4320 lucem
2337 4268 2544 4320 emittet
2579 4285 2593 4320 :
2633 4267 2895 4337 pulsuque
2945 4275 3141 4331 morte,
3167 4266 3281 4335 ipsa
3312 4264 3468 4320 dein-

1885 4369 2014 4423 ceps
2038 4355 2145 4408 vita
2178 4356 2299 4408 novi
2324 4356 2500 4410 sarculi
2530 4355 2813 4423 imperium
2844 4355 3067 4435 tenebit.

195 4452 471 4524 κρείττοσι
507 4450 752 4521 σώμασιν
786 4451 818 4522 ἦ
857 4450 996 4503 κατὰ
1023 4450 1091 4504 τὰ
1120 4451 1383 4522 πρότερον
1424 4450 1691 4521 θειότερόν
1723 4468 1783 4505 τε
1835 4451 2432 4521 μετεσχηματισμένοις
2488 4450 2567 4513 είς
2601 4448 2717 4519 φῶς
2752 4448 3008 4520 προάξει·
3050 4451 3145 4503 καὶ
3188 4450 3283 4503 τοῦ
3314 4448 3472 4506 θανά-

194 4562 285 4599 του
330 4544 795 4617 καταρηθέντος,
851 4546 990 4616 αὑτὴ
1029 4545 1216 4597 λοιπὸν
1253 4547 1286 4615 ἡ
1330 4544 1444 4617 ζωὴ
1474 4546 1778 4617 βασιλεύσει
1816 4546 1911 4599 τοῦ
1948 4546 2067 4600 νέου
2097 4547 2312 4609 αἰῶνος.

495 4642 584 4693 Οὐ
601 4639 689 4710 μὴ
723 4639 988 4710 παρέλθῃ
1016 4641 1054 4709 ἡ
1090 4642 1264 4708 γενεὰ
1300 4640 1473 4709 αὕτη.

268 4730 407 4783 Ποία
437 4730 601 4798 γενεὰ
639 4730 753 4784 ἀλλ’
788 4734 821 4802 ἠ
879 4731 1039 4803 καινὴ
1080 4733 1175 4785 καὶ
1215 4732 1337 4795 νέα,
1366 4732 1434 4802 ἣν
1464 4734 1626 4797 αὐτὸς
1658 4750 1785 4786 συν-

198 4823 498 4892 scr-riguum;
528 4822 654 4895 περὶ
673 4816 739 4893 ἧς
767 4824 825 4874 ὲν
854 4825 1210 4894 προφητείαις
1244 4825 1426 4895 εἴρητο
1444 4843 1457 4855 ·
1494 4826 1786 4895 Γραφήτω

200 4913 349 4979 αὕτη
384 4912 498 4983 (74)
516 4916 602 4978 εἰς
629 4913 841 4981 γενεὰν
855 4914 1085 4982 ἑτέραν,
1100 4917 1200 4969 καὶ
1226 4916 1376 4981 λαός
1392 4919 1424 4969 ὁ
1447 4916 1785 4985 κτιζόμενος

200 5007 433 5061 αίνέσει
461 5008 570 5060 τὸν
606 5008 855 5076 Κύριον-⁸
902 5009 996 5061 καὶ
1037 5008 1199 5061 πάλιν
1221 5026 1233 5037 ·
1289 5007 1789 5077 Ἀναγγελήσεται

201 5099 281 5165 τῷ
303 5100 505 5169 Κυρίῳ
533 5098 709 5169 γενεὰ
730 5098 769 5166 ἡ
797 5097 1111 5168 ἐρχομένη.
1146 5099 1345 5170 Διόπερ
1384 5098 1668 5161 δεικτικῶς
1710 5100 1790 5163 εἰς

202 5192 327 5254 τοὺς
358 5189 696 5251 ἀποστόλους
722 5187 909 5252 αὑτοῦ,
932 5188 1025 5241 καὶ
1047 5189 1146 5258 τὴν
1178 5188 1237 5254 ἐξ
1260 5188 1439 5241 αὐτῶν
1462 5187 1557 5241 καὶ
1588 5188 1652 5241 δι’
1684 5190 1784 5241 αὐ.

202 5282 310 5337 τῶν
339 5283 466 5336 καθ’
500 5282 627 5353 ὅλης
652 5283 752 5353 τῆς
782 5281 1103 5352 οἰκουμένης
1146 5280 1552 5351 συστησομένην
1596 5278 1788 5351 καινὴν

204 5374 397 5443 γενεὰν
423 5374 527 5443 τῆς
556 5373 716 5442 ἁγίας
754 5372 1077 5444 Ἐκκλησίας
1103 5372 1265 5425 αὑτοῦ
1291 5371 1531 5443 ἀφορῶν,
1563 5371 1746 5440 ἔλεγεν
1768 5391 1778 5402 ·

216 5468 299 5520 Οὐ
320 5468 407 5536 μὴ
441 5466 714 5537 παρέλθῃ
751 5465 790 5535 ὴ
824 5464 999 5536 γενεὰ
1022 5465 1196 5533 αὕτη,
1223 5464 1334 5531 ἕως
1357 5465 1432 5519 ἂν
1466 5463 1661 5518 πάντα
1699 5466 1791 5535 γέ-

283 5628 322 5658 ⁷¹
355 5627 487 5698 Lug.
525 5641 638 5691 nt,
684 5625 875 5680 29-51.
949 5626 994 5656 "
1024 5625 1041 5679 Ι
1068 5624 1195 5680 Cor.
1227 5641 1289 5689 tt,
1328 5626 1381 5679 9.
1457 5628 1502 5658 ⁷³
1535 5626 1663 5682 Luc.
1706 5643 1821 5691 ut,
1864 5628 1952 5683 3‘2.

2159 4642 2205 4673 ⁷³
2228 4641 2349 4696 Non
2378 4642 2661 4711 praeteribit
2689 4642 2954 4712 generatio
2987 4640 3120 4694 hcce.

1960 4734 2219 4801 Quaenam
2279 4744 2363 4789 est
2421 4735 2536 4789 haec
2591 4735 2892 4805 generatio,
2940 4734 3044 4787 nisi
3078 4748 3217 4787 nova
3262 4733 3348 4787 illa
3383 4748 3472 4787 re-

1885 4844 2120 4898 censque
2176 4830 2243 4881 ab
2277 4843 2342 4881 eo
2375 4828 2701 4882 constituta?
2736 4827 2801 4882 de
2840 4841 2943 4896 qua
2988 4826 3041 4879 in
3076 4825 3350 4880 vaticiniis
3389 4824 3473 4879 di-

1891 4928 2037 4974 ctum
2072 4926 2201 4973 est:
2236 4918 2514 4973 Scribatur
2549 4918 2659 4972 Ita’c
2703 4919 2756 4971 in
2802 4918 3139 4987 generatione
3189 4917 3378 4981 altera,
3424 4925 3474 4970 et

1890 5010 2112 5078 papulas
2167 5013 2255 5080 qui
2299 5021 2510 5064 creatur
2547 5009 2785 5063 Iaudabit
2820 5007 3203 5076 Dominum";
3250 5022 3476 5063 rursus-

1892 5116 1997 5170 que
2028 5120 2041 5155 :
2070 5101 2487 5155 Annuntiabitur
2509 5100 2731 5154 Domino
2758 5102 3022 5170 generatio
3044 5101 3344 5155 uentura”.
3372 5099 3478 5153 Ita-

1896 5209 2001 5263 que
2027 5195 2306 5249 evidenter
2335 5196 2403 5251 ad
2425 5209 2551 5250 suos
2577 5194 2852 5263 apostolos
2880 5203 3044 5263 atque
3070 5188 3136 5247 ad
3171 5192 3477 5247 institutam

1894 5300 1960 5338 ex
1990 5286 2122 5354 ipsis
2152 5294 2209 5341 et
2238 5300 2335 5356 per
2358 5285 2507 5356 ipsos
2538 5285 2589 5340 in
2613 5287 2745 5341 orbe
2770 5285 3023 5340 universo
3047 5298 3243 5338 novam
3276 5292 3478 5338 sancta:

1896 5376 2149 5443 Estelesia:
2201 5378 2605 5447 generationem
2644 5376 2892 5433 Christus
2926 5376 3220 5445 respiciens
3254 5373 3476 5429 aiebat:

1900 5468 2022 5522 Non
2065 5472 2349 5538 prwteribit
2394 5473 2660 5539 generatio
2698 5473 2832 5537 hac,
2873 5470 3036 5523 donec
3088 5467 3267 5521 ontnia
3314 5466 3474 5540 ﬁant.

2032 5630 2223 5684 7"Psal.
2269 5648 2343 5695 Cl,
2391 5631 2475 5685 13.
2552 5630 2597 5662 ⁷⁵
2629 5630 2770 5685 Psal.
2807 5645 2914 5691 χιι,
2960 5626 3049 5681 ⁸52.

289 5717 403 5784 (7t)
434 5715 680 5786 Videtur,
711 5718 815 5776 nisi
842 5717 1017 5789 fallor,
1074 5710 1339 5777 Eusebius
1378 5718 1521 5776 haud
1587 5720 1906 5776 neutraliter
1959 5723 2096 5785 αῦτη
2160 5723 2478 5792 intelligere,
2513 5732 2568 5778 ut
2606 5723 2721 5790 alii,
2753 5722 2844 5779 scd
2876 5721 2941 5778 de
2969 5721 3082 5789 ipsa
3112 5718 3471 5790 generatione

222 5801 313 5845 seu
336 5798 514 5845 πιεω.
