4070 6304
655 347 759 404 603
1322 338 1590 398 EUSEBII
1629 336 2109 394 CESARIENSIS
2147 334 2294 392 ΟΡΡ.
2337 333 2518 388 PARS
2556 331 2656 388 111.⁸
2683 360 2749 371 —
2788 330 3191 389 EXBGETICA.
3776 336 3880 392 ϐω

655 465 960 520 Mansuram
990 463 1185 532 quippe
1216 476 1279 515 ac
1309 463 1625 515 duraturum
1659 457 1910 525 populum
1943 472 2097 511 suum
2123 457 2202 510 Ec-

2315 471 2509 518 νηται.
2536 454 2818 521 Διαμενεῖν
2852 451 2960 520 γάρ
3002 467 3134 520 φησι
3187 450 3277 503 καὶ
3313 448 3619 520 διαρπάσειν
3643 449 3733 503 τὸν
3757 450 3878 504 λαὸν

651 557 977 624 clesiamque
1009 563 1228 608 eatenus
1264 551 1412 615 dicit,
1447 549 1621 619 quoad
1652 541 1762 618 ipsa
1803 549 2078 616 generatio
2116 563 2202 600 su-

2306 543 2468 596 αὐτοῦ
2506 545 2594 595 καὶ
2621 543 2720 611 τὴν
2764 541 3088 610 Ἐκκλησίαν
3121 543 3200 604 είς
3231 543 3406 593 ἐκεῖνο
3447 540 3642 610 καιροῦ
3671 543 3754 604 είς
3785 543 3873 594 ὅτι

652 655 861 714 perstes
889 642 1063 696 adhuc
1092 644 1268 695 omnia
1293 642 1556 707 inspiciat,
1585 653 1648 692 ac
1671 641 2073 707 prmdictionum
2111 640 2202 692 do-

2304 635 2661 704 αὑτοπτήσειε
2691 632 2888 693 πάντα,
2915 631 3126 693 καὶτὰς
3152 630 3403 694 ἐκϐάσεις
3423 631 3529 684 τῶν
3559 630 3657 683 τοῦ
3701 631 3877 702 Σωτῆ-

654 735 971 792 minicarum
997 743 1242 787 eventum
1266 730 1434 783 oculis
1470 729 1878 796 contempletur.

2306 742 2397 794 ρος
2429 723 2780 793 προρρήσεων
2807 721 3099 791 ὀφθαλμοῖς
3133 721 3453 791 παράλαδοι.

829 825 878 857 ’⁸
895 825 1081 879 Cavete
1109 839 1170 876 ne
1206 822 1338 890 forte
1363 832 1642 890 graventur
1665 822 1824 874 corda
1863 833 2029 874 uestra

2303 815 2635 882 Προσέχετε
2677 813 3166 890 ἑαυτοῖς-μήποτε
3201 811 3592 890 βαρυνθῶσιν
3617 813 3781 883 tua?»
3813 816 3874 868 αῖ

1254 893 1308 943 irt
1329 882 1568 956 crapula.

2758 882 2992 950 καρδίαι
3016 883 3085 934 ἐν
3105 884 3422 951 κραιπάλῃ.

2373 973 2637 1044 Διεγεῐρει
2668 974 2793 1034 τοὺς
2825 972 3070 1042 μαθητάς
3099 971 3192 1024 ἐπὶ
3249 973 3311 1024 τὸ
3360 973 3586 1026 πάντοτε
3636 973 3876 1044 ἑτοίμους

2304 1059 2440 1117 εἶναι
2468 1062 3053 1133 παρασκευαζομένους
3086 1064 3165 1126 εἰς
3204 1063 3304 1131 τὴν
3350 1063 3516 1116 αὐτοῦ
3551 1066 3873 1134 παρουσίαν,

2302 1155 2386 1222 ἐφ’
2411 1157 2476 1222 ἦν
2499 1155 2656 1215 αὐτὸς
2695 1156 2843 1223 ήμᾶς
2886 1153 3184 1225 παρορμῶν
3219 1155 3346 1216 τοὺς
3379 1154 3585 1217 πάντας
3611 1156 3713 1226 τῆς
3731 1156 3875 1209 διδα-

2305 1247 2530 1308 σκαλίας
2564 1248 2796 1297 ἐποιεῖτο
2826 1244 3016 1312 λόγους
3035 1263 3050 1275 ο
3094 1245 3284 1314 νήφειν
3311 1260 3372 1297 τε
3396 1246 3487 1298 καὶ
3516 1247 3876 1316 ἐγρηγορέναι

723 981 1019 1050 Discipulos
1048 979 1298 1032 admonet
1330 987 1386 1030 ut
1409 978 1635 1044 prompti
1669 977 1775 1030 sint
1802 987 1961 1043 atque
1989 975 2054 1026 ad
2088 975 2203 1043 ejus

653 1074 936 1126 adventum
971 1069 1344 1138 excipiendum
1399 1068 1569 1136 parati
1622 1082 1637 1120 :
1688 1067 1839 1134 cujus
1895 1081 2086 1133 nempe
2122 1067 2200 1120 rei

651 1161 823 1231 gratia
873 1169 1092 1214 cunctos
1144 1158 1430 1227 magisterii
1481 1159 1562 1212 sui
1600 1170 1877 1212 sermones
1930 1154 2197 1210 faciebat:

651 1249 968 1318 sobriosque
1002 1263 1065 1301 ac
1090 1250 1275 1317 vigiles
1315 1260 1435 1300 esse
1473 1245 1648 1312 jubet.
1691 1257 1745 1299 et
1793 1254 1958 1299 totam
1999 1257 2200 1298 morta-

651 1337 718 1392 lis
759 1338 881 1391 vita}
929 1351 1137 1392 noctem
1178 1337 1451 1390 insomnes
1507 1337 1800 1404 transigere
1849 1352 1864 1388 :
1925 1345 2202 1404 propterea

2306 1339 2755 1408 παρακελεύεται,
2816 1339 2910 1389 καὶ
2940 1339 3237 1407 ἀγρυπνεῖν
3290 1336 3378 1390 διὰ
3427 1338 3607 1407 πάσης
3650 1339 3752 1408 τῆς
3780 1337 3876 1392 τοῦ

647 1430 791 1495 quod
839 1425 1312 1481 consummationis
1360 1435 1569 1495 tempus
1617 1425 1815 1479 nemini
1851 1425 1920 1478 sit
1958 1425 2202 1492 explora-

2303 1429 2498 1498 θνητοῦ
2533 1429 2647 1499 βίου
2680 1428 2889 1490 νυκτὸς,
2917 1427 3004 1479 διὰ
3031 1428 3090 1480 τὸ
3124 1427 3310 1497 μηδενὶ
3337 1426 3609 1499 γνώριμον
3638 1429 3734 1482 τὸν
3761 1447 3880 1483 ut.

653 1527 788 1570 tum.
820 1546 890 1556 —
921 1518 1181 1576 Cavenda.
1220 1515 1410 1583 inquit,
1442 1516 1591 1569 vobis
1625 1524 1709 1570 est
1751 1515 1983 1584 crapula:
2015 1529 2202 1583 grave-

2306 1519 2396 1589 ρὺν
2422 1519 2523 1588 τῆς
2551 1519 2850 1582 συντελείας
2877 1519 3156 1589 ὑπάρχειν.
3192 1545 3257 1556 -—-
3287 1518 3426 1570 Ἀλλ’
3457 1519 3584 1589 ὑμῖν
3611 1535 3699 1586 γε,
3723 1520 3875 1590 φησι,

652 1608 741 1669 do,
783 1619 840 1661 ut
863 1609 1080 1676 vigilare
1115 1608 1365 1676 possitis;
1401 1620 1468 1660 ne
1501 1607 1714 1674 inopina
1749 1622 1841 1660 vos
1870 1607 2087 1660 invadat
2113 1607 2200 1660 illa

2305 1611 2606 1679 φυλακτέον
2643 1613 2704 1664 τὸ
2729 1609 2976 1664 ἐντεῦθεν
3008 1609 3191 1679 βάρος,
3220 1610 3314 1661 ἵνα.
3335 1609 3634 1680 δυνήσησθε
3669 1611 3878 1681 νήφειν,

649 1700 764 1754 dies
790 1714 804 1750 :
833 1700 982 1767 cujus
1019 1712 1179 1752 causa
1212 1713 1366 1752 sacer
1397 1699 1559 1752 etiam
1575 1698 1862 1766 Apostolus
1891 1697 2202 1750 hortabatur

2308 1702 2516 1770 μήποτε
2549 1703 2740 1770 ἐπιστῇ
2779 1699 3042 1768 αἰφνίδιος
3072 1701 3156 1766 ἐφ’
3206 1700 3350 1767 ὑμᾶς
3379 1701 3617 1770 ήήμέρα
3654 1700 3838 1772 ἐκείνη
3860 1719 3877 1733 ο

649 1787 888 1841 scribens
928 1802 945 1840 :
983 1785 1225 1851 Fratres,
1263 1787 1426 1856 probe
1445 1787 1614 1850 scitis,
1653 1787 1790 1840 diem
1820 1786 2052 1846 Domini,
2085 1798 2201 1839 tan-

2303 1792 2430 1862 περὶ
2468 1786 2536 1861 ἧς
2591 1792 2684 1842 καὶ
2723 1792 2752 1842 ό
2787 1790 2926 1858 ἱερὸς
2965 1787 3283 1851 Ἀπόστολος
3337 1789 3567 1860 παρῄνει
3619 1789 3879 1859 γράψων

649 1891 808 1945 quam
836 1875 1006 1931 furem
1026 1881 1077 1930 in
1099 1887 1272 1941 nocte,
1291 1879 1653 1933 venturam".
1673 1877 1803 1932 Cum
1831 1893 1954 1933 vero
1968 1879 2198 1933 dixerint

2316 1882 2590 1950 ’Δδελφο“ι,
2627 1881 2803 1934 οῖδατε
2851 1881 3113 1951 ἀκριόῶς,
3144 1883 3224 1934 ὅτι
3253 1883 3286 1952 ή
3331 1881 3512 1950 ἡμέρα
3538 1881 3772 1950 Κυρίου,
3803 1882 3883 1946 ὡς

648 1979 752 2036 pax
799 1977 856 2022 et
906 1971 1192 2036 securitas,
1234 1979 1359 2022 tunc
1386 1969 1693 2039 repentinus
1730 1969 1809 2024 eis
1861 1973 2200 2038 superveniet

2304 1973 2542 2043 κλέπτης
2590 1973 2648 2025 ὲν
2684 1972 2860 2033 νυκτὶ,
2897 1972 3069 2035 οὕτως
3110 1973 3345 2043 ἔρχεται.
3376 1972 3545 2025 Ὅταν
3573 1972 3629 2025 δὲ
3651 1972 3884 2026 εἴπωσιν

646 2059 918 2115 interitus.
965 2059 1072 2114 Vos
1103 2070 1280 2114 autem
1319 2060 1456 2114 haud
1504 2062 1793 2116 versamini
1843 2062 1894 2115 in
1939 2061 2197 2128 tenebris,

2304 2063 2490 2133 εἰρήνη
2515 2063 2610 2115 καὶ
2641 2061 2927 2130 ἀσφάλεια,
2962 2062 3082 2114 τότε
3105 2061 3362 2130 αἰφνίδιος
3383 2062 3563 2126 αὐτοῖς
3592 2063 3884 2131 ἐφίσταται

646 2146 801 2201 itaut
827 2161 921 2202 vos
951 2149 1064 2202 dies
1089 2147 1176 2200 illa
1211 2157 1462 2216 tanquam
1492 2146 1581 2202 fur
1604 2152 2021 2220 comprehendat
2045 2169 2058 2204 :
2085 2168 2200 2205 om-

2304 2150 2538 2221 δλεθρος,
2585 2150 2770 2219 Ὑμεῖς
2797 2150 2851 2203 δὲ
2890 2150 2988 2202 οὐκ
3014 2151 3136 2202 me
3187 2151 3245 2201 ἐν
3295 2150 3496 2212 σκότει,
3532 2149 3620 2202 ῖνα
3649 2150 3799 2218 ὑμᾶς
3846 2150 3882 2219 ή

646 2251 746 2292 nes
773 2239 916 2292 enim
953 2253 1047 2294 vos
1081 2238 1172 2292 tllii
1201 2239 1334 2294 lueis
1354 2241 1506 2303 estis,
1532 2239 1732 2310 ﬁliique
1752 2241 1938 2296 dei"‘.
1971 2243 2200 2312 Vigilan-

2305 2241 2484 2312 ήμέρα
2514 2241 2588 2304 ὡς
2616 2241 2851 2315 κλέπτης
2877 2240 3186 2312 καταλάσῃο
3220 2241 3416 2303 πάντες
3447 2239 3556 2310 γάρ
3586 2241 3749 2309 ὑμεῖς
3775 2240 3888 2294 uio!

645 2329 773 2385 dum
805 2340 890 2385 est
924 2331 1084 2402 igitur
1121 2346 1226 2386 non
1260 2331 1430 2387 solum
1466 2333 1535 2388 ob
1567 2334 1802 2391 subitum
1843 2345 2004 2406 atque
2049 2338 2199 2390 inex-

2305 2334 2481 2403 φωτός
2514 2335 2636 2386 ἐστε
2670 2335 2764 2387 καὶ
2795 2334 2902 2386 υἱοὶ
2931 2333 3164 2406 ἡμέρας.
3198 2333 3572 2404 Γρηγορητέον
3605 2329 3699 2387 οὖν
3749 2335 3888 2406 ἡμῖν

647 2431 944 2490 spectatum
982 2422 1191 2478 Domini
1223 2424 1534 2492 adventum,
1563 2440 1746 2480 verum
1785 2427 1948 2482 etiam
1984 2437 2202 2497 propter

2305 2422 2365 2474 οὐ
2400 2421 2558 2491 μόνον
2585 2421 2672 2474 διὰ
2701 2422 2800 2492 τὴν
2827 2422 3030 2493 ἀθρόαν
3086 2423 3181 2475 καὶ
3215 2422 3616 2494 ἀπροσδόκητον
3642 2423 3740 2477 τοῦ
3785 2426 3888 2479 Δε-

645 2511 786 2566 furis
817 2513 1057 2569 insidias.
1091 2513 1199 2569 Fur
1244 2525 1418 2570 autem
1457 2515 1586 2570 hora
1631 2517 1890 2586 cujusque
1921 2519 2202 2572 mortualia

2307 2513 2501 2566 σπότου
2533 2513 2736 2583 ἄφιξιν,
2790 2514 2925 2566 ἀλλά
2960 2516 3054 2568 καὶ
3083 2515 3171 2568 διὰ
3221 2515 3312 2568 τὸν
3355 2515 3593 2585 κλέπτην
3620 2517 3716 2571 τὸν
3757 2520 3888 2588 trpe-

648 2604 984 2675 intelligitur,
1019 2607 1102 2662 vel
1131 2609 1292 2662 etiam
1327 2608 1416 2662 ille
1439 2609 1528 2680 qui
1567 2609 1825 2679 cujusque
1845 2611 2079 2665 animam
2101 2627 2198 2666 ex-

2304 2604 2580 2676 δρεύοντα.
2615 2606 2674 2658 '0
2697 2605 2754 2658 δι
2801 2605 3039 2675 κλέπτης
3071 2608 3220 2660 ἆστὶν
3243 2607 3272 2659 ό
3304 2606 3494 2678 καιρὸς
3518 2607 3620 2678 τῆς
3644 2609 3886 2664 ἑκάστου

646 2705 902 2764 capturus
953 2706 1038 2752 est
1073 2698 1314 2768 angelus.
1370 2699 1505 2754 Tum
1565 2701 1657 2769 qui
1707 2701 1808 2754 sibi
1851 2703 2198 2769 attenderint,

2303 2693 2593 2762 τελιυτῆς-
2628 2693 2663 2764 ἢ
2691 2695 2786 2747 καὶ
2811 2696 2839 2747 δ
2874 2693 3082 2764 μέλλων
3105 2694 3202 2766 τὴν
3237 2694 3465 2748 ἑκάστου
3496 2694 3675 2767 ψυχὴν
3700 2713 3889 2769 παρα.

647 2794 902 2854 tanquam
931 2801 1123 2855 caprea
1152 2789 1398 2857 laqueum
1429 2791 1696 2857 vitaburtt,
1719 2790 1800 2846 vel
1830 2802 1889 2846 ut
1915 2794 2030 2849 avis
2054 2795 2201 2850 deci-

2306 2786 2603 2856 λαμϐάνειν
2664 2786 2913 2855 ἄγγελος.
2962 2786 3051 2850 Ὠς
3099 2785 3266 2855 παγὶς
3306 2785 3415 2858 γὰρ
3455 2789 3490 2857 ή
3542 2787 3638 2840 τοῦ
3672 2787 3887 2860 Κυρίου

646 2876 828 2947 pulam
879 2895 894 2931 :
948 2879 1040 2948 qui
1095 2894 1218 2933 vero
1263 2880 1480 2949 crapula
1525 2883 1731 2952 gravati
1796 2882 1991 2938 fuerint
2038 2897 2202 2956 atque

2307 2879 2584 2949 παρουσία
2615 2877 2964 2930 ἐπελεύσεται
2992 2877 3085 2930 ἐπὶ
3133 2877 3340 2938 πάντας
3357 2877 3486 2940 τοὺς
3509 2878 3568 2930 ἑν
3603 2879 3668 2948 τῇ
3698 2880 3770 2948 γῇ
3789 2895 3805 2909 °
3831 2880 3886 2933 οι

647 2971 704 3024 in
740 2981 966 3024 mortem
1003 2970 1286 3041 consopiti,
1321 2971 1374 3026 itt
1411 2972 1707 3042 periculum
1747 2975 2020 3045 inopinum
2071 2979 2202 3034 inci-

2312 2969 2408 3037 μὲν
2429 2963 2520 3022 οὖν
2557 2969 2912 3040 προσέχοντες
2939 2969 3149 3030 ἑαυτοῖς
3177 2965 3454 3032 σώζονται,
3477 2966 3664 3039 ὥσπερ
3682 2967 3888 3038 δορκὲς

647 3059 794 3114 dent.
2311 3061 2373 3110 ὲκ
2402 3057 2632 3128 βρόχων,
2660 3059 2752 3112 καὶ
2784 3058 2970 3130 ὥσπερ
2999 3058 3185 3130 ὄρνεον
3218 3060 3283 3110 ἐκ
3317 3057 3560 3126 παγίδος·
3610 3060 3657 3111 οἱ
3711 3057 3768 3111 δὲ
3813 3063 3885 3132 τῇ

2230 3131 2271 3188 C
2309 3149 2447 3222 μέθῃ
2474 3149 2852 3220 βεϐαρημένοι,
2880 3150 2973 3202 καὶ
3002 3149 3079 3211 είς
3107 3147 3335 3202 θάνατον
3361 3147 3752 3213 ὑπνώττοντες,
3781 3131 3886 3202 ἐκέ

2303 3240 2586 3294 πίπτουσιν
2611 3243 2688 3304 εἰς
2712 3241 2971 3311 ἀδόκητον
2999 3239 3261 3295 κίνδυνον.

751 3323 800 3355 ⁷⁸
840 3323 1058 3394 Vigilate
1082 3327 1254 3396 itaque
1282 3328 1421 3382 omni
1455 3337 1679 3398 tempore
1707 3343 1931 3396 orantes,
1963 3343 2066 3390 etc.

2313 3331 2684 3400 Ἀτρυπνεῒτε
2706 3329 2822 3387 οὖν
2841 3332 2912 3384 ἐν
2938 3333 3116 3386 παντὶ
3134 3331 3316 3400 καιρῷ
3340 3332 3629 3403 δεόμενοι,
3660 3347 3714 3386 κ.
3742 3349 3796 3385 τ.
3831 3331 3885 3387 λ.

720 3411 815 3468 His
841 3429 1142 3469 consonans
1166 3417 1458 3486 Apostolus
1481 3419 1657 3474 aiebat
1687 3438 1701 3471 :
1737 3419 2020 3489 Propterea
2055 3425 2198 3478 acci-

636 3503 754 3568 pite
779 3515 1101 3559 armaturam
1125 3505 1242 3571 Dei,
1269 3517 1323 3560 ιιι
1339 3509 1548 3575 possitis
1581 3513 1817 3564 resistere
1846 3513 1899 3565 in
1922 3515 2006 3567 die
2037 3517 2196 3579 malo,

645 3605 694 3648 et
714 3595 771 3648 its
793 3597 1029 3650 omnibus
1048 3597 1262 3665 perfecti
1287 3609 1444 3654 stare.
1465 3599 1611 3656 State
1626 3617 1750 3673 ergo
1780 3605 2036 3659 succincti
2064 3606 2203 3661 ium-

647 3684 740 3738 ιω
762 3697 953 3740 uestros
977 3687 1030 3741 in
1056 3692 1269 3744 veritate
1284 3691 1354 3745 ".

2374 3420 2596 3489 Tou‘rou;
2625 3424 2863 3494 συνᾴδων
2895 3425 2923 3477 ό
2961 3423 3284 3487 ’Δπόστολος
3316 3423 3473 3492 ῐλεγε-
3494 3442 3508 3455 ·
3558 3423 3662 3477 Διὰ
3700 3421 3891 3479 τοῦτο

2301 3515 2628 3570 ἀναλάϐετε
2641 3515 2756 3582 τὴν
2775 3516 3120 3579 πανοπλίαν
3137 3515 3243 3569 τοῦ
3262 3514 3432 3579 οεοῦ,
3455 3515 3556 3568 ινα
3573 3512 3891 3580 δυνηθῆτε

2301 3605 2658 3673 ἀντιστῆναι
2695 3605 2766 3658 ἐν
2793 3603 2869 3672 τῇ
2893 3605 3084 3672 ἡμέρᾳ
3114 3603 3188 3674 τῇ
3221 3602 3472 3672 πονηρᾷ,
3516 3604 3613 3657 καί
3641 3603 3890 3658 ἅπαντα

2303 3685 2802 3766 κατεργασάμενοι
2831 3693 3069 3764 στῆναι.
3110 3694 3296 3764 Στῆτε
3327 3691 3440 3751 οὖν
3481 3694 3888 3764 περιζωσάμε-

2303 3804 2397 3840 ⁴μοι
2421 3787 2534 3854 τὴν
2557 3787 2758 3856 ὀσφὺν
2783 3787 2951 3855 ὑμῶν
2984 3789 3056 3841 ἐν
3084 3788 3357 3856 ἀληθείᾳ.

821 3863 866 3897 ⁸⁸
885 3863 949 3918 Ut
977 3867 1294 3922 manducetis
1322 3878 1368 3922 ct
1389 3867 1577 3923 bibatis
1615 3871 1674 3934 in
1694 3886 1870 3925 mensa
1895 3888 2028 3927 mea.

2308 3880 2430 3932 Ἵνα
2457 3879 2695 3947 ἐσθίητε
2746 3878 2844 3932 καὶ
2880 3881 3090 3947 πίνητε
3129 3880 3228 3933 ἐπὶ
3259 3878 3372 3947 τῆς
3395 3878 3686 3948 τραπέζης
3730 3897 3882 3948 μου.

717 3955 996 4025 Signiﬁcat
1017 3958 1223 4026 plenam
1251 3960 1508 4014 bonorum
1530 3975 1791 4022 mensam,
1810 3962 1959 4029 cujus
1985 3964 2204 4030 partici-

647 4061 743 4117 pes
777 4058 935 4102 erunt
963 4048 996 4101 ii
1024 4049 1340 4116 quibuscum
1379 4051 1555 4106 {cadus
1603 4053 1717 4114 icit,
1751 4063 2034 4120 propterea
2062 4057 2202 4122 quod

647 4151 829 4193 aecum
854 4141 1248 4208 permanserint
1279 4142 1331 4192 itt
1367 4143 1767 4196 teutatiouibus.
1800 4144 1873 4196 Ex
1899 4143 2014 4210 ejus
2043 4145 2207 4213 igitur

649 4242 835 4283 mensa
866 4228 1262 4283 manducabuut
1293 4241 1348 4284 et
1376 4232 1559 4286 bibent
1587 4251 1601 4296 ;
1645 4248 1783 4302 pane
1817 4235 2066 4291 videlicet
2093 4251 2208 4291 cm-

648 4316 769 4372 lesti
807 4320 1102 4372 animarum
1149 4321 1416 4376 nutritore
1456 4326 1629 4390 pasti;
1667 4326 1882 4395 polique
1931 4327 2055 4381 vino
2081 4329 2204 4382 novi

649 4409 905 4480 germinis
935 4412 1056 4466 vitis
1088 4428 1228 4469 vera:

649 4502 887 4554 omnium
917 4501 1042 4565 Deo,
1071 4505 1161 4572 qui
1198 4507 1462 4562 novellum
1498 4523 1560 4562 cx
1594 4511 1706 4579 ipsa
1734 4509 1966 4566 fructum
1997 4512 2082 4568 his
2116 4513 2205 4583 qui

655 4598 783 4646 tunc
815 4592 958 4661 digni
990 4607 1166 4660 erunt,
1199 4600 1494 4656 exhibebit.

927 4702 970 4733 ⁸⁸
999 4705 1063 4756 At
1091 4706 1177 4759 ille
1220 4709 1418 4774 negavit
1457 4711 1634 4791 dicens
1668 4726 1688 4764 :
1717 4711 1926 4780 Mulier,

1216 4792 1318 4830 non
1358 4795 1473 4832 ιιοοι
1501 4797 1639 4837 cum.

724 4861 930 4918 Videsis
978 4877 1308 4935 quantopere
1339 4871 1548 4925 veritati
1586 4872 1798 4927 studeat
1839 4875 2200 4946 evangelista;

651 4954 920 5022 quomodo
961 4953 1122 5011 Petro
1165 4957 1304 5012 haud
1341 4959 1692 5026 gratiﬁcetur,
1726 4963 1816 5016 sed
1846 4962 2048 5032 lapsum
2089 4967 2203 5032 ejus

652 5041 878 5096 candide
912 5052 1144 5097 enarret.
1174 5043 1429 5100 Videlicet
1458 5049 1599 5116 quod
1630 5050 1804 5103 caeteri
1835 5054 2093 5120 magistro
2118 5058 2204 5109 de-

2381 3969 2647 4022 Τοιούτων
2679 3970 2832 4024 ἐσται
2879 3969 3092 4041 πλήρης
3139 3969 3363 4039 ἀγαθῶν
3397 3971 3668 4042 τράπεζα,
3690 3967 3758 4043 ἧς
3778 3989 3886 4042 μι-

2305 4061 2635 4131 ταλήψονται
2668 4056 2749 4126 οἷς
2785 4062 2884 4134 τὴν
2905 4062 3181 4134 Διαθήκην
3203 4061 3407 4117 διέθετο
3431 4063 3522 4116 διὰ
3542 4063 3604 4117 τὸ
3636 4079 3883 4135 μειλίνη.

2307 4151 2459 4204 κέναι
2494 4154 2608 4223 μετ’
2651 4153 2816 4212 αὐτοῦ
2871 4156 2930 4208 ὲν
2959 4158 3074 4219 τοῖς
3107 4157 3468 4227 πειρασμοῖςο
3515 4156 3604 4210 ἵνα
3655 4155 3884 4210 ὲσθίωσι

2311 4242 2404 4295 καὶ
2438 4245 2632 4296 πίωσιν
2663 4245 2754 4297 ἐπὶ
2805 4248 2904 4314 τῆς
2926 4245 3203 4316 τραπέζης
3235 4246 3433 4300 αὐτοῦ·
3458 4246 3610 4321 ἄρτῳ
3646 4249 3742 4316 μὲν
3777 4247 3882 4300 οὐ·

2311 4333 2480 4404 ρανίῳ
2500 4334 2683 4405 ψυχῶν
2718 4336 2888 4405 ἁγίων
2921 4336 3227 4408 θρεπτικῶς
3261 4339 3686 4410 τραφησόμενοι,
3729 4338 3881 4394 οἴνου

1278 4431 1292 4468 :
1348 4418 1664 4485 propinante
1700 4419 1814 4486 ipso
1842 4420 2198 4489 agricolarum

2308 4425 2365 4477 δὲ
2419 4427 2512 4479 τοῦ
2563 4428 2747 4481 καινοῦ
2798 4432 3134 4500 γεννήματος
3166 4429 3267 4499 τῆς
3320 4429 3582 4500 ἀληθινῆς
3627 4431 3880 4502 ἀμπέλου

2323 4517 2750 4588 μεταληψόμενοι
2776 4537 2788 4550 ·
2821 4521 2887 4591 ἣν
2912 4521 3074 4584 αὐτὸς
3103 4521 3133 4572 ό
3158 4519 3268 4573 τῶν
3291 4520 3428 4574 ὅλων
3454 4520 3585 4583 Θεὸς
3613 4521 3881 4592 γεωργῶν

2308 4608 2370 4659 τὸ
2391 4609 2571 4662 καινὸν
2592 4609 2648 4676 ἐξ
2679 4609 2850 4680 αὐτῆς
2883 4611 3124 4682 γέννημα
3145 4613 3258 4674 τοῖς
3288 4611 3407 4664 τότε
3438 4610 3608 4675 ἀξίοις
3623 4612 3875 4683 παρέξει.

2321 4716 2375 4768 '0
2404 4715 2472 4769 δὲ
2499 4718 2806 4786 ἠρνήσατο
2837 4719 3055 4809 αὐτὸν,
3075 4720 3272 4843 λέγτων
3295 4739 3307 4752 ·
3355 4722 3564 4786 Γύναι,
3593 4725 3702 4776 οὐκ
3740 4717 3880 4777 οἴδα

2987 4807 3100 4843 αυτ
3178 4830 3194 4843 .

3069 4807 3194 4845 τον.

2987 4807 3194 4845 auter.

2378 4877 2516 4948 Ὅρα
2560 4878 2616 4932 δὲ
2653 4879 2716 4932 τὸ
2755 4879 3042 4949 φιλάληθες
3072 4879 3166 4935 τοῦ
3209 4880 3613 4949 εὐαγγελιστοῦ,
3641 4881 3757 4945 πῶς
3807 4885 3877 4936 οὖ

2309 4969 2724 5044 καταχαρίζεται
2761 4970 2839 5040 τῷ
2884 4971 3093 5044 Πέτρῳ,
3121 4972 3256 5026 ἀλλὰ
3300 4972 3361 5025 τὸ
3412 4972 3580 5035 πάθος
3605 4971 3767 5025 αὐτοῦ
3795 4974 3880 5039 ὡς

2308 5058 2417 5130 ἔχει
2443 5061 2726 5131 διηγεῖται,
2755 5064 2835 5116 ὅτι
2863 5065 2912 5116 οξ
2949 5065 3046 5134 μὲν
3071 5064 3221 5118 ἄλλοι
3264 5063 3617 5125 ἀπολιπόντες
3662 5065 3753 5117 τὸν
3793 5065 3882 5118 δι-

653 5141 796 5184 aeno
827 5131 1152 5200 diﬂugerint,
1186 5135 1274 5190 ille
1297 5146 1474 5192 autem
1511 5141 1760 5194 omnibus
1793 5141 1857 5195 iis
1886 5147 2202 5212 praepositus

2311 5149 2573 5205 δάσκαλον
2609 5153 2832 5223 ᾤχοντο,
2865 5157 2893 5209 ό
3055 5155 3271 5210 πάντων
3303 5155 3482 5210 αὐτῶν
3511 5158 3881 5228 προκεκριμέ-

654 5220 926 5288 apostolus
947 5235 1106 5294 atque
1127 5227 1540 5299 discipulus,ille
1568 5233 1817 5302 inclytus,
1848 5235 2083 5302 inquam,
2108 5237 2202 5293 Pe,

2312 5259 2400 5305 νος
2428 5220 2723 5308 ἀπόστολός
2753 5263 2814 5298 τε
2844 5246 2937 5299 καὶ¹
2966 5246 3232 5318 μαθητὴς,
3274 5247 3444 5309 αὐτὸς
3459 5220 3662 5310 ἐκεῖνος
3687 5220 3881 5316 esas.

656 5321 791 5408 true,
819 5316 1003 5380 procul
1027 5319 1352 5375 cruciatibus
1381 5332 1434 5376 et
1458 5325 1864 5395 magistratuum
1895 5329 2074 5392 minis.
2125 5341 2202 5385 ter

2315 5349 2470 5401 μενος
2483 5334 2706 5405 Πέτρος,
2727 5335 2969 5405 βασάνων
2991 5316 3147 5400 ἐκτός
3275 5336 3600 5407 ἀρχοντικῆς
3623 5337 3881 5408 ἀπειλῆς,

656 5397 926 5457 Christum
957 5411 1250 5475 negaverit.

2311 5397 2489 5492 τρίτον
2516 5397 2678 5478 αὑτὸν
2707 5397 3017 5496 ἐξωμόσατο
3045 5397 3178 5498 (Ἱέ).

727 5489 929 5572 ’_'_Luc.
971 5511 1079 5563 xxt,
1108 5499 1197 5553 51.
1271 5502 1570 5560 "l'l‘hess.
1599 5520 1652 5570 ν,
1689 5506 1742 5560 2.
1815 5509 1887 5540 "‘
1925 5509 2056 5564 ibid.
2092 5510 2197 5577 ι,5

657 5558 700 5589 ⁸¹
734 5557 859 5617 tbtd.
886 5561 973 5617 57.

2303 5489 2497 5571 "-Luc.
2537 5533 2653 5582 ut,
2683 5489 2770 5574 56.
2817 5489 2891 5552 "°
2925 5489 3322 5590 E;.ltt‘:s.'\'l,l3.
3395 5517 3442 5550 ⁸⁸
3472 5517 3600 5574 Luc.
3624 5533 3757 5586 χχιι,
3781 5518 3879 5575 30.

861 5655 1237 5791 ξιιῗεὲἕκηῑιιιυ
1278 5667 1376 5723 hoc
1411 5676 1677 5738 sumptum
1735 5671 1942 5729 videtur
2001 5689 2077 5742 ex
2132 5672 2484 5748 Ihrraania,
2534 5679 2628 5736 lib.
2681 5695 2734 5749 ν,
2768 5679 2855 5736 40.
2888 5679 2962 5738 lbi
3015 5690 3190 5740 tamen
3237 5681 3496 5741 Eusebia~
3544 5693 3795 5741 versatur
3822 5684 3883 5741 in
