4070 6304
220 358 333 414 605

760 548 1263 612 ἀστραπτούσαις.

296 638 488 709 Χαρᾶς
525 639 615 690 καὶ
667 638 900 703 γέλωτος
955 642 1155 707 σημεῖα
1189 638 1547 709 γνωρίσματά
1601 656 1659 691 τε
1703 639 1800 708 τῆς

221 730 497 799 σωτηρίου
537 729 882 790 ἀναστάσεως
930 728 1059 799 ὁρᾷν
1090 728 1415 801 παρέχονται
1444 730 1533 782 καὶ
1576 730 1663 785 διὰ
1704 732 1799 800 τῆς

218 819 428 889 λευκῆς
453 818 762 891 ⁴ιτεριὸολῆς,
804 818 942 870 ὥστε
979 819 1070 871 καὶ
1099 819 1204 870 άπδ
1233 817 1325 869 τοῦ
1354 821 1633 888 σχήμασι-ος¹
1658 836 1790 889 συμα

216 910 409 965 δαλεῖν
440 908 539 971 τὰς
570 913 829 977 γυναῖκας
869 912 929 962 τὸ
972 909 1192 979 φαιδρὸν
1228 908 1327 977 τῆς
1361 910 1649 979 ἑγέρσεως,
1704 912 1797 964 καὶ

214 1002 327 1071 τῆς
354 1002 446 1055 τοῦ
476 1003 665 1071 Πάσχα
697 1002 889 1072 ἑορτῆς
918 1003 1012 1054 σὺν
1040 1003 1152 1062 τοῖς
1185 1000 1523 1069 λευχείμοσιν
1547 1002 1798 1069 ἀγγέλοις

218 1092 595 1162 ἀπάρξασθαι.
648 1078 892 1162 ’Μωῦσῆς
928 1092 1024 1161 μὲν
1066 1092 1172 1162 γὰρ
1226 1091 1434 1161 πληγὰς
1484 1093 1795 1161 Αἰγυπτίων

222 1185 439 1254 μέλλων
461 1185 818 1237 διακονεῖσθαι
850 1184 1193 1255 καταλλήλως
1222 1185 1280 1235 ὲν
1302 1178 1477 1251 φλογὶ
1500 1185 1671 1255 πυρὸς
1702 1184 1794 1236 τὸν

217 1273 319 1325 επὶ
345 1271 445 1341 τῆς
489 1272 654 1341 βάτου
700 1273 925 1339 ἄγγελον
951 1270 1123 1341 ἑώρα·
1158 1274 1188 1324 ό
1217 1272 1261 1324 δ’
1303 1272 1469 1335 αὐτὸς
1504 1272 1795 1343 μοχθηροῖς

215 1362 449 1432 ἀνδράσι
474 1362 793 1432 νομοθετῶν,
828 1362 938 1432 πῦρ
964 1362 1355 1416 καταναλίσκον
1383 1362 1475 1415 τὸν
1501 1362 1632 1415 Θεὸν
1656 1360 1791 1416 εἶναι

216 1449 431 1518 ἔλεγεν,
480 1450 853 1519 τιμωρητικὸν
893 1452 994 1502 καὶ
1041 1450 1305 1521 κολαστὴν
1350 1452 1533 1515 αὐτοῖς
1573 1450 1791 1503 ἔσεσθαι

215 1539 387 1593 αὐτὸν
412 1539 802 1607 αἰνιττόμενοςσ
835 1538 915 1591 διδ
947 1540 1037 1592 καὶ
1089 1543 1146 1592 ὲν
1178 1539 1353 1609 nam
1393 1540 1562 1610 πυρὸς
1610 1542 1792 1609 ἡγεῖτο

219 1630 408 1684 αὐτῶν
440 1632 468 1681 6
488 1630 639 1693 Θεός.
672 1628 828 1682 Οὕτω
859 1632 969 1691 τοῖς
1012 1630 1232 1683 άσεῦέσι
1258 1630 1508 1698 γενέσθαι
1538 1633 1664 1696 τοὺς
1691 1633 1791 1701 ἀγ-

215 1724 415 1791 γέλους
439 1723 609 1792 πυρὸς
639 1722 808 1790 φλόγα
834 1721 1067 1786 ἐδίδαξεν
1093 1720 1260 1774 είπών
1280 1740 1292 1752 ·
1341 1723 1397 1775 '0
1425 1722 1611 1776 ποιῶν
1646 1724 1792 1790 τοὺς

214 1809 607 1879 λειτουργοὺς
653 1809 839 1863 αὑτοῦ
868 1810 1057 1877 πυρὸς
1085 1811 1298 1879 φλόγα.
1342 1810 1480 1863 Ἀλλ’
1510 1812 1571 1864 οὐ
1618 1811 1792 1863 τοιού-

214 1920 347 1966 τους
393 1904 449 1963 αί
503 1906 757 1970 γυναῖκες
782 1904 907 1964 τοὺς
936 1902 1064 1955 εἴσω
1113 1902 1207 1955 τοῦ
1262 1904 1543 1973 μνήματος
1579 1903 1785 1976 ἐώρων,

214 1993 486 2063 γαληνοὺς
510 1994 566 2045 δέ
600 2010 751 2055 τινας
776 1993 868 2046 καὶ
894 1992 1167 2063 φαιδροὺς,
1192 1993 1335 2055 οἴους
1363 1995 1529 2065 ἐχρῆν
1558 1997 1649 2047 ἐπὶ
1685 1997 1786 2047 Δε-

222 2082 426 2136 σπότου
449 2085 590 2154 χαρᾷ
623 2084 717 2135 καὶ
750 2082 991 2153 βασιλείᾳ
1019 2082 1319 2152 φαίνεσθαι.
1358 2084 1481 2137 Ἐπὶ
1534 2086 1630 2155 μὲν
1678 2085 1787 2158 γὰρ

212 2173 299 2244 τῷ
324 2173 486 2227 πάθει
516 2174 610 2226 τοῦ
642 2174 892 2243 Σωτῆρος
920 2176 949 2226 6
970 2164 1118 2243 ἥλιος
1151 2173 1382 2239 ἐξέλιπε,
1413 2175 1602 2238 σκότος
1628 2194 1786 2248 περι-

214 2263 400 2318 ϐαλὼν
420 2264 497 2336 τῷ
524 2268 705 2327 παντὶ,
736 2264 944 2336 θρήνων
970 2282 1029 2318 τε
1058 2266 1148 2324 καὶ
1172 2265 1400 2328 πένθους
1420 2266 1663 2337 σύμϐολα
1675 2270 1787 2331 τοῖς

216 2354 514 2425 σταυροῦσι
541 2355 631 2406 τὸν
662 2354 785 2406 Υίδν
806 2354 898 2407 τοῦ
922 2353 1057 2407 Θεοῦ
1090 2354 1300 2417 δεικνιῒς
1326 2371 1339 2384 ·
1373 2357 1465 2408 καὶ
1486 2356 1658 2419 οὐδεὶς
1689 2358 1788 2425 μὲν

216 2444 470 2514 ιφαίνετο
507 2446 615 2496 τῶν
658 2444 901 2513 ἀγγέλων
944 2444 1006 2497 τὸ
1036 2444 1339 2516 τηνικαῦτα
1374 2448 1449 2510 ὡς
1489 2448 1634 2509 είκὺς
1678 2450 1787 2511 τοῖς

222 2533 724 2605 μαθηταῖς,όμοίως
744 2537 838 2588 καὶ
866 2535 1041 2589 αὐτῶν
1061 2530 1161 2589 ὧδε
1196 2538 1357 2593 κάκεῖ
1381 2537 1788 2597 διασκεδασθέν-

214 2642 346 2679 των.
374 2626 437 2677 El
473 2626 519 2679 δ’
552 2628 659 2697 ἄρα
707 2628 799 2679 καὶ
842 2627 1073 2697 ὀφθῆναί
1111 2645 1232 2681 τινα
1274 2629 1460 2699 ἐχρῆν,
1490 2630 1631 2699 τάχα
1683 2647 1786 2682 που

213 2716 321 2788 τὴν
366 2717 610 2770 ὶναντίαν
640 2721 753 2781 τοῖς
784 2718 1120 2789 λευχείμοσιν
1168 2720 1473 2792 ἀνθρώποις
1520 2721 1618 2792 τὴν
1660 2724 1790 2775 άνα-

217 2806 412 2879 στολὴν
456 2808 757 2872 άνεδείξατο
779 2827 793 2839 ·
835 2810 1030 2863 αὐτίκα
1080 2810 1212 2879 γοῦν
1256 2812 1350 2864 ἐπὶ
1380 2812 1458 2882 τῷ
1505 2812 1665 2866 πάθει
1692 2814 1789 2885 οὐχ

215 2898 369 2967 ἥλιος
405 2898 561 2969 μόνον
603 2900 916 2966 ἑσκότασεν,
948 2900 1083 2955 άλλά
1111 2901 1204 2955 καὶ
1240 2904 1269 2954 6
1296 2902 1483 2972 Σωτὴρ
1511 2906 1660 2974 φωνῇ
1695 2920 1791 2973 με·

218 2991 364 3062 γάλῃ
387 2991 592 3062 κράξας
612 2992 787 3061 ἀφῆκε
812 2992 873 3043 τὸ
905 2992 1137 3063 πνεῦμα,
1168 2993 1229 3045 τὸ
1279 2995 1674 3064 καταπέτασμα
1693 2995 1787 3049 τοῦ

219 3083 350 3137 ναοῦ
382 3082 603 3153 ἐσχίσθη
629 3086 707 3146 είς
730 3083 841 3142 δύο,
874 3085 1151 3155 μονονουχὶ
1176 3086 1660 3157 περιρρηξαμένων
1697 3088 1791 3140 καὶ

1250 356 1733 415 ΙἪΑΟΜΕΝἹἪΜ
1789 358 1857 414 ΙΝ
1899 358 2115 416 EPIST.
2150 358 2241 414 AD
2278 358 2482 415 HEBR.

216 476 346 532 Δύο
387 475 600 545 ἇνδρες
665 477 1013 542 ἐπέστησαν
1080 478 1289 543 αὐτοῖς
1336 480 1405 531 ἐν
1463 478 1797 544 ἐσθήσεσιν
1827 486 1874 541 Α

3364 358 3470 419 ϐω

2110 480 2155 511 ⁸⁸
2171 478 2288 531 Duo
2318 481 2419 533 viri
2449 488 2699 615 stetefrttlnt
2729 476 3013 560 securium
3040 476 3096 531 in
3133 485 3271 531 reste

2594 566 2626 601 tt
2650 559 2806 615 genu.

2594 559 2806 615 uigenti.

1976 636 2194 691 Laetitia:
2226 636 2516 707 gaudiique
2540 637 2715 702 signa,
2755 644 2810 689 et
2841 634 3147 689 Servatoris
3182 650 3469 704 resurgen-

1900 729 1970 780 tis
2007 727 2200 779 indicia
2239 728 2445 780 obtutui
2475 724 2731 779 exhibent
2759 724 2987 777 vestium
3016 724 3269 786 candore,
3308 723 3381 776 ita
3407 731 3469 776 ut

1898 832 1965 869 ex
1988 816 2171 871 habitu
2204 831 2417 885 quoque
2440 817 2809 879 conjectarcnt
2834 812 3089 867 mulieres
3113 812 3468 867 resurrectio—

1900 910 1983 961 nis
2012 908 2361 969 hilaritatem,
2395 906 2777 973 Paschalisque
2808 904 2930 957 festi
2973 920 3097 958 cum
3132 904 3327 958 albatis
3365 920 3470 957 an—

1897 999 2029 1068 gelis
2078 998 2311 1052 initium.
2364 998 2575 1067 Moyses
2597 1008 2784 1049 contra
2821 994 3471 1067 Egyptiacarumplaga-

1900 1105 2016 1141 rum
2047 1088 2259 1142 futurus
2289 1088 2561 1152 minister,
2598 1088 2650 1139 in
2682 1087 2894 1139 ﬂamma
2935 1087 3079 1155 ignis
3109 1086 3357 1157 angelum
3384 1088 3439 1140 in

1899 1188 1979 1230 tra
2012 1178 2202 1231 rubum
2234 1187 2537 1232 versantem
2566 1177 2907 1245 spectavit“.
2957 1176 3101 1231 Idem
3157 1178 3339 1245 pravis
3369 1177 3469 1231 bo-

1898 1269 2137 1323 minibus
2183 1268 2353 1336 legem
2389 1270 2656 1331 scribens,
2696 1270 2861 1322 Deum
2902 1269 3207 1338 appellabat
3243 1267 3469 1322 edacem

1896 1360 2094 1429 ignem,
2125 1362 2427 1427 punitorem
2459 1376 2522 1413 ac
2555 1362 2820 1414 vindicem
2850 1361 2979 1428 ipsis
3005 1360 3121 1413 fore
3146 1360 3377 1413 inuueus
3395 1357 3489 1435 ³⁵.Δ

1894 1454 2078 1514 Quare
2115 1450 2167 1503 iu
2214 1451 2364 1517 ignea
2399 1444 2645 1505 columna
2693 1453 3030 1519 praecedebat
3073 1451 3193 1506 illos
3236 1452 3376 1505 Deus
3396 1450 3465 1505 ⁸⁸.

1893 1542 1985 1596 Sic
2019 1542 2177 1596 etiam
2209 1543 2388 1611 impiis
2430 1542 2543 1595 fore
2595 1543 2813 1611 angelos
2840 1544 2993 1612 quasi
3029 1544 3167 1611 ignis
3194 1541 3468 1596 ﬂammam

1892 1631 2284 1685 demonstravit
2320 1632 2541 1695 dicens:
2573 1632 2676 1697 Qui
2716 1633 2840 1700 facit
2865 1632 3132 1686 ministros
3162 1648 3285 1686 suos
3305 1633 3466 1701 ﬂam-

1891 1738 2029 1776 mant
2059 1723 2195 1797 ignis
2214 1722 2283 1777 ⁸⁸.
2321 1723 2427 1777 Sed
2465 1739 2571 1777 non
2609 1726 2707 1777 hac
2738 1724 2921 1793 specie
2955 1723 3207 1777 viderunt
3245 1722 3468 1793 angelos

1824 1821 1866 1875 Β
1894 1812 1947 1865 in
1975 1800 2329 1865 monumento
2365 1812 2641 1876 mulieres,
2677 1813 2770 1867 sed
2800 1812 2999 1867 hilares
3022 1822 3187 1881 atque
3216 1826 3467 1874 serenos,

1892 1902 2190 1966 cujusmodi
2215 1916 2310 1956 eos
2333 1902 2500 1955 videri
2532 1904 2817 1971 oportebat
2853 1905 2906 1955 iu
2948 1903 3160 1955 Domini
3190 1903 3387 1971 gaudio
3411 1910 3470 1957 et

1890 2008 2073 2063 regno.
2100 1992 2155 2045 In
2179 1992 2486 2047 Servatoris
2512 1992 2731 2060 quidem
2771 1993 2918 2047 obitu
2953 1992 3031 2048 sol
3066 1992 3287 2055 defecit,
3319 2002 3469 2046 tene-

1888 2084 1999 2137 δη
2031 2083 2270 2152 undique
2303 2096 2363 2137 se
2387 2082 2751 2143 intendentes,
2800 2082 3161 2136 lamentornm
3201 2092 3257 2136 et
3291 2080 3470 2139 luctui

1887 2173 2127 2244 symbols
2167 2172 2611 2243 cruciﬁgentibus
2638 2173 2836 2229 Filium
2871 2174 2967 2228 Dei
3002 2174 3468 2227 demonstrarunt.

1887 2265 2177 2335 Nullusque
2206 2282 2272 2323 eo
2304 2250 2547 2335 tempore
2588 2268 2809 2336 angelus
2834 2266 3151 2335 apparuisse
3178 2263 3459 2333 discipulis

1888 2356 2120 2422 videtur,
2156 2357 2291 2425 ipsis
2319 2372 2535 2427 quoque
2573 2358 2675 2411 hac
2719 2356 2841 2410 illac
2880 2355 3220 2425 dispersione
3267 2355 3469 2409 distra-

1888 2450 2013 2503 ctis.
2049 2449 2202 2515 Quod
2238 2450 2281 2503 si
2316 2464 2477 2519 quem
2512 2464 2774 2518 apparere
2822 2463 2961 2519 opus
3002 2447 3210 2511 fuisset,
3247 2455 3469 2501 contra-

1889 2540 2048 2602 riam,
2078 2550 2136 2594 ut
2173 2542 2427 2605 arbitror,
2453 2542 2647 2596 albatis
2683 2540 2996 2594 hominibus
3035 2546 3242 2593 vestem
3268 2550 3382 2608 pra
3406 2551 3471 2592 se

1892 2631 2159 2685 tulissent.
2193 2629 2311 2685 Jam
2336 2632 2595 2700 primum,
2623 2630 2677 2685 in
2702 2631 2951 2698 passione
2990 2643 3098 2683 non
3119 2628 3199 2684 sol
3225 2637 3471 2681 tantum-

1892 2725 2050 2775 modo
2082 2722 2405 2777 obscuratus
2431 2731 2536 2786 est,
2579 2721 2675 2777 sed
2724 2729 2779 2777 et
2816 2721 3077 2777 Servator
3113 2734 3306 2790 magna
3332 2730 3474 2773 voce

1891 2812 2201 2868 exclamans
2236 2814 2485 2880 spiritum
2515 2813 2718 2877 emisit,
2761 2813 2943 2881 templi
2987 2812 3163 2867 velum
3213 2809 3476 2867 bifariam

1891 2905 2145 2969 scissum,
2192 2905 2322 2975 ipsis
2354 2906 2737 2975 propemodum
2767 2904 3030 2974 dispersis
3072 2903 3165 2974 qui
3209 2889 3469 2973 templum

1894 2995 2201 3049 incolebant
2220 2994 2451 3063 angelis,
2482 2994 2576 3064 qui
2606 3004 2663 3051 et
2692 2994 2823 3050 illud
2849 2994 3222 3049 venerandum
3256 3003 3474 3048 textum

1893 3086 2190 3149 sciderunt,
2228 3093 2286 3137 ut
2324 3085 2497 3139 nudus
2522 3100 2599 3140 ac
2656 3088 2904 3139 desertus
2947 3084 3188 3154 ipsorum
3221 3084 3469 3139 custodia

220 3174 405 3227 αῢτῶν
421 3175 529 3228 τῶν
558 3174 722 3228 πάλαι
741 3175 802 3227 τὸ
838 3175 977 3246 ἱερὸν
1018 3154 1365 3230 ἐνοικούντων
1386 3154 1653 3245 ἀγγέλων,
1690 3195 1788 3230 πε-

1897 3175 2115 3229 relictus
2145 3175 2232 3229 ille
2263 3189 2586 3230 arcanarum
2637 3184 2798 3244 atque
2845 3175 3243 3229 inaccessarum
3284 3189 3469 3229 rerum

223 3263 598 3334 ριῤῥηξάντων
618 3281 678 3315 τε
720 3265 779 3317 τὸ
825 3265 1019 3334 σεμνὸν
1066 3263 1314 3334 ὕφασμα,
1345 3266 1419 3327 ὡς
1456 3266 1541 3330 ἂν,
1586 3267 1789 3336 γυμνὸς

221 3353 318 3405 καὶ
346 3354 550 3423 ἔρημος
570 3352 918 3423 ἀπολειφθεὶς
962 3356 1059 3426 τῆς
1095 3357 1271 3409 αὐτῶν
1309 3360 1573 3429 φρουρᾶς,
1612 3359 1641 3410 6
1680 3359 1789 3411 τῶν

220 3446 439 3499 ἀϐάτων
466 3449 558 3499 καὶ
582 3448 789 3501 ἀδύτων
809 3449 993 3513 τόπος,
1027 3451 1243 3521 ἕτοιμος
1266 3451 1360 3521 ὲχθ
1370 3454 1479 3521 poi;
1506 3452 1600 3504 καὶ
1633 3452 1792 3504 πολε-

224 3538 367 3605 μίοις
419 3540 739 3610 κατασταίη.
782 3541 940 3594 Ἀλλά
991 3542 1162 3596 ταῦτα
1207 3544 1305 3613 μὲν
1348 3546 1440 3597 ἐπὶ
1485 3545 1564 3615 τῷ
1628 3544 1789 3600 πάθει

222 3625 563 3679 συνέδαινεν·
598 3628 690 3679 ἐπὶ
734 3628 790 3682 δὲ
821 3632 887 3700 τῇ
923 3632 1174 3702 σωτηρίῳ
1197 3634 1508 3696 ἀναστάσει,
1531 3634 1607 3697 ὡς
1647 3636 1792 3706 ζωῆς

220 3708 443 3774 ἁγγελοι
490 3711 584 3763 καὶ
620 3712 719 3780 τῆς
744 3713 1089 3777 ἀναστάσεως
1118 3717 1375 3786 κήρυκες,
1400 3718 1491 3769 τὸν
1524 3718 1688 3771 τόπον
1730 3713 1791 3777 οὗ

220 3790 401 3843 ἔκειτο
425 3791 486 3843 τὸ
510 3793 667 3864 σῶμα
694 3800 991 3867 περιεῖπον,
1032 3798 1092 3863 ἐξ
1124 3801 1290 3869 αὐτῆς
1319 3800 1504 3873 ὥσπερ
1548 3803 1647 3873 τῆς
1694 3806 1791 3855 ἐπ-

221 3881 370 3951 αφῆς
396 3884 487 3937 τοῦ
513 3885 677 3939 τόπου
724 3888 1030 3960 ἁγιωσύνης
1060 3892 1362 3961 κρείττονος
1395 3894 1426 3961 ἢ
1450 3894 1569 3946 κατ’
1597 3895 1794 3960 αὐτοὺς

225 3975 607 4045 μετασχόντες,
632 3980 725 4031 καὶ
762 3978 862 4049 τῆς
885 3980 1229 4045 ἀναστάσεως
1274 3983 1437 4036 αὐτοῦ
1480 3985 1795 4039 κοινωνοῦν-

1894 3264 2065 3329 locus,
2109 3264 2551 3334 belligerantibus
2581 3266 2824 3321 hostibus
2851 3266 3072 3335 pervius
3092 3274 3318 3333 pateret.
3360 3264 3472 3320 Sed

1895 3355 2010 3410 btec
2032 3355 2249 3425 quidem
2278 3356 2552 3426 passionis
2581 3365 2824 3426 tempore
2857 3356 3221 3426 contigerunt.
3245 3354 3472 3409 Verum-

1895 3454 2072 3501 tamen
2103 3445 2395 3501 Servatore
2427 3456 2765 3517 resurgente,
2806 3462 2903 3501 ceu
2929 3447 3051 3501 vitae
3072 3447 3269 3509 nuntii,
3300 3456 3356 3501 et
3383 3460 3474 3501 re-

1894 3534 2250 3589 surrectionil
2280 3550 2579 3605 praecones,
2629 3536 2806 3591 locum
2848 3537 2937 3591 ubi
2992 3550 3193 3605 corpus
3215 3535 3473 3606 iacuerat

1897 3627 2190 3695 Stipabant,
2218 3626 2337 3696 ipso
2363 3627 2762 3695 quodammodo
2792 3627 2896 3681 loci
2922 3638 3181 3682 contactu
3208 3626 3473 3681 sanctita-

1900 3726 2005 3772 tem
2032 3717 2245 3787 propria
2288 3719 2549 3788 majorem
2594 3718 3001 3789 participautes,
3042 3733 3107 3773 ac
3141 3717 3354 3772 Domini
3384 3732 3473 3772 re-

1899 3809 2220 3863 surrectioni
2267 3810 2753 3864 communicantes.
2797 3808 2923 3862 Ideo
2950 3809 3132 3862 vultus
3164 3808 3366 3862 hilares
3404 3821 3471 3861 ac

1897 3896 2254 3965 lauabundos,
2292 3909 2347 3954 et
2382 3900 2560 3955 albam
2594 3910 2799 3954 vestem
2832 3899 2971 3955 festo
3019 3899 3326 3955 Servatoris
3360 3898 3469 3954 diei

1903 3989 2311 4043 convenientem
2342 3991 2643 4059 gestabant.

219 4080 333 4130 τις.
360 4067 451 4123 Διὸ
482 4068 680 4139 φαιδρά
712 4071 806 4121 καὶ
855 4070 1141 4140 μειδιῶντα
1178 4073 1467 4143 πρόσωπα,
1499 4076 1684 4146 σχῆμά
1707 4092 1767 4128 τε
1793 4076 2060 4147 σωτηρίου
2090 4077 2285 4149 ἑορτῆς
2304 4078 2639 4149 παρέφαινον
2659 4076 3147 4147 λευχειμονοῦντες·

262 4202 594 4222 ῃ

406 4278 675 4336 EUSEBH
709 4281 1185 4341 FRAGMENTUM
1226 4288 1316 4342 EX
1352 4288 1598 4345 CODICE
1638 4289 2189 4358 MEDIOLANENSI,
2228 4292 2297 4347 ΙΝ
2337 4290 2480 4359 QUO
2518 4290 2651 4346 EST
2690 4290 2968 4345 CATENA
3006 4288 3293 4346 PATRUM

1100 4381 1510 4440 GBECORUM
1550 4383 1617 4437 IN
1663 4384 2055 4441 EPISTOLAM
2091 4385 2183 4439 AD
2221 4383 2589 4442 HEBREOS.

1537 4497 1690 4569 (ΜΑι,
1728 4500 1887 4566 ibid.,
1918 4515 1971 4571 p.
1996 4500 2148 4570 207.)

308 4611 396 4666 Ad
434 4624 554 4679 cap.
590 4608 703 4677 XII,
736 4610 821 4665 18.
852 4611 1209 4669 ΕΥΣΕΒῙΟΥ.
1239 4615 1469 4684 Λέγεται
1494 4617 1603 4689 γὰρ
1628 4618 1793 4672 κατά-

1966 4618 2205 4675 Esses".
2242 4618 2451 4674 Dicitur
2500 4617 2645 4673 Deus
2695 4616 2747 4669 in
2805 4623 3042 4670 montem
3088 4614 3473 4680 descendisse,

224 4701 390 4766 ϐασις
427 4701 544 4755 θεία
570 4703 663 4753 ἐπὶ
698 4702 759 4755 τὸ
789 4702 912 4778 ὅρος
937 4706 1215 4773 γεγονέναι
1242 4707 1362 4759 καθ’
1396 4707 1454 4760 δν
1488 4708 1797 4779 ἐνομοθέτει

225 4793 439 4865 καιρὸν,
455 4792 539 4845 ἵνα
568 4793 767 4855 πάντες
788 4793 1088 4847 θεάσωνται
1113 4796 1211 4867 τὴν
1235 4798 1512 4869 ἐνέργειαν
1529 4800 1624 4853 τοῦ
1638 4800 1792 4853 Θεοῦ·

223 4884 526 4948 κατάϐασις
550 4884 657 4954 γάρ
683 4885 820 4957 αὕτη
847 4890 1022 4957 σαφής
1051 4891 1220 4952 ἐστιν,
1254 4891 1311 4942 οὐ
1343 4891 1415 4960 μὴ
1448 4892 1797 4963 τοπική.Τῶν

226 4977 358 5043 γοῦν
410 4975 692 5045 φυομένων
723 4979 862 5041 κατά
899 4979 961 5031 τὸ
1002 4980 1124 5051 ὅρος
1162 4982 1507 5051 φλεγομένων
1529 4984 1795 5056 σφοδρῶς,

226 5068 379 5120 οὐδὲν
404 5068 463 5120 τὸ
486 5068 594 5137 πῦρ
616 5067 917 5129 ὲξανάλωσε
938 5089 949 5100 ·
1011 5073 1323 5141 σαλπίγγων
1361 5092 1419 5126 τε
1472 5077 1644 5144 φωναὶ
1676 5093 1797 5145 σφο-

225 5158 482 5229 δρότερον
516 5162 894 5232 πνηκοὺοντο,
914 5163 986 5234 μὴ
1009 5166 1384 5235 προκειμένων
1410 5168 1657 5240 ὀργάνων
1684 5187 1797 5223 τοι-

226 5245 418 5313 ούτων,
456 5249 589 5319 μηδὲ
613 5250 708 5302 τοῦ
734 5253 1100 5321 φωνήσαντος,
1152 5253 1285 5308 ἀλλὰ
1330 5256 1449 5328 θείᾳ
1482 5262 1790 5330 κατασκευῇ

226 5338 529 5409 γινομένων
582 5342 856 5396 ἁπάντων.
896 5344 1058 5397 Ὥστε
1104 5346 1273 5413 σαφὲς
1319 5343 1456 5401 εἶναι
1491 5350 1579 5403 διὰ
1617 5350 1792 5404 ταῦτα

227 5429 326 5499 τὴν
371 5431 668 5485 ωτάὸασιν
716 5433 864 5489 θείαν
903 5436 1201 5502 γεγονέναι.
1237 5440 1329 5489 καὶ
1367 5440 1456 5491 τὸν
1483 5440 1614 5493 Θεὸν
1663 5442 1789 5495 άνευ

229 5522 370 5585 τινὸς
423 5522 694 5576 δεικνύναι
736 5526 834 5595 τὴν
888 5527 1081 5580 ἑαυτοῦ
1113 5527 1199 5583 διὰ
1246 5531 1462 5584 πάντων
1512 5532 1792 5602 μεγαλειό-

228 5628 383 5684 τητα.

1900 4725 2013 4780 quo
2050 4720 2291 4779 tempore
2324 4709 2412 4765 lex
2449 4707 2781 4772 tradebatur,
2819 4715 2883 4766 ut,
2908 4706 3090 4761 cuncti
3122 4706 3333 4761 scilicet
3378 4705 3477 4762 Dei

1901 4801 2197 4857 efﬁcaciam
2241 4800 2508 4855 viderent.
2550 4796 2849 4867 Ceteroqui
2885 4797 3001 4851 hac
3039 4798 3345 4864 descensio,
3378 4813 3476 4851 ea-

1902 4904 2069 4948 terna
2112 4892 2437 4947 ostensionis
2495 4890 2631 4955 fuit,
2688 4906 2793 4945 non
2845 4890 3059 4945 localis.
3109 4888 3476 4956 Quamobrem

1901 4981 2215 5037 ardentibus
2256 4980 2384 5035 licet
2423 4980 2695 5045 omnibus,
2721 4994 2841 5050 qua
2885 4981 2938 5033 in
2970 4987 3153 5033 monte
3200 4981 3477 5047 germina-

1900 5074 2066 5139 baut,
2111 5074 2243 5131 nihil
2289 5082 2468 5127 tamen
2518 5074 2642 5145 igne
2706 5075 3147 5130 consumebatur.
3200 5070 3476 5128 Tubarum

1901 5179 2116 5233 quoque
2149 5164 2366 5228 sonitus
2399 5164 2703 5235 gravissimi
2750 5164 3129 5229 audiebantur,
3158 5178 3472 5233 quanquam

1906 5254 2086 5310 nullus
2134 5256 2207 5311 ibi
2270 5271 2402 5310 usus
2461 5257 2942 5310 instrumentorum
2996 5264 3154 5318 erat,
3205 5269 3478 5323 nemoque

1898 5348 2168 5412 clamans,
2209 5348 2304 5403 sed
2358 5347 2451 5403 Dei
2507 5348 2882 5403 tantummodo
2922 5362 3086 5417 Opera
3132 5347 3249 5402 haec
3288 5347 3475 5401 omnia

1898 5438 2118 5493 ﬁebant.
2151 5437 2331 5506 Quare
2379 5438 2716 5508 exploratum
2764 5447 2880 5503 est,
2928 5438 3163 5491 divinam
3211 5436 3470 5505 hujusce-

1902 5530 2043 5585 modi
2073 5530 2237 5586 fuisse
2259 5532 2689 5595 descensionem,
2719 5528 2999 5598 Deumque
3017 5527 3222 5597 alisque
3244 5528 3355 5582 ullo
3376 5529 3475 5582 ad-

1900 5622 2159 5677 miniculo
2188 5637 2341 5677 suam
2374 5621 2685 5677 inonmibus
2699 5621 3001 5677 ostendisse
3022 5618 3470 5690 magnitudinem.

323 5726 344 5757 '
368 5724 497 5783 Luc.
526 5741 675 5793 mv,
701 5727 753 5783 4.
830 5728 875 5760 ⁸³
900 5728 1069 5788 Exod.
1110 5746 1194 5798 ut,
1218 5732 1270 5785 2.
1350 5732 1395 5765 ⁸³
1422 5732 1575 5790 Deut.
1616 5751 1688 5801 ιν,
1715 5734 1793 5789 2i.

1894 5735 1926 5767 ιδ
1969 5733 2135 5791 Exod.
2172 5751 2327 5801 um,
2359 5734 2446 5791 '21.
2523 5736 2567 5768 “
2599 5734 2741 5791 Psal.
2769 5749 2883 5799 cui,
2917 5733 2969 5787 4.
