4070 6304
670 346 764 404 007
1368 346 1454 402 EU
1463 345 1631 402 SEBII
1668 345 2135 402 CESARIENSIS
2169 343 2277 400 0P]

2242 343 2320 400 ’P.
2361 342 2540 398 PARS
2579 342 2739 398 ιν.-
2777 338 3192 398 ΒΟϐΜΑΤΙϐΑ.
3753 336 3849 390 ωε

749 701 1596 882 EUSEBII
1657 697 2371 882 OPEBA
2427 691 3754 880 DOGMATICA.

1575 1172 1776 1293 DE
1862 1166 2927 1296 THEOPHANIA.

1381 1403 1604 1476 (Angela
1638 1405 1762 1471 Μιι,
1799 1403 2121 1457 Bibliotheca
2159 1417 2288 1456 nova
2326 1401 2569 1469 Patrum,
2611 1402 2698 1468 ιν,
2739 1402 2842 1457 110
2879 1415 2932 1457 et
2969 1403 3111 1471 510.)

691 489 3836 527 w

1951 1701 2570 1795 MONITUM.

727 1924 878 1979 Inter
922 1933 1111 1978 caetera
1153 1919 1362 1978 Eusebii
1393 1919 1731 1975 Cresariensis
1763 1937 1919 1990 opera
1959 1921 2107 1974 divus
2147 1919 2514 1990 Hieronymus,
2547 1922 2626 1977 De
2658 1922 2790 1976 viris
2829 1923 2902 1976 ill.
2938 1939 3050 1991 cap.
3077 1923 3165 1988 81,
3197 1924 3361 1976 libros
3401 1923 3626 1992 quinque
3659 1922 3864 1990 Θεοφα-

653 2015 835 2083 νεζας,
881 2016 935 2070 id
976 2025 1051 2068 est
1105 2014 1175 2068 De
1215 2013 1302 2067 Dei
1351 2011 1813 2076 manifestatione,
1857 2013 2233 2064 nominauerat.
2268 2010 2399 2063 Item
2445 2012 2609 2082 Syrus
2657 2011 2943 2068 Ebediesus
2990 2014 3043 2068 in
3085 2024 3355 2067 auctorum
3401 2017 3665 2082 catalogo,
3716 2029 3863 2078 quem

657 2105 977 2162 Echellensis
1009 2109 1198 2178 primo,
1225 2107 1409 2160 deinde
1437 2106 1748 2159 Assemanus
1785 2106 2088 2170 ediderunt,
2136 2106 2270 2157 idem
2311 2103 2522 2158 Eusebii
2552 2122 2682 2175 Opus
2712 2115 3198 2160 commemorauerat
3235 2105 3304 2159 de~
3342 2102 3527 2158 Graeca
3555 2106 3626 2158 ad
3667 2104 3862 2173 Syria-

650 2214 765 2250 cam
817 2200 1050 2269 Knguam
1089 2197 1420 2250 translatum.
1467 2194 1638 2251 Gra'ci
1678 2198 1948 2265 originalis
1988 2196 2240 2263 deperditi
2288 2197 2466 2261 viginti
2507 2214 2598 2266 ego
2639 2197 2930 2265 fragmenta
2970 2199 3025 2250 in
3067 2195 3332 2250 Vaticanis
3373 2196 3637 2249 codicibus
3683 2197 3867 2248 obser—

652 2299 790 2351 vata,
817 2289 953 2342 inter
977 2285 1197 2341 Veteres
1223 2303 1358 2341 meos
1388 2287 1686 2353 Scriptores
1713 2296 1750 2338 t.
1778 2284 1828 2349 I,
1852 2287 1934 2339 ed.
1963 2302 2088 2349 sec.,
2115 2302 2250 2338 anno
2275 2286 2428 2350 1851,
2454 2295 2500 2338 et
2531 2296 2569 2340 t.
2609 2283 2771 2348 VIII,
2798 2303 2886 2339 an.
2913 2287 3068 2352 i853,
3093 2288 3499 2356 divulgaoeram.
3525 2288 3661 2342 Ecce
3692 2297 3864 2338 autem

652 2379 1002 2448 significatam
1036 2379 1180 2433 nobis
1215 2380 1277 2431 ab
1309 2378 1563 2432 Ebediesu
1601 2378 1876 2447 Syriacam
1920 2377 2201 2432 Eusebiani
2239 2379 2404 2445 operis
2445 2378 2864 2441 translationem,
2912 2379 3016 2430 duo
3047 2380 3278 2446 perdocti
3308 2391 3353 2431 et
3397 2380 3625 2432 illustres
3675 2389 3866 2433 nostra

651 2472 823 2524 (etatis
862 2470 1015 2540 Angli
1048 2486 1073 2524 e
1106 2470 1322 2522 tenebris
1367 2470 1585 2538 denique
1613 2479 1877 2534 eruerunt,
1907 2468 2154 2522 Tatamus
2186 2479 2335 2538 atque
2382 2467 2548 2530 Leus;
2582 2483 2801 2537 quorum
2845 2469 2934 2522 ille
2983 2485 3046 2522 ea:
3084 2467 3398 2538 Egyptiaco
3447 2470 3500 2523 in
3534 2469 3716 2523 Nitria
3756 2488 3867 2522 mo-

652 2562 880 2616 nasterio
919 2561 1153 2617 Stetensi
1189 2560 1416 2612 codicem
1457 2575 1591 2612 anno
1623 2559 1756 2615 1859
1802 2559 1855 2610 in
1889 2559 2128 2626 Angliam
2168 2559 2388 2620 detulit;
2430 2557 2562 2608 alter
2602 2567 2773 2608 autem
2823 2556 3098 2626 Syriacum
3137 2560 3273 2611 hunc
3316 2569 3509 2611 textum
3549 2577 3689 2613 anno
3731 2559 3869 2615 1842

652 2649 912 2716 Londini,
951 2657 997 2701 et
1046 2659 1286 2717 sequente
1332 2664 1468 2700 anno
1509 2647 1783 2716 Anglicam
1827 2647 2056 2715 ejusdem
2109 2647 2590 2712 interpretationem
2650 2643 3005 2716 Cantabrigite
3047 2664 3160 2700 cum
3215 2649 3437 2704 eruditis
3485 2651 3868 2719 prolegomenis

651 2743 962 2812 scholiisque
997 2743 1275 2811 impressit.
1299 2741 1366 2794 Et
1403 2741 1652 2810 Syriacus
1682 2742 1886 2811 quidem
1921 2751 2088 2794 textus
2125 2741 2355 2793 nondum
2381 2741 2448 2792 ad
2486 2756 2586 2805 me,
2627 2743 2764 2811 quod
2795 2743 2965 2808 doleo,
3008 2743 3265 2809 pervenit;
3305 2761 3420 2798 cum
3460 2757 3635 2799 tamen
3680 2748 3870 2815 Angli-

651 2854 765 2890 cum
805 2836 1068 2889 desinente
1106 2849 1242 2887 anno
1277 2832 1413 2888 1846
1441 2833 1702 2886 commode
1735 2833 1940 2885 demum
1987 2845 2168 2884 nactus
2207 2832 2420 2900 fuerim,
2459 2847 2673 2900 eumque
2722 2833 2952 2886 studiose
2992 2833 3223 2901 legerim,
3274 2837 3450 2888 statim
3490 2843 3706 2904 cognoui
3752 2841 3868 2906 fra-

651 2940 855 3000 gmenta
887 2928 1070 2984 Graca
1100 2945 1215 2997 qua:
1249 2945 1338 2996 ego
1364 2927 1554 2980 multos
1585 2937 1703 2980 ante
1732 2943 1897 2980 annos
1925 2927 2212 2991 edideram,
2249 2943 2426 2993 reapse
2459 2929 2526 2979 ad
2554 2926 2770 2980 Eusebii
2801 2926 3225 2996 Theopllaniam,
3256 2940 3406 2994 prout
3442 2932 3677 2993 ipsorum
3717 2933 3858 2986 tituli

651 3025 903 3090 ferebant,
941 3024 1195 3092 pertinere
1226 3024 1368 3090 (nam
1397 3022 1560 3074 sicubi
1596 3023 1794 3075 codices
1822 3023 1920 3073 mei
1953 3037 2068 3073 cum
2105 3020 2324 3089 Syriaco
2355 3038 2456 3074 non
2485 3022 2614 3074 satis
2645 3030 2962 3090 congruunt,
3003 3023 3054 3074 id
3093 3023 3200 3075 suis
3231 3023 3358 3076 locis
3389 3034 3565 3090 postea
3605 3026 3857 3097 dicetur).

655 3117 760 3174 Sed
794 3128 842 3171 et
889 3118 1096 3186 insuper
1131 3117 1386 3183 comperi,
1421 3115 1711 3183 fragmenta
1755 3115 1892 3183 alia,
1932 3133 2021 3168 nec
2051 3116 2221 3168 brevia
2265 3132 2354 3168 nec
2392 3115 2717 3184 pmnitenda,
2757 3131 2872 3184 qua:
2905 3130 2996 3182 ego
3034 3115 3085 3167 in
3145 3113 3412 3169 Vaticanis
3454 3127 3763 3170 catenarum
3793 3120 3861 3170 ad

656 3211 853 3266 Lucam
896 3211 1159 3266 codicibus
1200 3211 1292 3264 sub
1339 3209 1552 3263 Eusebii
1596 3219 1795 3261 tantum
1850 3210 2053 3262 nomine
2098 3225 2432 3275 aspexeram,
2477 3209 2694 3277 ideoque
2739 3218 2985 3276 tanquam
3027 3207 3312 3261 Eusebiani
3355 3209 3423 3262 ad
3472 3208 3669 3263 Lucam
3723 3227 3866 3264 com-

653 3305 896 3358 mentarii
934 3313 1194 3373 segmenta
1226 3306 1281 3356 in
1319 3304 1564 3372 praedicto
1597 3302 1794 3371 Script.
1816 3312 1923 3357 vel.
1954 3313 2092 3356 tomo
2125 3305 2289 3371 primo
2323 3313 2681 3367 attexueram;
2707 3302 2955 3369 comperi,
2994 3305 3228 3370 inquam,
3271 3304 3382 3356 haec
3421 3320 3626 3373 quoque
3669 3292 3867 3374 partim

653 3415 716 3453 ex
745 3399 1086 3466 Theophania
1131 3398 1293 3466 fuisse
1330 3399 1582 3464 detracta,
1619 3398 1673 3451 id
1711 3398 1850 3467 quod
1894 3396 2140 3467 Syriacus
2193 3409 2362 3452 textus
2403 3397 2479 3451 vel
2529 3397 2698 3466 potius
2743 3395 3065 3464 Anglicanus
3109 3413 3188 3449 me
3239 3398 3408 3450 docet.
3450 3395 3582 3462 Qua:
3616 3415 3699 3452 res
3749 3415 3868 3451 cum

653 3507 733 3546 me
767 3507 1073 3561 magnopere
1114 3492 1497 3558 delectavisset,
1535 3493 1776 3544 constitui
1823 3494 2062 3560 protinus
2105 3491 2288 3546 (ἔπεσα
2333 3492 2511 3545 omnia
2544 3490 2908 3560 Theophania:
2951 3506 2983 3543 a
3020 3507 3100 3544 me
3140 3493 3262 3544 olim
3321 3493 3519 3546 detecta
3568 3493 3866 3562 fragmenta

653 3599 788 3636 nunc
828 3599 1156 3652 congregare.
1190 3582 1376 3636 Latina
1405 3585 1558 3636 etiam
1590 3584 1780 3652 facere,
1809 3594 1962 3652 atque
1995 3595 2049 3636 ut
2084 3583 2324 3636 monebat
2364 3583 2598 3650 impressi
2627 3583 2846 3650 Anglice
2890 3582 3058 3650 operis
3087 3582 3276 3647 series,
3320 3583 3448 3636 locis
3481 3586 3722 3654 quodque
3757 3588 3867 3638 suis

650 3676 923 3731 collocare.
948 3675 1086 3729 Nam
1128 3675 1495 3730 Vaticanarum
1533 3687 1832 3747 catenarum
1862 3686 2098 3731 auctores
2130 3673 2343 3730 Eusebii
2383 3675 2782 3744 Theophaniam
2813 3685 2959 3728 eastra
3008 3675 3125 3728 libri
3172 3677 3404 3729 ordinem
3434 3691 3528 3744 pro
3568 3693 3665 3730 suo
3713 3678 3863 3730 libita

651 3777 1032 3834 excerpserunt,
1067 3770 1141 3821 uel
1181 3770 1350 3837 potius
1383 3777 1534 3836 prout
1578 3768 1904 3837 euangelica,
1939 3784 2094 3835 quam
2139 3769 2238 3834 ipsi
2282 3769 2647 3836 sequebantur,
2681 3765 2912 3820 historia
2951 3781 3133 3820 cursus
3178 3767 3440 3835 poscebat.
3477 3767 3736 3835 Exemplo
3796 3771 3879 3824 sit.

655 3860 886 3911 narratio
914 3859 977 3912 de
1004 3859 1196 3912 Christi
1229 3859 1440 3912 Domini
1473 3867 1658 3923 morte,
1697 3874 1852 3927 quam
1884 3855 2138 3911 Eusebius
2161 3857 2307 3925 [libro
2356 3858 2508 3909 tertio
2545 3855 2712 3908 medio
2755 3859 2960 3922 scribit,
3005 3857 3218 3911 Nicetas
3260 3865 3468 3919 autem,
3515 3858 3732 3929 uniusge
3777 3879 3865 3916 ca-

654 3951 789 4003 tenis
836 3959 1042 4013 auctor,
1088 3951 1179 4002 sub
1215 3950 1368 4017 ﬁnem
1406 3966 1513 4003 suae
1564 3950 1941 4002 lucubrationis
1970 3958 2024 4001 ut
2069 3963 2164 4016 par
2209 3957 2321 4002 erat
2354 3948 2558 4016 posuit,
2605 3964 2781 4014 nempe
2814 3951 2868 4002 in
2910 3951 3103 4018 pagina
3145 3948 3340 4001 codicis
3389 3953 3747 4005 trecentesimo
3783 3971 3866 4007 sev

583 4086 604 4107 ,
653 4046 842 4109 ptimo,
883 4056 999 4108 qua:
1035 4056 1066 4091 a
1103 4039 1204 4107 ﬁne
1235 4042 1314 4093 sui
1353 4040 1628 4094 uoluminis
1670 4055 1851 4107 parum
1890 4039 2050 4091 abest.
2100 4036 2298 4093 Nicetce
2333 4039 2560 4092 codicem
2615 4040 2730 4094 Vat.
2763 4041 2889 4096 1611
2936 4041 3108 4093 littera
3137 4039 3182 4091 Α
3220 4039 3452 4109 designo.
3479 4038 3714 4095 Macarii
3748 4059 3859 4097 vero

653 4133 1087 4204 Chrysocephali,
1131 4134 1346 4186 diversa:
1395 4143 1590 4185 catenae
1642 4133 1900 4198 auctoris,
1947 4132 2033 4200 qui
2077 4131 2199 4184 item
2239 4131 2640 4199 Theoplianiam
2683 4133 2990 4186 nominatim
3045 4131 3333 4198 aliquando
3367 4132 3594 4198 expilat,
3633 4135 3860 4188 codicem

663 4220 780 4277 Vat.
821 4222 960 4278 1610
989 4223 1174 4276 denoto
1209 4223 1386 4276 littera
1427 4222 1487 4276 E.
1513 4222 1659 4300 alias
1701 4224 1905 4276 demum
1937 4231 2145 4274 catenas
2184 4223 2336 4284 duas,
2380 4220 2496 4275 Vat.
2539 4219 2657 4276 Pal.
2694 4222 2812 4276 Vat.
2849 4223 2918 4276 20
2951 4232 2998 4277 et
3031 4221 3208 4276 Ottob.
3248 4220 3369 4276 Vat.
3414 4223 3534 4285 100,
3568 4240 3688 4292 qui:
3732 4227 3856 4279 mihi

652 4314 932 4384 symbolam
971 4315 1377 4384 fragmentorum
1413 4315 1593 4368 horum
1626 4315 1982 4382 contulerunt,
2013 4316 2199 4369 litteris
2231 4316 2271 4369 Β
2295 4326 2343 4368 et
2371 4315 2410 4369 L
2439 4318 2752 4371 demonstro.
2799 4317 3020 4371 Unicum
3067 4316 3287 4386 denique
3328 4317 3554 4384 primum
3597 4317 3862 4387 fragmen-

653 4421 762 4462 tum
801 4426 864 4462 επ
890 4411 1040 4462 codd.
1081 4409 1458 4463 Mediolanensi
1493 4423 1538 4464 et
1584 4410 1856 4465 Parisiaco
1888 4413 2043 4466 simul
2082 4414 2276 4483 adfuit.
2317 4411 2468 4465 Hanc
2499 4414 2668 4483 itaque
2705 4413 3004 4468 Grcecorum
3051 4412 3398 4481 TheOphania:
3442 4411 3858 4482 [ragmentorum

655 4505 1001 4568 tempestivam
1027 4505 1198 4557 hercle
1233 4505 1508 4558 editionem
1548 4523 1680 4559 nunc
1702 4523 1856 4572 curo,
1886 4517 1994 4561 tum
2034 4518 2090 4560 ut
2125 4507 2338 4560 Eusebii
2369 4510 2594 4562 nativum
2624 4516 2842 4572 textum,
2877 4517 3129 4574 quantum
3172 4508 3255 4576 fas
3283 4515 3382 4569 est,
3428 4513 3491 4562 ab
3524 4512 3742 4564 interitu
3781 4527 3860 4564 re-

655 4608 854 4656 uocem;
878 4604 989 4645 tum
1017 4604 1068 4646 ut
1108 4593 1268 4663 Syrus
1305 4596 1559 4662 interpres
1601 4597 1764 4650 sicubi
1801 4608 2020 4651 mentem
2055 4599 2285 4651 auctoris
2325 4614 2426 4650 non
2458 4598 2539 4651 es?
2572 4609 2838 4652 assecutus
2874 4599 3028 4665 (quod
3055 4598 3104 4651 ei
3145 4601 3425 4654 identidem
3467 4601 3726 4654 accidisse
3750 4601 3860 4654 sine

657 4681 812 4733 dubio
859 4682 1367 4753 animadvertimus),
1417 4685 1712 4739 authentico
1755 4689 2062 4738 documento
2107 4686 2424 4739 emendetur.
2465 4684 2578 4740 Nec
2624 4703 2750 4739 sane
2797 4687 2975 4738 dubito
3022 4686 3148 4754 quin
3199 4687 3629 4781 opellam‘meam
3684 4691 3763 4744 uir
3791 4690 3856 4743 cl-

656 4775 791 4831 Leus
820 4776 940 4830 boni
969 4778 1232 4844 consulat,
1275 4795 1451 4848 meque
1492 4781 1540 4832 ei
1578 4795 1885 4848 magnOpere
1932 4781 2123 4849 favere,
2165 4789 2360 4833 certum
2402 4780 2606 4834 habeat.
2648 4779 2777 4834 ﬂare
2819 4782 3061 4845 interim;
3099 4798 3317 4850 namque
3360 4794 3408 4836 et
3433 4775 3586 4836 'alios
3625 4796 3739 4836 tum
3770 4785 3860 4837 abs

657 4865 782 4929 Leo,
834 4875 943 4919 tum
985 4869 1048 4920 ab
1084 4868 1314 4937 ejusdem
1365 4870 1546 4939 gloria:
1585 4872 1725 4924 socio
1766 4871 1832 4926 cl.
1874 4871 1963 4927 W.
2002 4871 2280 4936 Curetono,
2316 4888 2493 4926 sacros
2536 4883 2812 4938 auctores,
2855 4873 3140 4940 prwsertim
3191 4891 3434 4944 magnum
3470 4875 3858 4943 Athanasium,

657 4957 904 5027 Cyrillum
949 4971 1103 5028 atque
1149 4963 1536 5032 Ephramium,
1573 4976 1957 5034 exspectamus;
1986 4985 2113 5039 quos
2144 4984 2277 5022 nunc
2325 4969 2531 5038 quidem
2571 4969 2776 5039 cupidis
2824 4971 2952 5024 uotis
2993 4973 3308 5039 expetimus;
3338 4971 3516 5024 statim
3558 4987 3620 5024 ac
3654 4987 3772 5026 vero
3805 4972 3858 5025 in

658 5061 979 5121 conspectum
1015 5055 1263 5124 uenerint,
1294 5060 1730 5116 exosculabimur.
