4070 6304
645 362 747 426 Hi

1339 365 1600 426 susum
1637 349 2107 420 CESARIENSIS
2144 357 2295 416 opp.
2333 345 2510 412 PARS
2547 355 2635 411 tv.
2676 389 2744 402 _
2780 351 3193 411 uocantes.

3759 351 3855 408 Si!

650 486 768 538 sine
816 483 1015 554 ingenti
1049 484 1298 554 prodigio
1334 486 1453 547 fuit,
1487 487 1726 550 nihilque
1756 495 2042 536 commune
2075 494 2190 536 cum

2296 475 2538 545 λόγηται,
2587 473 2776 528 πολλοῦ
2831 473 3044 544 μετέχει
3096 471 3190 524 τοῦ
3232 469 3530 539 θαύματος,
3579 469 3641 521 οὗ
3693 469 3856 534 κοινὸς

649 572 870 641 reliquis
898 573 1105 639 habuit.
1148 574 1329 642 Neque
1374 576 1516 624 enim
1550 575 1738 627 inorbo
1777 576 2076 627 exstinctus
2115 580 2197 626 est

648 665 914 726 Christus,
940 673 1033 716 aut
1065 665 1271 729 laqueo,
1299 675 1389 716 aut
1416 667 1556 732 igne,
1583 680 1753 731 neque
1785 664 1837 716 in
1874 666 1988 728 ipso
2020 665 2197 717 erucis

647 765 850 820 tropa-0
881 769 1033 822 eque
1060 769 1121 806 ac
1138 754 1314 807 exteri
1349 755 1574 806 maleﬁci
1607 757 1747 807 ferro
1778 756 2019 807 succisus
2047 755 2145 805 fuit
2176 769 2191 816 ;

646 857 822 910 neque
856 845 950 898 abs
993 845 1178 923 quovis
1210 844 1426 898 homine
1471 835 1806 898 mortiferum
1841 845 2038 913 aliquid
2076 860 2198 912 pas:-

646 950 760 996 ωδ,
792 937 1073 989 violentam
1104 936 1358 988 sustinuit
1387 951 1567 988 necem
1597 954 1610 1001 ;
1654 937 1746 990 sed
1796 947 1918 989 tunc
1965 946 2197 988 tantum—

647 1029 807 1080 modo
830 1041 950 1081 cum
991 1027 1103 1093 ipse
1134 1037 1325 1092 sponte
1348 1037 1605 1094 organum
1638 1034 1792 1078 suum
1820 1025 2058 1080 inimicis
2090 1038 2196 1080 tra-

645 1117 817 1179 didit;
850 1130 1079 1182 moxque
1116 1115 1242 1168 illud
1291 1118 1356 1169 de
1399 1129 1540 1168 terra
1572 1116 1875 1169 suscitavit.
1909 1116 2117 1183 Quippe
2150 1119 2195 1171 is

647 1208 820 1259 valide
867 1206 1176 1259 exclamans
1201 1247 1216 1270 ,
1259 1205 1515 1274 Patrique
1544 1208 1790 1274 spiritum
1817 1209 2196 1262 commendare

647 1312 706 1350 se
732 1298 933 1358 dicens,
963 1297 1076 1363 ipse
1108 1307 1278 1350 semet
1315 1297 1586 1349 dimittens
1623 1313 1849 1365 corpore
1880 1314 1977 1352 suo
2004 1315 2193 1352 exces-

643 1386 737 1437 sit.
771 1384 890 1437 Ideo
919 1387 1078 1436 etiam
1116 1395 1237 1436 ante
1274 1397 1523 1450 mortem,
1559 1385 1914 1441 familiaribus
1948 1391 2060 1442 suis
2095 1390 2194 1442 hoc

646 1474 1043 1542 signiﬁcaverat
1071 1477 1253 1529 dicens
1286 1490 1300 1528 :
1331 1475 1498 1529 Nemo
1535 1479 1668 1529 tollit
1698 1481 1925 1530 animam
1960 1497 2125 1532 meam
2162 1499 2194 1532 α

644 1581 745 1626 me,
799 1566 885 1616 sed
934 1582 1023 1632 ego
1075 1566 1282 1632 ipsemet
1318 1582 1431 1618 eam
1464 1583 1598 1631 pono
1628 1584 1644 1619 :
1676 1579 1980 1636 potestatem
2036 1571 2194 1622 Imbeo

647 1659 869 1722 ponendi
897 1673 1009 1710 eant
1034 1697 1048 1721 ,
1092 1668 1136 1710 et
1168 1669 1470 1726 potestatem
1501 1661 1665 1714 habeo
1714 1664 1904 1716 iterum
1957 1665 2193 1716 sumendi

643 1762 757 1800 eant
790 1748 853 1799 ⁸⁷.

714 1925 850 1991 Quid
879 1941 1009 1994 ergo
1037 1936 1157 1994 post
1184 1927 1294 1982 haec
1312 1927 1420 1994 jam
1448 1939 1693 1996 superest
1713 1970 1728 1993 ,
1775 1933 1878 1985 nisi
1911 1933 2083 2001 ipsum
2113 1943 2193 1986 to-

645 2009 752 2067 tius
794 2015 866 2066 rei
899 2026 1078 2080 caput.
1109 2031 1398 2083 quamnam
1423 2033 1642 2071 causam
1671 2021 1938 2085 habuerit,
1971 2037 2192 2074 enarra-

643 2119 704 2158 re
730 2105 752 2156 ?
775 2105 1168 2174 fatnigeratum,
1209 2107 1445 2174 inquam,
1478 2110 1599 2162 vitae
1629 2110 1809 2172 ﬂuent,
1846 2122 1901 2164 et
1931 2113 2192 2179 passionis

642 2200 859 2249 modum
887 2214 902 2259 ;
949 2212 1154 2251 necnon
1185 2211 1305 2266 post
1332 2215 1516 2252 necem
1549 2240 1561 2261 ,
1599 2203 2014 2254 resurrectionis
2047 2203 2193 2272 ejus-

641 2289 759 2341 dem
808 2291 1006 2356 grande
1056 2290 1396 2346 miraculum.
1441 2292 1715 2359 Siquidem
1749 2294 1912 2363 igitur
1938 2296 2044 2349 alio
2097 2296 2194 2349 ali-

640 2393 745 2446 quo
780 2379 954 2440 modo,
991 2392 1110 2446 post
1140 2396 1288 2434 suam
1320 2397 1440 2435 cum
1483 2384 1790 2438 hominibus
1816 2388 2191 2440 conversatio-

641 2481 784 2531 nem,
814 2479 1030 2535 repente
1061 2469 1343 2523 invisibilis
1373 2472 1591 2525 abiisset
1611 2511 1626 2534 ,
1664 2486 1833 2535 semet
1861 2476 1974 2542 ipse
2010 2492 2192 2529 suum-

642 2573 746 2626 que
774 2574 1088 2626 eorporeum
1125 2560 1465 2613 simulacrum
1494 2562 1629 2615 clam
1667 2565 1988 2619 subtrahens
2013 2607 2026 2627 .
2069 2566 2191 2636 fuga

642 2659 870 2700 mortem
911 2650 1079 2701 vitare
1115 2662 1398 2719 satagens;
1427 2662 1483 2706 et
1515 2654 1708 2706 deinde
1756 2656 1869 2722 ipse
1905 2659 2190 2711 mortalem

640 2746 849 2804 partem
882 2753 1030 2792 suam
1083 2742 1381 2809 corruptela
1430 2751 1485 2796 et
1533 2745 1892 2799 destructione
1941 2763 2194 2802 consum-

639 2826 859 2893 psisset,
879 2842 937 2878 ea
971 2841 1054 2880 res
1087 2843 1182 2896 par
1202 2830 1564 2895 phantasmati
1588 2835 1840 2888 oumibus
1868 2837 1979 2888 visa
2010 2849 2188 2905 esset;

639 2928 812 2991 neque
859 2931 956 2983 pro
982 2931 1074 2969 sua
1105 2918 1364 2986 dignitate
1393 2921 1610 2989 egisset,
1663 2929 1751 2990 qul
1796 2935 1914 2978 erat
1939 2927 2030 2980 Dei
2060 2927 2182 2981 Ver-

639 3002 766 3056 bum
805 3005 983 3058 vivens
1039 3017 1197 3073 atque
1253 3007 1455 3072 virtus;
1515 3025 1689 3078 neque
1739 3015 1998 3069 rescitum
2048 3029 2190 3072 esset

2298 571 2409 629 τοῖς
2451 566 2657 629 λοιποῖς
2700 565 3080 635 γεγενημένοςο
3119 565 3179 615 οὐ
3221 563 3331 634 γὰρ
3370 563 3508 632 νόσῳ
3547 560 3856 631 διαφθαρεὶς

2300 658 2422 710 οὐδὲ
2462 656 2658 727 βρόχῳ,
2684 656 2804 708 οὐδὲ
2835 656 2986 727 πυρὶ,
3034 653 3154 706 οὐδὲ
3203 654 3308 722 μὴν
3350 651 3466 704 κατ’
3510 651 3646 704 αὐτὸ
3674 650 3733 702 τὸ
3767 651 3855 704 τοῦ

2298 747 2531 817 σταυροῦ
2581 745 2869 816 τρόπαιον“
2887 745 3085 815 ὁμοίως
3135 747 3247 806 τοῖς
3289 745 3490 806 λοιποῖς
3538 742 3858 812 κακούργοις

2296 839 2623 908 ὑποτμηθεὶς
2659 837 2881 908 σιδήρῳ,
2914 837 3021 888 οὐδ’
3059 836 3192 898 ὅλως
3221 837 3358 906 πρός
3386 853 3529 898 τινος
3564 833 3857 906 ἀνθρώπων

2298 930 2486 984 παθών
2527 947 2579 982 τι
2616 927 2723 980 τῶν
2761 929 3006 997 ἀναιρεῖν
3043 926 3331 988 εἰωθότων,
3372 927 3552 996 βιαίαν
3606 928 3858 996 ὑπέμεινε

2296 1023 2565 1090 τελευτήψ
2617 1019 2730 1072 ἀλλ’
2765 1020 2839 1082 ὡς
2882 1017 3041 1082 αὐτὸς
3090 1020 3246 1088 μόνον
3289 1018 3428 1071 ἑκὼν
3471 1019 3757 1090 παρεδίδου
3799 1019 3860 1071 τὸ

2298 1109 2460 1160 αὐτοῦ
2504 1109 2726 1177 ὄργανον
2764 1109 2876 1169 τοῖς
2910 1106 3348 1159 ἐπιϐουλεύουσι·
3384 1106 3446 1158 τὸ
3480 1109 3581 1175 μὲν
3622 1107 3731 1159 ἀπὸ
3761 1108 3860 1177 γῆς

2296 1197 2598 1267 ἀνωρθοῦτο
2627 1197 2838 1259 αὐτίκα·
2865 1199 2894 1249 ό
2915 1197 2975 1249 δέ
3003 1200 3252 1268 φωνήσας
3280 1198 3441 1266 μέγα,
3473 1200 3567 1250 καὶ
3590 1199 3671 1267 τῷ
3693 1199 3863 1268 Πατρὶ

2296 1281 2356 1338 τὸ
2398 1287 2609 1355 πνεῦμα
2654 1286 3047 1356 παρατίθεσθαι
3088 1286 3277 1348 είπὼν,
3326 1286 3524 1354 ἄφετος
3567 1288 3731 1349 αὐτὸς
3770 1289 3859 1355 ἀφ’

2298 1378 2488 1430 ἑαυτοῦ
2517 1379 2614 1447 τὴν
2640 1381 2702 1430 ἐκ
2730 1377 2823 1428 τοῦ
2856 1378 3116 1447 σώματος.
3130 1378 3470 1448 ἀναχώρησιν
3500 1381 3756 1430 ἐποιεῖτο’
3784 1378 3864 1431 διὸ

2295 1474 2357 1541 δὴ
2387 1476 2490 1542 πρὸ
2521 1475 2612 1526 τοῦ
2651 1475 2880 1528 θανάτου
2910 1478 3020 1537 τοῖς
3048 1474 3207 1526 αὑτοῦ
3231 1475 3522 1544 γνωρίμοις
3551 1473 3713 1527 τοῦτο
3735 1475 3865 1526 αὑτδ

2297 1567 2577 1635 παρεδίδου
2612 1567 2875 1619 διδάσκων
2922 1568 3015 1619 καὶ
3058 1565 3248 1632 λέγων·
3301 1565 3508 1630 Οὐδεὶς
3558 1566 3714 1632 αἶρε-ι
3752 1564 3866 1630 τὴν

2295 1657 2504 1725 ψυχήν
2526 1677 2645 1725 μου
2672 1661 2771 1712 ἀπ’
2801 1657 2967 1726 ἐμοῦ,
3005 1660 3142 1712 ἀλλ’
3168 1658 3282 1726 ἐγὼ
3311 1660 3506 1724 τίθημι
3540 1658 3739 1722 αὐτὴν
3763 1659 3863 1710 ἀπ’

2296 1748 2572 1810 ἐμαυτοῦο
2605 1749 2893 1812 ἐξουσίαν
2928 1751 3044 1821 ἕχῳ
3069 1749 3253 1802 θεῖναι
3295 1747 3508 1814 αὐτὴν,
3541 1749 3640 1801 καί
3682 1749 3867 1802 πάλιν

2292 1841 2580 1904 ἐξουσίαν
2602 1843 2718 1909 ἔχω
2749 1841 2955 1895 λαϐεῖν
2979 1841 3190 1905 αὐτήν.

2364 1934 2440 2003 (7)
2484 1934 2546 1985 Τί
2576 1931 2667 1987 οὖν
2692 1935 2783 1986 ἐπὶ
2824 1935 3031 1998 τούτοις
3069 1934 3334 1996 λείπεται,
3362 1934 3395 2004 ἢ
3422 1934 3554 1986 αὐτὸ
3581 1933 3646 2003 δὴ
3678 1933 3738 1985 τὺ
3770 1931 3865 1986 τοῦ

2295 2024 2492 2087 παντὸς
2553 2026 2844 2093 κεφάλαιον
2901 2027 3089 2078 ὁποίαν
3149 2025 3306 2095 ἔσχεν
3349 2027 3526 2078 αἰτίαν
3593 2025 3866 2088 ἐξειπεῖν;

2293 2115 2434 2182 λέγω
2475 2116 2529 2168 δὲ
2563 2116 2623 2167 τὸ
2662 2116 3092 2186 πολυθρύλλητον
3131 2116 3224 2168 τοῦ
3266 2116 3381 2184 βίου
3423 2116 3593 2177 τέλος,
3637 2117 3732 2168 καὶ
3770 2113 3866 2167 τοῦ

2296 2209 2497 2271 πάθους
2529 2209 2617 2261 τὸν
2660 2209 2882 2278 τρόπον,
2918 2209 3132 2279 καὶτῆς
3165 2209 3303 2279 μετὰ
3337 2209 3426 2260 τὸν
3468 2207 3699 2260 θάνατον
3734 2209 3869 2261 ἁνα-

2295 2298 2530 2360 διὼσεως
2555 2298 2719 2351 αὑτοῦ
2743 2299 2803 2350 τὸ
2826 2299 2967 2368 μέγα
2991 2298 3191 2367 θαῦμα.
3219 2299 3279 2350 El
3305 2299 3402 2368 μὲν
3425 2293 3516 2351 οὖν
3543 2297 3720 2358 ἄλλως
3749 2317 3870 2363 πως

2299 2388 2434 2458 μετὰ
2468 2389 2564 2452 τάς
2608 2391 2666 2440 ἐν
2709 2388 3014 2459 ἀνθρώποις
3053 2388 3332 2458 διατριϐὰς
3368 2390 3578 2458 ἀφανὴς
3625 2389 3872 2457 γεγονὼς

2295 2480 2547 2549 ἐξαίφνης
2589 2479 2827 2551 άπέπ-ι-η,
2870 2481 3178 2550 ὑποκλέψας
3230 2480 3402 2552 λάθρα
3439 2481 3628 2534 ἐαυτὸν
3671 2483 3767 2534 καὶ
3807 2481 3872 2536 τδ

2293 2572 2488 2622 οἰκεῖον
2512 2571 2755 2639 άγαλμα,
2791 2574 2934 2640 φυγῇ
2977 2573 3068 2624 τὸν
3107 2571 3332 2624 θάνατον
3374 2571 3652 2642 διαδράναι
3701 2589 3872 2625 σπου-

2293 2662 2480 2726 δάσας,
2501 2662 2735 2715 κᾶπειτά
2764 2680 2864 2715 που
2890 2664 2950 2716 τὸ
2973 2663 3162 2734 θνητὸν
3189 2664 3348 2728 αὐτὸς
3371 2665 3437 2718 δι’
3459 2663 3655 2717 ἑαυτοῦ
3686 2664 3873 2735 φθορᾷ

2295 2756 2387 2806 καί
2414 2754 2657 2824 ἀπωλείᾳ
2679 2755 3002 2824 συνεψήσας,
3027 2755 3269 2823 φάσματι
3293 2755 3359 2808 ἂν
3381 2755 3539 2823 ἐῴκει
3566 2757 3680 2816 τοῖς
3706 2758 3867 2808 πᾶσιο

2295 2847 2387 2899 καὶ
2416 2847 2515 2898 οὐκ
2539 2845 2605 2898 ἂν
2627 2846 2785 2907 αὐτὸς
2811 2845 2958 2915 αὐτῷ
2979 2845 3047 2898 τὰ
3071 2847 3350 2916 πρέποντα
3375 2846 3726 2918 διεπράξατο,
3753 2846 3870 2911 ζῶν

2297 2938 2393 3005 μὲν
2421 2938 2697 3005 τυγχάνων
2723 2937 2816 2987 καὶ
2847 2934 2982 2988 Θεοῦ
3014 2936 3184 3003 Λόγος
3223 2936 3315 2988 καὶ
3349 2935 3600 3006 δύναμις,
3639 2935 3758 2988 οὔτ’
3797 2938 3872 2991 ἄν

2293 3027 2536 3097 ἐγνώσθη
2557 3029 2663 3096 ὅπη
2688 3027 2816 3079 ποτὲ
2835 3027 3042 3097 ὑπῆρχε
3064 3027 3335 3096 χωρήσας,
3355 3025 3466 3078 οὔτ’
3491 3027 3555 3078 ἂν
3581 3025 3871 3100 ἐπιστὼθη

639 3110 875 3160 quonam
911 3099 1267 3161 excessisset;
1323 3115 1495 3166 neque
1541 3103 1590 3154 id
1643 3106 1906 3158 creditum
1943 3118 2085 3162 esset
2121 3110 2188 3162 ab

2294 3120 2402 3179 τοῖς
2458 3118 2532 3189 μὴ
2574 3117 2980 3188 παρειληφόσιν,
3022 3114 3134 3168 οὔτ’
3181 3116 3246 3168 ἂν
3284 3115 3513 3169 θανάτου
3551 3116 3650 3188 τὴν
3695 3115 3872 3186 φύσιν
3929 3122 3931 3124 ’

643 3189 751 3242 illis
778 3193 972 3257 quibus
1005 3192 1360 3258 signiﬁcatum
1399 3209 1502 3246 non
1531 3193 1718 3246 luisset
1752 3213 1766 3259 ;
1817 3211 1987 3263 neque
2031 3208 2184 3252 natu-

643 3279 831 3332 raliter
860 3291 1030 3334 morte
1058 3283 1247 3336 fortior
1292 3285 1662 3352 apparuisset;
1704 3299 1876 3352 neque
1921 3288 2189 3354 propriam

644 3381 898 3422 naturain
928 3387 957 3422 a
993 3373 1328 3426 mortalitate
1360 3375 1730 3438 liberavisset;
1776 3389 1946 3442 neque
1991 3391 2052 3429 ea
2105 3393 2190 3432 res

639 3461 837 3511 totoab
874 3460 1177 3514 hominibus
1210 3462 1450 3514 habitata
1480 3461 1610 3513 orbe
1631 3463 1878 3514 exaudita
1898 3474 2080 3528 esset;
2107 3479 2192 3516 ne-

639 3564 746 3616 que
764 3549 1041 3617 discipulis
1069 3551 1181 3602 suis
1207 3553 1394 3604 mortis
1418 3562 1780 3618 contemptum
1797 3557 2188 3621 persuasisset;

642 3652 816 3703 neque
843 3637 1130 3705 magisterii
1163 3638 1246 3690 sui
1280 3639 1510 3692 alumnis
1539 3641 1656 3693 vita:
1677 3653 1790 3709 post
1819 3641 2020 3695 obituut
2050 3644 2190 3711 apud

639 3726 809 3779 Deum
866 3729 1080 3796 agend:e
1114 3742 1259 3794 spem
1308 3727 1590 3782 obtulisset
1623 3747 1638 3793 ;
1675 3745 1845 3797 neque
1880 3746 2190 3785 sermonum

641 3833 858 3872 suorum
891 3821 1151 3886 promissa
1186 3817 1618 3888 adimplevisset;
1654 3837 1828 3889 neque
1863 3825 2191 3892 prepheticis

644 3911 710 3962 de
762 3924 819 3962 se
855 3910 1289 3976 prtedietiouibus
1333 3895 1624 3978 ροηδε-αυιῆ
1669 3915 1871 3966 exitum
1910 3917 2191 3981 przestitis-

643 4011 758 4063 set;
791 4013 960 4066 neque
990 4013 1316 4066 postremum
1342 4003 1580 4054 omnium
1625 4003 1928 4057 conﬂictum
1955 4044 1971 4069 ,
2001 4007 2188 4061 videli-

643 4099 730 4142 cet
753 4089 1011 4144 adversus
1042 4104 1289 4157 mortem,
1321 4095 1725 4147 decertavisset.

693 4181 938 4250 {Propter
993 4184 1104 4238 baze
1169 4187 1388 4240 omnia.
1444 4189 1566 4255 quia
1629 4203 1848 4257 prorsus
1907 4192 2190 4258 oportebat

639 4272 866 4325 mortale
893 4288 1190 4340 organum,
1225 4287 1342 4342 post
1370 4277 1642 4330 salliciens
1690 4279 2044 4333 ministerium
2083 4283 2189 4336 Deo

644 4358 817 4414 Verbo
844 4363 1164 4423 exhibituui.
1187 4375 1344 4416 tinem
1380 4366 1487 4418 Deo
1503 4368 1718 4434 dignum
1749 4373 2010 4436 nancisci,
2043 4374 2183 4435 ideo,

2295 3209 2467 3278 ἐφάνη
2497 3208 2778 3278 κρείττων,
2806 3206 2918 3259 οὔτ’
2945 3206 3010 3259 ἂν
3045 3206 3106 3258 τὸ
3131 3206 3322 3274 θνητὸν
3343 3208 3442 3276 τῆς
3477 3208 3682 3269 οίκείας
3708 3207 3875 3275 ἠλευ-

2295 3299 2454 3370 θέρου
2482 3299 2712 3368 φύσεως,
2742 3298 2858 3351 οὒτ’
2903 3298 2968 3352 ἂν
3001 3299 3120 3351 καθ’
3157 3299 3283 3368 ὅλης
3322 3301 3418 3368 τῆς
3450 3297 3751 3368 ἀνθρώπων
3783 3300 3871 3351 οἱ·

2294 3391 2562 3460 κουμένης
2583 3390 2843 3458 ἠκούσθη,
2865 3389 2975 3442 οὔτ’
2999 3389 3064 3441 ἂν
3097 3389 3327 3441 θανάτου
3354 3392 3708 3460 καταφρονεῖν
3733 3391 3871 3453 τοὺς

2293 3482 2456 3534 αὑτοῦ
2495 3482 2738 3552 μαθητὰς
2771 3482 3006 3544 ἔπεισεν,
3056 3479 3165 3533 οὔτ’
3218 3480 3282 3532 ἂν
3315 3481 3409 3550 τῆς
3459 3481 3595 3548 μετὰ
3629 3479 3871 3536 θάνατον

2298 3571 2444 3641 παρὰ
2471 3571 2588 3640 Θεῷ
2621 3569 2764 3642 ζωῆς
2794 3574 2903 3633 τοῖς
2937 3570 3032 3641 τὴν
3061 3571 3225 3624 αὐτοῦ
3253 3570 3594 3623 διδασκαλίαν
3639 3573 3870 3640 μετιοῦ-

2299 3679 2380 3715 σιν
2407 3661 2637 3734 [ἐλπίδα]
2682 3664 3077 3734 παρεστήσατο,
3111 3661 3222 3714 οὔτ’
3250 3662 3315 3714 ἂν
3348 3662 3456 3714 τῶν
3493 3663 3654 3716 αὐτοῦ
3685 3662 3871 3730 λόγων

2295 3755 2392 3817 τὰς
2432 3755 2758 3821 ἐπαγγελίας
2789 3754 3046 3824 ἐπλήρου,
3077 3753 3186 3806 οῠτ⁹
3230 3755 3296 3806 ἂν
3334 3756 3451 3818 ταῖς
3494 3759 3868 3824 προφητικαῖς

2296 3847 2423 3916 περὶ
2457 3845 2619 3900 αὑτοῦ
2647 3847 2975 3915 προρρήσεσι
3002 3846 3266 3914 σύμφωνα
3291 3848 3514 3915 παρεῖχε
3543 3846 3612 3898 τὰ
3655 3848 3866 3900 ἀποτε-

2297 3938 2560 4006 λέσματα,
2607 3937 2718 3989 οὔτ’
2757 3937 2822 3989 ἂν
2867 3937 2956 3988 τὸν
2984 3937 3209 3989 ὕστατον
3261 3937 3514 3989 ἁπάντων
3541 3937 3725 4004 ἀγῶνα
3746 3937 3871 4010 Str;-

2297 4029 2500 4098 θλήκειο
2536 4023 2686 4092 οὗτος
2707 4029 2750 4080 δ’
2775 4025 2844 4099 ἦν
2874 4030 2904 4080 ὁ
2925 4028 3061 4082 κατὰ
3087 4028 3181 4081 τοῦ
3217 4030 3444 4082 θανάτου
3480 4029 3580 4101 (8).

2365 4207 2452 4257 Διὸ
2503 4206 2564 4276 δὴ
2605 4206 2805 4258 τούτων
2855 4206 3011 4257 ἓνεκα
3066 4205 3302 4269 πάντων,
3349 4207 3534 4277 ἐπειδὴ
3575 4207 3744 4278 ἐχρῆν
3797 4210 3866 4273 ἐξ

2295 4296 2527 4358 ἅπαντος
2554 4291 2613 4348 τὸ
2645 4295 2835 4364 θνητὸν
2867 4296 3091 4366 ὖργανον
3141 4295 3276 4366 μετὰ
3318 4297 3416 4366 τὴν
3458 4297 3704 4366 αὐτάρκη
3735 4296 3862 4350 δια-

2294 4387 2474 4438 κονίαν
2518 4389 2582 4456 ἥν
2620 4387 2695 4456 τῷ
2745 4387 2864 4456 Θεῷ
2899 4387 3054 4454 Λόγῳ
3093 4387 3468 4456 διηκονήσατο,
3507 4387 3689 4450 τέλους
3737 4387 3865 4440 θεο-

640 4452 883 4519 inquam,
925 4453 1027 4506 tale
1060 4455 1246 4505 mortis
1273 4470 1441 4520 genus
1468 4457 1646 4524 elegit.
1696 4458 1822 4510 Nam
1873 4477 2035 4527 quutn
2075 4467 2190 4515 dua:

2295 4475 2532 4545 πρεποῦς
2565 4479 2764 4544 τυχεῖν,
2800 4475 2972 4545 ταύτῃ
3011 4493 3084 4544 πη
3118 4474 3264 4542 αὑτῷ
3290 4474 3382 4526 καὶ
3409 4474 3438 4524 ό
3464 4473 3688 4536 θάνατος
3713 4472 3863 4544 ᾠκο-

641 4544 1120 4595 cousummatimtis
1175 4545 1411 4597 rationes
1478 4551 1838 4603 tantummodo
1895 4554 2182 4615 adessent,

641 4647 832 4698 nempe
862 4632 939 4685 vel
979 4636 1294 4701 corruptelae
1326 4646 1487 4703 atque
1537 4639 1699 4691 exitio
1733 4652 1897 4693 totum
1931 4643 2142 4696 tradere
2167 4683 2183 4706 ,

642 4733 802 4789 atque
830 4723 900 4776 ita
928 4724 1292 4790 turpissimum
1323 4726 1499 4780 facere
1534 4728 1652 4780 vita:
1696 4729 1887 4795 liuent;
1925 4733 2002 4784 vel
2025 4736 2180 4785 morti

2290 4569 2518 4630 νομεῖτο.
2557 4568 2704 4617 Δυοῖν
2731 4565 2837 4633 γὰρ
2875 4563 3210 4633 λειπομένων
3236 4562 3312 4632 τῷ
3338 4561 3500 4626 τέλει,
3532 4562 3564 4631 ἢ
3611 4561 3783 4632 φθορᾷ
3819 4564 3858 4633 ἢ

2289 4657 2528 4726 ἀπωλείᾳ
2565 4655 2897 4728 παραδοῦναι
2923 4656 2983 4706 τὸ
3015 4657 3142 4719 πᾶν,
3180 4654 3270 4708 καὶ
3308 4655 3591 4724 αίσχίστην
3618 4654 3857 4724 ποιήσα-

2291 4745 2409 4797 σθαι
2435 4747 2528 4815 τὴν
2547 4747 2638 4799 τοῦ
2671 4747 2784 4816 βίου
2813 4748 3213 4816 καταστροφὴν,
3242 4734 3275 4815 ἢ
3310 4745 3537 4798 θανάτου
3565 4744 3859 4814 κρείττονα

641 4812 970 4877 superiorem
1006 4823 1173 4866 semet
1197 4816 1498 4879 ostendere,
1537 4817 1715 4870 divina
1744 4821 1934 4874 virtute
1965 4825 2186 4877 immoe-

2294 4812 2689 4905 ἑαυτὸν-φῆναι,
2718 4836 2872 4907 θεῐκῇ
2898 4812 3121 4905 δυνάμει
3145 4812 3204 4888 τὸ
3230 4812 3420 4907 θνητὸν
3446 4812 3706 4887 ἀθάνατον
3739 4850 3858 4888 ’πα-ί

643 4901 750 4952 tale
796 4897 1068 4955 efficiendo
1114 4906 1254 4970 qttod
1312 4909 1535 4960 mortale
1583 4922 1730 4974 erat;
1784 4915 1929 4980 prior
1971 4916 2183 4982 quidem

2294 4929 2709 4996 ραστησὰμενον·
2748 4927 2806 4978 τὸ
2846 4928 2942 4997 μὲν
2975 4927 3188 4998 πρῶτον
3227 4927 3494 4979 ἀνοίκειον
3538 4925 3637 4994 τῆς
3667 4926 3852 4993 ἐπαγ-

639 4989 826 5040 modus
878 4993 1316 5056 promissiouibus
1371 4999 1574 5052 alienus
1631 5013 1778 5066 erat;
1835 5019 1956 5056 naut
2015 5021 2186 5074 neque

2294 4989 2485 5084 γελίας·
2520 4989 2580 5069 οὐ
2619 5018 2727 5088 γὰρ
2758 5018 2823 5088 δὴ
2846 4989 3033 5089 ’πυρός’
3065 5020 3260 5072 οίκεῖον
3292 5016 3352 5068 τὸ
3381 5016 3571 5085 ψύχειν
3594 4989 3695 5084 l9).
3722 4989 3856 5070 οὺὲὲ

641 5077 780 5146 ignis
806 5081 1076 5147 proprium
1116 5094 1198 5138 est
1247 5086 1560 5155 frigescere.
1594 5107 1764 5158 neque
1797 5096 1931 5149 lucis
1963 5098 2185 5152 obtene-

639 5170 820 5234 brari,
879 5188 1052 5241 neque
1084 5176 1202 5228 vita:
1252 5181 1421 5240 mori,
1463 5196 1635 5248 neque
1681 5184 1874 5240 divina:
1907 5190 2186 5258 sapientia:

2289 5109 2460 5177 φωτὸς
2491 5110 2550 5161 τὸ
2597 5108 2878 5173 σκοτίζειν,
2927 5110 3094 5174 οὕτως
3131 5109 3251 5162 οὐδὲ
3288 5109 3427 5178 ζωῆς
3467 5107 3527 5159 τὸ
3559 5105 3853 5170 θανατοῦν,

2287 5201 2405 5252 οὑδὲ
2446 5201 2537 5253 τοῦ
2575 5200 2710 5253 Θεοῦ
2745 5201 2907 5268 λόγου
2944 5204 3001 5254 τὸ
3028 5201 3346 5273 παραλόγως
3391 5202 3648 5270 ἐνεργεῖν·
3691 5201 3854 5252 ποῖον

641 5260 955 5330 insipienter
1001 5279 1173 5333 agere.
1209 5265 1315 5322 Cur
1352 5269 1492 5323 enim
1526 5273 1592 5335 is,
1638 5273 1728 5340 qui
1779 5277 1990 5332 cmteris
2018 5282 2180 5336 vitam

2294 5286 2377 5344 οὖν
2412 5289 2522 5362 εἶχε
2554 5291 2709 5360 λόγον
2738 5260 2835 5345 τὸν·
2856 5291 3060 5364 ἑτέροις
3096 5260 3751 5362 ξωὴνέπαγγελλόμενον,
3778 5287 3853 5341 τὸ

711 5372 756 5403 ⁸⁷
783 5372 937 5427 Joan.
977 5392 1028 5439 ι,
1072 5379 1160 5432 18.

815 5487 944 5570 (ξῼβῖο
971 5492 1030 5542 Α·
1059 5491 1096 5569 ίτ
1128 5492 1249 5545 502.
1482 5495 1604 5570 Syr.
1638 5514 1716 5557 ut.
1745 5500 1812 5554 45
1832 5518 1947 5570 seq.

713 5558 925 5636 (mullis
952 5563 1340 5636 causisinortis
1378 5558 1572 5619 Chriin
1619 5572 1810 5622 nollent
1855 5558 2182 5636 iu'Anglica-

2359 5513 2436 5579 (9)
2467 5512 2635 5565 Verba
2659 5512 2873 5581 ψύχειν,
2913 5513 3198 5578 σκοτίζειν,
3223 5513 3504 5575 θανατοῦν,
3537 5529 3644 5566 non
3669 5517 3853 5569 activo

2289 5588 2382 5633 sed
2413 5596 2602 5633 neutro
2647 5599 2807 5634 buttsu
2839 5583 2925 5637 hie
2960 5598 3082 5638 esse
3123 5584 3433 5654 accipienda
3467 5586 3638 5652 Syrus
3677 5586 3852 5639 inter-

641 5628 984 5719 itu-editione
1034 5634 1240 5711 additas
1284 5635 1447 5719 fuisse
1483 5641 1780 5692 numeralcs
1821 5655 1994 5704 uetas,
2021 5628 2177 5707 quasi

642 5696 858 5750 totidem
885 5699 987 5750 sint
1025 5702 1202 5768 aperis
1240 5704 1490 5770 capitula.
