4070 6304
180 388 291 445 (εΙῖ

1539 381 1627 439 DE
1668 376 2133 439 ΤΙῙΕΟΡΠᾹΝΙᾹ.

3335 380 3449 439 οτι

178 506 384 559 οἰκεῖον
427 507 660 578 ὄργανον
703 505 1055 577 φθειρόμενον
1112 504 1389 575 παριδείν;
1445 504 1653 556 Οὐκοῦν
1705 502 1763 553 τὸ

1869 502 2233 571 promiserat,
2282 514 2543 570 organum
2577 516 2734 555 suum
2766 501 3171 571 corruptionem
3207 504 3318 571 pati
3355 518 3452 554 nc-

178 595 433 668 δεύτερον
460 600 751 666 ἀναγκαῖον
774 594 860 668 ἦν,
890 598 1031 665 λέγω
1056 596 1112 649 δὲ
1137 599 1194 649 τὸ
1226 596 1454 648 θανάτου
1485 594 1767 663 κρείττονα

180 687 380 741 ιαυτὸν
411 690 591 757 φῆναι.
627 689 749 751 Πῶς
778 685 869 756 οὖν
898 688 1067 758 ἐχρῆν
1090 685 1247 738 τοῦτο
1273 685 1632 755 ποιήσασθαι;
1660 686 1769 736 Λα-

183 776 397 847 θραίως
424 780 527 849 ἄρα
550 780 643 831 καὶ
671 780 1037 849 κ).οπιμαίως;
1071 778 1103 846 ἢ
1127 781 1235 838 τοῖς
1257 780 1419 828 πᾶσιν
1445 774 1768 846 άριπρεπῶς

183 872 279 924 καὶ
317 871 609 940 διαδήλως;
664 872 821 923 Ἀλλὰ
865 872 1075 923 σκότιον
1120 870 1217 938 μὲν
1250 870 1343 920 καὶ
1372 868 1598 937 κρύφιον
1639 866 1769 917 αὐτὸ

184 962 432 1032 πραχθὲν
465 962 527 1013 τὸ
550 964 897 1034 κατόρθωμα,
928 960 1114 1031 μηδενὶ
1156 961 1210 1012 δὲ
1240 960 1501 1026 γνωσθὲν,
1528 959 1677 1010 οὐδὲν
1703 960 1767 1010 ἂν

183 1053 385 1124 ὤνησε·
424 1054 610 1123 βοηθὲν
634 1056 689 1106 δὲ
721 1056 813 1106 καὶ
839 1052 1100 1105 άκουσθὲν
1132 1054 1211 1113 εἰς
1236 1052 1465 1115 πάντας,
1492 1054 1605 1113 τοῖς
1637 1052 1767 1101 πᾶσι

181 1147 283 1215 τὴν
325 1148 394 1199 ὲκ
432 1146 524 1199 τοῦ
569 1147 843 1216 θαύματος
889 1148 1149 1215 παρεῖχεν
1200 1144 1483 1210 ὠφέλειαν.
1532 1142 1769 1204 Εἰκότως

185 1235 313 1309 ἄρα,
346 1237 535 1307 ἐπειδὴ
583 1238 747 1306 ὲχρῆν
782 1237 841 1289 τὸ
878 1235 1044 1287 αὑτοῦ
1085 1235 1313 1305 ὄργανον
1338 1236 1580 1303 κρεῖττον
1608 1232 1769 1284 θανά-

185 1345 275 1379 του
306 1331 495 1397 φῆναι,
530 1329 622 1379 καὶ
655 1327 811 1379 τοῦτο
836 1325 1037 1395 πρᾶξαι
1070 1326 1144 1395 μὴ
1182 1327 1259 1387 εἰς
1290 1325 1349 1376 τὸ
1383 1324 1621 1392 λεληθὸς,
1654 1325 1768 1375 ἀλλ’

186 1419 269 1472 ἐπ’
300 1419 488 1486 Magaw
514 1417 835 1487 ἀνθρώπων,
867 1418 925 1468 οὐ
964 1416 1152 1485 φεύγει
1184 1418 1280 1485 μὲν
1306 1415 1393 1466 τὸν
1426 1415 1673 1467 θάνατον’
1702 1410 1769 1484 ἦν

187 1508 294 1579 γὰρ
334 1509 403 1561 ἂν
428 1508 615 1569 δειλὸς,
653 1509 745 1559 καὶ
788 1508 1015 1559 Θανάτου
1050 1507 1247 1576 χείρων
1281 1502 1560 1575 ἐνομίσθη⁸
1587 1507 1675 1557 διὰ
1714 1507 1770 1556 δὲ

185 1601 281 1669 τῆς
308 1601 447 1669 πρὸς
483 1600 572 1650 τὸν
617 1600 841 1652 θάνατον
879 1592 1330 1666 συμπλοκῆς,”οἷα
1361 1598 1494 1667 πρὸς
1528 1599 1770 1663 ἀνταγω-

188 1691 371 1760 νιστὴν
411 1690 540 1759 (10),
578 1692 637 1743 τὸ
686 1691 877 1761 θνητὸν
931 1690 1195 1742 ἀθάνατον
1239 1690 1497 1760 παρίστη,
1544 1688 1771 1739 ὕστατον

186 1782 372 1848 ἀγῶνα
400 1782 585 1833 τοῦτον
611 1782 751 1851 ὑπὲρ
786 1783 887 1851 τῆς
913 1783 1167 1834 ἁπάντων
1205 1780 1473 1850 σωτηρίας
1509 1782 1600 1832 καὶ
1634 1782 1767 1833 ἀθα-

187 1873 376 1935 νασίας
412 1872 848 1943 ἀναδεδεγμένος.

258 2048 371 2119 (11)
423 2050 481 2101 Ὀ
510 2050 607 2119 μὲν
634 2049 741 2120 γὰρ
770 2050 982 2121 πρῶτος
1006 2049 1156 2118 αὐτῷ
1181 2048 1379 2120 [ἁγὼν]
1413 2049 1555 2103 κατὰ
1577 2050 1768 2120 δαιμό-

186 2158 288 2193 νων
318 2142 601 2211 ἐνηργεῖτο
636 2143 725 2192 ἐπὶ
758 2142 1072 2211 καθαιρέσει
1104 2144 1200 2211 τῆς
1236 2140 1500 2193 πολυθέου
1534 2141 1767 2211 πλάνης·

189 2233 305 2283 ἐπεὶ
326 2233 382 2284 δὲ
412 2233 441 2283 ὁ
469 2233 602 2301 πρὸς
632 2232 815 2285 τούσδε
841 2233 990 2295 τέλος
1014 2228 1158 2301 εἶχεν
1189 2232 1359 2299 ἁγὼν,
1395 2232 1647 2302 δεύτερος
1676 2234 1768 2284 ἐπ).

186 2319 333 2374 λύσει
359 2322 459 2391 τῆς
480 2323 572 2374 τοῦ
599 2323 824 2375 θανάτου
852 2323 1306 2385 καταδυναστείας
1338 2322 1569 2389 ἐγίνετο·
1594 2324 1641 2375 οἱ
1671 2324 1767 2392 μὲν

188 2411 293 2482 γάρ
326 2414 449 2465 κατ’
493 2413 656 2465 αὑτοῦ
707 2414 1030 2482 συνηγμένοι
1075 2413 1345 2483 δαίμονες,
1388 2414 1416 2465 ὅ
1463 2431 1522 2467 τε
1566 2414 1769 2465 τούτων

189 2502 451 2573 ὶξάρχων,
480 2504 548 2556 τὰ
579 2503 723 2555 νῶτα
748 2505 890 2557 κατὰ
915 2504 1015 2573 τὴν
1056 2504 1276 2576 πρώτην
1312 2504 1457 2575 αὐτῷ
1494 2506 1769 2576 συμϐολὴν

191 2596 707 2664 παραχωρήσαντες,
731 2596 822 2647 τὸν
866 2595 1115 2666 δεύτερον
1157 2593 1317 2649 ἆθλον
1358 2597 1643 2659 ἐσκόπουν,
1674 2596 1767 2649 τοῦ

194 2681 305 2751 βίου
340 2683 527 2736 λοιπόν
566 2686 662 2753 τὴν
704 2684 941 2754 ὑστάτην
985 2687 1365 2757 καταστροφὴν
1403 2687 1766 2757 ἐκδεχόμενοι,

192 2772 284 2824 καὶ
321 2771 419 2841 τὴν
458 2771 553 2823 τοῦ
590 2772 783 2843 θνητοῦ
823 2775 1078 2845 τελευτὴν
1120 2775 1311 2844 ὁμοίαν
1350 2775 1565 2827 ἔσεσθαι
1606 2779 1769 2830 πᾶσιν

191 2862 495 2933 ἀνθρώποις
520 2865 969 2935 καραδοκοῦντες·
1006 2868 1067 2919 οὑ
1094 2868 1202 2937 γὰρ
1229 2867 1295 2920 ἂν
1326 2866 1545 2921 πώποτε
1571 2869 1768 2940 θνητὴν

194 2952 347 3021 φύσιν
393 2954 622 3007 θανάτου
665 2957 952 3023 κρείττονα
1028 2958 1281 3025 γενέσθαι
1335 2960 1763 3029 προσεδόκησαν·

192 3042 290 3095 ὁδὶ
316 3043 451 3112 μετὰ
478 3044 547 3095 τὰ
573 3043 762 3114 πρῶτα
793 3046 934 3099 κατὰ
966 3047 1232 3116 δαιμόνων
1266 3048 1503 3119 τρόπαια
1543 3049 1644 3118 ήδη
1673 3051 1767 3101 καὶ

194 3132 330 3186 κατὰ
356 3134 448 3186 τοῦ
472 3134 699 3188 θανάτου
723 3138 1106 3208 παρετάττετο.
1136 3140 1345 3208 Ὥσπερ
1364 3138 1421 3191 δὲ
1440 3138 1588 3201 εῐτις
1606 3139 1768 3193 ἄκαυ-

197 3240 313 3276 στον
353 3228 485 3295 ἡμῖν
529 3229 624 3279 καὶ
669 3230 839 3298 πυρὸς
888 3232 954 3300 τῇ
1004 3230 1162 3297 φύσει
1207 3234 1450 3301 κρεῖττον
1498 3232 1667 3297 δεῖξαί
1715 3250 1767 3284 τι

199 3316 384 3379 σκεῦος
417 3317 628 3387 ἤθελεν,
653 3321 753 3373 οὐκ
782 3319 955 3384 ἄλλως
978 3319 1044 3373 ἂν
1081 3321 1144 3373 τὸ
1170 3321 1355 3390 θαῦμα
1385 3324 1768 3392 παρεστήσατο

196 3405 229 3475 ἢ
253 3408 376 3477 πυρὶ
400 3410 675 3479 παραδοὺς
695 3413 755 3465 τὸ
784 3414 921 3481 μετὰ
948 3416 1155 3483 χείρας,
1182 3413 1416 3466 κᾶπειτα
1462 3413 1599 3467 σῶον
1636 3414 1767 3467 αὐτὸ

199 3497 287 3550 καὶ
317 3498 639 3570 ἀδιάφθορον
671 3501 763 3553 τοῦ
810 3504 979 3572 πυρὸς
1021 3504 1215 3569 ἐξελών
1253 3506 1383 3575 (12)·
1420 3508 1560 3561 κατὰ
1594 3508 1765 3562 ταῦτα

197 3588 257 3659 δὴ
284 3591 370 3642 καὶ
406 3593 434 3643 ό
468 3592 575 3643 τῶν
611 3594 746 3645 ὅλων
785 3595 1045 3658 ζωοποιὸς
1088 3596 1220 3649 Θεοῦ
1252 3600 1445 3665 Λόγος,
1482 3600 1542 3652 τὸ
1572 3600 1763 3669 θνητὸν

197 3677 436 3749 ὄργανον,
494 3675 537 3749 ᾧ
588 3682 722 3753 πρὸς
789 3682 1089 3754 ἀνθρώπων
1146 3686 1413 3757 ἐκέχρητο
1465 3690 1761 3760 σωτηρίαν,

201 3774 432 3839 κρεῖττον
466 3772 693 3827 θανάτου
729 3773 893 3843 φῆναι
936 3775 1235 3846 βουληθεὶς,
1282 3775 1341 3829 εὖ
1393 3778 1538 3848 μάλα
1571 3780 1762 3850 χρησί-

206 3879 303 3931 μην
327 3864 484 3933 ὑπῄει
516 3864 615 3934 τὴν
642 3866 967 3935 οἰκονομίαν,
1001 3868 1059 3919 τὸ
1090 3866 1248 3936 σῶμα
1282 3869 1415 3939 πρὸς
1456 3869 1629 3941 βραχὺ
1665 3888 1764 3924 κα-

202 3955 431 4007 ταλιπὼν
462 3957 595 4024 (15),
631 3958 724 4009 κα)⁴
749 3959 808 4010 τὸ
836 3958 1026 4026 θνητὸν
1060 3958 1135 4028 τῷ
1166 3960 1380 4029 Θανάτῳ
1410 3963 1567 4014 πάλιν
1599 3964 1762 4032 ὑφαι-

205 4043 471 4115 ρούμενος,
507 4050 586 4110 είς
632 4048 971 4117 παράστασιν
1003 4049 1098 4119 τῆς
1141 4049 1324 4102 ἐνθέου
1357 4050 1655 4121 δυνάμεως.
1699 4054 1761 4105 Ἡ

202 4136 295 4204 μὲν
325 4134 415 4191 οὖν
447 4138 633 4209 πρώτη
666 4140 812 4192 αἰτία
838 4136 907 4210 ἦν
934 4139 1089 4211 αὕτη.

267 4228 371 4299 (14)
409 4230 644 4301 Δευτὲρα
669 4230 725 4282 δὲ
756 4231 852 4300 τῆς
885 4232 941 4283 ὲν
983 4229 1061 4301 τῷ
1105 4230 1316 4300 σώματι
1356 4232 1759 4303 κατοικησάσης

202 4318 372 4374 ινθέου
404 4322 681 4391 δυνάμεως
710 4321 951 4385 ἔνδειξις.
1000 4322 1215 4393 Ἐπειδὴ
1248 4323 1353 4393 γὰρ
1392 4322 1453 4375 τὸ
1494 4325 1760 4395 πρότερον

202 4407 317 4472 τοὺς
346 4410 447 4462 ὑπὸ
485 4409 579 4462 τοῦ
615 4409 843 4463 θανάτου
883 4412 1265 4481 νενικημένους
1300 4412 1495 4481 ἄνδρας
1534 4412 1760 4485 θνητοὺς

204 4498 425 4569 ἀληθῶς,
469 4502 565 4554 καὶ
598 4500 769 4554 κοινὸν
812 4501 960 4564 τέλος
1004 4502 1478 4571 ὑποδεδεγμένους,
1516 4504 1758 4568 ἐθείαζον

204 4588 487 4661 ἄνθρωποι,
515 4593 700 4663 ἥρωάς
746 4610 805 4644 τε
845 4594 940 4645 καὶ
986 4593 1139 4656 θεοὺς
1186 4594 1485 4663 ὠνόμαζον·
1535 4598 1759 4661 εἰκότως

203 4682 427 4738 διδάσκει
475 4686 635 4755 μόνον
676 4685 863 4738 τοῦτον
894 4688 951 4737 ὲν
987 4685 1201 4753 θανάτῳ
1242 4687 1373 4738 Θεὸν
1402 4688 1575 4759 ἀληθῆ
1621 4686 1757 4743 εἶναι

204 4774 488 4844 ὁμολογεῖν,
510 4778 601 4829 τὸν
622 4779 687 4831 τὰ
708 4777 933 4847 βραδεῖα
956 4779 1053 4847 τῆς
1076 4778 1216 4830 κατὰ
1237 4776 1327 4830 τοῦ
1355 4778 1583 4831 θανάτου
1605 4782 1759 4852 νίκης

205 4866 617 4938 ἁναδησάμενον.
651 4870 758 4941 (15)
793 4870 962 4940 Τρίτη
990 4870 1034 4922 δ’
1070 4869 1134 4922 ἂν
1164 4870 1247 4940 εἴη
1284 4871 1429 4922 αἰτία
1460 4870 1553 4923 τοῦ
1582 4889 1758 4942 σωτη-

271 5004 375 5077 (l0)
404 5006 500 5061 llic
540 5007 595 5077 in
627 5009 840 5077 Anglica
876 5008 1252 5070 translatione,
1310 5024 1361 5076 p.
1396 5010 1518 5073 l88,
1556 5026 1611 5065 v.
1658 5012 1748 5075 16,

206 5072 440 5147 νὶιιεοὺν
471 5076 576 5130 this
599 5072 889 5131 continuari
926 5078 1046 5129 with
1081 5078 1256 5137 death,
1284 5072 1341 5130 a‘a
1390 5072 1512 5131 witlt
1552 5096 1584 5133 a
1634 5072 1757 5133 con;-

208 5150 511 5216 temporary,
544 5147 787 5213 conﬂictu
815 5147 912 5198 hoc
950 5162 1064 5200 cum
1108 5156 1294 5212 morte,
1344 5158 1593 5215 tanquam
1638 5167 1755 5202 cum

209 5222 646 5287 ςιιιιιειιιροταηερ.
673 5216 951 5287 Syriacus
977 5216 1119 5287 quid,
1146 5218 1353 5287 habeat
1375 5220 1578 5283 nescio,
1628 5221 1755 5287 quia

213 5276 337 5336 libro
366 5276 547 5339 careo.
582 5284 686 5337 Sed
735 5276 888 5338 certe
930 5276 1054 5338 vera
1108 5286 1273 5339 lectio
1318 5285 1501 5340 Graaca
1535 5276 1756 5348 θὲιξοῖα

210 5348 333 5418 πρὸς
354 5354 772 5425 άνταγωνιστήν,
802 5364 1059 5425 tanquam
1075 5371 1194 5425 rum
1220 5357 1538 5409 adversario.
1575 5358 1758 5425 Itaque

212 5421 477 5495 translatio
514 5421 846 5495 emendanda
892 5434 996 5477 est.
1046 5422 1195 5475 Mitto
1242 5426 1375 5478 alios
1418 5427 1565 5495 locos
1596 5467 1611 5490 ,
1663 5421 1755 5495 qui

210 5500 347 5565 atque
395 5492 663 5545 interdum
694 5495 759 5546 ad
788 5492 1032 5565 Grecam
1084 5496 1367 5565 veritatem
1422 5492 1753 5549 reformandi

210 5562 476 5630 videntur;
510 5576 684 5629 neque
712 5564 855 5616 enim
894 5564 1273 5629 egorcriticuin
1315 5579 1413 5630 ago
1454 5567 1547 5618 sed
1578 5568 1755 5618 edito-

213 5638 344 5704 τοιιιζ
362 5629 848 5704 Vicissim_tatneti,
880 5643 942 5704 ut
981 5646 1152 5704 nuper
1188 5632 1323 5704 dixi,
1352 5629 1614 5704 Syriacus
1648 5647 1755 5688 tex-

210 5700 288 5750 tus
308 5696 542 5754 Grecam
574 5701 860 5755 illuminat.
906 5701 973 5755 Et
1013 5696 1227 5771 quidem
1282 5696 1521 5768 Grte'cns,
1572 5714 1753 5770 utpote

213 5777 355 5831 quem
407 5780 715 5825 catenarum
767 5780 1018 5826 auctores
1082 5787 1177 5841 pro
1227 5773 1303 5827 rei
1350 5775 1753 5841 opportunitate

1870 592 2145 662 gligcret?
2196 591 2336 662 Ergo
2358 593 2633 662 posterior
2668 593 2863 647 modus
2914 594 3253 647 necessarius
3305 595 3446 657 fuit,

1871 684 2051 747 morti,
2085 684 2331 754 inquam,
2395 684 2732 751 superiorem
2769 700 2828 738 se
2868 685 3265 739 demonstrare.
3292 686 3443 751 Qua-

1875 791 1998 828 nam
2036 790 2164 829 vero
2192 777 2398 830 ratione
2451 777 2503 829 id
2528 778 2753 845 exsequi
2778 792 2913 845 opus
2944 778 3111 830 crat?
3141 777 3363 831 Clamne
3384 790 3451 841 ac

1871 867 2054 921 furtim
2086 868 2109 919 τ
2162 882 2231 921 an
2284 884 2469 922 coram
2504 870 2759 923 omnibus
2792 871 3071 939 splendide
3118 887 3181 925 ac
3214 870 3450 924 manife-

1870 969 1951 1011 ste
1983 959 2005 1011 ?
2060 961 2221 1025 Atqui
2268 961 2381 1013 haac
2410 976 2495 1013 res
2528 962 2746 1029 egregia
2796 962 2842 1015 si
2895 956 3127 1016 obscure
3156 972 3209 1016 et
3237 962 3451 1017 occulte

1871 1062 1989 1106 acta
2019 1052 2228 1114 fuisset,
2258 1055 2478 1105 conscio
2506 1054 2742 1114 nemine,
2777 1054 2911 1105 nihil
2948 1054 3243 1121 profuisset
3276 1067 3453 1108 :con-

1873 1153 1951 1196 tra
1987 1158 2111 1196 vero
2140 1141 2463 1210 {aniigerata
2497 1153 2663 1210 atque
2702 1144 2953 1195 omnibus
3002 1144 3258 1195 exaudita
3289 1183 3304 1205 ,
3348 1143 3452 1195 mi-

1872 1235 2057 1288 raculo
2106 1247 2205 1288 suo
2238 1234 2480 1301 paritura
2539 1243 2659 1287 erat
2708 1234 3075 1286 univcrsalem
3131 1233 3447 1287 utilitatem.

1874 1326 2038 1377 llecte
2086 1326 2271 1393 igitur,
2328 1326 2581 1392 quoniam
2635 1326 2924 1391 oportebat
2971 1324 3141 1392 ipsius
3184 1334 3451 1393 organum

1872 1415 2034 1466 morti
2062 1417 2311 1483 superius
2344 1428 2629 1483 apparere,
2668 1427 2828 1481 atque
2857 1415 2917 1467 id
2954 1430 3057 1466 non
3087 1414 3224 1467 clam
3262 1415 3355 1466 sed
3397 1414 3452 1466 in

1874 1517 2163 1573 conspecltt
2194 1507 2469 1559 hominum
2504 1507 2643 1568 fieri,
2682 1516 2910 1559 mortem
2952 1520 3057 1558 non
3105 1504 3280 1573 fugit;
3315 1504 3452 1558 alio-

1873 1597 1962 1661 qni
2001 1598 2146 1649 visus
2176 1609 2320 1652 esset
2353 1597 2595 1659 timidus,
2627 1609 2677 1648 et
2712 1608 2885 1651 morte
2915 1597 3148 1651 debilior
3171 1596 3448 1658 creditus;

1872 1689 1963 1741 sed
1990 1689 2240 1741 conﬂictu
2274 1704 2395 1742 cum
2436 1702 2633 1751 morte,
2670 1700 2923 1757 tanquam
2957 1705 3079 1743 cum
3113 1688 3447 1751 adversario,

1873 1778 2010 1832 inito
2035 1818 2049 1842 ,
2077 1780 2219 1847 quod
2248 1780 2473 1831 mortale
2514 1789 2632 1831 erat
2673 1778 2739 1831 ad
2770 1780 3235 1832 immortalitatem
3268 1788 3450 1831 trans-

1799 1850 1843 1905 Β
1889 1856 2030 1931 tulit,
2067 1882 2367 1924 extremum
2403 1871 2548 1925 hunc
2584 1863 2814 1940 agenem
2864 1886 2963 1941 pro
3002 1872 3245 1925 omnium
3276 1872 3453 1927 salute

1868 1974 1923 2016 et
1952 1963 2368 2016 immortalitate
2396 1964 2720 2031 suscipiens.

1944 2052 2076 2105 Nam
2110 2052 2343 2121 prininm
2381 2053 2456 2105 illi
2500 2062 2778 2107 certamen
2826 2052 2928 2105 init
2955 2063 3144 2107 contra
3181 2056 3455 2108 daemones

1870 2142 1939 2196 ob
1990 2142 2330 2211 polytheismi
2398 2157 2639 2197 errorem
2693 2144 3123 2207 destruendum;
3175 2158 3285 2213 quo
3315 2159 3439 2213 per-

1872 2245 1993 2288 acto
2020 2274 2035 2296 ,
2092 2236 2439 2293 subsecutum
2476 2244 2559 2286 est
2590 2233 2889 2287 secundum
2927 2233 2995 2286 ob
3050 2233 3453 2287 dissolvendam

1870 2328 2059 2379 mortis
2112 2328 2561 2379 dominationem.
2615 2324 2937 2392 Conglobali
2995 2325 3139 2377 enim
3193 2324 3459 2378 adversus

1870 2432 1991 2471 eum
2020 2417 2294 2469 daemones
2322 2432 2443 2468 cum
2463 2428 2560 2467 suo
2584 2416 2743 2477 duce,
2765 2423 3049 2482 postquam
3073 2414 3247 2483 primo
3268 2411 3456 2481 prazlio

1875 2518 2022 2578 terga
2057 2517 2353 2570 verterant,
2390 2506 2690 2559 secundum
2723 2504 3112 2567 observabant,
3142 2504 3273 2557 vita:
3295 2502 3455 2557 Chri-

1870 2601 1936 2654 sti
1975 2601 2231 2667 deinceps
2264 2608 2563 2653 ertremam
2595 2598 3006 2662 catastropham
3043 2607 3453 2664 exspectantes,

1870 2692 2120 2746 mortalis
2149 2691 2389 2744 hominis
2439 2692 2599 2743 tinem
2649 2690 2878 2759 reliquis
2927 2690 3181 2743 omnibus
3218 2687 3453 2742 similem

1870 2784 1984 2837 {Ore
2016 2792 2298 2850 sperantes
2333 2798 2345 2834 :
2386 2795 2562 2849 neque
2595 2783 2740 2834 enim
2775 2794 3013 2848 unquam
3036 2780 3459 2835 existimassem

1869 2872 2145 2926 mortalem
2175 2884 2421 2923 naturam
2454 2872 2612 2923 morti
2647 2869 2761 2923 fore
2790 2870 3156 2937 superiorem.
3198 2867 3457 2923 Athri-

1868 2971 1983 3017 stus
2019 2971 2132 3031 post
2163 2961 2374 3029 priores
2419 2963 2485 3015 de
2520 2960 2857 3015 daemonibus
2893 2961 3099 3014 relatas
3139 2960 3453 3027 manubias,

1864 3049 1973 3117 jam
2002 3058 2192 3103 contra
2231 3050 2402 3117 ipsam
2440 3063 2671 3103 mortem
2709 3050 2762 3101 in
2795 3048 2967 3103 aciem
3016 3047 3292 3116 prodibat.
3331 3045 3455 3102 Sic-

1878 3150 1934 3194 ut
1980 3150 2161 3195 autem
2196 3141 2240 3193 si
2274 3141 2397 3210 quis
2432 3140 2542 3207 igni
2592 3139 2914 3208 impervium
2944 3149 3112 3207 atque
3164 3138 3457 3208 insupera-

1796 3192 1842 3254 c
1873 3234 1982 3289 bile
2033 3248 2131 3287 vas
2190 3192 2406 3301 aliquod
2437 3192 2817 3285 demonsirare
2852 3228 3055 3295 vellet,
3104 3229 3248 3283 haud
3296 3192 3456 3283 aliter

1870 3327 2008 3381 hanc
2037 3340 2149 3380 rem
2182 3326 2377 3379 miram
2429 3320 2831 3390 comprobaret,
2858 3335 3019 3390 quam
3052 3319 3285 3375 ﬂammae
3339 3329 3454 3373 tra-

1869 3418 2003 3470 dens
2028 3417 2173 3485 quod
2206 3431 2317 3484 prae
2352 3413 2601 3467 manibus
2626 3412 2879 3475 haberet,
2918 3426 2983 3466 ac
3020 3411 3218 3465 deinde
3243 3410 3459 3465 incolu-

1869 3523 1955 3561 me
1996 3505 2429 3573 inviblatumque
2462 3507 2586 3573 igne
2638 3504 2953 3568 retrahens;
2994 3504 3067 3557 ita
3098 3503 3265 3557 etiam
3308 3504 3455 3574 quod

1867 3596 2047 3650 omnia
2076 3597 2317 3649 vivilicat
2347 3594 2439 3649 Dei
2471 3594 2735 3660 Verbum,
2771 3593 3000 3648 mortale
3022 3609 3312 3664 organum,
3342 3610 3455 3664 quo

1868 3690 1933 3743 ad
1965 3690 2244 3743 hominum
2291 3687 2524 3742 salutem
2574 3702 2706 3741 usus
2753 3686 2971 3747 fuerat,
3015 3696 3189 3739 morte
3223 3687 3456 3740 validius

1867 3783 2242 3836 demonstrare
2269 3779 2458 3834 volens
2480 3816 2494 3842 ,
2523 3778 2659 3832 utile
2712 3778 3002 3831 admodum
3036 3778 3325 3831 consilium
3355 3793 3452 3830 ce-

1866 3873 1984 3942 pit,
2036 3887 2230 3939 corpns
2286 3873 2433 3925 brevi
2494 3878 2739 3939 tempore
2795 3870 3116 3931 deserendi;
3153 3884 3450 3937 rursusque

1866 3965 2008 4031 quod
2063 3970 2334 4014 mortuum
2386 3972 2507 4014 erat
2562 3960 2717 4012 morti
2754 3958 3019 4027 eripiendi
3049 3998 3063 4020 ,
3102 3966 3159 4011 ut
3190 3958 3427 4012 divinam

1864 4056 2115 4107 virtutem
2168 4054 2497 4108 ostenderet.
2546 4054 2725 4123 Atque
2774 4054 2888 4107 haec
2921 4052 3093 4122 prima
3146 4052 3263 4122 (cur
3294 4054 3428 4109 mori

1863 4142 2117 4212 voluerit)
2149 4158 2310 4196 causa
2338 4143 2456 4196 fuit.

1936 4233 2183 4287 Secunda
2238 4233 2339 4287 fuit
2378 4249 2537 4287 causa
2568 4276 2581 4299 ,
2633 4244 2691 4286 ut
2748 4234 3153 4287 demonstraret
3200 4234 3437 4286 divinam

1863 4325 2116 4379 virtutem
2151 4326 2205 4378 in
2239 4341 2336 4378 suo
2385 4340 2611 4392 corpore
2645 4326 2999 4391 inhabitasse.
3030 4324 3166 4377 Nam
3202 4326 3331 4394 quia
3362 4324 3448 4378 vi-

1863 4426 1982 4470 ctos
2032 4427 2187 4470 antea
2222 4426 2395 4470 morte
2429 4417 2574 4470 viros
2600 4456 2616 4479 ,
2647 4406 2773 4470 vere
2817 4416 3075 4470 mortales
3104 4426 3158 4469 et
3199 4431 3446 4469 commu-

1792 4544 1834 4596 ι)
1866 4524 1985 4561 nem
2020 4509 2177 4560 linem
2210 4509 2451 4573 sortitos,
2496 4508 2779 4576 apotheosi
2806 4509 3142 4563 donaveram
3172 4507 3441 4569 homines,

1864 4609 1917 4653 et
1951 4601 2149 4653 heroas
2178 4600 2415 4668 deosque
2456 4600 2889 4661 nominaverant,
2913 4601 3107 4654 merito
3134 4614 3228 4652 nos
3262 4599 3443 4661 docet,

1868 4693 2010 4744 hunc
2044 4706 2210 4743 unum
2239 4690 2293 4742 in
2344 4698 2518 4745 morte
2568 4689 2740 4743 Deum
2776 4705 2961 4743 verum
3004 4706 3125 4745 esse
3172 4690 3440 4755 conﬁteri,

1868 4781 1959 4849 qui
1989 4780 2225 4846 praemiis
2259 4781 2444 4833 relata:
2490 4781 2557 4833 de
2597 4791 2772 4833 morte
2801 4781 3047 4833 victoria-
3078 4790 3249 4833 semet
3280 4794 3439 4832 exor-

1868 4880 2114 4925 naverat.
2168 4871 2352 4925 Tertia
2384 4872 2645 4926 habeatur
2690 4872 2884 4924 mortis
2933 4868 3245 4924 Servatoris
3275 4884 3442 4923 causa

1859 5018 2275 5078 excerpserunt,
2312 5009 2510 5062 multas
2542 5008 2724 5078 operis
2746 5016 2929 5077 partes
2956 5006 3163 5061 amisit.

1930 5082 2042 5150 (11)
2077 5082 2203 5150 Syr.
2238 5095 2322 5145 ιιι,
2362 5079 2450 5142 55,
2476 5080 2564 5133 57.

1931 5145 2041 5219 (ιε)
2095 5145 2243 5203 Hanc
2276 5150 2689 5217 similitudinem
2731 5148 2865 5202 citat
2898 5162 2964 5219 ex
3008 5145 3253 5219 Eusebio
3273 5145 3439 5199 etiam

1860 5221 1917 5275 S.
1941 5215 2188 5273 I'l‘h’omas
2216 5215 2457 5286 Aquinas
2498 5220 2548 5271 in
2575 5228 2769 5271 catena
2798 5233 2891 5270 sna
2922 5218 3113 5286 Latina
3146 5216 3213 5269 ad
3233 5215 3435 5268 Lucam

1859 5294 1944 5344 ed.
1998 5292 2063 5344 de
2110 5288 2313 5342 Rubeis
2362 5300 2404 5341 t.
2436 5287 2496 5349 V,
2543 5304 2595 5356 p.
2645 5289 2767 5341 564.
2812 5285 3076 5339 Videlicet
3122 5302 3188 5339 ex
3227 5286 3439 5356 catenis

1858 5360 2083 5424 Graecis,
2108 5374 2215 5412 non
2246 5352 2588 5426 originaliter
2616 5372 2680 5413 ex
2708 5356 3067 5422 TlteOphant'a,
3092 5371 3255 5425 quam
3286 5352 3439 5408 Tho-

1860 5444 1976 5482 mas
2013 5440 2287 5483 nunattam
2331 5429 2481 5483 vidit.

1930 5498 2069 5568 (l5)
2142 5493 2349 5566 Nempe
2414 5498 2597 5552 anima
2658 5496 2973 5553 destitutum
3034 5509 3156 5552 esse
3207 5493 3435 5565 permit-

1860 5579 1999 5624 telis.

1932 5637 2044 5709 (14)
2079 5638 2200 5708 Syr.
2230 5654 2311 5699 ιιι,
2350 5636 2442 5709 58.

1934 5708 2048 5778 (15)
2080 5709 2205 5778 Syr.
2235 5724 2317 5770 ιιι,
2350 5708 2441 5761 59.
