4070 6304
209 328 312 381 6H

1580 329 1669 382 DE
1704 328 2175 385 THEOPHANIA.

3363 334 3466 389 618

208 449 306 502 καὶ
326 448 655 518 θεογνωσίαν
679 452 756 514 εἰς
790 450 996 514 πάντας
1021 452 1409 520 καταγγέλλειν
1444 452 1555 521 (20)
1587 452 1787 523 ἀνθρώ-

1900 452 2100 520 Deique
2152 454 2436 516 notitiam,
2498 454 2707 510 cunctis
2770 453 3081 511 hominibus
3149 456 3465 513 nuntiaturi.

207 551 377 602 ⁴ιιςουςο
408 539 500 602 οὓς
536 540 599 610 δὴ
629 543 835 610 πεῖσμα
876 542 1129 610 μέγιστον
1163 544 1342 595 λαϐεῖν
1378 544 1543 613 ἐχρῆν
1575 544 1672 615 τῆς
1700 562 1798 615 με·

202 629 281 682 τά
306 630 401 682 τὸν
429 629 656 683 θάνατον
683 632 847 700 ζωῆς,
882 633 957 695 ὼς
985 634 1051 687 ἂν
1088 634 1261 698 ἀδεεῖς
1296 636 1388 688 καὶ
1421 634 1612 704 ἄφοϐοι
1644 636 1801 691 θανά-

203 735 306 772 του
338 719 430 772 τὸν
462 720 602 773 κατὰ
631 723 730 792 τῆς
764 723 1025 778 πολυθέου
1058 725 1265 797 πλάνης
1289 728 1475 795 ἀγῶνα
1504 728 1798 798 προθύμως

206 808 551 877 ἀναδὲξοιντο
574 829 589 843 ·
647 815 721 884 μὴ
764 815 872 886 γάρ
918 817 1149 870 θανάτου
1182 823 1541 890 καταφρονεῖν
1576 820 1801 891 μελετή-

208 914 429 964 σαντες,
462 902 563 956 οὐκ
589 904 655 957 ἂν
687 904 906 960 πώποτε
934 908 1069 977 πρὸς
1093 907 1161 960 τὰ
1186 909 1334 962 δεινὰ
1357 910 1798 981 παρεσκευάζον-

204 1005 290 1042 το.
335 992 425 1045 Διδ
453 992 517 1064 δὴ
547 996 861 1064 ἀναγκαίως
891 998 1126 1063 ὁπλίζων
1160 1000 1357 1064 αὐτοὺς
1399 1000 1539 1053 κατὰ
1575 1003 1672 1073 τῆς
1704 1002 1797 1054 τοῦ

206 1080 443 1137 θανάτου
468 1084 785 1151 δυναστείας
822 1088 882 1140 οὐ
907 1087 1194 1159 ῥηματίοις
1218 1091 1311 1144 καὶ
1338 1095 1543 1160 φωναῖς
1579 1094 1800 1165 παρεδί-

203 1171 302 1225 δου
332 1172 394 1226 τὸ
439 1174 685 1246 μάθημα,
718 1176 837 1231 οὐδὲ
876 1177 1053 1248 λόγοις
1084 1181 1285 1248 ὁμοίως
1323 1183 1679 1255 ἀνθρωπείοις
1707 1185 1798 1238 τὸν

206 1263 343 1332 περὶ
388 1262 567 1334 ψυχῆς
596 1264 895 1329 ἀθανασίας
932 1267 1173 1332 πιθανῶς
1213 1272 1306 1323 καὶ
1352 1271 1412 1337 ἐξ
1439 1274 1663 1328 είκότων
1684 1273 1799 1345 (21)

206 1352 549 1407 συντάττωνο
585 1354 733 1426 αὐτῷ
764 1356 821 1409 δὲ
856 1357 1001 1429 ἔργῳ
1023 1358 1091 1413 τὰ
1122 1361 1264 1414 κατὰ
1292 1362 1385 1415 τοῦ
1424 1363 1656 1419 θανάτου
1698 1368 1799 1419 έπ-

206 1440 421 1495 ιδιίκνυ
444 1444 625 1507 αὐτοῖς
647 1444 903 1515 τρόπαια.

280 1532 393 1603 (22)
424 1528 531 1585 Ἦν
558 1536 661 1604 μὲν
688 1535 793 1607 γὰρ
824 1538 987 1593 πάλαι
1015 1552 1277 1613 προτερον
1300 1542 1529 1615 φοὸερδς
1555 1547 1668 1607 τοῖς
1699 1548 1800 1599 πᾶ-

206 1639 294 1676 σιν
316 1624 346 1676 ό
363 1623 457 1677 τοῦ
485 1625 679 1697 θνητοῦ
712 1628 898 1696 γένους
921 1630 1113 1702 όλετὴρ
1140 1631 1384 1699 θάνατος,
1399 1634 1490 1686 καὶ
1513 1635 1663 1698 λύσις
1689 1638 1802 1689 ένο-

210 1709 401 1781 μίζετο
426 1714 523 1784 τῆς
558 1714 686 1786 ὅλης
718 1717 1003 1789 ἀνθρώπου
1040 1719 1272 1788 φύσεως,
1310 1724 1486 1795 ψυχῆς
1531 1725 1666 1795 ὁμοῦ
1703 1728 1797 1780 καὶ

208 1801 481 1872 σώματος,
534 1807 569 1875 ή
605 1806 793 1861 τούτου
838 1808 1155 1865 δυναστεία’
1201 1814 1321 1868 οὐδέ
1479 1791 1695 1887 ἦν-τῶν
1734 1818 1794 1883 ἐξ
1830 1791 1869 1844 Β

204 1894 405 1958 αἰῶνος
437 1891 547 1959 οἷός
579 1914 638 1950 τε
672 1898 820 1951 τουτὶ
858 1899 917 1953 τὸ
962 1900 1230 1975 φόδητρον
1265 1906 1323 1972 ἐξ
1359 1905 1657 1979 ἀνθρώπων
1698 1909 1793 1962 άν-

202 1984 368 2039 ελεῖνο
412 1989 611 2053 πάντες
639 1990 683 2042 δ’
721 1991 1027 2063 ὲπτήχεσαν
1056 1995 1205 2067 φόϐῳ
1238 1999 1422 2069 μικροὶ⁵
1444 1999 1539 2052 καὶ
1567 2000 1790 2070 μεγάλοι

202 2074 301 2127 τὸν
335 2074 594 2131 θάνατον·
635 2080 736 2132 οὐκ
758 2075 828 2150 ἦν
876 2097 936 2133 τε
969 2082 1064 2135 τοῦ
1102 2086 1272 2140 κακοῦ
1321 2092 1664 2161 παραμύθιον
1699 2097 1792 2150 άν-

202 2164 465 2237 θρώποις,
509 2170 570 2223 οὐ
595 2170 773 2241 λόγος,
798 2176 859 2229 οὐ
890 2178 1110 2249 τρόπος,
1138 2181 1197 2232 οὐ
1226 2180 1360 2250 βίος,
1394 2183 1455 2236 οὐ
1491 2186 1670 2255 σοφῶν
1704 2188 1791 2243 λο-

201 2258 423 2326 γισμὸς,
445 2260 508 2312 οὐ
542 2260 784 2317 παλαιῶν
814 2268 1244 2339 συγγράμματα,
1277 2270 1338 2323 ού
1378 2275 1670 2342 προφητῶν
1702 2277 1789 2330 θε-

203 2348 511 2418 σπίσματα,
533 2352 626 2405 καὶ
646 2354 892 2423 ἀγγέλων
922 2359 1229 2427 ἐπιφάνειαι
1248 2378 1262 2391 ·
1292 2362 1508 2417 πάντων
1531 2365 1587 2418 δὲ
1611 2368 1788 2439 κρείτ-

200 2452 316 2529 των
340 2440 434 2491 καὶ
448 2440 719 2513 ἀνώτερος
737 2443 835 2515 τὴν
858 2447 997 2501 κατὰ
1015 2450 1232 2504 πάντων
1258 2450 1413 2524 νίκην
1446 2454 1659 2525 ἐπεῖχεν
1675 2458 1788 2529 (23)

200 2529 232 2581 ὸ
265 2528 514 2622 θάνατος,
552 2533 773 2604 ὑψηλὸς,
821 2539 1179 2612 μεγάλαυχος,
1226 2545 1606 2617 ὑπερήφανος
1637 2542 1682 2617 ᾧ

203 2619 736 2695 καταδεδουλωμένον
764 2627 826 2680 τὸ
859 2629 1050 2701 θνητὸν
1080 2634 1237 2701 γένος
1270 2622 1551 2703 παντοίαις
1570 2619 1786 2696 ἐκαλιῷ

200 2706 350 2762 eam
376 2716 758 2785 παρανομίαις,
788 2723 1139 2789 μιαιφονίαις,
1174 2725 1635 2798 ἀθεμιτουργίαις,
1662 2732 1787 2786 δυσ-

203 2800 465 2893 σεϐείαις,
497 2806 814 2881 πολυπλόκῳ
833 2813 1009 2888 πλάνῃ
1032 2831 1046 2846 ο
1076 2818 1279 2871 τούτων
1303 2819 1412 2893 γάρ
1430 2816 1500 2893 ἦν
1528 2824 1783 2880 ἁπάντων

203 2889 437 2957 θάνατος
463 2894 653 2960 αῐτιος.
698 2900 784 2963 Ὠς
810 2902 919 2974 γὰρ
962 2905 1156 2974 μηκέτι
1180 2906 1334 2970 ὄντες
1533 2911 1782 2980 θάνατον,

200 2981 276 3035 τὰ
303 2985 510 3056 μυρίων
532 2986 777 3044 θανάτων
808 2992 933 3059 ἄξια
956 2993 1188 3067 δρῶντες
1220 2998 1406 3070 διῆγον
1426 3018 1438 3031 ·
1472 3002 1564 3055 καὶ
1595 3004 1672 3067 ὡς
1696 3005 1784 3057 εύ-

203 3072 395 3139 θύναις
431 3077 679 3149 οὐδαμῶς
706 3082 1052 3154 ὑποκείμενα
1085 3086 1170 3141 διὰ
1204 3090 1305 3161 τὴν
1328 3092 1393 3143 ὲκ
1427 3091 1522 3145 τοῦ
1554 3092 1783 3149 θανάτου

203 3164 379 3229 λύσιν,
406 3166 516 3237 βίον
538 3169 676 3233 ἔζων
694 3172 949 3229 ἀδίαντον.
979 3175 1085 3240 Οὓς
1108 3178 1170 3249 δὴ
1192 3181 1524 3253 κατελεήσας
1542 3186 1571 3238 ό
1590 3186 1782 3255 Λόγος,

201 3256 301 3347 επὶ
333 3259 439 3329 τὴν
476 3261 685 3330 ἄμυναν
711 3264 982 3322 ἑσπευσεν
1005 3286 1019 3300 ·
1056 3265 1157 3323 εἴθ’
1188 3265 1275 3325 οἷα
1319 3272 1570 3342 βασιλεὺς
1599 3278 1784 3347 φιλαν-

201 3345 550 3417 θρωπότατος
575 3353 672 3407 τὸν
700 3356 841 3409 κατὰ
870 3356 964 3411 τοῦ
989 3358 1217 3413 θανάτου
1247 3360 1464 3433 ἔλεγχον
1487 3364 1553 3417 δι’
1574 3345 1783 3439 ἀνθρώ-

204 3454 311 3491 που
353 3440 568 3507 φύσεως
601 3445 932 3515 ἐμηχανᾶτο,
978 3446 1091 3519 ζωὴ
1136 3450 1235 3520 μὲν
1278 3453 1440 3516 αὐτὸς
1475 3455 1779 3525 τυγχάνων,

202 3530 300 3619 καὶ
326 3530 461 3585 Θεοῦ
493 3535 685 3603 Λόγος,
720 3538 815 3591 καὶ
839 3539 974 3594 Θεοῦ
1007 3541 1235 3612 δύναμις
1256 3558 1270 3574 ο
1300 3543 1414 3597 ἀλλ’
1445 3548 1507 3600 ού
1538 3548 1659 3619 δίχα
1688 3550 1781 3604 τοῦ

201 3618 567 3691 βοηθουμένου
613 3625 675 3679 τὸ
700 3626 809 3681 τῶν
848 3630 1150 3703 ἀνθρώπων
1199 3634 1469 3707 φόϐητρον
1516 3618 1783 3708 διελέγξαι

201 3711 417 3782 κρίνας.
466 3716 556 3768 Διὸ
600 3717 665 3789 δὴ
708 3719 859 3791 ὅπλῳ
915 3724 1255 3794 χρησάμενος
1295 3727 1636 3799 ἀνθρωπείῳ,
1689 3733 1783 3785 καὶ

200 3799 384 3871 θνητῷ
404 3802 615 3873 σώματι
642 3809 671 3860 ὁ
702 3808 1012 3881 ἀσώματος,
1042 3813 1134 3866 τὸν
1174 3814 1403 3870 θάνατον
1426 3818 1512 3871 διὰ
1538 3820 1631 3873 τοῦ
1656 3820 1782 3894 θνη-

196 3890 295 3944 τοῦ
320 3896 760 3965 κατηγωνίσατοε
798 3902 893 3954 καὶ
921 3904 1065 3973 μέγα
1096 3904 1279 3977 θαῦμα
1329 3910 1442 3970 τοῖς
1469 3911 1631 3967 πᾶσιν
1674 3890 1781 3966 ἀπ-

197 3978 394 4048 έδσιξε,
433 3986 686 4055 τρόπαιον
710 3988 1007 4055 ἀθανασίας
1035 3994 1175 4047 κατὰ
1201 3994 1294 4048 τοῦ
1329 3995 1554 4052 θανάτου
1574 3998 1660 4051 διὰ
1686 3999 1781 4053 τοῦ

196 4069 400 4142 θνητοῦ
433 4074 597 4128 ὅπλου
622 4079 823 4149 στήσας
854 4080 984 4150 (24).
1027 4082 1202 4152 Ἠφίει
1240 4087 1338 4156 μὲν
1365 4087 1472 4158 γάρ
1502 4088 1561 4139 τὸ
1587 4089 1781 4159 θνητὸν

195 4159 277 4221 είς
309 4159 478 4232 βορὰν
499 4164 575 4235 τῷ
597 4165 767 4238 θηρίῳ
788 4168 899 4239 (25)
918 4187 930 4199 ·
960 4171 1022 4225 τὸ
1047 4171 1091 4224 δ’
1105 4174 1304 4227 αὐτίκα
1330 4176 1408 4246 τῷ
1433 4176 1590 4247 ίκρέῳ
1617 4195 1781 4248 προσ-

192 4249 395 4319 ηλοῢτο
443 4254 979 4329 ἁνασταυρούμενονο
1029 4261 1106 4326 ὡς
1143 4262 1209 4317 ἂν
1242 4268 1356 4328 τοῖς
1400 4267 1566 4319 πᾶσιν
1610 4270 1643 4340 ἡ
1686 4268 1780 4322 τοῦ

196 4339 398 4412 θνητοῦ
417 4346 739 4419 γνωρισθείη
774 4350 953 4418 φύσις,
989 4353 1122 4422 μηδέ
1149 4372 1267 4407 τινα
1300 4356 1449 4409 λάθοι
1473 4358 1533 4410 τὸ
1553 4339 1782 4429 πραττό-

1810 3135 1857 3198 C

1900 543 2200 613 Discipulos
2248 546 2437 615 itaque
2476 560 2745 599 summam
2792 546 2989 601 habere
3039 547 3287 602 ﬁduciam
3336 565 3473 617 opus

1900 645 2017 689 erat
2043 637 2109 690 de
2137 638 2243 691 vita
2270 647 2390 706 post
2427 637 2633 691 obitum
2669 640 3063 706 recuperanda,
3098 651 3152 694 ut
3186 642 3467 712 intrepidi,

1901 726 2103 795 absque
2128 726 2237 781 ullo
2263 728 2452 783 mortis
2478 738 2621 782 metu
2650 727 2909 784 adversus
2940 730 3289 801 polytlteismi
3321 747 3466 789 erro-

1902 832 2013 871 rem
2042 828 2314 873 certamen
2350 818 2601 873 alacriter
2628 822 2983 889 susciperent.
3027 820 3162 876 Nam
3196 822 3298 878 nisi
3329 840 3468 878 mor-

1903 918 2007 962 tem
2072 919 2415 965 contemnere
2474 912 2874 977 assuevissent,
2940 928 3213 982 nunquam
3279 926 3470 970 contra

1904 998 2162 1058 terribilia
2211 1012 2271 1053 se
2319 999 2699 1055 aceinxissent.
2747 1000 3105 1067 Quamobrem
3156 1004 3470 1059 necessario

1901 1089 2020 1144 illos
2047 1103 2263 1143 armans
2292 1089 2556 1143 adversus
2587 1090 2775 1144 mortis
2816 1092 3134 1159 potentiam,
3180 1092 3321 1147 haud
3349 1108 3473 1162 pro.

1899 1180 2026 1234 latis
2069 1193 2165 1234 ore
2216 1178 2421 1234 voculis
2463 1179 2763 1234 doctrinam
2798 1180 2940 1235 hanc
2988 1180 3253 1245 tradebat.
3295 1196 3475 1252 neque

1900 1284 2209 1325 sermonum
2241 1284 2390 1322 more
2415 1269 2777 1325 humanorum
2817 1274 2884 1326 de
2926 1270 3119 1326 anima:
3147 1272 3467 1328 immortali-

1902 1369 2012 1415 tate
2052 1361 2419 1415 verisimiliter
2447 1361 2783 1426 disserebat,
2816 1364 2909 1416 sed
2944 1362 3061 1432 ipso
3092 1377 3255 1431 opere
3298 1365 3471 1417 relata

1900 1452 1967 1506 de
1990 1462 2164 1506 morte
2206 1463 2401 1520 tropaea
2435 1452 2540 1508 illis
2567 1454 2902 1508 ostendebat.

1970 1542 2113 1598 Sane
2176 1553 2293 1598 erat
2340 1544 2465 1598 olim
2519 1544 2727 1600 cunctis
2774 1545 3034 1600 terribilis
3082 1545 3173 1599 illa
3225 1546 3471 1602 mortalis

1903 1636 2113 1702 generis
2142 1635 2413 1705 pernicies
2446 1652 2626 1700 mors;
2662 1645 2717 1691 et
2741 1635 3022 1691 dissolutio
3057 1637 3473 1691 existimabatur

1902 1724 2167 1780 universa:
2197 1725 2436 1780 hominis
2466 1737 2692 1789 naturae,
2718 1726 2911 1779 animae
2935 1727 3094 1781 simul
3121 1737 3177 1781 et
3199 1729 3467 1795 corporis,

1900 1816 2087 1869 mortis
2126 1824 2477 1885 potentatus:
2531 1832 2795 1886 nemoque
2824 1833 2891 1871 ex
2920 1820 3065 1872 omni
3092 1833 3208 1873 aevo
3235 1822 3464 1875 exstite-

1901 1915 2002 1971 rat,
2025 1907 2115 1974 qui
2149 1907 2253 1961 hoc
2288 1908 2782 1962 terriculamentum
2816 1924 2883 1962 ex
2927 1910 3237 1964 hominibus
3276 1910 3464 1967 tollere

1898 2006 2100 2063 posset,
2147 1998 2438 2066 cunctique
2503 2016 2531 2050 a
2590 2014 2787 2069 magno
2835 2014 3007 2067 usque
3062 2000 3127 2054 ad
3177 2000 3461 2057 minimum

1899 2084 2089 2138 mortis
2118 2084 2309 2139 timore
2358 2088 2818 2153 percellebantur;
2870 2089 3108 2159 nihilque
3154 2103 3271 2146 erat
3318 2095 3464 2163 quod

1897 2173 2023 2228 huic
2049 2175 2190 2230 malo
2216 2178 2466 2233 solatium
2496 2180 2795 2245 conferret,
2832 2195 2935 2234 nou
2964 2196 3162 2244 sermo,
3198 2198 3305 2236 non
3344 2201 3462 2239 mo-

1896 2264 1996 2320 dus
2021 2264 2247 2335 aliquis.
2284 2283 2391 2323 non
2437 2271 2765 2341 sapientium
2814 2272 3076 2339 consilia,
3115 2288 3221 2330 non
3253 2275 3464 2343 prisco-

1899 2371 2013 2409 rum
2047 2356 2267 2421 litterae,
2300 2373 2404 2414 non
2436 2363 2825 2433 prophetarum
2865 2365 3088 2421 oracula
3110 2404 3128 2431 ,
3160 2380 3266 2420 non
3297 2381 3464 2435 ange-

1895 2445 2069 2502 lorum
2107 2450 2469 2519 apparitiones
2500 2469 2516 2505 :
2552 2454 2646 2509 sed
2679 2457 2936 2512 omnibus
2976 2458 3169 2537 fortior
3212 2465 3268 2512 et
3299 2472 3464 2527 supe-

1896 2539 2005 2593 rior
2029 2540 2384 2597 universalem
2414 2545 2698 2601 victoriam
2721 2549 3000 2604 obtinebat
3028 2564 3198 2615 mors,
3220 2549 3462 2614 excelsa,

1894 2628 2266 2700 gloriabunda,
2312 2636 2573 2703 superba.
2626 2638 2715 2692 cui
2762 2639 3128 2710 mancipatum
3165 2640 3460 2695 humanum

1894 2736 2084 2791 genus,
2112 2723 2166 2777 in
2191 2726 2340 2780 omni
2370 2726 2711 2783 volutabatur
2740 2731 2967 2797 scelere,
2990 2732 3249 2795 caedibus,
3283 2732 3466 2786 nefan-

1891 2813 1976 2868 dis
2007 2817 2293 2884 operibus,
2322 2818 2725 2889 irreligiositate
2748 2861 2763 2887 ,
2791 2823 3188 2892 multiplicique
3213 2839 3462 2879 errorum

1890 2918 2105 2971 genere.
2156 2906 2363 2976 Quippe
2408 2910 2603 2965 horum
2650 2914 2891 2967 omnium
2929 2929 3077 2971 mors
3106 2930 3273 2971 causa
3297 2926 3460 2972 erat:

1891 3005 2124 3061 namque
2182 2996 2449 3061 homines,
2504 3015 2601 3054 ceu
2648 3010 2772 3070 post
2825 3004 3032 3058 obitum
3084 3005 3216 3061 nihil
3277 3018 3463 3062 essent

1894 3080 2077 3149 futuri,
2145 3085 2308 3155 digna
2353 3082 2582 3145 infinitis
2630 3092 2894 3148 mortibus
2946 3097 3460 3166 perpetrabant:ac

1885 3172 2051 3228 veluti
2080 3174 2210 3230 nulli
2228 3191 2403 3245 pana:
2426 3177 2645 3234 obnoxii
2665 3220 2681 3246 ,
2704 3194 2925 3253 propter
2953 3200 3071 3240 eam
3098 3201 3259 3254 quam
3288 3198 3461 3269 morte

1887 3263 2001 3319 neri
2029 3265 2320 3322 credebant
2353 3268 2782 3337 dissolutionem,
2814 3274 2978 3328 vitam
3006 3276 3123 3331 siue
3162 3277 3267 3353 vita
3296 3263 3460 3345 ἀθέο-

1884 3352 2035 3418 bant.
2094 3353 2241 3421 Quos
2291 3357 2555 3414 miserans
2606 3360 2887 3427 Verbum,
2949 3365 3017 3420 ad
3088 3368 3457 3421 auxiliandum

1885 3442 2181 3499 festinavit.
2216 3447 2415 3503 Deinde
2449 3457 2507 3503 ut
2534 3466 2631 3506 rex
2666 3452 3124 3511 clementissimus
3163 3460 3456 3513 coercitio-

1885 3551 2005 3590 nem
2060 3540 2251 3594 mortis
2300 3555 2396 3609 per
2441 3542 2676 3601 hominis
2750 3556 2996 3601 naturam
3060 3549 3278 3606 molitus
3328 3562 3459 3619 est;

1884 3642 2114 3696 cumque
2164 3630 2211 3685 is
2255 3632 2365 3685 vita
2421 3632 2537 3702 ipsa
2591 3636 2697 3703 sit,
2751 3647 2807 3692 et
2849 3636 2943 3694 Dei
3000 3638 3262 3708 Verbum,
3294 3652 3458 3711 atque

1885 3723 2145 3789 potentia,
2201 3740 2308 3780 non
2360 3726 2478 3782 sine
2530 3735 2709 3784 tamen
2769 3730 2883 3798 ipsa
2948 3732 3305 3797 humanitate,
3366 3740 3455 3789 cui

1884 3826 2038 3880 opem
2067 3812 2293 3879 ferebat,
2325 3825 2587 3873 terrorem
2622 3820 2902 3874 hominum
2937 3823 3003 3877 de
3044 3824 3222 3877 medio
3251 3823 3445 3878 tollen-

1885 3902 2010 3955 dum
2028 3904 2311 3972 judicavit.
2343 3905 2725 3973 Quamobrem,
2748 3912 2913 3966 armis
2959 3922 3116 3967 utens
3167 3913 3441 3979 humanis,

1884 3994 2099 4049 mortali
2134 3996 2186 4049 in
2234 4012 2462 4065 corpore
2502 4001 2883 4071 incorporeum
2932 4002 3163 4058 Verbum
3223 4014 3455 4061 mortem

1884 4099 1943 4140 re
1964 4089 2181 4142 mortali
2213 4090 2519 4155 debellavit,
2551 4094 2862 4163 grandeque
2890 4095 3210 4150 miraculum
3237 4096 3450 4153 cunctis

1881 4180 2211 4241 ostentavit,
2259 4181 2680 4239 immortalitatis
2716 4194 2971 4255 tropaeum
3008 4188 3267 4243 adversus
3310 4202 3454 4243 mor—

1884 4279 1989 4323 tem
2022 4272 2344 4326 mortalibus
2372 4276 2538 4329 armis
2568 4286 2833 4333 statuens.
2860 4278 3070 4347 Quippe
3089 4293 3241 4333 suam
3266 4283 3449 4342 voraci

1881 4358 2072 4413 bellum
2108 4362 2390 4416 mortalem
2422 4374 2634 4432 partem
2661 4367 2913 4433 tradidit,
2941 4382 3061 4436 quae
3093 4368 3277 4421 statim
3304 4368 3450 4438 ligno

199 4448 384 4503 μενον,
418 4436 491 4507 μὴ
521 4437 840 4509 ἀνθρώπων,
889 4443 962 4513 μὴ
992 4444 1259 4513 δαιμόνων
1277 4463 1289 4475 ·
1319 4448 1485 4518 ἐχρῆν
1506 4449 1614 4521 γὰρ
1645 4452 1779 4505 πάν·

1890 4449 2052 4504 clavis
2081 4453 2291 4507 conﬁxa
2328 4454 2449 4521 fuit,
2482 4467 2539 4511 ut
2560 4458 2645 4514 sui
2676 4458 2928 4527 corporis
2965 4463 3159 4513 hatura
3207 4436 3451 4513 mortalis

194 4538 296 4587 τας
326 4526 573 4594 ἀκριὸῶς
600 4530 659 4583 τὸ
686 4530 876 4602 θνητὸν
912 4533 1059 4599 ἰδεῖν,
1086 4534 1162 4598 ὼς
1206 4538 1263 4589 ὲν
1295 4540 1535 4609 μεγίστῳ
1562 4539 1776 4612 θεάτρῳ

1890 4538 1949 4593 ab
1994 4543 2248 4597 omnibus
2274 4556 2677 4614 agnosceretur,
2718 4526 2818 4602 nec
2849 4562 3176 4617 quamquam
3213 4562 3298 4603 res
3327 4556 3445 4602 acta

195 4613 297 4683 τὴν
326 4616 531 4669 οἰκείαν
557 4621 850 4690 ὁμολογοῦν
877 4623 1036 4693 φύσιν
1058 4643 1071 4655 °
1108 4627 1173 4678 ἵν’
1204 4628 1329 4698 sea;
1357 4629 1597 4683 ἐπελθὼν
1622 4632 1650 4683 ό
1675 4632 1773 4686 θά-

195 4717 380 4769 νατος,
397 4699 482 4757 οἷα
504 4705 604 4778 θὴρ
630 4709 818 4774 δεινὸς,
839 4706 948 4776 οἶός
976 4716 1057 4776 τίς
1084 4714 1202 4767 ποτ’
1228 4710 1316 4786 ἦν,
1339 4717 1527 4770 ἑαυτὸν
1548 4719 1741 4792 ἐλέγξῃ
1759 4736 1771 4749 ’

196 4794 440 4848 κᾶπειτα
466 4797 563 4866 τῆς
585 4799 729 4870 ζωῆς
750 4804 783 4871 ἡ
818 4802 1064 4873 δύναμις,
1100 4805 1237 4872 μετὰ
1270 4806 1495 4861 θάνατον
1523 4810 1777 4863 ἐπελθοῦ-

196 4898 287 4948 σα,
332 4888 450 4948 τοῖς
481 4891 644 4941 πᾶσιν
685 4887 839 4955 αὖθις
882 4894 981 4964 τὴν
1013 4894 1154 4949 κατὰ
1194 4894 1288 4948 τοῦ
1332 4896 1559 4951 θανάτου
1601 4917 1778 4971 παρα-

194 4978 466 5049 στήσηται
518 4982 705 5053 νίκην,
755 4984 815 5036 τὸ
869 4984 1060 5057 θνητὸν
1106 4986 1371 5043 ἀθάνατον
1421 4990 1770 5057 ἀποδείξασα.

263 5248 383 5325 (2‘9)
401 5249 570 5325 Syrus
589 5253 798 5325 videtur
829 5255 1026 5325 legisse
1064 5259 1397 5317 ἀνατέλλειν.

266 5321 388 5397 (Et)
414 5323 650 5397 Apparet
682 5321 1103 5397 Sryrum'legisse
1134 5331 1379 5388 εἰκόνων.

268 5388 387 5461 (22)
428 5388 551 5460 Syr.
576 5407 661 5457 tu,
695 5388 783 5448 6⁷1.

269 5481 386 5553 (23)
414 5480 585 5552 Syrus
614 5486 774 5554 paulo
804 5486 964 5543 aliter
994 5490 1275 5559 periodum
1306 5494 1514 5550 dividit.

268 5569 384 5650 (μ)
424 5572 694 5650 [helenus
712 5576 819 5650 hoc
863 5576 1219 5650 fragmentum
1256 5584 1489 5650 (nempe
1529 5585 1597 5639 ab
1656 5584 1763 5641 illis

199 5638 387 5727 verbis,
420 5638 489 5713 ἦν
532 5643 631 5727 μὲν
666 5645 774 5727 γὰρ
797 5638 987 5727 Δςιτάλιῖι.
1032 5638 1296 5722 πρότερον
1337 5638 1759 5727 φοέερόςβξίο.)

204 5711 463 5767 recitatur
489 5711 557 5765 ait
578 5711 769 5769 eodem
793 5716 978 5771 Niceta
1013 5711 1176 5774 etiam
1202 5711 1254 5776 in
1280 5711 1755 5795 caiena'ad'Epist:

438 5811 714 5868 Ρηιιοι..
760 5808 879 5873 Gtt.
931 5811 1078 5872 XXI
1093 5813 1160 5872 V.

1877 4626 2066 4683 lateret
2117 4630 2231 4685 sive
2283 4634 2553 4688 hominem
2621 4635 2737 4689 sive
2786 4637 3107 4690 daemonem.
3186 4638 3451 4711 Intererat

1878 4721 2021 4774 enim
2065 4731 2123 4775 ut
2160 4737 2351 4779 omnes
2384 4735 2639 4781 accurate
2679 4728 2926 4782 viderent
2949 4743 3070 4783 eum
3103 4727 3193 4797 qui
3239 4729 3441 4782 morie-

1878 4812 2057 4876 batur,
2084 4814 2355 4881 prepriam
2393 4814 2738 4870 conﬁtentem
2762 4857 2778 4881 ,
2829 4825 3083 4886 tanquam
3133 4820 3190 4870 iu
3229 4827 3447 4886 specta-

1878 4902 2000 4956 culo
2044 4904 2301 4968 maximo,
2353 4913 2628 4970 naturam;
2693 4917 2753 4961 ut
2811 4907 3005 4962 deinde
3061 4909 3449 4976 superveniens

1879 5007 2047 5057 mors,
2084 5008 2182 5047 ceu
2220 4996 2336 5047 dira
2365 4995 2543 5050 bellua
2569 5036 2585 5060 ,
2608 5012 2855 5067 quaenam
2889 4999 3119 5068 ipsamet
3150 5008 3311 5063 esset,
3350 5013 3445 5069 per

1873 5265 1941 5338 ad
1979 5264 2141 5338 llebr.
2170 5280 2288 5335 cap.
2337 5268 2546 5332 11,-17;
2586 5272 2679 5323 sed
2715 5278 2860 5323 recte
2888 5272 3106 5338 quidem
3157 5274 3208 5326 in
3256 5275 3445 5330 codice

1871 5334 2258 5409 Mediolanettsi
2284 5353 2351 5409 ex
2384 5338 2760 5409 Εὑαγγελικῆς
2791 5334 3132 5408 θεοφανείας.
3187 5344 3445 5401 mendose

1870 5404 2456 5479 autgu_iu_Pai-isi_aco
2491 5404 2574 5479 (ut
2613 5404 2757 5479 certe
2804 5404 3071 5479 est—apud
3090 5411 3438 5471 Cramerum.

1866 5487 1920 5543 ι).
1946 5473 2073 5545 426)
2126 5473 2509 5547 Εύαγγελικῆς
2537 5477 2886 5542 ἀποδείξεως.

1935 5586 2049 5657 (25)
2089 5586 2310 5667 Delium,
2340 5589 2393 5643 id
2420 5600 2518 5667 est
2532 5594 2722 5655 morti,
2763 5610 2875 5667 non,
2910 5593 3095 5667 θείίιιίσ
3129 5604 3190 5650 ut
3242 5596 3435 5667 Syrus,

1868 5672 1970 5733 seu-
2003 5657 2148 5733 angi.
2174 5659 2384 5733 ‘Peasts.
2427 5660 2629 5731 Nempe
2666 5664 2825 5733 paulo
2863 5665 3003 5719 intra
3042 5679 3187 5719 mors
3228 5657 3431 5722 diserte

1869 5727 2067 5783 dicitur
2106 5727 2297 5785 bellua.

3080 5826 3160 5884 20
