4070 6304
623 385 728 443 623

1277 378 1540 437 EUSEBII
1577 375 2048 434 CJSARIENSIS
2082 372 2230 429 OPP.
2269 373 2445 429 PARS
2487 373 2573 427 IV.
2612 404 2681 415 —
2720 368 3131 428 DOGIA'I'ICA.

3561 86 3934 120 —_

3725 365 3855 421 σεε

626 497 874 553 dictionis
931 503 1080 552 testis
1129 497 1415 552 subsecuta
1464 505 1588 561 est;
1625 509 1746 548 nam
1803 507 1934 563 puer
1983 493 2158 548 statim

2270 509 2366 545 νον.
2399 489 2531 545 Είπε
2562 491 2690 562 γὰρ,
2728 491 2822 543 καὶ
2853 487 2912 541 τὺ
2953 487 3111 556 ιργον
3143 481 3470 554 ἠκολούθησε
3516 481 3854 552 μαρτυροῦν

625 585 914 644 convaluit.

693 677 842 744 Quod
887 675 931 730 si
978 675 1100 745 quis
1144 674 1281 728 hanc
1326 686 1440 727 rem
1493 687 1634 744 aegre
1669 674 1771 728 sibi
1825 673 1893 726 ob
1936 670 2162 743 prodigii

626 765 1044 839 magnitudinem
1072 763 1414 832 persuadeat,
1473 763 1612 817 haud
1659 772 1839 816 tamen
1869 762 1938 816 de
1982 762 2167 833 pradi-

625 857 810 913 ctione
841 863 986 910 recte
1016 853 1300 919 dubitabit,
1344 867 1410 905 ex
1451 868 1556 922 qua
1599 853 1898 907 evidentior
1930 852 2051 906 facti
2075 852 2167 906 de-

627 944 946 1001 monstratio
977 941 1278 1004 coniicitur,
1303 940 1347 994 si
1379 940 1503 1009 quis
1533 947 1765 1009 reputet,
1792 939 2011 993 unicum
2056 938 2166 992 flo-

625 1052 842 1093 manum
868 1035 1144 1092 hominem
1185 1033 1347 1088 fuisse
1379 1031 1471 1100 qui
1503 1033 1567 1085 ad
1607 1030 1952 1085 Servatorem
1981 1044 2166 1084 acces-

624 1131 716 1197 sit,
757 1130 953 1199 quique
1001 1126 1256 1193 majorem
1291 1126 1452 1180 etiam
1511 1125 1789 1195 magisque
1823 1124 2161 1188 benevolam,

623 1233 783 1289 quam
825 1215 1046 1273 Iudaica
1095 1214 1447 1276 natio,'fecit
1483 1213 1686 1268 Christi
1736 1212 2161 1278 confessionem;

623 1317 809 1365 noster
857 1321 988 1362 vero
1029 1305 1290 1361 Servator
1339 1303 1538 1358 mullos
1593 1319 1690 1375 pro
1743 1319 1870 1366 uno,
1923 1317 2074 1370 :eqne
2103 1318 2166 1357 ac

622 1398 783 1464 hunc,
838 1397 903 1450 ad
953 1411 1012 1450 se
1062 1407 1372 1450 accessuros
1416 1391 1646 1448 aﬂirmat
1696 1408 1764 1448 ex
1816 1393 2165 1448 orientalibus

623 1487 950 1560 regionibus,
979 1487 1208 1555 itemque
1231 1499 1299 1538 ex
1323 1484 1763 1550 occidentalibus,
1788 1486 1877 1553 qui
1903 1484 1973 1537 ob
2008 1499 2161 1538 suam

621 1578 818 1634 Christi
839 1577 1191 1648 cognitionem
1215 1581 1268 1629 et
1291 1573 1706 1640 confessionem,
1733 1575 1874 1629 haud
1903 1575 2162 1628 minorem

622 1684 653 1724 a
702 1670 812 1724 Deo
861 1675 1255 1736 consequentur
1287 1665 1545 1720 honorem
1591 1681 1754 1734 quam
1815 1665 2162 1725 Hebmorttm

622 1767 891 1829 parentes.
921 1755 1158 1826 Namque
1174 1765 1229 1809 et
1251 1755 1444 1809 horum
1475 1755 1804 1825 patriarcha,
1833 1754 2048 1810 celeber
2077 1753 2165 1809 ille

2264 586 2327 654 τῇ
2361 583 2692 654 προῤῥήσει’
2726 582 2819 636 καὶ
2855 578 2977 648 ἰάθη
3007 579 3036 630 6
3069 579 3198 638 παῖς
3228 575 3439 628 αὐτίκα.

2346 673 2483 725 Ἀλλ’
2505 674 2554 725 εἰ
2583 672 2717 743 πρὸς
2742 671 2896 724 τοῦτό
2917 687 3002 734 τις
3026 667 3330 729 δυσπίστως
3356 665 3466 735 ἔχει
3495 665 3582 719 διά
3605 665 3704 736 τὴν
3733 663 3852 717 τοῦ

2265 762 2539 832 θαύματος
2601 761 2932 834 ὑπερϐολὴν,
2997 757 3109 812 ἀλλ’
3175 757 3276 808 οὐκ
3330 756 3422 808 ἐπὶ
3471 756 3852 827 προρρήσεως

2267 854 2558 922 σκήπτοιτο
2586 851 2652 904 ἀν
2684 851 2918 918 εὐλόγως
2936 891 2950 914 ,
2978 848 3062 917 έφ’
3153 847 3353 917 μείζων
3382 845 3412 896 6
3445 846 3542 915 τῆς
3572 844 3853 915 πράξεως

2265 942 2480 1011 ἐλεγχος
2509 939 2975 1011 ἀποδειχθήσεται,
3006 939 3058 992 εί
3079 955 3164 1002 τις
3201 940 3259 991 ὲν
3291 937 3366 1006 νῷ
3391 936 3562 1000 λάϐοι,
3596 937 3672 998 ὡς
3698 935 3850 986 τότε

2268 1031 2364 1100 μὲν
2389 1027 2469 1093 εἷς
2509 1029 2775 1100 Ῥωμαῖος
2802 1026 2868 1099 ἦν
2895 1032 2924 1082 6
2946 1026 3024 1099 τῷ
3055 1028 3265 1097 Σωτῆρι
3300 1023 3708 1098 προσεληλυθώς
3743 1041 3850 1093 χι-

2265 1119 2500 1191 λίαρχος,
2527 1120 2556 1171 ό
2579 1118 2643 1189 δή
2667 1117 2886 1188 μείζονα
2914 1117 3007 1170 καί⁸
3037 1116 3540 1186 εὐγνωμονεστέραν
3566 1115 3660 1167 τοῦ
3691 1116 3854 1166 ’1ου-

2263 1210 2426 1264 δαίων
2462 1210 2644 1274 ἔθνους
2674 1208 3042 1279 ἐνδειξάμενος
3073 1208 3171 1278 τὴν
3201 1208 3282 1270 εἰς
3313 1207 3471 1260 αὐτὸν
3497 1206 3799 1276 ὁμολογίαν
3826 1221 3845 1235 ο

2264 1304 2292 1354 6
2319 1302 2364 1354 δ’
2393 1301 2656 1373 ἡμέτερος
2688 1299 2875 1370 Σωτὴρ
2905 1299 3128 1362 πολλοὺς
3153 1297 3266 1352 ἀνθ’
3301 1297 3417 1360 ἑνὸς
3459 1296 3667 1352 ίσεσθαι
3691 1297 3853 1359 τοὺς

2265 1394 2384 1446 κατ’
2427 1395 2630 1446 ἐκεῖνον
2669 1391 2955 1462 μέλλοντας
3003 1390 3153 1459 αὑτῷ
3201 1390 3480 1459 προσιέναι
3512 1390 3574 1441 ὲκ
3617 1387 3732 1441 τῶν
3776 1404 3854 1441 τε

2265 1481 2398 1552 πρὸς
2434 1481 2506 1532 ἕω
2540 1478 2630 1533 καὶ
2679 1477 2942 1550 ἀνατολήν
2987 1479 3284 1549 κλιμάτων,
3313 1478 3421 1531 τῶν
3452 1495 3510 1530 τε
3542 1478 3678 1531 κατά
3701 1477 3857 1532 δυό-

2267 1589 2425 1641 μενον
2463 1572 2611 1642 ήλιον
2651 1570 2937 1624 οἰκούντων
2979 1568 3257 1633 θεσπίζει,
3307 1569 3431 1631 τοὺς
3464 1568 3550 1622 διὰ
3590 1571 3688 1639 τῆς
3755 1569 3856 1631 είς

2263 1661 2423 1713 αὐτὸν
2458 1658 2800 1730 ὲπιγνὼσεώς
2831 1677 2888 1712 τε
2930 1657 3025 1712 καὶ
3063 1658 3352 1728 ὁμολογίας
3388 1658 3490 1728 τῆς
3523 1659 3640 1726 ίσης
3670 1657 3856 1728 παρὰ

2263 1748 2381 1818 Θεῷ
2411 1750 2575 1819 τιμῆς
2602 1752 2713 1811 τοῖς
2749 1747 3009 1816 Ἐϐραίων
3042 1747 3382 1819 προπάτορσι
3417 1743 3855 1817 καταξιωθήσο-

622 1843 979 1905 Abrahamus,
999 1858 1066 1898 ex
1095 1842 1408 1912 irreligiosis
1444 1843 1754 1912 parentibus
1795 1852 1968 1910 ortus,
1997 1843 2162 1898 vitam

2270 1840 2489 1912 μένους’
2525 1841 2606 1894 ὅτι
2651 1840 2714 1912 δὴ
2757 1840 3019 1894 κάκείνων
3054 1843 3082 1893 6
3123 1839 3449 1911 προπάτωρ,
3481 1837 3638 1902 αὐτὸς
3679 1837 3760 1909 δὴ
3817 1840 3858 1893 6

625 1935 996 1998 commutavit,
1021 1947 1050 1987 a
1076 1932 1417 2004 polytheismi
1451 1947 1639 1987 errore
1667 1934 1944 1999 recedens,
1973 1949 2167 1986 unum-

626 2039 731 2097 que
789 2023 1146 2080 universalem
1197 2024 1362 2078 Deum
1404 2023 1517 2092 ipse
1567 2023 1803 2092 agnovit.
1839 2023 1976 2090 Quin
2002 2024 2165 2078 etiam

636 2118 752 2189 ejus
781 2115 906 2172 ﬁliis
932 2118 1114 2172 isaaco
1145 2126 1303 2184 atque
1347 2113 1546 2170 Jacobo
1578 2113 1782 2170 similes
1828 2113 1972 2170 fores
2004 2114 2166 2169 innu-

634 2221 812 2263 meros
837 2220 931 2278 per
947 2208 1246 2261 universum
1271 2205 1476 2268 orbem,
1511 2205 1810 2273 praesertim
1837 2219 1964 2259 vero
1987 2204 2169 2260 orien-

634 2299 706 2353 tis
737 2308 791 2353 et
816 2297 1025 2354 occidui
1058 2297 1187 2353 solis
1213 2297 1459 2367 populos,
1494 2295 1762 2366 pmdixit.
1793 2294 2030 2364 Denique
2056 2310 2167 2350 Illo-

626 2388 792 2444 menti
859 2387 1082 2441 maximi
1151 2387 1464 2456 superaddit
1539 2385 1625 2442 his
1710 2387 2162 2455 praedictionem;

629 2493 817 2549 nempe
839 2481 980 2548 quod
1018 2475 1184 2532 Judaei
1225 2477 1348 2546 ipsi,
1374 2476 1481 2533 Deo
1506 2477 1789 2533 charorum
1827 2476 2033 2532 illorum
2075 2492 2171 2546 po-

628 2571 777 2631 steri,
821 2570 910 2639 qui
956 2568 1320 2624 Abrahamum
1365 2568 1658 2636 iactabant,
1705 2567 1946 2622 lsaacum
2001 2578 2164 2638 atque

627 2658 909 2722 Jacobum,
940 2669 1159 2726 propter
1184 2671 1335 2712 suam
1372 2657 1630 2712 adversus
1671 2657 1834 2712 Deum
1863 2657 2168 2712 vecordiam

626 2759 681 2801 et
709 2747 1159 2809 incredulitatem,
1207 2760 1306 2801 ceu
1357 2747 1596 2800 scientiae
1644 2744 1848 2800 lumine
1876 2746 2080 2811 orbati,
2115 2749 2168 2800 in

629 2839 880 2892 tenebras
908 2837 1207 2892 exteriores
1233 2835 1530 2905 expellendi
1560 2844 1742 2892 essent
1769 2853 1783 2889 :
1815 2836 1894 2891 sic
1915 2835 2166 2890 nimirum

628 2926 950 2995 imperitiam
984 2924 1219 2992 illorum,
1246 2938 1618 2993 summamque
1666 2923 1962 2989 inscitiam,
1991 2933 2046 2981 et
2077 2939 2168 2979 sa-

627 3018 820 3073 lutaris
852 3017 1068 3078 luminis
1107 3015 1389 3073 orbitatem
1436 3018 1754 3087 pradicens.
1801 3015 1937 3072 Hinc
1989 3031 2169 3072 rerum

628 3117 840 3178 oportet
869 3110 1071 3164 exitum
1123 3109 1576 3172 animadvertere,
1625 3117 1790 3178 atque
1838 3109 1971 3163 adeo
1999 3107 2171 3163 oculis

631 3198 1004 3269 contemplari,
1055 3197 1322 3266 quomodo
1349 3196 1538 3262 Judaei,
1565 3197 1658 3267 qui
1685 3199 1948 3253 dictorum
1998 3198 2175 3252 homi-

633 3307 759 3347 num
809 3293 916 3347 Deo
945 3294 1230 3348 charorum
1278 3306 1445 3362 genus
1498 3305 1617 3347 esse
1657 3289 1974 3361 gloriantur,
2020 3289 2172 3358 ejecti

629 3382 832 3438 fuerint
864 3398 968 3438 non
998 3397 1162 3454 regno
1206 3383 1297 3438 Dei
1347 3383 1736 3448 tantummodo,
1783 3397 1974 3438 verum
2008 3382 2171 3436 etiam

627 3489 782 3529 sacra
811 3475 1044 3544 ipsorum
1079 3473 1346 3544 regalique
1377 3471 1652 3541 metropoli
1676 3489 1690 3526 :
1717 3471 1966 3542 exemplo
1994 3481 2172 3527 autem

628 3564 805 3629 unius,
833 3563 924 3632 qui
961 3561 1087 3618 olim
1120 3564 1185 3618 ad
1220 3560 1562 3618 Servatorem
1611 3563 1868 3630 accessit,
1899 3563 2174 3618 centurio-

627 3655 733 3719 nis,
762 3653 1172 3709 innumerabilis
1201 3653 1476 3709 hominum
1513 3653 1804 3709 multitudo
1828 3668 1895 3709 es
1941 3653 2172 3710 nationi-

628 3745 732 3801 bus
769 3746 1000 3810 cunctis,
1044 3760 1196 3815 aeque
1240 3761 1304 3801 ac
1348 3746 1456 3815 ille,
1509 3747 1722 3803 Christo
1780 3746 2033 3817 adjuncta
2079 3745 2172 3810 sit,

629 3853 749 3908 qua:
777 3839 844 3892 ab
867 3853 931 3892 eo
953 3839 1162 3904 edocto,
1196 3839 1442 3896 eumdem
1477 3853 1634 3908 quem
1677 3839 1866 3909 inclyti
1913 3836 1989 3891 illi
2033 3837 2172 3906 apud

631 3926 882 3984 Hebraeos
918 3929 1039 3990 viri,
1069 3929 1234 3985 Deum
1259 3945 1569 4000 agnoscere,
1595 3945 1787 3998 parem
1815 3928 1925 3984 illis
1955 3929 2022 3984 ab
2055 3927 2175 3984 uni-

630 4019 828 4074 versali
855 4034 976 4087 rege
1009 4021 1116 4076 Deo
1144 4023 1447 4079 mercedem
1487 4022 1723 4092 recipere
1743 4022 1902 4091 digna
1935 4020 2052 4074 fuit.

2267 1929 2537 2000 βοώμενος
2581 1929 2830 2002 ’Δϐραάμ
2860 1932 3198 2002 έκαπατέρων
3213 1931 3537 2004 ’ὁρμώμενος
3567 1931 3856 1986 δεισιδαιο

2269 2022 2442 2093 μόνων
2474 2020 2826 2092 μετεϐάλλετο
2851 2025 2943 2076 τὸν
2977 2023 3110 2094 βίον,
3140 2024 3238 2094 τῆς
3272 2023 3369 2093 μὲν
3402 2023 3654 2077 πολυθέου
3684 2022 3860 2078 πλά-

2267 2129 2363 2182 νης
2389 2113 2762 2184 ἀναχωρήσας,
2803 2112 2898 2166 ἕνα
2921 2113 2978 2166 δι
3010 2114 3100 2168 τὸν
3146 2115 3238 2167 ἐπὶ
3289 2115 3505 2168 πάντων
3532 2114 3662 2167 Θεὸν
3695 2117 3857 2170 ἐπι-

2267 2202 2426 2270 γνοὺς
2460 2201 2574 2256 όδί·
2613 2203 2847 2266 καὶτοῖς
2878 2202 3040 2257 αὑτοῦ
3082 2205 3238 2257 παισὶ
3269 2205 3347 2275 τῷ
3391 2203 3570 2257 Ίσαάκ
3609 2207 3705 2257 καί⁵
3759 2205 3861 2278 τῷ

2281 2291 2471 2346 Ἰακὼϐ
2506 2291 2722 2363 ὁμοίους
2768 2293 2982 2347 ἔσεσθαι
3019 2295 3242 2365 μυρίους
3281 2293 3401 2347 καθ’
3442 2295 3566 2364 ὅλης
3610 2295 3714 2364 τῆς
3752 2296 3857 2349 οἰ-

2268 2383 2557 2453 κουμένης,
2591 2384 2684 2436 καὶ
2713 2382 2916 2436 τούτων
2945 2383 3176 2454 μάλιστα
3195 2385 3265 2437 τά
3292 2384 3427 2454 πρὸς
3452 2385 3525 2437 ιω
3550 2383 3696 2454 ἔθνη,
3737 2385 3860 2442 καὶ

2266 2472 2391 2535 τοὺς
2445 2470 2586 2525 κατά
2627 2470 2882 2542 δυόμενον
2921 2472 3069 2543 ἥλιον
3111 2471 3390 2536 οικοῦντας
3433 2472 3854 2544 προαγορεύει·

2268 2561 2587 2632 προστίθησί
2629 2578 2684 2615 τε
2716 2561 2926 2626 τούτοις
2956 2563 3018 2616 τὸ
3049 2563 3300 2634 μέγιστον
3327 2563 3426 2635 τῆς
3454 2567 3855 2635 προρρήσεως

2268 2653 2420 2706 αὐτοὶ
2457 2653 2694 2707 Ἰουδαῖοι
2719 2652 2828 2707 τῶν
2865 2653 3128 2724 θεοφιλῶν
3167 2655 3390 2709 ἐκείνων
3423 2655 3669 2722 ἀπόγονοι
3687 2694 3707 2717 ,
3744 2657 3860 2710 τὸν

2280 2743 2530 2816 ’Δϐραάμ
2559 2742 2851 2815 αὐχοῦντες
2886 2744 3096 2799 καὶτὸν
3137 2745 3319 2799 Ἰσαὰκ
3350 2745 3444 2799 καὶ
3477 2745 3567 2799 τὸν
3607 2747 3858 2812 Ἰακὼϐ,

2268 2833 2356 2888 διὰ
2394 2834 2491 2906 τὴν
2535 2835 2616 2898 εἰς
2652 2833 2813 2890 αὐτὸν
2843 2835 3065 2904 ἀλογίαν
3110 2853 3170 2889 τε
3204 2837 3298 2891 καὶ
3327 2838 3602 2900 ἀπιστίαν,
3639 2837 3722 2900 ὼς
3775 2839 3862 2893 ἂν

2268 2927 2362 2981 τοῦ
2400 2928 2499 2998 τῆς
2531 2927 2784 2995 γνώσεως
2815 2927 2994 2996 φωτὸς
3033 2928 3484 3000 ἀπεστερημένοι,
3534 2927 3860 3000 ἀπόϐλητοι

2269 3019 2584 3090 γενήσονται
2613 3021 2693 3082 εἰς
2726 3017 2793 3072 τὸ
2831 3019 3018 3084 σκότος
3059 3019 3122 3074 τὸ
3165 3018 3446 3091 ἐξώτερον,
3480 3019 3576 3092 τήν
3605 3021 3862 3089 ἀγνοιαν

2197 3153 2241 3212 c
2272 3110 2449 3164 αὐτῶν
2495 3111 2586 3163 καὶ
2614 3111 2714 3181 τήν
2758 3109 2991 3212 έσχάτην
3022 3109 3289 3182 ἀμαθίαν,
3321 3109 3416 3164 τοῦ
3463 3128 3522 3165 τε
3563 3114 3864 3184 σωτηρίου

2276 3201 2450 3270 φωτὸς
2477 3200 2574 3272 τήν
2607 3201 2860 3272 στέρησιν
2888 3195 2990 3256 ὧδέ
3028 3219 3104 3274 πη
3144 3205 3617 3275 προαναφωνήσας.
3659 3204 3863 3262 Ἔνθα

2272 3293 2335 3364 δή
2364 3293 2647 3363 ἐπιστῆσαι
2680 3294 2792 3355 τοῖς
2821 3291 3220 3364 ἀποτελέσμαει
3265 3295 3527 3366 προσήκει
3557 3293 3647 3348 τὸν
3676 3296 3863 3362 νοῦν,

2271 3383 2566 3454 ὀφθαλμοῖς
2589 3399 2648 3435 τε
2678 3384 2860 3446 αὐτοῖς
2886 3383 3237 3453 παραλαϐεῖν,
3263 3385 3339 3448 ὡς
3368 3385 3603 3440 Ἰουδαῖοι
3634 3386 3771 3457 μὲν,
3800 3392 3864 3445 οι

2269 3472 2375 3526 τῶν
2406 3471 2708 3543 εἰρημένων
2739 3472 2998 3542 θεοφιλῶν
3273 3474 3429 3543 γένος
3460 3470 3594 3529 εῖναι
3629 3493 3864 3548 σεμνυ-

2270 3563 2505 3635 νόμενοι,
2539 3563 2790 3635 ἐκϐλητοι
2818 3565 3099 3634 γεγόνασιν
3139 3567 3202 3619 οὐ
3233 3566 3330 3637 τῆς
3368 3565 3462 3622 τοῦ
3499 3566 3631 3620 Θεοῦ
3673 3566 3864 3638 βασι.

2273 3654 2421 3719 λείας
2453 3656 2633 3726 μόνον,
2663 3655 2796 3709 ἀλλά
2820 3657 3029 3726 καὶτῆς
3056 3655 3232 3710 αὐτῶν
3260 3659 3409 3728 ἰερᾶς
3435 3659 3527 3710 καὶ
3551 3657 3864 3734 βασιλικῆς

2277 3747 2674 3818 μητροπόλεως
2696 3748 2787 3800 ἐπὶ
2807 3747 2864 3802 δὲ
2894 3747 3008 3812 ένδς
3029 3747 3124 3800 τοῦ
3150 3748 3317 3802 πάλαι
3339 3749 3415 3820 τῷ
3434 3749 3640 3819 Σωτῆρι
3662 3767 3864 3823 προσ-

2274 3835 2586 3906 εληλυθότος
2652 3837 2924 3907 χιλιάρχου
2970 3838 3172 3906 ἀφατος
3220 3838 3428 3909 ἀνδρῶν
3480 3839 3706 3910 ἀριθμὸς
3792 3845 3864 3910 ἐξ

2277 3929 2528 3980 ἀπάντων
2560 3925 2668 3979 τῶν
2695 3926 2861 3979 ἐθνῶν
2886 3927 3086 3997 ὁμοίως
3113 3929 3306 4000 ἐκείνῳ
3327 3929 3404 4000 τῷ
3427 3929 3639 4002 Χριστῷ
3662 3947 3862 4003 προσ.

2277 4019 2482 4082 ιόντων,
2523 4019 2614 4070 καὶ
2635 4017 2725 4071 διά
2745 4017 2844 4087 τῆς
2865 4019 3024 4072 αὑτοῦ
3053 4019 3394 4085 διδασκαλίας
3432 4022 3521 4075 τὸν
3551 4022 3654 4076 τῶν
3696 4027 3861 4097 παρ’

638 4110 905 4182 Ἑϐραίοις
945 4110 1263 4182 λαμψάντων
1301 4111 1504 4185 ἀνδρῶν
1534 4113 1852 4176 ἐπιγνόντων
1881 4111 2033 4178 Θεὸν,
2066 4109 2165 4179 τῆς
2203 4107 2323 4178 ῐσης
2360 4109 2538 4172 αὐτοῖς
2605 4109 2827 4172 ἐκείνοις
2895 4110 3148 4180 ἠξίωνται
3198 4113 3348 4184 παρά
3388 4113 3466 4184 τῷ
3506 4113 3862 4185 παμϐασιλιτ

627 4206 745 4277 Θεῷ
776 4205 1030 4276 ἀμοιϐῆς.

698 4387 1076 4445 MandatPetro
1098 4389 1350 4444 Dominus
1361 4301 1495 4444 u'tad
1514 4392 1743 4459 praedam
1763 4392 1894 4445 retia
1907 4391 2170 4454 demittat;

622 4481 714 4547 qni
735 4479 1162 4548 quidemjussutn
1184 4481 1511 4549 exsequitur.
1544 4481 1676 4536 Cum
1706 4492 1883 4536 autem
1928 4497 2174 4552 magnam

627 4566 854 4633 piscium
875 4566 1266 4622 multitudinem
1285 4567 1694 4634 conclusissent,
1711 4579 1766 4624 et
1782 4569 1910 4623 retia
1943 4569 2174 4637 pondere

628 4664 850 4721 gravata
866 4656 1318 4724 dirumperenlur,
1333 4671 1484 4726 opem
1503 4669 1690 4727 petunt
1707 4674 1734 4712 a
1750 4660 1922 4713 vicina
1952 4658 2174 4712 navicu-

629 4745 676 4796 la
698 4757 714 4808 ;
739 4752 897 4812 atque
910 4744 980 4797 ita
997 4729 1250 4799 extractis
1263 4745 1494 4813 piscibus
1512 4756 1788 4816 utramque
1817 4746 2066 4816 scapham
2085 4762 2174 4800 re-

629 4834 993 4902 pleverunt,in
1011 4842 1218 4888 tantum
1233 4839 1465 4906 utmergi
1495 4838 1940 4904 periclitarentur.
1972 4836 2174 4904 Quam-

629 4925 813 4978 obrem
856 4924 1206 4979 admiratione
1243 4924 1432 4981 Petrus
1479 4928 1780 4995 perculsus,
1811 4928 2084 4998 indignum
2112 4943 2170 4983 se

628 5013 981 5068 conﬁtebatur
994 5025 1051 5069 ut
1066 5013 1319 5070 Servatur
1335 5017 1400 5070 ad
1419 5033 1478 5071 se
1503 5020 1724 5072 veniret.
1749 5018 1840 5074 Ille
1855 5028 2057 5082 autem,
2079 5019 2170 5089 qui

631 5115 880 5174 tanquam
918 5104 1080 5160 futuri
1112 5110 1367 5176 temporis
1390 5108 1675 5179 imaginem
1703 5111 1801 5179 ipsi
1838 5113 2172 5176 ostenderat,

631 5195 1120 5263 interpretationem
1143 5210 1352 5266 quoque
1380 5197 1528 5260 facit,
1565 5199 1776 5267 aitque:
1805 5200 1930 5254 Noli
1955 5202 2171 5264 timere;

631 5280 815 5334 abhinc
842 5282 975 5336 enim
1006 5283 1106 5336 eris
1131 5284 1360 5337 homines
1380 5286 1448 5351 ad
1486 5287 1647 5340 vitam
1682 5287 1906 5355 capiens.
1951 5288 2172 5344 Cunctis

631 5385 758 5428 vero
783 5373 976 5426 simul:
1017 5372 1193 5427 Venite
1217 5385 1328 5442 post
1361 5393 1459 5441 me,
1492 5375 1782 5448 faciamque
1808 5395 1892 5435 nos
1938 5381 2168 5449 piscato-

635 5477 714 5516 res
741 5464 1024 5518 Iiontinum.
1054 5464 1310 5521 Calilaaos
1354 5468 1621 5534 homines,
1669 5470 1799 5526 viles
1850 5472 2172 5537 rusticanos,

638 5553 769 5606 nihil
799 5566 997 5622 praeter
1021 5555 1277 5626 Syrorum
1305 5557 1600 5614 di'alectum
1634 5561 1886 5628 scientes,
1919 5573 2037 5619 arte
2065 5565 2168 5618 hu-

1009 5671 1075 5733 A,
1112 5670 1265 5742 f._85.
1298 5672 1419 5742 Syr.
1454 5674 1543 5729 lib.
1568 5690 1640 5734 tv.
1662 5674 1716 5730 6.

707 5734 818 5806 (6|)
851 5735 1113 5796 llactenus
1141 5734 1493 5810 fragmentum
1527 5746 1785 5801 recitatur
1811 5745 1992 5807 Grece
2011 5749 2174 5807 etiam

2206 4300 2256 4357 D

3014 4293 3088 4345 E’.

2349 4385 2459 4455 (40)
2484 4383 2915 4454 Παρακελεύεται
2946 4385 3044 4456 μὲν
3068 4385 3146 4456 τῷ
3175 4386 3364 4457 Πέτρῳ
3394 4388 3423 4439 6
3450 4386 3645 4456 Κύριος
3673 4388 3860 4456 χαλά-

2283 4494 2370 4530 σαι
2409 4478 2486 4539 εἰς
2516 4474 2690 4547 ἄγραν
2717 4474 2786 4527 τά
2827 4475 3050 4529 δίκτυα·
3086 4477 3115 4528 ό
3159 4475 3217 4528 δὲ
3262 4475 3323 4529 τὸ
3368 4477 3862 4547 προστεταγμένον

2279 4568 2471 4621 ἐποίει.
2516 4567 2602 4628 Ὦς
2629 4566 2685 4618 δὲ
2720 4565 3067 4619 συνέκλεισαν
3098 4565 3298 4636 πλῆθος
3334 4567 3527 4636 ἰχθύων
3551 4566 3707 4631 πολὺ,
3748 4573 3860 4626 καὶ

2277 4659 2625 4730 διερρήγνυτο
2651 4657 2718 4710 τὰ
2743 4657 2933 4710 δίκτυα
2970 4655 3047 4726 τῷ
3091 4657 3282 4728 πλήθει
3311 4657 3632 4728 βαρούμενα.
3664 4675 3836 4730 προσ

2281 4750 2564 4804 καλοῦνται
2615 4751 2712 4820 μὲν
2758 4752 2838 4812 εἰς
2894 4748 3138 4820 βοήθειαν
3178 4751 3302 4813 τοὺς
3336 4751 3393 4803 ὲν
3431 4749 3505 4821 τῷ
3535 4751 3858 4818 γειτνιῶν-ει

2279 4841 2476 4911 πλοίῳ·
2533 4836 2629 4893 εἶτ’
2685 4839 3075 4902 ἀνελκύσαντες
3121 4841 3248 4905 τοὺς
3308 4841 3511 4913 ἰχθύας,
3538 4844 3854 4915 πληροῦσιν

2279 4931 2441 5002 ἄμφω
2475 4931 2544 4984 τά
2586 4932 2802 5001 σκάφη,
2832 4931 2908 4994 ὡς
2944 4931 3266 4986 κινδυνεύειν
3302 4934 3441 4987 αὐτά
3483 4933 3822 5005 βυθισθῆναι

2277 5024 2359 5091 ἐφ’
2392 5018 2522 5085 οἶςό
2549 5023 2752 5092 Πέτρος
2781 5021 3172 5091 ἀποθαυμάσας
3199 5023 3490 5096 ὲξεπλάγη,
3525 5024 3749 5091 ἀνάξιόν
3790 5045 3855 5083 τε

2271 5114 2458 5167 ἑαυτὸν
2495 5115 2595 5185 τῆς
2619 5113 2889 5185 σωτηρίου
2913 5113 3214 5178 ὲπιϐἀσεως
3241 5115 3666 5186 ὡμολόγειιμί).
3707 5115 3782 5172 Ὅ
3808 5120 3846 5174 δ

2271 5204 2455 5275 ὥσπερ
2503 5203 2775 5269 ἐπιδείξας
2833 5202 2982 5274 αὐτῷ
3025 5202 3121 5274 τὴν
3171 5204 3267 5257 τοῦ
3322 5205 3599 5276 μέλλοντος
3624 5207 3838 5265 εἰκόνα

2271 5291 2520 5360 διασαφεῖ
2545 5291 2642 5363 τὴν
2675 5291 2997 5363 ἑρμηνείαν,
3027 5291 3120 5345 καί
3149 5309 3282 5364 φησι
3322 5293 3457 5365 πρὸς
3493 5295 3649 5348 αὐτόν
3673 5312 3686 5326 ·
3741 5299 3856 5360 Μὴ

2278 5383 2462 5450 ςροϐοῦ
2481 5400 2494 5413 ·
2517 5384 2634 5438 ἀπὸ
2657 5383 2762 5438 τοῦ
2789 5384 2904 5438 νῦν
2921 5385 3267 5454 ἀνθρώπους
3287 5386 3401 5458 ἔσῃ
3415 5385 3638 5456 War
3656 5405 3669 5417 '
3694 5393 3858 5463 πρὸς

2279 5473 2335 5526 δὲ
2375 5473 2578 5538 πάντας
2601 5491 2616 5506 °
2655 5475 2834 5530 Δεῦτε
2874 5475 3066 5530 ὀπίσω
3099 5476 3242 5546 μου,
3276 5476 3373 5530 καί
3410 5477 3638 5544 ποιήσω
3677 5480 3858 5549 ὑμᾶς

2281 5565 2467 5632 ἁλιεῖς
2518 5565 2857 5634 ἀνθρώπω.
2918 5567 3230 5632 Γαλιλαίους
3295 5567 3524 5640 ἀνδρας,
3576 5569 3856 5640 εὐτελεῖς,

2283 5697 2314 5735 ι
2342 5681 2409 5736 cl.
2439 5682 2547 5737 Leo
2580 5699 2634 5752 p.
2669 5682 2797 5745 216.
2836 5698 2903 5739 ex
2942 5688 3063 5740 cod.
3109 5685 3340 5742 Vindob.
3370 5685 3474 5740 Sed
3513 5688 3683 5743 multo
3719 5688 3853 5744 Ion.

2286 5752 2405 5820 gius
2430 5755 2775 5821 prosequitur
2806 5754 2858 5809 in
2887 5756 3074 5811 codice
3103 5766 3289 5812 nostro
3325 5755 3496 5812 Vatic.
3524 5762 3590 5812 Δ.
3625 5761 3660 5810 t‘.
3701 5757 3806 5815 83.
