4070 6304
209 320 316 376 6‘25

1590 318 1677 373 DE
1717 312 2175 373 THEOPHANIA.

3360 301 3465 354 626

212 433 526 504 ἀγροίκους,
561 434 712 489 οὐδὲν
747 435 906 489 πλέον
941 434 1038 506 τῆς
1067 433 1251 505 Σύρων
1282 438 1466 506 φωνῆς
1496 434 1771 505 ἐπτσταμέι

1898 431 2038 493 mili,
2077 431 2129 485 id
2157 437 2241 484 est
2270 426 2583 500 piscatoria,
2612 437 2717 478 non
2739 420 2857 477 sine
2883 431 3043 473 causa
3076 415 3333 471 Servatur
3365 429 3463 469 no-

213 543 357 590 νους,
394 526 530 579 ἀλλὰ
563 529 657 579 καὶ
696 527 755 580 τὸ
791 526 1123 597 ἐπιτήδευμα
1162 526 1414 580 ταπεινὸν
1447 528 1543 597 τῆς
1586 526 1790 588 ἁλιείας

216 617 683 685 μετερχομένους,
728 618 951 680 εἰκότως
998 619 1027 670 ὁ
1073 619 1266 689 Σωτὴρ
1314 617 1474 688 ήμῶν
1525 616 1790 688 θηρευτὰς

210 702 517 774 ἀνθρώπων
548 705 641 757 καὶ
673 707 919 775 κήρυκας
946 707 1044 777 τῆς
1074 708 1239 760 αὐτοῦ
1260 708 1606 770 διδασκαλίας
1633 706 1788 776 ποιή-

211 810 329 847 σειν
370 796 753 864 ἐπηγγέλλετο,
786 799 879 851 καὶ
906 800 1202 867 πεποίηκεν
1227 800 1287 851 οὐ
1318 799 1657 869 ψευσάμενος
1694 797 1789 867 τὴν

211 884 526 956 ὑπόσχεσιν,
560 886 828 957 παριστὰς
864 888 997 941 Θεοῦ
1028 889 1256 957 δύναμιν
1301 887 1657 960 ἐνεργητικὴν
1695 884 1788 938 τοῦ

211 976 558 1046 πράγματος.
603 977 666 1029 Εἰ
700 978 796 1049 μὲν
828 980 965 1049 γὰρ,
1001 979 1213 1047 λογίους
1258 981 1407 1041 τινὰς
1442 978 1534 1031 καὶ
1571 979 1787 1045 σοφοὺς,

209 1066 244 1137 ἢ
278 1068 370 1119 καί
413 1066 521 1121 τῶν
569 1069 719 1140 παρὰ
761 1070 1033 1133 Ἰουδαίοις
1084 1070 1383 1139 ἀνθρώπων
1433 1069 1655 1132 ἐνδόξων
1696 1070 1790 1121 καὶ

211 1159 481 1211 πλουσίων
518 1160 946 1231 προσαγόμενος,
984 1161 1195 1224 τούτοις
1237 1162 1502 1232 ἐκέχρητο
1534 1160 1788 1213 διδασκά-

208 1248 325 1312 λοις
351 1249 458 1301 τῶν
486 1250 649 1303 αὐτοῦ
681 1251 873 1318 λόγων,
907 1251 1008 1305 κᾶν
1030 1253 1176 1316 εἰκὸς
1202 1249 1270 1323 ἦν
1304 1253 1787 1323 ἀνθρωπινώτερον

209 1340 587 1409 ἐπινενοῆσθαι
620 1340 679 1392 τὸ
722 1342 952 1412 πρᾶγμα
971 1359 983 1370 '
1022 1342 1164 1393 οὕτω
1197 1342 1327 1409 γοῦν
1357 1344 1405 1395 οἰ
1436 1341 1652 1403 πλείους
1682 1341 1788 1393 τῶν

209 1428 513 1499 ἀνθρώπων
547 1428 798 1481 εἰώθασιν
828 1429 1241 1492 ὑποτάττεσθαι,
1285 1430 1316 1500 ἢ
1368 1432 1644 1499 χρήμασιν
1685 1428 1789 1479 ὑπὸ

212 1518 480 1573 πλουσίων
523 1519 911 1590 δελεαζόμενοι,
956 1521 989 1590 ἢ
1026 1520 1197 1588 λόγων
1234 1520 1494 1591 περιϐολῇ
1527 1520 1618 1571 καὶ
1652 1536 1785 1587 φαν-

205 1609 371 1680 τασίᾳ
405 1610 595 1678 σοφίας
616 1610 1038 1681 ἁπατώμενοι,ἥ
1070 1612 1341 1682 ὑπεροχὰς
1370 1610 1592 1673 ἐνδόξων
1618 1626 1784 1680 προσ-

204 1697 375 1752 ώπων
426 1700 946 1771 καταπληττόμενοι.
987 1702 1043 1753 '0
1078 1701 1133 1753 δὲ
1177 1702 1250 1771 μὴ
1282 1701 1542 1763 τοιούτοις
1580 1701 1786 1771 χρησά-

1892 532 2027 589 ster,
2062 530 2350 575 venatores
2397 518 2681 574 hominum
2710 525 2934 581 suaeque
2972 509 3231 565 doctrina:
3255 521 3463 577 praeo-

1895 626 1990 667 nes
2034 626 2093 667 se
2139 610 2410 666 facturum
2456 605 2856 677 pollicebatur;
2890 601 3151 670 fecitque,
3182 599 3323 654 haud
3364 599 3459 653 fal-

1894 705 2011 759 lens
2040 705 2390 774 promissum,
2424 701 2518 757 Dei
2558 713 2752 768 nempe
2784 696 3082 766 potentiam
3114 694 3189 749 rei
3218 692 3444 749 eﬁ‘ectri-

1892 810 2008 849 cem
2063 806 2408 859 expromens.
2464 789 2599 843 Nam
2662 787 2707 841 si
2763 785 3037 839 litteratos
3062 780 3272 851 aliquos
3296 788 3350 835 et
3376 795 3465 834 sa-

1892 887 2130 955 pientes.
2176 882 2257 937 vel
2304 884 2463 937 etiam
2518 894 2584 932 ex
2641 877 2843 933 Judzeis
2892 874 3098 929 nobiles
3163 874 3464 942 divitesque

1892 976 2037 1029 viros
2061 974 2294 1044 eligens,
2324 973 2407 1027 his
2427 986 2555 1026 usus
2578 978 2723 1025 esset
2748 967 3021 1037 magistris
3041 965 3299 1021 doctrinae
3327 979 3461 1033 suae,

1892 1066 2076 1132 utique
2112 1063 2404 1117 humanum
2435 1061 2616 1129 potius
2653 1058 2927 1127 negotium
2963 1055 3016 1109 id
3047 1055 3193 1109 credi
3232 1062 3463 1123 poterat.

1892 1153 1982 1208 Sic
2009 1153 2152 1207 enim
2183 1152 2425 1221 plerique
2455 1151 2739 1204 hominum
2774 1146 2952 1203 solent
2978 1153 3148 1200 semet
3172 1143 3461 1211 subjicere,

1889 1245 1974 1299 vel
2022 1245 2250 1313 pecunia
2303 1257 2333 1295 a
2390 1241 2647 1296 divitibus
2706 1237 2971 1305 inescati,
3022 1236 3108 1290 vel
3155 1236 3463 1290 litterarum

1889 1335 2070 1402 specie
2100 1344 2150 1387 et
2184 1332 2465 1401 sapientiae
2505 1331 2781 1400 praestigio
2818 1328 3050 1396 decepti,
3096 1326 3181 1381 vel
3212 1327 3465 1383 eminen-

1888 1425 2016 1477 tiam
2048 1439 2407 1493 personarum
2445 1422 2736 1475 illustrium
2771 1421 3126 1475 admirantes.
3155 1418 3315 1475 Jesus
3359 1434 3463 1474 au-

1890 1526 1995 1570 tem
2049 1531 2167 1571 cum
2218 1516 2356 1569 haud
2409 1513 2609 1567 talibus
2653 1515 2724 1565 sit
2770 1527 2903 1566 usus
2946 1510 3248 1580 discipulis,
3299 1511 3393 1565 sed
3426 1524 3459 1565 ο

1890 1608 2170 1662 contrario
2221 1605 2549 1673 pauperibus
2595 1614 2648 1657 et
2698 1602 2982 1669 obscuris,
3042 1618 3107 1657 ac
3150 1602 3463 1658 litteratura

1892 1700 2095 1762 idiotis,
2126 1697 2304 1765 lingua
2356 1694 2530 1765 Syris,
2566 1695 2755 1749 habitu
2789 1694 2996 1758 humili,
3030 1708 3304 1763 operaque
3340 1694 3461 1757 vili,

208 1807 371 1860 μενος
417 1789 705 1859 μαθηταῖς,
745 1792 1050 1844 τούναντίον
1091 1792 1147 1843 δὲ
1192 1792 1382 1861 πένησι
1424 1793 1516 1845 καὶ
1553 1790 1771 1857 άδόςῖςοις1

1882 1790 2215 1859 exploratum
2242 1797 2323 1841 est
2349 1802 2470 1841 eum
2502 1787 2736 1840 divinam
2779 1794 2987 1838 tantum
3020 1784 3330 1841 adhibuisse
3361 1800 3463 1853 po-

206 1880 420 1933 καὶτὸν
457 1881 610 1950 λόγον
638 1880 891 1945 ἰδιώταις,
928 1882 1119 1961 Σύροιδς
1160 1899 1219 1934 τε
1244 1883 1341 1953 τὴν
1374 1883 1575 1953 φωνὴν,
1609 1884 1785 1935 καὶτὸ

203 1969 394 2038 σχῆμα
425 1972 720 2033 ταπεινοῖς,
752 1972 846 2024 καὶ
878 1968 1147 2023 εὐτελέσιν
1175 1970 1339 2041 ἔργῳ,
1370 1971 1525 2042 δῆλος
1552 1968 1617 2041 ἦν
1648 1972 1781 2041 μόνῃ

199 2064 269 2130 τῇ
304 2060 455 2131 θεῖκῇ
486 2060 708 2131 δυνάμει
733 2061 1031 2133 χρώμενος,
1059 2063 1124 2133 ἣν
1147 2061 1443 2128 ἐνεδείξατο
1470 2062 1659 2131 πρῶτα
1686 2062 1783 2132 μὲν

200 2154 356 2223 φωνῇ
422 2154 519 2223 μιᾷ
572 2153 1083 2223 προσκαλεσάμενος
1144 2154 1339 2217 αὐτοὺς
1401 2154 1495 2207 καὶ
1559 2154 1781 2207 ἀκολού-

200 2242 331 2304 θους
372 2242 483 2312 (ιε)
513 2244 679 2297 αὐτοῦ
714 2246 1080 2315 καταστήσας,
1118 2246 1353 2300 κᾶπειτα
1380 2247 1780 2317 ἐπαγγειλάμε-

198 2349 296 2395 νος
329 2333 666 2402 σαγηνευτὰς
698 2336 792 2386 καὶ
831 2335 1003 2398 ἁλιεῖς
1051 2334 1354 2407 ἀνθρώπων
1387 2337 1633 2407 ποιήσειν
1681 2337 1779 2389 αύ-

195 2425 347 2487 τοὺς,
382 2424 446 2476 ἵν’
489 2425 601 2477 ἀνθ’
645 2418 718 2479 ὧν
754 2421 895 2497 εἶχον
942 2427 1199 2491 δικτύων,
1246 2426 1501 2489 λαϐόντες
1528 2429 1659 2497 παρ’
1686 2428 1782 2480 αύ-

196 2513 296 2567 τοῦ
325 2516 423 2585 τὴν
454 2516 561 2568 ἀπὸ
590 2517 856 2570 παντοίων
884 2518 1056 2585 λόγων
1094 2518 1333 2589 νομικῶν
1360 2535 1419 2570 τε
1454 2519 1548 2570 καὶ
1574 2535 1781 2590 προφη-

199 2604 336 2668 τῶν,
361 2606 467 2657 τῶν
491 2624 550 2658 τε
573 2607 672 2675 τῆς
698 2607 880 2663 ἐνθέου
903 2608 1252 2671 διδασκαλίας
1288 2608 1454 2662 αὐτοῦ
1480 2608 1779 2661 πλακεῖσαν

1894 1880 2113 1934 tentiam
2169 1895 2183 1943 ;
2244 1892 2407 1947 quam
2448 1876 2684 1930 ostendit
2737 1875 2917 1944 primo
2950 1874 3164 1941 quidem
3201 1874 3326 1929 dum
3356 1889 3463 1928 una

1890 1972 2075 2025 vocula
2106 1985 2201 2025 eos
2235 1969 2485 2024 invitavit
2513 1968 2863 2037 asseclasque
2896 1984 3023 2023 suos
3074 1968 3228 2031 fecit,
3265 1968 3461 2023 deinde

1888 2064 2154 2132 spondens
2202 2072 2451 2132 captores
2500 2063 2913 2132 piscatoresque
2983 2061 3289 2133 hominum
3322 2077 3353 2116 a
3399 2076 3463 2118 se

1889 2153 2087 2206 factum
2147 2154 2250 2218 iri;
2310 2162 2366 2207 ut
2406 2168 2505 2222 pro
2562 2153 2767 2207 retibus
2817 2167 2937 2222 quae
2984 2167 3127 2206 nunc
3179 2152 3458 2219 tenebant,

1887 2256 2162 2299 sumentes
2204 2248 2271 2300 ab
2314 2260 2378 2299 eo
2426 2244 2731 2299 litterarum
2781 2242 3023 2297 omnium
3083 2243 3333 2313 legalium
3390 2259 3457 2299 ac

1883 2336 2315 2405 propheticarum
2350 2374 2364 2398 ,
2431 2349 2643 2389 necnon
2715 2333 2909 2388 divinae
2970 2334 3138 2403 ipsius
3191 2333 3459 2389 doctrina

1882 2441 2157 2495 sagenam,
2191 2428 2241 2479 in
2289 2426 2537 2481 humana:
2577 2426 2703 2480 vitae
2756 2440 2907 2479 mare
2959 2424 3249 2493 jactarent,
3295 2434 3456 2495 quot-

1881 2526 2015 2586 quot
2043 2528 2393 2573 occurrerent
2443 2519 2747 2585 irretirent,
2784 2533 2981 2588 genere
3013 2518 3155 2572 omni
3207 2520 3457 2573 rationa-

1882 2609 2013 2662 lium
2045 2609 2272 2679 piscium
2311 2611 2445 2663 retia
2474 2624 2569 2663 sua
2600 2609 2881 2663 rationalia
2915 2610 3268 2678 complentes.

198 2700 445 2770 σαγήνην
489 2701 828 2771 ἐμϐάλλωσιν
861 2704 939 2765 εἰς
972 2702 1069 2773 τὴν
1110 2701 1203 2755 τοῦ
1234 2703 1571 2773 ἀνθρωπείου
1620 2702 1734 2771 βίου
1770 2702 2057 2765 θάλατταν,
2090 2703 2185 2757 καί
2227 2703 2593 2773 περιϐάλωσιν
2642 2704 2799 2767 ὂσους
2828 2703 2891 2757 ἂν
2924 2702 3147 2775 εὕρωσι,
3184 2703 3456 2778 πληροῦν-

195 2806 290 2852 τες
325 2790 394 2842 τά
431 2792 637 2844 ἑαυτῶν
664 2792 855 2860 λογικὰ
891 2793 1077 2845 δίκτυα
1106 2794 1302 2857 παντὸς
1342 2794 1531 2861 γένους
1558 2793 1789 2860 λογικῶν
1814 2795 2033 2863 ἰχθύων.

281 2884 441 2937 Ἀλλά
486 2885 654 2938 ταῦτα
702 2888 798 2956 μὲν
839 2887 925 2940 διὰ
979 2889 1163 2957 φωνῆς
1212 2890 1520 2959 ἀκουόμενα
1555 2891 1771 2960 ῥήματα

1946 2892 2121 2961 Atque
2169 2890 2281 2946 haec
2336 2906 2400 2945 ex
2458 2893 2505 2945 vi
2560 2892 2707 2947 vocis
2764 2902 2973 2946 tantum
3032 2892 3236 2956 audita,
3286 2890 3447 2947 verba

196 2975 291 3027 καὶ
337 2975 520 3045 ψόφοι,
556 2980 647 3031 καὶ
676 2979 835 3032 πλέον
867 2981 1108 3052 ὑπῆρχεν
1147 2982 1332 3034 οὐδέν·
1374 2983 1472 3052 τῆς
1517 2982 1558 3033 δ’
1588 2982 1770 3035 ἐνθέου

193 3063 478 3133 δυνάμεως
516 3068 579 3119 τὸ
626 3067 783 3137 ἔργον
824 3070 922 3123 οὐκ
964 3073 1044 3133 εἰς
1095 3073 1313 3143 μακρὰν
1360 3074 1767 3143 παρεστήσατο·

194 3155 335 3208 αὐτὰ
378 3155 442 3227 δὴ
485 3157 656 3211 ταῦτα
699 3160 767 3213 τά
818 3161 905 3214 διὰ
947 3163 1054 3215 τῶν
1096 3162 1269 3232 λόγων
1324 3166 1772 3236 προηγορευμένα

192 3249 311 3308 τοῖς
357 3246 538 3318 ἐργοις
585 3251 924 3315 ἐπιτελέσας,
976 3254 1053 3316 ὡς
1094 3256 1152 3307 ἐν
1208 3255 1400 3326 βραχεῖ
1451 3259 1626 3328 χρόνῳ
1671 3260 1771 3329 τὴν

197 3335 494 3405 σύμπασαν
539 3339 837 3411 ἀνθρώπων
868 3345 1196 3417 οἰκουμένην
1238 3347 1404 3416 μυρία
1444 3348 1620 3419 πλήθη
1662 3349 1771 3402 τῶν

198 3428 640 3496 σαγηνευθέντων
666 3432 771 3484 ὑπὸ
792 3434 898 3486 τῶν
930 3435 1151 3490 ἰδιωτῶν
1180 3437 1382 3490 τούτων
1407 3439 1613 3510 ἀνδρῶν
1636 3442 1767 3512 κτή-

194 3519 414 3584 σασθαι,
450 3519 800 3594 πληρωθῆναι
830 3542 889 3577 τε
919 3527 1249 3598 Ἐκκλησιῶν
1280 3529 1459 3583 πάντα
1481 3531 1641 3583 τόπον
1658 3531 1770 3583 Ἐλ-

192 3607 370 3680 λήνων
406 3627 466 3663 τε
514 3614 606 3665 καὶ
653 3614 974 3688 βαρϐάρων,
1009 3618 1095 3671 διὰ
1130 3619 1254 3689 μίαν
1286 3620 1501 3691 ἐκείνην
1540 3623 1769 3691 ἐπαγγε-

192 3699 315 3753 λίαν
344 3702 445 3772 τῆς
477 3704 661 3776 θεῖκῆς
691 3711 894 3779 φωνῆς,
922 3709 988 3761 δι’
1020 3705 1090 3781 ἧς
1117 3711 1178 3762 ού
1215 3710 1444 3777 διδάξειν
1493 3714 1615 3776 τοὺς
1644 3715 1769 3765 ἑαυ-

188 3793 283 3844 τοῦ
322 3794 589 3865 μαθητὰς,
614 3797 727 3849 ἀλλ’
767 3798 928 3862 αὐτὸς
969 3802 1212 3869 ποιήσειν
1241 3801 1436 3865 αὐτοὺς
1463 3803 1647 3866 ἁλιέας
1676 3805 1766 3856 άν-

190 3882 427 3954 θρώπων
468 3888 850 3965 ἐπηγγείλατοι
880 3889 1030 3942 ἐστ’
1060 3891 1120 3942 οὐ
1161 3891 1409 3961 προέγνω
1453 3893 1611 3963 μόνον
1643 3893 1765 3947 οὔτε

189 3976 472 4047 προέφησε
509 3978 571 4030 τὸ
605 3979 814 4048 μέλλον,
846 3980 981 4033 ἀλλά
1006 3982 1102 4034 καὶ
1134 3984 1364 4053 ποιητὴς
1398 3983 1492 4037 τοῦ
1518 3986 1766 4055 τηλικού-

186 4081 279 4117 του
316 4066 739 4137 κατορθώματος
779 4070 1188 4139 ἀποπέφανται·
1232 4071 1352 4127 εἰπέ
1386 4093 1445 4128 τε
1484 4075 1562 4146 τῷ
1600 4077 1761 4148 λόγῳ,

189 4155 281 4207 καὶ
315 4157 583 4226 πεποίηκε
615 4158 691 4228 τῷ
723 4159 886 4230 ἔργῳ·
924 4163 1235 4233 παρέστησέ
1275 4184 1332 4218 τε
1367 4167 1427 4218 τὸ
1458 4168 1647 4237 μέλλον
1678 4169 1763 4222 διὰ

189 4246 461 4318 συμϐόλου
490 4250 584 4302 καὶ
618 4252 841 4317 εἰκόνος,
876 4254 970 4305 καὶ
1006 4253 1072 4306 δι’
1120 4256 1289 4326 αὐτῆς
1335 4259 1612 4330 ἐνεργείας
1654 4260 1761 4311 ἀπο

186 4339 493 4410 επλήρωσε.
517 4341 638 4404 Τοῖς
664 4342 771 4412 γὰρ
799 4342 965 4395 πάλαι
995 4345 1256 4415 πρότερον
1281 4348 1337 4398 ἐν
1368 4349 1557 4418 σκοτία
1584 4348 1758 4418 φωτὸς

186 4433 462 4503 ἀληθείας,
492 4436 583 4488 καί
610 4435 743 4488 Θεοῦ
774 4436 1023 4504 γνώσεως
1050 4441 1107 4491 ἐν
1138 4441 1289 4492 νυκτὶ
1315 4442 1754 4511 καταπονηθεῖσι,

186 4522 277 4573 καὶ
325 4524 529 4593 μηδένα
570 4526 703 4595 πρὸς
742 4528 1008 4597 σωτηρίαν
1042 4527 1303 4598 θηρεῦσαι
1345 4530 1753 4601 δεδυνημένοις,

184 4612 502 4683 ἐπιλάμψας
538 4616 596 4668 τὸ
638 4618 828 4671 ἑαυτοῦ
874 4620 1093 4687 φέγγος,
1137 4624 1193 4673 ἐν
1256 4624 1438 4694 ἡμέρᾳ
1490 4625 1580 4676 καὶ
1616 4628 1754 4693 φωτὶ

184 4705 493 4772 γενομένοις
523 4709 863 4775 προστάττει,
889 4711 950 4761 ού
979 4713 1041 4781 τῇ
1072 4712 1246 4782 οἰκείᾳ
1271 4714 1565 4786 ἐπιστήμη,
1596 4716 1671 4785 τῷ
1698 4718 1753 4769 δὲ

185 4792 346 4845 αὐτοῦ
390 4796 595 4863 ῥήματι
634 4796 985 4867 θαρσοῦντας,
1030 4802 1340 4855 ἐπιϐάλλειν
1381 4804 1458 4873 τῷ
1506 4805 1649 4877 βυθῷ
1688 4807 1756 4860 τὰ

184 4878 392 4935 δίκτυα.
436 4884 498 4934 0i
527 4884 584 4935 δὲ
616 4886 848 4939 τοσαῦτα
882 4890 1181 4959 συνήγαγον
1215 4892 1411 4961 ἰχθύων
1449 4894 1648 4964 πλήθη,
1681 4897 1757 4958 ὡς

184 4968 608 5042 ὃιαρρήγνυσθαι
639 4976 736 5045 μὲν
761 4980 827 5030 τά
860 4980 1154 5049 Θηρευτικά
1178 4983 1401 5054 ὄργανα,
1434 4986 1754 5040 κινδυνεύειν

184 5056 238 5109 δὲ
271 5063 350 5123 εἰς
383 5061 545 5131 βυθὸν
576 5069 769 5140 χωρεῖν
809 5068 915 5119 ἀπὸ
947 5069 1039 5122 τοῦ
1073 5072 1270 5141 φόρτου
1299 5072 1368 5125 τὰ
1398 5074 1574 5127 πλοῖα.

264 5151 417 5205 Ἐπεὶ
455 5155 511 5206 δὲ
543 5155 716 5209 ταῦθ”
737 5159 907 5222 οὕτως
948 5165 1388 5233 προσταττόμενα
1418 5166 1523 5220 τὸν.
1548 5168 1751 5239 Πέτρον

186 5238 260 5300 είς
288 5238 549 5310 ἔκπληξιν
579 5246 671 5295 καὶ
713 5247 873 5313 φόϐον
912 5250 973 5300 οὐ
1010 5251 1101 5303 τὸν
1128 5254 1358 5322 τυχόντα
1401 5251 1553 5325 ἦγεν·
1594 5238 1751 5310 Ἀλλά

184 5327 349 5418 ταῦτά
372 5347 453 5394 σε,
494 5334 627 5402 φησί
654 5336 788 5406 πρὸς
819 5338 977 5390 αὑτὸν
1008 5342 1035 5392 ό
1065 5343 1271 5412 Σωτὴρ,
1312 5348 1476 5416 μήπω
1518 5346 1751 5418 ἐκπλητ-

186 5415 344 5467 τέτω·
384 5421 597 5474 παιδιαὶ
622 5424 725 5494 γὰρ
751 5425 829 5477 ἔτι
855 5427 1026 5481 ταῦτα
1059 5431 1152 5483 καὶ
1191 5433 1487 5501 μελλόντων
1525 5415 1745 5503 εἰκόνες·

184 5508 231 5559 οἰ
253 5508 310 5561 δὲ
337 5512 435 5580 μὲν
460 5513 640 5581 ἰχθύες
660 5516 875 5571 ἄναυδοι
908 5522 998 5573 καὶ
1022 5521 1224 5589 ἄλογοι,
1255 5526 1346 5578 καὶ
1368 5527 1539 5581 ταῦτα
1568 5531 1745 5601 σκάφη

251 5622 715 5719 igijufabuluut
743 5633 1066 5698 ἀκολούθους
1100 5639 1272 5707 magis
1307 5643 1526 5710 prOpI'ie
1585 5644 1771 5699 vellem

1909 5647 2050 5719 Syro
2103 5652 2267 5709 fuisse
2308 5658 2596 5713 redditum.
2646 5659 2719 5714 ita

188 5696 533 5764 σαγηνευτάς.

1876 2990 2030 3035 erant
2079 2992 2135 3037 et
2181 2983 2408 3045 sonitus,
2485 2993 2858 3052 praetereaque
2914 2982 3076 3037 nihil.
3140 2983 3248 3039 Sed
3301 2985 3449 3039 enim

1876 3074 2076 3128 divina:
2102 3075 2321 3129 virtutis
2350 3074 2634 3129 ell‘icientia
2666 3075 2805 3130 haud
2832 3076 3000 3131 multo
3050 3088 3175 3146 post
3209 3085 3324 3131 rata
3352 3091 3449 3133 ex-

1876 3165 2054 3219 hibuit
2099 3182 2114 3230 ;
2178 3181 2298 3220 cum
2352 3167 2468 3221 haec
2517 3166 2629 3235 ipsa
2688 3166 2921 3221 verbalia
2973 3170 3239 3237 promissa
3288 3168 3482 3224 factis'

1874 3258 2182 3327 complevit,
2212 3260 2285 3312 ita
2318 3269 2374 3313 ut
2400 3261 2547 3313 brevi
2583 3270 2825 3329 tempore
2852 3262 3168 3316 universum
3218 3263 3444 3318 humani

1873 3348 2147 3404 incolatus
2178 3352 2390 3413 orbem,
2422 3352 2874 3421 innumeramque
2908 3353 3307 3407 multitudinem
3351 3369 3446 3407 ca-

1874 3450 2091 3508 ptorum
2133 3441 2201 3494 ah
2231 3441 2315 3495 bis
2361 3441 2543 3496 idiotis
2592 3443 2897 3507 hominum,
2933 3443 3181 3498 Christus
3217 3445 3447 3512 adeptus

1871 3532 1961 3594 sit,
2011 3531 2281 3602 plenaque
2313 3533 2571 3588 Ecclesiis
2620 3536 2897 3589 evaserint
2951 3535 3066 3589 loca
3114 3537 3295 3588 munia
3330 3544 3443 3589 tum

1871 3622 2181 3678 Graecorum
2236 3635 2346 3677 tum
2404 3626 2567 3680 etiam
2623 3629 3001 3692 barbarorum,
3048 3635 3265 3697 propter
3296 3624 3443 3680 illam

1871 3715 2045 3769 unicae
2096 3716 2294 3771 divina!
2339 3718 2486 3772 vocis
2528 3720 2969 3788 promissionem,
3036 3735 3138 3787 qua
3192 3720 3335 3773 haud
3384 3735 3442 3774 se

1872 3807 2161 3875 discipulos
2212 3824 2342 3863 suos
2383 3810 2696 3875 docturnm,
2762 3814 2852 3866 sed
2902 3826 3093 3880 reapse
3138 3813 3441 3880 piscatcres

1870 3896 2147 3950 hominum
2184 3898 2503 3953 effecturum
2553 3903 2862 3971 spopondit.
2916 3902 3281 3967 Quamobrem
3332 3919 3440 3958 non

1869 3990 2141 4053 praescivit
2174 3992 2333 4045 modo
2370 3993 2451 4045 vel
2481 3994 2734 4059 praadixit
2768 4008 2880 4046 rem
2914 3993 3172 4060 futuram,
3214 3994 3308 4048 sed
3359 3993 3441 4049 ef-

1869 4078 2041 4130 fector
2067 4078 2318 4135 facinoris
2343 4082 2477 4136 tanti
2509 4084 2797 4151 apparuit,
2857 4084 3105 4153 dixitque
3140 4085 3342 4149 verbis,
3381 4094 3438 4140 et

1866 4188 2029 4241 opere
2056 4187 2343 4231 exsecutus
2372 4188 2487 4240 est;
2523 4178 2685 4246 idque
2716 4178 2853 4241 fore,
2886 4179 3129 4249 symbolo
3165 4181 3441 4249 portendit

1796 4293 1837 4347 ι)
1869 4276 2031 4335 atque
2058 4267 2314 4335 imagine,
2370 4269 2639 4338 simulque
2685 4271 2797 4339 ipsa
2840 4270 3078 4324 eilicacia
3125 4271 3438 4340 complevit.

1869 4356 2110 4427 Namque
2143 4362 2242 4415 hos
2272 4362 2587 4430 discipulos,
2625 4363 2714 4427 qui
2755 4374 2910 4417 antea
2944 4363 3194 4417 veritatis
3236 4362 3440 4417 lumine

1868 4452 2146 4518 carebant,
2196 4461 2251 4505 et
2300 4469 2395 4522 per
2434 4465 2643 4508 noctem
2705 4456 2883 4508 divina
2938 4454 3129 4509 notitia
3162 4466 3436 4510 carentem

1869 4539 2276 4603 laboraverant,
2310 4544 2687 4612 neminemque
2729 4545 2792 4596 ad
2839 4544 3066 4599 salutem
3106 4545 3306 4599 lucrari
3338 4562 3436 4615 po-

1866 4640 2103 4697 tuerant,
2166 4634 2281 4701 ipse
2334 4635 2538 4689 lumine
2580 4651 2676 4688 suo
2716 4635 3028 4699 illustrans,
3069 4645 3123 4691 et
3165 4638 3217 4691 in
3244 4639 3436 4692 diurna

1865 4725 1984 4777 luce
2031 4726 2384 4792 constituens,
2423 4726 2578 4795 jubet
2640 4744 2743 4783 non
2790 4731 3005 4799 propria
3067 4731 3295 4798 peritia,
3341 4734 3437 4785 sed

1863 4816 2029 4884 ipsius
2052 4818 2217 4870 verbo
2234 4819 2489 4886 confisos,
2510 4821 2641 4873 retia
2665 4824 2713 4874 in
2745 4823 2963 4891 pelagus
2986 4822 3187 4890 jacere.
3217 4822 3280 4875 lli
3308 4838 3437 4876 vero

1861 4916 2060 4958 tantam
2121 4908 2453 4976 collegerunt
2510 4912 2736 4978 piSt'itlm
2794 4912 3233 4976 multitudinem,
3289 4923 3349 4966 ut
3382 4924 3437 4967 et

1864 4996 2150 5064 piscatoria
2196 4998 2557 5055 instrumenta
2592 5013 2995 5070 rumperentur,
3029 5012 3083 5058 et
3117 5005 3248 5073 ipsa:
3285 5006 3434 5058 navi-

1859 5088 1989 5139 cuiae
2024 5089 2261 5157 demergi
2294 5092 2529 5159 pondere
2569 5095 3031 5162 periclitarentur.

1930 5177 2063 5242 Quia
2113 5193 2239 5231 vero
2285 5181 2410 5234 talia
2469 5183 2750 5250 imperata,
2798 5184 3015 5239 Petrum
3067 5186 3118 5239 in
3150 5198 3424 5254 stuporem

1859 5275 2174 5336 metumque
2222 5286 2325 5323 non
2373 5273 2645 5326 modicum
2675 5274 3019 5330 abduxerant
3049 5293 3062 5341 ;
3101 5276 3253 5332 Haud
3286 5281 3424 5344 hac,

1858 5355 2031 5423 inquit
2079 5358 2127 5410 ei
2181 5360 2461 5425 Servator,
2525 5379 2856 5433 magnopere
2910 5376 2962 5420 te
3004 5379 3423 5423 commoveant:

1856 5444 2062 5502 ludicra
2094 5451 2239 5503 enim
2274 5454 2387 5505 haec
2423 5466 2551 5509 sunt
2589 5458 2790 5519 adhuc,
2819 5466 2871 5511 et
2904 5458 3207 5513 futurarum
3242 5474 3424 5515 rerum

1860 5534 2120 5605 imagines
2168 5558 2180 5593 :
2232 5543 2406 5609 pisces
2454 5545 2670 5611 quidem
2724 5548 2879 5611 muti,
2926 5557 2981 5602 et
3036 5548 3423 5616 irrationales;

2771 5661 2937 5716 etiam
2983 5664 3122 5732 quod
3181 5666 3426 5735 sequitur
