4070 6304
723 374 818 427 631

1412 367 1672 424 EUSEBII
1713 363 2364 426 CASSARIENSIVOPP.
2407 369 2584 423 PARS
2621 369 2707 426 IV.
2747 403 2814 412 —
2851 369 3259 426 DOGMATICA.

3803 374 3920 427 652

717 489 990 542 devinctos
1008 500 1182 551 ;.nune
1208 494 1383 540 autem
1409 486 1581 552 primo
1605 501 1669 539 ex
1694 488 1897 553 impura
1931 490 2258 555 scelestaque

2366 487 2706 556 καθαίρεσθαι
2761 490 2822 539 ἐκ
2872 488 2968 555 τῆς
3015 487 3328 554 δαιμονικῆς
3382 503 3472 537 και
3524 483 3912 555 εἰδωλολάτρου

718 581 825 628 vita
861 585 1157 628 rev0catos.
1212 577 1385 641 Atque
1443 586 1498 628 ut
1547 576 1630 629 his
1678 577 1938 630 suadeant
1988 577 2253 641 admonet,

718 675 838 734 post
899 665 1306 733 purgationem,
1389 667 1594 733 mystici
1663 666 1951 734 magisterii
2019 668 2068 717 vi
2137 681 2258 734 per-

719 766 914 818 actam,
944 756 1082 809 haud
1116 755 1222 822 jam
1257 766 1516 824 praecepta
1559 755 1802 817 Iudaica,
1849 771 2021 825 neque
2064 756 2260 823 Moysia

722 845 976 913 legitima.
1016 847 1108 900 sed
1157 860 1274 914 quae
1329 847 1439 914 ipse
1485 847 1550 898 iis
1592 849 1920 915 prmciperet,
1950 847 2256 900 observare.

717 934 843 988 llaec
870 934 1115 989 videlicet
1138 950 1240 988 uno
1261 949 1354 987 ore
1381 935 1555 988 cuncti
1582 939 1705 989 dum
1727 951 1820 1004 per
1847 947 2032 1005 gentes
2057 936 2263 990 discur-

717 1035 898 1079 rerent
933 1027 1211 1079 tradebant
1235 1027 1537 1080 constitutis
1566 1027 1618 1079 in
1649 1028 1896 1082 universo
1921 1027 2051 1081 orbe
2077 1027 2262 1082 Eccle-

717 1116 834 1168 siis.
881 1116 1051 1182 Atque
1086 1125 1141 1167 ut
1181 1131 1315 1183 opus
1358 1126 1495 1179 erat,
1542 1117 1807 1179 hortatur,
1861 1125 1916 1170 et
1975 1117 2260 1170 alacriores

717 1204 880 1258 eﬂicit
904 1205 968 1258 ad
996 1206 1266 1259 adeundas
1295 1217 1605 1260 venatorum
1633 1221 1780 1260 more
1804 1217 2012 1277 gentes,
2049 1218 2100 1261 et
2128 1207 2260 1259 uni-

716 1311 927 1350 versum
967 1298 1238 1351 hominum
1275 1314 1440 1368 genus
1474 1296 1844 1361 erudiendum,
1901 1298 2079 1350 addita
2136 1314 2256 1366 pro-

717 1385 1006 1438 missione;
1042 1385 1174 1438 Ecce
1208 1402 1296 1454 ego
1322 1387 1577 1438 vobiscum
1605 1402 1752 1449 sum;
1808 1390 2101 1440 secundum
2137 1402 2260 1440 vero

718 1473 936 1535 Lucam.
961 1476 1218 1544 Spiritum
1250 1480 1534 1546 spondens.
1586 1477 1706 1532 Haec
1742 1492 1916 1532 autem
1954 1479 2261 1546 promissio-

718 1564 803 1615 nis
853 1564 1014 1617 verba
1073 1567 1240 1633 reipsa
1286 1567 1574 1620 cumulavit
1613 1584 1625 1619 :
1678 1583 1798 1620 nam
1847 1568 2026 1620 divina
2065 1567 2261 1621 virtute

719 1654 910 1721 cuique
961 1666 1170 1718 astans,
1224 1657 1490 1725 inspirans
1531 1659 1691 1712 simul
1728 1669 1782 1712 et
1817 1673 2127 1726 cooperans,
2169 1673 2259 1711 ne-

2359 578 2582 645 πλάνης,
2625 577 2894 646 μιάσμασί
2933 594 2991 629 τε
3028 577 3297 638 παντοίοις
3334 575 3738 645 ἐνισχημένους,
3783 574 3909 644 ἀρτι

2356 683 2414 717 τε
2445 667 2654 735 πρῶτον
2675 667 2731 731 ἐξ
2755 667 3048 720 ἀκολάστου
3083 665 3180 740 καὶ.
3198 666 3507 734 παρανόμου
3540 663 3654 733 βίου
3682 665 3908 732 μεταϐε-

2357 757 2671 826 ϐλημένους.
2707 757 2937 819 Τούτους
2962 758 3016 810 δέ
3048 758 3139 808 καὶ
3178 757 3442 808 διδάσκειν
3476 754 3730 826 παραινεί
3773 754 3910 822 μετά

2356 847 2452 916 τήν
2477 847 2843 915 ἀποκάθαρσιν
2885 849 2980 917 τὴν
3012 847 3098 900 διά
3135 847 3231 916 τῆς
3264 847 3424 900 αὑτοῦ
3461 848 3725 915 μυστικῆς
3765 845 3911 898 διδα-

2360 938 2602 1003 σκαλίας,
2622 939 2681 990 οὐ
2704 939 2771 989 τὰ
2799 939 3058 991 Ίουδαῖκά
3075 937 3515 1008 παραγγέλματα,
3533 937 3652 990 οὐδὲ
3668 936 3735 989 τά
3761 936 3911 1006 παρά

2356 1029 2576 1080 Μωῠσεί
2615 1027 2838 1097 νόμιμα,
2870 1029 2983 1080 ἀλλ’
3019 1031 3116 1082 ὅσα
3150 1030 3330 1091 αὐτοῖς
3370 1028 3667 1081 ἐνετείλατο
3708 1028 3911 1095 φυλάτο

2357 1134 2486 1170 τειν.
2524 1117 2702 1170 Ταῦτα
2731 1118 2774 1168 δ’
2805 1114 2873 1187 ἦν
2904 1119 2940 1172 ἀ
2981 1119 3044 1189 δὴ
3089 1117 3385 1189 συμφώνως
3413 1121 3460 1170 οἱ
3504 1119 3704 1180 πάντες
3747 1121 3911 1170 ἐκπε-

2362 1207 2654 1275 ριελθόντες
2696 1207 2870 1259 πάντα
2903 1208 2971 1260 τά
3014 1209 3136 1278 ἔθνη
3189 1208 3596 1278 παραδεδώκασι
3627 1211 3747 1271 ταῖς
3787 1208 3909 1261 καθ’

2356 1297 2483 1366 ὅλης
2510 1297 2608 1365 τῆς
2639 1299 3328 1368 οἱκουμένηςἘκκλησίαις.
3366 1300 3696 1366 Ἀναγκαίως
3730 1299 3787 1351 δὲ
3816 1301 3916 1351 αὑ-

2358 1389 2483 1450 τοὺς
2505 1388 2816 1458 προτρέπει,
2851 1389 2942 1439 καὶ
2968 1390 3398 1460 προθυμοτέρους
3421 1386 3790 1458 ἀπεργάζεται
3818 1389 3914 1439 ἐπὶ

2357 1479 2417 1530 τὸ
2439 1478 2696 1549 θηρεῦσαι
2726 1480 3024 1550 περιελθεῖν
3062 1497 3118 1532 τε
3144 1482 3318 1533 πάντα
3343 1480 3407 1532 τά
3430 1479 3574 1548 ἔθνη,
3607 1481 3700 1532 καὶ
3738 1478 3917 1548 μαθηο

2354 1568 2543 1621 τεῦσαι
2582 1571 2688 1621 πᾶν
2723 1571 2874 1635 γένος
2907 1568 3223 1638 ἀνθρώπων,
3253 1569 3315 1620 δι’
3343 1565 3408 1638 ἦς
3439 1569 3729 1637 πεποίηται
3775 1569 3915 1639 πρὸς

2358 1659 2552 1721 αὐτους
2591 1660 2928 1739 ὑποσχέσεως
2971 1659 3165 1711 είπών·
3216 1659 3321 1712 Καὶ
3353 1660 3478 1713 ἰδοὺ
3504 1651 3614 1727 ἐγώ
3641 1662 3757 1727 ειμι
3782 1660 3915 1726 μεθ’

719 1746 845 1812 gotii
881 1760 1184 1800 successum
1213 1747 1571 1812 conﬁrmavit,
1589 1762 1785 1815 eosque
1815 1749 2098 1816 magistros
2123 1747 2258 1816 apud

2366 1747 2513 1815 ὑμῶν
2537 1765 2548 1777 ’
2584 1749 2723 1800 κατά
2748 1750 2802 1801 δὲ
2833 1751 3061 1812 Λουκᾶν,
3093 1750 3152 1802 τὸ
3185 1750 3401 1818 Πνεῦμα
3430 1749 3913 1818 ἐπαγγειλάμενος.

719 1850 900 1889 omnes
941 1847 1127 1902 gentes
1158 1839 1366 1892 tradita:
1396 1854 1423 1891 a
1468 1854 1526 1893 se
1565 1839 1831 1907 religionis
1856 1839 2147 1891 constituit.

2366 1837 2540 1907 Τούτῳ
2561 1839 2615 1890 δὲ
2637 1839 2711 1908 τῷ
2726 1840 2820 1908 τῆς
2843 1840 3163 1907 ἐπαγγελίας
3183 1842 3322 1909 λόγῳ
3339 1841 3491 1910 ἔργον
3510 1841 3734 1904 ἐπιθεὶς,
3753 1841 3913 1910 θεῖκῇ

718 1944 775 1980 τε
796 1929 1014 1998 δυνάμει
1041 1930 1250 2000 ἑκάστῳ
1285 1930 1474 1994 συνὼν,
1507 1933 1790 2000 συμπνέων
1813 1949 1868 1983 τε
1893 1932 2071 1992 αὐτοῖς
2098 1948 2188 1982 και
2214 1931 2504 2000 συνεργῶν,
2545 1931 2878 1984 επιστώσατο
2908 1933 2964 1984 τὸ
2991 1934 3330 2004 κατόρθωμα,
3355 1934 3700 1996 διδασκάλους
3724 1950 3785 1985 τε
3816 1933 3918 1985 αὑ-

716 2019 839 2081 τοὺς
870 2020 977 2072 τῶν
999 2022 1442 2075 ἐθνῶνσάπάντων
1482 2023 1580 2090 τῆς
1614 2024 1701 2073 ὑπ’
1730 2023 1890 2074 αὑτοῦ
1925 2021 2315 2092 παραδοθείσης
2341 2021 2639 2084 θεοσεδειας
2668 2022 3134 2092 ἀποδεικνύμενος.

789 2110 840 2162 '2.
867 2109 974 2163 Hac
1000 2112 1071 2165 illi
1093 2115 1441 2182 promissione
1459 2115 1588 2176 nixi,
1605 2129 1765 2181 opere
1795 2116 1908 2182 ipso
1939 2115 2080 2168 illius
2099 2117 2260 2167 verba

2433 2114 2493 2182 β’.
2519 2115 2696 2184 Ταύτῃ
2719 2113 2847 2182 γοῦν
2869 2115 3325 2186 ἐπιθαρσήσαντες
3341 2119 3405 2186 τῇ
3425 2116 3740 2185 ἐπαγγελίᾳ.
3761 2116 3911 2184 ἔργῳ

720 2202 1102 2270 complebant:
1145 2205 1386 2271 protinus
1435 2205 1576 2257 enim
1624 2203 1754 2257 nihil
1796 2215 2084 2268 morantes,
2119 2203 2262 2257 omni

2366 2205 2483 2268 τοὺς
2511 2207 2670 2258 αὑτοῦ
2703 2206 2892 2272 λόγους
2925 2207 3222 2277 ἐπλήρουν·
3265 2208 3457 2260 αὐτίκα
3484 2209 3644 2277 μηδὲν
3685 2207 3918 2276 ὑπερθέ-

720 2308 838 2345 cum
858 2293 1132 2348 alacritate
1153 2295 1216 2347 ad
1236 2296 1466 2362 gentium
1492 2296 1847 2363 magisterium
1868 2296 2261 2349 discurrebant.

721 2380 852 2435 Tum
882 2385 995 2450 ipso
1023 2385 1098 2438 rei
1125 2399 1315 2438 eventu
1341 2388 1601 2453 persuasi,
1625 2386 1899 2453 oculisque
1935 2403 2055 2439 eum
2085 2387 2266 2440 viven-

723 2485 826 2526 tem
854 2484 1134 2529 cernentes
1157 2476 1246 2542 qui
1279 2476 1434 2543 paulo
1464 2485 1618 2530 antea
1661 2478 1956 2532 exstinctus
1989 2477 2182 2543 fuerat,
2212 2487 2268 2530 et

721 2579 878 2632 quem
912 2579 1031 2617 cum
1071 2565 1437 2632 jurejurando,
1460 2577 1677 2634 propter
1707 2580 1768 2620 ea
1795 2581 1912 2634 qua:
1939 2566 2262 2630 acciderant,

723 2664 1046 2720 negaverant
1067 2669 1081 2716 ;
1102 2655 1261 2719 hunc,
1282 2654 1521 2722 inquam,
1545 2664 1842 2722 spectantes
1859 2655 2130 2708 evidenter
2147 2670 2266 2722 per-

724 2742 1089 2809 sonaliterque
1126 2754 1459 2810 prarsentem,
1501 2757 1552 2798 et
1602 2761 1749 2800 more
1777 2745 1937 2800 solito
1989 2745 2264 2813 alloquen-

726 2843 852 2894 tem,
879 2843 1012 2886 etea
1036 2849 1154 2902 qua:
1185 2834 1295 2901 jam
1329 2851 1426 2890 nos
1452 2836 1682 2891 diximus
1722 2838 2114 2906 promittentem
2155 2854 2168 2887 :
2211 2836 2262 2888 iu

2367 2318 2533 2370 μενοι,
2558 2305 2650 2353 σὺν
2694 2318 2838 2370 πασῃ
2887 2303 3157 2372 προθυμίᾳ
3201 2302 3485 2371 περιῆλθον
3534 2304 3622 2355 ἐπὶ
3664 2304 3763 2372 τήν
3807 2303 3917 2356 τῶν

2363 2393 2527 2446 ἐθνῶν
2541 2393 2900 2445 διδασκαλίαν·
2921 2394 3063 2463 ἔργῳ
3084 2395 3178 2462 μὲν
3197 2393 3340 2463 αὐτῷ
3357 2393 3757 2464 παραλαϐόντες
3780 2393 3918 2462 (53),

2365 2484 2456 2535 καὶ
2476 2483 2766 2550 ὀφθαλμοῖς
2795 2483 3026 2553 ὁρῶντες
3049 2482 3222 2547 ζῶντα
3249 2484 3336 2536 τὸν
3362 2484 3466 2553 πρὸ
3498 2483 3694 2554 μικροῦ
3731 2483 3919 2537 θανόν·

2362 2591 2450 2636 τα,
2483 2573 2574 2626 καὶ
2595 2573 2652 2625 δν
2678 2572 3018 2641 ἐξωμόσαντο
3043 2575 3402 2645 ἀρνησάμενοι
3431 2574 3516 2627 διὰ
3547 2574 3614 2626 τὰ
3639 2573 3918 2644 συμϐεϐή-

2365 2663 2513 2726 κότα,
2541 2663 2724 2715 τοῦτον
2752 2663 2909 2715 αὑτὸν
2930 2663 3171 2733 ἐναργῶς
3203 2665 3292 2716 καὶ
3313 2663 3749 2733 αὐτοπροσῶπως
3783 2680 3920 2733 παρο

2363 2753 2488 2806 όντα
2521 2755 2612 2805 καὶ
2654 2753 2892 2823 συνήθως
2943 2753 3474 2823 προσδιαλεγόμενον,
3521 2751 3921 2821 ἐπαγγελλόμε-

2362 2842 2452 2895 νόν
2479 2860 2538 2894 τε
2559 2842 2738 2906 αὐτοῖς
2761 2844 2827 2895 τά
2863 2843 3289 2912 προλελεγμένα·
3324 2845 3422 2896 οὐκ
3448 2844 3658 2912 ἔχοντες
3683 2843 3739 2894 δὲ
3770 2844 3922 2906 ὅπως

724 2930 957 2987 tantum,
985 2933 1041 2976 ut
1085 2940 1113 2977 a
1149 2926 1409 2992 promisso
1438 2941 1495 2980 se
1525 2927 1770 2980 excidere
1813 2926 1949 2978 haud
1981 2940 2138 2994 posse
2161 2940 2264 2979 co—

2366 2935 2426 2986 ὰν
2447 2934 2798 3002 ’ἀποστήσωσι
2829 2932 2924 3000 τῆς
2949 2933 3274 3000 ἐπαγγελίας
3301 2933 3387 2984 διά
3412 2932 3509 3001 τὴν
3541 2929 3916 3001 θεωρουμένην

725 3024 1062 3081 gnoscerent,
1113 3026 1327 3085 propter
1361 3017 1591 3070 oblatam
1623 3018 1790 3071 oculis
1851 3019 2262 3087 apparitionem.

2366 3023 2500 3091 ῠψιν.
2533 3018 2612 3075 Ἦ
2643 3022 2752 3093 γὰρ
2781 3024 2846 3076 ἂν
2869 3024 2959 3076 καὶ
2988 3023 3314 3091 ἀπώκνησαν
3346 3021 3478 3091 πρὸς
3510 3021 3570 3073 τὸ
3616 3021 3918 3090 ἐπίταγμα,

726 3104 856 3170 Quae
884 3105 983 3159 nisi
1035 3108 1103 3160 ita
1132 3123 1188 3161 se
1214 3109 1492 3173 haberent,
1537 3108 1773 3176 profecto
1793 3107 1856 3160 ad
1888 3117 2148 3175 praecepta
2179 3106 2265 3159 illa

2366 3113 2650 3183 ἀγροικίαν
2679 3114 2888 3176 ἑαυτοῖς
2914 3114 3005 3166 καὶ
3031 3113 3200 3181 λόγων
3236 3111 3495 3164 ἱδιωτείαν
3526 3110 3921 3178 συγγινώσκον-

728 3199 1078 3266 torpuissent,
1131 3189 1441 3253 rusticitatis
1490 3214 1600 3252 sua:
1655 3207 1710 3252 et
1782 3199 2010 3252 idioticae
2049 3197 2266 3264 loquela:

2366 3220 2474 3266 τες,
2509 3203 2575 3256 δι’
2604 3209 2670 3274 ἥν
2702 3203 2838 3272 τάχα
2868 3203 2930 3256 ἂν
2953 3204 3044 3257 καὶ
3071 3203 3449 3274 παρῃτήσαντο
3471 3218 3485 3231 ·
3520 3201 3744 3263 εἰκότως
3767 3201 3916 3267 λογι-

728 3289 955 3353 conscii,
1003 3289 1154 3358 cujus
1203 3304 1363 3343 causa
1411 3289 1638 3343 omcium
1692 3289 1921 3342 fortasse
1976 3291 2266 3342 detrectas-

2367 3294 2606 3361 σάμενοι,
2631 3311 2705 3354 ως
2731 3294 2825 3362 οὐχ
2852 3290 2959 3344 οἶόν
2987 3309 3046 3344 τε
3073 3288 3142 3360 ἦν
3168 3291 3369 3362 Σύρους
3395 3291 3492 3361 τὴν
3517 3289 3782 3357 γλῶτταν,
3822 3291 3917 3342 καὶ

728 3388 879 3441 sent;
915 3388 1058 3432 recte
1101 3379 1393 3446 cogitantes
1417 3379 1530 3433 ﬁeri
1575 3379 1716 3433 haud
1761 3393 1916 3446 posse
1942 3388 2000 3432 ut
2027 3377 2266 3432 homines

2369 3381 2528 3434 πλέον
2558 3381 2761 3443 ἀλιείας
2793 3381 2954 3451 μηδὲν
2971 3379 3380 3449 ἐπισταμένους,
3411 3379 3757 3440 διδασκάλους
3785 3368 3920 3446 δμοῦ

729 3472 906 3540 lingua
939 3471 1082 3541 Syri,
1123 3481 1176 3525 et
1210 3481 1397 3540 przeter
1443 3480 1613 3523 artem
1663 3471 2003 3537 piscatoriam
2033 3471 2268 3523 omnium

729 3561 923 3627 ignari,
961 3562 1193 3631 magistri
1234 3561 1679 3658 constitueerm'
1698 3558 2272 3617 Crassorum—simulet

729 3649 1116 3714 Romanorum,
1131 3650 1498 3720 Egyptiorum
1529 3649 1590 3704 et‘
1603 3651 1906 3716 Persarum,
1931 3653 2269 3722 aliarumque

730 3745 962 3811 gentium
993 3742 1359 3803 barbararum,
1385 3742 1629 3811 legesque
1657 3740 1861 3796 ferrent
1888 3758 2066 3796 coram
2096 3743 2268 3812 legum

731 3837 988 3892 latoribus
1050 3839 1399 3906 regibusque,
1463 3837 1762 3891 contrarias
1813 3838 1876 3890 iis
1934 3837 2271 3905 opinionibus

730 3941 849 3992 quze
886 3927 950 3978 de
973 3926 1238 3993 primariis
1265 3926 1365 3979 diis
1397 3940 1462 3979 ex
1492 3926 1634 3978 omni
1667 3939 1780 3980 σενο
1804 3926 2138 3978 exstiterant.
2166 3926 2269 3978 Sed

731 4016 846 4068 haec
875 4029 1088 4068 versare
1119 4015 1296 4069 animo
1328 4030 1430 4068 non
1461 4015 1656 4068 licebat
1692 4015 1818 4077 illis,
1845 4016 1935 4084 qui
1959 4030 2141 4068 vocem
2178 4015 2270 4069 Dei

732 4104 962 4157 dicentis
984 4105 1262 4157 audierant
1291 4123 1304 4158 :
1329 4104 1462 4158 Ecce
1509 4121 1599 4173 ego
1641 4105 1893 4158 vobiscum
1944 4121 2090 4169 sum;
2132 4120 2268 4174 quo-

734 4193 874 4247 niam
917 4195 1192 4249 evidenter
1236 4205 1555 4264 aspexerant
1612 4195 1878 4262 loquentis
1937 4196 2268 4249 divinitatem

733 4285 891 4339 morti
910 4285 1237 4354 superiorem
1269 4285 1593 4352 apparuisse.
1626 4285 1756 4338 llinc
1784 4300 1874 4340 eos
1903 4286 2273 4340 inobedientia:

733 4377 896 4431 timor
926 4378 1160 4440 incessit,
1187 4377 1410 4446 ideoque
1447 4377 1694 4446 periculis
1723 4391 1781 4431 se
1798 4377 2160 4444 obiectabant,
2182 4392 2267 4431 ac.

734 4479 885 4535 cepta
916 4482 944 4518 a
974 4469 1227 4536 magistro
1259 4469 1416 4521 arrlia
1440 4470 1562 4523 vita:
1593 4479 1708 4536 post
1740 4480 1961 4522 mortem
2000 4471 2268 4533 vivendze;

735 4570 1035 4624 magnoque
1057 4558 1241 4611 animo
1287 4568 1508 4611 cunctas
1536 4571 1719 4627 gentes
1756 4559 2006 4619 obibant,
2029 4560 2270 4627 magistri

2380 3472 2762 3543 Ἐλλήνωνοκαὶ
2811 3472 3110 3542 Ῥωμαίων,
3140 3471 3446 3537 Αἰγυπτίων
3483 3487 3541 3522 τε
3576 3472 3669 3522 καὶ
3695 3470 3919 3540 Περσῶν

2370 3563 2460 3614 καὶ
2501 3563 2608 3614 τῶν
2642 3562 2840 3615 λοιπῶν
2869 3563 3152 3634 βαρόἀρων
3185 3560 3349 3615 ἐθνῶν
3391 3559 3740 3622 καταστῆναι,
3773 3563 3922 3612 ἀντι-

2369 3653 2719 3722 νομοθετῆσαί
2759 3671 2819 3706 τε
2864 3657 2974 3716 τοῖς
3007 3652 3312 3723 ἅπανταχοῦ
3359 3653 3462 3722 γῆς
3505 3653 3818 3722 νομοθέταις
3859 3671 3920 3706 τε

2369 3746 2461 3797 καὶ
2495 3744 2788 3813 βασιλεῦσι,
2823 3745 3079 3798 τάναντία
3111 3747 3221 3807 τοῖς
3244 3743 3498 3815 περὶτῶν
3527 3742 3753 3814 πρώτων
3781 3743 3920 3795 θεῶν

2368 3839 2432 3888 ἐκ
2472 3835 2564 3888 τοῦ
2605 3836 2803 3897 παντὸς
2847 3835 3036 3898 αἰῶνος
3081 3831 3438 3904 δεδογμένοις.
3480 3833 3619 3885 Ἀλλ’
3651 3834 3750 3885 οὑκ
3793 3832 3920 3901 ἐξῆν

2369 3928 2546 3990 αὐτοῖς
2570 3925 2742 3980 ταῦτα
2772 3926 3108 3991 διανοεῖσθαι,
3139 3926 3401 3978 ἀκούσασι
3437 3926 3534 3996 μὲν
3567 3924 3701 3978 Θεοῦ
3738 3925 3921 3994 φωνῆς

2369 4017 2629 4087 λεγούσης
2653 4017 2852 4080 αὐτοῖς,
2889 4016 3038 4070 Ἰδοὺ
3074 4015 3187 4084 ἐγὼ
3229 4017 3355 4085 μεθ’
3391 4015 3556 4085 ὑμῶν
3579 4017 3728 4084 ειμι,
3750 4014 3920 4087 δρῶσι

2368 4109 2425 4160 δὲ
2459 4109 2662 4178 ἐναργῆ
2695 4107 2790 4178 τὴν
2820 4106 2912 4160 τοῦ
2943 4106 3224 4171 λαλοῦντος
3251 4107 3474 4176 θεότητα
3515 4106 3792 4177 κρείττονα
3827 4108 3920 4158 θα-

2370 4201 2530 4253 νάτου
2565 4199 2881 4267 φανθείσαν·
2921 4199 3001 4251 διὸ
3033 4199 3126 4251 καὶ
3145 4199 3258 4262 δέος
3302 4198 3484 4262 αὐτοῖς
3516 4197 3612 4266 τῆς
3641 4197 3918 4267 παρακοῆς

2370 4290 2539 4360 εἰσῄει
2564 4289 2694 4359 (54).
2727 4289 2913 4342 Ἔνθεν
2935 4289 3097 4359 ὁμόσε
3117 4292 3227 4352 τοῖς
3257 4289 3514 4352 κινδύνοις
3547 4287 3802 4359 ἐχώρουν,
3823 4289 3921 4358 τῆς

2374 4382 2510 4451 μετά
2533 4380 2756 4433 θάνατον
2785 4380 2926 4450 ζωῆς
2954 4380 3102 4452 παρὰ
3123 4380 3216 4432 τοῦ
3241 4379 3554 4433 διδασκάλου
3577 4379 3826 4440 λαϐόντες
3853 4380 3922 4433 τά

2373 4470 2637 4538 ἐχέγγυαο
2670 4468 2934 4539 προῆλθόν
2963 4487 3021 4522 τε
3057 4469 3332 4541 εὐθαρσῶς
3359 4471 3450 4522 ἐπὶ
3483 4468 3581 4538 τὴν
3613 4469 3721 4520 τῶν
3747 4470 3918 4521 ἀπάν-

2370 4577 2477 4613 των
2511 4559 2674 4613 ἐθνῶν
2715 4561 2977 4630 περίοδον,
3008 4560 3101 4612 τοῦ
3141 4576 3288 4628 σφων
3327 4557 3636 4611 διδασκάλου
3667 4558 3765 4621 τάς
3795 4559 3922 4611 ὑπο-

737 4645 815 4697 sui
861 4647 1240 4712 promissiones
1280 4663 1442 4717 opere
1482 4649 1863 4702 continuantes
1894 4648 2004 4719 (55)
2036 4668 2048 4701 :
2079 4651 2266 4718 quibus

2378 4651 2584 4720 σχέσεις
2611 4650 2798 4720 ,ἔργοις
2839 4651 3213 4719 πιστούμενοι·
3249 4644 3327 4712 οἷς
3359 4651 3450 4702 καὶ
3472 4650 3573 4717 ἔφη
3594 4667 3606 4678 ·
3645 4650 3828 4718 Ὑμεῖς
3861 4649 3918 4701 δέ

735 4736 894 4788 etiam
916 4738 1158 4790 dixerat:
1191 4735 1297 4792 Vos
1330 4739 1457 4792 estis
1489 4739 1676 4793 borum
1703 4749 1884 4802 testes,
1919 4742 2105 4796 mortis
2131 4741 2274 4794 vide-

736 4824 860 4879 licet
885 4840 946 4879 ac
971 4829 1397 4881 resurrectionis.

805 4918 857 4972 5.
889 4917 1017 4971 Cum
1046 4934 1174 4987 ergo
1211 4919 1376 4972 semel
1428 4919 1754 4974 declarasset
1798 4930 2042 4988 oportere
2089 4923 2142 4975 in
2178 4938 2277 4978 no-

738 5011 881 5064 mine
911 5010 1025 5077 ejus
1065 5011 1337 5078 praedicari
1379 5013 1748 5079 paenitentiam
1781 5017 1832 5067 in
1864 5015 2069 5069 cunctis
2105 5015 2280 5084 genti-

739 5102 870 5164 bus;
911 5101 1008 5155 nisi
1033 5101 1166 5154 l'acta
1200 5101 1376 5155 verbis
1407 5113 1585 5170 postea
1609 5105 2017 5168 consensissent,
2043 5121 2109 5159 ne
2131 5106 2276 5158 illum

739 5194 952 5261 quidem
979 5209 1007 5247 a
1032 5196 1255 5247 mortuis
1279 5195 1540 5249 revixisse
1562 5196 1924 5250 crederemus.
1973 5197 2067 5251 Sin
2103 5200 2277 5266 potius

743 5284 808 5338 ad
839 5285 972 5340 hanc
1006 5300 1172 5355 usque
1203 5287 1340 5340 diem
1367 5297 1575 5340 etnunc
1600 5286 1759 5340 etiam
1785 5287 2056 5353 prazdictio
2086 5288 2137 5339 in
2167 5303 2276 5340 rem

816 5455 924 5524 (S5)
949 5455 1114 5508 Aliter
1136 5456 1220 5508 hic
1239 5455 1578 5524 interpungit,
1604 5466 2093 5524 consequenterque
2119 5459 2284 5512 inter-

744 5535 981 5595 pretatur
1007 5526 1175 5579 editor
1196 5525 1414 5592 Anglus.

822 5593 931 5658 (54)
956 5595 1076 5646 Abit
1102 5597 1150 5646 in
1180 5595 1340 5665 alium
1368 5609 1582 5665 promus
1615 5609 1830 5665 sensum
1865 5595 2074 5662 Anglice
2102 5611 2163 5647 cx
2192 5594 2283 5665 Sy-

748 5665 892 5716 riaco
949 5664 1313 5728 interpretatio
1350 5681 1362 5715 :
1399 5663 1699 5728 Heapertiug
1747 5664 1870 5714 wich
1908 5665 2133 5716 however
2166 5663 2282 5732 they

748 5733 851 5786 limi
873 5734 1186 5786 entertained
1214 5733 1341 5786 fear.
1383 5733 1624 5792 (Syriaco
1655 5741 1800 5785 textu
1836 5747 1917 5784 me
1944 5749 2129 5787 carere
2177 5749 2281 5790 non

2381 4745 2502 4795 ἐστε
2545 4742 2814 4812 μάρτυρες
2857 4742 3078 4804 τούτων,
3109 4740 3200 4792 τοῦ
3223 4738 3448 4792 θανάτου
3477 4739 3674 4809 δηλαδή
3704 4739 3794 4791 καὶ
3824 4739 3921 4808 τῆς

2380 4834 2736 4894 ἀναστάσεως.

2450 4923 2654 4993 (55·56)
2682 4931 2748 4991 γ’.
2783 4923 2960 4988 "Arrcti
2982 4919 3072 4976 οὖν
3095 4922 3508 4993 ἀποφηναμένου
3527 4923 3634 4974 δεῖν
3650 4921 3920 4992 κηρυχθῆ-

2381 5013 2472 5064 ὲπὶ
2489 5013 2563 5081 τῷ
2586 5013 2803 5083 ὀνόματι
2823 5013 2981 5067 αὑτοῦ
3005 5014 3283 5082 μετάνοιαν
3308 5013 3398 5065 ἐπὶ
3422 5014 3596 5066 πάντα
3623 5013 3690 5065 τὰ
3709 5011 3852 5081 ἔθνη,
3870 5015 3917 5065 εί

2379 5121 2464 5156 ναι
2484 5105 2555 5173 μὴ
2570 5100 2656 5157 τοῦ
2667 5122 2790 5176 ργον
2821 5105 3216 5175 ἐπηκολούθηκε
3233 5103 3309 5172 τῷ
3324 5103 3482 5173 λόγῳ,
3507 5103 3638 5174 μηδὲ
3667 5102 3734 5156 τά
3747 5103 3841 5171 τῆς
3856 5105 3917 5155 ὲκ

2380 5195 2582 5266 νεκρῶν
2618 5194 2958 5256 ἀναδιώσεως
2991 5193 3150 5247 αὑτοῦ
3197 5193 3527 5247 πιστευέσθω
3547 5209 3560 5223 ·
3591 5195 3638 5246 ει
3671 5191 3728 5245 δὲ
3760 5192 3916 5244 εἰσέτι

2382 5287 2472 5336 καὶ
2499 5284 2606 5338 ’νῦν
2639 5286 2708 5338 τὰ
2751 5285 2848 5356 τῆς
2891 5287 3239 5356 προρρήσεως
3272 5287 3351 5348 εἰς
3391 5284 3547 5354 ἔργον
3591 5284 3776 5353 χωρεῖ,
3803 5282 3831 5334 ὅ
3860 5299 3916 5336 τε

2390 5461 2549 5512 semel
2574 5461 2695 5513 alibi
2735 5461 2888 5529 dixi.)

2459 5529 2567 5592 (55·
2579 5531 2666 5596 56)
2691 5531 2786 5583 llic
2819 5526 3284 5598 piietermittitura
3312 5526 3489 5580 Niceta
3509 5527 3777 5594 eclogario
3801 5543 3919 5595 pars

2389 5598 2652 5666 aliquanta
2684 5597 2964 5653 Eus‘e’biani
2991 5610 3181 5660 textus,
3211 5613 3327 5664 quae
3347 5597 3535 5665 legitur
3556 5599 3606 5649 in
3634 5598 3918 5666 Anglican:

2388 5665 2636 5735 editione,
2657 5685 2707 5732 p.
2739 5668 2862 5724 227.
2895 5667 3132 5739 Theoplt.
3169 5682 3240 5734 tv,
3267 5668 3316 5721 9.
3348 5666 3501 5737 Angl.
3535 5683 3586 5735 p.
3617 5665 3746 5720 σεε.
