4070 6304
271 375 377 432 635

1602 364 1691 418 DE
1730 361 2195 417 THEOPIIANIA.

3395 336 3504 408 Bas

272 487 425 555 λόγος
454 484 616 539 αὑτοῦ
645 485 755 549 ζῶν
784 484 875 536 καὶ
899 480 1137 554 ἐνεργῶν
1167 480 1286 533 καθ’
1310 478 1435 547 ὅλης
1469 477 1566 546 τῆς
1587 474 1835 545 οίκουμέ-

1944 474 2302 538 convertitur;
2338 472 2562 543 ejusque
2598 469 2849 531 verbum,
2885 468 3067 521 vivum
3097 474 3153 517 et
3183 462 3364 520 cineas
3406 482 3504 535 per

273 596 372 648 νης
404 578 694 646 ὀφθαλμοῖς
726 576 935 645 ὁρᾶται,
974 573 1092 643 ὥρα
1127 570 1261 640 μηδὲ
1285 568 1360 639 τῷ
1388 569 1479 620 τὸν
1512 566 1667 633 λόγον
1713 581 1838 634 προ-

273 668 452 738 εμένῳ
486 668 748 719 ἀπιστεῖν.
782 656 856 715 Oi.»
880 664 987 733 γὰρ
1015 661 1285 732 ὴδύναμις
1314 659 1463 722 ζῶσα
1490 657 1584 709 καὶ
1612 655 1838 724 ὲνεργὴς

270 763 486 831 ὁρᾶται,
510 757 700 811 τοῦτον
735 757 944 826 ἀνάγκη
975 755 1124 808 πᾶσα
1147 752 1281 805 πολὺ
1309 751 1567 822 πρότερον
1597 747 1716 815 ζῇν,
1746 744 1837 796 καὶ

272 850 410 902 Θεοῦ
446 849 588 919 ζωὴν
630 848 815 899 τοῦτον
849 846 1081 899 ἐκτελεῖν
1127 844 1260 914 (57),
1299 838 1359 896 οὗ
1389 840 1562 903 ζῶντα
1599 840 1665 891 τά
1705 837 1837 907 ἔργα

276 943 540 1013 σύμφωνα
564 944 681 1002 ταῖς
698 941 896 1006 φωναῖς
911 936 1308 990 ἀποδείκνυται.
1330 934 1512 984 Πᾶσαν
1526 928 1657 997 γοῦν
1670 927 1838 996 ἀκοὴν

273 1031 542 1084 παντοίων
575 1029 742 1081 ὲθνῶν
759 1028 865 1095 (58)
884 1029 931 1079 οἱ
947 1025 1107 1079 αὑτοῦ
1122 1024 1267 1090 λόγοι
1287 1022 1498 1091 διῆλθον
1516 1016 1839 1089 μεταϐαλλό-

275 1139 430 1189 μενοι
475 1120 569 1172 καὶ
612 1118 1138 1189 μεθερμηνευόμενα
1186 1116 1265 1178 είς
1300 1112 1555 1166 παντοίαν
1594 1108 1838 1175 γλῶτταν

285 1212 602 1282 Ἑλληνικήν
641 1227 699 1262 τε
738 1211 831 1261 καὶ
870 1208 1169 1279 βάρόαρον·
1205 1206 1279 1267 ὼς
1314 1202 1635 1267 ἐξάκουστον
1674 1196 1837 1252 αὑτοῦ

269 1301 371 1371 τὴν
390 1300 732 1353 διδασκαλίαν
756 1301 886 1351 πᾶσι
915 1300 1026 1361 τοῖς
1062 1296 1235 1347 ἔθνεσι
1258 1293 1572 1363 γενομένην,
1608 1293 1687 1353 εἰς
1722 1292 1840 1341 ὲπι-

271 1390 511 1460 στροφὴν
567 1390 658 1441 καὶ
710 1390 993 1457 μετάνοιαν
1045 1386 1268 1453 ἀγαγεῖν
1315 1384 1481 1453 μυρία
1526 1380 1701 1451 πλήθη
1733 1380 1839 1431 τῶν

272 1481 537 1551 πρότερον
571 1481 627 1531 ὲν
658 1479 899 1547 πολυθέῳ
921 1477 1095 1545 πλάνη
1121 1472 1637 1543 καὶεζδωλολατρεία
1672 1472 1773 1539 πλη
1786 1489 1841 1540 μ-

273 1570 453 1637 μελῶς
486 1570 577 1621 καὶ
610 1569 857 1637 meum;
878 1568 1148 1637 βιούντων.
1183 1568 1265 1621 Οὐ.
1282 1566 1540 1635 πρότερον
1557 1564 1611 1615 δὲ
1629 1564 1837 1629 ἄφεσιν,

269 1658 394 1713 εἶτα
413 1662 709 1730 μετάνοιαν,
725 1660 858 1713 ἀλλὰ
870 1660 1154 1729 μετάνοιαν
1172 1658 1402 1729 πρῶτον,
1418 1655 1531 1709 εἶτα
1543 1657 1639 1725 τὴν
1654 1658 1840 1723 ἄφεσιν

270 1753 562 1820 κηρύττειν
587 1752 1031 1823 παρακελεύεται.
1052 1751 1175 1812 Τοῖς
1194 1749 1302 1818 γάρ
1319 1749 1558 1818 γνησίοις
1581 1746 1840 1817 πρότερον

269 1840 461 1901 κακῷν
495 1842 779 1908 μετάνοιαν
808 1840 1200 1908 ἐνδειξαμένοις
1218 1842 1250 1908 ἡ
1272 1841 1536 1909 σωτήριος
1560 1838 1720 1907 χάρις
1740 1838 1836 1905 τὴν

271 1931 619 2000 συγχώρησιν
664 1932 772 1983 τῶν
823 1930 1218 2001 πεπραγμένων
1270 1930 1609 1999 ὲδωρήσατο’
1651 1929 1716 1979 δι’
1747 1927 1838 1990 οὒς

271 2023 371 2073 καὶ
418 2022 507 2072 τὸν
552 2022 775 2074 θάνατον
810 2022 1109 2085 ἀνεδέξατο,
1146 2019 1337 2090 λύτρον
1380 2018 1570 2071 ἑαυτὸν
1626 2018 1839 2077 ἐπιδοὺς

270 2113 371 2163 καὶ
413 2112 697 2181 ἀντίψυχον
735 2112 841 2164 τῶν
879 2113 1170 2183 μελλόντων
1194 2111 1258 2163 δι’
1284 2108 1447 2162 αὐτοῦ
1479 2106 1837 2177 σωθήσεσθαι.

270 2197 431 2249 Οὕτω
469 2198 600 2267 δῆτα
631 2203 677 2251 οἱ
706 2200 866 2252 αὑτοῦ
902 2201 1158 2271 μαθηταὶ,
1192 2200 1381 2269 ἄνδρες
1423 2199 1635 2265 ἄπειροι
1671 2198 1839 2263 λόγων

266 2286 426 2350 ὄντες
456 2288 549 2340 καὶ
588 2289 817 2358 πάμπαν
853 2290 1076 2354 ἰδιῶται,
1132 2290 1358 2361 πένητές
1402 2306 1460 2341 τε
1485 2290 1577 2341 καὶ
1606 2288 1839 2348 εὐτελεῖς

269 2374 339 2427 τὸ
367 2377 548 2446 σχῆμα
569 2377 703 2449 (59),
735 2380 800 2449 τῇ
823 2379 1045 2448 δυνάμει
1071 2379 1162 2431 τοῦ
1194 2378 1331 2448 μετά
1361 2377 1586 2429 θάνατον
1609 2375 1841 2444 θεωρου-

272 2466 442 2535 μένου
477 2469 571 2519 καὶ
604 2469 857 2539 ἐμφανῶς
902 2471 1084 2532 αὐτοῖς
1129 2468 1579 2537 συναυλιξομένου
1613 2467 1841 2537 ἐπιθαρ-

273 2562 556 2629 σήσαντες,
574 2561 679 2613 ἀπὸ
695 2564 789 2631 τῆς
802 2563 1153 2634 Ἰερουσαλὴμ
1171 2562 1375 2624 πόλεως
1394 2561 1685 2631 ἀρξάμενοι
1702 2557 1842 2612 κατά

268 2649 563 2712 τάςάὑτοῦ
599 2654 1045 2723 παρακελεύσεις,
1085 2656 1169 2707 ἵνα
1211 2655 1589 2723 άναπολόγητα
1616 2651 1700 2722 εἴη
1732 2653 1842 2713 τοῖς

286 2741 559 2806 Ἰουδαίοις
580 2746 958 2816 ἀπιστήσασιν,
989 2747 1081 2798 ἐπὶ
1101 2748 1275 2800 πάντα
1304 2744 1572 2817 προῆλθον
1587 2744 1655 2796 τὰ
1689 2742 1838 2811 ἔθνη,

274 2831 373 2883 καὶ
407 2830 473 2883 τά
511 2837 951 2903 προστεταγμένα
986 2837 1230 2901 ἐποίουν,
1267 2835 1623 2905 κηρύττοντες
1674 2831 1841 2901 μετά-

269 2938 423 2974 νοιαν
457 2926 567 2986 τοῖς
599 2928 752 2989 πᾶσι,
784 2927 879 2977 καὶ
911 2927 1062 2979 λύσιν
1088 2926 1195 2979 τῶν
1226 2926 1486 2996 πρότερον
1532 2923 1631 2993 τῆς
1666 2922 1843 2991 ψυχῆς

274 3013 752 3085 ἀμπλακημάτων.

350 3278 460 3347 (60)
488 3280 846 3351 Συνηγμένων
877 3283 973 3351 μὲν
1139 3285 1230 3336 ἐπὶ
1259 3282 1318 3336 τὸ
1352 3282 1483 3335 αὐτὸ
1517 3284 1573 3334 ὲν
1600 3283 1711 3345 τοῖς
1750 3280 1847 3332 Ἱε-

277 3370 593 3441 ροσολύμοις
618 3371 726 3426 τῶν
776 3374 1049 3445 ἀρχόντων
1081 3374 1174 3427 τοῦ
1216 3374 1478 3427 Ἰουδαίων
1504 3374 1707 3436 ἔθνους,
1743 3373 1844 3442 ἀρ-

278 3462 507 3531 χιερέων
533 3480 591 3515 τε
636 3464 730 3517 καὶ
780 3466 1265 3535 νομοδιδασκάλων,
1309 3468 1365 3519 ὲν
1404 3465 1551 3535 αὐτῷ
1587 3464 1663 3533 τῷ
1716 3457 1845 3533 ἱερῷ

227 3584 233 3589 ~
276 3552 599 3621 ποιούμενος
632 3554 729 3617 τὰς
764 3555 1068 3627 διατριϐάς,
1097 3557 1165 3611 τά
1213 3555 1472 3627 μέλλοντα
1498 3557 1681 3618 αὐτοῖς
1723 3558 1843 3607 κατ’

278 3640 444 3693 αὑτοῦ
471 3641 791 3712 τολμᾶσθαι,
809 3646 902 3698 καὶ
932 3644 1022 3697 τὸν
1050 3646 1142 3697 ἐπὶ
1161 3648 1226 3716 τῇ
1257 3646 1429 3717 τόλμῃ
1462 3644 1844 3715 καταληψόμε-

277 3746 368 3781 νον
395 3733 588 3796 αὐτοὺς
604 3732 819 3806 ὀλεθρον
853 3737 1295 3806 ὲπεσκιασμένως
1314 3738 1500 3790 τοῦτον
1524 3738 1615 3789 τὸν
1646 3736 1846 3806 τρόπον

273 3820 365 3875 διὰ
392 3822 492 3891 τῆς
537 3825 848 3897 παραόολῆς
900 3828 1301 3899 προηγόρευσεν
1327 3846 1339 3857 ·
1374 3828 1708 3894 Ἄνθρωπός
1753 3845 1845 3893 τις

276 3908 359 3983 ἦν
404 3916 851 3985 οἰκοδεσπότης,
904 3918 1075 3983 ὅστις
1130 3920 1463 3986 ἐφύτευσεν
1499 3917 1841 3987 ἀμπελῶνα,

278 4002 378 4057 καὶ
401 4006 667 4075 φραγμὸν
688 4007 845 4072 αὐτῷ
869 4009 1196 4077 περιέθηκε,
1224 4010 1322 4063 καὶ
1345 4008 1573 4078 ὤρυξεν
1595 4011 1665 4063 ἐν
1686 4009 1845 4075 αὐτῷ

276 4095 493 4163 ληνὸν,
524 4096 623 4149 καὶ
660 4096 1007 4167 ᾠκοδόμησε
1051 4102 1299 4169 πύργον,
1347 4102 1447 4155 καὶ
1472 4103 1713 4165 ἐξέδοτο
1741 4106 1847 4157 αὐ-

277 4188 386 4239 τὸν
411 4189 707 4257 γεωργοῖς,
737 4194 833 4244 καὶ
857 4192 1261 4262 ἀπεδήμησεν.
1301 4194 1431 4247 Ὅτε
1477 4193 1543 4248 δὲ
1592 4195 1846 4264 ἤγγισεν

280 4280 313 4330 ό
345 4279 547 4345 καιρὸς
593 4279 710 4333 τῶν
748 4282 1007 4350 καρπῶν,
1040 4286 1361 4339 ἀπέστειλε
1403 4286 1543 4351 τοὺς
1586 4286 1846 4353 δούλους

277 4372 465 4425 αὑτοῦ
498 4373 645 4441 πρὸς
667 4372 807 4438 τοὺς
834 4378 1127 4445 γεωργοὺς
1170 4379 1377 4433 λαϐεῖν
1404 4381 1546 4445 τοὺς
1576 4383 1842 4449 καρποὺς

1940 563 2245 625 universum
2278 563 2463 617 orbem
2496 558 2886 628 conspicimus,
2910 558 3154 623 sequitur
3174 566 3232 610 ut
3256 571 3322 610 ne
3355 560 3503 614 verbi

1937 653 2154 721 quidem
2210 653 2414 707 auctori
2466 651 2627 705 [idem
2666 652 3004 719 derogemus.
3057 647 3192 702 Nam
3223 650 3375 720 cujus
3422 652 3506 705 vis

1939 744 2123 797 vivens
2172 751 2227 795 et
2275 741 2521 796 ctl'ectrix
2572 738 2840 801 cernitur,
2878 738 3021 790 hunc
3068 753 3293 791 necesse
3328 748 3413 792 est
3451 750 3508 792 et

1939 834 2107 888 multo
2140 834 2320 901 potius
2348 834 2550 894 vivere,
2574 870 2579 875 ρ
2602 838 2655 883 et
2694 828 2785 882 Dei
2819 829 2987 881 vitam
3041 827 3183 881 hunc
3225 839 3503 896 praestare,

1938 925 2091 993 cujus
2121 926 2239 978 viva
2276 938 2437 992 opera
2483 922 2667 976 verbis
2699 921 3055 974 consonantia
3112 930 3503 975 monStrantur.

1939 1016 2018 1068 Ad
2051 1015 2291 1067 omnium
2324 1012 2504 1078 itaque
2536 1008 2933 1079 quantumlibet
2965 1009 3235 1061 variarum
3262 1009 3506 1078 gentium

1938 1104 2178 1158 auditum
2248 1116 2526 1155 sermones
2576 1099 2693 1168 ejus
2730 1100 3083 1162 devenerunt,
3129 1098 3389 1152 .translati
3454 1101 3505 1151 in

1940 1195 2231 1264 quamlibet
2282 1195 2515 1261 linguam
2569 1201 2732 1257 atque
2759 1189 3053 1257 explanati,
3093 1190 3207 1243 sive
3235 1188 3504 1252 Graecam,

1939 1290 2054 1342 sive
2105 1286 2483 1340 barbaricam:
2520 1292 2576 1335 ut
2612 1296 2805 1351 nempe
2847 1282 3089 1335 doctrina
3139 1282 3254 1351 ejus
3297 1282 3510 1336 cunctis

1942 1361 2152 1447 pepulis
2200 1377 2585 1437 innotesceret,
2613 1388 2720 1440 quo
2753 1382 3200 1425 converterentur
3247 1387 3309 1425 ac
3369 1373 3509 1425 resi-

1940 1468 2209 1532 piscerent
2244 1464 2538 1513 innumera!
2572 1461 2965 1523 multitudines,
2994 1476 3112 1526 qua:
3135 1471 3292 1514 antea
3325 1461 3377 1513 in
3415 1477 3510 1529 po-

1941 1557 2209 1628 lytlieismi
2242 1569 2429 1608 errore
2471 1564 2525 1606 et
2562 1553 2826 1606 idolorum
2860 1552 3006 1605 cultu
3047 1554 3209 1621 impie
3256 1563 3511 1621 turpiter—

1940 1666 2044 1719 que
2109 1650 2379 1701 vivebant.
2451 1646 2636 1714 Neque
2692 1656 2847 1698 antea
2901 1645 3036 1699 dixit
3109 1646 3506 1709 remissionem,

1940 1751 2123 1811 postea
2155 1737 2549 1809 paenitentiam,
2599 1737 2695 1791 sed
2726 1737 3101 1804 pmnitentiam
3159 1737 3334 1805 primo
3364 1736 3506 1800 loco,

1943 1832 2133 1884 deinde
2162 1829 2535 1884 remissionem
2571 1826 3065 1897 prmdicarejussit.
3100 1827 3228 1880 Nam
3264 1827 3512 1883 ﬁdelibus

1940 1923 2030 1991 qui
2062 1932 2215 1974 antea
2244 1930 2588 1988 peccatorum
2626 1918 2998 1987 pmnitentiam
3042 1934 3150 1988 pra:
3177 1934 3235 1972 se
3266 1919 3507 1984 tulerint,

1942 2014 2247 2066 Servatoris
2280 2013 2449 2081 gratia
2491 2012 2702 2065 veniam
2750 2011 3144 2079 praeteritorum
3186 2012 3367 2065 donat.
3421 2012 3509 2065 Et-

1940 2102 2079 2153 enim
2135 2110 2354 2167 propter
2400 2099 2517 2152 illos
2550 2110 2777 2153 mortem
2818 2101 2933 2168 ipse
2983 2101 3218 2167 excepit,
3277 2101 3509 2168 pretium

1941 2200 2108 2244 semet
2154 2191 2439 2244 conferens
2488 2191 2557 2244 ob
2590 2192 2893 2244 animarum
2938 2192 3361 2261 redemptionem
3394 2207 3513 2261 qua:

1940 2282 2208 2333 salvandte
2256 2292 2411 2357 sunt.
2455 2279 2545 2335 Sic
2584 2280 2797 2334 demum
2827 2280 2943 2350 ejus
2964 2281 3235 2351 discipuli,
3267 2281 3516 2336 homines

1943 2372 2242 2444 linguarum
2279 2373 2450 2441 ignari
2492 2385 2546 2427 et
2578 2375 2798 2428 omnino
2840 2374 3037 2437 idiotas,
3090 2388 3355 2442 pauperes
3395 2374 3516 2427 vili-

1943 2479 2045 2532 que
2079 2467 2277 2533 specie.
2302 2467 2488 2518 virtuti
2522 2466 2664 2519 illius
2695 2482 2853 2535 quem
2891 2476 3009 2535 post
3043 2478 3267 2519 mortem
3296 2473 3513 2533 specta-

1941 2565 2149 2616 verant,
2176 2557 2375 2621 quique
2398 2553 2687 2607 manifeste
2717 2569 2837 2605 cum
2866 2553 2996 2621 ipsis
3018 2550 3514 2607 canversatus.itre-

1942 2657 2046 2713 rat,
2073 2647 2425 2707 conﬁdentes.
2468 2656 2626 2716 capto
2659 2646 2754 2700 abs
2794 2646 3181 2715 Hierosolymis
3216 2644 3392 2707 initio,
3430 2652 3517 2698 se-

1942 2742 2174 2794 cundum
2204 2740 2566 2808 ipsiusiussa,
2611 2748 2668 2793 ut
2718 2737 2831 2805 jam
2865 2738 3119 2805 deinceps
3165 2735 3517 2790 excusatione

1943 2843 2193 2887 carerent
2224 2832 2391 2886 Judari
2428 2832 2713 2897 increduli,
2754 2835 2833 2885 'ad
2859 2839 3087 2884 cunctas
3134 2839 3324 2898 gentes
3352 2817 3514 2882 deve-

1943 2933 2157 2987 nerunt,
2214 2934 2268 2977 et
2324 2923 2578 2977 mandata
2633 2924 2735 2978 sibi
2796 2922 3113 2987 effecerunt,
3164 2921 3517 2985 praedicantes

1942 3020 2190 3074 omnibus
2217 3018 2606 3087 ptenitentiam,
2638 3030 2692 3074 et
2725 3019 2964 3084 priorum
3002 3018 3195 3071 animas
3228 3016 3515 3071 criminum

1868 3138 1911 3195 ο
1945 3109 2356 3164 absolutionem.

2686 3199 2776 3254 Vl.

2021 3293 2156 3347 Cum
2192 3301 2379 3347 essent
2415 3292 2582 3361 igitur
2609 3290 2997 3360 Hierosolymis
3028 3289 3338 3357 congregati
3385 3300 3518 3356 gen-

1951 3385 2018 3439 tis
2043 3383 2279 3438 Judaicae
2312 3385 2608 3453 principes,
2651 3382 2934 3451 pontiﬁces
2966 3398 3029 3436 ac
3060 3382 3194 3451 legis
3240 3381 3517 3447 doctores,

1950 3482 2230 3533 diversaus
2273 3480 2324 3533 in
2365 3480 2564 3548 templo
2617 3479 2874 3534 Christus
2924 3478 3103 3532 scelus
3152 3478 3205 3530 in
3245 3492 3305 3531 se
3351 3476 3417 3529 ab
3449 3476 3516 3530 iis

1947 3564 2294 3634 patrandum,
2322 3576 2377 3621 et
2404 3566 3022 3621 consecuturam'scelus
3053 3580 3360 3634 supremam
3398 3579 3515 3635 pa!-

1948 3672 2094 3720 nam,
2145 3673 2341 3712 arcano
2381 3660 2461 3713 sic
2491 3674 2585 3727 per
2615 3658 2922 3728 parabolam
2963 3659 3290 3713 vaticinatus
3323 3666 3401 3712 est
3430 3658 3512 3711 κε

1951 3748 2121 3802 Homo
2172 3759 2286 3803 erat
2321 3750 2731 3817 paterfamilias,
2762 3751 2853 3809 qui
2896 3749 3150 3818 plantavit
3193 3748 3414 3813 vineam,
3463 3758 3511 3800 et

1950 3858 2119 3908 sepem
2148 3842 2496 3895 circumdedit
2526 3842 2598 3907 ei,
2629 3852 2675 3893 et
2700 3840 2833 3907 {odit
2868 3842 2920 3893 in
2946 3857 3008 3894 ea
3032 3839 3287 3904 torcular,
3323 3850 3370 3893 et
3397 3839 3499 3892 aedi

1949 3933 2128 3999 ﬁcavit
2154 3934 2361 3999 turrim,
2386 3942 2432 3985 et
2465 3932 2687 3984 tradidit
2737 3947 2853 3983 eam
2898 3928 3167 3999 agricolis,
3212 3938 3262 3983 et
3308 3945 3518 3999 peregre

1948 4025 2211 4092 profectus
2264 4032 2360 4077 est.
2405 4022 2537 4076 Cum
2580 4032 2751 4077 autem
2796 4033 2994 4090 tempus
3027 4021 3295 4089 fructuum
3327 4036 3517 4087 appro-

1948 4118 2269 4184 pinquasset,
2294 4118 2435 4170 misit
2474 4132 2645 4169 servos
2672 4132 2793 4168 suos
2819 4116 2888 4169 ad
2920 4112 3183 4183 agricolas
3217 4123 3271 4165 ut
3310 4112 3514 4178 accipe—

1950 4215 2064 4259 rent
2122 4206 2324 4274 [ructus
2361 4207 2497 4275 ejus.
2549 4204 2618 4259 Et
2674 4206 2920 4276 agricola:
2967 4206 3301 4273 apprehensis
3353 4204 3523 4258 servis

1948 4300 2082 4365 ejus,
2134 4298 2295 4351 alium
2335 4301 2693 4365 pulsaverunt,
2754 4299 2917 4351 alium
2985 4298 3305 4362 occiderunt,
3349 4296 3522 4350 alium»

1949 4406 2063 4442 vero
2103 4391 2490 4456 lapidaverunt.
2526 4390 2726 4444 Iterum
2764 4392 2911 4444 misit
2953 4390 3087 4443 alios
3131 4406 3303 4443 servos
3336 4388 3522 4457 plures

276 4462 486 4517 αὐτοῦ.
544 4464 651 4517 Καὶ
698 4468 985 4534 λαϐόντες
1034 4474 1085 4523 οὶ
1134 4473 1375 4539 γεωργοὶ
1410 4472 1551 4536 τοὺς
1586 4472 1840 4539 δούλους

1947 4484 2235 4548 prioribus,
2262 4493 2311 4535 et
2342 4484 2579 4550 fecerunt
2608 4484 2733 4550 ipsis
2767 4482 3032 4536 similiter.
3074 4478 3372 4534 Novissime
3408 4498 3511 4535 au-

276 4554 485 4615 αὐτοῦ,
517 4554 589 4611 ὃν
606 4556 722 4623 μὲν
751 4558 1003 4625 ἔδειραν,
1029 4559 1101 4613 ὃν
1148 4562 1216 4614 δὲ
1266 4563 1643 4628 ἀπέκτειναν,
1674 4566 1744 4619 ὃν
1774 4568 1842 4619 δὲ

274 4646 730 4712 ἐλιθοϐόλησαν.
753 4648 941 4702 Πάλιν
954 4651 1310 4707 ἀπέστειλεν
1338 4654 1565 4720 ἄλλους
1583 4655 1842 4721 δούλους

277 4735 564 4799 πλείονας
609 4734 725 4788 τῶν
780 4737 1041 4804 πρώτων,
1107 4741 1206 4792 καὶ
1274 4742 1585 4806 ἐποίησαν·
1637 4746 1842 4812 αὐτοῖς

275 4822 575 4887 ὡσαύτως.
616 4826 892 4893 Ὕστερον
943 4828 1010 4881 δὲ
1053 4829 1369 4884 ἀπέστειλε
1419 4832 1568 4899 πρὸς
1622 4835 1842 4900 αὐτοὺς

274 4911 384 4964 τὸν
430 4913 562 4967 υἱὸν
616 4918 820 4982 αὑτοῦ,
874 4922 1101 4988 λέγων’
1162 4922 1671 4989 Ἐντραπήσονται
1736 4933 1842 4979 τόν

273 5004 412 5056 υἱόν
437 5023 575 5073 μου.
612 5009 675 5059 01
702 5008 768 5061 δὲ
794 5012 1058 5080 γεωργοὶ,
1089 5012 1318 5080 ἰδόντες
1357 5016 1464 5069 τόν
1494 5017 1649 5081 υἱὸν,
1673 5016 1845 5074 εἷπον

276 5094 348 5145 ἐν
382 5095 644 5162 ἑαυτοῖςο
697 5094 883 5166 Οὗτός
927 5104 1097 5157 ἐστιν
1136 5108 1167 5159 ό
1213 5110 1613 5177 κληρονόμος·
1652 5111 1842 5176 δεῦτε,

1948 4584 2047 4626 tem
2080 4576 2221 4627 misit
2251 4576 2319 4627 ad
2350 4590 2435 4627 eos
2468 4575 2638 4642 ﬁlium
2668 4591 2844 4639 suum,
2874 4575 3051 4627 dicens
3074 4589 3093 4625 :
3120 4571 3513 4626 Reverebuntur

1949 4667 2121 4733 ﬁlium
2146 4684 2335 4720 meum.
2358 4666 2618 4737 Agricon
2661 4677 2832 4719 autem
2863 4666 3091 4720 videntes
3127 4664 3319 4733 ﬁlium,
3364 4664 3515 4716 diate-

1949 4742 2067 4808 runt
2128 4758 2268 4807 intra
2314 4773 2367 4809 se
2413 4772 2431 4809 :
2470 4755 2571 4808 Hic
2624 4765 2700 4809 est
2756 4758 2941 4819 haeres,
2978 4756 3161 4817 venite,
3211 4754 3522 4807 occidamuc

1947 4863 2088 4911 eum,
2135 4856 2182 4899 et
2230 4864 2537 4913 occupemus
2573 4848 2928 4902 [nereditatem
2965 4847 3098 4916 ejus.
3135 4844 3204 4897 Et
3232 4844 3516 4913 apprehen-

1948 4954 2063 4991 sum
2102 4956 2218 4991 eum
2254 4940 2515 5007 ejecerunt
2542 4954 2689 4993 extra
2711 4942 2932 5006 vineam,
2962 4949 3009 4992 et
3040 4940 3359 4993 occiderunt.
3381 4935 3514 4989 Cum

1950 5045 2071 5097 ergo
2122 5034 2317 5083 venerit
2361 5034 2605 5084 dominus
2659 5033 2839 5095 vincar,
2888 5031 3014 5098 quid
3064 5030 3217 5098 faciet
3266 5027 3513 5097 agricolis

1951 5120 2103 5172 illis?
2132 5121 2289 5172 Aiunt
2325 5124 2412 5175 ei:
2445 5122 2613 5176 Malos
2647 5122 2783 5175 male
2827 5123 3025 5190 perdet,
3051 5131 3098 5175 et
3124 5122 3321 5173 vineam
3364 5132 3512 5171 suam

269 5186 713 5257 ἀποκτείνωμεν
738 5190 941 5258 αὑτὸν,
963 5194 1062 5247 καὶ
1088 5194 1479 5266 κατάσχωμεν
1497 5200 1612 5268 τὴν
1630 5205 1840 5271 κληρο-

1955 5212 2125 5263 tradet
2172 5212 2295 5265 aliis
2327 5214 2598 5283 agricolis,
2636 5216 2724 5281 qui
2761 5186 2975 5267 reddent
3018 5214 3066 5265 ei
3115 5212 3342 5279 fructum
3384 5218 3513 5259 tem-

345 5323 393 5355 ’⁸
423 5320 609 5377 Matth.
641 5339 753 5388 χιι,
784 5325 853 5379 35
878 5340 997 5397 seq.

341 5437 455 5502 (57)
486 5438 668 5521 l'fotest
690 5442 853 5521 etiam
884 5444 989 5521 dici
1027 5461 1041 5499 :
1070 5457 1115 5499 et
1133 5446 1242 5521 _l_)ei
1266 5450 1422 5503 vitam
1451 5452 1635 5509 vivere,
1676 5454 1726 5505 id
1754 5468 1836 5510 est

267 5523 450 5585 parem
483 5509 677 5585 divina:
705 5513 859 5563 vitam
890 5515 1092 5583 degere.
1122 5517 1392 5572 Christum
1417 5522 1643 5575 scilicet.
1672 5509 1836 5578 Paulo

269 5576 431 5663 aliter:
468 5576 725 5663 Anglicus
763 5576 984 5663 textius
1010 5590 1113 5638 and
1156 5589 1267 5639 that
1309 5590 1371 5643 he
1416 5592 1561 5660 bring
1595 5602 1646 5645 to
1686 5576 1835 5663 e/Iect

267 5645 356 5715 tlte
393 5646 555 5715 living
585 5649 756 5715 things
782 5652 841 5715 of
859 5650 991 5704 Cod.
1388 5669 1393 5673 '

338 5714 451 5785 (58)
478 5715 591 5770 Non
621 5714 829 5773 vdetur
851 5722 1042 5791 legisse
1071 5724 1241 5792 Syrus
1264 5744 1378 5783 voc.
1397 5729 1583 5795 ἐθνων,
1614 5735 1839 5794 ideoque

1940 5460 2144 5528 Anglus
2176 5479 2190 5515 :
2224 5462 2385 5516 These
2414 5461 2494 5513 his
2534 5462 2701 5513 words
2737 5460 2855 5511 then
2877 5460 3025 5527 being
3058 5458 3250 5512 varied.

2015 5532 2127 5601 (59)
2160 5532 2453 5597 Atnbiguus
2476 5530 2609 5601 mihi
2638 5540 2717 5582 est
2752 5530 3090 5601 aliquantum
3133 5544 3197 5581 ex
3230 5528 3369 5600 Syro
3396 5528 3511 5583 An-

1943 5600 2061 5670 glus
2092 5599 2116 5652 ε’
2140 5605 2297 5669 needy
2320 5604 2419 5669 (ns)
2444 5600 2561 5668 they
2592 5599 2799 5670 werein
2819 5599 2952 5670 their
2973 5601 3259 5655 character.

2017 5669 2131 5741 (eo)
2167 5673 2230 5726 Α.
2266 5666 2301 5727 t'.
2329 5666 2454 5723 sua.
2488 5666 2543 5725 ι).
2573 5670 2695 5736 Syr.
2737 5666 2823 5733 tv,
2848 5667 2929 5721 ιδ.
