4070 6304
221 295 333 352 637

1553 302 1643 356 DE
1685 304 2146 364 THEOPHANIA.

3363 309 3468 368 638

223 413 390 467 Δαϐὶδ
414 414 653 490 γέγονεν,
672 419 760 467 ὅτε
795 415 972 485 ἔκρινε
1004 415 1101 486 τὴν
1126 417 1439 490 παραϐολὴν
1469 421 1564 473 τοῦ
1589 422 1773 476 Νάθαν

1903 426 2168 482 Natltanis
2194 427 2452 499 parabola
2479 427 2745 497 judicium
2775 428 2920 484 tulit.
2965 428 3353 484 Verumtamen
3387 427 3466 482 illi

236 501 454 574 Ἐπειδὴ
484 504 542 558 δὲ
578 504 804 573 ᾔσθοντο
837 504 943 558 τῶν
999 505 1327 576 εἰρημένων,
1362 509 1484 560 τότε
1522 506 1673 563 εἷπον
1719 513 1792 583 μὴ

221 594 450 659 γένοιτο.
487 593 656 646 Τοῦτο
682 596 860 663 μέντοι
907 596 1006 668 ἤδη
1034 598 1212 667 τρίτον
1243 597 1392 669 παρά
1417 600 1682 671 Ματοαίῳ
1708 602 1794 654 διὰ

220 682 392 752 τριῶν
411 682 729 753 παραϐολῶν
739 685 832 738 τοῦ
851 687 1169 757 ἀμπελῶνος
1193 688 1594 759 ἐμνημόνευσεν
1612 708 1624 720 ·
1658 692 1793 746 ἀλλά

219 773 312 824 διὰ
362 774 457 842 μὲν
487 775 583 844 τῆς
611 775 831 846 πρώτης
859 778 1147 850 διαφόρους
1195 780 1416 851 κλήσεις
1459 781 1647 851 ἐδήλου
1685 783 1791 837 τῶν

218 865 313 914 ἐπὶ
342 865 440 933 τὴν
483 867 738 936 ἐργασίαν
775 870 867 922 τοῦ
906 871 1223 940 ἀμπελῶνος
1274 873 1647 943 παρελθόντων
1669 891 1681 905 ·
1710 869 1791 938 οἷς

223 958 391 1009 πᾶσιν
420 957 480 1021 ἐξ
510 958 623 1012 ἴσου
663 960 851 1030 μισθὸν
901 963 1133 1016 ἐνεδίδου
1171 965 1233 1017 τὸ
1260 965 1511 1036 δηνάριον
1537 984 1550 996 ·
1600 967 1688 1020 διὰ
1734 967 1791 1020 δέ

219 1049 322 1118 τῆς
366 1049 645 1121 δευτέρας,
691 1052 783 1105 δύο
834 1054 964 1107 υἱῶν
1011 1054 1203 1124 κλῆσιν
1235 1058 1502 1127 ᾐνίττετο·
1549 1059 1643 1112 τοῦ
1690 1061 1790 1128 μὲν

214 1139 553 1208 ἀρνουμένου
576 1141 643 1193 τὰ
682 1141 891 1212 πρῶτα,
915 1143 1006 1195 ἐπὶ
1041 1143 1183 1197 τέλει
1214 1146 1272 1199 δὲ
1316 1148 1413 1219 τὴν
1439 1149 1681 1219 ὑπακοὴν
1705 1151 1789 1202 ἐν·

211 1228 586 1297 δεικνυμένου,
614 1233 705 1284 καὶ
723 1234 804 1296 εἰς
833 1233 924 1286 τὸν
950 1235 1247 1304 ἀμπελῶνα
1275 1237 1658 1310 ἐργαζομένου·
1691 1241 1784 1294 τοῦ

207 1317 267 1370 δὲ
299 1321 370 1388 τῇ
404 1321 619 1390 ἐναντίᾳ
665 1325 1003 1392 κεχρημένου
1051 1327 1405 1398 προαιρέσει·
1465 1329 1551 1381 διὰ
1586 1331 1641 1382 δὲ
1689 1331 1787 1398 τῆς

213 1408 498 1478 παρούσης
530 1411 846 1482 παραϐολῆς
879 1416 1166 1483 μετάθεσιν
1196 1418 1433 1487 παντελῆ
1472 1419 1564 1472 τοῦ
1609 1421 1785 1490 ἀμπε-

209 1497 382 1562 λῶνος
416 1501 446 1552 ό
477 1499 632 1569 λόγος
667 1502 904 1557 διδάσκει
949 1507 1057 1560 ἀπὸ
1089 1500 1368 1578 προτέρων
1403 1509 1663 1580 γεωργῶν
1693 1513 1785 1563 ἐπὶ

205 1588 527 1658 δευτέρους·
565 1593 656 1645 καὶ
683 1593 780 1664 τὴν
814 1598 992 1650 αἰτίαν
1031 1598 1397 1669 σημαίνειτῆς
1422 1601 1780 1670 μεταθέσεως.

209 1678 394 1748 Κάμοὶ
419 1679 568 1733 δοκεῖ
600 1685 1005 1751 μετατεθεῖσθαι
1033 1688 1132 1757 μὲν
1178 1689 1290 1742 ἀπὸ
1318 1689 1413 1742 τοῦ
1454 1693 1784 1760 ἐπαγγειλα-

209 1766 375 1834 μένου
410 1770 507 1838 μὲν
533 1773 864 1839 ἐργάσασθαι
900 1777 1037 1839 uici},
1074 1778 1148 1849 μὴ
1186 1780 1290 1851 μὴν
1315 1781 1476 1852 ἔργον
1499 1757 1781 1849 ἐπιθέντος
1816 1757 1856 1813 Β

205 1854 283 1925 τῷ
303 1856 448 1929 λόγῳ
471 1877 486 1890 ·
530 1862 772 1918 δεδόσθαι
805 1866 862 1917 δὲ
908 1866 986 1936 τῷ
1019 1870 1383 1942 ἀρνησαμένῳ
1413 1877 1531 1926 κατ’
1581 1875 1755 1946 ἀρχὰς

206 1947 353 2019 ἔργῳ
379 1950 435 2002 δὲ
462 1953 554 2005 ἐπὶ
583 1954 722 2008 τέλει
748 1957 809 2008 τὸ
846 1958 1093 2024 εὐπειθὲς
1119 1962 1495 2036 ἐνδειξαμένῳ.
1742 1989 1745 1998 ε

273 2117 612 2189 Σαφέστερος
636 2121 762 2174 δ’ἀν
786 2126 869 2194 εἴη
892 2127 919 2178 ό
943 2125 1120 2195 λόγος,
1153 2132 1201 2182 εί
1251 2130 1312 2183 τὸ
1339 2132 1587 2198 θεοσεϐὲς
1631 2137 1770 2189 πολί-

204 2223 382 2296 τευμα
422 2209 482 2260 τὸ
521 2209 620 2296 τῆς
658 2211 793 2265 Θεοῦ
829 2214 1104 2283 βασιλείας
1135 2222 1332 2274 οἰκεῖον
1362 2225 1454 2278 τὸν
1483 2227 1779 2296 ἀμπελῶνα

205 2293 342 2352 εἶναι
370 2291 720 2372 ἐκλάϐὀιμεν·
755 2308 1054 2378 προτέρους
1084 2310 1140 2363 δέ
1177 2313 1340 2366 αὐτοῦ
1368 2291 1642 2388 γεωργοὺς
1679 2319 1776 2372 οὐκ

202 2389 379 2482 όρθῶς
407 2394 781 2464 κεχρημένους
809 2401 874 2468 τῇ
900 2400 1152 2473 ἐργασίᾳ,
1183 2404 1312 2468 τοὺς
1336 2391 1598 2478 πρότερον
1626 2410 1775 2482 παρὰ

216 2481 488 2546 Ἰουδαίοις
518 2485 616 2554 τῆς
649 2486 798 2550 θείας
850 2490 1103 2558 γνώσεως
1145 2496 1604 2568 κατηξιωμένους,
1649 2481 1775 2568 τοὺς

205 2572 404 2635 αὐτοὺς
431 2572 589 2638 ὂντας
633 2578 713 2628 ἐνὶ
756 2578 862 2632 τῶν
897 2580 1026 2634 υἱῶν
1058 2584 1137 2653 τῷ
1166 2585 1602 2660 διαϐεϐλημένῳ·
1651 2591 1772 2645 δευ-

200 2663 393 2758 τέρους
437 2665 492 2718 δὲ
527 2671 823 2739 γεωργοὺς,
852 2674 979 2737 τοὺς
1031 2676 1122 2728 τὸν
1151 2667 1521 2752 ’ὀφειλόμενον
1563 2689 1774 2758 καρπὸν

205 2753 343 2844 κατὰ
376 2758 567 2826 καιρὸν
590 2761 955 2827 ἀπώιδὸντας,
985 2767 1110 2828 τοὺς
1151 2766 1211 2831 ἐξ
1235 2769 1400 2824 ἐθνῶν
1422 2773 1508 2826 διὰ
1538 2753 1772 2844 Χριστοῦ

201 2843 298 2912 τὴν
331 2844 427 2896 τοῦ
453 2845 588 2899 Θεοῦ
615 2848 815 2914 γνῶσιν
841 2853 1213 2924 ἀνειληφότας,
1246 2861 1369 2922 τοὺς
1395 2843 1774 2929 αὑτοὺςδντας

202 2931 277 3001 τῷ
299 2933 400 3002 υἱῷ
424 2936 502 3005 τῷ
525 2939 590 2989 τὸ
617 2939 866 3004 εὐπειθὲς
890 2945 984 2996 καὶ
1001 2945 1238 3016 ὑπήκοον
1267 2951 1344 3019 τῷ
1371 2955 1539 3026 πατρὶ
1585 2957 1772 3028 ἔργοις

198 3025 638 3118 ἐπιδεδειγμένῳ.
667 3031 740 3082 To
768 3032 823 3084 δὲ
849 3034 1021 3087 αἴτιον
1046 3037 1141 3089 τοῦ
1171 3039 1436 3112 ληφθῆναι
1473 3049 1602 3118 παρ’
1620 3025 1771 3104 *ὲκεί-

204 3133 306 3167 νων
335 3116 428 3168 τὸν
471 3119 789 3186 ἀμπελῶνα,
842 3127 962 3177 ἐπεὶ
1007 3128 1080 3197 μὴ
1126 3129 1342 3201 εἴρηται
1390 3134 1478 3188 διά
1521 3116 1622 3208 τῆς
1659 3140 1769 3194 τῶν

201 3205 328 3306 υἱῶν
349 3210 684 3306 παραϐολῆς,
706 3214 1014 3306 ἀναγκαίως
1034 3219 1122 3271 διὰ
1142 3221 1240 3291 τῆς
1273 3226 1409 3292 μετά
1430 3205 1617 3298 χεῖρας
1634 3250 1774 3306 παρ-

455 3300 626 3354 Τοῦτο
657 3303 702 3355 δ’
737 3300 804 3374 ἦν
830 3307 886 3358 τὸ
923 3307 998 3378 μὴ
1046 3313 1184 3363 κατᾷ
1222 3313 1313 3366 τὸν
1353 3296 1540 3372 δέοντα
1584 3296 1772 3396 καιρδν

196 3389 487 3442 ἀποδοῦναι
538 3393 664 3456 τοὺς
719 3401 963 3466 καρποὺς
1014 3400 1090 3470 τῷ
1136 3405 1516 3480 οἰκοδεσπότῃ·
1561 3417 1652 3468 καὶ
1707 3418 1770 3469 οὑ

202 3481 353 3532 τοῦτο
381 3485 561 3551 μόνον,
594 3485 728 3538 ἀλλὰ
762 3490 854 3540 καὶ
881 3491 940 3542 τὸ
965 3492 1349 3552 ἐπιϐουλεῦσαι
1368 3504 1479 3566 τοῖς
1510 3505 1773 3560 ἀπεσταλ-

208 3572 381 3639 μένοις
409 3576 502 3627 snt
536 3577 693 3646 λήψει
721 3580 828 3632 τῶν
851 3584 1074 3654 καρπῶν
1109 3586 1347 3650 δούλοις·
1380 3593 1473 3644 καὶ
1506 3597 1565 3646 οὐ
1609 3597 1770 3651 τοῦτο

206 3665 381 3732 μόνον,
417 3667 557 3719 ἀλλά
585 3671 678 3721 καὶ
716 3671 778 3722 τὸ
805 3673 903 3742 υἱῷ
931 3678 1116 3745 χεῖρας
1149 3677 1424 3735 ἐπιϐαλεῖν
1467 3686 1730 3758 τολμῆσαι
1751 3709 1764 3721 ο

201 3757 257 3806 ὃν
285 3760 614 3826 ἐπιγνόντες,
650 3763 745 3814 καὶ
789 3765 950 3816 αὑτὸν
987 3763 1123 3820 εἶναι
1153 3770 1242 3822 τὸν
1272 3773 1385 3824 υἱὸν
1425 3776 1520 3828 τοῦ
1566 3757 1767 3832 οἰκοδε-

205 3849 395 3901 σπότου
430 3851 880 3922 ὁμολογήσαντες,
906 3858 1054 3925 ὅμως
1083 3861 1312 3923 ἀνεῖλον,
1358 3867 1545 3919 ἀσεϐεῖ
1565 3874 1768 3940 χρησά-

207 3959 350 4009 μενοι
376 3942 643 4014 λογισμῷ.
677 3947 796 4000 Τῶν
827 3951 882 4001 δέ
904 3951 1070 4021 τριῶν
1102 3955 1425 4022 παραϐολῶν
1456 3959 1548 4010 τοῦ
1592 3962 1768 4030 ἀμπε-

204 4030 385 4098 λῶνος,
409 4036 510 4104 τὴν
542 4037 639 4105 μὲν
690 4038 912 4110 πρώτην
951 4046 1063 4105 τοῖς
1101 4047 1266 4098 αὑτοῦ
1298 4049 1568 4121 μαθηταῖς
1595 4055 1766 4123 παρέ-

205 4123 343 4186 θετο,
367 4127 424 4179 ἐν
437 4129 503 4196 τῇ
527 4128 784 4200 Γαλιλαίᾳ
801 4133 896 4185 σὺν
919 4136 1102 4198 αὐτοῖς
1125 4138 1444 4209 ποιούμενος
1465 4143 1763 4214 διατριϐάς·

195 4214 382 4306 διόπερ
410 4221 614 4282 πάντας
643 4221 961 4292 ἀνθρώπους
1001 4228 1236 4297 ἐργάτας
1267 4233 1472 4302 εἰσῆγε,
1495 4233 1768 4306 διαφόροις

199 4305 364 4376 ὥραις
405 4311 802 4381 κεκλημένους·
859 4317 1231 4384 ὑπακούοντας
1278 4341 1337 4374 τε
1374 4326 1504 4388 τοὺς
1534 4327 1762 4391 πάντας,

1897 532 1955 571 re
1982 518 2195 572 demum
2246 517 2535 583 intellecta,
2580 520 2934 574 infortunium
2993 535 3024 573 a
3070 534 3130 574 se
3190 518 3464 589 deprecati

1894 618 2041 663 sunt.
2076 608 2248 664 Porro
2272 611 2410 680 apud
2445 609 2757 664 Matthaeum
2793 610 2968 665 tribus
3001 613 3068 664 de
3100 611 3256 665 vinea
3307 623 3470 678 para-

1891 700 2033 754 bolis
2086 701 2161 754 rei
2213 703 2373 770 hujus
2421 702 2629 758 mentio
2662 702 2755 755 lit:
2787 717 3097 772 quanquam
3139 703 3314 771 prima
3341 702 3466 770 qui-

1893 791 2012 845 dem
2044 791 2089 822 ”
2126 792 2288 846 variae
2316 793 2527 846 illorum
2565 791 2878 846 vocationes
2909 792 3313 859 exprimuntur,
3371 792 3464 858 qui

1892 883 1959 934 ad
2005 881 2175 936 vincte
2204 882 2470 936 culturam
2502 892 2906 947 convenerunt;
2958 883 3155 952 quibus
3208 883 3467 938 omnibus

1891 987 1990 1042 par
2027 974 2234 1027 denarii
2271 990 2479 1030 merces
2503 976 2765 1030 attributa
2798 983 2901 1028 est.
2936 975 3117 1030 Altera
3153 974 3410 1044 parabola
3446 974 3464 1006 ⁸

1891 1063 2119 1118 duorum
2163 1066 2373 1119 rocatio
2409 1067 2645 1120 llliorum
2681 1067 3008 1129 ostenditur,
3052 1080 3282 1136 quorum
3327 1064 3466 1118 alter

1889 1155 2065 1223 primo
2122 1155 2263 1208 haud
2317 1157 2615 1225 morigerus
2669 1155 2796 1221 fuit,
2833 1157 2926 1212 sed
2978 1158 3194 1211 demum
3227 1153 3461 1211 oﬂlciutn

1888 1245 2164 1314 praastitit,
2192 1256 2353 1315 atque
2383 1247 2433 1298 in
2479 1248 2633 1302 vinea
2661 1259 2920 1317 operatus
2943 1257 3028 1302 est
3055 1267 3068 1302 :
3115 1247 3255 1302 alter
3278 1258 3460 1304 autem

1889 1337 2030 1390 lilius
2062 1339 2397 1391 contrarium
2431 1339 2705 1408 ingenium
2737 1354 2849 1407 pra:
2887 1353 2947 1393 se
2988 1340 3130 1393 tulit.
3173 1337 3280 1393 Sed
3320 1355 3462 1410 prte-

1886 1437 2038 1482 sente
2062 1428 2276 1481 demum
2308 1431 2558 1496 parabola
2597 1432 2915 1483 translatam
2947 1432 3170 1485 omnino
3201 1429 3462 1486 Servator

1887 1518 2045 1570 docet
2092 1518 2264 1571 vinea:
2320 1517 2641 1572 locationem
2689 1535 2717 1571 a
2765 1521 3038 1588 prioribus
3089 1512 3344 1589 agricolis
3391 1522 3461 1576 ad

1885 1608 2214 1676 posteriores
2251 1625 2265 1673 ;
2307 1623 2636 1678 causamque
2701 1611 3078 1667 translationis
3141 1613 3348 1688 aperit.
3392 1613 3462 1668 Et

1887 1697 2016 1750 mihi
2065 1699 2280 1752 videtur
2329 1699 2590 1753 translata
2647 1700 2814 1755 vinea:
2871 1702 3070 1756 locatio
3120 1703 3188 1756 ab
3220 1717 3286 1757 eo
3325 1703 3458 1767 lilio,

1884 1791 1974 1858 qui
2009 1804 2066 1844 se
2104 1800 2451 1859 operaturum
2483 1794 2704 1862 recepit,
2733 1809 2854 1847 mox
2896 1795 3063 1848 verba
3109 1794 3162 1847 in
3198 1809 3310 1849 rem
3347 1809 3458 1849 non

1883 1880 2156 1944 contulit;
2195 1881 2390 1935 tradita
2435 1891 2616 1936 autem
2649 1883 2723 1936 illi
2765 1885 2854 1952 qui
2895 1885 3051 1939 initio
3089 1886 3307 1954 quidem
3337 1884 3458 1938 oﬂi-

1882 1972 2024 2024 cium
2059 1971 2404 2035 detrectavit,
2435 1974 2528 2027 sed
2562 1990 2683 2028 mox
2719 1990 2884 2043 opere
2914 1976 3276 2031 obedientiam
3319 1992 3458 2046 prte-

1879 2061 2036 2116 stitit.

1956 2152 2064 2204 Sed
2101 2153 2243 2206 enim
2277 2154 2447 2224 magis
2489 2156 2809 2223 perspicuus
2856 2171 3035 2211 sermo
3081 2157 3195 2224 (iet,
3249 2157 3294 2212 si
3331 2157 3456 2212 reli-

1879 2246 2082 2315 giosam
2117 2249 2310 2311 vitam,
2333 2263 2454 2318 qua:
2484 2250 2648 2303 diviui
2677 2251 2825 2319 regni
2855 2252 3069 2320 propria
3106 2261 3209 2314 est,
3241 2253 3452 2311 vineam

1877 2349 1999 2389 esse
2040 2337 2386 2405 putabimus:
2437 2345 2598 2406 atque
2645 2340 2720 2391 ita
2771 2338 2982 2406 priores
3029 2338 3148 2407 ejus
3192 2337 3452 2401 cultores,

1878 2427 1967 2496 qui
2001 2429 2321 2494 nonjustam
2344 2441 2561 2496 Operam
2589 2428 2641 2481 in
2674 2443 2737 2482 ea
2771 2427 3206 2492 collocaverunt,
3236 2426 3453 2482 Judreos

1876 2533 2000 2574 esse
2043 2519 2352 2581 credemus,
2385 2517 2475 2586 qui
2523 2518 2682 2587 primi
2734 2509 2914 2572 divina
2951 2519 3140 2573 notitia
3166 2518 3454 2588 dignanter

1879 2608 2175 2665 eollustrati
2237 2609 2514 2665 fuerunt:
2575 2612 2738 2677 hique
2791 2625 2949 2680 pares
2995 2619 3121 2663 sunt
3174 2610 3250 2663 illi
3292 2609 3449 2662 alteri

1878 2699 2013 2763 ﬁlio,
2043 2715 2204 2769 quem
2248 2700 2594 2770 evangelicus
2624 2715 2806 2755 sermo
2834 2700 3079 2754 damnat.
3113 2699 3452 2754 Posteriores

1876 2801 2056 2844 autem
2088 2791 2346 2854 cultores.
2380 2792 2472 2862 qui
2503 2791 2742 2846 debitum
2784 2791 3019 2845 fructum
3065 2807 3166 2846 suo
3205 2800 3452 2858 tempore

1875 2881 2535 2942 exbibuerunt,etlmicos
2563 2880 3024 2944 existimabimus,
3050 2881 3138 2949 qui
3167 2892 3264 2948 per
3291 2878 3450 2934 Chri-

1877 2982 2018 3024 stum
2071 2971 2165 3025 Dei
2219 2973 2461 3026 notitiam
2502 2981 2846 3040 receperuut,
2875 2971 3191 3040 similesque
3225 2970 3302 3025 illi
3337 2971 3451 3026 lilio

1877 3072 2189 3126 evaserunt,
2221 3065 2312 3131 qui
2355 3062 2492 3130 patri
2523 3063 2844 3130 obsequium
2876 3073 2931 3118 et
2958 3063 3323 3118 obedientiam
3361 3078 3452 3117 re-

1879 3155 1993 3220 ipsa
2039 3162 2266 3208 testatus
2307 3161 2416 3206 est.
2451 3152 2570 3206 1am
2611 3167 2834 3206 causam
2889 3154 3086 3207 ablata:
3122 3153 3226 3208 illis
3256 3153 3450 3217 vineae,

1873 3246 2002 3313 quia
2047 3245 2100 3298 in
2155 3244 2389 3296 ﬁliorum
2443 3245 2696 3313 parabola
2747 3243 3007 3298 Servalor
3039 3260 3142 3298 non
3182 3245 3338 3309 dixit,
3369 3248 3451 3300 id-

1873 3322 2022 3387 circo
2061 3347 2284 3386 necesse
2311 3331 2412 3384 fuit
2439 3342 2496 3384 ut
2532 3332 2656 3395 hac,
2688 3348 2810 3400 qua:
2838 3334 2892 3385 in
2933 3334 3185 3387 manibus
3221 3344 3325 3398 est,
3354 3349 3450 3403 pa-

1875 3421 2055 3476 rabola
2100 3421 2450 3491 patefaceret.
2498 3423 2671 3477 Causa
2711 3439 2841 3478 vero
2891 3422 3010 3485 l'uit,
3059 3425 3182 3491 quia
3210 3440 3317 3478 non
3347 3438 3448 3479 suo

1874 3526 2118 3585 tempore
2159 3515 2368 3570 l'rm:tus
2397 3518 2615 3570 domino
2671 3516 2882 3572 debitos
2923 3516 3278 3571 obtulerunt:
3310 3532 3448 3585 prae-

1871 3613 2127 3672 tereaque
2180 3605 2356 3659 servis
2407 3606 2473 3657 ad
2516 3605 2850 3675 colligendos
2897 3606 3105 3660 fructus
3159 3607 3446 3661 submissis

1870 3698 2097 3749 exitium
2129 3696 2298 3749 moliti
2325 3707 2444 3750 sunt
2469 3711 2483 3749 :
2513 3697 2739 3751 necdum
2769 3698 2854 3752 Itis
2878 3699 3445 3765 maleliciiscmtteuti,

1872 3788 1978 3841 lilio
2011 3787 2111 3854 ipsi
2147 3783 2340 3840 alicrre
2365 3803 2558 3840 manus
2602 3802 2705 3840 non
2742 3786 3094 3842 dubitarunt:
3127 3803 3286 3857 quem
3314 3803 3446 3844 sane

1870 3879 2132 3947 agnitum,
2163 3889 2325 3946 atque
2353 3878 2554 3931 domini
2581 3878 2748 3931 lilium
2774 3894 2877 3933 non
2896 3878 3206 3941 diliitentes,
3234 3880 3440 3934 nihilo-

1870 3972 2047 4024 minus
2095 3971 2258 4039 impio
2299 3969 2527 4023 consilio
2564 3970 2976 4024 interemerunt.
3028 3971 3206 4039 Atque
3246 3972 3441 4025 harum

1871 4064 1942 4115 de
1973 4062 2124 4114 vinea
2159 4062 2536 4129 parabolarum
2578 4063 2738 4117 trium
2772 4062 3000 4130 primam
3031 4062 3311 4129 discipulis
3333 4064 3446 4117 suis

1869 4153 2123 4206 recitavit
2161 4154 2438 4217 Servator,
2462 4156 2587 4207 dum
2618 4155 2671 4208 in
2707 4153 2927 4209 Galilzea
2982 4169 3102 4207 cum
3149 4154 3215 4209 iis
3256 4169 3445 4209 versa-

1872 4257 2041 4299 retur.
2079 4245 2262 4310 Quare
2302 4257 2355 4299 et
2382 4261 2570 4302 omnes
2600 4248 2844 4300 homines
2868 4246 3005 4300 dixit
3031 4246 3262 4300 diversis
3295 4246 3445 4300 horis

1869 4334 1934 4385 ad
1963 4349 2179 4402 operam
2208 4346 2459 4401 vocatos;
2483 4337 2572 4404 qui
2601 4336 2777 4392 cuncti
2811 4334 3210 4406 obtemperant,
3236 4350 3447 4406 parem-

199 4402 292 4454 καὶ
326 4404 513 4472 μισθὸν
533 4406 906 4476 λαμϐάνοντας
934 4410 1025 4463 τὸν
1057 4413 1218 4466 αὐτόν
1236 4432 1249 4443 ·
1278 4416 1377 4486 τὴν
1414 4416 1470 4468 δὲ
1512 4417 1769 4489 δευτέραν

1877 4439 1978 4492 que
2010 4426 2313 4480 mercedem
2355 4402 2595 4494 Cupiunt.
2625 4428 2932 4482 Secundam
2970 4402 3284 4494 parabolam
3316 4427 3444 4482 Hie-

200 4492 256 4544 ὲν
293 4495 680 4567 Ἰεροσολύμοις
705 4501 1013 4570 γενόμενος,
1036 4502 1180 4564 ἔνδον
1204 4522 1260 4557 τε
1290 4508 1346 4558 ἐν
1372 4507 1516 4577 αὐτῷ
1530 4508 1607 4578 τῷ
1637 4511 1766 4581 ἱερῷ

198 4582 479 4649 διδάσκων,
506 4592 618 4652 τοῖς
647 4591 992 4662 ἀρχιερεῦσιν
1031 4595 1225 4663 ἐπῆγε,
1263 4599 1354 4650 καὶ
1385 4604 1497 4664 τοῖς
1538 4604 1767 4672 πρεσϐυ-

200 4674 369 4744 τέροις
425 4679 523 4732 τοῦ
579 4681 729 4748 λαοῦ,
767 4683 922 4753 ’μετά
961 4684 1156 4738 πολλοῦ
1195 4687 1289 4740 τοῦ
1331 4693 1763 4761 παραστήματος

201 4765 523 4834 ἐλεγκτικῶς
563 4772 737 4840 φήσας
761 4774 897 4842 πρὸς
927 4778 1144 4843 αὐτοὺς,
1174 4777 1249 4840 ὠς
1285 4780 1391 4850 ἄρα
1437 4783 1485 4833 οἱ
1536 4783 1762 4837 τελῶναι

203 4859 289 4910 καὶ
312 4861 366 4912 αἱ
389 4861 586 4934 πόρναι
614 4867 901 4933 προάγοιεν
926 4870 1120 4930 αὐτοὺς
1136 4872 1216 4932 εἰς
1239 4871 1335 4940 τὴν
1361 4873 1632 4940 βασιλείαν
1657 4876 1766 4927 τῶν

197 4947 432 5014 οὐρανῶν
452 4968 463 4980 ·
507 4951 600 5004 καὶ
627 4955 814 5025 τρίτην
847 4956 904 5008 δὲ
929 4960 1039 5018 τοῖς
1085 4959 1264 5021 αὐτοῖς
1299 4962 1608 5028 ἀναγκαίως
1644 4982 1770 5033 προ-

269 5061 511 5117 ”Mattb.
544 5080 643 5127 xx,
687 5066 830 5120 l—l6.
911 5070 927 5099 ¹
959 5069 1147 5123 Matth.
1197 5087 1308 5136 χχι,
1339 5072 1530 5127 28-50.

204 5189 812 5278 ξιιιιο,ε1θνξιιςίἱε-ινὶηρςῑα
845 5203 1213 5268 paralmlis,ea
1246 5206 1497 5278 absunta
1531 5207 1755 5278 Syriaca

206 5257 539 5342 Theophania’
553 5283 571 5328 ;
589 5267 815 5342 ideoque
839 5257 900 5322 ex
923 5257 1333 5342 contrtnetttariisﬁ
1351 5257 1760 5342 potius

205 5329 253 5410 in
285 5329 569 5410 Evangelia
597 5329 850 5410 httc‘esse
891 5341 1148 5394 translata
1179 5329 1375 5409 aliquis
1408 5329 1760 5403 existimabit.

205 5393 304 5476 δέδι’
329 5393 474 5480 σεῖτῷ
509 5406 561 5455 in
602 5407 787 5480 ωιιίςςε
827 5409 894 5480 Α,
923 5424 975 5476 ρ.
1003 5393 1372 5468 mmet
1413 5393 1762 5480 ἶῗὶἱΐῇίἱῖζ

203 5469 840 5555 sineullaintercapcdine
876 5469 1071 5555 ja'eent,
1099 5497 1411 5551 nomenque
1435 5469 1763 5555 Eusebiiée:

209 5548 341 5622 runt.
377 5538 502 5622 Mihi
544 5538 723 5622 autent
761 5538 938 5622 partes
969 5538 1068 5601 ltus
1105 5561 1210 5603 tam
1239 5538 1387 5608 art-Ito
1407 5538 1764 5622 conﬁditis,

202 5617 307 5657 tum
346 5613 635 5694 sententia,
673 5623 790 5694 tum
819 5617 1266 5694 _l_oco,_separare
1317 5638 1408 5676 aut
1449 5613 1758 5694 discerpere

201 5689 408 5732 uror-sus
434 5698 536 5736 non
565 5684 778 5739 licebat.
819 5686 927 5746 ΙΙοβ
947 5689 1052 5754 aio,
1074 5684 1212 5759 'quia
1240 5695 1464 5750 credere
1507 5698 1587 5750 vel
1628 5684 1751 5766 spc-

1872 4512 2176 4582 rosolymis,
2211 4513 2336 4566 dum
2367 4515 2505 4568 intra
2529 4515 2785 4585 templqu
2815 4516 3057 4584 doceret,
3098 4531 3280 4571 coram
3313 4532 3444 4586 pon-

1872 4605 2111 4657 tiﬁcibus
2169 4607 2455 4674 populique
2511 4608 2831 4664 senioribus
2882 4611 3067 4677 dixit;
3121 4621 3175 4665 et
3225 4611 3440 4678 quidem

1870 4694 2386 4748 conﬁdentissimum
2450 4698 2658 4752 addidit
2712 4699 3161 4770 increpationem,
3211 4700 3330 4756 fore
3385 4712 3444 4756 ut

1871 4783 2019 4852 ipsos
2045 4786 2320 4852 publicani
2351 4804 2413 4841 ac
2448 4790 2771 4845 meretrices
2813 4792 2867 4846 itt
2916 4792 3181 4848 calorum
3220 4807 3442 4863 regnum

1872 4875 2265 4942 praecederent.
2300 4876 2538 4931 Tertiam
2567 4881 2801 4948 denique
2828 4883 2967 4950 apud
2995 4883 3212 4936 eosdem
3251 4897 3441 4937 neces-

1875 4967 2022 5019 sario
2075 4968 2389 5035 parabolam
2433 4974 2675 5041 protulit,
2724 4989 2917 5030 causas
2990 4975 3321 5040 edissereus,
3373 4980 3443 5031 ob

1866 5227 1988 5295 rare
2015 5213 2138 5295 licet
2156 5214 2434 5286 Syriacam
2462 5217 2851 5287 Tlteoplzam'am
2884 5223 3023 5292 apud
3043 5223 3238 5295 Syrum
3272 5226 3444 5282 inter-

1866 5294 2072 5362 pretem
2117 5287 2384 5362 integram
2424 5302 2583 5362 esse.
2632 5307 2738 5344 non
2783 5287 2964 5348 autem
3004 5287 3294 5362 aliuttando
3328 5296 3441 5350 for-

1869 5361 2012 5405 tasse
2062 5355 2358 5430 breviataut
2415 5357 2554 5425 (sive
2604 5375 2700 5426 per
2748 5363 2823 5415 rei
2865 5355 3269 5430 compendium,
3324 5370 3441 5422 sive

1868 5436 1963 5500 per
1990 5424 2388 5507 omissiortettt),
2410 5424 2550 5507 sient
2581 5424 2728 5507 certe
2757 5433 2952 5507 accidit
2988 5424 3179 5507 lguatii
3231 5424 3438 5507 marty-

1869 5491 1944 5567 ris
1971 5492 2238 5567 epistolis,
2265 5491 2405 5567 quas
2433 5496 2600 5567 Syrus
2638 5501 2902 5567 interpres
2933 5491 3205 5559 breviores
3232 5491 3438 5560 Graecis

1870 5561 2135 5642 interdum
2174 5565 2380 5642 recitat.
2431 5561 2617 5642 Nonne
2653 5561 2812 5642 ﬁcto
2842 5571 3168 5642 Quu’stiones
3221 5591 3436 5642 quoque

1868 5629 2085 5700 Eusebii
2111 5633 2456 5700 evangelicae,
2492 5639 2540 5687 itt
2565 5639 2749 5692 codice
2776 5629 2891 5692 Vat'.
2925 5639 3169 5695 Palatino
3198 5629 3434 5700 st'utliosé

1868 5699 1934 5753 ab
1965 5699 2254 5769 anonymo
2275 5714 2451 5760 vetere
2482 5708 2773 5778 breviatas,
2803 5726 2899 5765 nos
2930 5713 3026 5780 ipsi
3055 5713 3359 5769 edidimus?
