4070 6304
648 571 1086 630 transferendum
1115 586 1129 622 :
1160 578 1381 636 tresque
1409 566 1631 621 omnino
1661 578 1854 618 causas
1891 563 2197 628 recensuit;

647 667 899 734 primam,
929 663 996 716 de
1025 659 1291 714 fructibus
1323 671 1458 726 quos
1493 644 1720 726 improbi
1751 656 2003 726 agricola
2031 656 2200 709 abne-

645 761 951 821 gaverunt:
981 766 1156 819 neque
1180 749 1324 805 enim
1350 748 1613 816 imperata
1642 748 1905 810 fecerunt,
1935 746 2030 800 sed
2058 744 2203 814 leges

641 846 723 901 eis
772 843 913 899 latas
965 843 1320 897 violaverunt.
1364 837 1596 893 Causam
1655 836 1907 897 alteram.
1957 834 2198 890 facinora

645 936 906 991 adversus
929 933 1218 1002 prophetas
1246 929 1419 985 dixit:
1450 929 1502 982 hi
1530 927 1728 997 quippe
1766 926 2036 997 praemissi
2084 926 2201 981 fue-

645 1037 771 1079 rant
802 1026 945 1080 servi
969 1023 1081 1077 Dei.
1123 1020 1359 1075 Tertiam
1388 1019 1618 1087 denique
1641 1033 1860 1072 causam
1889 1017 2072 1071 attulit
2107 1034 2202 1087 pa-

644 1115 985 1169 trisfamilias
1035 1113 1203 1166 tilium
1236 1127 1453 1167 caesum.
1485 1110 1845 1176 Quamobrem
1879 1109 1982 1163 fusi
2024 1112 2201 1165 omnis

643 1205 920 1276 sanguinis
968 1218 1142 1271 pretia:
1189 1203 1257 1257 ab
1305 1202 1370 1257 iis
1432 1211 1806 1269 reposcemur,
1855 1214 1885 1254 a
1942 1200 2201 1269 sanguine

637 1296 773 1364 justi
816 1294 1004 1350 Abelis
1032 1309 1204 1365 usque
1235 1294 1300 1347 ad
1338 1292 1653 1365 sanguinem
1688 1290 1982 1346 Zachariae.

714 1559 837 1615 llaec
879 1558 1221 1629 pontiﬁcibus
1247 1567 1411 1626 atque
1444 1556 1748 1613 senioribus
1782 1558 1832 1611 in
1866 1558 2056 1613 faciem
2094 1558 2198 1613 ob-

637 1650 801 1717 lecta,
849 1667 952 1703 non
988 1649 1255 1704 mediocre
1288 1650 1373 1705 his
1420 1649 1674 1719 probrum
1713 1632 1987 1705 creabant.
2022 1652 2200 1717 Quare

643 1740 899 1795 admirari
923 1739 1045 1793 licet
1084 1737 1453 1803 Servatorem,
1484 1739 1574 1806 qui
1603 1747 1797 1808 praeter
1827 1750 2019 1793 cmtera
2050 1750 2200 1808 pote-

642 1841 838 1885 statem
886 1844 1103 1901 quoque
1153 1832 1421 1886 sermonis
1458 1845 1647 1899 magna
1704 1845 1824 1884 cum
1873 1835 2197 1886 auctoritate

640 1923 948 1985 exserebat,
986 1933 1149 1991 atque
1192 1924 1363 1990 instar
1413 1922 1611 1990 jmlicis
1643 1937 1855 1989 pinnam
1892 1922 2080 1976 iisdem
2116 1937 2200 1976 sa-

641 2013 976 2077 pientissime
1004 2022 1185 2068 ceram
1222 2014 1567 2067 decernebat.
1612 2011 1747 2068 Huic
1790 2021 1969 2068 autem
1996 2013 2199 2069 Serva-

642 2105 774 2159 toris
810 2104 974 2159 nostri
1017 2104 1287 2172 parabolas
1316 2114 1601 2170 consonat,
1646 2107 1719 2159 uti
1745 2105 1944 2159 dictum
1969 2114 2075 2169 est,
2106 2104 2193 2159 illa

640 2195 810 2249 Isaiae.
841 2195 943 2250 Sed
983 2205 1160 2251 tamen
1188 2198 1443 2266 propheta
1484 2200 1695 2253 vineam
1731 2198 2014 2268 obiurgat,
2053 2197 2197 2252 nulla

640 2286 905 2341 cultorum
954 2287 1093 2341 facta
1137 2291 1408 2343 mentione
1436 2310 1447 2343 :
1476 2297 1530 2343 at
1559 2303 1686 2343 vero
1712 2288 1969 2345 Servator
1999 2291 2197 2347 vinito-

640 2391 725 2431 res
744 2392 925 2431 coram
961 2378 1207 2446 obiurgat
1229 2389 1391 2447 atque
1434 2389 1739 2446 praesentes.
1764 2378 1828 2433 Hi
1858 2397 2019 2448 porro
2045 2392 2201 2437 erant

641 2468 910 2536 principes
941 2469 1211 2539 ducesque
1250 2472 1466 2540 populi:
1500 2472 1638 2538 apud
1669 2487 1804 2541 quos
1825 2474 1989 2527 etiam
2023 2473 2200 2528 scelus

636 2564 898 2629 adversus
932 2579 989 2619 se
1018 2564 1085 2617 ab
1122 2563 1206 2617 his
1239 2563 1559 2633 patrandum
1601 2566 2087 2619 commemoravit:
2120 2564 2199 2621 fo-

639 2668 805 2721 reque
832 2655 907 2708 ait
934 2666 991 2709 ut
1026 2656 1179 2708 vinea
1214 2654 1279 2709 iis
1315 2655 1779 2724 auferatur,atque
1800 2656 1919 2711 aliis
1958 2658 2199 2711 tradatur

638 2743 955 2799 cultoribus.
1012 2743 1145 2797 Exin
1197 2744 1541 2808 enucleabat,
1585 2759 1827 2813 quaenam
1865 2748 1989 2801 vitis
2012 2759 2195 2812 esset;

640 2845 831 2901 nempe
853 2832 942 2885 Dei
966 2848 1183 2902 regnum
1203 2834 1373 2887 vinea
1392 2833 1602 2888 nomine
1617 2834 1837 2903 intelligi
1859 2836 2197 2893 declarabat:

641 2924 779 2991 quod
802 2924 1015 2991 quidem
1049 2923 1140 2978 Dei
1168 2939 1389 2994 regnum
1432 2940 1528 2994 per
1559 2927 1699 2995 piam
1734 2927 2039 2997 religionem
2069 2930 2197 2984 olim

640 3015 975 3083 principibus
1000 3015 1198 3083 prioris
1245 3016 1425 3085 populi
1465 3018 1832 3072 concreditum
1858 3019 2053 3075 fuerat.
2094 3020 2198 3075 Sed

1357 353 1624 413 EUSEBII
1661 350 2139 409 CASSANENSIS
2174 348 2198 404 (

2300 354 2322 401 ι.
2363 343 2546 399 esas
2583 341 2674 399 tv.
2710 368 2783 385 .-
2816 312 3231 392 οοωιΑτιοᾹ.

648 499 785 556 quas
809 481 1066 538 calorum
1114 490 1339 546 regnum
1382 477 1467 531 his
1523 483 1787 543 ereptum,
1818 474 1884 526 ad
1924 471 2059 526 alios
2085 477 2198 524 erat

2303 463 2459 533 φέρει
2502 462 2601 523 τὰς
2645 456 2825 519 αἰτίας
2872 449 3163 523 παριστὰς,
3193 448 3260 500 δι’

3293 446 3357 510 ἀς
3384 444 3604 517 ἔμελλεν
3633 444 3712 506 εἰς
3757 442 3882 497 ιτε-

2308 573 2434 627 ρους
2476 551 2852 625 μετατίθεσθαι
2898 544 3274 616 ἀφαιρουμένη
3307 542 3365 608 ἐξ
3401 539 3577 594 αὐτῶν
3624 539 3660 608 ὴ
3714 537 3880 607 βασι-

2305 626 2423 700 λεία
2444 646 2551 699 τῶν
2584 642 2850 715 οὐρανῶν.
2879 640 3038 710 Τρεῖς
3059 636 3115 689 δὲ
3139 635 3238 697 τὰς
3275 632 3452 694 πάσας
3481 626 3663 691 αίτίκς
3693 644 3874 680 κατα-

2305 739 2470 806 λέγει·
2505 735 2729 807 πρώτην
2762 734 2883 804 μὲν,
2911 732 3007 799 τὴν
3036 727 3161 797 περὶ
3183 725 3310 787 τοὺς
3351 722 3592 793 καρποὺς
3616 719 3876 787 ἀγνωμο-

2308 829 2471 899 σύνην
2497 827 2606 881 τῶν
2625 824 2912 895 γεωργῶν·
2946 822 3005 875 οὐ
3039 820 3147 890 γὰρ
3183 817 3445 887 ἔπραττον
3469 809 3694 866 κατάτά
3721 826 3876 899 παρέ

2304 898 2613 991 ηγγελμένα
2657 917 2839 979 αὐτοῖς
2866 913 3003 985 (65),
3036 908 3347 982 παραϐἀται
3376 905 3430 957 δὲ
3450 904 3744 972 ἐτύγχανον
3773 898 3875 953 τοῦ

2302 1013 2543 1075 δοθέντος
2600 1010 2781 1071 αὺτοῖς
2822 1007 3018 1076 νόμου·
3048 1001 3301 1071 δευτέραν
3332 997 3409 1062 δὲ,
3440 995 3535 1066 τὴν
3582 993 3726 1047 κατά
3759 992 3876 1042 τῶν

2307 1101 2597 1175 προφητῶν
2626 1098 2917 1167 ἐπιϐουλήν
2933 1114 2945 1127 ·
2970 1089 3112 1149 οὗτοι
3139 1091 3247 1162 γὰρ
3265 1085 3403 1161 ἦσαν
3420 1088 3470 1140 οί
3500 1082 3876 1175 προαπεσταλζ

2308 1172 2586 1265 μένοιντοῦ
2634 1189 2769 1245 Θεοῦ
2816 1187 3023 1241 δοῦλοι·
3073 1183 3167 1237 καὶ
3206 1180 3417 1253 τρίτην,
3460 1178 3560 1247 τὴν
3594 1173 3733 1228 κατά
3776 1172 3876 1224 τοῦ

2305 1283 2419 1337 υίοῦ
2442 1284 2535 1336 τοῦ
2566 1278 2943 1335 οἰκοδεσπότου
2988 1273 3318 1347 μιαιφονίαν,
3341 1270 3406 1323 δι’
3428 1270 3494 1339 ὴν
3517 1266 3779 1336 ὲκδικηθή
3791 1282 3865 1317 σευ

2303 1392 2393 1427 ται
2425 1375 2482 1441 ἐξ
2506 1362 2685 1428 αὐτῶν
2723 1372 2831 1424 πᾶν
2877 1362 3038 1438 αἷμα,
3066 1365 3174 1420 ἀπὸ
3218 1363 3448 1433 αἵματος
3468 1358 3633 1411 Ἀϐελ
3660 1358 3754 1410 τοῦ
3797 1356 3878 1409 δι-

2306 1466 2460 1517 καίου
2499 1463 2688 1535 μέχρις
2715 1462 2942 1532 αἵματος
2979 1457 3263 1527 Ζαχαρίου.

2374 1555 2562 1608 Ταῦτα
2584 1534 2641 1606 δὲ
2664 1555 2743 1615 είς
2764 1554 3053 1622 πρόσωπον
3070 1550 3180 1610 τοῖς
3195 1541 3504 1615 ἀρχιερεῦσι
3520 1540 3615 1593 καὶ
3634 1534 3880 1607 πρεσϐυ-

2303 1646 2482 1717 τέροις
2530 1645 2794 1714 λεγόμενα
2835 1643 2894 1695 οὐ
2932 1639 3157 1712 μικροὺς
3193 1638 3377 1697 αὐτοῖς
3413 1631 3672 1703 παρεῖχεν
3709 1628 3874 1696 ἐλέγ-

2304 1754 2449 1807 χους.
2478 1737 2565 1789 Διὸ
2590 1734 2682 1787 τοῦ
2709 1736 2956 1803 Σωτῆρος
2978 1731 3227 1801 θαυμάσα
3244 1728 3376 1780 ιέστι
3407 1725 3542 1795 μετά
3561 1724 3669 1777 τῶν
3693 1721 3877 1775 ἄλλων

2228 1796 2273 1855 Β
2300 1796 2389 1880 καὶ
2539 1826 2783 1893 ἐξουσίαν
2820 1796 2913 1877 τοῦ
2958 1796 3115 1890 λόγου
3160 1820 3297 1891 μετά
3341 1818 3539 1886 πολλῆς
3581 1813 3875 1877 αὒθεντίας

2296 1918 2734 1988 ἀποφηναμένου,
2771 1917 2863 1969 zeal.
2889 1915 3075 1986 κριτοῦ
3106 1913 3259 1983 δίκην
3292 1910 3389 1983 τὴν
3415 1911 3535 1963 κατ’
3579 1906 3756 1961 αὐτῶν
3787 1923 3877 1958 τι-

2299 2010 2507 2081 μωρίαν
2539 2013 2618 2071 είς
2645 2009 2705 2061 τὸ
2738 2006 2914 2060 αὐτῶν
2948 2005 3233 2075 πρόσωπον
3275 2002 3411 2072 μετά
3439 1999 3743 2071 βαθυτάτης
3778 2013 3879 2049 σο-

2298 2103 2425 2172 φίας
2452 2099 2844 2169 έξενεγκόντος.
2888 2097 2966 2169 Τῇ
3000 2096 3248 2167 παρούσῃ
3279 2096 3372 2148 τοῦ
3416 2094 3665 2163 Σωτῆρος
3707 2090 3874 2159 ἡμῶν

2296 2193 2573 2266 παραϐολῇ
2605 2192 2814 2263 συνᾴδει
2836 2194 2869 2263 ή
2890 2191 3039 2262 παρά
3062 2190 3140 2259 τῷ
3154 2189 3366 2256 Ἡσαΐᾳ,
3378 2186 3453 2248 ὡς
3471 2185 3683 2255 εἴρηται
3706 2182 3875 2251 (65⁵).

2297 2286 2443 2357 Πλὴν
2475 2287 2509 2356 ή
2539 2286 2641 2356 μὲν
2667 2284 2763 2338 τοῦ
2791 2285 3066 2356 προφήτου
3084 2280 3176 2334 τὸν
3196 2277 3490 2349 ἀμπελῶνα
3514 2274 3879 2344 διεμέμφετο,

2296 2379 2403 2431 τῶν
2448 2376 2707 2448 γεωργῶν
2752 2377 2972 2448 μνήμην
3012 2371 3258 2443 οὐδαμῶς
3304 2368 3645 2438 πεποιημένη
3668 2384 3682 2395 ·
3735 2368 3763 2418 ὁ
3810 2365 3872 2416 ἃ

2298 2471 2487 2540 Σωτὴρ
2507 2471 2635 2533 τοὺς
2661 2469 2936 2540 γεωργοὺς
2962 2466 3268 2537 ἀπήλεγχεν
3291 2466 3369 2526 εἰς
3391 2461 3675 2531 πρόσωπον
3698 2456 3865 2510 ἑστῶ-

2296 2579 2393 2625 τας
2450 2562 2543 2615 καὶ
2591 2561 2882 2632 παρόντας.
2932 2554 3090 2612 Οὗτοι
3122 2558 3167 2609 δ’
3205 2552 3345 2626 ἦσαν
3385 2555 3436 2605 oi
3467 2552 3726 2621 ἄρχοντες
3771 2548 3872 2601 καὶ

2296 2653 2587 2725 ἡγούμενοι
2611 2652 2706 2705 τοῦ
2734 2651 2862 2704 λαοῦ
2886 2667 2898 2680 ·
2932 2645 3012 2713 οἷς
3039 2648 3172 2719 ὁμοῦ
3200 2646 3295 2700 καὶ
3327 2645 3393 2714 ὴν
3416 2646 3725 2714 ποιήσονται
3744 2639 3871 2692 κατ’

2296 2744 2459 2800 αὑτοῦ
2490 2744 2777 2815 ἐπιϐουλὴν
2820 2743 3035 2812 ἐδήλου·
3080 2741 3173 2793 atat
3202 2738 3277 2801 ὡς
3312 2735 3608 2807 ἀρθήσεται
3642 2733 3735 2785 ἀπ’
3772 2731 3873 2782 αῦ-

2296 2838 2401 2891 τῶν
2444 2840 2473 2891 ό
2530 2836 2807 2907 ἀμπελὼν,
2864 2836 2956 2888 καὶ
3000 2833 3278 2902 δοθήσεται
3312 2829 3516 2897 ἑτέροις
3576 2825 3871 2894 γεωργοῖς,

2297 2926 2581 2997 προῦλεγε’
2608 2927 2879 2995 διασαφῶν
2914 2924 3111 2993 ἐφεξῆς
3133 2923 3215 2985 τίς
3244 2936 3369 2973 ποτε
3403 2920 3485 2987 εἴη
3516 2920 3544 2970 ὁ
3580 2914 3867 2985 ἀμπελὼν,

2299 3019 2392 3072 καὶ
2418 3018 2683 3072 διδάσκων
2714 3017 2811 3087 τὴν
2844 3015 3119 3086 βασιλείαν
3163 3011 3255 3065 τοῦ
3297 3009 3430 3063 Θεοῦ
3462 3004 3596 3061 εἶναι
3635 3006 3726 3087 τδν
3762 3006 3873 3075 ἀμ-

642 3107 785 3159 enim
825 3122 943 3157 cum
993 3107 1046 3159 hi
1079 3122 1253 3174 neque
1278 3108 1489 3163 debitos
1530 3108 1741 3164 fructus
1774 3112 2099 3177 redderent,
2145 3122 2198 3167 et

2300 3110 2514 3163 πελῶνα
2534 3126 2552 3143 ο
2581 3110 2702 3180 ἥτις
2733 3085 2977 3179 βασιλεία
3008 3103 3143 3159 Θεοῦ
3174 3102 3260 3157 διὰ
3282 3100 3375 3153 τοῦ
3403 3085 3687 3160 θεοσεϐοῦς
3718 3095 3870 3187 πολι-

640 3203 838 3260 pnter
873 3194 1003 3262 legis
1049 3196 1427 3259 violatiouem,
1482 3197 1715 3253 caedibus
1763 3214 1978 3269 quoque
2022 3210 2195 3256 semet

643 3282 1039 3351 impiavissent,
1066 3283 1256 3338 merito
1296 3284 1552 3340 Servator
1585 3287 1721 3342 hanc
1748 3288 1800 3342 in
1837 3288 1954 3343 illos
1989 3298 2197 3345 senten-

644 3375 771 3427 tiam
800 3375 938 3437 tulit,
970 3376 1155 3429 dicens
1183 3393 1196 3428 :
1229 3373 1512 3444 Propterea
1560 3379 1679 3431 dico
1727 3379 1889 3444 vobis,
1928 3382 2197 3449 auferetur

643 3483 674 3516 ιι
707 3466 845 3517 vobis
883 3481 1103 3533 regnum
1143 3464 1239 3519 Dei
1262 3506 1279 3530 ,
1319 3477 1365 3519 et
1410 3468 1620 3520 dabitur
1659 3470 1798 3537 genti
1837 3486 1954 3539 qua:
1992 3470 2195 3540 fruetus

642 3555 755 3621 ejus
775 3555 1391 3623 exhibebit—Quoniam
1430 3573 1559 3613 vero
1595 3559 1730 3613 dixit
1757 3563 2055 3617 occiderunt
2082 3563 2198 3635 (do-

644 3644 772 3696 mini
804 3644 1015 3715 illium),
1047 3661 1153 3700 non
1170 3646 1279 3716 jam
1300 3647 1569 3702 videretur
1594 3650 1859 3716 parabolae
1880 3651 2047 3707 series
2069 3652 2199 3722 pall,

645 3733 815 3800 ipsum
862 3735 978 3791 fore
1022 3748 1343 3805 pratsentem
1375 3755 1571 3810 ptenze,
1606 3756 1710 3811 qua
1756 3741 1877 3796 mali
1929 3744 2195 3811 agricola,

644 3826 843 3880 domini
900 3829 980 3882 sui
1028 3829 1437 3899 interfectores,
1470 3834 1661 3888 merito
1708 3835 1970 3901 plecteudi
2019 3846 2195 3891 erant.

642 3916 805 3986 Atqui
837 3933 1016 3974 revera
1043 3938 1161 3977 esse
1188 3924 1441 3979 eumdem
1475 3933 1706 3982 constat.
1737 3927 1861 3996 quia
1895 3928 2007 3996 ipse
2031 3928 2197 3996 inde:

643 4016 749 4060 est.

2295 3202 2386 3254 τεύ
2396 3218 2560 3272 ματος
2589 3200 2756 3254 πάλαι
2789 3198 3050 3270 πρότερον
3072 3196 3183 3256 τοῖς
3208 3193 3432 3263 ἄρχουσι
3470 3188 3561 3242 τοῦ
3602 3186 3872 3259 προτέρου

2295 3293 2423 3347 λαοῦ
2451 3294 2827 3346 ἐπεπίστευτο.
2883 3287 3100 3358 Ἐπειδὴ
3148 3286 3280 3357 μηδὲ
3320 3285 3445 3345 τοὺς
3477 3282 3695 3343 δέοντας
3726 3296 3872 3351 καρ-

2297 3386 2432 3449 ποὺς
2459 3384 2798 3447 ἀπεδίδοσαν,
2841 3382 2976 3453 πρὸς
3011 3379 3069 3433 δὲ
3112 3380 3179 3447 τῇ
3222 3374 3314 3429 τοῦ
3357 3374 3520 3443 νόμου
3562 3369 3870 3441 παραϐάσει

2300 3475 2627 3547 μιαιφονίαις
2654 3476 2876 3538 ἑαυτοὺς
2904 3473 3311 3542 περιέσπειραν,
3343 3466 3567 3527 εἰκότως
3611 3463 3707 3533 τὴν
3746 3463 3871 3514 κατ’

2301 3568 2479 3621 αὐτῶν
2515 3568 2545 3619 ὀ
2584 3566 2777 3637 Σωτὴρ
2822 3564 3140 3631 ἐξενέγκατο
3180 3560 3451 3627 ἀπόφασιν
3474 3596 3491 3621 ,
3535 3554 3721 3607 εἰπών·
3765 3552 3870 3605 Διὰ

2299 3659 2474 3713 τοῦτο
2506 3658 2661 3729 λέγω
2695 3657 2858 3726 ὑμῖν,
2893 3655 3214 3724 ἀρθήσεται
3256 3650 3356 3718 ἀφ’
3400 3646 3567 3716 ὑμῶν
3610 3646 3648 3711 ἡ
3681 3644 3870 3708 ,ϐασι-

2300 3748 2436 3803 λεία
2491 3748 2597 3801 τοῦ
2652 3746 2822 3810 Θεοῦ,
2876 3747 2973 3799 καὶ
3029 3741 3349 3809 δοθήσεται
3389 3741 3545 3793 ἔθνει
3594 3734 3871 3789 ποιοῦντι

2298 3842 2440 3908 τοὺς
2472 3841 2737 3910 καρποὺς
2761 3837 2945 3906 αὐτῆς
2978 3836 3108 3908 (64).
3130 3865 3202 3875 -
3224 3834 3336 3904 (65)
3363 3829 3577 3899 Ἐπειδὴ
3608 3828 3665 3881 δὲ
3692 3822 3868 3890 εἶπεν,

2298 3933 2382 3985 ὅτι
2411 3930 2784 3996 ἀπέκτειναν,
2819 3928 2995 3984 οὐκέθ’
3024 3930 3057 3998 ἠ
3089 3925 3377 3980 ἀκολουθία
3408 3922 3508 3993 τῆς
3557 3918 3869 3990 παραϐολῆς

2301 4023 2444 4094 ἔχειν
2476 4023 2695 4077 δύναται
2719 4023 2877 4077 αὐτὸν
2904 4019 3042 4074 εἶναι
3072 4020 3161 4071 τὸν
3182 4015 3548 4088 παρεσόμενον
3581 4011 3673 4063 ἐπὶ
3695 4027 3863 4079 τιμω-

643 4096 764 4172 ρία,
794 4100 861 4170 ὴν
892 4097 1029 4172 ἦσαν
1053 4103 1249 4159 δίκαιοι
1281 4105 1535 4176 ὑποσχεῖν
1562 4107 1721 4160 κακοὶ
1750 4108 1982 4177 γεωργοὶ
2012 4109 2105 4162 καὶ
2138 4114 2315 4179 φονεῖς
2377 4112 2469 4166 τοῦ
2503 4112 2779 4166 δεσπότου.
2818 4114 2937 4165 Ὅτι
2982 4110 3040 4163 δὲ
3099 4107 3261 4171 αὐτός
3294 4105 3431 4169 ἐστι,
3476 4098 3632 4171 δῆλον
3652 4116 3664 4128 ·
3702 4097 3867 4162 αὐτὸς

642 4190 754 4264 τάρ
784 4195 992 4265 κριτής.

714 4285 873 4353 Lapis
904 4289 1102 4342 dicitur
1143 4289 1398 4347 Dominus
1420 4300 1638 4361 pr0pter
1662 4300 1931 4345 terrenum
1951 4305 2145 4360 corpus
2176 4310 2190 4347 :

2368 4287 2477 4360 (66)
2497 4288 2651 4352 Λίθος
2673 4289 2701 4340 ό
2717 4289 2917 4360 Κύριος
2930 4286 3144 4355 λέγεται
3161 4284 3273 4355 (67)
3287 4281 3377 4335 διὰ
3390 4281 3450 4334 τὸ
3464 4278 3663 4349 γεῶδες
3681 4277 3861 4349 σῶμα·

644 4374 781 4445 lapis
832 4379 1034 4449 absque
1082 4396 1332 4434 manumn
1385 4382 1683 4437 ministerio
1724 4383 1983 4448 excisus,
2039 4392 2197 4450 prout

646 4466 815 4519 fertur
842 4468 891 4521 in
923 4468 1152 4524 Danielis
1169 4471 1369 4525 visione
1389 4474 1432 4534 ',
1467 4483 1685 4541 propter
1718 4487 1871 4526 suam
1904 4473 1969 4527 de
1997 4474 2199 4544 virgine

646 4558 977 4612 nativitatem
1008 4578 1020 4612 :
1058 4575 1228 4627 neque
1261 4563 1402 4615 enim
1436 4562 1509 4614 illi
1540 4578 1672 4631 epus
1706 4562 1805 4616 fuit
1848 4564 2082 4617 humano
2115 4580 2199 4619 sc-

614 4684 622 4686 ~
648 4648 812 4711 mine,
839 4650 1042 4702 caelesti
1067 4650 1260 4704 virtute
1281 4653 1579 4721 genituram
1606 4655 1723 4724 ejus
1753 4656 2163 4711 administrante
2181 4699 2196 4724 ,

649 4748 980 4807 matremque
1011 4742 1196 4795 habuit
1250 4744 1554 4810 nuptiarum
1606 4757 1883 4815 expertem
1929 4746 2197 4814 puellam,

646 4844 766 4901 quite
816 4846 956 4886 novo
994 4833 1135 4887 inter
1171 4834 1416 4888 homines
1466 4850 1615 4889 more
1661 4840 1723 4892 de
1772 4838 1973 4906 Spiritu
2010 4849 2200 4893 sancto

647 4923 927 4991 concepit.
950 4923 1108 4993 Lapis
1144 4935 1293 4989 erat,
1332 4942 1434 4980 non
1468 4942 1656 4981 aurum
1692 4943 1867 4997 neque
1888 4942 2186 4998 argentum.

651 5028 823 5081 neque
849 5030 937 5068 rex
962 5014 1153 5083 aliquis
1176 5017 1457 5085 gloriosus,
1496 5020 1561 5074 iis
1600 5018 1792 5074 similis
1815 5020 1903 5088 qui
1935 5034 2029 5090 per
2055 5021 2180 5090 ejus

732 5132 751 5161 ’
793 5133 921 5184 Dan.
952 5148 1009 5195 ll,
1035 5131 1126 5187 45.

728 5241 839 5311 (65)
869 5243 1003 5298 Cod.
1043 5244 1107 5297 A.
1142 5245 1180 5298 l'.
1204 5244 1334 5301 265.

730 5310 870 5386 (63f)
890 5312 1153 5386 Nimirum
1182 5318 1281 5368 sub
1305 5316 1472 5369 initiis
1503 5314 1659 5382 huius
1692 5328 1955 5372 enarrata:
1992 5317 2211 5386 parabo-

661 5379 747 5455 lae,
788 5384 873 5455 ubi
905 5393 1053 5455 certe
1098 5385 1268 5455 Syrus
1314 5379 1663 5452 coogruebat.
1692 5386 1833 5455 Ergo
1874 5379 2040 5440 totum
2077 5390 2212 5447 hoc,

665 5452 874 5535 etiamsi
914 5453 966 5504 in
994 5452 1153 5535 ἧχι-η’
1180 5455 1535 5535 desideretur,
1581 5456 1647 5511 ad
1683 5452 1823 5510 idem
1861 5455 2217 5525 Theophaniw

667 5534 862 5584 corpus
896 5528 1165 5587 pertinuere
1190 5528 1419 5582 videtur,

738 5587 848 5662 (tit)
872 5588 1160 5662 _l|ucusque
1192 5594 1309 5662 sine
1350 5595 1451 5647 ulla
1488 5594 1895 5662 interruptione.
1930 5595 1998 5648 ab
2043 5596 2201 5650 initio

670 5656 968 5733 parabolae,
994 5656 1157 5733 codex
1193 5662 1254 5733 5».
1298 5661 1577 5731 lteliquum
1628 5656 1754 5718 vero
1796 5664 2149 5733 fragmentum
2182 5705 2195 5726 ,

665 5740 816 5794 a-que
837 5727 934 5781 sub
958 5730 1168 5786 nomine
1204 5731 1415 5788 Eusebii
1436 5727 1498 5787 in
1517 5733 1700 5789 codice
1723 5727 1906 5790 eodem
1932 5736 2196 5793 laudatur.

2296 4380 2441 4443 λίθος
2462 4380 2784 4451 τεμνόμενος
2811 4379 2938 4433 ἄνευ
2963 4376 3183 4448 χειρῶν,
3206 4374 3348 4459 κατά
3372 4372 3471 4443 τὴν
3501 4370 3698 4440 Δανιὴλ
3720 4370 3867 4459 ,δρα-

2303 4487 2407 4533 σιν,
2438 4468 2527 4522 διὰ
2556 4468 2651 4539 τὴν
2678 4471 2741 4522 ὲκ
2772 4465 3039 4539 παρθένου
3078 4458 3359 4534 γέννησιν·
3406 4463 3467 4514 οὐ
3516 4459 3624 4530 γὰρ
3646 4458 3869 4530 ἐδέησεν

2299 4562 2447 4632 αὐτῷ
2489 4562 2693 4631 σπορᾶς
2742 4560 3106 4631 ἀνθρωπίνης,
3155 4557 3409 4628 οὐρανίου
3462 4554 3742 4623 δυνάμεως⁹
3798 4553 3867 4607 τά

2304 4654 2423 4709 κατ’
2451 4637 2610 4707 αὐτὸν
2635 4651 3092 4723 οίκονομουμένης
3109 4666 3124 4679 ο
3149 4649 3244 4701 καὶ
3278 4649 3459 4719 μήτηρ
3482 4644 3627 4715 αὐτῷ
3653 4644 3867 4715 ἀπειρό-

2303 4765 2475 4819 γαμος
2527 4748 2683 4819 κόρη,
2723 4747 2907 4801 καινὸν
2954 4744 3218 4815 τρόπονῆ
3260 4742 3380 4795 καθ’
3414 4742 3561 4812 ἡμᾶς
3612 4739 3672 4803 ἐξ
3708 4739 3866 4807 ἀγίου

2305 4842 2614 4912 Πνεύματος
2651 4840 2871 4894 κύουσα.
2924 4838 3084 4901 Λίθος
3128 4832 3217 4909 ἦν,
3268 4836 3380 4889 ἀλλ’
3421 4834 3483 4886 οὐ
3521 4832 3716 4903 χρυσὸς
3758 4827 3862 4883 οὐδε

2306 4934 2559 5003 ἄργυρος,
2594 4931 2713 4985 οὐδὲ
2748 4928 2997 5000 βασιλεύς
3037 4945 3119 4992 τις
3151 4924 3374 4989 ἔνδοξος,
3422 4925 3603 4992 ὅμοιος
3628 4922 3741 4981 τοῖς
3781 4919 3866 4972 διὰ

2306 5024 2414 5077 τῶν
2454 5024 2670 5078 τοιῶνδε
2708 5022 2989 5093 συμϐόλων
3023 5008 3173 5092 παρά
3213 5017 3291 5079 τῶ
3339 5013 3531 5085 Δανιὴλ
3568 5010 3865 5081 δεδηλωμέ-

2316 5247 2408 5302 sed
2434 5249 2486 5300 in
2522 5250 2713 5317 pagina
2739 5246 3054 5317 versai‘265.
3080 5246 3133 5299 b.

2382 5316 2492 5387 (65)
2520 5314 2651 5373 Cod.
2676 5320 2740 5371 Α.
2766 5316 2801 5387 r.
2828 5314 2953 5387 eos.
2981 5316 3030 5387 ιι

2382 5381 2494 5459 (6ο)
2517 5388 2650 5459 cmi.
2672 5388 2737 5439 A.
2776 5386 2813 5438 r.
2842 5386 2969 5459 est.
2995 5383 3218 5456 Syr.tv,
3248 5381 3336 5459 tt.
3513 5448 3545 5459 Α,

2386 5445 2495 5527 (6η
2521 5457 2593 5510 De
2632 5460 2730 5527 hoc
2761 5457 2990 5527 mystico
3033 5445 3170 5527 saxo
3205 5445 3367 5527 verba
3407 5448 3605 5527 partim
3650 5446 3793 5527 fiunt,
3813 5445 3867 5499 in

2316 5517 2646 5590 Tlteoyilmnia
2696 5517 2917 5593 Syriaca
2980 5539 3064 5581 tv.
3112 5522 3223 5586 M;
3274 5520 3368 5593 sed
3422 5517 3640 5593 Gnaeus
3694 5526 3867 5593 teatns

2318 5597 2417 5647 sub
2450 5584 2662 5650 Eusebii
2703 5584 2921 5647 nomine
2968 5608 3005 5644 α
3040 5584 3224 5646 Niceta
3272 5592 3475 5642 relatus
3509 5586 3684 5641 multo
3716 5584 3864 5653 plura

2314 5665 2534 5732 recitat,
2596 5669 2709 5721 sive
2768 5679 2833 5718 ex
2894 5661 3224 5734 TheOplumia
3270 5661 3385 5715 sive
3424 5671 3493 5714 ex
3537 5661 3867 5712 commenta-

2320 5748 2413 5789 I'llS
3134 5746 3143 5753 '
