4070 6304
234 379 343 436 6M

1552 372 1640 429 DE
1676 371 2145 430 THEOPBANIA.

3406 370 3515 433 εις

238 514 376 562 νοις·
408 510 548 551 αλια
560 514 642 559 τις
666 492 889 564 γυμνὸς,
910 491 1004 544 καὶ
1025 490 1244 560 εὐτελὴς
1272 491 1364 543 καὶ
1392 490 1813 561 ἀπερριμμὲνοςη

1935 493 2078 547 modi
2106 492 2350 562 symbola
2405 510 2433 547 a
2465 493 2687 548 Danie.e
2714 490 3076 547 demonstrati
3122 484 3374 556 fuerunt;
3411 506 3515 545 nu-

232 588 325 643 διδ
350 590 447 643 καὶ
481 589 627 650 λίθος
672 584 1116 654 προσκόμματος,
1173 582 1266 635 καὶ
1318 582 1493 653 πέτρα
1529 583 1823 636 σκανδάλου

239 680 638 752 ἀπηγόρευται.
699 677 758 731 '0
810 677 907 745 μὲν
956 671 1048 729 οὖν
1098 673 1181 737 τίς
1222 690 1405 744 φησιν·
1460 674 1623 727 Οὕτω
1661 674 1823 743 λέγει

240 774 459 841 Κύριος
474 789 487 802 ·
536 770 679 824 Ἰδοὺ
699 768 813 837 ἐγὼ
829 767 1103 837 ἐμδὰλλω
1126 768 1215 833 είς
1242 766 1347 819 τὸν
1374 766 1649 835 θεμέλιον
1671 766 1824 821 Σιὼν

235 862 415 915 λίθον
428 856 734 925 πολυτελῆ
741 897 755 917 .
774 854 1078 917 ἐκλεκτὸν,
1094 852 1538 921 ἁκροτωνιαῖον,
1559 853 1817 921 ἔντιμον·

237 952 338 1005 καὶ
385 955 418 1005 ό
458 950 757 1003 πιστεύων
784 949 879 1000 ἐπ’
906 945 1095 999 αὐτὸν
1141 946 1215 999 οὐ
1254 942 1342 1012 μὴ
1386 943 1816 1012 καταισχυνθῇ·

230 1042 262 1092 δ
285 1041 345 1094 δὲ
376 1041 493 1111 βοᾷ·
542 1040 724 1093 Λίθον
754 1037 826 1091 ὃν
855 1035 1307 1105 ἀπεδοκίμασαν
1343 1038 1396 1088 οί
1445 1034 1823 1104 οἰκοδομοῦν-

234 1150 356 1199 τες·
387 1134 481 1187 καὶ
521 1134 704 1187 Λίθον
731 1130 798 1184 δὲ
823 1130 1284 1198 προσκόμματος
1310 1126 1683 1193 κεκλήκασιν
1711 1129 1820 1181 αὐ-

230 1226 369 1278 τόν.
421 1225 646 1288 Ἡσαΐας
686 1223 743 1277 δὲ
800 1220 1103 1291 ἀποτολμᾷ,
1152 1220 1241 1273 καὶ
1277 1220 1369 1273 τὸν
1419 1218 1620 1289 Κύριον
1659 1218 1820 1272 αὐτὸν

232 1312 376 1369 εῐναι
412 1318 501 1368 τὸν
530 1315 673 1368 λίθον
709 1312 970 1375 διδάσκει,
1005 1304 1224 1381 ὧδέ-πη
1269 1310 1572 1374 θεσπίζων·
1599 1312 1819 1378 Κύριον

231 1407 427 1462 αὐτὸν
446 1407 733 1477 ἁγιάσατε
749 1422 762 1435 ·
789 1404 889 1457 καὶ
918 1402 1101 1468 αὐτὸς
1125 1402 1299 1455 ἔσται
1319 1418 1436 1456 σου
1466 1404 1671 1471 φόϐος.
1691 1401 1819 1455 Κᾶν

229 1501 329 1552 ἐπ’
364 1497 524 1563 αὺτῷ
562 1496 856 1561 πεποιθὼς
892 1489 987 1566 ᾗς,
1041 1496 1212 1549 ἔσται
1254 1508 1354 1548 σοι
1391 1497 1480 1560 είς
1529 1496 1813 1563 ἀτίασμα,

232 1590 336 1645 καί
375 1592 486 1657 οὐχ
533 1590 611 1653 ὡς
648 1588 821 1641 λίθου
865 1588 1275 1655 προσκόμματι
1317 1586 1813 1652 συναντήσεσθε,

226 1683 363 1736 οὐδ’
388 1684 466 1747 ὡς
498 1679 715 1747 πέτρας
734 1678 1015 1749 πτώματι.
1072 1678 1125 1730 ’0
1149 1676 1216 1731 δὲ
1255 1673 1419 1744 οἶκος
1463 1678 1701 1747 Ἰσραὴλ
1746 1680 1814 1731 ὲν

226 1773 463 1843 «aridi,
494 1768 599 1825 καὶ
645 1773 715 1826 ὲν
748 1770 1105 1841 κοιλάσματι
1150 1773 1202 1824 ol
1248 1769 1570 1839 καθήμενοι
1602 1771 1673 1823 ἐν
1728 1772 1815 1824 Ἰε-

1932 588 2055 650 dus,
2084 587 2326 654 inquam,
2360 596 2512 652 erat,
2552 586 2672 641 vilis
2716 594 2879 653 atque
2922 582 3203 651 abjectus;
3253 596 3425 651 quare
3458 592 3514 638 et

1929 677 2067 745 lapis
2100 675 2417 731 oﬂ'ensionis
2451 692 2517 731 ac
2565 687 2717 746 petra
2748 676 2995 731 scantlali
3025 676 3205 728 dictus
3238 681 3342 730 e'st.
3380 674 3483 743 Qui

1930 772 2051 825 dam
2081 785 2209 840 ergo
2232 771 2363 824 dicit
2385 771 2405 802 ³
2441 789 2453 823 :
2489 769 2581 825 Sic
2620 772 2694 824 ait
2732 770 3012 833 Dominus,
3045 768 3183 823 Ecce
3209 786 3305 838 ego
3360 770 3513 823 mitto

1925 859 1982 910 iu
2007 858 2405 926 fundamentum
2437 858 2615 913 Sionis
2658 860 2889 925 lapidem
2930 860 3241 926 pretiosum,
3265 860 3509 923 electum,

1925 951 2256 1019 angularem,
2283 952 2666 1005 honorabilem.
2724 949 2788 1003 Et
2812 952 2901 1019 qui
2938 952 3222 1003 crediderit
3268 950 3325 1002 in
3358 966 3502 1015 eum,

1926 1061 2031 1097 non
2061 1045 2431 1109 confundetur.
2468 1044 2585 1114 Ipse
2632 1058 2763 1097 vero
2786 1043 2988 1095 clamat
3020 1061 3032 1096 :
3072 1041 3326 1112 Lapidem
3356 1060 3512 1111 quem

1927 1138 2329 1205 reprobaoerunt
2353 1137 2676 1205 aediﬁcantes
2699 1135 2742 1190 ⁵.
2777 1135 2863 1201 Et,
2900 1134 3157 1204 Lapidem
3196 1135 3510 1203 olfensionis

1923 1245 2043 1281 eum
2082 1231 2409 1297 appellarunt
2444 1230 2484 1282 '.
2524 1228 2696 1282 Isaias
2726 1243 2853 1281 vero
2876 1229 3035 1282 audet
3060 1228 3241 1281 dicere
3278 1227 3511 1296 lapidem

1927 1322 2089 1385 hunc,
2118 1322 2289 1390 ipsum
2303 1335 2425 1375 esse
2451 1322 2762 1384 Dominum,
2784 1320 2860 1374 ita
2886 1320 3155 1374 deﬁniens
3187 1336 3200 1372 :
3226 1316 3511 1371 Dominum

1925 1416 2097 1482 ipsum
2130 1414 2497 1483 sanctiﬁcate;
2528 1424 2575 1467 et
2596 1416 2707 1481 ipse
2748 1415 2847 1467 erit
2882 1430 3047 1481 pavor
3078 1422 3222 1466 tuus.
3276 1409 3347 1463 Et
3388 1409 3436 1464 si
3463 1401 3513 1462 ei

1924 1505 2154 1573 conﬁsus
2178 1506 2365 1575 fueris,
2390 1507 2492 1558 erit
2524 1507 2619 1559 tibi
2641 1507 2698 1558 in
2730 1504 3230 1572 sanctiﬁcationem,
3257 1518 3422 1569 neque
3450 1508 3511 1555 ut

1923 1598 1977 1650 in
2022 1598 2247 1665 lapidem
2290 1598 2601 1667 o/fendiculi
2643 1599 2963 1667 impingetis,
3007 1612 3173 1665 neque
3208 1596 3265 1648 in
3303 1608 3509 1664 petram

1924 1686 2121 1754 lapsus.
2162 1685 2362 1739 Domus
2394 1700 2571 1739 autem
2610 1685 2832 1739 Israelis
2855 1688 2911 1739 in
2940 1684 3150 1754 laqueo,
3182 1685 3510 1737 habitatores

1928 1777 2259 1832 Hierusalem
2286 1779 2342 1831 in
2391 1779 2577 1847 fovea;
2608 1788 2884 1847 propterea
2935 1780 3247 1846 impotentes
3275 1786 3428 1830 erunt
3459 1775 3505 1833 ⁸.

226 1852 585 1935 ρουσαλήμ·
626 1864 724 1918 διὰ
775 1863 951 1917 τοῦτο
990 1859 1507 1925 άδυνατήσουσιν.
1565 1861 1706 1914 Ἀνθ’
1758 1856 1813 1915 οὗ

1919 1869 2026 1925 Pro
2056 1871 2256 1940 quibus
2284 1872 2452 1940 magis
2506 1870 2793 1940 perspicue
2834 1869 3202 1940 Symmachus
3230 1868 3507 1936 interpre-

233 1957 569 2028 σαφέστερος
593 1957 622 2009 6
644 1956 936 2026 Σύμμαχος
964 1954 1297 2024 ἡρμήνευσε·
1330 1952 1548 2020 Κύριον
1574 1950 1692 2004 τῶν
1714 1951 1817 2004 δυ-

229 2046 492 2117 νάμεων,
527 2046 718 2100 αὐτὸν
747 2043 1051 2115 ἁγιάσατε·
1084 2041 1183 2097 καί
1210 2042 1392 2107 αὐτὸς
1432 2040 1603 2095 ἔσται
1638 2043 1821 2110 φόϐος

228 2137 404 2207 ὑμῶν
465 2135 565 2191 καὶ
630 2136 964 2205 κραταίωμα
1036 2133 1234 2204 ὑμῶν,
1311 2134 1411 2187 καὶ
1490 2134 1663 2187 ἔσται
1731 2136 1820 2199 είς

232 2229 525 2298 άτίασμα·
555 2227 639 2291 εις
663 2224 731 2277 δὲ
777 2226 951 2279 λίθον
968 2222 1425 2291 προσκόμματος
1460 2220 1559 2273 καί
1608 2223 1695 2286 είς
1725 2220 1821 2274 πέ-

226 2336 382 2389 τραν
424 2314 776 2370 σκανδάλου
814 2314 939 2380 τοῖς
974 2313 1156 2368 δυσὶν
1194 2312 1383 2376 οἴκοις
1432 2311 1688 2381 Ἰσραὴλ,
1732 2314 1820 2379 εις

228 2408 457 2479 παγίδα
483 2407 581 2462 καὶ
601 2410 689 2474 είς
720 2405 1070 2461 σκάνδαλον
1094 2402 1173 2469 τῷ
1206 2404 1473 2458 οἰκοῦντι
1499 2405 1570 2457 ἐν
1610 2404 1819 2473 Ἰερου-

227 2500 461 2571 σαλήμ.
496 2500 665 2555 Ἔνθα
690 2498 978 2568 γενόμενος
1003 2497 1300 2568 ἐπίστησον
1331 2496 1453 2549 τίνα
1494 2496 1687 2567 τρόπον
1720 2496 1818 2549 αὑ-

226 2591 326 2645 τὸν
356 2590 446 2643 τον
476 2588 677 2660 Κύριον
696 2586 804 2641 τῶν
829 2587 1112 2657 δυνάμεων
1136 2588 1250 2648 τοῖς
1290 2585 1386 2656 μὲν
1416 2587 1502 2638 ὶπ’
1531 2584 1695 2639 αὐτὸν
1720 2602 1817 2638 πε-

230 2681 477 2736 ποιθόσιν
501 2679 719 2734 ἔσεσθαι
750 2680 829 2743 είς
851 2678 1101 2749 άγίασμά
1133 2693 1319 2748 φησιν,
1353 2676 1468 2730 ἀλλ’
1496 2678 1595 2747 οὐχ
1624 2676 1701 2739 ὡς
1737 2674 1817 2729 λί-

231 2774 330 2828 θον
369 2773 813 2846 προσκόμματος,
835 2770 957 2825 οὐδε
982 2770 1059 2835 ὠς
1096 2769 1301 2840 πέτραν
1343 2767 1663 2838 πτώματος·
1705 2770 1817 2831 τοῖς

227 2866 291 2921 δι
324 2865 398 2937 μὴ
425 2866 510 2919 ἐπ’
542 2865 699 2919 αὑτὸν
744 2862 1024 2919 πεποιθόσι
1066 2861 1215 2915 λίθον
1258 2861 1682 2931 προσκόμματος
1719 2860 1814 2913 καὶ

228 2956 439 3030 πέτραν
479 2956 773 3028 πτώματος
810 2953 1136 3026 γενήσεσθαι
1168 2954 1365 3018 δοκεῖν,
1404 2953 1666 3007 διδάσκει.
1702 2952 1813 3006 Καὶ

228 3049 378 3113 τίνες
396 3043 560 3112 οὗτοι,
592 3046 945 3119 προφητεύει,
980 3045 1166 3115 σαφῶς
1187 3044 1433 3117 δηλώσας
1463 3048 1589 3109 τοὺς
1614 3048 1693 3109 είς
1719 3046 1812 3098 τὸν

229 3144 466 3216 Χριστὸν
513 3144 909 3214 ἐπιστήσαντας
949 3142 1055 3197 τῶν
1103 3144 1167 3196 ὲκ
1200 3142 1518 3214 περιτομῆς.
1554 3139 1717 3203 Λίθος
1754 3140 1811 3195 δὲ

230 3193 1046 3306 ξιῖιὶλᾲωξέέᾷτῇεᾎιέξενῖ
1089 3193 1293 3307 ὲᾷηὴρΓ
1315 3193 1418 3288 έδέᾶ
1455 3193 1525 3287 ’ἐδ
1565 3193 1809 3305 θεμέλιος
1838 3193 1883 3255 ο

229 3327 476 3401 ἀρραγὴς
526 3316 617 3380 καὶ
651 3329 906 3399 πετραϊος
946 3325 1346 3398 ὑποϐεϐλῆσθαι
1380 3330 1445 3397 τῇ
1487 3327 1636 3398 πάσῃ
1669 3327 1811 3379 οἱκο-

229 3418 393 3490 δομίᾳ
426 3419 524 3488 τῆς
569 3417 710 3494 κατὰ
749 3417 882 3471 Θεὸν
925 3418 1217 3482 πολιτείας.
1269 3418 1555 3487 Θεμέλιον
1593 3418 1806 3484 ἄλλον,

231 3510 398 3583 φησὶν
437 3511 466 3563 6
501 3509 641 3574 θεῖος
682 3510 1035 3575 Ἅπόστολος,
1085 3510 1285 3577 οὐδεὶς
1332 3510 1582 3564 δύναται
1624 3512 1809 3565 θεῖναι

237 3603 392 3672 παρὰ
415 3603 522 3656 τὸν
563 3603 860 3672 κείμενον,
904 3602 971 3669 ὅς
1018 3602 1189 3656 ἐστιν
1247 3602 1480 3673 Ἰησοῦς
1525 3604 1806 3672 Χριστός·

230 3696 329 3749 καὶ
354 3690 523 3758 αὖθις·
573 3695 637 3750 Ἦ
660 3694 728 3748 δὲ
758 3695 942 3765 πέτρα
967 3692 1047 3765 ἦν
1070 3696 1389 3765 όΧριστός.
1413 3694 1571 3758 Λίθος
1592 3712 1809 3766 τοιγαρ-

227 3784 327 3841 οὖν
361 3788 455 3841 καὶ
492 3788 667 3858 πέτρα
707 3788 802 3841 καὶ
854 3786 1104 3859 θεμέλιος
1147 3787 1245 3841 τοῦ
1293 3787 1436 3842 κατὰ
1470 3787 1601 3841 Θεὸν
1657 3788 1806 3841 πολι-

226 3878 497 3949 τεύματος
537 3879 697 3942 αὐτὸς
744 3875 844 3950 ἦν·
885 3881 979 3933 καὶ
1015 3880 1161 3945 λίθος
1202 3881 1611 3953 ἀκρογωνιαῖος,
1652 3881 1805 3934 ἔκλεε

229 3970 381 4035 κτός,
410 3970 642 4042 ἔντιμος,
682 3971 888 4041 μηδένα
916 3973 1026 4027 τῶν
1053 3975 1133 4036 είς
1164 3971 1327 4027 αὑτὸν
1363 3971 1669 4042 ἠλπικότων
1710 3973 1805 4027 καὶ

229 4062 672 4117 πεπιστευκότων
716 4063 1003 4133 αἰσχύνων·
1034 4067 1063 4118 6
1098 4064 1143 4117 δ’
1181 4064 1341 4128 αὐτὸς
1368 4063 1513 4129 λίθος
1540 4060 1608 4135 ἦν
1637 4068 1804 4137 προσ-

231 4157 513 4226 κόμματος
554 4154 649 4208 καὶ
701 4155 877 4227 πέτρα
922 4156 1214 4211 σκανδάλου
1264 4157 1352 4211 διά
1401 4156 1463 4209 τὸ
1514 4156 1705 4220 πάθος,
1758 4152 1803 4225 ᾧ

229 4248 597 4319 προσκόπτειν
622 4249 747 4310 τοὺς
778 4248 1139 4313 ἀπιστοῦντας
1180 4247 1485 4320 συμϐαίνει·
1533 4250 1626 4302 καὶ
1658 4249 1803 4313 λίθος

228 4338 291 4391 ὃν
339 4338 740 4409 ἀπεδοκίμασαν
784 4342 833 4393 οί
884 4340 1307 4411 οἰκοδομοῦντες.
1372 4342 1588 4414 Ταύτην
1640 4342 1801 4407 αὐτὸς

230 4429 684 4499 ἐπισφραγίζεται
728 4432 827 4503 τὴν
868 4433 1163 4504 ἑρμηνείαν
1206 4433 1296 4487 διά
1332 4436 1430 4505 τῆς
1466 4434 1798 4507 παραϐολῆς,

1892 1972 2068 2016 »ιειυε
2096 1972 2179 2017 est
2212 1979 2226 2015 :
2254 1960 2537 2016 Dominum
2569 1964 2852 2027 virtutum,
2892 1962 3066 2031 ipsum
3105 1960 3439 2027 sanctiﬁcate
3486 1975 3506 2013 :

1918 2067 1967 2109 et
1988 2057 2095 2125 ipse
2119 2057 2213 2109 erit
2250 2072 2417 2122 pauor
2442 2064 2608 2109 vester
2644 2064 2694 2109 et
2715 2055 3000 2125 fortitudo,
3025 2055 3229 2123 eritque
3269 2055 3325 2107 in
3373 2070 3500 2107 san-

1918 2148 2334 2217 ctificationem;
2370 2147 2505 2215 lapis
2548 2163 2666 2202 vero
2698 2146 3007 2217 on'endiculi
3060 2156 3113 2201 et
3162 2155 3312 2213 petra
3347 2160 3476 2200 scan

1917 2242 2027 2295 dati
2055 2241 2262 2295 duabus
2300 2240 2544 2295 domibus
2588 2240 2833 2304 Israelis,
2869 2239 3088 2309 laqueus
3117 2248 3166 2292 et
3187 2236 3482 2291 scandalun

1916 2333 2105 2389 incola
2146 2331 2506 2389 Hierusalem.
2543 2334 2721 2399 Atque
2745 2332 2848 2387 hoc
2880 2330 3002 2387 loco
3025 2330 3339 2393 considera,
3366 2341 3507 2398 quo-

1917 2424 2077 2479 modo
2124 2425 2301 2494 ipsum
2360 2423 2648 2479 Dominum
2693 2424 2954 2477 virtutum
3008 2420 3410 2476 conlidentibus
3452 2410 3502 2474 ei

1917 2516 2153 2570 futurum
2186 2530 2307 2571 esse
2356 2515 2487 2569 dicit
2515 2516 2566 2568 in
2593 2513 3083 2569 sanctiﬁcationem
3110 2551 3127 2576 ,
3161 2526 3271 2566 non
3301 2519 3488 2564 autem

1916 2607 1969 2661 in
1996 2605 2305 2661 oﬂ'endiculi
2359 2606 2589 2676 lapidem
2622 2646 2637 2669 ,
2672 2614 2728 2659 et
2762 2606 2815 2659 in
2846 2613 3053 2673 petram
3086 2601 3291 2669 lapsus.
3327 2602 3503 2655 Secus

1914 2713 2042 2753 vero
2066 2697 2286 2752 minime
2316 2697 2365 2752 ei
2406 2696 2829 2759 conlidentibus,
2864 2695 3099 2765 lapidem
3129 2693 3374 2747 futurum
3415 2690 3503 2745 ot-

1913 2788 2169 2845 feadiculi
2196 2828 2211 2853 ,
2258 2797 2315 2843 et
2344 2799 2554 2858 petram
2593 2787 2801 2857 lapsus,
2830 2787 3001 2841 videri
3048 2785 3228 2840 docet.
3264 2783 3500 2852 Quinum

1913 2889 2093 2933 autem
2146 2879 2199 2933 hi
2230 2880 2371 2942 sint,
2400 2880 2755 2941 vaticinatur,
2798 2875 3087 2931 manifeste
3114 2877 3503 2931 demonstrans

1912 2969 2296 3025 circumcisum
2351 2970 2440 3039 qui
2502 2970 2767 3024 adversus
2821 2968 3099 3023 Christum
3152 2967 3505 3022 consurrexit

1912 3060 2185 3132 populum.
2240 3060 2415 3114 Aliter
2466 3074 2683 3131 quoque
2714 3060 2852 3130 lapis
2907 3069 2989 3114 est
3020 3058 3305 3123 Servstor,
3361 3058 3493 3128 quis

1914 3167 2011 3208 ceu
2048 3150 2458 3207 fundamentum
2509 3150 2785 3206 immobile
2830 3165 2895 3205 ac
2926 3137 3220 3218 lapide'utn,
3252 3150 3504 3218 supposi-

1923 3255 2007 3300 tus
2058 3243 2161 3299 fuit
2204 3245 2461 3297 universo
2517 3244 2748 3298 aedilicio
2799 3236 2925 3298 {vitae
2973 3242 3274 3297 secundum
3328 3242 3499 3296 Deum

1914 3337 2157 3408 agenda.
2184 3333 2617 3389 Fundamentum
2650 3335 2800 3388 aliud
2827 3376 2842 3401 ,
2875 3334 2949 3390 ait
2980 3335 3136 3389 divus
3173 3332 3500 3401 Apostolus,

1917 3443 2064 3482 nemo
2110 3436 2277 3497 potest
2323 3442 2514 3491 ponere
2547 3436 2739 3493 prater
2783 3424 2902 3494 jam
2936 3424 3162 3491 positum
3190 3463 3205 3489 ,
3240 3424 3396 3494 quod.
3421 3433 3499 3477 est

1915 3519 2154 3573 Christus
2184 3517 2341 3571 Jesus
2368 3518 2413 3573 ".
2443 3517 2506 3570 Et
2536 3531 2729 3571 rursus
2767 3533 2781 3570 :
2811 3514 2974 3569 Petra
3013 3526 3189 3569 autem
3210 3527 3322 3569 erat
3351 3513 3500 3568 Citri-

1912 3622 2023 3665 stus
2050 3610 2092 3662 ⁸.
2127 3609 2287 3678 Lapis
2339 3610 2519 3680 itaque
2555 3618 2609 3664 et
2656 3618 2810 3679 petra
2840 3618 2896 3663 et
2931 3608 3340 3662 fundamentum
3373 3610 3500 3660 vitae

1912 3702 2207 3757 secundum
2245 3702 2413 3756 Deum
2440 3700 2684 3771 agendze,
2706 3701 2819 3769 ipse
2840 3709 2994 3763 erat;
3025 3699 3161 3770 lapis
3193 3698 3493 3769 angularis,

1912 3794 2136 3855 electus,
2169 3793 2523 3856 honorabilis,
2553 3791 2822 3846 neminem
2858 3791 2911 3844 in
2947 3806 3011 3845 eo
3032 3792 3368 3859 sperandum
3407 3798 3495 3842 at-

1911 3898 2015 3954 que
2030 3884 2413 3940 conﬁdentium
2443 3883 2801 3938 confundens.
2822 3882 3032 3937 Rursus
3059 3882 3197 3936 idem
3220 3881 3356 3949 lapis
3377 3888 3497 3934 erat

1911 3975 2221 4031 oll'endiculi
2240 3986 2295 4030 et
2337 3984 2487 4044 petra
2514 3975 2757 4030 scandali
2802 3984 3025 4045 propter
3052 3974 3383 4042 passionem,
3437 3974 3493 4028 in

1911 4084 2073 4138 quam
2124 4066 2398 4123 offendere
2443 4066 2740 4121 incredulis
2788 4066 3024 4131 accidit;
3066 4074 3119 4120 et
3169 4064 3306 4135 lapis
3331 4079 3491 4133 quem

1910 4161 2339 4227 reprobaverunt
2398 4159 2747 4216 aediﬁcantes.
2810 4158 2963 4213 Hanc
3018 4159 3134 4227 ipse
3202 4159 3492 4213 confirmat

1911 4251 2410 4322 interpretationem
2434 4266 2533 4321 per
2562 4249 2871 4320 parabolam
2899 4290 2915 4315 ,
2946 4250 3159 4304 vineam
3194 4248 3491 4316 agricolas-

1908 4358 2016 4413 que
2052 4342 2336 4406 inducens,
2394 4356 2691 4411 servosque
2728 4342 2924 4397 missos
2962 4341 3167 4410 primos
3194 4351 3249 4395 et
3292 4340 3491 4395 alteros

1908 4438 1975 4488 ab
2021 4433 2277 4505 agricolis
2311 4434 2507 4501 injuria
2558 4432 2831 4489 aﬂ‘ectos:
2874 4443 3259 4502 postremoque
3307 4432 3481 4487 lilium

231 4522 525 4593 ἀμπελῶνα
558 4525 650 4578 καὶ
672 4528 949 4596 γεωργοὺς
970 4526 1203 4596 εἰσάγων
1220 4527 1435 4591 δούλους
1458 4546 1517 4581 τε
1540 4529 1801 4583 ἀπεσταλ-

1915 4544 1934 4577 τι
1962 4538 2113 4589 patre
2146 4527 2390 4588 missum,
2433 4535 2486 4580 et
2516 4526 2584 4580 ab
2617 4525 2795 4594 impiis
2821 4525 3077 4596 agricolis
3114 4524 3487 4579 interfectum.

234 4616 427 4686 μένους
447 4616 691 4688 πρώτους
712 4619 801 4671 καὶ
826 4618 1110 4690 δευτέρους
1129 4619 1513 4691 ὑϐριζομένους
1537 4620 1672 4691 πρὸς
1697 4620 1806 4674 τῶν

229 4706 510 4777 γεωργῶν·
528 4711 621 4761 και)⁸
644 4709 792 4772 τέλος
826 4710 969 4763 ’Υίὸν
995 4711 1275 4782 ἀγαπητὸν
1305 4712 1407 4768 ὑπὸ
1437 4714 1534 4783 μὲν
1564 4713 1659 4766 τοῦ
1691 4715 1804 4767 Πα-

236 4798 360 4869 τρος
410 4801 841 4872 ἐκπεμπόμενον,
890 4803 994 4856 ὑπὸ
1020 4804 1075 4857 δὲ
1104 4803 1315 4857 ἀσεϐῶν
1369 4806 1628 4877 γεωργῶν
1664 4807 1798 4858 ἀπο-

1912 4617 2223 4687 Postquam
2245 4617 2559 4687 parabolam
2586 4617 2769 4683 infert,
2792 4617 2919 4685 quid
2947 4618 3037 4680 sit,
3060 4615 3310 4682 Lapidem
3334 4631 3487 4682 quem

1911 4714 2313 4779 reprobaverunt
2354 4712 2679 4780 aediﬁcantes
2708 4752 2724 4778 ,
2777 4711 2860 4764 hic
2914 4709 3090 4779 [actus
3131 4720 3206 4764 est
3237 4711 3293 4763 in
3328 4718 3489 4779 caput

1909 4804 2091 4868 anguli
2117 4803 2159 4854 θ.

236 4889 599 4961 κτιννύμενον.
632 4892 764 4946 Μεθ’
797 4894 865 4964 ἢν
887 4894 1195 4966 παραϐολὴν
1224 4898 1493 4968 ἐπιφέρει,
1527 4898 1580 4951 τί
1610 4899 1726 4951 ἐστι
1765 4898 1847 4960 τὸ,
1886 4897 2067 4950 Λίθον
2124 4894 2196 4947 ὃν
2233 4893 2687 4963 ἀπεδοκίμασαν
2714 4895 2765 4948 οί
2794 4890 3269 4962 οἰκοδομοῦντες,
3302 4888 3484 4957 οὗτος

232 4981 481 5052 ἐγενήθη
507 4985 594 5049 είς
615 4985 888 5053 κεφαλὴν
912 4987 1148 5055 γωνίας.

962 5078 1037 5132 Ζ’.

300 5163 413 5236 (68)
451 5164 667 5235 Ἐπειδὴ
698 5165 862 5220 δὲκαὶ
888 5168 1019 5239 περὶ
1050 5168 1145 5221 τοῦ
1167 5170 1335 5223 τόπου
1370 5171 1601 5242 ἔχρησεν
1637 5172 1666 5223 6
1700 5169 1795 5224 τοῦ

225 5255 363 5311 θεοῦ
388 5256 579 5325 Λόγος,
607 5258 740 5329 φέρε
764 5258 958 5329 ῐδωμεν
988 5260 1088 5325 τὰς
1116 5261 1281 5315 αὐτοῦ
1307 5263 1433 5333 περὶ
1466 5260 1654 5315 τούτου
1685 5280 1799 5331 φω-

225 5346 343 5409 νάς.
362 5347 437 5399 οὐ
458 5348 714 5419 φέροντες
738 5348 903 5403 αὑτοῦ
930 5350 1030 5421 τὴν
1054 5348 1255 5425 σεμνὴν
1284 5353 1653 5417 διδασκαλίαν,
1673 5354 1795 5409 οὗτε

224 5438 327 5510 τὴν
359 5438 571 5511 πρόῤῥη
579 5456 661 5493 σιν
677 5440 787 5513 (69)
802 5442 1032 5506 καὶτοὺς
1048 5442 1325 5513 ἐλέγχους,
1343 5446 1392 5498 οἱ
1407 5445 1514 5499 τῶν
1530 5446 1796 5501 Ἰουδαίων

300 5552 322 5583 ³
351 5552 684 5623 Ιεδίᾳυιιι,
708 5552 793 5609 16.
879 5552 905 5585 ⁵
927 5553 1073 5611 Psal.
1101 5557 1378 5623 cxvnﬂi.

221 5637 397 5687 cuit,
422 5622 515 5679 22.

299 5734 559 5810 φωρ-σαί.
586 5738 653 5790 Α.
678 5734 715 5810 ί.
740 5736 863 5810 199.
896 5737 1019 5810 Syr.
1046 5755 1120 5805 tv,
1156 5740 1243 5794 l8.

300 5803 412 5875 (69)
436 5803 659 5862 Videtur
682 5803 956 5867 declinare
978 5824 1007 5865 ε
1054 5803 1218 5867 εοιιευ
1248 5810 1435 5878 Syrus,
1475 5812 1565 5878 qui
1617 5812 1786 5867 dirut-

2640 5073 2752 5130 νη.

1974 5170 2111 5239 Quia
2132 5183 2265 5224 vero
2290 5166 2497 5224 deloco
2520 5168 2683 5223 etiam
2715 5180 2994 5221 oracumm
3034 5165 3205 5220 edidit
3235 5164 3323 5217 Dei
3354 5166 3483 5220 Ver-

1901 5262 2069 5330 bum,
2117 5261 2293 5331 agesis
2319 5261 2488 5330 ipsius
2534 5260 2636 5314 hac
2684 5259 2750 5313 de
2798 5272 3041 5312 revoces
3071 5257 3475 5311 animadverta-

1905 5370 2044 5410 mus.
2076 5352 2209 5409 Cum
2240 5367 2339 5407 nec
2372 5353 2488 5420 ejus
2519 5351 2879 5405 venerandam
2925 5350 3225 5403 doctrinam
3256 5390 3271 5413 ,
3300 5364 3478 5415 neque

1902 5445 2244 5507 vaticinium,
2274 5458 2450 5512 neque
2472 5442 2923 5511 reprehensiones
2948 5455 3104 5509 aequo
3130 5440 3311 5492 animo
3361 5438 3473 5493 fer-

1452 5559 1476 5593 ⁸
1495 5557 1620 5617 lsai.
1644 5561 1812 5625 vm,l

1954 5560 2122 5617 ‘ibid.
2156 5560 2245 5616 l5.
2322 5560 2343 5590 ⁷
2366 5558 2382 5614 Ι
2405 5558 2531 5614 Cor.
2560 5558 2746 5625 1",“.
2814 5556 2836 5588 ⁸
2866 5556 2887 5611 l
2916 5556 3045 5614 Cor.
3067 5570 3123 5621 ι,
3146 5553 3199 5607 4.
3280 5553 3303 5584 ⁹
3326 5552 3472 5609 Psal.

1899 5745 2159 5814 gationem
2189 5784 2205 5812 ,
2261 5756 2368 5798 non
2428 5752 2607 5799 autem
2656 5742 3088 5815 praedictionem,
3138 5749 3441 5810 Interpreta

1898 5826 2001 5870 tur.
