4070 6304
687 377 794 433 643

1380 374 1466 432 E'U
1476 373 1644 428 SEBII
1681 369 2153 429 ωεεΑιιιειιειε
2192 371 2220 427 C

2321 383 2341 428 ‘.
2382 370 2560 425 PARS
2597 369 2684 424 IV.
2723 402 2790 414 —
2829 366 3243 426 DOGMATICA.

3778 368 3877 422 ςιι

689 503 809 547 rent
836 489 1132 546 Judrorum
1178 489 1446 556 principes
1478 527 1493 550 ,
1542 489 1670 542 urbe
1700 489 1845 542 illum
1900 489 2051 542 abire
2075 504 2220 542 curs-

2327 488 2611 558 ἄρχοντες,
2653 487 2753 558 τῆς
2797 486 2999 549 πόλεως
3043 484 3415 554 ἀπαλλαγῆναι
3447 482 3689 536 ἐποίουν.
3734 483 3792 533 ’0
3834 464 3878 536 δ’

687 591 832 637 runt.
884 579 1172 632 Discedens
1218 590 1394 631 autem
1437 567 1820 648 Hierosolymis
1843 577 2093 632 Christus
2133 581 2228 633 bas

685 673 850 725 edidit
877 669 1279 724 contra'trrbctn
1332 682 1492 721 voces
1523 687 1537 721 :
1573 667 1926 733 Hierusalem,
1971 669 2227 723 Hierusa-

683 760 804 818 lem.
841 772 1192 822 sa'peuuutero
1231 756 1402 821 optari
1445 755 1588 822 ﬁlios
1626 767 1741 808 tuos
1773 772 2117 826 congregare,
2148 769 2228 810 st-

683 857 856 900 tanten
883 863 968 898 ros
994 845 1255 897 reuuistis.
1290 841 1372 896 Eu
1403 845 1715 913 relinquitur
1749 846 1891 898 nobis
1919 848 2105 899 domus
2147 863 2228 900 ne-

683 947 793 990 stra
819 939 1022 991 deserta
1049 937 1110 990 ".
1136 932 1251 988 Jam
1279 948 1383 986 non
1415 933 1504 987 Dei
1537 934 1749 986 domum
1787 936 2038 1001 templmn
2075 935 2225 997 illud,

683 1026 1159 1091 sanctuariumque
1191 1038 1309 1076 esse
1347 1025 1740 1087 demonstrans,
1774 1025 1866 1078 sed
1897 1024 2108 1078 illorum
2139 1026 2228 1078 do-

684 1130 852 1177 mum,
882 1124 1096 1182 propter
1122 1112 1298 1166 scelus
1320 1111 1596 1165 infandum
1624 1113 1766 1180 quod
1793 1123 2088 1167 cousecuto
2107 1130 2224 1168 mos

686 1215 921 1273 tempore
953 1204 1146 1256 ibidem
1177 1212 1441 1269 patratum
1475 1213 1558 1255 est
1590 1219 1603 1254 :
1636 1216 1825 1270 nempe
1871 1203 2102 1256 immane
2131 1202 2226 1257 Ju-

682 1297 916 1351 deorum
938 1303 1124 1348 contra
1150 1293 1489 1347 Servatorem
1519 1292 1803 1361 piaculum.
1826 1294 1992 1346 Porro
2012 1308 2226 1348 necesse

683 1395 797 1441 erat
827 1400 932 1440 non
969 1385 1116 1439 urbis
1161 1384 1331 1438 solum
1366 1382 1569 1437 incolas
1592 1422 1606 1445 ,
1652 1398 1834 1437 verum
1875 1384 2035 1437 etiam
2075 1365 2223 1453 pavi-

683 1487 921 1530 mentum
955 1475 1102 1538 illud,
1133 1489 1240 1543 quo
1270 1482 1545 1541 tantopere
1573 1473 1979 1543 gloriabantur;
2005 1474 2223 1544 dignum

683 1565 884 1618 referre
911 1565 1133 1632 pretium
1163 1562 1457 1614 facinorum
1504 1564 1572 1613 sb
1629 1563 1818 1616 incolis
1867 1573 2222 1630 patrstorum.

683 1651 737 1707 Id
765 1653 906 1719 quod
939 1665 1042 1704 non
1085 1653 1253 1704 multo
1284 1662 1402 1717 post
1432 1653 1652 1714 accidit,
1683 1667 1804 1704 cum
1855 1639 2082 1706 Romani
2133 1668 2224 1706 tir-

681 1746 798 1798 bem
823 1745 991 1798 adorti
1021 1783 1034 1805 ,
1077 1743 1220 1797 cives
1249 1742 1364 1809 eius
1408 1745 1598 1812 partim
1635 1743 1757 1796 belli
1785 1743 1906 1810 jure
1939 1743 2217 1798 intereme-

682 1844 825 1895 runt.
858 1835 1050 1903 partim
1085 1835 1327 1902 captivos
1364 1835 1734 1897 abduxerunt;
1775 1845 1829 1889 et
1859 1845 2054 1903 prater
2086 1834 2221 1888 fame

680 1935 920 1985 necatos,
972 1924 1229 1992 reliquam
1259 1925 1650 1979 multitudinem
1677 1927 1793 1980 loco
1817 1928 2141 1981 abstractam
2171 1929 2219 1981 in

677 2017 824 2069 orbis
859 2025 1015 2069 terra:
1059 2017 1365 2068 vastitatem
1421 2015 1826 2084 disperserunt:
1863 2017 2093 2087 denique
2129 2033 2222 2072 eo-

682 2123 796 2161 rum
846 2107 1060 2160 domnm
1109 2122 1202 2159 seu
1241 2106 1490 2175 templum
1528 2099 1935 2172 inﬂammantes,
1967 2110 2016 2162 itt
2043 2110 2222 2163 deser-

680 2196 939 2250 tissimam
971 2194 1314 2249 solitudinem
1367 2205 1768 2249 converterunt.
1815 2196 1958 2251 Sane
1991 2197 2102 2250 haec
2131 2212 2222 2266 po-

679 2295 821 2340 stero
889 2296 1126 2354 tempore
1189 2285 1579 2354 contigerunt;
1629 2287 1720 2338 sed
1774 2287 1914 2339 enim
1950 2285 2219 2351 Servator,

680 2376 817 2430 Deus
838 2377 1044 2431 scilicet
1066 2377 1314 2438 Verbum,
1345 2376 1680 2442 prtescientia
1710 2386 1883 2434 utens.
1905 2391 2023 2444 qua:
2045 2377 2218 2431 futura

677 2477 832 2520 erant
859 2466 1240 2534 suprascriptis
1271 2466 1452 2520 verbis
1485 2476 1608 2518 ante
1633 2468 1915 2522 nuntiavit.
1950 2448 2108 2522 Urbis
2128 2483 2221 2520 au-

680 2567 784 2610 tem
833 2558 971 2610 illius
1005 2558 1234 2625 appellat
1266 2567 1476 2626 gentem
1513 2553 1788 2609 Iudaicam
1811 2594 1825 2618 ,
1857 2557 2069 2609 domum
2094 2571 2224 2611 vero

676 2662 862 2700 eorum
895 2647 1025 2699 dicit
1077 2661 1174 2714 pro
1227 2646 1442 2713 templo.
1506 2645 1704 2699 Deinde
1742 2656 1966 2698 testatur
1997 2646 2113 2698 fore
2164 2656 2222 2699 ut

679 2738 910 2803 ipsorum
945 2736 1096 2804 culpa
1153 2737 1285 2788 diris
1329 2738 1540 2790 casibus
1586 2738 1928 2800 irretiautur;
1979 2737 2221 2803 quando-

676 2827 887 2894 quidem
943 2826 1052 2892 ipse
1085 2825 1227 2877 haud
1271 2825 1434 2878 semel
1479 2834 1704 2880 conatus
1759 2823 1935 2879 fuerat
1983 2827 2215 2880 sobolem

675 2933 857 2972 eorum
888 2917 986 2970 sub
1019 2914 1231 2982 pietatis
1257 2913 1442 2982 iugum
1476 2913 1711 2976 mittere,
1750 2914 1871 2966 dum
1903 2928 2086 2967 curam
2123 2927 2216 2968 eo—

676 3009 915 3065 rumdem
939 3016 1242 3075 perpetuam
1264 3017 1491 3074 gereret,
1524 3020 1620 3072 per
1640 3005 1880 3071 singulos
1913 3005 2207 3072 pret-betas

677 3097 1020 3167 singulasque
1063 3105 1248 3149 aetates
1297 3111 1325 3146 a
1369 3095 1636 3162 pravitate
1687 3108 1780 3146 eos
1828 3094 2110 3146 retrahens
2153 3107 2216 3146 ac

680 3197 966 3237 revocans.
1002 3180 1266 3236 Ceterum
1308 3182 1359 3234 bi
1387 3183 1596 3235 vocanti
1633 3181 1850 3235 minime
1877 3181 2216 3250 obtempera-

677 3283 900 3336 verunt;
958 3272 1475 3338 quamobrem-tulit
1529 3272 1580 3324 in
1616 3285 1711 3324 eos
1763 3271 1846 3325 his
1893 3269 2070 3325 verbis
2101 3286 2222 3324 sen-

681 3362 897 3416 tentiam
924 3380 939 3415 :
966 3361 1098 3414 Ecce
1121 3362 1425 3430 relinquitur
1447 3362 1584 3414 vobis
1603 3362 1785 3414 domus
1801 3369 1971 3414 vestra
1996 3362 2217 3417 deserta.-

678 3452 1042 3506 Soiertissime
1076 3465 1201 3504 vero
1249 3467 1354 3505 non
1401 3450 1588 3504 urbem
1636 3451 1907 3505 desertam
1934 3450 2068 3526 iure
2107 3452 2218 3516 ait,

677 3544 771 3595 sed
796 3542 1010 3595 domum
1038 3555 1155 3608 qua:
1189 3540 1257 3592 ibi
1283 3549 1425 3605 erat,
1455 3540 1506 3593 id
1539 3550 1620 3593 est
1647 3540 1919 3609 templum,
1944 3541 2084 3610 quod
2105 3541 2217 3607 jam

677 3646 783 3684 non
810 3646 964 3701 suum
1019 3644 1192 3697 neque
1234 3629 1326 3684 Dei
1368 3630 1725 3686 habitaculum
1761 3631 1945 3685 haberi
1973 3630 2103 3696 vult,
2125 3632 2218 3685 sed

677 3723 884 3776 illorum
925 3735 1044 3776 esse
1086 3722 1182 3774 ait.
1233 3720 1511 3776 Desertum
1560 3736 1687 3776 vero
1728 3722 1866 3776 haud
1903 3721 2058 3776 aliter
2104 3717 2218 3778 fore

675 3814 1015 3879 vaticinatur,
1037 3813 1136 3866 nisi
1164 3814 1286 3880 quia
1328 3822 1584 3866 consueta
1620 3813 1704 3867 illa
1742 3813 1835 3868 Dei
1865 3828 1992 3869 cura
2030 3829 2093 3868 ac
2131 3829 2219 3883 pa-

677 3904 905 3959 trocinio
945 3904 1276 3972 spoliandum
1320 3914 1459 3958 erat.
1509 3903 1689 3957 Mirari
1725 3915 1901 3958 autem
1932 3906 2073 3960 subit
2104 3921 2217 3960 ser-

680 3995 852 4048 monis
881 3993 1149 4057 eﬂ‘ectum,
1182 3994 1304 4062 quia
1338 4009 1602 4060 nunquam
1630 3995 1766 4048 alias
1804 3994 1871 4048 ad
1903 4005 2103 4048 tantam
2131 4011 2218 4049 so.

678 4084 954 4139 iitudinem
1000 4084 1046 4138 is
1078 4083 1225 4137 locus
1275 4085 1520 4138 redactus
1569 4085 1696 4150 fuit;
1745 4099 1812 4139 ne
1857 4093 1967 4138 tum
2001 4086 2216 4154 quidem

676 4189 797 4226 cum
830 4173 897 4226 ob
923 4173 1244 4241 impietatem
1270 4172 1564 4227 incolarum
1600 4182 1758 4242 atque
1789 4174 2140 4229 idololatriam
2163 4183 2218 4230 et

647 4264 1054 4333 prophetarum
1094 4267 1304 4330 cades,
1355 4265 1410 4318 ln‘
1439 4249 1851 4334 Babyloniorum
1902 4274 2214 4334 patestatem

679 4355 822 4406 venit
860 4370 875 4405 :
922 4353 1012 4406 illo
1059 4355 1203 4407 enim
1247 4363 1485 4422 tempore
1521 4354 1926 4423 septuagenaria
1969 4352 2071 4407 fuit
2115 4355 2215 4408 loci

2326 579 2620 649 ἀναχωρῶν
2640 579 2747 632 τῶν
2797 576 3052 648 Ἱεροσολύ
3060 594 3172 646 μων
3196 575 3406 628 τοίασδε
3445 576 3723 646 προήκατο
3741 573 3878 627 κατά

2325 669 2425 738 τῆς
2472 669 2675 732 πόλεως
2719 669 2919 736 φωνὰς·
2965 665 3392 735 Ἰερουσαλὴμ,
3441 664 3837 732 Ἰερουσαλὴμ
3860 703 3878 726 ν

2327 758 2581 824 ποσάκις
2612 759 2882 824 ἠθέλησα
2904 757 3362 826 ἐπισυναγαγεῖν
3400 755 3580 809 τέκνα
3608 757 3730 809 σου
3743 795 3760 817 ,
3785 756 3877 808 καὶ

2326 852 2435 903 οὐκ
2463 847 2815 916 ἠθελήσατε.
2871 847 3012 901 Ἰδοὺ
3042 849 3272 916 ἀφίεται
3296 845 3435 915 ὑμῖν
3458 850 3492 898 ό
3517 841 3683 915 οἶκος
3715 843 3880 912 ὑμῶν

2325 939 2565 1006 ἕρημος·
2595 938 2774 990 οὐκέτι
2809 933 2954 991 οἶκον
2981 937 3115 990 Θεοῦ
3145 935 3236 988 τὸν
3267 934 3401 990 νεὼν
3433 936 3524 988 καὶ
3557 935 3619 987 τὸ
3648 935 3710 986 ἐν
3732 933 3879 1002 αὐτῷ

2325 1027 2734 1097 ἀγίασμα,ἀλλά
2767 1028 2945 1080 αὑτιῖιν
2975 1023 3111 1081 εἶναι
3132 1022 3276 1079 οἶκον
3290 1025 3722 1095 ἀποφηνάμενος·
3757 1025 3880 1094 μιά-

2327 1133 2528 1187 σματος
2541 1118 2648 1186 γὰρ
2669 1116 2893 1184 ἐναγοῦς
2910 1118 2967 1169 ἐν
2996 1116 3073 1186 τῷ
3094 1102 3231 1186 μετά
3245 1114 3418 1168 ταῦτα
3432 1114 3604 1184 χρόνῳ
3616 1113 3878 1184 δρασθέν-

2323 1224 2412 1270 τος
2444 1208 2534 1260 ὑπ’
2556 1205 2751 1270 αὐτῶν,
2774 1206 2930 1260 τοῦτο
2965 1205 3010 1258 δ’
3044 1203 3112 1274 ἦν
3135 1207 3194 1258 τὸ
3223 1203 3488 1274 τολμηθέν
3515 1203 3700 1267 αὐτοῖς
3746 1198 3878 1270 ἀγος

2323 1299 2462 1352 κατά
2496 1297 2589 1351 τοῦ
2620 1297 2889 1368 Σωτῆρος,
2923 1297 3088 1367 ἐχρῆν
3119 1292 3289 1366 δήπου
3331 1295 3404 1365 μὴ
3433 1295 3589 1364 μόνον
3621 1294 3751 1356 τοὺς
3777 1293 3872 1366 τῆς

2323 1388 2528 1452 πόλεως
2563 1389 2880 1458 οἰκήτορας.
2913 1387 3046 1439 ἀλλά
3083 1387 3174 1440 καὶ
3210 1385 3340 1439 αὐτὸ
3371 1384 3430 1437 τὸ
3471 1384 3680 1453 ἔδαφος,
3717 1383 3803 1450 ἐφ’
3831 1375 3875 1449 ᾧ

2325 1476 2466 1548 μέγα
2509 1477 2784 1546 ἐφρόνουν,
2832 1475 3120 1546 τάπίχειρα
3176 1467 3250 1528 ὧν
3298 1474 3525 1544 ἔδρασαν
3573 1473 3871 1544 οἰκήτορες,

2322 1568 2542 1620 παθεῖν·
2579 1567 2614 1620 ἀ
2643 1566 2704 1636 δὴ
2741 1567 2830 1618 καὶ
2862 1565 3190 1618 πεπόνθασιν
3221 1565 3319 1616 οὐκ
3348 1565 3427 1626 είς
3470 1562 3701 1632 μακρὸν,
3742 1563 3874 1614 Ῥω-

2326 1658 2498 1728 μαίων
2534 1656 2861 1709 ἐπελθόντων
2883 1659 2946 1726 τῇ
2977 1655 3148 1718 πόλει,
3179 1656 3273 1707 καὶ
3303 1653 3412 1706 τῶν
3428 1653 3724 1721 οἰκητόρων
3751 1653 3874 1712 τοὺς

2325 1749 2420 1817 μὲν
2454 1746 2683 1816 πολέμου
2714 1747 2862 1816 νόμῳ
2879 1745 3351 1814 ητασφαξάντων,
3383 1744 3507 1806 τοὺς
3529 1742 3575 1794 δ’
3598 1741 3874 1811 αίχμαλώ-

2319 1854 2442 1900 τους
2457 1837 2879 1903 ιάπαγαγόντων,
2900 1837 3025 1898 τοὺς
3044 1835 3100 1887 δὲ
3120 1834 3261 1904 λιμῷ
3290 1833 3731 1903 διαφθειράντων,
3750 1831 3872 1892 τοὺς

2279 1977 2290 1991 ,
2317 1925 2362 1978 δ’
2409 1927 2790 1978 ἀπελασάντων
2841 1926 2935 1977 καὶ
2962 1927 3040 1987 είς
3078 1925 3252 1977 πάντα
3288 1925 3447 1975 τόπον
3486 1921 3870 1974 ἅασκεδασάν-

2317 2034 2422 2069 των
2449 2015 2579 2085 (70),
2611 2016 2700 2068 τὸν
2727 2000 2771 2066 δἐ
2792 2010 2937 2067 οἷκον
2964 2014 3140 2068 αὐτῶν
3170 2015 3260 2066 καί
3283 2014 3370 2066 τὸν
3394 2011 3526 2066 νεὼν
3553 2011 3873 2083 ἐμπρησάν-

2315 2118 2446 2168 των,
2465 2106 2541 2168 είς
2577 2105 2776 2174 ἔσχατά
2798 2121 2854 2156 τε
2881 2103 3114 2173 ἐρημίας
3134 2102 3544 2173 περιϐαλόντων.
3581 2101 3747 2157 ’Δλλά
3766 2101 3870 2172 γὰρ

2316 2196 2516 2250 τούτων
2537 2198 2594 2248 ἐν
2619 2200 2730 2258 τοῖς
2758 2196 2893 2265 μετὰ
2923 2194 3092 2249 ταῦτα
3121 2195 3331 2266 χρόνοις
3361 2193 3685 2263 γενομένων,
3737 2210 3871 2262 προ-

2317 2288 2493 2342 λαϐὼν
2523 2290 2552 2340 ό
2595 2287 2782 2357 Σωτὴρ
2823 2287 2882 2338 τὸ
2929 2286 3116 2356 μέλλον
3147 2289 3211 2356 τῇ
3255 2285 3576 2356 προγνώσει,
3622 2279 3710 2338 οἷα
3742 2284 3872 2348 Θεὸς

2319 2381 2507 2448 Λόγος,
2557 2379 2627 2430 τά
2670 2378 3054 2448 συμϐησόμενα
3087 2377 3442 2448 προαγορεύει
3472 2376 3561 2428 διά
3591 2377 3699 2428 τῶν
3742 2393 3870 2447 προ-

2318 2473 2599 2541 κειμένων.
2618 2469 2790 2521 Τέκνα
2809 2468 2863 2520 δὲ
2895 2469 2992 2538 τῆς
3021 2467 3225 2530 πόλεως
3245 2467 3493 2537 ὀνομάζει
3515 2467 3576 2520 τὸ
3609 2466 3871 2520 Ἰουδαίων

2322 2563 2426 2613 πᾶν
2457 2559 2638 2622 ἔθνος·
2673 2553 2816 2610 οἷκον
2835 2557 2890 2610 δὲ
2923 2555 3100 2609 αὐτῶν
3135 2556 3399 2610 ἀποκαλεῖ
3434 2556 3523 2609 τὸν
3554 2554 3712 2610 νεὼν.
3744 2551 3877 2608 Εἶτα

2320 2646 2670 2720 μαρτύρεται,
2701 2649 2779 2699 ὅτι
2799 2646 2948 2716 παρά
2962 2645 3058 2716 τὴν
3089 2646 3264 2700 αὐτῶν
3292 2646 3467 2700 αἰτίαν
3481 2645 3548 2698 τά
3576 2644 3876 2716 σκυθρωπά

2315 2741 2507 2802 αὐτοὺς
2532 2737 2907 2808 μετελεύσεται
2927 2755 2938 2766 ·
2976 2737 3268 2809 ἐπειδήπερ
3299 2737 3460 2800 αὐτὸς
3492 2737 3588 2806 μὲν
3618 2736 3871 2798 πολλάκις

2315 2831 2728 2897 ἐπισυναγαγεῖν
2747 2829 2922 2882 αὐτῶν
2941 2830 3007 2880 τὰ
3021 2830 3184 2880 τέκνα
3209 2827 3314 2880 ὑπὸ
3338 2827 3428 2879 τὸν
3452 2828 3548 2896 τῆς
3567 2825 3872 2887 θεοσεϐείας

2316 2921 2474 2988 ζυγὸν
2503 2920 2841 2990 βεϐούληται,
2871 2915 2958 2971 οἶα
2989 2922 3050 2971 ὲκ
3079 2918 3171 2971 τοῦ
3201 2919 3398 2980 παντὸς
3425 2918 3674 2988 πρόνοιαν
3696 2914 3873 2970 αὐτῶν

2317 3010 2699 3080 πεποιημένος,
2727 3010 2792 3061 δι’
2829 3010 3055 3062 ἐκάστου
3082 3025 3140 3060 τε
3168 3009 3443 3078 προφήτου
3477 3007 3572 3058 καὶ
3603 3005 3728 3058 καθ’
3753 3006 3874 3059 ἐκά-

2319 3117 2448 3170 στην
2463 3099 2650 3166 γενεὰν
2673 3097 3008 3168 ἐπιστρέφων
3023 3096 3217 3158 αὐτοὺς
3237 3097 3328 3150 καὶ
3343 3091 3794 3164 ἀνακαλούμενος·
3817 3096 3870 3147 ei

2324 3188 2379 3240 δὲ
2401 3189 2500 3240 οὐκ
2533 3189 2719 3258 ἡθελον
2746 3184 3044 3239 ὑπακοῦσαι
3073 3183 3139 3256 τῇ
3173 3185 3389 3253 κλήσει·
3424 3178 3484 3236 οὗ
3504 3182 3567 3254 δὴ
3591 3183 3748 3256 χάριν
3774 3183 3873 3253 τὴν

2323 3279 2442 3332 κατ’
2479 3263 2656 3332 αύτῶν
2709 3278 2979 3344 ἀπόφασιν
3035 3274 3415 3347 προενήνεκται
3457 3273 3624 3328 εἰπὼν
3649 3291 3664 3305 ·
3719 3271 3873 3327 Ἰδοὺ

2321 3368 2552 3437 ἀφίεται
2605 3366 2749 3435 ὑμῖν
2784 3369 2817 3419 ό
2853 3362 3018 3430 οἶκος
3058 3364 3223 3434 ὑμῶν
3270 3365 3505 3433 ἕρημος.
3554 3365 3768 3436 Σφόδρα
3813 3366 3876 3420 ἃ

2321 3455 2557 3527 ἀκριϐῶς
2577 3456 2635 3508 ού
2653 3456 2748 3525 τὴν
2767 3464 2918 3507 πόλιν
2939 3453 3142 3523 ἔρημον
3165 3451 3380 3505 ῑσεσθαί
3405 3470 3586 3522 φησιν,
3619 3452 3753 3507 ἀλλά
3777 3452 3872 3507 τὸν

2321 3550 2378 3600 ἐν
2415 3547 2550 3616 αὐτῇ
2585 3541 2753 3608 οἷκον,
2791 3544 2986 3615 δηλαδὴ
3017 3543 3108 3597 τὸν
3139 3542 3272 3597 νεών
3291 3559 3304 3572 ·
3332 3542 3395 3596 ὃν
3421 3543 3603 3597 οὐκέτι
3644 3543 3873 3610 ἑαυτοῦ,

2321 3636 2430 3690 ἀλλ’
2456 3636 2576 3689 ούδε
2594 3634 2686 3687 τοῦ
2719 3633 2854 3688 Θεοῦ
2895 3629 3040 3686 οἶκον
3066 3632 3306 3702 βούλεται
3332 3631 3707 3702 χρηματίζειν,
3749 3631 3868 3684 ἀλλ’

2321 3724 2496 3779 αὐτῶν
2523 3720 2658 3777 εἶναί
2679 3739 2859 3793 φησιν.
2893 3721 3132 3790 Ἔρημον
3157 3719 3214 3773 δὲ
3245 3719 3404 3772 αὐτὸν
3437 3717 3651 3772 ἔσεσθαι
3680 3717 3872 3770 θεσπξο

2321 3814 2423 3879 ζει,
2455 3817 2554 3868 οὐκ
2585 3815 2753 3876 ἄλλως
2774 3815 2807 3883 ἢ
2836 3797 2940 3864 ύπὸ
2953 3810 3053 3880 τῆς
3079 3811 3339 3882 πρότερον
3361 3809 3757 3879 ἐπισκοπούσης
3771 3809 3862 3861 ab.

2319 3909 2409 3961 τὸν
2445 3906 2697 3979 προνοίας
2733 3903 3306 3978 καταλειφθησόμενον.
3353 3902 3461 3954 Καὶ
3487 3899 3551 3971 δὴ
3596 3899 3877 3971 θαυμάσαι

2320 3999 2432 4052 ἔστι
2478 3997 2571 4051 τοῦ
2622 3996 2779 4065 λόγου
2824 3996 2887 4048 τὺ
2930 3993 3295 4063 ἀποτέλεσμα,
3330 3991 3500 4061 ὁτιδὴ
3537 3991 3656 4061 μηδ’
3683 3992 3870 4045 ἄλλοτε

2322 4088 2538 4141 πώποτε
2574 4087 2838 4158 τοσαύτην
2876 4085 3159 4155 ὑπέμεινεν
3191 4082 3424 4154 ἐρημίαν
3464 4083 3492 4133 ό
3531 4081 3723 4145 τόπος,
3759 4081 3870 4134 οὐδ’

2321 4179 2407 4231 ὅτε
2441 4179 2528 4232 διά
2577 4178 2675 4241 τὰς
2717 4175 3153 4248 ὑπερϐαλλούσας
3207 4172 3385 4226 αὐτῶν
3419 4170 3730 4235 δυσσεϐείας
3773 4173 3871 4224 καὶ

2321 4268 2774 4338 εἰδωλολατρείας,
2815 4267 2911 4330 τας
2941 4282 2999 4319 τε
3027 4264 3170 4319 κατά
3192 4265 3298 4317 τῶν
3331 4262 3619 4335 προφητῶν
3657 4277 3869 4332 μιαιφο-

2321 4359 2457 4422 νίας,
2491 4359 2592 4410 ὺπο
2612 4357 2885 4411 Βαϐυλῶνι
2910 4357 3042 4427 ἥλω·
3073 4355 3562 4426 ἑϐδομηκονταετὴς
3583 4353 3691 4424 γὰρ
3709 4355 3739 4404 ὀ
3760 4354 3872 4416 πις-

679 4444 934 4496 soiitudo.
962 4443 1137 4508 Quare
1170 4459 1234 4496 ue
1269 4444 1504 4497 fataliter
1528 4444 1742 4512 quidem
1775 4454 1904 4497 tunc
1928 4442 1992 4497 iis
2015 4443 2214 4498 dictum

2322 4448 2417 4517 τῆς
2445 4448 2771 4518 ἐρημώσεως
2804 4447 2896 4500 τοῦ
2924 4447 3086 4500 τόπου
3113 4446 3296 4516 χρόνος
3328 4443 3443 4497 κατ’
3481 4442 3716 4504 ἐκείνους
3748 4442 3868 4510 ἐγε-

681 4531 802 4596 iuit,
838 4530 1170 4601 Relinquitur
1190 4533 1334 4586 vobis
1360 4532 1541 4585 domus
1571 4544 1741 4586 vestra
1771 4533 1974 4586 deserta
2003 4548 2022 4585 ι
2050 4547 2220 4600 neque

678 4625 820 4676 enim
871 4623 1123 4676 derelicta
1155 4660 1170 4687 ,
1219 4624 1324 4677 imo
1375 4625 1733 4678 vit’tationem
1786 4623 2042 4692 epiieram
2075 4624 2221 4678 haud

682 4712 847 4766 multo
883 4719 1001 4780 post
1027 4723 1248 4779 experta
1276 4720 1375 4773 est,
1411 4727 1518 4780 quo
1540 4721 1780 4780 tempore
1802 4711 2218 4780 splendidiorem

682 4802 857 4869 priore
878 4811 1016 4855 statu
1051 4802 1482 4856 instaurationem
1521 4803 1844 4870 impetravit,
1895 4803 1966 4857 ita
2001 4815 2059 4857 ut
2085 4813 2218 4873 pra:-

682 4890 874 4943 dixerit
895 4891 1150 4959 propheta
1183 4883 1402 4959 quidam
1429 4932 1443 4955 ,
1495 4900 1814 4960 poStremam
1841 4893 2031 4948 domus
2067 4893 2222 4960 hujus

681 4981 905 5050 gloriam
953 4981 1132 5050 priore
1177 4981 1520 5035 illustriorem
1566 4980 1683 5035 fore
1732 4983 1794 5035 “.
1845 4982 2218 5036 Verumtamen

683 5081 802 5138 post
835 5069 1137 5127 Servatoris
1168 5072 1337 5125 nostri
1369 5070 1605 5135 elatum,
1633 5082 1961 5142 quantOpere
1978 5073 2219 5126 derclicti

680 5161 844 5219 Judai
878 5163 1096 5228 iuerint,
1143 5174 1503 5232 quantamque
1537 5167 1599 5225 in
1646 5166 1986 5218 solitudinem
2035 5165 2222 5218 domus

683 5269 870 5308 eorum
911 5257 1158 5326 venerit,
1191 5257 1256 5309 iis
1292 5257 1504 5325 quidem
1541 5257 1630 5324 qui
1665 5256 1783 5309 loca
1822 5255 1910 5308 illa
1968 5257 2216 5320 lustrant,

683 5345 818 5397 visio
846 5343 956 5412 ipsa
994 5353 1047 5399 et
1077 5354 1152 5398 tot
1181 5361 1441 5398 annorum
1471 5345 1800 5399 diuturnitas
1821 5343 2022 5397 oraculi
2056 5358 2218 5397 even-

606 5480 628 5497 ,
685 5443 796 5486 tum
843 5439 1172 5489 demonstrat
1220 5452 1236 5489 :
1279 5436 1475 5489 etenim
1527 5445 1733 5504 tempus
1782 5451 1885 5490 non
1942 5435 2100 5504 duplo
2131 5449 2217 5487 so-

683 5523 823 5590 lum,
870 5540 1030 5594 quam
1069 5527 1532 5595 septuagenarium
1575 5525 1924 5581 desolationis
1970 5527 2068 5581 sub
2116 5524 2217 5577 Ba-

754 5637 797 5669 "
822 5635 1005 5690 Matth.
1029 5652 1182 5698 uiti.
1203 5635 1388 5690 57-38.
1432 5635 1442 5705 |
1479 5637 1520 5667 ¹¹
1544 5640 1676 5707 Agg.
1700 5653 1760 5701 tt,
1793 5637 1880 5692 10.

2322 4538 2476 4607 νήθη.
2526 4536 2616 4588 Διδ
2663 4538 2762 4589 οὐκ
2802 4535 2868 4589 ἂν
2920 4536 3122 4607 κυρίως
3159 4532 3350 4604 ἐλέχθη
3392 4533 3573 4594 αὐτοῖς
3609 4531 3727 4583 τότε
3781 4531 3866 4594 τὸ,

2337 4627 2587 4694 Ἀρίεται
2609 4627 2748 4695 ὑμῖν
2769 4631 2800 4681 ό
2815 4624 2974 4693 οἶκος
2994 4625 3160 4695 ὑμῶν
3177 4626 3411 4692 ἕρημος·
3437 4624 3499 4675 ού
3529 4623 3635 4694 γὰρ
3647 4622 3863 4695 ἀφείθη·

2323 4719 2476 4788 ἔτυχε
2518 4721 2573 4773 δὲ
2616 4721 2920 4789 ἐπισκοπῆς
2961 4722 3073 4789 μετ’
3103 4721 3162 4772 οὐ
3200 4719 3364 4771 πολὺν
3404 4716 3610 4787 χρόνον,
3653 4714 3772 4768 καθ’
3804 4713 3866 4766 δν

2323 4808 2663 4872 ἀνανεώσεως
2711 4809 2949 4880 μείζονος
2990 4808 3022 4879 ἢ
3056 4808 3194 4861 κατὰ
3229 4807 3325 4877 τὴν
3353 4806 3616 4877 προτέραν
3640 4803 3840 4874 ἠξιώθη

2323 4898 2397 4960 ὡς
2433 4899 2685 4971 προεῖπόν
2716 4915 2858 4962 τινες
2894 4898 3000 4950 τῶν
3029 4897 3337 4966 προφητῶν,
3367 4896 3447 4948 ὅτι
3495 4895 3559 4962 δὴ
3584 4896 3795 4948 Ἔσται
3825 4895 3868 4961 ἡ

2325 4987 2468 5052 δόξα
2492 4987 2596 5041 τοῦ
2627 4989 2792 5042 οἴκου
2816 4989 3025 5040 τούτου
3067 4988 3105 5052 ἠ
3151 4985 3374 5054 ἐσχάτη
3411 4985 3562 5052 ὑπὲρ
3591 4984 3706 5051 τὴν
3732 4999 3872 5050 προ·

2325 5077 2517 5144 τέραν.
2547 5079 2700 5132 Μετά
2727 5079 2783 5131 δὲ
2813 5078 2907 5148 τὴν
2923 5077 3013 5129 τοῦ
3045 5078 3289 5148 Σωτῆρος
3315 5075 3468 5145 ὑμῶν
3494 5074 3694 5146 φωνὴν,
3725 5075 3871 5138 ὅπως

2326 5170 2639 5240 ἀφείθησαν,
2688 5171 2716 5223 ὅ
2760 5187 2818 5222 τε
2857 5166 3002 5233 οἶκος
3038 5169 3213 5222 αὐτῶν
3260 5170 3338 5230 είς
3379 5167 3604 5236 ἔσχατον
3638 5166 3871 5234 ἐρημίας

2323 5259 2506 5329 ἥλασε,
2540 5262 2649 5322 τοῖς
2700 5262 2778 5321 είς
2814 5261 2936 5321 τοὺς
2968 5259 3162 5321 τόπους
3205 5245 3704 5328 ἀφικνουμένοις-’ἡ
3747 5255 3870 5324 his;

2321 5351 2453 5421 αὑτὴ
2485 5351 2577 5404 τοῦ
2603 5350 2757 5418 λόγου
2791 5349 2985 5418 μᾶλλον
3022 5350 3254 5403 δείκνυσι
3279 5348 3342 5400 τὸ
3370 5345 3745 5415 ἀποτέλεσμα·
3775 5347 3871 5398 καὶ

2318 5442 2348 5492 ό
2393 5441 2578 5511 χρόνος
2621 5440 2673 5492 δὲ
2727 5439 2984 5510 πολυετὴς
3028 5438 3262 5508 γεγονὼς
3304 5438 3397 5491 καὶ
3427 5437 3652 5508 μακρὸς,
3683 5435 3759 5497 ὡς
3795 5436 3870 5508 μὴ

2323 5530 2480 5597 μόνον
2521 5530 2835 5586 διπλασίονα
2871 5527 3005 5584 εἶναι
3049 5530 3144 5600 τῆς
3183 5524 3722 5599 ἐϐδομηκονταετοῦς⁹
3745 5527 3875 5598 ἐρη-

753 5728 862 5794 (70)
920 5728 1000 5782 Ab
1047 5730 1144 5783 hoc
1196 5744 1352 5783 scusu
1389 5729 1640 5784 recedunt
1669 5728 1848 5796 verba,
1881 5728 1985 5783 and
2006 5731 2176 5782 others
2214 5726 2330 5794 they
2357 5723 2672 5792 persecuted.
