4070 6304
1566 399 1655 454 DE
1692 398 2156 457 ΤΙΙΕΘΡΗΛΝΙᾹ.

3366 401 3474 460 650

224 499 527 568 κησοντοςο
566 502 807 573 ἐπιλέγει
852 506 896 559 δ’
930 502 1021 561 οὖν
1052 510 1199 581 ἑξῆς,
1230 511 1312 564 ὅτι
1350 515 1773 586 κατοικηθήσετα

1907 517 2158 586 intelligit
2181 517 2585 574 derelictionem
2616 532 2647 572 ιι
2674 517 2812 582 suis,
2864 528 2929 573 ac
2980 529 3259 576 sacrarum
3289 530 3473 571 rerum

226 588 264 659 it
299 588 473 655 πόλις.
504 594 567 646 οὐ
589 596 686 662 μὲν
709 597 815 648 ὑπὸ
847 598 1133 664 Ἰουδαίων,
1161 602 1272 667 ἀλλ’
1302 604 1405 657 ὑπὸ
1419 605 1606 661 ἐθνῶν.
1649 607 1798 678 Ἑρή-

228 694 411 749 μιιισιν
430 680 488 733 δέ
519 680 685 753 αὐτῆς
713 686 979 741 ἀποκαλεί
1001 690 1062 743 τὸ
1083 691 1278 761 μηκέτι
1306 692 1412 747 ὑπὸ
1428 693 1537 747 τῶν
1558 695 1793 760 οἰκείων,

228 768 369 838 μηδὲ
390 772 530 825 κατά
552 773 649 844 τὴν
677 775 908 847 νόμιμον
927 779 1179 848 λατρείαν
1209 784 1576 853 συστήσασθαι
1606 787 1793 857 αὑτήν.

225 857 417 924 Ὅπως
439 862 495 915 δὲ
528 864 620 916 καὶ
644 865 816 919 ταῦτα
849 869 984 941 ὲπλη
994 870 1169 940 ροῦτο,
1204 874 1353 927 οὐδὲν
1374 874 1454 927 δεί
1478 876 1687 930 πόλλων
1712 877 1796 931 λό-

220 963 368 1015 γων·
394 952 623 1023 πάρεστι
652 956 759 1028 γὰρ
789 958 879 1011 ὑπ’
905 959 1090 1029 ὄψεσιν
1118 964 1250 1034 όρᾷν
1283 964 1564 1031 Ἰουδαίους
1594 969 1691 1038 μὲν
1715 970 1795 1033 εἰς

219 1038 405 1092 πάντα
437 1041 505 1093 τὰ
537 1041 663 1113 ἔθνη
707 1045 1208 1120 διεσκεδασμένους,
1262 1054 1586 1124 ἀλλοφύλους
1611 1058 1666 1112 δέ
1699 1061 1793 1112 καὶ

218 1127 529 1221 ἀλληενεῖς
586 1136 872 1207 οἰκήτορας
917 1140 1015 1209 τῆς
1062 1143 1229 1197 πάλαι
1277 1146 1375 1215 μὲν
1420 1148 1790 1221 Ἰερουσαλὴμ,

216 1219 320 1274 νῦν
340 1220 388 1274 δ’
410 1223 517 1276 ἀπὸ
536 1225 627 1278 τοῦ
651 1227 1006 1301 πολιορκητοῦ
1024 1232 1204 1287 Αἰλίου
1242 1235 1516 1306 Ἀδριανοῦ
1536 1238 1669 1309 (Ὴθ)
1698 1219 1793 1294 Al-

216 1311 340 1377 λίας
373 1320 881 1391 μετωνομασμένης.
916 1322 987 1376 Τὸ
1010 1325 1139 1392 γοῦν
1166 1327 1463 1399 παράδοξον
1487 1331 1583 1384 τοῦ
1615 1331 1792 1386 θεσπί-

218 1418 428 1474 σματος
456 1408 600 1461 τοῦτ’
633 1411 700 1463 ἂν
731 1411 838 1481 εἴη,
881 1416 961 1467 ὅτι
994 1432 1099 1487 περ
1146 1418 1384 1473 Ἰουδαῖοι
1440 1422 1557 1491 μὲν,
1605 1427 1788 1493 φησὶν,

215 1495 815 1571 αἰχμαλωτισθήσονται
844 1506 925 1567 εἰς
954 1506 1129 1561 πάντα
1155 1509 1222 1562 τὰ
1252 1510 1375 1580 ἔθνη
1398 1529 1411 1542 '
1440 1513 1565 1583 περί
1593 1513 1651 1567 δὲ
1682 1514 1790 1569 τῶν

214 1586 410 1675 ἐθνῶν,
440 1590 532 1643 καὶ
573 1593 923 1667 Ἰερουσαλὴμ
947 1598 1097 1653 ἔσται
1124 1604 1431 1675 πατουμένη
1461 1604 1551 1657 ὑπ’
1595 1605 1785 1661 ἐθνῶν.

225 1672 619 1751 Ἐκπληκτιιιὺν
655 1685 710 1738 δὲ
734 1686 795 1738 τὸ
824 1689 1185 1760 ἀποτέλεσμα,
1209 1672 1342 1761 εἶ’γε
1387 1672 1623 1749 Ἰουδαῖοι
1654 1697 1788 1768 πλη-

213 1769 437 1838 ροῦντες
475 1773 573 1845 τὴν
611 1777 903 1846 σύμπασαν
931 1781 1233 1853 ἀνθρώπων
1266 1786 1611 1858 οἰκουμένην,
1632 1787 1783 1842 -ῶστε

1902 606 2144 677 legitimo
2176 609 2283 662 ritu
2315 610 2711 677 operandarum
2742 609 2925 663 tinem.
2951 606 3106 673 Quod
3135 609 3254 663 haec
3289 618 3476 662 autem

1900 699 1971 753 ita
1990 713 2049 754 se
2068 700 2375 764 habuerint,
2402 700 2585 755 multis
2601 700 2784 755 verbis
2810 698 3138 754 confirmare
3165 715 3272 754 non
3302 700 3472 753 inter-

1899 785 2228 844 est.~Palam
2294 788 2495 857 quippe
2536 787 2725 841 videre
2768 795 2853 844 est
2902 785 3112 843 Judzeos
3158 790 3359 857 passim
3415 790 3470 843 in

1900 879 2042 934 omni
2069 889 2229 950 gente
2256 880 2561 950 dispersos,
2589 890 2880 935 extraneos
2918 895 3048 937 vero
3094 889 3259 951 atque
3290 881 3473 935 alieni-

1899 983 2062 1040 genas
2090 971 2294 1025 versari
2324 972 2378 1026 in
2411 970 2565 1036 urbe,
2598 986 2719 1041 quae
2748 969 2879 1025 olim
2909 969 3308 1041 Hierosolyma,
3328 986 3472 1026 nunc

1897 1060 1966 1115 ab
2000 1069 2369 1131 expugnatore
2413 1060 2557 1117 ιΕΙΙο
2615 1054 2860 1113 Adriano
2899 1059 3043 1116 .IElia
3082 1061 3472 1117 transformata

1896 1151 2113 1206 nomine
2140 1152 2283 1208 dicta
2306 1162 2409 1208 est.
2462 1154 2604 1223 Ergo
2643 1152 2923 1208 oraculum
2964 1152 3169 1208 idcirco
3205 1153 3265 1207 fit
3302 1155 3471 1207 mira-

1895 1242 2020 1309 bile,
2046 1244 2170 1313 quia
2198 1242 2388 1308 Judzei,
2418 1246 2619 1316 inquit,
2640 1245 2783 1300 inter
2804 1259 2992 1300 omnes
3013 1244 3241 1315 populos
3269 1245 3468 1315 captivi

1896 1334 2323 1405 dispergentur:
2366 1334 2432 1390 ad
2494 1346 2683 1407 gentes
2716 1346 2899 1391 autem
2957 1348 3102 1407 quon
3148 1336 3373 1405 attinet,
3412 1345 3472 1389 et

1894 1424 2293 1497 Hierosolyma,
2361 1426 2558 1496 inquit,
2618 1427 2962 1482 ethnicorum
3020 1427 3156 1496 pede
3202 1433 3467 1481 terentur.

1892 1517 2171 1572 Terribilis
2201 1532 2332 1573 sane
2355 1521 2614 1574 eventus!
2653 1518 3091 1589 quandoquidem
3122 1513 3327 1587 Judaei,
3373 1521 3469 1589 qui

1890 1610 2202 1665 universum
2243 1619 2508 1666 terrarum
2546 1612 2734 1667 orbem
2781 1619 3073 1682 occupant,
3122 1620 3284 1681 atque
3323 1610 3470 1665 inter

1888 1698 2172 1769 Ethiopes
2235 1709 2290 1755 et
2344 1701 2580 1774 Scythas
2625 1718 2794 1773 usque
2850 1704 2915 1757 ad
2983 1701 3173 1757 mundi
3230 1690 3465 1755 confinia

1887 1792 2110 1862 degunt,
2155 1792 2222 1848 ad
2256 1791 2446 1848 urbem
2493 1802 2699 1848 tantum
2748 1807 2903 1848 suam
2946 1793 3284 1864 propriaeque
3333 1791 3465 1846 olim

212 1859 310 1953 καὶ
351 1862 540 1953 μέχρις
578 1866 851 1922 Αἰθιόπων
878 1873 1119 1943 χωρῆσαι
1154 1876 1246 1928 καὶ
1289 1876 1531 1943 Σκυθῶν,
1574 1881 1665 1933 καί
1698 1880 1773 1933 αὐ⁴

1889 1859 2167 1952 religionis
2199 1886 2384 1941 sedem
2429 1885 2689 1941 accedere
2718 1859 3009 1953 nequeunt.
3046 1859 3211 1937 —Jam_
3233 1883 3277 1938 si
3334 1883 3466 1937 urbs

208 1948 320 2003 τῶν
338 1952 447 2005 τῶν
480 1956 729 2025 περάτων
764 1959 863 2029 τῆς
900 1961 1023 2030 γῆς,
1056 1964 1114 2015 ἐν
1144 1963 1281 2036 μόνῃ
1325 1967 1387 2036 τῇ
1417 1966 1596 2020 αὐτῶν
1628 1967 1779 2022 πόλει

208 2040 305 2131 καὶ
334 2042 413 2113 τῷ
440 2044 606 2098 πάλαι
636 2046 1056 2122 θρησκευομένῳ
1098 2056 1228 2125 παρ’
1260 2056 1445 2119 αὐτοῖς
1479 2057 1650 2128 τόπῳ,
1682 2059 1780 2131 οὐχ

205 2124 311 2184 οἷοί
341 2133 401 2187 τέ
420 2136 555 2189 εἰσιν
578 2137 890 2195 ἐπιϐαίνειν.
912 2142 1021 2196 Καὶ
1054 2144 1102 2196 εἰ
1126 2124 1225 2215 μέν
1255 2140 1323 2217 ἦν
1355 2124 1631 2212 παντελῶς
1656 2124 1783 2222 Im:

210 2238 311 2291 μος
355 2226 389 2295 ἡ
426 2225 580 2292 πόλις
627 2231 722 2284 καὶ
763 2232 1031 2304 ἀοίκητος,
1075 2236 1177 2289 κᾶν
1210 2237 1476 2309 ὑπενόησέ
1507 2256 1591 2304 τις
1634 2239 1779 2295 τοῦτ’

206 2310 349 2369 εἶναι
379 2318 441 2372 τὸ
462 2319 662 2374 αῖτιοψ
689 2322 784 2376 νῦν
805 2324 860 2378 δὲ
884 2326 988 2379 ὑπὸ
1012 2324 1315 2397 ἀλλογενῶν
1347 2330 1440 2383 καὶ
1466 2329 1778 2401 ἀλλοφύλων

206 2407 380 2496 ἐθνῶν
438 2412 533 2465 τοῦ
595 2414 760 2468 τόπου
814 2420 1237 2489 κατοικουμένου
1262 2460 1277 2485 ,
1351 2414 1535 2493 μόνοις
1595 2424 1778 2489 αὐτοῖς

202 2497 427 2565 ἀδατο(
447 2506 725 2575 τυγχάνει,
790 2508 867 2572 ὼς
915 2510 1037 2580 μήτ’
1089 2506 1149 2575 ἐξ
1206 2512 1474 2567 αὐτόπτου
1519 2513 1776 2571 δύνασθαι

201 2588 265 2641 τὸ
322 2594 573 2665 πατρῷον
621 2597 801 2652 αὐτῶν
859 2599 1051 2670 ἔδαφος
1095 2600 1321 2673 θεωρεῖν
1341 2622 1354 2634 υ
1402 2605 1439 2659 ἃ
1478 2605 1545 2677 δὴ
1587 2605 1775 2661 τοῦτον

1884 1982 2095 2027 vastata
2123 1984 2269 2030 esset
2313 1977 2635 2045 desertaque
2677 1974 2748 2029 ab
2784 1972 2999 2037 incolis,
3050 1973 3189 2027 hanc
3232 1970 3466 2027 fortasse

1886 2063 2082 2134 aliquis
2132 2066 2377 2138 praedicti
2415 2065 2591 2123 exsilii
2631 2080 2852 2121 causam
2908 2063 3251 2119 existimaret
3280 2080 3294 2116 :
3322 2076 3467 2117 nunc

1890 2169 2023 2211 vero
2046 2157 2112 2212 ab
2138 2158 2411 2214 extraneis
2458 2165 2623 2227 atque
2665 2156 2732 2211 ab
2766 2153 3085 2223 alienigenis
3114 2151 3268 2208 locus
3308 2150 3466 2206 habi-

1889 2253 2056 2312 tatur,
2085 2246 2217 2301 solis
2238 2256 2422 2303 autem
2465 2246 2669 2302 ludatis
2699 2245 3011 2300 inaccessos
3050 2250 3157 2307 est,
3194 2242 3268 2296 ita
3300 2250 3361 2295 ut
3391 2253 3464 2296 ne

1886 2336 2130 2408 aspicere
2160 2338 2377 2408 quidem
2401 2338 2631 2408 patrium
2671 2338 2844 2392 solum
2882 2333 3056 2390 oculis
3093 2333 3206 2389 suis
3226 2331 3457 2403 possint.

1884 2428 2013 2495 Qum
2055 2412 2267 2509 scilicet
2310 2432 2455 2487 hunc
2510 2430 2714 2486 exitum
2774 2428 3106 2491 habuerunt,
3142 2435 3204 2479 ut
3240 2423 3466 2480 oraculo

1884 2519 2040 2577 ﬂeret
2091 2523 2224 2578 satis
2269 2519 2470 2579 dicenti
2518 2539 2536 2578 :
2577 2519 2647 2576 Et
2702 2518 3072 2591 Hierosolyma
3128 2517 3457 2572 ethnicorum

1881 2612 2009 2685 pede
2039 2622 2293 2668 terentur.

199 2680 624 2779 ᾲῖωτετέλεπαί
676 2689 769 2743 τὸν
832 2692 1029 2762 τρόπον
1073 2693 1376 2759 ἀκολούθως
1416 2696 1494 2767 τῷ
1544 2699 1775 2779 φήσαντι
1811 2680 2077 2775 χρήσμῷ
2105 2706 2215 2762 Kal
2257 2704 2659 2775 ιἾεροιισαιὴμ
2713 2705 2886 2761 ἔσται
2955 2703 3302 2775 πατουμένη
3336 2701 3462 2757 ὑπὸ

197 2771 416 2826 tam.

265 2864 377 2917 Καὶ
401 2864 630 2932 δεικνὺς,
664 2870 746 2923 δτι
795 2869 905 2925 οὔτ’
940 2875 1299 2949 ἀναστήσεται
1343 2880 1525 2935 λοιπὸν
1567 2882 1596 2935 ὁ
1631 2882 1775 2949 ναὸς,

195 2952 314 3007 οὔτ’
345 2957 423 3020 εἰς
466 2957 567 3028 τὴν
594 2961 868 3032 προτέραν
910 2967 1275 3038 ἐπανήξουσιν
1334 2971 1573 3027 Ἰουδαῖοι
1628 2977 1778 3030 πολι-

196 3044 369 3138 τείαν,
398 3049 722 3122 προστίθησι
760 3056 880 3118 ταῖς
937 3058 1103 3112 αὑτοῦ
1165 3063 1525 3134 προρρήσεσι,
1583 3065 1776 3138 χρόνον

196 3136 415 3230 ορίζων,
466 3141 628 3213 μέχρι
667 3143 807 3208 τίνος
844 3145 995 3201 ἔσται
1039 3150 1391 3225 Ἰερουσαλὴμ
1448 3136 1766 3230 πατουμένη

196 3229 306 3284 Dab
353 3230 550 3284 ἐθνῶν·
588 3232 736 3301 λέγει
783 3234 828 3287 δ’
858 3233 970 3302 οὖν,
1027 3240 1165 3309 ἄχρι
1200 3244 1556 3311 πληρωθῶσι
1587 3229 1778 3317 καιροί

194 3318 417 3375 ὥνῶν·
444 3321 586 3375 οὕτω
636 3326 879 3395 σημάνας
909 3330 1007 3401 τὴν
1038 3331 1131 3384 τοῦ
1181 3332 1295 3402 βίου
1314 3309 1649 3402 συντέλειαν,
1679 3309 1778 3392 διαὶ
1804 3309 1850 3371 c

196 3409 288 3462 τὸν
321 3410 482 3482 μέχρι
518 3414 823 3469 συντέλειαν
850 3417 1023 3488 λέγων
1049 3422 1265 3493 χρόνον·
1303 3426 1555 3497 σημαίνει
1587 3429 1643 3481 δὲ
1682 3431 1774 3484 καὶ

195 3499 286 3553 τὸν
300 3499 406 3571 πρὸ
429 3501 527 3572 τῆς
547 3502 921 3573 αἰχμαλωσίας
938 3508 1047 3581 (75)
1071 3510 1324 3582 πόλεμον.
1351 3513 1537 3568 εἰπών’
1566 3518 1773 3573 Ἔσται

194 3587 304 3658 γὰρ
340 3587 568 3659 ἀνάγκη
597 3591 693 3645 ἐπὶ
733 3592 844 3661 τῆς
862 3594 993 3664 τῆς,
1026 3599 1122 3651 καί
1163 3600 1307 3669 ὁρτὴ
1326 3602 1560 3673 μεγάλη
1586 3604 1656 3659 ἐν
1692 3602 1774 3673 τῷ

192 3676 321 3741 ,ζαῷ
345 3678 549 3743 τούτῳ,
582 3681 681 3735 καί
707 3685 1033 3741 πεσοῦνται
1052 3689 1121 3742 ἐν
1149 3693 1399 3761 στόματι
1446 3697 1765 3766 μαχαίρας.

194 3769 379 3823 Ταῦτα
428 3771 486 3825 δὲ
535 3772 683 3837 ὅπως
733 3775 872 3828 κατά
930 3776 1094 3850 μέρος
1156 3781 1428 3854 ἐπράχθη,
1470 3786 1562 3839 καὶ
1598 3788 1673 3852 ὼς
1700 3789 1768 3843 τὰ

194 3863 645 3934 προηγορευμένα
669 3865 770 3917 ὑπὸ
791 3866 884 3919 τοῦ
903 3869 1153 3941 Σωτῆρος
1174 3873 1330 3945 ἡμῶν
1344 3875 1530 3942 τέλους
1554 3877 1765 3949 ἔτυχεν,

192 3952 402 4020 ἱξεστιν
434 3954 543 4008 ἀπὸ
578 3958 675 4029 τῆς
711 3958 971 4030 Ἱστορίας
1012 3963 1275 4035 Ἰωσήπου
1308 3966 1497 4038 μαθεῖν
1527 3969 1657 4043 (76)·
1706 3972 1766 4038 ὃς

189 4043 290 4098 καὶ
339 4045 435 4116 τῆς
477 4048 729 4119 φησάσης
758 4050 851 4103 τοῦ
884 4052 1135 4125 Σωτῆρος
1166 4057 1323 4127 ἡμῶν
1382 4062 1760 4134 προρρήσεως,

192 4137 341 4193 οὐαί
366 4138 433 4192 δὲ
463 4141 590 4207 ταῖς
628 4142 1023 4211 θηλαζούσαις
1048 4147 1119 4199 ἐν
1148 4149 1406 4218 ἐκείναις
1452 4152 1582 4219 ταῖς
1622 4156 1763 4224 ἠμέ-

186 4227 358 4293 ραις]
386 4228 447 4281 τὸ
471 4229 817 4303 ἀποτέλεσμα
848 4234 1032 4303 σαφῶς
1053 4238 1348 4310 παρίστησι
1374 4279 1389 4304 ,
1456 4247 1759 4314 μνημονεύ-

190 4336 314 4385 σας,
338 4321 413 4386 ὡς
443 4326 718 4391 γυναῖκες,
738 4325 807 4379 τὰ
846 4328 1050 4382 ἑαυτῶν
1089 4330 1262 4403 βρέφη
1293 4334 1599 4405 όπτήσασαι
1626 4340 1758 4411 πυρί

186 4415 277 4470 διά
308 4415 405 4488 τὴν
427 4417 729 4491 ύπερδολὴν
752 4420 845 4473 τοῦ
882 4423 1243 4493 κατασχόντος
1265 4424 1423 4495 λιμοῦ
1452 4425 1550 4499 τὴν
1582 4424 1754 4498 πόλιν,

186 4510 411 4581 ἔφαγον.

183 4692 266 4747 λιι
298 4693 453 4764 λιμὸν
483 4697 865 4771 προθεωρήσας
891 4702 920 4753 ὁ
940 4700 1148 4773 Σωτὴρ,
1183 4703 1413 4775 παρῄνει
1433 4709 1545 4770 τοῖς
1588 4708 1751 4761 αὑτοῦ

186 4785 453 4858 μαθηταῖς
490 4790 547 4842 ἐν
570 4792 637 4861 τῇ
661 4790 927 4866 μελλούσῃ
954 4792 1095 4846 κατά
1130 4795 1397 4849 Ἰουδαίων
1427 4799 1751 4869 γενήσεσθαι

182 4881 489 4952 πολιορκίᾳ,
527 4883 602 4954 μὴ
626 4883 701 4948 ὡς
746 4886 832 4938 ἐπ’
869 4886 1080 4958 ἀσφαλῆ
1118 4888 1281 4942 τόπον
1339 4892 1432 4943 καὶ
1485 4891 1748 4960 φυλαττό-

184 4990 345 5045 μενον
370 4972 475 5027 ὑπὸ
501 4974 595 5028 τοῦ
622 4975 757 5029 Θεοῦ
781 4979 1141 5047 καταφεύγειν
1164 4981 1256 5034 ἐπὶ
1282 4981 1381 5052 τὴν
1410 4982 1581 5052 πόλιν,
1612 4985 1747 5058 ὅπερ

180 5063 509 5119 πεπόνθασιν
536 5067 587 5119 οἰ
625 5067 827 5132 πολλοὶ,
876 5070 991 5123 ἀλλ’
1026 5071 1233 5125 ἐκεῖθεν
1286 5073 1383 5143 μὲν
1422 5075 1745 5148 ἀναχωρεῖν,

180 5156 404 5225 φεύγειν
431 5157 488 5211 δέ
520 5159 601 5225 είς
632 5159 697 5213 τὰ
724 5159 857 5230 ὅρη·
909 5164 1002 5216 καὶ
1041 5163 1167 5226 τοὺς
1208 5167 1267 5218 ἐν
1302 5166 1449 5238 μέσῳ
1487 5168 1583 5240 τῆς
1627 5170 1751 5223 Ἰου-

179 5250 335 5313 δαίας
366 5250 626 5321 ἐκχωρεῖν
669 5253 747 5315 εἰς
789 5253 857 5308 τά
899 5253 1025 5326 ἔθνη
1061 5254 1206 5327 (78);
1255 5259 1350 5311 καὶ
1406 5260 1531 5323 τοὺς
1580 5262 1638 5314 ἐν
1678 5264 1745 5333 τῇ

246 5445 387 5518 (74⁸)
412 5445 553 5518 _Non
603 5460 779 5504 tamen
833 5450 1112 5507 incruenta
1162 5455 1408 5511 victoria.
1466 5458 1556 5513 Ait
1605 5462 1749 5516 enim

176 5515 381 5595 Fronto
400 5515 477 5569 De
503 5518 633 5573 bello
657 5518 905 5595 Parthico
926 5537 945 5575 :
974 5540 1001 5595 ιΔ
1021 5522 1269 5595 _Adriano
1300 5527 1584 5595 imperium
1612 5515 1750 5585 ohtiQ

176 5593 356 5652 nenle,
392 5597 653 5663 quantum
688 5591 943 5646 militum
982 5591 1411 5663 (Romanorum)
1466 5614 1495 5653 a
1545 5598 1745 5656 Judaeis

174 5655 451 5727 rursum!)
477 5655 687 5727 Legesis
750 5676 927 5714 autem
990 5655 1291 5720 historicos
1332 5684 1362 5722 a
1399 5655 1498 5724 'me
1544 5655 1741 5726 ibidem

180 5726 234 5780 iu
265 5726 705 5781 adnotationibus
728 5729 988 5787 laudatos.

1949 2903 2127 2972 Atque
2156 2910 2216 2957 ut
2245 2901 2494 2957 Christus
2523 2900 2967 2967 demonstraret,
3009 2901 3266 2973 templum
3295 2900 3460 2958 dein-

1878 3008 2004 3065 ceps
2025 2993 2168 3051 haud
2196 3003 2555 3050 instauratum
2583 2995 2672 3060 iri,
2698 3010 2876 3064 neque
2908 2993 3125 3051 Iudaeos
3158 2995 3447 3065 pristinam

1876 3098 2033 3141 suam
2098 3084 2484 3154 rempublicam
2537 3090 3000 3157 recuperaturos,
3057 3088 3271 3143 caeteris
3337 3086 3458 3144 suis

1878 3176 2324 3247 praedictionibus
2395 3176 2606 3232 addidit
2682 3178 2945 3247 temporis
3024 3177 3393 3234 definitionem
3429 3219 3453 3245 ,

1879 3264 2137 3334 quamdiu
2194 3264 2404 3321 scilicet
2466 3264 2836 3337 Hierosolyma
2904 3265 3246 3322 ethnicorum
3312 3266 3452 3336 pede

1881 3357 2104 3411 terenda
2152 3351 2374 3412 essent:
2404 3357 2482 3412 ait
2517 3356 2700 3421 enim,
2732 3358 2896 3411 donec
2940 3367 3175 3427 tempora
3216 3360 3452 3429 gentium

1877 3446 2275 3514 compleantur:
2302 3447 2371 3503 ita
2418 3446 2731 3518 significans
2777 3449 2960 3505 saeculi
3017 3452 3447 3508 consummatio-

1877 3551 2025 3602 nem,
2057 3550 2157 3593 nee
2195 3554 2302 3594 non
2329 3537 2584 3608 temporis
2618 3547 2786 3609 usque
2818 3539 2887 3595 ad
2925 3541 3449 3597 consummationem

1873 3627 2243 3686 intervallum.
2272 3627 2554 3701 Signiﬁcat
2594 3630 2763 3686 etiam
2801 3631 2999 3688 bellum
3033 3633 3177 3703 quod
3216 3634 3447 3705 captivi-

1873 3722 2039 3777 tatem
2071 3736 2465 3792 pmcessurum
2492 3732 2612 3779 erat
2644 3740 2659 3779 :
2688 3722 2900 3779 Futura
2931 3732 3030 3790 est,
3060 3724 3267 3795 inquit,
3297 3741 3443 3793 pres.

1868 3822 1995 3867 sura
2016 3813 2073 3866 in
2102 3825 2578 3884 terra,magnaque
2601 3816 2684 3868 ira
2704 3829 2861 3883 super
2877 3814 3069 3883 populo
3095 3815 3213 3878 hoc,
3246 3825 3295 3869 et
3327 3818 3445 3871 acie

1865 3901 2032 3973 gladii
2078 3905 2283 3959 cadent.
2337 3905 2527 3975 Atque
2572 3905 2689 3960 bac
2731 3903 2941 3976 singula
2983 3898 3439 3975 quemadmodum

1866 3992 2186 4059 acciderint,
2220 4004 2383 4063 atque
2411 4004 2472 4050 ut
2515 3994 2830 4052 Servatoris
2864 3997 3034 4051 nostri
3082 3995 3299 4052 oracula
3328 3997 3440 4053 sint

1863 4084 2066 4140 exitum
2098 4096 2410 4151 consecuta,
2461 4101 2529 4142 ex
2579 4086 2802 4156 Josephi
2832 4085 3074 4143 Historia
3110 4101 3439 4159 cognoscere

1861 4175 2010 4233 lcet.
2042 4175 2188 4233 Idem
2221 4178 2447 4233 alterum
2488 4192 2706 4248 quoque
2747 4178 3059 4236 Senatoris
3098 4180 3435 4249 vaticinium,

1861 4265 2116 4321 nimirum
2152 4264 2243 4321 γιε
2265 4266 2587 4321 lactantibus
2610 4252 2664 4321 in
2686 4266 2871 4323 diebus
2895 4268 3047 4323 tua!
3084 4278 3281 4324 eventu
3308 4283 3445 4347 μοι’-γ

1857 4357 2042 4425 spicue
2099 4360 2502 4430 comprobatum
2547 4360 2710 4414 tradit
2763 4378 2778 4414 :
2826 4361 3025 4417 etenim
3086 4371 3356 4417 memorat
3400 4376 3432 4417 a

1856 4448 2174 4505 mulieribus
2196 4450 2450 4519 parvulos
2483 4451 2733 4520 proprios
2780 4453 2901 4524 igne
2934 4461 3106 4508 tostos
3132 4452 3189 4507 in
3218 4467 3429 4509 summa

1855 4541 2008 4597 urbis
2034 4541 2176 4598 fame
2207 4540 2373 4599 fuisse
2399 4546 2709 4603 devoratos.

1860 4723 2139 4791 Servator,
2173 4726 2497 4781 admonebat
2522 4726 2814 4797 discipulos
2847 4744 2975 4786 suos
3009 4730 3147 4786 utin
3179 4734 3423 4802 proxima

1855 4812 2163 4870 Iudaeorum
2198 4814 2546 4881 obsessione,
2578 4817 2782 4873 nollent
2830 4826 3089 4889 tanquam
3136 4822 3205 4875 ad
3254 4830 3424 4877 tutum

1853 4905 2029 4961 locum
2076 4916 2133 4962 et
2171 4922 2199 4961 a
2238 4906 2350 4977 Deo
2392 4910 2720 4965 custoditum
2772 4911 2824 4967 in
2874 4916 3063 4967 urbem
3114 4912 3421 4984 confugere,

1852 5000 1995 5065 quod
2028 4997 2245 5069 plurimi
2272 4998 2537 5065 fecerunt,
2588 5001 2682 5055 sed
2730 5001 2855 5057 inde
2898 5004 3075 5071 potius
3106 5003 3424 5059 recederent

1852 5086 2094 5155 atquein
2125 5098 2333 5143 montes
2368 5090 2651 5159 fugerent;
2696 5102 2751 5145 et
2796 5092 2888 5161 qui
2934 5102 3093 5148 erant
3141 5094 3196 5147 in
3246 5094 3419 5149 Inedia

1853 5174 2037 5232 Judrea
2062 5178 2126 5232 ad
2146 5190 2340 5249 gentes
2363 5182 2685 5250 migrarent,
2715 5188 2769 5237 et
2795 5183 2888 5252 qui
2921 5184 2973 5237 in
3000 5198 3131 5254 agro
3156 5185 3420 5254 degebant

1857 5280 2197 5336 nequaquam
2230 5268 2298 5323 ad
2328 5270 2565 5326 munitas
2604 5285 2757 5326 arces
2784 5280 3201 5339 concurrerent,
3243 5288 3419 5344 neque

1849 5479 2010 5543 sensu
2036 5476 2135 5543 ;_et
2162 5476 2424 5536 praeterea
2462 5469 2663 5526 desunt
2700 5471 2841 5543 Syro
2881 5472 3247 5542 precedentes
3290 5483 3415 5529 octo

1846 5536 2116 5591 versiculi.

1914 5606 2025 5673 (76)
2058 5604 2192 5659 Bell.
2249 5605 2381 5661 Iud.
2433 5608 2525 5662 lib.
2557 5625 2675 5673 vin,
2714 5610 2767 5667 8.

1912 5675 2025 5814 (77¢
2063 5676 2198 5729 Cod.
2225 5678 2287 5732 A.
2324 5678 2362 5733 f.
2389 5677 2514 5733 270.
2544 5677 2668 5749 Syr.
2704 5696 2776 5744 tv,
2806 5683 2899 5746 9.0,
2934 5681 3025 5735 21.

1912 5745 2000 5814 (78
2050 5745 2145 5803 llic
2168 5762 2274 5804 non
2311 5747 2449 5806 bene
2486 5749 2660 5814 Syrus
2685 5750 2933 5808 Grscutn
2980 5752 3193 5808 videtur
3252 5750 3264 5807 i

1910 5745 2021 5820 (78)
2050 5745 2145 5803 llic
2168 5762 2274 5804 non
2311 5747 2449 5806 bene
2486 5745 2660 5820 Syrus
2685 5745 2933 5808 Grscuin
2980 5752 3193 5808 videtur
3252 5750 3411 5807 intel-

244 5794 358 5866 (75)
411 5794 511 5851 llic
563 5796 731 5869 Syrus
776 5800 1014 5857 deﬂectit
1073 5802 1405 5874 aliquantum
1464 5825 1495 5865 a
1543 5808 1735 5867 ϐιωυο
1837 5794 2048 5871 Ιειξὶεξέε.

481 5897 751 5961 ΡΑτιιοι.
798 5901 916 5962 (is.
962 5902 1194 5963 XXIV.

3014 5916 3089 5976 21
