4070 6304
690 381 782 434 651

1344 362 1606 422 EUSEBII
1641 356 2110 418 οΑῑδΛιιιΕΝδιε
2145 356 2292 413 ΟΡΡ.
2334 354 2510 410 PARS
2549 352 2634 407 IV.
2675 379 2742 393 —
2779 341 3190 404 DOGMATICA.

3774 337 3872 392 (352

691 491 1000 561 prudentem
1051 485 1331 541 crederent
1359 483 1412 536 in
1450 481 1642 552 Oppida
1675 492 1972 542 secessum,
2017 476 2226 529 etiamsi

2348 473 2476 544 [ώρᾳ
2510 471 2584 542 μὴ
2618 466 2976 536 καταφεύγειν
3002 463 3078 526 ὡς
3121 461 3213 514 ἰπὶ
3255 457 3448 528 ὀχυρὸν
3500 453 3683 519 τόπον,
3747 455 3873 526 μηδι

691 587 743 639 id
769 592 974 649 tempus
999 579 1266 648 postulare
1296 575 1601 639 videretur;
1652 571 1744 626 sed
1793 577 2003 623 lucrum
2055 569 2228 637 potius

691 672 1055 727 existimarent
1085 668 1283 735 (ngam.
1313 672 1530 733 propter
1557 658 1947 729 impendentem
1978 656 2070 712 Dei
2094 657 2228 710 iram

693 776 800 817 tum
832 760 1029 830 templo
1056 768 1166 810 tum
1200 753 1424 810 civitati.
1472 751 1597 806 Herc
1642 752 1923 820 perspicue
1976 758 2031 802 et
2079 756 2230 802 extra

695 866 911 906 omnem
929 847 1324 916 ambiguitatem
1348 843 1786 898 demonstrabant
1803 853 2019 894 causam
2047 852 2234 906 quam-

694 945 878 998 obrem
924 940 1238 996 hortabatur
1300 936 1367 990 ad
1420 942 1629 989 montes
1693 931 1908 1001 iugere,
1962 943 2135 998 neque
2181 928 2234 982 in

694 1035 886 1104 oppida
921 1031 1120 1086 munita
1149 1025 1364 1081 reverti.
1407 1021 1534 1080 Ideo
1582 1023 1658 1077 ait
1693 1039 1710 1078 :
1742 1021 1808 1075 Et
1849 1020 1938 1088 qul
1986 1018 2041 1074 in
2091 1016 2237 1085 agris

696 1135 839 1189 sunt,
877 1129 1100 1178 caveant
1129 1117 1411 1188 quominus
1454 1112 1587 1168 urbe
1626 1127 1685 1167 ae
1724 1109 2061 1166 concludant.
2095 1111 2237 1162 bunt

695 1213 837 1265 enim
865 1211 923 1270 bi
951 1209 1063 1262 dies
1097 1206 1334 1268 ultionis,
1375 1211 1429 1257 et
1461 1201 1642 1256 omnia
1683 1199 1840 1252 llendi
1870 1212 1989 1268 qua:
2013 1209 2240 1265 praeser-

701 1305 794 1355 tim
846 1302 984 1368 apud
1028 1296 1294 1351 Danielem
1339 1293 1541 1361 scripta
1587 1299 1730 1347 sunt.
1791 1289 1895 1343 Sed
1955 1297 2011 1342 et
2058 1287 2238 1351 mine,

705 1389 940 1447 Vctnnc
961 1386 1322 1446 nutrientibus,
1349 1382 1612 1449 quomodo
1636 1379 1841 1433 exitum
1889 1377 1996 1430 sint
2038 1382 2243 1429 sortttte

700 1482 1184 1550 Hierosolymorum
1205 1477 1543 1531 obsessorum
1568 1479 1824 1536 tempore,
1852 1467 2002 1522 testis
2023 1465 2241 1519 idoneus

701 1586 783 1629 est
831 1573 1041 1627 Flavius
1089 1566 1369 1634 Josephus,
1418 1563 1507 1633 qui
1541 1568 1790 1616 accurate
1835 1568 2044 1627 tempus
2090 1555 2241 1618 illud,

703 1665 822 1735 post
853 1659 1154 1716 Servatoris
1184 1655 1352 1710 nostri
1378 1653 1541 1714 diras,
1561 1648 1918 1711 dcscribit;et
1947 1643 2241 1714 quomodo.

702 1731 1058 1824 prementibus
1089 1747 1342 1803 Romanis
1369 1743 1662 1808 urbemque
1683 1737 2040 1806 capientibus,
2074 1731 2243 1787 maxi-

2329 563 2619 617 σπουδαίαν
2669 558 2918 630 ἡγεῖσθαι
2946 553 3043 624 τὴν
3081 553 3171 606 ἐπὶ
3207 552 3306 620 τὴν
3349 547 3498 600 πόλιν
3529 547 3876 616 ἐπιστροφὴν,

2329 656 2433 710 κᾶν
2471 654 2527 706 αἱ
2576 655 2754 722 χρεῖαι
2792 646 3056 703 καλῶσινο
3089 643 3355 714 ἅρπαγμα
3392 640 3449 692 δὲ
3501 635 3743 692 τίθεσθαι
3786 635 3879 707 τὴν

2330 745 2524 816 φυγὴν,
2553 743 2639 796 διὰ
2662 743 2760 812 τὴν
2787 735 3210 807 ἐπελευσομένην
3230 733 3295 786 ἐκ
3324 731 3455 785 Θεοῦ
3482 729 3649 800 ὀργὴν
3693 725 3775 797 τῷ
3822 741 3880 781 τε

2330 837 2444 907 ναῷ
2466 815 2560 889 καὶ
2583 836 2652 904 τῇ
2685 832 2855 884 πόλει.
2885 827 3070 883 Ταῦτα
3091 824 3200 898 γὰρ
3221 825 3476 894 ἄντικρυς
3497 822 3589 874 καὶ
3615 819 3738 889 δίχα
3782 815 3880 870 τεάν-

2333 906 2431 1000 σης
2462 925 2787 998 ἀμφιϐολίας
2821 915 3202 993 παραστατικά
3229 915 3295 970 ἂν
3333 913 3561 984 εἴη,τῆς
3589 909 3791 971 αἰτίας,
3821 906 3881 962 δι’

2332 1022 2400 1094 ἢν
2446 1017 2838 1090 παρεκελεύετο
2887 1013 3104 1084 φεύγειν
3156 1008 3248 1062 ἐπὶ
3276 1005 3346 1061 τά
3384 1006 3483 1077 δρη
3509 1043 3523 1067 ,
3545 1003 3641 1056 καὶ
3675 1000 3752 1071 μὴ
3776 1001 3885 1052 tam

2335 1109 2584 1180 στρέφειν
2626 1108 2718 1160 ἐπὶ
2747 1106 2847 1168 τὰς
2888 1105 3088 1166 πόλεις.
3119 1101 3209 1154 Διό
3245 1114 3405 1168 φησι·
3446 1097 3555 1150 Καὶ
3590 1096 3641 1148 οἱ
3677 1097 3736 1148 ὲν
3773 1095 3886 1155 ui...-

2336 1201 2572 1273 χώραις,
2615 1199 2688 1269 μὴ
2727 1195 3115 1250 είσελθέτωσαν
3174 1193 3251 1254 είς
3297 1189 3501 1257 αὐτήν·
3558 1188 3641 1238 ὅτι
3689 1185 3887 1255 ἡμέραι

2337 1295 2664 1364 ἐκδικήσεως
2717 1285 2877 1342 αὗταί
2922 1289 3051 1350 εισι,
3091 1282 3184 1336 τοῦ
3225 1278 3572 1350 πληρωθῆναι
3613 1278 3791 1330 πάντα
3826 1273 3888 1326 τά

2338 1362 2692 1452 γεγραμμένα
2730 1379 2788 1430 ὲν
2824 1375 2900 1446 τῷ
2937 1373 3132 1444 Δανιὴλ
3172 1370 3420 1441 μάλιστα,
3472 1366 3631 1419 Ἀλλὰ
3673 1365 3769 1418 καὶ
3804 1362 3890 1428 τὸ,

2344 1474 2487 1526 Οὐαί
2525 1471 2651 1535 ταῖς
2684 1467 3075 1534 θηλαζούσαις
3124 1465 3276 1523 τότε,
3304 1462 3450 1521 ὅπως
3498 1456 3684 1518 τέλους
3737 1455 3890 1524 ἔτυχε

2344 1564 2480 1618 κατὰ
2505 1565 2596 1616 τὸν
2629 1531 2832 1629 ’καιρὸν
2879 1559 2986 1630 τῆς,
3010 1553 3316 1624 πολιορκίας
3357 1553 3464 1604 τῶν
3493 1531 3902 1618 Ἰεροσολύμων,

2342 1655 2523 1717 ἱκανὸς
2551 1650 2920 1706 πιστώσασθαι
2947 1646 3174 1708 Φλάσιος
3203 1644 3491 1714 Ἰώσηπος,
3520 1638 3765 1710 ἀκριϐῶς
3808 1637 3894 1689 τὸν

2345 1747 2483 1819 μετᾶ
2501 1745 2598 1808 τὰς
2620 1744 2754 1814 ἀράς
2783 1740 2878 1794 τοῦ
2903 1740 3148 1809 Σωτῆρος
3162 1736 3316 1805 ἡμῶν
3334 1735 3564 1800 πόλεμον
3588 1731 3892 1800 ἱστορήσας·

703 1820 785 1897 tua
813 1840 1110 1897 ludaeorum
1147 1835 1428 1889 multitudo
1470 1831 1646 1901 gladio
1689 1833 2006 1892 consumpta
2057 1821 2238 1883 fuerit,

2348 1847 2433 1892 ttat
2459 1837 2554 1900 ὡς,
2585 1834 2916 1887 ἐπιστάντων
2952 1827 3233 1899 Ῥωμαίων
3252 1827 3358 1880 καὶ
3375 1824 3473 1896 τὴν
3493 1821 3645 1876 πόλιν
3675 1820 3895 1873 ἑλόντων

704 1933 976 1999 multoque
1005 1929 1185 1998 plures
1211 1928 1349 1978 fame
1392 1936 1552 1989 quam
1587 1918 1732 1973 ferro
1772 1913 2054 1985 perierint.
2099 1910 2241 1976 Quin

701 2023 834 2076 adeo
861 2020 1108 2074 mulieres
1133 2029 1342 2085 quoque
1368 2009 1616 2081 parvulos
1657 2021 1784 2062 suos
1827 2005 1948 2074 igne
1991 2010 2243 2058 assatttcs.

702 2126 881 2166 escam
919 2110 1019 2164 sibi
1046 2107 1114 2161 ob
1137 2116 1428 2160 extremam
1460 2099 1734 2169 penuriam
1775 2094 2037 2149 fecerunt.
2071 2093 2246 2159 Atque

704 2200 819 2252 haec
848 2198 1185 2265 contigerunt
1219 2194 1390 2261 primo
1417 2188 1630 2258 quidem
1668 2185 1766 2240 sub
1795 2184 1915 2237 Tito
1941 2198 2003 2236 ac
2046 2179 2249 2247 Vespa-

702 2289 875 2350 siano,
904 2296 1086 2355 postea
1127 2282 1228 2338 sub
1277 2282 1537 2342 Adriano,
1571 2277 1932 2331 Romanorum
1964 2273 2249 2339 imperato-

705 2378 883 2442 ribus;
913 2391 1014 2446 qua
1041 2384 1195 2428 actate
1230 2372 1576 2426 interdictum
1629 2379 1847 2436 prorsus
1900 2361 2102 2417 ludatis
2151 2357 2254 2412 fuit

704 2467 878 2538 patrio
903 2444 1036 2529 solo,
1073 2471 1127 2517 et
1152 2462 1218 2514 ab
1244 2457 1474 2513 ethnicis
1510 2451 1844 2510 Hierusalem
1891 2447 1993 2502 fuit
2031 2444 2252 2502 concul—

705 2569 846 2623 cata,
907 2558 1040 2610 adeo
1089 2562 1149 2605 ut
1202 2550 1372 2604 nullos
1432 2545 1630 2602 incolas
1670 2545 1818 2598 cives
1866 2541 2088 2596 baberet
2149 2538 2250 2592 nisi

703 2657 987 2702 extraneos
1018 2649 1072 2696 et
1101 2639 1446 2706 alienigenas,
1483 2633 1759 2690 translatis
1788 2630 1911 2684 illuc
1947 2627 2242 2698 inquilinis,

700 2733 1002 2789 incolarum
1047 2715 1282 2803 priorum
1327 2727 1460 2781 loco.
1505 2724 1705 2779 Exinde
1743 2722 1885 2777 enim
1925 2721 2253 2776 circumdata

699 2833 790 2878 est
819 2821 982 2876 armis
1015 2820 1163 2881 urbs.
1194 2828 1354 2885 atque
1393 2815 1550 2883 hujus
1593 2813 1954 2870 sanctuarium
1993 2811 2060 2864 ad
2110 2824 2254 2864 sum-

708 2929 847 2968 mam
877 2911 1218 2966 solitudinem
1251 2907 1519 2961 redactum
1552 2905 1653 2958 fuit
1679 2921 1693 2960 :
1723 2903 1809 2957 illa
1836 2902 2063 2970 denique
2093 2901 2252 2954 deso-

700 3013 924 3069 lationis
945 3011 1288 3075 abominatio,
1317 3023 1473 3079 quam
1502 3006 1683 3062 Daniel
1712 3006 2054 3076 praedixerat,
2083 3005 2256 3058 medio

708 3114 763 3168 in
794 3115 1098 3170 sanctuario
1121 3114 1408 3168 constituta
1447 3111 1574 3175 fuit,
1606 3123 1806 3164 aeneum
1860 3109 1980 3162 dico
2035 3107 2257 3162 victoris

2341 1927 2648 1999 πολιορκίᾳ,
2683 1923 2850 1996 μυρία
2884 1922 2981 1994 μὲν
3010 1920 3184 1991 πλήθη
3212 1917 3306 1972 τοῦ
3338 1914 3603 1970 Ἰουδαίων
3633 1911 3816 1972 ἔθνους
3843 1911 3897 1960 ὲν

2345 2022 2569 2090 στόματι
2603 2018 2868 2088 μαχαίρας
2895 2014 3164 2084 ἀνῃρέθη,
3197 2010 3411 2071 πλείους
3443 2007 3500 2061 δὲ
3529 2004 3657 2059 ’τῶν
3701 2003 3900 2076 ἀνῃρη-

2347 2113 2523 2183 μένων
2548 2111 2625 2180 τῷ
2655 2108 2796 2179 λιμῷ
2826 2106 3185 2175 διεφθάρησαν
3205 2119 3219 2133 ⁸
3257 2101 3356 2172 ἥδη
3387 2099 3443 2152 δὲ
3479 2098 3571 2150 καὶ
3596 2095 3666 2148 τὰ
3697 2094 3898 2148 ἑαυτῶν

2347 2203 2520 2274 βρέφη
2551 2202 2804 2270 γυναῖκες
2855 2197 3156 2266 όπτήσασαι
3205 2191 3357 2261 πυρὶ,
3401 2190 3574 2274 τροφῇ
3613 2185 3899 2256 κέχρηνται

2437 2268 2876 2363 θπερϐάλλουσαν
2911 2288 3132 2341 ἔνδειαν.
3162 2281 3446 2337 Συνέδαινε
3478 2268 3534 2332 δὲ
3571 2276 3744 2330 ταῦτα
3780 2275 3902 2346 πρό-

2345 2400 2502 2454 τερον
2547 2383 2645 2453 μὲν
2678 2380 2818 2434 κατὰ
2854 2378 3010 2432 Τῖτον
3044 2377 3138 2430 καὶ
3170 2369 3600 2427 Οὐεσπασιανόν·
3664 2365 3803 2437 μετὰ
3847 2365 3902 2418 δὲ

2347 2473 2588 2536 τούτους,
2634 2473 2750 2525 κατ’
2802 2469 3091 2538 Ἀδριανδν,
3125 2465 3250 2528 τοὺς
3303 2461 3582 2532 Ῥωμαίων
3636 2457 3903 2526 αὐτοκράο

2348 2580 2530 2628 τορας,
2555 2563 2674 2616 καθ’
2703 2561 2794 2624 οὓς
2821 2559 3017 2622 ᾱὸατος
3048 2557 3147 2628 μὲν
3179 2557 3237 2616 ες
3265 2554 3326 2606 τὸ
3350 2550 3610 2613 παντελὲς
3635 2547 3905 2609 Ἰουδαίοις

2348 2657 2378 2710 δ
2407 2655 2629 2724 πάτριος
2651 2651 2827 2706 αὐτῶν
2856 2649 3089 2718 κατέστη
3121 2648 3302 2708 τόπος,
3335 2644 3521 2712 γέγονε
3546 2641 3606 2694 δὲ
3635 2640 3899 2710 Ἱερουσα·

2349 2747 2462 2820 λὴμ
2491 2744 2799 2815 πατουμένη
2831 2744 2922 2796 ὑπ’
2971 2742 3160 2808 ἐθνῶν,
3187 2740 3262 2802 ὡς
3315 2736 3450 2809 μηδὲ
3498 2734 3716 2802 ἑτέρους
3764 2731 3908 2800 ἔχειν

2348 2840 2638 2908 οἰκήτορας
2665 2834 2883 2897 πολίτας
2914 2833 2946 2902 ἢ
2982 2832 3174 2904 μόνους
3204 2826 3528 2896 ἀλλοφύλους
3565 2822 3659 2877 καὶ
3692 2820 3908 2889 ἀλλογε-

2351 2930 2482 2993 νεῖς,
2517 2925 2777 2996 μετοίκων
2804 2923 2988 2978 αὐτόθι
3013 2919 3457 2976 κατοικισθέντων
3493 2914 3612 2969 ἀντὶ
3638 2912 3747 2966 τῶν
3777 2909 3910 2981 πρό-

2354 3037 2509 3090 τερον
2558 3018 2875 3089 οἰκητόρων.
2932 3015 3021 3081 Ἐξ
3047 3013 3258 3072 ἐκείνου
3290 3011 3347 3063 δὲ
3398 3004 3766 3074 κυκλωθείσης
3805 3000 3910 3055 ὑπὸ

2359 3109 2728 3181 στρατοπέδων
2755 3108 2853 3178 τῆς
2893 3103 3260 3178 Ἰερουσαλὴμ,
3287 3101 3381 3154 καὶ
3407 3098 3536 3152 αὐτὸ
3569 3095 3630 3149 τὸ
3665 3094 3912 3162 άγίασμα

709 3207 1053 3259 simulacrum
1088 3206 1227 3274 quod
1260 3205 1311 3257 in
1361 3203 1534 3256 medio
1582 3199 1779 3268 templo
1807 3198 2110 3251 dedicatqu
2139 3206 2242 3250 est.

2348 3200 2406 3252 τὸ
2433 3200 2492 3253 ὲν
2517 3201 2654 3270 αὐτῇ
2683 3201 2761 3262 είς
2787 3199 2886 3269 τὴν
2913 3195 3144 3265 ἐσχάτην
3166 3191 3502 3264 περιετράπη
3524 3186 3756 3257 ἐρημίαν
3777 3202 3792 3215 ·
3817 3189 3913 3240 καὶ

698 3295 773 3350 τὸ
800 3296 1068 3366 βδέλυγμα
1101 3295 1196 3364 τῆς
1215 3292 1536 3364 ἐρημώσεως
1561 3291 1621 3342 τὸ
1646 3289 1804 3361 ρηθὲν
1830 3287 1915 3340 διὰ
1938 3286 2136 3356 Δανιὴλ
2157 3286 2250 3339 τοῦ
2290 3291 2563 3360 προφήτου
2591 3291 2721 3361 ἔστη
2783 3289 2842 3341 ἐν
2877 3286 2955 3358 τῷ
3015 3285 3334 3356 ἁγιάσματι,
3386 3280 3447 3333 τὸ
3493 3279 3718 3350 χάλκεόν
3769 3294 3914 3348 φημι

711 3392 1072 3459 ἁπεικόνισμα
1124 3383 1217 3439 τοῦ
1285 3379 1631 3453 πολιορκητοῦ
1687 3379 1743 3430 ὲν
1789 3375 1935 3446 αὑτῷ
1978 3377 2127 3448 μέσῳ
2174 3375 2252 3446 τῷ
2294 3380 2420 3452 ἱερῷ
2448 3382 2744 3455 ἱδρυμένον,

778 3485 906 3540 Haec
937 3484 1098 3551 igitur
1131 3493 1160 3532 e
1191 3477 1429 3547 plurimis
1461 3471 1759 3527 adnotanda
1796 3485 1979 3524 curari
2029 3478 2247 3540 propter

709 3576 948 3631 divinum
981 3570 1282 3626 Servatoris
1311 3564 1479 3619 nostri
1513 3562 1821 3616 vaticinium
1857 3561 2120 3627 dicentis,
2165 3559 2252 3614 νω

709 3664 1098 3738 praegnantibus
1121 3671 1171 3715 et
1196 3657 1506 3713 lactantibus
1530 3658 1584 3707 in
1610 3654 1784 3707 diebus
1808 3651 1953 3705 illis!
1982 3651 2086 3706 Sed
2119 3667 2254 3722 quo-

712 3761 856 3812 niam
895 3755 962 3809 ad
986 3764 1210 3808 ceteras
1247 3746 1547 3804 Servatoris
1581 3743 1948 3814 pracdictiones
1977 3743 2089 3797 haec
2118 3757 2251 3810 quo-

714 3863 817 3916 que
855 3843 1065 3900 accedit
1094 3859 1108 3896 :
1143 3840 1254 3894 Erit
1283 3851 1525 3906 pressura
1570 3850 1757 3903 magna
1787 3833 1844 3886 in
1893 3842 2054 3901 terra,
2088 3842 2135 3885 et
2173 3833 2255 3884 ira

715 3951 867 4002 super
889 3931 1076 4002 populo
1111 3931 1240 3993 hoc;
1271 3927 1352 3981 vel
1366 3921 2008 3984 secuudum-Mattbazum,
2037 3922 2256 3974 tribula-

716 4026 842 4078 tatio
869 4021 1161 4092 cujuamodi
1198 4026 1354 4071 antea
1386 4029 1650 4083 nunquam
1684 4012 1781 4080 fuit
1801 4013 1875 4076 “;
1907 4025 2084 4080 opera:
2134 4025 2254 4079 pre-

717 4116 849 4168 tium
886 4121 971 4168 est
1010 4111 1196 4164 audire
1216 4107 1551 4170 historicum,
1583 4104 1674 4172 qui
1708 4117 1863 4157 casus
1893 4102 2012 4156 illos
2040 4101 2116 4155 sic
2144 4100 2258 4154 fere

717 4210 902 4257 narrat
930 4219 942 4254 :
978 4218 997 4253 t
1021 4199 1086 4253 Et
1115 4196 1423 4268 singillatim
1454 4193 1668 4264 quidem
1694 4193 1918 4246 crimina
1943 4191 2141 4245 civium
2172 4204 2258 4244 re-

717 4291 923 4347 censeri
954 4297 1250 4358 nequeunt;
1283 4282 1585 4342 summatim
1603 4295 1727 4336 vero
1760 4281 1953 4344 dicam,
1977 4293 2146 4349 neque
2174 4279 2256 4332 ul-

717 4381 822 4436 lam
848 4380 1033 4434 urbem
1060 4379 1205 4449 paria
1237 4377 1373 4430 mala
1406 4388 1643 4445 passam,
1674 4385 1844 4438 neque
1883 4371 2009 4425 item
2036 4385 2258 4439 genera-
2314 4383 2321 4390 ·

720 4472 915 4525 tionem
943 4468 1102 4521 ullam
1127 4469 1193 4521 ab
1215 4469 1343 4520 orbe
1365 4465 1580 4519 condito
1604 4463 1864 4518 scelerum
1894 4459 2259 4515 fecundiorem

721 4560 1011 4615 exstitisse.
1037 4558 1101 4612 Et
1131 4559 1343 4626 quidem
1370 4556 1554 4610 urbem
1585 4554 1752 4610 Judaai
1797 4552 1898 4621 ipsi
1947 4549 2258 4617 pessumde-

726 4653 939 4713 dernnt,
986 4648 1358 4715 Romanosque
1399 4646 1592 4701 invitos
1640 4646 1812 4699 diram
1856 4639 2134 4696 victoriam
2167 4651 2261 4706 pa-

2426 3477 2534 3547 (79)
2565 3474 2748 3529 Ταῦτα
2780 3473 2878 3544 μὲν
2907 3465 3001 3526 οὖν
3031 3468 3138 3523 άπδ
3173 3466 3379 3538 μυρίων
3423 3462 3642 3516 τέθεικα
3682 3458 3770 3513 διὰ
3813 3459 3915 3528 τὴν

2356 3567 2504 3621 θείαν
2548 3566 2642 3619 τοῦ
2697 3565 2946 3634 Σωτῆρος
2993 3559 3149 3632 ημῶν
3176 3557 3477 3628 πρόρρησιν
3497 3552 3593 3624 τὴν
3623 3554 3872 3620 φήσασαν
3895 3565 3913 3579 ·

2359 3655 2502 3711 οὐαὶ
2529 3655 2598 3708 δὲ
2624 3653 2752 3719 ταῖς
2798 3653 2867 3706 ἐν
2899 3650 3108 3722 γαστρί
3138 3651 3420 3718 exonerate
3448 3644 3546 3698 καὶ
3577 3641 3705 3707 ταῖς
3734 3643 3919 3708 θηλα-

2356 3746 2595 3811 ζούσαις
2618 3745 2688 3799 ἐν
2713 3744 2970 3808 ἐκείναις
2993 3740 3122 3806 ταῖς
3149 3739 3394 3808 ἡμέραις
3411 3754 3424 3767 ·
3454 3733 3647 3788 emtas
3679 3732 3774 3785 καὶ
3799 3729 3918 3784 τοῦ-

2357 3855 2418 3890 το
2443 3839 2562 3900 ταῖς
2617 3834 2948 3907 προρρήσεσι
2993 3829 3087 3885 τοῦ
3135 3829 3384 3900 Σωτῆρος
3447 3826 3780 3896 πρόσκειται,
3831 3820 3915 3884 ca,

2363 3926 2566 3978 Ἔσται
2599 3922 2826 3992 ἀνάγκη
2859 3919 3087 3990 μεγάλη
3122 3918 3219 3971 ἐπὶ
3243 3916 3353 3984 τῆς
3398 3915 3510 3986 m'c
3536 3914 3634 3966 καί
3661 3910 3808 3980 ὀργὴ
3836 3909 3917 3973 τῷ

2358 4013 2486 4080 λαῷ
2513 4014 2697 4076 τούτῳ
2719 4029 2734 4044 °
2760 4012 2794 4084 ἢ
2827 4013 2966 4066 κατὰ
2985 4012 3077 4064 τὸν
3100 4007 3372 4063 Ματθαῖον
3393 4049 3409 4072 ,
3448 4005 3651 4072 θλίψις
3687 4003 3785 4056 οἵα
3819 4002 3916 4055 οὺ-

2360 4105 2568 4158 δέποτε
2591 4103 2850 4174 γέγονεν’
2872 4092 3169 4156 ἐπακοῦσαι
3195 4098 3354 4152 καλὸν
3382 4096 3477 4149 τοῦ
3499 4091 3768 4164 ἱστορικοῦ
3795 4090 3916 4144 τού-

2361 4213 2466 4249 των
2486 4195 2659 4248 αὐτῶν
2689 4194 2756 4247 τὰ
2785 4192 3190 4262 ἀποτελέσματα
3211 4183 3312 4242 ὧδέ
3329 4205 3404 4258 πη
3422 4184 3756 4257 ἱστοροῦντος
3779 4182 3913 4252 (sc)-

2367 4305 2385 4338 ι
2419 4286 2554 4340 Καθ’
2570 4287 2797 4339 ἕκαστον
2815 4286 2911 4355 μὲν
2931 4279 3023 4337 οὖν
3043 4281 3309 4346 ἐπεξιέναι
3336 4280 3432 4350 τὴν
3455 4276 3795 4349 παρανομίαν
3816 4275 3914 4328 αὖ·

2361 4378 2467 4430 τῶν
2491 4416 2506 4440 ,
2557 4377 2842 4430 ἀδύνατονο
2891 4373 3174 4427 συνελόντα
3226 4372 3269 4426 δ’
3300 4371 3503 4432 εἰπεῖν,
3567 4368 3703 4439 μήτε
3760 4365 3914 4418 πόλιν

2362 4465 2524 4533 ἄλλην
2549 4464 2769 4516 τοιαῦτα
2815 4461 3165 4524 πεπονθέναι,
3209 4460 3344 4529 μήτε
3372 4456 3562 4523 γενεάν
3615 4455 3675 4520 ἐξ
3725 4454 3915 4516 αἰῶνος

2363 4554 2635 4622 γεγονέναι
2691 4554 2888 4614 κακίας
2915 4550 3303 4622 γονιμωτέραν.
3336 4547 3443 4618 Τὴν
3474 4546 3573 4618 μὲν
3625 4545 3782 4599 πόλιν
3835 4547 3915 4599 ἁν-

2364 4642 2772 4713 έτρεψαναὺτοὶ
2799 4682 2814 4706 ,
2869 4640 3167 4710 Ῥωμαίους
3223 4639 3279 4691 δὲ
3325 4638 3552 4698 ἄκοντας
3605 4635 3914 4704 ἠνάγκασαν

726 4752 872 4795 trare
896 4746 1206 4809 coegerunt,
1253 4748 1412 4806 atque
1441 4737 1612 4806 ignem
1636 4734 2018 4804 propemodum
2050 4744 2250 4784 moram

2366 4733 2721 4802 ἐπιγραφῆναι
2755 4727 3058 4800 σκυθρωπῷ
3084 4726 3490 4798 κατορθώματι·
3513 4723 3607 4778 καὶ
3632 4724 3793 4794 μόνον
3821 4723 3914 4792 οὐχ

725 4841 827 4884 tem
880 4830 945 4882 ad
1002 4828 1253 4897 templum
1295 4833 1688 4896 pertraxerunt.
1738 4823 1900 4878 Certe
1949 4821 2004 4875 id
2054 4826 2180 4874 dum
2230 4833 2260 4874 e

722 4923 996 4988 superiore
1028 4920 1158 4973 urbe
1188 4919 1571 4971 inﬂammatum
1613 4923 1920 4980 cernerent,
1961 4924 2136 4980 neque
2167 4913 2263 4962 do-

721 5011 936 5064 luerunt
971 5024 1139 5078 neque
1180 5008 1437 5080 lacrymis
1474 5005 1674 5075 dignati
1722 5012 1865 5058 sunt.
1891 5022 1911 5054 )
1944 5003 2120 5071 Atque
2149 5000 2261 5053 btnc

724 5101 1030 5153 acciderunt
1059 5111 1274 5167 propter
1303 5098 1390 5150 illa
1423 5098 1604 5157 verba,
1644 5093 1758 5146 Erit
1805 5093 1940 5159 enim
1988 5087 2260 5141 tribulatio

723 5207 909 5258 magna
934 5205 952 5241 :
978 5193 1029 5243 id
1076 5190 1213 5259 quod
1261 5204 1290 5242 a
1328 5187 1615 5242 Servatore
1644 5185 1976 5250 pradictum,
2014 5188 2134 5248 post
2163 5193 2259 5230 an-

725 5299 848 5334 num
871 5283 1096 5350 denique
1117 5279 1600 5350 quadragesimum,
1624 5274 1947 5343 Vespasiano
1962 5272 2260 5325 Romanum

725 5373 1006 5439 imperium
1049 5381 1284 5434 tenente,
1331 5378 1465 5424 teste
1510 5366 1791 5430 historico,
1843 5376 2030 5432 reapse
2079 5358 2261 5415 conle-

725 5473 866 5515 ctum
896 5473 996 5516 est.

795 5553 838 5583 “
871 5552 1051 5606 Mattb.
1093 5551 1335 5620 xxiv,9.l.

797 5643 906 5710 (79)
941 5643 1072 5696 ΟοιΙ.
1103 5645 1163 5697 Α.
1201 5645 1237 5696 r.
1269 5641 1547 5711 270,5“.
1581 5637 1668 5701 tv,
1697 5638 1787 5711 es.

794 5707 906 5781 (80)
943 5711 1200 5782 losepbus
1225 5711 1358 5766 Bell.
1381 5707 1507 5764 Jun.
1537 5713 1621 5764 lib.
1652 5724 1724 5772 νι,
1755 5707 1842 5760 ll.

2355 4822 2603 4875 εἵλκυσαν
2669 4819 2929 4892 βραδῦνον
2987 4820 3077 4871 ἐπὶ
3110 4818 3200 4871 τὸν
3268 4816 3392 4870 ναὸν
3426 4815 3488 4869 τδ
3535 4813 3675 4885 πῦρ’
3726 4813 3914 4884 ἀμέλει

2355 4912 2636 4983 καιόμενον
2670 4913 2734 4965 ὲκ
2760 4912 2858 4981 τῆς
2882 4910 2995 4964 άνω
3021 4909 3226 4972 πόλεως
3246 4907 3573 4980 ἀφορῶντες.
3597 4905 3720 4959 οὔτε
3744 4905 3912 4976 ῆλγη-

2356 5019 2486 5067 σαν,
2525 5002 2647 5056 οὔτε
2681 5002 3000 5072 ἐδάκρυσαν.
3040 5021 3058 5052 ι
3092 4999 3274 5054 Ταῦτα
3317 4997 3406 5052 διὰ
3449 4983 3532 5061 τὸ,
3563 4998 3767 5049 Ἔσται
3807 4997 3914 5062 γὰρ

2354 5094 2558 5162 θλίψις
2577 5092 2806 5163 μεγάλη
2831 5107 2848 5123 ο
2906 5091 2934 5144 ὃ
2989 5091 3052 5161 δὴ
3080 5090 3174 5144 καὶ
3203 5087 3512 5160 προρρηθὲν
3543 5086 3650 5140 ὑπὸ
3677 5085 3770 5138 τοῦ
3806 5087 3914 5138 Σω-

2339 5181 2540 5254 ’τῆρος,
2573 5184 2983 5255 μεμαρτύρηται
3015 5182 3117 5235 ὑπὸ
3161 5180 3256 5233 τοῦ
3290 5178 3644 5250 συγγραφέως
3671 5178 3789 5247 μεθ’
3821 5178 3915 5229 ὅλα

2363 5273 2455 5344 ἐτη
2502 5275 2901 5345 τεσσαράκοντα
2919 5314 2934 5338 ,
3001 5273 3136 5326 κατὰ.
3192 5271 3287 5340 τὴν
3344 5268 3746 5323 Οὐεσπασιανοῦ
3785 5270 3914 5323 Ῥω·

2366 5365 2537 5434 μαίων
2565 5364 2986 5435 αὑτοκρατορίαν
3017 5363 3301 5436 πληρωθέν
3331 5361 3463 5434 (81).

2429 5631 2539 5700 (81)
2557 5629 2908 5700 Prtecetlentia
2937 5627 3261 5682 adamussim
3283 5631 3409 5680 sunt
3435 5623 3485 5700 in
3511 5620 3733 5699 Syriaca
3753 5616 3915 5672 Τήιοι

2362 5688 2578 5768 planitia.
2609 5698 2740 5754 item
2767 5703 2906 5768 quod
2943 5699 3099 5767 paulo
3140 5706 3260 5765 post
3306 5688 3762 5762 scquitur,ro.61a
3801 5705 3914 5755 συγ-
