4070 6304
938 470 995 524 l'.

263 551 398 613 Εἶτα
431 557 719 629 μεθίστησι
749 561 874 623 τοὺς
904 560 1091 627 λόγους
1117 560 1147 611 ὁ
1176 558 1378 630 Κύριος
1406 558 1499 610 ἐπὶ
1535 557 1624 610 τὸν
1656 557 1756 626 τῆς

194 651 502 715 συντελείας
552 650 761 722 καιρὸν,
790 652 884 705 καί
936 666 1103 721 φησι⁸
1157 651 1267 704 Καὶ
1314 650 1484 704 ἔσται
1541 648 1758 717 σημεῖα

191 739 435 809 δημίῳ
477 740 577 794 καί
632 739 861 809 σελήνη
916 740 1016 794 καί
1071 740 1333 809 ἄστροις.
1382 737 1755 808 Συγηχῦσθαι

190 830 341 885 δοκεῖ
368 831 437 886 τὰ
460 832 560 902 τῆς
586 831 725 905 κατὰ
752 831 850 903 τήν
879 831 1023 899 λέξιν
1049 831 1386 897 ἀκολουθίας,
1437 830 1527 884 διὰ
1570 829 1633 883 τὸ
1678 830 1754 901 μὴ

190 922 499 978 διεστάλθαι
518 923 910 993 ἀφωρισμένως
936 924 1004 977 τά
1030 939 1090 976 τε
1136 924 1264 994 περὶ
1292 923 1395 992 τῆς
1440 922 1756 993 πολιορκίας

192 1012 286 1067 τοῦ
327 1013 492 1066 τόπου
524 1012 837 1084 λελεγμένα,
870 1012 1060 1066 καὶτὰ
1108 1014 1238 1085 περὶ
1284 1014 1382 1083 τῆς
1447 1012 1755 1076 συντελείας

188 1103 284 1157 τοῦ
312 1103 527 1167 αἰῶνος.
556 1106 691 1159 Κατ’
721 1103 1026 1173 οἰκονομίαν
1051 1104 1107 1157 δὲ
1136 1103 1245 1173 ἄρα
1274 1103 1367 1157 τοῦ
1397 1103 1541 1156 θείου
1588 1103 1754 1157 Πνεύ-

193 1211 361 1265 ματος
392 1197 424 1264 ἡ
451 1195 681 1263 ἀσάφεια
722 1196 907 1262 γέγονε
932 1234 946 1259 ,
984 1194 1311 1265 κρύπτοντος
1366 1196 1617 1266 ἐπίτηδες
1656 1197 1753 1266 τῆς

195 1286 302 1341 τῶν
332 1286 539 1341 πολλῶν
563 1285 812 1355 γνώσεως
838 1285 905 1338 τὰ
928 1288 984 1339 ὲν
1018 1286 1349 1357 ἀπορρήτοις
1376 1288 1480 1340 ὑπὸ
1509 1288 1602 1339 τοῦ
1650 1289 1756 1339 Σως

192 1378 359 1448 τῆρος
388 1378 567 1448 μόνοις
609 1380 718 1439 τοίς
774 1376 935 1430 αὑτοῦ
994 1377 1256 1447 μαθηταῖς
1310 1378 1709 1448 παραδεδομένα
1734 1395 1747 1409 ο

188 1468 332 1521 οὕτω
382 1469 556 1520 τοίνυν
604 1464 1155 1535 ἁναγνωσόμεθα,ὼς
1183 1467 1230 1517 εἰ
1284 1464 1421 1536 μετὰ
1469 1466 1753 1536 διαστολῆς

188 1562 373 1631 εἴρητο
426 1558 611 1613 τοῦτον
657 1557 748 1611 τὸν
799 1559 1024 1629 τρόπον·
1069 1559 1202 1628 Περὶ
1255 1558 1355 1627 μὲν
1416 1558 1511 1627 τῆς
1566 1574 1750 1609 συντε-

186 1650 335 1715 λείας
368 1650 464 1704 τοῦ
503 1650 731 1715 αἰῶνος,
772 1648 997 1720 βλέπετε
1051 1648 1123 1719 μή
1160 1665 1245 1711 τις
1297 1649 1439 1718 ὑμᾶς
1476 1648 1747 1719 πλανήσῃ.

189 1740 374 1795 πολλοὶ
422 1739 529 1810 γὰρ
577 1738 881 1793 ἐλεύσονται
930 1738 1021 1791 ἐπὶ
1072 1737 1148 1808 τῷ
1196 1736 1416 1808 ὀνόματί
1470 1754 1597 1807 μου·
1657 1738 1750 1790 καὶ

1524 348 1611 404 DE
1648 346 2106 405 THEOPHANIA.

3315 347 3421 401 654

2593 464 2663 519 X.

1926 556 2064 612 Exin
2096 555 2393 611 oralionem
2422 555 2686 610 convertit
2735 552 2991 608 Servator
3049 552 3115 606 ad
3174 562 3419 621 tempora

1857 647 2362 708 consummationis,
2398 646 2583 716 aitque
2613 664 2625 698 :
2656 644 2726 699 Et
2756 656 2906 699 erunt
2938 646 3091 714 signa
3119 644 3173 697 in
3200 645 3330 707 sole,
3372 654 3421 697 et

1856 739 2002 803 (una,
2053 749 2101 793 et
2138 738 2300 793 stellis
2322 740 2386 792 ".
2418 737 2687 793 Confusus
2726 737 2939 792 videtur
2973 736 3240 791 sermonis
3288 750 3418 788 con-

1858 838 2055 892 textus,
2091 830 2215 897 quia
2265 830 2487 897 praecise
2533 844 2638 882 non
2689 837 2817 883 sunt
2861 828 3139 891 distincta,
3180 841 3301 893 qua:
3352 829 3420 880 de

1856 919 1960 975 loci
1989 919 2303 975 obsessione
2334 919 2609 983 dicuntur,
2635 914 2703 974 ab
2736 919 2801 972 iis
2830 934 2949 987 quae
2978 919 3043 972 de
3070 917 3252 971 szcculi
3287 932 3421 970 con-

1856 1009 2233 1065 summatione.
2275 1009 2530 1064 Prndenti
2564 1018 2741 1064 tamen
2765 1008 2929 1062 divini
2962 1007 3196 1075 Spiritus
3227 1007 3421 1061 volun—

1859 1112 1966 1156 tate
2000 1106 2112 1157 haec
2150 1104 2455 1157 obscuritas
2491 1102 2708 1167 accidit,
2746 1109 2804 1153 ut
2836 1099 3194 1153 multitudinis
3230 1101 3419 1168 cogni—

1858 1192 1988 1245 tioni
2039 1202 2198 1246 caute
2247 1192 2716 1253 subtraherentur,
2752 1203 2873 1257 qua:
2920 1202 3120 1241 arcano
3164 1185 3420 1239 Servatur

1854 1284 1969 1337 suis
2023 1290 2233 1336 tantum
2282 1282 2560 1352 discipulis
2605 1280 3101 1335 commendaverat.
3147 1277 3238 1332 Sic
3286 1293 3420 1347 ergo

1856 1375 2109 1443 legemus,
2146 1374 2300 1443 quasi
2347 1390 2469 1429 cum
2514 1374 2951 1443 interpunctione
2996 1373 3200 1427 dictum
3254 1370 3418 1424 fuerit

1854 1475 1910 1519 ut
1936 1466 2178 1534 sequitur
2205 1482 2220 1519 :
2250 1465 2325 1521 De
2358 1468 2820 1521 consummatione
2854 1474 3035 1519 autem
3081 1463 3281 1527 saeculi,
3316 1478 3412 1516 ca-

1851 1567 2064 1634 vetepe
2105 1558 2227 1626 quis
2271 1571 2367 1613 vos
2406 1557 2673 1627 decipiat;
2710 1557 2861 1611 multi
2908 1556 3052 1612 enim
3086 1557 3139 1610 in
3189 1556 3408 1611 nomine

1852 1662 1971 1703 meo
1997 1640 2241 1714 venient’;
2275 1655 2330 1701 et
2362 1661 2480 1716 quae
2510 1646 2582 1699 ibi
2608 1654 2908 1714 sequuntur
2938 1645 3163 1713 reliqua.
3198 1644 3403 1702 Postre-

1854 1756 1953 1793 mae
1986 1748 2165 1793 autem
2206 1738 2307 1793 loci
2349 1739 2666 1801 obsidionis,
2690 1747 2809 1805 post
2844 1752 3003 1806 quam
3045 1736 3413 1792 restitutionis

183 1830 254 1885 τὰ
278 1830 488 1893 τούτοις
510 1830 775 1900 ἑπόμενα·
808 1828 1021 1901 περὶδὲ
1049 1830 1147 1899 τῆς
1177 1828 1487 1899 πολιορκίας
1517 1826 1611 1880 τοῦ
1660 1829 1747 1880 τό-

1851 1830 1991 1885 nulla
2020 1844 2162 1899 spes,
2186 1829 2289 1884 hoc
2318 1829 2569 1883 indicium
2598 1841 2717 1882 esse
2746 1828 2905 1882 debet
2932 1845 2944 1880 :
2971 1842 3133 1895 quum
3168 1826 3415 1882 videritis

186 1932 288 1970 που
339 1918 439 1987 τῆς
494 1916 749 1987 ὑστάτης,
784 1917 903 1987 μεθ’
950 1918 1014 1987 ἢν
1057 1918 1157 1970 οὐκ
1202 1916 1347 1969 ἔστιν
1396 1914 1549 1980 αὖθις
1593 1918 1753 1971 αὑτὸν

187 2005 768 2077 ἀνοικοδομηθησεσθαι
806 2006 1128 2076 προσδοκᾷν,
1160 2004 1302 2059 τοῦτ’
1327 2006 1469 2076 ἔχειν
1497 2007 1749 2074 ὠφείλετε

182 2098 247 2152 τὸ
283 2100 540 2170 σημεῖον·
570 2099 696 2151 ὅταν
755 2097 904 2167 ῐδητε
930 2096 1297 2169 κυκλουμένην
1325 2098 1429 2150 ὑπὸ
1456 2096 1564 2150 τῶν
1598 2114 1759 2169 στρα-

170 2190 429 2246 τοπέδων
464 2190 562 2263 τὴν
611 2188 959 2263 Ἰερουσαλὴμ
982 2228 999 2253 ,
1038 2190 1161 2244 τότε
1201 2188 1375 2259 γνῶτε
1417 2190 1499 2242 ὅτι
1531 2190 1755 2260 ἤγγικεν

180 2281 219 2353 ἡ
244 2281 527 2353 ιρήμωσις
560 2282 749 2353 αὐτῆς,
779 2283 871 2336 καὶ
895 2282 963 2336 τὰ
994 2282 1202 2344 τούτοις
1223 2280 1492 2335 ἀκόλουθα
1518 2283 1720 2333 ποιεῖτε
1738 2297 1751 2311 ’

181 2374 315 2445 περὶ
339 2360 398 2427 δὲ
421 2374 520 2444 τῆς
552 2374 693 2428 κατὰ
719 2374 819 2445 τὴν
860 2373 1167 2427 συντέλειαν
1196 2372 1289 2426 τοῦ
1326 2372 1522 2436 αἰῶνος
1554 2391 1756 2444 παρου-

1848 1925 2238 1977 circumdatam
2273 1922 2339 1976 ab
2373 1920 2705 1976 exercitibus
2744 1920 3101 1985 Hierusalem,
3140 1927 3269 1972 tunc
3305 1920 3415 1975 sci-

1853 2024 1959 2069 tote
1985 2014 2292 2069 vastitatem
2317 2012 2435 2081 ejus
2465 2013 2688 2075 instare,
2719 2013 2943 2080 ideoque
2969 2027 3087 2080 qua:
3110 2011 3156 2065 ei
3186 2011 3260 2064 rei
3289 2020 3417 2065 sunt

1851 2102 2039 2157 idonea
2072 2100 2250 2157 facite.
2288 2101 2529 2170 Denique
2555 2102 2619 2155 de
2646 2100 2968 2155 Antichristi
2993 2102 3136 2155 circa
3161 2115 3416 2156 consum-

1851 2195 2142 2247 mationem
2170 2192 2349 2247 saeculi
2380 2194 2635 2256 adventu.
2670 2190 2771 2247 hoc
2798 2192 2952 2247 vobis
2979 2193 3067 2245 aio
3093 2209 3104 2245 :
3133 2189 3252 2243 Erit
3292 2199 3417 2243 tunc

1851 2282 2124 2338 tribulatio
2155 2300 2364 2354 magna.
2396 2282 2670 2339 Hactenus
2697 2286 2764 2338 de
2796 2282 2960 2355 hujus
2989 2281 3283 2352 evangelici
3310 2281 3416 2336 loci

1850 2384 2033 2444 putata
2064 2376 2402 2432 confusione.

183 2469 303 2535 σίις
334 2470 428 2524 τοῦ
473 2470 853 2542 ’Δπιχρὶστου,
884 2469 1035 2525 ταῦθ’
1068 2470 1196 2541 ὑμῖν
1226 2469 1611 2539 λέγωοἜσται
1633 2471 1765 2524 τότε
1792 2472 1993 2540 θλίψις
2018 2471 2248 2543 μεγάλη
2266 2488 2281 2502 ο
2327 2471 2495 2527 ταῦτα
2536 2472 2632 2543 μὲν
2675 2470 2803 2543 περὶ
2845 2471 2942 2542 τῆς
2968 2472 3109 2525 κατὰ
3133 2470 3222 2523 τὸν
3252 2468 3418 2522 τόπον

179 2560 541 2635 νομιζομένης
564 2559 891 2632 συγχύσεως.

252 2652 370 2723 (82)
399 2653 606 2718 Ταῦτα,
643 2653 878 2723 συγγενῆ
906 2654 1035 2707 ὄντα
1058 2656 1169 2716 τοῖς
1202 2652 1351 2724 παρὰ
1387 2654 1463 2725 τῷ
1490 2654 1751 2727 Ματθαίῳ

180 2746 242 2799 έν
265 2744 348 2816 τῷ
370 2745 485 2816 ὄρει
520 2744 631 2799 τῶν
660 2745 882 2798 Ἐλαιῶν
911 2745 1045 2816 πρὸς
1084 2744 1208 2807 τοὺς
1252 2744 1580 2809 ἀποστόλους
1622 2747 1751 2815 περί⁸

182 2836 493 2899 συντιλείας
524 2835 994 2906 παραδεδομένους,
1028 2835 1254 2906 φέρεται
1285 2835 1434 2907 παρὰ
1465 2835 1543 2906 τῷ
1567 2838 1749 2909 Δουκᾷ

179 2926 257 2990 ὡς
278 2925 543 2998 εἰρημένα
563 2925 783 2996 πρὸτῆς
812 2925 1017 2979 εἰσόδου
1046 2925 1208 2979 αὐτοῦ
1236 2926 1336 2996 τῆς
1374 2926 1746 2997 Ἰερουσαλὴμ,

180 3015 567 3089 ἑνδιατρίϐοντι
596 3016 794 3087 μεταξῦ
828 3016 1137 3089 Σαμαρείας
1160 3017 1255 3070 καὶ
1292 3016 1598 3081 Γαλιλαίας.
1658 3021 1740 3069 Δι-

178 3064 565 3163 sagina;
578 3064 1745 3179 123;};.JEZQLLJaEQéQZIE'mE,
1777 3064 1822 3124 C

181 3198 502 3263 ιπιστάντος
535 3198 629 3252 τοῦ
658 3199 1041 3271 ’Δντιχρίστου,
1095 3198 1361 3271 διατρέχοι
1420 3201 1577 3271 φήμη
1622 3201 1750 3271 περὶ

180 3289 567 3356 αὐτοῦ,ὠςτοῢ
597 3290 833 3363 Χριστοῦ
863 3291 1136 3361 φανέντος.
1162 3291 1255 3347 Διό
1274 3309 1439 3362 φησι·
1489 3292 1621 3346 Ἐὰν
1651 3292 1749 3345 λέο

181 3397 372 3453 matr
400 3382 563 3451 ὑμῖν,
592 3376 744 3438 Ἰδοὺ
771 3377 908 3447 ὧδε,
930 3384 971 3452 ἢ
1004 3383 1133 3439 ἰδοὺ
1162 3384 1303 3450 ἐκεῖ,
1332 3383 1417 3453 μὴ
1449 3383 1747 3450 ἐξέλθητε,

176 3470 340 3542 μηδέ
394 3472 675 3541 διώξητε·
740 3472 997 3531 ἀδύνατον
1060 3475 1167 3547 γὰρ
1226 3474 1409 3529 λοιπὸν
1463 3474 1554 3528 τὸν
1604 3475 1749 3542 ἅπαξ

180 3564 277 3617 έπὶ
316 3563 420 3635 γῆς
468 3564 703 3634 φανέντα
751 3564 913 3619 πάλιν
959 3564 1021 3619 ἐν
1073 3564 1297 3634 γωνίαις
1344 3566 1450 3636 γῆς
1498 3565 1598 3629 τὰς
1635 3566 1749 3619 δια-

176 3654 376 3727 τριϐὰς
425 3656 770 3727 ποιήσασθαι.
819 3657 883 3710 Εἰ
938 3651 1032 3710 οὖν
1076 3672 1160 3721 τις
1205 3656 1359 3712 ἔσται
1408 3652 1582 3728 ὦδεῆ
1635 3658 1751 3711 ἐκεῖ

178 3745 616 3817 θρυλλούμενος.
684 3747 760 3819 μὴ
827 3746 1121 3823 ἐξέρχησθε
1184 3747 1374 3818 ὑμεῖς.
1456 3748 1593 3820 μηδὲ
1665 3766 1751 3801 πι-

179 3836 414 3908 στεύητε
469 3840 583 3901 τοῖς
646 3836 989 3908 λεγομένοιςο
1054 3837 1211 3901 ἄλλος
1278 3837 1387 3913 γὰρ
1455 3839 1608 3894 ἔσται
1662 3857 1747 3904 τις

174 3920 375 3994 οὖτθς,
428 3930 526 3983 καὶ
580 3928 678 4001 οὐκ
732 3930 765 3983 ὁ
819 3928 1025 4000 ἀληθὴς
1085 3928 1349 3999 Χριστός·
1407 3922 1453 3997 ᾧ
1504 3931 1610 4002 χρὴ
1673 3931 1747 4003 μὴ

177 4018 489 4092 προσέχειν.
527 4018 602 4073 Τὸ
648 4019 755 4091 γὰρ
794 4019 1046 4091 μέγιστον
1098 4022 1320 4090 σημεῖον
1358 4021 1456 4085 τῆς
1493 4022 1748 4094 δευτέρας

176 4109 273 4167 τοῦ
296 4109 551 4180 Σωτῆρος
573 4109 730 4180 ἡμῶν
762 4110 1058 4182 παρουσίας
1083 4112 1158 4173 ὼς
1178 4112 1429 4183 αστραπὴ
1461 4111 1633 4175 ἔσται,
1650 4113 1748 4182 οὐχ

174 4200 345 4273 ὁμοία
374 4203 493 4263 ταῖς
521 4200 741 4264 πολλαῖς
763 4201 854 4255 καί⁵
884 4202 942 4255 ὲν
975 4202 1132 4274 μέρει
1168 4201 1258 4255 τοῦ
1291 4204 1485 4267 παντὸς
1514 4205 1601 4256 ἀεὶ
1623 4220 1749 4272 φαι-

176 4290 452 4364 νομέναις,
498 4290 634 4346 ἀλλὰ
678 4309 760 4354 τις
787 4292 1060 4355 ἰδιάζουσα
1103 4293 1198 4346 καὶ
1229 4291 1373 4364 ξένη,
1430 4293 1523 4346 τὸν
1573 4293 1747 4347 πάντα

1930 2652 2076 2717 Ηωο,
2133 2660 2357 2722 cognata
2407 2652 2512 2706 illis
2560 2652 2874 2723 quaatapud
2922 2652 3228 2708 Mattbreum
3262 2653 3304 2685 ¹³
3360 2652 3415 2707 in

1853 2750 2035 2799 monte
2079 2740 2352 2796 Olivarum
2400 2742 2654 2797 dicuntur
2687 2744 2945 2808 apostolis
2965 2745 3031 2799 de
3070 2745 3251 2797 mundi
3286 2743 3415 2809 line,

1852 2835 1991 2903 apud
2023 2832 2283 2888 Lucam“
2318 2844 2610 2887 narrantur
2643 2849 2744 2888 ceu
2776 2834 2918 2889 dicta
2951 2844 3076 2889 ante
3112 2835 3417 2905 ingressum

1853 2926 1907 2981 in
1939 2927 2128 2983 urbem
2165 2925 2529 2989 Hierusalem,
2568 2936 2815 2980 morante
2855 2925 2979 2981 Jesu
3030 2927 3173 2981 inter
3222 2912 3417 2984 Sama-

1853 3017 1990 3071 riam
2026 3024 2081 3070 et
2129 3014 2426 3071 Galilaeam.
2478 3014 2642 3069 Docet
2687 3026 2866 3069 autem
2918 3016 3003 3073 bis
3054 3017 3253 3083 verbis,
3309 3033 3417 3073 non

1851 3117 2100 3178 oportere
2129 3122 2452 3177 quemquam
2474 3120 2659 3161 errore
2689 3107 2879 3178 abripi,
2905 3109 2948 3163 si
2985 3109 3293 3179 aliquando,
3337 3111 3419 3165 in-

1850 3209 2026 3257 stante
2055 3200 2379 3255 Antichristi
2408 3210 2668 3270 tempore,
2707 3199 2851 3254 fama
2900 3202 2966 3257 de
2996 3216 3060 3256 eo
3091 3212 3418 3272 pervagetur

1851 3292 2003 3361 quasi
2052 3291 2300 3346 Christus
2350 3293 2680 3362 apparuerit.
2736 3293 2939 3347 Idcirco
2988 3293 3061 3346 ait
3103 3310 3115 3346 :
3153 3292 3213 3348 Si
3273 3297 3418 3348 vobis

1850 3382 2100 3448 dixerint,
2135 3380 2267 3438 Ecce
2322 3383 2423 3449 hic,
2480 3394 2527 3437 et
2565 3400 2677 3438 ecce
2736 3383 2865 3449 illic,
2922 3385 3080 3438 nolite
3136 3384 3211 3433 ire
3256 3403 3419 3443 neque

1849 3475 2112 3528 sectamini
2160 3491 2179 3528 :
2234 3475 2565 3543 impossibile
2617 3476 2760 3531 enim
2798 3486 2898 3543 est,
2931 3492 3052 3533 eum
3105 3480 3195 3548 qui
3248 3479 3421 3535 semel

1850 3563 1904 3617 in
1933 3573 2078 3619 terra
2111 3566 2446 3634 apparuerit,
2483 3582 2672 3623 rursus
2702 3569 2755 3621 in
2787 3566 2996 3638 angulis
3037 3578 3198 3623 terrae
3234 3586 3417 3626 moras

1851 3656 2087 3710 trahere.
2125 3657 2181 3711 Si
2212 3672 2341 3728 ergo
2382 3674 2569 3713 rumor
2614 3658 2850 3724 dicatur,
2910 3659 3039 3714 Ecce
3066 3662 3171 3725 hic,
3215 3672 3263 3715 et
3302 3679 3417 3715 ecce

1849 3748 1981 3811 illic,
2003 3762 2166 3805 noute
2189 3764 2282 3805 vos
2306 3750 2407 3815 ire,
2434 3764 2609 3820 neque
2632 3751 2793 3805 dictis
2815 3751 3068 3805 credatis.
3100 3751 3250 3808 Alius
3270 3754 3413 3806 enim

1849 3840 2076 3905 quilibet
2127 3839 2232 3893 erit
2280 3838 2407 3903 iste,
2444 3853 2549 3892 nou
2588 3846 2768 3893 autem
2801 3852 2960 3894 verus
3003 3840 3281 3906 Christus;
3328 3843 3417 3895 cui

1851 3938 2135 3997 propterea
2167 3943 2270 3981 non
2294 3938 2377 3983 est
2400 3929 2811 3983 attendendum.
2836 3927 2971 3983 Nam
2995 3931 3205 4000 signum
3242 3934 3417 3987 maxi-

1851 4032 1994 4071 mum
2026 4017 2250 4071 secundi
2279 4019 2545 4073 adventus
2576 4017 2883 4075 Servatoris
2928 4022 3121 4089 nostri,
3159 4030 3416 4091 tanquam

1849 4109 2026 4177 fulgur
2054 4111 2160 4165 erit
2216 4110 2438 4165 minime
2472 4108 2647 4165 simile
2679 4111 2801 4168 aliis
2828 4115 3013 4169 multis
3057 4115 3109 4169 in
3138 4128 3291 4185 parte
3316 4117 3417 4171 ali-

1848 4216 1953 4270 qua
1985 4203 2166 4255 mundi
2196 4205 2604 4272 apparentibus,
2650 4205 2744 4260 sed
2773 4207 3051 4278 singulare
3085 4224 3148 4264 ac
3176 4210 3416 4279 peregri-

1849 4308 1978 4346 num
2022 4304 2185 4363 atque
2233 4295 2544 4349 universum
2590 4298 2775 4361 orbem
2820 4311 3042 4367 repente
3092 4303 3413 4370 pervadens.

176 4383 387 4455 κόσμον
418 4381 626 4453 ἀθρόως
651 4382 949 4453 πληροῦσα.
978 4383 1066 4436 Διό
1096 4401 1227 4458 φησι
1251 4400 1263 4413 ·
1306 4384 1747 4452 Ἀστράπτουσα

1851 4382 1971 4436 ideo
1998 4384 2130 4436 dicit
2153 4398 2168 4436 :
2192 4383 2487 4439 Coruscam
2510 4387 2573 4440 de
2596 4387 2825 4440 subdiali
2848 4390 3218 4444 in‘subdialem
3248 4394 3416 4459 regio-

175 4474 247 4529 ἐκ
272 4473 385 4542 τῆς
408 4476 506 4528 ὑπ’
532 4476 791 4542 οὐρανὸν
816 4478 902 4541 εἰς
938 4474 1051 4543 τὴν
1081 4478 1180 4531 ὑπ’
1205 4478 1462 4543 οὐρανὸν
1483 4477 1703 4545 λάμπει
1730 4495 1744 4509 ο

176 4566 371 4632 οὕτως
392 4561 505 4621 οὖν
522 4568 710 4632 ἔσται,
744 4567 927 4637 φησιν,
956 4570 990 4621 ό
1030 4567 1161 4633 Υἱὸς
1184 4568 1289 4622 τοῦ
1312 4567 1623 4635 ἀνθρώπου
1647 4568 1744 4621 ἐπὶ

175 4658 486 4726 παρουσίᾳ
562 4659 785 4737 αὐτοῦξ
854 4659 1035 4713 οὐκέτι
1108 4660 1215 4731 γὰρ
1288 4660 1746 4732 περιϐεϐλημένος

178 4750 367 4822 σάρκα
422 4748 662 4820 φθαρτὴν
716 4748 777 4815 ἐξ
834 4751 1058 4820 αἵματος
1110 4752 1204 4805 καὶ
1257 4752 1457 4805 ὀστέων
1522 4769 1742 4819 συγκει-

179 4839 358 4911 μένην
398 4836 509 4907 (85)
548 4838 778 4908 βαδίζει,
815 4839 923 4892 ουδ’
960 4840 1054 4893 ἐπὶ
1102 4840 1206 4903 γῆς
1263 4839 1489 4909 βαδίζων
1535 4836 1626 4894 οῗά
1660 4858 1744 4906 τις

177 4928 364 4992 κοινὸς
427 4928 707 5000 ἄνθρωπος
782 4932 1118 5005 ὀφθήσεται,
1187 4930 1302 4986 ἀλλ’
1373 4931 1406 4991 ἢ
1480 4933 1748 5004 ἐκλάμψει

177 5018 303 5081 ὅλος
362 5017 432 5071 δι’
479 5018 599 5071 ὅλου
623 5058 639 5085 ,
689 5018 752 5072 τὸ
798 5020 912 5088 φῶς
960 5021 1060 5092 ,τῆς
1112 5020 1274 5075 αὑτοῦ
1333 5020 1583 5090 θεότητος
1636 5024 1749 5081 τοῖς

179 5108 322 5163 πᾶσι
386 5105 629 5171 δεικνὺς,
690 5107 785 5162 ἆτε
843 5108 1003 5171 αὐτὸς
1063 5107 1138 5161 ὣν
1185 5108 1245 5161 τὸ
1301 5108 1534 5177 φωτίζον
1572 5110 1748 5163 πάντα

179 5197 469 5270 ἄνθρωπον
524 5196 811 5269 ἐρχόμενον
867 5199 949 5261 εἰς
999 5197 1091 5252 τὸν
1141 5199 1362 5269 κόσμον.
1414 5198 1598 5263 Οὕτως
1652 5196 1747 5255 οὖν

185 5313 382 5368 "Luc.
424 5328 537 5377 ut,
573 5314 663 5367 25.
740 5314 785 5346 ¹⁸
827 5314 1170 5376 Mattluxtv,
1203 5315 1256 5368 5.
1299 5315 1342 5346 ι’
1370 5314 1505 5369 Luc.
1538 5331 1671 5380 xvn,
1702 5317 1793 5375 23.

181 5409 343 5490 τενῆ,
373 5417 503 5488 etc..
535 5409 847 5489 nominatim
874 5409 1067 5490 dicitur
1093 5410 1144 5463 in
1168 5410 1353 5463 codice
1470 5409 1508 5462 ί.
1535 5410 1659 5475 255,
1686 5412 1744 5492 b,

184 5497 250 5555 ex
286 5479 503 5555 busebn
530 5476 873 5555 Theophane
906 5479 1041 5555 libro
1070 5489 1285 5547 quarto.
1313 5479 1415 5546 QUI
1444 5489 1620 5555 autem
1643 5482 1745 5555 lue

187 5550 696 5618 interiacettractus
713 5544 831 5600 εἶτα
852 5544 1158 5618 μεθίστησι,
1180 5557 1283 5603 etc.
1297 5588 1311 5612 ,
1329 5544 1451 5602 cum
1476 5549 1527 5602 in
1558 5550 1744 5604 codice

184 5618 254 5673 Α.
306 5616 342 5669 ί.
388 5614 520 5685 2⁵10,
570 5618 789 5673 omnino
825 5614 1181 5672 connectatur
1230 5631 1352 5672 cum
1404 5619 1743 5685 praecedente

186 5684 803 5757 πληριώέν,εἱόοιικιυε
834 5686 1062 5741 Eusebio
1108 5684 1453 5750 inscribatur,
1489 5688 1743 5755 nullaque

188 5755 589 5826 intercapedine
611 5755 943 5826 sejungatur,
988 5770 1212 5827 prorsus
1237 5770 1267 5813 λ
1316 5758 1471 5816 nobis
1499 5757 1587 5815 bic
1613 5760 1739 5828 poni

1852 4490 1988 4527 nent.
2026 4472 2115 4528 Sic
2141 4477 2258 4538 erit,
2285 4476 2478 4545 inquit,
2506 4475 2679 4530 Filius
2706 4479 2931 4532 hominis
2958 4481 3011 4533 in
3043 4482 3267 4535 adventu
3294 4500 3414 4540 suo.

1851 4564 2063 4619 Etenim
2111 4565 2252 4620 haud
2299 4567 2414 4636 jam
2460 4569 2801 4637 corruptibili
2860 4584 3023 4625 carne
3072 4572 3311 4641 indutus,
3362 4588 3417 4630 et

1850 4657 2111 4726 sanguine
2139 4660 2459 4728 ossibusque
2488 4670 2807 4729 compactus
2841 4664 3117 4731 procedet,
3150 4680 3329 4735 neque
3361 4668 3414 4722 in

1850 4756 1994 4802 terra
2030 4749 2313 4803 ambulans
2344 4764 2494 4805 more
2521 4753 2827 4809 communis
2858 4754 3097 4811 hominis
3122 4760 3421 4829 conspicies

1853 4846 1959 4903 tur,
1991 4840 2083 4894 sed
2112 4841 2420 4896 coruscabit
2454 4848 2598 4897 totus
2624 4858 2720 4912 per
2745 4850 2936 4912 totum,
2962 4845 3265 4902 divinitatis
3304 4864 3417 4905 suae

1851 4931 2030 4987 lumen
2074 4936 2285 4989 cunctis
2325 4938 2638 5001 ostendens,
2672 4951 2837 5004 quum
2874 4940 2945 4994 sit
2994 4941 3110 5011 ipse
3143 4942 3236 5011 qui
3292 4944 3416 4998 illu-

1851 5021 2019 5074 minat
2048 5036 2263 5076 omnem
2316 5023 2587 5078 hominem
2620 5024 2921 5080 venientem
2968 5026 3025 5080 in
3078 5028 3223 5082 hunc
3261 5045 3416 5083 mun~

1850 5109 2000 5166 dum.
2024 5111 2114 5166 Sic
2134 5112 2358 5183 itaquea
2382 5115 2536 5170 nobis
2561 5129 2621 5171 se
2658 5130 2781 5172 esse
2800 5118 3218 5187 exspectandum
3237 5120 3412 5175 docet.

1849 5201 2002 5266 Quod
2037 5203 2083 5258 si
2115 5204 2166 5258 in
2205 5214 2349 5260 terra
2386 5207 2571 5263 dicant
2603 5208 2857 5280 aliquem,
2894 5209 2983 5265 vel
3032 5210 3196 5266 fando
3226 5212 3416 5266 audia—

1843 5409 2050 5490 debnit,
2080 5409 2195 5490 sive
2237 5426 2427 5490 reapse
2475 5413 2543 5468 ad
2585 5413 2973 5490 Theophaniam
3016 5415 3307 5487 pertineat,
3351 5425 3412 5472 ut

1843 5482 2073 5540 videtur,
2101 5482 2215 5533 sive
2246 5483 2313 5533 ad
2339 5486 2812 5537 commentarium.

1910 5550 2024 5689 23;)
2049 5549 2185 5603 Cod.
2204 5551 2271 5603 A.
2297 5550 2339 5604 l'.
2364 5551 2490 5606 253.
2522 5552 2574 5607 b.
2601 5554 2725 5633 Syr.
2762 5552 2849 5617 IV,
2877 5553 2969 5634 35.

2006 5632 2047 5689 λ
2068 5618 2179 5673 Hoc
2242 5620 2473 5676 refertur
2525 5623 2589 5676 ad
2647 5624 2969 5689 incorrupth

1933 5618 2179 5689 85}7Hoc
2242 5620 2473 5676 refertur
2525 5623 2589 5676 ad
2643 5618 3241 5689 incorruptibilitatem;
3304 5640 3412 5680 non

1838 5688 1980 5757 quad
2014 5688 2278 5747 Eusebius
2315 5700 2469 5761 neget
2490 5691 2691 5749 Christi
2715 5688 2934 5748 carnem
2958 5694 3013 5748 in
3042 5688 3280 5752 secundo
3311 5698 3410 5751 ad.

1840 5767 2025 5817 ventu.
