4070 6304
150 329 262 391 663
1480 324 1570 380 DE
1608 323 1743 380 τΙΙΕ

1831 322 2070 381 ἨΔΝΙᾹ.
3282 318 3388 376 666

153 454 557 525 ηθηδῦνοντες.
588 452 771 525 Ταύτῃ
796 468 876 504 τοι
905 450 997 504 καὶ
1028 448 1268 519 Μωῦσῆς
1294 448 1601 519 ἐνομοθέτει
1637 446 1728 503 διὰ

1831 458 1880 506 et
1914 449 2123 521 Moyses
2174 442 2290 521 lege
2324 445 2604 506 sanciebat
2655 454 2715 501 ut
2766 442 2923 514 quasi
2955 443 3255 517 symbolum
3305 444 3389 500 sal

154 540 434 616 ωμδόλων
460 544 586 607 τοὺς
614 542 747 605 ἃλας
770 538 1097 611 προσφέρειν
1121 533 1204 606 τῷ
1223 533 1367 604 Θεῷ,
1398 528 1499 588 ὧδέ
1538 551 1610 606 πη
1637 534 1717 588 λέ-

1831 542 1931 598 Dee
1959 540 2267 606 oderretur,
2319 542 2399 597 sic
2447 541 2635 597 dicens
2666 556 2679 593 :
2718 534 2786 590 Et
2826 552 2975 591 omne
3012 546 3204 593 mium
3227 537 3391 591 sacri-

154 651 268 705 των
290 653 305 667 ο
350 634 455 689 Καὶ
490 631 613 687 πᾶν
646 631 838 699 δῶρον
869 628 1086 694 θυσίας
1121 624 1288 695 ὑμῶν
1329 625 1429 679 ἁλί
1469 624 1718 692 ἁλισθή-

1831 634 1925 688 licii
1958 632 2110 689 vestri
2150 633 2261 687 sale
2289 632 2582 687 condictur.
2642 629 2708 685 Et
2748 628 2841 683 ille’
2867 628 3085 699 quidem
3118 626 3390 683 sensibili-

155 744 355 784 σεται·
384 727 495 783 ἀλλ’
524 727 672 797 ὅμως
702 724 769 778 δι’
794 719 1063 793 αἰσθητῶν
1090 717 1357 789 σωμάτων
1377 716 1527 771 ταῦτῒ
1548 717 1721 769 ἐπιτε-

1831 724 1919 779 bus
1967 722 2285 792 corporibus
2322 722 2437 777 haec
2483 720 2600 775 fieri
2639 716 2955 773 mandabat.
3014 717 3084 772 At
3122 730 3385 771 novarum

160 820 272 876 λετν
303 816 625 889 ἐνομοθέτει.
669 816 727 869 ’0
767 814 824 868 δέ
866 812 973 866 τῶν
1006 808 1209 864 καινῶν
1245 807 1507 878 αὐθέντης
1542 807 1720 878 νόμιον

1831 820 2009 871 luctor
2052 815 2229 885 legum
2274 812 2384 868 sale
2422 812 2580 867 nobis
2610 808 2860 865 homines
2901 805 3013 864 Deo
3058 822 3215 863 caros
3260 822 3387 879 per-

157 912 286 973 τοὺς
323 908 454 972 ἀλας
497 909 629 979 ἡμίν
671 906 796 969 τοὺς
840 901 1103 971 θεοφιλεῖς
1148 900 1439 971 διαρρήδην
1489 898 1718 963 ἐδείκνυ,

1831 907 2006 978 spicue
2032 906 2252 961 denotat
2278 905 2346 971 ³⁵,
2391 904 2491 959 hos
2520 902 2921 957 mandatorum
2948 914 3172 956 suorum
3197 900 3390 955 obser-

154 1000 377 1062 τούτους
402 995 540 1051 εἶναι
560 995 825 1070 παριστὰς
846 995 973 1056 τοὺς
996 992 1238 1061 φύλακας
1254 990 1364 1044 τῶν
1388 989 1552 1044 αὑτοῦ
1581 1006 1721 1062 παρ-

1831 1006 2036 1053 ratores
2075 1010 2196 1051 esse
2242 992 2535 1051 aﬂlrmans.
2574 991 2782 1060 Quibus
2823 989 2989 1046 etiam
3022 989 3244 1046 aiebat:
3284 987 3388 1044 Vos

156 1090 514 1162 ἀγγελμάτων
538 1106 553 1121 ·
608 1083 693 1151 οἷς
718 1087 815 1141 καὶ
842 1088 923 1149 si;
959 1084 1249 1156 πρόσωπον
1281 1081 1488 1151 ἔλεγεν
1525 1076 1720 1152 Ὑμεῖς
1819 1090 1943 1145 ειη.
1972 1088 2052 1144 ,αι
2078 1098 2231 1143 una
2261 1087 2333 1143 ³³,

156 1182 301 1238 ⁴Ινα·ιό
335 1182 403 1238 τὸ
430 1181 584 1249 ἅλας
613 1178 723 1250 τῆς
748 1176 879 1250 τῆς·

225 1404 367 1475 Φησὶ
392 1402 500 1476 γάρ
517 1418 532 1435 ο
564 1401 709 1467 Πᾶς,
733 1400 801 1466 ὃς
838 1399 915 1452 ἂν
934 1397 1281 1467 ὁμολογήσῃ
1308 1394 1378 1447 ἐν
1400 1392 1550 1464 ἐμοὶ,
1584 1394 1725 1462 ὁμο-

156 1490 832 1562 λοτηθήσετατὲνιίηιον
858 1485 976 1540 τῶν
1015 1484 1301 1555 ἀγγέλων.
1337 1484 1424 1547 Ὠς
1476 1480 1585 1554 γάρ
1632 1478 1725 1532 ἐπὶ

155 1581 443 1654 ἡγεμόνων
465 1581 560 1634 καὶ
588 1579 869 1650 βασιλέων,
898 1578 928 1631 ὁ
963 1574 1065 1647 τῆς
1104 1574 1244 1645 ἐμῆς
1287 1572 1559 1644 βασιλείας
1589 1572 1724 1643 γνή-

160 1688 271 1735 σιος
298 1670 631 1742 στρατιώτης
650 1664 1215 1738 ττεπαρῤησιασμᾶνως
1230 1661 1328 1733 τὴν
1346 1663 1425 1727 εἰς
1450 1661 1550 1733 ἐμὲ
1570 1663 1727 1732 ποιή-

2548 1260 2665 1318 ιν.

1889 1397 1984 1452 Ait
2036 1396 2218 1451 enim:
2273 1394 2583 1465 Quicunque
2623 1394 2897 1462 confessus
2950 1393 3112 1461 fuerit
3158 1392 3224 1447 de
3269 1408 3390 1458 nte,

1825 1489 2082 1557 confessio
2124 1489 2188 1542 de
2228 1505 2288 1543 eo
2329 1488 2420 1557 ﬁet
2469 1503 2649 1542 coram
2700 1486 2901 1555 angelis
2926 1485 2993 1539 ⁸⁸.
3037 1484 3197 1540 Sicut
3240 1484 3388 1539 enim

1825 1578 1967 1647 apud
2009 1577 2173 1633 duces
2208 1590 2472 1647 regesque
2514 1575 2609 1643 lit,
2651 1575 2741 1631 ille
2783 1574 2877 1645 qui
2918 1574 3023 1629 mei
3063 1572 3222 1643 regni
3256 1572 3391 1628 lide-

1824 1668 1891 1722 lis
1922 1668 2075 1723 miles
2106 1667 2445 1723 confidenter
2484 1666 2552 1721 de
2600 1681 2687 1721 me
2731 1664 3126 1722 confessionem
3178 1663 3391 1727 fecerit,

162 1775 315 1812 σεται
352 1757 662 1829 ὁμολογίαν,
704 1756 844 1810 οὕτω
890 1754 1046 1823 κάγὼ
1087 1753 1178 1807 τὸν
1226 1753 1463 1807 τοιοῦτον
1500 1751 1723 1824 ἀμειϐό-

1831 1758 1971 1812 hunc
1995 1773 2096 1826 ego
2128 1758 2363 1813 vicissim
2400 1770 2779 1821 remunerans,
2808 1757 2959 1827 regni
2987 1756 3091 1810 mei
3125 1762 3389 1824 tempore,

164 1867 322 1920 μενος
352 1848 494 1903 κατά
523 1848 614 1903 τὸν
658 1848 759 1918 τῆς
804 1849 945 1921 ἐμῆς
972 1847 1248 1916 βασιλείας
1277 1845 1485 1918 καιρὸν,
1517 1844 1727 1917 μάρτυς

1831 1850 1979 1904 testis
1999 1850 2048 1904 ei
2093 1850 2256 1904 adero
2287 1848 2551 1919 religiosae
2581 1847 2994 1912 confessionis;
3027 1861 3237 1916 pugnas
3264 1860 3393 1914 per-

158 1941 309 2013 αὑτῷ
339 1942 757 2013 παραστήσομαι
812 1939 911 2010 τῆς
964 1936 1222 2001 εὐσεϐοῦς
1269 1935 1582 2007 ὁμολογίας,
1625 1933 1728 1997 τὰς

1831 1951 1999 2005 actas,
2050 1939 2214 1993 animi
2262 1938 2634 2003 alacritatem,
2703 1937 3043 2007 patientiam,
3094 1935 3391 2006 perfectam

159 2033 457 2097 ἐνστάσεις,
514 2031 608 2085 καὶ
648 2030 744 2103 τὴν
787 2030 1118 2101 παρρησίαν,
1172 2029 1265 2083 καὶ
1301 2026 1399 2098 τὴν
1430 2023 1724 2096 ὑπομονὴν,

1831 2044 1952 2099 erga
1994 2029 2161 2084 Deum
2204 2030 2543 2093 cbaritatem,
2586 2039 2637 2082 et
2668 2028 2870 2098 reliqua
2902 2029 3009 2083 Deo
3034 2028 3241 2082 devota:
3274 2026 3395 2098 ejus

160 2123 254 2177 xui.
274 2122 337 2177 τδ
363 2121 565 2176 τέλειον
582 2119 681 2190 τῆς
704 2120 840 2191 πρὸς
854 2118 985 2173 Θεὸν
1007 2119 1246 2188 ἀγάπης,
1276 2116 1401 2180 τούς
1427 2133 1485 2169 τε
1508 2115 1727 2178 λοιποὺς

1831 2121 2031 2176 militiae
2074 2121 2377 2176 certamina
2432 2128 2785 2188 computans,
2837 2120 2998 2188 eique
3041 2120 3394 2188 patrocinans

160 2213 357 2276 ιθλους
380 2212 479 2282 τῆς
513 2208 759 2281 φιλοθέου
784 2209 1071 2280 στρατείας
1095 2207 1259 2262 αὐτοῦ
1288 2204 1728 2278 καταριθμούμε-

1831 2210 1966 2279 apud
2016 2209 2227 2263 Patrem
2277 2222 2453 2263 meum
2510 2208 2601 2277 qui
2648 2208 2701 2262 in
2746 2208 2903 2263 ctelis
2946 2218 3049 2263 est.
3108 2206 3262 2262 Hanc
3309 2222 3395 2261 re-

159 2321 270 2368 νος,
300 2303 401 2357 καὶ
442 2302 541 2372 τὴν
588 2299 728 2371 ὑπὲρ
772 2298 939 2353 αὑτοῦ
999 2296 1323 2371 συνηγορίαν
1370 2296 1728 2367 ποιησόμενος

1831 2300 2174 2355 tributionem
2199 2300 2310 2367 jam
2350 2314 2494 2355 nunc
2538 2298 2780 2368 spondeo
2822 2314 2910 2355 me
2954 2298 3207 2354 daturum
3258 2312 3393 2354 wu-

158 2394 248 2446 ἐπὶ
271 2391 368 2447 τοῦ
398 2391 609 2463 Πατρός
636 2408 734 2460 μου
756 2388 852 2442 τοῦ
883 2392 940 2442 ἐν
956 2390 1202 2460 οὐρανοῖς
1218 2406 1232 2421 ο
1253 2387 1451 2458 ταύτην
1494 2384 1728 2460 ἀμοιϐὴν

1831 2391 2124 2447 fessoribus
2169 2391 2504 2460 testibusque
2574 2390 2754 2456 meis,
2808 2389 2898 2458 qui
2950 2404 3134 2444 coram
3183 2390 3395 2445 cunctis

158 2481 407 2536 ἐντεῦθεν
432 2481 534 2552 ἤδη
572 2479 826 2551 παρέξειν
858 2478 1258 2549 ἐπαγγέλλομαι
1288 2480 1398 2541 τοῖς
1421 2479 1572 2549 ἐμοῖς
1599 2479 1728 2545 ὁμο-

1831 2482 2137 2538 hominibus
2191 2482 2531 2538 conﬁdenter
2590 2497 2769 2538 meum
2827 2481 3245 2552 pmdicaverint
3311 2496 3396 2535 re-

159 2572 418 2643 λαγηταῖς
464 2572 557 2624 καὶ
603 2570 835 2640 μάρτυσι
888 2570 1000 2632 τοῖς
1054 2568 1146 2620 ἐπὶ
1178 2567 1392 2621 πάντων
1432 2564 1728 2637 ἀνθρώπιον

1831 2589 2014 2643 gnum.
2059 2573 2197 2639 Quid
2242 2589 2409 2644 porro
2458 2573 2669 2629 beatius
2724 2573 2827 2628 hac
2872 2572 3231 2642 promissione
3275 2570 3393 2627 ﬁeri

158 2658 731 2733 πιπαῤῥησιασμὲνως
794 2659 898 2729 τὴν
959 2658 1098 2729 ἐμὴν
1155 2656 1528 2727 ἀνακηρύξασι
1577 2654 1728 2726 βασις

1831 2661 2048 2731 potest?
2086 2661 2225 2727 Quid
2273 2663 2464 2719 melius
2490 2664 2568 2718 vel
2598 2662 2909 2733 gloriosius,
2947 2675 3111 2733 quam
3150 2670 3279 2716 ante
3308 2661 3389 2716 di

157 2752 327 2807 λείαν.
356 2752 467 2804 Καὶ
489 2750 543 2802 τί
572 2749 618 2803 δ’
651 2748 717 2802 ἂν
743 2748 953 2817 γένοιτο
983 2747 1391 2819 μακαριώτερον
1422 2747 1522 2817 τῆς
1549 2744 1730 2800 τοιαύ-

1831 2752 2012 2805 vinum
2052 2752 2288 2807 tribunal
2318 2754 2655 2824 unigenitum
2686 2752 2864 2824 ipsum
2906 2753 3002 2808 Dei
3037 2751 3397 2825 Verbumfa-

156 2858 257 2913 της
276 2840 639 2909 ἐπαγγελίαςς
687 2839 751 2893 Τί
779 2839 823 2891 δ’
863 2838 931 2892 ἂν
972 2840 1218 2910 κρεῖττον
1259 2838 1353 2891 καὶ
1398 2837 1732 2908 ἐνδοξότερον

1831 2842 2073 2897 ciendam
2126 2842 2403 2912 suscipere
2444 2844 2512 2899 de
2546 2842 2705 2899 nobis
2746 2843 3191 2899 confessionem?
3233 2853 3396 2913 atque

158 2932 252 2986 τοῦ
278 2932 387 3003 πρὸ
417 2930 510 2985 τοῦ
542 2929 685 2983 θείου
726 2928 967 3000 βήματος
991 2927 1151 2982 αὐτὸν
1195 2928 1286 2981 τὸν
1328 2930 1590 2999 μονογενῆ
1633 2928 1728 2982 τοῦ

1831 2932 1964 2987 adeo
1998 2947 2165 3003 opere
2202 2933 2482 3002 pmmium
2527 2934 2702 2989 nostri
2747 2934 2814 2990 de
2856 2949 2922 2989 eo
2964 2934 3259 2989 testimonii
3299 2948 3397 2988 ex-

160 3023 293 3076 θιοῦ
324 3022 498 3090 Λόγον
530 3018 885 3086 ἀναδέξασθαι
907 3020 1007 3090 τὴν
1052 3018 1191 3091 ὺπέρ
1224 3018 1381 3089 ημῶν
1408 3019 1729 3089 ὁμολογίαν;

1831 3019 2034 3087 bibere,
2064 3022 2191 3077 dum
2229 3023 2283 3077 in
2320 3022 2438 3091 ipsa
2480 3025 2638 3078 testis
2677 3024 2759 3077 sui
2794 3023 2973 3077 anima
3014 3033 3290 3088 versatur,
3329 3038 3397 3079 ac

163 3114 306 3185 ιργῳ
329 3130 392 3166 τε
414 3112 513 3182 τῆς
546 3111 849 3183 μαρτυρίας
875 3110 975 3181 τὴν
1012 3109 1247 3180 ἀμοιϐὴν
1283 3110 1639 3175 ἐνδείξασθαι,
1672 3114 1731 3165 ἐν

1831 3112 1995 3166 veluti
2046 3112 2099 3166 in
2144 3123 2335 3167 sancto
2374 3113 2573 3181 templo
2612 3114 2664 3167 in
2699 3114 2887 3168 eadem
2932 3114 3184 3169 habitat?
3230 3114 3398 3185 Atqui

164 3205 297 3275 αὐτῇ
336 3203 483 3274 ψυχῇ
532 3202 627 3257 τοῦ
679 3202 1121 3275 μαρτυρουμένου
1150 3202 1457 3273 γενόμενον,
1503 3202 1594 3256 καὶ
1622 3202 1732 3259 ῶσ-

166 3311 269 3366 περ
293 3296 352 3346 ἐν
386 3294 527 3364 ἀγίῳ
564 3292 677 3362 ναῷ
716 3293 775 3346 ἐν
802 3289 949 3361 αὐτῷ
992 3292 1425 3363 κατοικήσοντας
1470 3290 1641 3346 Τοῦτο
1687 3292 1733 3345 δ’

164 3383 255 3441 οὖν
294 3385 647 3456 ἐπήγγελται,
672 3383 738 3437 οὐ
789 3382 1079 3455 παρέργως
1130 3383 1319 3437 είπών·
1353 3381 1732 3453 ὀμολογήσω

165 3476 322 3546 κάγὼ
352 3477 424 3529 ἐν
448 3473 631 3539 αὐτῷ·
660 3474 723 3527 οὐ
748 3472 856 3547 γὰρ
894 3471 999 3537 ἐξω
1024 3490 1125 3531 που
1149 3473 1431 3544 τυγχάνων
1458 3472 1550 3526 τοῦ
1592 3490 1731 3544 μαρ-

166 3566 521 3637 τυρουμένου,
555 3565 667 3619 ἀλλ’
700 3567 757 3619 ἐν
786 3566 934 3637 αὐτῷ
961 3565 1218 3630 κατοικῶ,
1251 3565 1344 3618 καὶ
1371 3564 1469 3634 τῆς
1487 3564 1734 3634 θεότητος

166 3658 325 3711 αὑτὸν
358 3656 584 3727 πληρῶν
604 3655 705 3727 τῆς
727 3657 890 3728 ἐμῆς,
919 3657 987 3710 δι’
1017 3656 1185 3732 αὐτῆς
1212 3655 1311 3726 τῆς
1333 3656 1609 3727 ἐνεργείας
1636 3652 1733 3725 τὴν

167 3750 224 3805 ἐν
248 3749 401 3821 αὐτῷ
436 3748 729 3819 ποιήσομαι
756 3747 1065 3818 ὁμολογίαν.

234 3883 384 3954 Πλὴν
434 3879 745 3953 ἐπιρρώσας
780 3881 975 3944 αὐτοὺς
1004 3880 1215 3934 ἐλπίσιν
1244 3878 1473 3947 ἀγαθαῖς
1502 3878 1590 3932 διὰ
1636 3879 1735 3951 τῆς

164 3973 430 4043 τοσαύτης
450 3972 801 4040 ἐπαγγελίας.
838 3971 1151 4042 ἐπιστρέφει
1190 3971 1351 4041 πάλιν
1377 3972 1503 4035 τοὺς
1537 3972 1734 4036 αὐτοὺς

165 4060 231 4121 δι’
266 4060 497 4131 ἀπειλῆς
544 4058 920 4130 φοϐερωτέρας
947 4058 1230 4127 ἐπιλέγων,
1265 4060 1367 4123 ὅτι,
1405 4060 1514 4113 Τὸν
1554 4061 1736 4127 ἀρνη-

168 4150 435 4220 σάμενον
484 4149 921 4218 ἀπαρνήσομαι.
952 4149 1289 4216 ’Δναγκαίως
1326 4148 1381 4200 δὲ
1414 4149 1505 4201 καὶ
1532 4149 1735 4220 ταύτην

1832 3202 1937 3259 hoc
1978 3204 2265 3271 promisit,
2326 3204 2468 3259 baud
2515 3219 2646 3259 casu
2709 3205 2942 3260 dicens:
2992 3205 3296 3274 Conﬁtebo‘r
3345 3218 3394 3261 et

1830 3310 1926 3363 ego
1966 3310 2103 3349 eum.
2145 3294 2261 3350 Non
2311 3296 2457 3351 enim
2514 3298 2752 3366 alicubi,
2806 3309 2957 3352 extra
2998 3314 3123 3353 eum
3176 3299 3246 3354 de
3289 3313 3398 3368 quo

1832 3383 2116 3450 conﬁteor,
2138 3401 2279 3453 sum,
2348 3386 2445 3441 sed
2503 3387 2556 3441 in
2619 3388 2737 3459 ipso
2781 3388 3010 3454 habito,
3058 3397 3220 3459 atque
3270 3404 3394 3444 eum

1832 3474 2029 3528 deitate
2050 3489 2167 3528 mea
2197 3475 2491 3544 complens,
2523 3491 2621 3547 per
2649 3476 2821 3546 ipsam
2852 3475 3171 3542 elﬁcaciam,
3203 3490 3310 3546 qua
3340 3476 3395 3530 iu

1832 3563 1924 3619 illo
1950 3579 2164 3635 operor,
2214 3566 2613 3623 confessionem
2658 3567 2725 3622 de
2756 3574 2824 3623 eo
2850 3582 3125 3639 peragam.

1905 3872 2196 3942 Postquam
2233 3873 2353 3928 illos
2394 3876 2579 3944 priore
2620 3874 2784 3931 eli'ato
2826 3875 2880 3929 in
2914 3874 3190 3946 egregiam
3241 3889 3394 3947 spem

1834 3975 2117 4030 erexerat,
2172 3981 2365 4020 rursus
2416 3975 2653 4021 attentos
2703 3968 2836 4023 l'aclt
2885 3981 3003 4030 eos,
3052 3968 3398 4024 Ierribiliori-

1834 4056 1935 4110 bus
1971 4056 2132 4111 minis
2162 4057 2459 4111 admonens
2489 4057 2608 4111 fore
2647 4068 2707 4111 ut
2737 4059 2851 4129 ipse
2885 4069 3174 4129 negantem
3208 4073 3268 4115 se
3300 4074 3400 4115 ne-

1837 4162 1944 4221 get.
1993 4149 2312 4206 Necessario
2368 4161 2547 4205 autem
2616 4153 2713 4208 has
2751 4167 2977 4223 quoque
3040 4154 3170 4223 ipsis
3220 4154 3398 4210 minas

168 4243 349 4305 αὐτοῖς
382 4240 761 4294 ἐπανετείνατο
776 4238 871 4310 τήν
901 4238 1149 4308 ἀπειλὴν,
1181 4239 1254 4301 ὡς
1281 4238 1347 4291 ἂν
1375 4238 1449 4309 μὴ
1472 4256 1737 4311 καταφρο-

167 4334 388 4404 νήσαιεν
414 4331 515 4400 τῆς
558 4334 635 4393 είς
674 4330 834 4383 αὐτὸν
882 4329 1189 4400 ὁμολογίας,
1225 4329 1456 4399 ἔμπαλιν
1492 4330 1549 4383 δὲ
1588 4331 1735 4395 ὅπως

169 4425 441 4496 φρίττωεν
471 4422 566 4493 τὴν
592 4422 819 4493 ἄρνησιν
848 4421 944 4491 τῆς
977 4420 1139 4474 αὐτοῦ
1181 4422 1501 4492 μαρτυρίας,
1525 4421 1611 4475 διὰ
1637 4421 1732 4493 τὴν

1839 4432 2059 4494 propter
2084 4435 2497 4487 consecuturam
2522 4426 2643 4497 ejus
2671 4427 2748 4481 rei
2783 4440 3020 4496 poenam,
3053 4441 3245 4497 nempe
3270 4428 3397 4496 quia

168 4512 636 4577 ἐπακολουθοῦσαν
664 4514 799 4582 αὐτῇ
831 4512 1117 4582 τιμωρίαν,
1153 4513 1272 4583 ἥτις
1296 4508 1363 4584 ἦν
1388 4514 1449 4571 τὸ
1481 4514 1615 4585 πρὸς
1636 4514 1730 4567 τοῦ

1837 4529 1865 4567 a
1902 4513 2040 4571 Filio
2070 4514 2164 4570 Dei
2197 4517 2556 4585 negabuntur.
2584 4516 2815 4571 Perinde
2860 4531 2988 4570 vero
3018 4525 3101 4570 est
3132 4515 3318 4587 negari
3366 4531 3396 4570 a

167 4605 295 4658 Υίοῦ
314 4606 412 4659 τοῦ
444 4602 581 4659 Θεοῦ
601 4604 918 4675 ἀρνηθῆναι.
943 4604 1167 4674 Ὅμοιον
1198 4604 1243 4656 δ’
1267 4603 1333 4657 ἂν
1363 4604 1446 4675 εἴη
1475 4605 1534 4657 τὸ
1568 4606 1733 4678 ἀρνη-

1833 4605 2017 4673 Patre,
2070 4615 2233 4675 atque
2271 4621 2300 4659 a
2333 4606 2426 4660 Dei
2458 4606 2724 4675 sapientia
2770 4606 2975 4675 negari,
3021 4616 3076 4662 et
3106 4609 3219 4661 vita
3259 4607 3403 4661 exci-

169 4696 325 4767 θῆναι
353 4695 461 4748 ὑπὸ
497 4695 589 4748 τοῦ
638 4695 851 4767 [πατρὸς
882 4694 959 4766 τῷ
1006 4696 1307 4768 ἀρνηθῆναι
1357 4697 1461 4750 ὑπὸ
1506 4698 1604 4766 τῆς
1640 4697 1732 4750 τοῦ

1836 4695 1985 4763 dere,
2020 4693 2246 4765 luceque
2277 4696 2498 4765 privari,
2528 4705 2587 4750 et
2626 4698 2774 4750 omni
2803 4698 2943 4751 bono
2977 4696 3196 4766 depelli.
3228 4696 3399 4754 Porro

168 4787 300 4841 Θεοῦ
328 4787 547 4855 σοφίας,
569 4787 662 4841 καὶ
688 4786 765 4858 τῷ
788 4788 1036 4852 ἐκπεσεῖν
1069 4786 1167 4856 τῆς
1204 4785 1367 4856 ζωῆς,
1398 4788 1491 4840 καὶ
1514 4787 1590 4857 τῷ
1620 4804 1737 4841 στε-

1836 4786 1953 4840 haec
1991 4786 2170 4841 omnia
2203 4801 2384 4841 coram
2438 4785 2601 4843 Patre
2636 4788 2846 4844 caelesti
2893 4790 3123 4857 perpeti,
3172 4798 3227 4847 et
3279 4804 3400 4859 spe-

173 4877 403 4948 ρηθῆναι
430 4873 527 4927 τοῦ
548 4873 745 4942 φωτὸς,
766 4874 861 4929 καὶ
886 4872 963 4944 τῷ
994 4873 1211 4927 πάντων
1232 4871 1339 4926 τῶν
1364 4872 1583 4939 ἀγαθῶν
1610 4873 1738 4927 ἀπο-

1836 4875 2111 4930 Ctantibus
2141 4876 2348 4946 angelis
2379 4877 2766 4946 propemodum
2802 4887 2926 4931 ante
2949 4877 3189 4937 divinum
3220 4878 3396 4950 ipsum

171 4966 454 5038 ϐληθῆναι.
492 4964 565 5017 Τὸ
603 4963 661 5016 δέ
704 4965 797 5017 καὶ
828 4963 1005 5018 ταῦτα
1055 4966 1232 5020 πάντα
1269 4963 1456 5017 παθεῖν
1506 4964 1733 5022 ἐνώπιον

1839 4967 2075 5021 tribunal
2104 4968 2477 5033 condemnari,
2510 4978 2565 5023 et
2593 4969 2737 5025 illius
2765 4984 2930 5039 regno
2962 4969 3184 5040 expelli,
3213 4970 3399 5039 quidni

170 5056 262 5110 τοῦ
283 5056 504 5125 [ἰατρὸς
517 5053 616 5107 τοῦ
644 5054 701 5107 ἐν
727 5057 838 5118 τοῖς
864 5042 1129 5127 οὐρανοῖς,
1158 5056 1261 5111 καὶ
1290 5054 1381 5107 ἐπὶ
1427 5055 1535 5110 τῶν
1573 5056 1737 5125 ἀγγέ-

1842 5057 2031 5123 quovis
2073 5044 2284 5112 summo
2312 5058 2578 5127 supplicio
2624 5058 2779 5131 pejus
2820 5060 2941 5115 sit?

174 5150 281 5206 λων
331 5148 615 5223 μονονουχὶ
663 5150 1009 5221 παρ’-αὑτοῖς
1058 5153 1167 5214 τοῖς
1214 5150 1378 5213 θείοις
1414 5149 1615 5221 βήμασι
1692 5150 2114 5221 κατακριθέντας
2166 5150 2261 5206 καὶ
2313 5151 2650 5225 ἀποδλήτους
2694 5153 3015 5226 γενομένους
3072 5154 3171 5226 τῆς
3233 5152 3401 5209 αὐτοῦ

175 5243 470 5314 βασιλείας,
506 5243 663 5307 ποίας
706 5244 806 5297 οὐκ
836 5244 902 5298 ἂν
933 5244 1141 5313 γένοιτο
1172 5244 1348 5317 χεῖρον
1392 5245 1625 5318 ἐσχάτης
1650 5246 1951 5317 τιμωρίας;

1838 4240 2090 4304 intendit,
2124 4255 2191 4294 ne
2220 4240 2357 4295 forte
2382 4242 2673 4312 aliquando
2696 4243 2973 4314 negligant
3012 4244 3189 4313 ipsum
3228 4246 3400 4299 conﬂ-

1837 4332 1997 4397 teri,‘
2037 4331 2388 4401 vicissimque
2439 4340 2501 4387 ut
2555 4346 2753 4402 negare
2802 4346 2923 4386 eum
2971 4334 3401 4403 perhorrescant

242 5443 289 5477 "
318 5447 454 5502 Lev.
486 5456 549 5511 tt,
578 5441 661 5499 13.
740 5443 787 5478 ³⁸
822 5442 1014 5502 Matth.
1058 5460 1113 5512 ν,
1155 5446 1244 5501 l5.
1318 5447 1363 5479 "
1392 5445 1579 5503 Matth.
1610 5462 1667 5514 x,
1694 5447 1783 5513 32,
1809 5448 1901 5503 55.

239 5627 356 5715 (96)
389 5639 523 5722 god.
558 5643 624 5698 Α.
661 5641 699 5697 f.
746 5642 952 5722 teut.
988 5646 1118 5703 Cod.
1149 5645 1214 5700 L.
1247 5648 1295 5722 _r
1342 5647 1427 5722 st
1472 5647 1531 5703 ιη
1557 5658 1705 5706 utro.
1806 5651 2290 5722 ,8.‘Osogparstac,
2320 5646 2441 5707 cum
2483 5653 2811 5722 compendiis
2839 5654 2893 5711 in
2945 5656 3183 5713 secundo
3242 5671 3397 5713 voca-

174 5713 273 5784 que
307 5713 496 5769 codice
523 5713 854 5784 praeponitur
872 5713 1173 5785 fragmento
1213 5717 1406 5775 'titut'us
1434 5722 1726 5775 Εὐσεϐίου

1836 5721 1981 5789 bulo,
2021 5713 2087 5777 'ut
2132 5723 2183 5777 in
2230 5713 2653 5790 praedantibus
2696 5723 2832 5779 dixi.
