4070 6304
605 342 704 398 οτι

1301 337 1565 394 EUSEBII
1605 337 2072 394 CESARIENSIS
2108 335 2256 392 OPP.
2296 334 2473 390 PARS
2513 333 2599 390 ιν.
2631 365 2702 376 -
2734 335 3146 392 DOGMATICA.
3702 333 3778 386 37

610 455 925 516 includitur.
957 452 1272 521 crucifigere
1315 460 1548 520 oportet,
1577 459 1633 504 et
1674 451 1836 505 veluti
1887 460 2148 506 mortuum

2258 446 2387 515 γοῦν
2421 448 2597 518 σῶμα,
2631 448 2660 500 δ
2689 447 2989 518 περίκειται
3017 447 3108 501 νῦν
3129 449 3164 519 ή
3193 445 3356 519 ψυχή,
3387 445 3818 516 ἀνασταυρῶσαι

607 547 842 613 elucere,
871 545 1039 600 clavis
1068 538 1396 610 conligentes
1419 542 1560 596 illius
1576 543 1893 612 cupiditates
1921 552 1976 596 et
2007 556 2155 598 mor-

611 639 894 701 titlcantes,
929 635 1063 691 adeo
1111 642 1166 687 ιιι
1213 647 1316 687 non
1349 633 1592 688 videatur
1623 631 1892 686 viventem
1925 632 2154 686 circum-

615 731 753 784 ferre
796 740 1031 792 carnem,
1055 725 1149 779 sed
1197 723 1542 792 exstinctam,
1572 735 1626 778 et
1651 724 1847 778 divinis
1878 723 2157 792 praceptis

615 815 947 871 transllxam.
1018 814 1190 881 Atque
1254 813 1326 866 lta
1370 813 1578 877 anima,
1633 826 1752 881 qua:
1790 812 1894 865 alia
1945 820 2155 867 constat

610 904 910 958 substantia
962 901 1278 968 incorporea
1325 909 1381 954 et
1437 899 1824 965 intellectuall,
1876 898 2154 954 victoriale

612 1005 869 1062 tropaeum
898 993 1157 1047 adversus
1181 992 1363 1046 hostes
1391 991 1630 1058 erigens,
1663 1004 1862 1057 corpus
1908 1004 2006 1044 ceu
2038 1003 2154 1043 cru-

608 1101 726 1139 cem
759 1080 1111 1138 circumferre
1137 1080 1406 1143 videatur,
1451 1088 1506 1132 et
1548 1087 1818 1132 mortuum
1860 1076 2024 1132 veluti
2068 1076 2153 1130 in-

607 1182 964 1229 strumentum
1021 1181 1238 1242 gestans
1287 1169 1649 1238 subsequatur
1697 1169 1960 1224 rationem
2019 1168 2152 1240 (seu

610 1263 866 1332 Verbum)
925 1261 1162 1330 praeclari
1220 1261 1392 1313 instar
1426 1259 1616 1314 militis
1644 1257 1737 1328 qui
1793 1259 2033 1313 victoria:
2088 1261 2155 1316 de

608 1353 853 1407 hostibus
902 1351 1182 1405 manubias
1210 1358 1381 1419 gerat.
1413 1347 1524 1404 Nisi
1555 1348 1702 1403 enim
1733 1348 1838 1404 hoc
1857 1353 2036 1410 ,modo
2063 1365 2152 1406 se-

607 1449 803 1509 quatur
831 1453 938 1503 me,
968 1440 1159 1508 inquit,
1189 1437 1480 1506 discipulus
1515 1451 1715 1508 corpus
1755 1452 1910 1492 suum
1941 1447 2001 1493 et
2031 1453 2154 1494 car-

612 1548 732 1586 nem
764 1528 1114 1592 mortilicans,
1137 1539 1188 1582 et
1215 1528 1366 1598 quasi
1393 1528 1691 1584 exanimem
1720 1530 2008 1598 quamdam
2038 1545 2153 1585 cru-

608 1635 726 1674 cem
765 1619 870 1673 sibi
915 1619 1214 1686 imponens,
1243 1617 1460 1673 minime
1506 1620 1580 1672 sit
1625 1633 1799 1686 neque
1827 1634 1948 1674 esse
1980 1619 2152 1689 possit

609 1725 695 1762 me
735 1708 944 1777 .lignus.
991 1706 1215 1761 Culmen
1255 1707 1434 1775 itaque
1482 1708 1832 1778 philosophici
1864 1712 2028 1766 moris
2069 1712 2150 1765 his

607 1776 1194 1864 verbisrrepra’sentat,
1243 1776 1538 1866 discipulos
1567 1776 1705 1853 suos
1730 1807 1978 1868 tanquam
2009 1801 2153 1854 viros
2182 1776 2224 1830 Β

607 1889 866 1942 militares
901 1886 970 1942 ad
1026 1883 1304 1959 fastigium
1340 1888 1552 1943 virtutis
1605 1890 1965 1945 conscendere
2021 1891 2158 1946 invi-

606 1990 742 2037 “III.

677 2071 940 2138 Quoniam
987 2086 1091 2128 non
1142 2069 1311 2127 solum
1349 2070 1466 2139 plus
1494 2086 1652 2140 quam
1703 2081 1905 2141 patrem
1944 2087 2007 2129 ac
2044 2090 2156 2128 nta-

608 2168 742 2213 trem
766 2169 820 2214 et
843 2161 1059 2224 libet-os,
1095 2173 1280 2212 verum
1318 2160 1479 2214 etiam
1521 2161 1638 2228 plus
1680 2175 1839 2229 quam
1879 2163 2154 2230 proprium

605 2267 830 2320 corpus,
854 2251 1144 2306 amicitiam
1191 2251 1356 2319 ipsius
1403 2252 1773 2306 aestimandam
1817 2267 1934 2308 esse
1960 2255 2156 2309 docue-

607 2353 728 2405 rat;
756 2357 861 2396 uno
885 2342 1059 2396 adhuc
1103 2342 1328 2410 reliquo,
1364 2342 1537 2411 magis
1561 2343 1723 2396 etiam
1770 2359 1929 2410 quam
1960 2359 2156 2415 corpus

605 2431 934 2493 necessario,
979 2430 1034 2485 id
1083 2440 1168 2485 est
1209 2431 1426 2496 anima;
1485 2446 1788 2487 sermonem
1849 2434 2150 2502 intendens,

606 2522 671 2575 de
700 2521 799 2574 hac
818 2534 1028 2589 quoque
1056 2519 1124 2574 ita
1155 2520 1365 2574 locutus
1384 2531 1469 2576 est
1499 2539 1514 2574 :
1546 2521 1648 2586 Qui
1671 2538 1774 2576 non
1803 2523 1968 2577 oderit
1998 2526 2151 2580 etiam

607 2611 837 2662 animum
865 2626 1036 2672 suam,
1067 2626 1169 2662 non
1191 2621 1358 2680 potest
1388 2629 1530 2666 meus
1559 2629 1669 2667 esse
1711 2614 2012 2681 discipulus.
2051 2615 2148 2670 Se-

607 2700 838 2753 cundum
877 2714 1005 2752 vero
1058 2699 1363 2754 Matthazum
1417 2719 1431 2756 :
1472 2703 1578 2767 Qui
1621 2706 1869 2757 invenerit
1922 2705 2151 2760 animum

607 2804 777 2852 suam,
803 2791 978 2856 perdet
1005 2806 1116 2842 eam
1145 2806 1162 2842 :
1189 2803 1236 2843 et
1265 2794 1354 2859 qui
1377 2809 1490 2844 eam
1513 2795 1798 2856 perdiderit
1819 2804 2029 2865 propter
2047 2813 2147 2861 me,

607 2880 825 2932 inveniet
855 2897 968 2934 eam
984 2880 1051 2934 “.
1082 2880 1198 2934 Non
1233 2883 1376 2935 enim
1409 2883 1558 2949 mihi,
1584 2885 1776 2955 inquit,
1804 2886 1870 2941 de
1914 2890 2149 2945 exterio-

607 2969 752 3022 ribus
793 2984 974 3024 sermo
1014 2979 1117 3030 est.
1153 2986 1328 3040 neque
1374 2973 1442 3026 de
1491 2978 1800 3042 parentibus
1845 2987 1902 3032 et
1943 2977 2146 3044 liberis,

2256 539 2542 607 προσήκει,
2571 539 2663 590 καὶ
2685 537 2868 608 ὥσπερ
2899 537 3088 607 νεκρὸν
3111 535 3532 609 ἀπεργάσασθαι,
3557 532 3819 604 καθηλώ-

2255 642 2450 688 σαντας
2480 625 2642 678 αὑτοῦ
2673 627 2738 680 τὰ
2766 626 2909 696 πάθη
2941 629 3033 679 καὶ
3065 625 3563 698 ἀπονεκρὼσαντας,
3587 623 3664 685 ὡς
3694 639 3817 691 μη-

2253 714 2371 768 κέτι
2401 711 2573 768 δοκεῖν
2595 715 2772 780 ζῶσαν
2806 716 3118 787 περιφέρειν
3155 717 3350 788 σάρκα,
3375 713 3508 768 ἀλλά
3545 728 3822 781 νενεκρω-

2255 803 2440 873 μένην,
2470 804 2564 856 καὶ
2583 807 2697 866 τοῖς
2711 805 2873 868 θείοις
2901 805 3315 876 παραγγέλμασι
3337 801 3816 875 ιιοειιερονημέννιιν⁹

2251 892 2390 947 ὥστε
2421 895 2522 965 τήν
2547 894 2742 966 ψυχὴν,
2766 897 2954 968 ἑτέρας
2972 894 3136 951 οὖσαν
3167 897 3352 960 οὐσίας
3377 896 3477 966 τῆς
3509 891 3815 963 ἀσωμάτου

2253 985 2346 1039 καὶ
2373 987 2582 1057 νοερᾶς,
2611 987 2866 1057 τρόπαιον
2914 989 3223 1059 νικητήριον
3270 989 3388 1040 κατ’
3422 985 3629 1058 ὲχθρῶν
3666 983 3818 1052 ire!»

2253 1095 2468 1149 ρουσαν,
2507 1078 2570 1132 τὸ
2610 1078 2767 1148 σῶμα
2815 1079 3041 1151 σταυρὸν
3085 1079 3256 1133 δοκεῖν
3312 1077 3643 1148 περιφέρειν,
3700 1076 3813 1128 καὶ

2251 1168 2439 1239 νεκρὸν
2453 1167 2636 1240 ὥσπερ
2658 1169 2884 1241 ὖργανον
2914 1170 3322 1243 ἀχθηφοροῦσαν
3346 1170 3571 1224 ῑπεσθαι
3592 1169 3673 1240 τῷ
3709 1168 3817 1222 λό-

2251 1276 2332 1330 γῳ
2361 1260 2514 1332 δίκην
2537 1261 2782 1328 γενναίου
2815 1261 3139 1333 στρατιώτου
3177 1263 3243 1316 τὰ
3271 1261 3492 1334 βραδεῖα
3520 1261 3615 1332 τῆς
3643 1261 3815 1329 νίκης

2251 1350 2371 1402 κατ’
2401 1348 2604 1420 ἐχθρῶν
2633 1351 3102 1420 έπικομιζομένου.
3131 1352 3194 1405 Εί
3237 1352 3345 1420 γὰρ
3379 1351 3454 1422 μὴ
3487 1349 3671 1404 τοῦτον
3706 1349 3815 1402 τὸν

2249 1443 2446 1512 τρόπον
2476 1441 2820 1513 ἀκολουθήσει
2854 1461 2965 1512 μοι,
3002 1445 3182 1514 φησὶν,
3212 1447 3249 1504 δ,
3270 1445 3390 1515 ἐμοὶ
3435 1441 3816 1514 μαθητευόμε-

2250 1547 2358 1595 νος,
2383 1531 2444 1584 τὸ
2471 1531 2662 1584 έαυτοῦ
2698 1531 2856 1602 σῶμα
2899 1533 2994 1586 καὶ
3029 1533 3127 1604 τὴν
3160 1534 3336 1606 σάρκα
3372 1531 3666 1603 νεκρώσας,
3702 1529 3815 1589 καὶ

2249 1613 2358 1672 οἷόν
2381 1637 2498 1673 τινα
2525 1619 2751 1689 σταυρὸν
2773 1621 2972 1692 ἄψυχον
2990 1621 3356 1692 περιθέμενος,
3387 1621 3486 1674 οὐκ
3510 1620 3573 1674 ἂν
3591 1617 3816 1687 γένοιτό

2255 1728 2354 1780 μου
2391 1711 2556 1775 ἄξιος,
2582 1713 2699 1766 οὐδὲ
2719 1712 2928 1769 δύναιτο
2955 1707 3092 1765 εῖναι
3119 1711 3376 1783 μαθητής.
3416 1710 3709 1780 ’Δκρότητα
3739 1705 3812 1760 δι

2255 1801 2349 1854 καὶ
2372 1801 2459 1854 διά
2477 1802 2678 1857 τούτων
2702 1803 2986 1873 φιλοσόφου
3011 1804 3209 1874 τρόπον
3240 1802 3494 1872 παρίστη,
3524 1801 3648 1863 τοὺς
3695 1798 3811 1851 σύ-

2254 1887 2346 1943 τοῦ
2401 1889 2648 1961 μαθητὰς
2675 1887 2764 1945 οἶα
2803 1892 3216 1963 στρατιωτικοὺς
3255 1891 3452 1962 ἀνδρας
3499 1889 3584 1941 ἐπ’
3627 1886 3814 1956 ἀκρον

2254 1980 2449 2051 ἀρετῆς
2470 1981 2716 2035 σπεύδειν
2743 1982 3190 2053 προκαλούμενος.

2325 2073 2398 2143 (5)
2443 2072 2578 2126 Ἀλλ’
2625 2073 2807 2144 ἐπειδὴ
2849 2074 3048 2144 πατρὸς
3092 2073 3186 2128 καὶ
3234 2072 3433 2143 μητρὸς
3469 2069 3561 2122 καὶ
3591 2067 3810 2121 τέκνων

2253 2165 2314 2217 οὐ
2347 2164 2523 2234 μόνον,
2570 2164 2702 2217 ἀλλά
2746 2165 2838 2217 καὶ
2887 2164 2977 2217 τοῦ
3024 2164 3270 2235 σώματος
3313 2161 3476 2216 αὑτοῦ
3525 2160 3811 2232 προτιμᾷν

2253 2252 2350 2323 τὴν
2381 2252 2543 2305 αὑτοῦ
2577 2253 2752 2322 φιλίαν
2777 2253 3028 2320 ἐδίδαξεν,
3051 2253 3168 2317 ἑνὸς
3191 2252 3247 2305 δὲ
3275 2251 3458 2305 λοιπὸν
3487 2249 3565 2303 ἑτι
3588 2248 3813 2300 λείπον-

2254 2359 2342 2404 τος
2369 2341 2462 2394 τοῦ
2494 2343 2587 2395 καὶ
2613 2342 2721 2395 (ὦν
2767 2341 3028 2412 σωμάτων
3073 2341 3511 2412 ἀναγκαιοτέρου,
3545 2336 3702 2391 τοῦτο
3730 2335 3811 2406 δὴ

2249 2425 2318 2500 ἦν
2349 2432 2382 2501 ή
2423 2431 2594 2502 ψυχή·
2631 2433 2911 2486 ἐπιτείνων
2953 2433 3045 2486 τὸν
3087 2432 3260 2501 λόγον,
3295 2433 3389 2486 καὶ
3425 2430 3549 2502 περὶ
3591 2426 3812 2496 ταύτης

2250 2520 2501 2584 τοιαύτας
2532 2522 2865 2593 προὺφέρετο
2896 2523 3092 2592 φωνὰς,
3123 2525 3210 2576 δτι
3244 2523 3308 2575 '0
3348 2522 3434 2591 μὴ
3476 2518 3670 2590 μισῶν
3697 2515 3810 2571 καὶ

2251 2609 2362 2678 τὴν
2391 2611 2602 2665 ἑαυτοῦ
2625 2612 2925 2680 ψυχὴν-οὐ
2949 2611 3195 2667 δύναταί
3204 2629 3322 2682 μου
3343 2607 3492 2665 εῖναι
3503 2607 3808 2680 μαθητής·

2250 2700 2388 2753 κατά
2416 2701 2473 2754 δὲ
2494 2701 2585 2753 τὸν
2606 2701 2900 2766 Ματθαῖον,
2945 2702 3008 2756 '0
3032 2701 3219 2770 εὑρὼν
3245 2701 3361 2770 τὴν
3382 2701 3588 2771 ψυχὴν
3607 2696 3812 2754 αὑτοῦ

2247 2791 2531 2845 ἀπολέσει
2573 2792 2792 2858 aberis"
2827 2793 2925 2847 καί
2967 2797 3001 2848 ό
3022 2793 3324 2859 ἀπολέσας
3367 2791 3557 2858 αὐτὴν
3587 2790 3813 2844 ἕνεκεν

2247 2879 2412 2946 ἐμοῦ,
2433 2879 2672 2947 εὑρήσει
2703 2881 2911 2946 αὐτὴν.
2945 2882 3018 2935 Οὐ
3049 2882 3157 2952 γὰρ
3189 2882 3315 2953 περὶ
3345 2881 3452 2934 τῶν
3490 2879 3641 2942 ἐκτός
3677 2894 3804 2949 μοι.

2251 2970 2418 3040 φησὶν
2449 2973 2477 3022 ὁ
2522 2971 2698 3039 λόγος,
2743 2973 2862 3024 οὐδὲ
2900 2974 3026 3043 περὶ
3071 2975 3269 3042 γονέων
3303 2971 3398 3025 καὶ
3427 2973 3646 3034 τέκνων,
3678 2969 3808 3023 ἀλλ’

605 3059 697 3113 sed
724 3073 790 3112 ne
814 3059 877 3114 de
909 3061 1022 3128 ipso
1059 3063 1273 3129 quidem
1300 3075 1523 3132 corpore
1553 3074 1609 3118 et
1647 3081 1810 3121 carne
1854 3069 1954 3123 hac
1995 3068 2148 3124 facile

2250 3059 2369 3112 οὐδὲ
2413 3062 2538 3131 περὶ
2576 3061 2737 3114 αὐτοῦ
2782 3062 2874 3114 τοῦ
2923 3062 3164 3133 σώματος
3211 3063 3300 3116 καὶ
3342 3061 3442 3132 τῆς
3492 3061 3806 3132 εὐφθάρτου

608 3151 967 3217 corruptibili,
1007 3167 1126 3220 qua
1160 3167 1348 3221 parum
1383 3169 1576 3209 curare
1599 3157 1780 3225 juheo,
1811 3158 1934 3213 dum
1963 3168 2148 3214 contra

2252 3152 2451 3224 ταύτης
2480 3153 2696 3223 σαρκὸς,
2709 3146 2780 3206 ὧν
2794 3153 2857 3224 δὴ
2875 3153 3088 3206 ἔλαττον
3106 3151 3405 3225 φροντίζειν
3427 3151 3810 3225 παρακελεύοο

604 3254 716 3308 pra:
745 3243 994 3297 omnibus
1043 3245 1094 3297 in
1142 3244 1317 3313 pretio
1350 3245 1551 3299 habere
1575 3261 1850 3303 sermones
1879 3264 2026 3305 meos
2054 3251 2150 3304 ad-

606 3328 814 3383 hortor.
847 3328 951 3384 Sed
980 3332 1225 3398 quamvis
1253 3332 1429 3386 anima
1466 3335 1755 3401 pretiosior
1783 3338 2028 3393 omnibus
2059 3341 2147 3405 sit,

605 3419 676 3472 ita
709 3431 765 3474 ut
792 3421 920 3474 nihil
951 3422 1139 3476 melius
1171 3423 1432 3492 quispiam
1462 3424 1674 3493 habeat,
1711 3425 1836 3482 huic
1865 3430 1960 3498 ipsi
2000 3445 2150 3486 crea-

604 3517 687 3562 tor
715 3510 832 3578 ejus
877 3514 1279 3580 anteponendus
1302 3523 1420 3580 est;
1457 3517 1529 3570 ita
1564 3526 1621 3570 ut
1674 3518 1719 3571 si
1775 3527 1981 3589 tempus
2010 3520 2149 3578 forte

602 3601 781 3670 exigat
806 3601 931 3656 huic
959 3618 1173 3672 quoque
1197 3619 1302 3657 non
1352 3620 1591 3673 parcere,
1620 3621 1845 3676 eamque
1875 3611 2040 3666 exitio
2069 3613 2148 3682 (ut

601 3689 945 3760 hypothetice
979 3693 1187 3766 loquar)
1220 3710 1316 3764 pro
1359 3697 1453 3750 Dei
1482 3698 1628 3751 cultu
1659 3699 1894 3764 tradere,
1925 3702 1978 3756 id
2010 3719 2138 3771 quo-

601 3795 706 3850 que
731 3784 845 3838 sine
867 3785 1197 3842 dubitatione
1237 3789 1498 3856 agendum
1525 3791 1614 3845 sit.
1649 3790 1858 3846 Etenim
1886 3796 1984 3850 soli
2017 3797 2143 3864 Deo,

602 3873 863 3938 perditam
910 3877 1052 3944 (dico
1097 3893 1193 3946 per
1229 3879 1588 3949 hypothesim)
1641 3881 1810 3950 ipsius
1841 3900 2000 3941 causa
2029 3890 2144 3942 ani-

606 3979 745 4018 mam
774 3981 1088 4035 recuperare
1119 3979 1171 4023 et
1199 3970 1442 4024 invenire
1473 3973 1726 4040 possibile
1754 3986 1856 4033 est.
1893 3978 2023 4033 Nam
2057 3983 2145 4050 qui

602 4068 722 4106 eam
758 4068 1017 4124 nusquam
1062 4058 1402 4113 exsistentem
1448 4061 1621 4129 primo
1670 4063 1938 4134 formavit,
1990 4078 2042 4123 et
2078 4085 2145 4124 ex

606 4159 712 4197 non
744 4155 986 4199 exstante
1017 4148 1310 4201 subsistere
1335 4146 1487 4215 fecit,
1520 4149 1661 4204 haud
1698 4154 1866 4223 impos
1898 4158 2003 4212 erit
2026 4174 2144 4213 eam

602 4248 666 4287 ex
699 4235 970 4289 hominum
1025 4239 1296 4293 consortio
1326 4240 1554 4310 pulsam,
1598 4251 1653 4297 et
1683 4242 1753 4299 de
1791 4246 2144 4303 hac'mortali

605 4325 711 4377 vita
748 4325 1010 4390 abactam,
1048 4343 1235 4383 rursus
1284 4329 1351 4382 ad
1395 4331 1610 4387 luminis
1668 4349 1825 4390 auras
1872 4351 2143 4397 revocare.

2254 3260 2370 3314 μαι,
2405 3245 2496 3297 καὶ
2526 3245 2627 3314 πρὸ
2659 3246 2872 3298 πάντων
2900 3246 3063 3316 τιμᾷν
3087 3243 3214 3309 τοὺς
3232 3247 3398 3318 ἐμοὺς
3439 3241 3805 3318 λόγουςπαρ-

2249 3333 2414 3395 αινῶσ
2453 3334 2565 3388 ἀλλ’
2594 3336 2729 3406 ὅπερ
2786 3336 2901 3389 ἐστὶ
2948 3337 3159 3391 πάντων
3199 3336 3516 3409 τιμιιίιτερον
3555 3337 3588 3407 ἡ
3620 3335 3810 3410 ψυχὴ,

2246 3421 2313 3498 ἧς
2336 3426 2435 3477 οὐκ
2464 3424 2528 3477 ἂν
2574 3425 2779 3493 γένοιτό
2807 3443 2861 3479 τι
2904 3429 3146 3499 κρεῖττον
3174 3428 3404 3497 ἑκάστῳ,
3450 3427 3539 3480 καὶ
3591 3426 3810 3498 ταύτης

2247 3517 2412 3587 αὐτῆς
2441 3516 2546 3582 δέοι
2576 3516 2640 3570 ἂν
2668 3518 2757 3571 τὸν
2799 3519 3023 3592 ποιητήν
3068 3519 3234 3590 αὐτῆς
3278 3522 3574 3591 προτιμᾷνο
3604 3519 3700 3584 ὡς,
3743 3520 3810 3574 οι

2247 3609 2434 3678 καιρός
2465 3625 2593 3660 ποτε
2625 3609 2918 3678 καλέσειεν,
2959 3611 3241 3683 ἀφειδῆσαι
3281 3611 3374 3665 καὶ
3399 3610 3616 3682 ταύτης,
3640 3611 3808 3664 ἀπω-

2234 3693 2363 3764 ,λείᾳ
2409 3711 2467 3746 τε
2501 3696 2685 3766 αὐτὴν,
2735 3697 2809 3760 ὡς
2849 3697 2905 3750 έν
2945 3697 3191 3752 ὑποθέσει
3222 3699 3377 3767 λόγου
3419 3702 3609 3763 εἰπεῖν,
3652 3699 3810 3771 ὑπὲρ

2247 3784 2522 3848 εὐσεϐείας
2539 3786 2671 3839 Θεοῦ
2701 3788 3046 3858 παραδοῦναι,
3071 3791 3164 3843 καὶ
3185 3791 3340 3844 τοῦτο
3370 3791 3473 3862 χρὴ
3503 3789 3808 3862 προθύμως

2249 3875 2560 3944 ὑπομένειν*
2592 3878 2674 3930 ὅτι
2719 3880 2860 3949 μόνῳ
2901 3880 3016 3950 Θεῷ
3047 3882 3140 3933 καὶ
3169 3882 3287 3953 τὴν,
3321 3883 3396 3946 ὼς
3439 3884 3495 3938 ὲν
3527 3882 3816 3948 ὑποθέσει,

2247 3962 2579 4019 ἀπολωλυῖαν
2597 3965 2661 4018 δι’
2684 3957 2840 4020 αύιὺν
2864 3968 3036 4039 ψυχὴν
3061 3971 3488 4025 ἀνακαλέσασθαι
3519 3973 3608 4026 καὶ
3636 3973 3813 4026 ἀνευ-

2251 4054 2358 4122 ρεῖν
2387 4053 2625 4112 δυνατόν.
2663 4055 2722 4111 Ὀ
2745 4056 2851 4129 γὰρ
2884 4059 3127 4131 μηδαμοῦ
3157 4061 3415 4132 μηδαμῶς
3438 4058 3598 4117 οὖσαν
3623 4063 3813 4134 αὐτὴν

2247 4145 2504 4215 πρότερον
2537 4146 2993 4221 ὑποστησάμενος,
3027 4152 3118 4204 καὶ
3147 4153 3209 4206 ὲκ
3237 4151 3328 4206 τοῦ
3363 4155 3437 4226 μὴ
3461 4155 3606 4220 δντος
3628 4157 3711 4219 είς
3737 4155 3813 4210 τὺ

2247 4231 2384 4288 εἶναι
2417 4237 2762 4307 παραγαγὼν,
2790 4239 2886 4293 οὐκ
2916 4240 2980 4293 ἂν
3021 4242 3102 4313 εἴη
3137 4242 3393 4307 ἀδύνατος
3419 4245 3808 4318 ἀπολλυμένην

2246 4324 2410 4394 αὐτὴν
2439 4325 2496 4388 ἐξ
2530 4326 2841 4398 ἀνθρώπων,
2886 4330 2977 4382 καὶ
3009 4331 3072 4383 ὲκ
3113 4331 3204 4384 τοῦ
3236 4331 3425 4403 θνητοῦ
3455 4334 3564 4403 βίου
3596 4332 3811 4402 ἀφανιο

605 4413 735 4466 Nam
763 4417 901 4482 quod
935 4418 1200 4484 perditum
1230 4417 1354 4483 fuit,
1381 4421 1522 4475 haud
1546 4435 1672 4478 sane
1701 4425 1753 4479 in
1784 4426 2007 4481 nihilum
2039 4429 2144 4484 dis-

2259 4415 2492 4481 σθείσαν,
2511 4413 2661 4480 αὖθις
2689 4421 2767 4482 είς
2782 4419 2896 4488 φῶς
2928 4417 3282 4492 παραγαγεῖν.
3307 4423 3378 4475 Τὸ
3392 4424 3497 4495 γὰρ
3523 4425 3812 4491 ἀπολωλὸς

603 4506 844 4570 solvitur,
866 4506 958 4559 sed
993 4507 1256 4571 subsistit,
1289 4520 1393 4573 est,
1419 4527 1480 4565 ac
1509 4525 1813 4584 permanet;
1850 4525 2052 4572 tantum
2087 4535 2144 4574 se

603 4595 1148 4663 subtrahitglatetque
1193 4599 1554 4656 destructores
1608 4618 1752 4671 suos,
1803 4621 1910 4660 non
1967 4611 2142 4663 tamen

603 4699 850 4751 magnum
913 4686 1121 4740 oculum
1171 4687 1324 4757 fugit.
1373 4691 1725 4758 Quamobrem
1771 4697 1903 4751 nihil
1955 4710 2143 4763 reapse

600 4775 736 4842 apud
779 4775 942 4829 Deum
974 4778 1130 4844 perit.
1177 4778 1326 4843 Quod
1356 4783 1400 4834 si
1437 4783 1556 4851 quis
1588 4783 1694 4838 Deo
1741 4802 1843 4840 non
1878 4789 2136 4853 credens,

598 4879 770 4935 neque
803 4881 956 4935 posse
1012 4869 1076 4922 ab
1126 4883 1190 4923 eo
1238 4871 1471 4925 animam
1502 4889 1618 4942 quae
1649 4877 1870 4944 periisse
1897 4889 2134 4948 putetur,

596 4958 835 5009 revocari
883 4972 945 5012 ac
989 4959 1243 5014 vivificari
1299 4963 1587 5031 judicans,
1639 4965 2029 5023 confessionem
2072 4969 2137 5023 de

597 5044 704 5098 Deo
738 5045 930 5100 factam
974 5050 1317 5118 abnegaverit
1342 5092 1358 5118 ,
1395 5067 1456 5106 ac
1487 5064 1766 5123 prapterea
1821 5058 2135 5128 impenden-

598 5146 702 5188 tem
730 5137 797 5189 ab
824 5137 1130 5193 hominibus
1173 5156 1358 5196 necem
1414 5142 1632 5212 fugerit,
1673 5160 1834 5214 seque
1891 5163 2133 5204 securam

596 5225 733 5279 inter
766 5226 1006 5284 homines
1036 5231 1194 5285 vitam
1241 5235 1488 5301 adeptum
1523 5238 1821 5304 putaverit,
1857 5250 2020 5308 atque
2062 5240 2134 5293 ita

596 5315 827 5368 animam
859 5332 1006 5372 suam
1036 5335 1092 5376 se
1121 5323 1392 5380 invenisse
1431 5335 1633 5395 speret,
1664 5328 1860 5398 quippe
1895 5332 1986 5398 qui
2034 5332 2135 5385 ho-

597 5404 796 5465 minum
842 5407 1059 5463 insidias
1093 5410 1593 5484 impendentemque
1644 5417 1919 5489 religionis
1973 5434 2132 5477 causa

597 5507 778 5547 necem
818 5498 1096 5566 vitaverit;
1134 5502 1240 5568 hic,
1295 5503 1535 5575 inquam,
1587 5507 1723 5564 sciat
1767 5523 1896 5566 sera
1957 5514 2131 5582 potius

599 5584 643 5616 ⁸⁸
671 5584 855 5642 Matth.
884 5604 938 5655 x,
962 5591 1049 5646 59.

667 5677 743 5742 15)
771 5679 899 5738 Cod.
929 5685 991 5740 Δ.
1028 5684 1065 5739 l.
1095 5685 1218 5747 204,
1251 5687 1304 5744 b.

2243 4506 2340 4558 οὐκ
2386 4509 2462 4569 είς
2506 4508 2838 4579 ἀνυπαρξίαν
2877 4511 3209 4582 κεχώρηκεν,
3263 4512 3374 4566 ἀλλ’
3411 4513 3638 4585 ὑπάρχει
3698 4517 3810 4584 μὲν

2244 4594 2332 4646 καὶ
2362 4594 2477 4647 ἐστι
2515 4599 2608 4650 καὶ
2643 4597 2826 4668 μένει·
2862 4601 3162 4672 κέκρυπται
3189 4601 3244 4655 δὲ
3277 4604 3368 4656 καὶ
3396 4602 3636 4659 λανθάνει
3668 4606 3809 4672 τοὺς

2241 4685 2673 4753 ἀπολωλεκότας,
2731 4690 2843 4742 ἀλλ’
2893 4691 3012 4744 οὐδὲ
3068 4694 3156 4746 τὸν
3211 4692 3397 4766 μέγαν,
3432 4696 3802 4768 διαδιδράσκει

2240 4776 2508 4848 ὀφθαλμόν
2534 4797 2548 4810 ο
2584 4780 2664 4832 διὸ
2705 4783 2855 4835 οὐδὲν
2903 4783 2966 4836 ἂν
3009 4785 3257 4839 ἀπόλοιτο
3287 4789 3414 4857 παρ’
3443 4787 3606 4858 αὐτῷ.
3633 4789 3704 4852 ,Εί
3739 4790 3804 4843 δέ

2239 4883 2339 4928 τις,
2394 4870 2695 4940 ἀπιστήσας
2739 4872 2886 4939 Θεῷ,
2938 4875 3030 4927 καὶ
3069 4875 3141 4946 μὴ
3188 4876 3440 4931 δύνασθαι
3490 4879 3646 4933 αὐτὸν
3694 4881 3802 4952 τὴν

2239 4957 2566 5012 ἀπολωλέναι
2587 4962 2926 5031 νομισθεῖσαν
2945 4963 3119 5037 ψυχὴν
3137 4962 3291 5030 αὖθις
3311 4971 3670 5039 ἐπαναγαγεῖν
3699 4976 3804 5028 καὶ

2241 5045 2515 5108 ζωοποιεῖν
2543 5052 2904 5122 ἡγησάμενος,
2934 5055 3158 5126 ἔξαρνος
3184 5059 3391 5128 γένοιτο
3417 5061 3512 5132 τῆς
3544 5063 3668 5131 περὶ
3704 5065 3805 5119 τὸν

2237 5135 2366 5188 Θεὸν
2388 5139 2691 5208 ὁμολογίας,
2719 5139 2833 5196 εἶτα
2859 5145 3104 5217 διαφύγοι
3145 5149 3240 5218 μὲν
3270 5151 3360 5202 τὸν
3391 5150 3450 5216 ἐξ
3492 5151 3804 5223 ἀνθρώπων

2237 5224 2616 5297 ὲπῃωρημένον
2656 5229 2898 5297 θάνατον,
2945 5237 3002 5287 ὲν
3037 5237 3304 5308 ἀσφαλείᾳ.
3347 5238 3404 5290 δὲ
3454 5239 3554 5310 ήδη
3600 5242 3695 5294 καὶ
3741 5247 3803 5298 ὲν

2240 5318 2521 5410 ἀμερίμνῳ
2551 5323 2651 5392 τῆς
2678 5325 2972 5396 ἀνθρώπων
3004 5328 3148 5400 ζωῆς
3187 5333 3371 5401 ἡγοῖτο
3418 5335 3607 5389 ἑαυτὸν
3632 5355 3804 5410 γεγο-

2238 5409 2402 5474 νέναι,
2435 5414 2510 5477 ὡς
2537 5415 2710 5470 δοκεῖν
2735 5419 3019 5491 εὑρηκέναι
3044 5423 3234 5477 ἑαυτοῦ
3261 5425 3360 5496 τὴν
3379 5426 3576 5499 ψυχὴν,
3604 5431 3700 5483 ἆτε
3731 5432 3801 5505 δὴ

2236 5499 2513 5572 ὲκφεύγων
2540 5505 2638 5571 τὰς
2665 5509 2720 5575 ἐξ
2750 5511 3046 5581 ἀνθρώπων
3069 5516 3374 5582 ἐπιϐουλὰς,
3397 5521 3490 5574 καὶ
3514 5519 3606 5577 τὸν
3628 5499 3801 5594 ﬂuet.-
