4070 6304
237 378 352 435 673

1583 378 1673 435 DE
1709 378 2193 436 τΗΕΟΡΒΔΝΙΑ.·

3370 388 3479 446 οη

234 492 470 567 λημένον
491 494 675 548 ῑνεκεν
696 494 787 549 τοῦ
806 494 903 565 τῆς
922 493 1400 565 θεοσεϐείαςιλόγου
1416 493 1662 549 θάνατον·
1680 495 1780 548 τοτε

1910 494 2021 548 vita
2045 498 2123 551 ise
2172 495 2346 565 ipsum
2390 496 2671 564 privasse.
2713 509 2982 567 suamque
3012 498 3282 565 animam,
3314 514 3477 568 quam

230 585 267 638 δ
293 584 530 651 τοιοῦτος
576 586 677 654 τῆς
708 584 939 655 ἀληθοῦς
982 584 1127 655 ζωῆς
1168 584 1359 639 ἑαυτὸν
1396 586 1683 657 περήσας,
1708 585 1802 639 καὶ

230 678 341 749 τὴν
368 676 557 732 ιαυτοῢ
596 676 791 747 ψυχὴν,
834 676 901 747 ἢν
938 678 1227 748 εὑρηκέναι
1271 676 1571 746 νενόμικεν,
1612 674 1801 747 ἀληθεῖ

231 767 380 838 λόγῳ
407 767 680 838 παραδοὺς
708 766 969 837 ἀπωλείᾳ.
1014 768 1199 838 Πάσης
1235 765 1342 836 γὰρ
1371 764 1604 837 ἐσχάτης
1647 766 1799 818 ἀπω-

230 857 389 921 λείας
417 858 610 926 γένοιτ’
641 856 707 911 ἂν
754 860 929 929 χεῖρον
960 857 1020 911 τὸ
1045 859 1296 911 ἐκπεσεῖν
1326 856 1482 921 Θεοῦ,
1512 856 1606 910 καὶ
1634 856 1801 927 ἀρνη-

228 948 405 1021 θῆναι
424 950 527 1004 ὑπὸ
552 948 646 1003 τοῦ
690 949 819 1002 Υἱοῦ
853 949 946 1002 τοῦ
982 948 1138 1002 Θεοῦ.
1182 948 1247 1001 Τί
1273 947 1331 1001 δι
1361 947 1456 999 καὶ
1482 946 1642 1000 πλέον
1669 948 1797 999 επο-

235 1039 448 1113 ρίσατο,
479 1041 672 1095 ἑαυτὸν
703 1042 1003 1112 ἀπατήσας,
1035 1038 1130 1095 καὶ
1164 1038 1454 1109 εὑρηκέναι
1478 1040 1577 1109 τὴν
1605 1037 1796 1092 ἑαυτοῦ

230 1130 413 1201 ψυχὴν
436 1130 736 1194 ὑπολαϐὼν,
762 1131 871 1193 ὅτε,
906 1129 1118 1199 φεύγων
1153 1128 1243 1182 τὸν
1274 1127 1520 1191 θάνατον,
1546 1128 1637 1180 τὸν
1665 1127 1796 1181 Θεὸν

222 1221 479 1292 ἠρνεῖτος
506 1220 742 1291 Σμικροῦ
772 1219 878 1289 γὰρ
904 1219 1055 1282 ὄντος
1083 1220 1175 1273 καὶ
1200 1219 1484 1291 ὲπικαίρου
1511 1219 1651 1289 βίου,
1678 1219 1794 1289 μετ’

224 1309 290 1363 οὐ
321 1309 458 1364 πολὺ
482 1311 580 1382 τῆς
602 1310 799 1381 θνητῆς
827 1310 918 1363 καὶ
936 1309 1295 1381 ὀλιγοχρονίου
1321 1308 1466 1381 ζωῆς
1492 1310 1792 1380 στερηθεὶς,

224 1398 327 1451 καὶ
354 1398 434 1470 τῷ
462 1399 672 1470 Θανάτῳ
714 1400 772 1452 δν
806 1398 1020 1469 φεύγων
1044 1399 1134 1453 τὸν
1162 1400 1293 1453 Θεὸν
1324 1402 1537 1472 ηρνεϊτο
1558 1400 1795 1470 ὑποσλη-

224 1489 366 1555 θεὶς,
398 1494 465 1562 τῇ
498 1491 632 1561 μετά
662 1490 751 1543 τὸν
774 1488 998 1543 θάνατον
1029 1489 1221 1561 αίωνίᾳ
1247 1489 1461 1567 κολάσει
1488 1489 1795 1559 παραδοθή-

225 1595 402 1646 σεται,
426 1581 691 1643 ἀπολέσας
709 1579 937 1649 ,ἀληθῶς
964 1579 1061 1651 τὴν
1084 1578 1276 1633 ἑαυτοῦ
1307 1579 1502 1649 ψυχὴν,
1531 1579 1598 1650 ἣν
1626 1579 1792 1650 εὑρη-

222 1671 383 1727 κέναι
422 1671 739 1742 ὒπειλήφει·
795 1670 872 1733 ὡς
911 1670 1175 1724 ἀνάπαλιν
1217 1670 1247 1721 ὁ
1279 1669 1364 1722 διὰ
1400 1669 1497 1739 τὴν
1535 1670 1614 1730 είς
1658 1668 1791 1722 Θεὸν

222 1760 424 1816 ιλπίδα
442 1761 637 1815 ἑαυτὸν
662 1760 948 1829 ἀπογνοὺς,
975 1760 1068 1814 καὶ
1095 1759 1190 1831 τὴν
1214 1758 1407 1813 ἑαυτοῦ
1446 1758 1585 1829 ζωὴν
1614 1759 1791 1829 ἀπαρ-

1908 584 2010 641 sibi
2040 584 2309 640 invenisse
2330 585 2637 650 videbatur,
2671 586 2959 655 perditioni
2991 589 3301 645 tradidisse.
3328 591 3478 658 Quo-

1906 673 1987 728 vis
2024 671 2169 727 enim
2209 686 2425 727 summo
2467 674 2641 733 exitio
2689 673 2934 730 deterius
2978 685 3062 732 est
3100 676 3196 737 Dei
3240 682 3474 749 gratiam

1905 763 2156 823 amittere
2184 775 2238 818 et
2264 779 2292 818 a
2332 764 2471 821 Filio
2501 765 2597 819 Dei
2632 765 2847 836 negari.
2874 766 3013 834 Quid
3046 784 3178 826 vero
3208 772 3472 842 quispiam

1905 854 2140 923 proﬁcit,
2168 855 2293 910 dum
2324 871 2383 911 se
2411 857 2633 926 decipit,
2662 868 2717 913 et
2741 859 2979 915 animam
3026 875 3180 916 suam
3226 863 3474 921 invenire

1905 946 2221 1008 arbitratur,
2252 960 2374 1000 cum
2406 956 2639 1003 mortem
2669 948 2868 1015 vitans,
2902 948 3069 1017 Deum
3104 955 3303 1024 negat?
3333 954 3470 1011 Nam

1904 1050 2030 1089 cum
2078 1036 2151 1091 sit
2192 1046 2399 1090 arctum
2430 1044 2485 1091 et
2518 1040 2816 1107 temporale
2859 1040 2962 1094 hoc
3011 1050 3210 1109 aevum,
3237 1056 3471 1114 quanto-

1902 1127 2019 1181 cius
2063 1126 2281 1181 mortali
2333 1126 2594 1196 brevique
2638 1130 2750 1183 vita
2789 1130 3033 1193 orbatus.
3086 1143 3295 1189 αξιοι-πο
3349 1150 3472 1207 post

1903 1226 2128 1271 mortem
2166 1216 2429 1285 supplicio
2469 1218 2736 1285 tradetur,
2778 1222 2991 1289 perdita
3027 1224 3308 1280 enimvero
3344 1242 3473 1296 pro-

1900 1307 2018 1376 pria
2080 1307 2281 1372 anima,
2311 1322 2475 1377 quam
2543 1323 2602 1373 se
2672 1310 2945 1367 invenisse
2990 1315 3242 1383 putabat.
3299 1315 3470 1371 Sicuti

1900 1412 2056 1452 versa
2082 1399 2201 1453 vice
2227 1399 2316 1468 qui
2348 1400 2419 1454 ob
2450 1414 2598 1468 spem
2644 1401 2699 1455 in
2759 1402 2927 1459 Deum
2976 1407 3325 1478 semetipsum
3377 1426 3473 1465 ne-

1900 1485 2070 1554 gligit,
2104 1500 2366 1555 suamque
2396 1489 2563 1543 vitam
2594 1490 2847 1561 abnegat,
2882 1501 2938 1547 et
2960 1504 3224 1562 quantum
3276 1500 3472 1553 attinet

1899 1576 1967 1628 ad
2021 1589 2176 1628 suum
2226 1577 2585 1644 propositum,
2643 1581 2879 1643 animam
2939 1585 3221 1652 propriam
3256 1589 3463 1657 perdit,

1898 1674 2092 1719 cuncta
2123 1664 2239 1719 haec
2268 1664 2522 1723 alacriter
2554 1678 2776 1739 propter
2804 1670 2965 1726 [idem
3002 1687 3133 1743 erga
3180 1675 3349 1731 Deum
3385 1689 3470 1731 to-

1899 1754 2117 1821 lerans;
2150 1756 2237 1810 hic
2268 1756 2484 1826 inquam
2518 1768 2703 1815 erecta
2752 1760 2949 1816 ﬁducia
2989 1764 3083 1827 sit,
3135 1767 3291 1835 quasi
3331 1767 3467 1823 nihil

221 1852 432 1925 νεηθεὶς,
465 1854 587 1907 δσον
624 1869 683 1905 τε
725 1851 817 1905 ἐπὶ
843 1854 909 1922 τῇ
939 1849 1130 1904 ἑαποῦ
1164 1848 1419 1922 προθέσει
1460 1848 1558 1919 τὴν
1597 1849 1780 1902 ἑαυτοῦ

1892 1845 2210 1915 perdiderit.
2232 1848 2349 1902 Non
2367 1849 2510 1904 enim
2528 1851 2858 1921 ipseamisit,
2874 1853 2967 1908 sed
2986 1854 3193 1909 invenit
3225 1858 3467 1915 animam

217 1943 402 2015 ψυχὴν
433 1941 806 2007 ἀπολωλεκὼς,
844 1943 1019 1995 πάντα
1060 1958 1119 1994 τε
1154 1940 1323 1993 ταῦτα
1354 1940 1634 2011 εὐθαρσῶς
1664 1940 1780 1993 ἑπο-

1894 1952 2065 1991 suam.
2091 1938 2147 1993 Si
2179 1954 2309 2009 ergo
2334 1954 2430 2009 per
2457 1940 2800 2011 hypothesim
2818 1945 3065 2002 mortalis
3093 1958 3241 2004 esset
3259 1951 3465 2014 anima,

221 2032 418 2103 μείνας
452 2031 541 2085 διὰ
573 2031 671 2101 τὴν
709 2033 788 2094 είς
810 2030 921 2085 ,τὸν
964 2028 1095 2082 Θεὸν
1142 2031 1346 2095 πίστιν,
1378 2022 1671 2099 ’θαρρείτω
1713 2026 1780 2091 ὡς

1894 2044 1957 2084 ac
1989 2045 2115 2084 vere
2138 2031 2190 2085 in
2213 2032 2443 2086 nihilum
2480 2045 2663 2103 posset
2698 2034 2941 2105 dissolvi,
2981 2046 3039 2093 et
3068 2037 3112 2101 si
3134 2042 3352 2111 periret
3396 2044 3467 2097 ab

221 2120 455 2193 μηδενὸς
474 2120 808 2183 ἀπολωλότος
835 2120 984 2192 αὑτῷ
1006 2137 1019 2151 ο
1054 2120 1116 2174 οὐ
1144 2120 1251 2191 γὰρ
1276 2118 1551 2173 ἀπόλωλεν
1570 2118 1600 2170 ὁ
1617 2116 1780 2170 τοιοῦ-

1893 2119 2202 2176 hominibus
2227 2123 2487 2191 extincta,
2517 2125 2870 2183 nihilominus
2896 2128 3044 2186 haud
3066 2133 3297 2201 sinespe
3323 2132 3466 2195 foret

215 2228 333 2277 τος,
364 2212 479 2266 ἀλλ’
506 2204 630 2283 εὗρε
663 2212 762 2284 τὴν
788 2211 980 2265 ἑαυτοῦ
1006 2212 1202 2283 ψυχήν.
1229 2212 1292 2265 Ei
1314 2209 1445 2279 γοῦν
1468 2210 1543 2273 ὡς
1571 2210 1629 2263 ὲν
1659 2210 1780 2261 ὑπο-

1891 2222 1989 2277 pro
2014 2208 2275 2279 religione
2299 2210 2745 2282 depugnandum;
2773 2215 2898 2284 quia
2939 2216 3050 2271 Deo
3068 2224 3124 2275 et
3156 2217 3369 2286 perdita
3409 2228 3467 2273 et

217 2302 368 2358 Most
398 2302 552 2371 λόγου
588 2302 753 2374 θνητὴ
781 2299 916 2357 οὖσα
941 2302 1223 2373 ἐτύγχανε,
1252 2303 1346 2355 καὶ
1371 2302 1455 2355 οῐα
1484 2317 1544 2353 τε
1574 2298 1780 2370 άληθῶς

1895 2313 2159 2367 nusquam
2194 2301 2491 2365 exstantia,
2525 2302 2592 2355 ad
2638 2304 3017 2363 exsistendum
3064 2315 3231 2377 atque
3258 2307 3327 2363 ad
3376 2309 3461 2364 vi-

217 2393 300 2456 είς
330 2392 395 2446 τὸ
419 2392 494 2463 μὴ
519 2391 578 2445 δν
602 2394 819 2463 χωρεῖν,
843 2391 937 2446 καὶ
964 2392 1011 2445 εί
1042 2390 1325 2445 ἀπώλλυτο
1349 2390 1454 2443 ὑπὸ
1480 2386 1780 2459 ἀνθρώπων

1889 2393 1999 2441 tam
2026 2388 2320 2455 perducere
2349 2405 2454 2445 non
2470 2393 2824 2450 estarduum.
2842 2393 3184 2467 Quapropter
3205 2399 3463 2461 catenam

215 2483 605 2555 ἀναιρουμένη,
635 2485 782 2554 ὅμως
812 2483 911 2538 οὐκ
942 2483 1023 2546 είς
1051 2482 1367 2536 ἀνέλπιστον
1394 2480 1498 2552 χρὴ
1529 2479 1619 2532 τὸν
1650 2478 1780 2548 ὑπὲρ

1889 2492 2009 2547 quae
2035 2481 2299 2536 exsistere
2322 2497 2427 2538 non
2457 2484 2774 2549 creduntur,
2796 2487 2890 2540 sed
2919 2486 3040 2557 ejus
3068 2504 3232 2553 causa
3257 2504 3325 2546 es
3357 2490 3462 2546 ho-

218 2573 503 2637 εὐσεδείας
545 2574 732 2643 ἀγῶνα
782 2575 1181 2645 διακαρτερεῖν·
1218 2572 1404 2643 ἐπειδὴ
1441 2570 1521 2641 τῷ
1547 2569 1665 2639 Θεῷ
1694 2569 1780 2621 καὶ

1893 2571 2129 2627 minibus
2152 2583 2526 2639 excesserunt,
2554 2589 2658 2631 non
2685 2575 2794 2642 erit
2823 2577 2872 2639 ei
2894 2576 3228 2647 impossibile
3271 2596 3463 2638 rursus

216 2665 289 2721 τὰ
325 2666 639 2721 ἀπολωλότα
663 2667 755 2719 καὶ⁸
790 2666 860 2720 τά
919 2665 1141 2738 μηδαμῆ
1177 2663 1441 2736 μηδαμῶς
1482 2663 1613 2716 ὄντα
1644 2678 1780 2733 παρ-

1893 2660 2221 2725 instaurare,
2268 2672 2325 2717 et
2366 2665 2590 2733 perdita
2624 2664 2821 2728 animm
2860 2667 3231 2736 inventionem
3260 2672 3333 2738 ei,
3368 2677 3461 2743 qui

219 2756 377 2825 ἀγειν
405 2756 465 2822 ἑξ
486 2757 586 2811 οὐκ
605 2757 771 2811 ὄντων
800 2758 895 2811 καὶ
911 2756 1190 2822 ζωοποιεῖν
1210 2756 1451 2811 δυνατόν.
1469 2755 1560 2809 Διὸ
1586 2756 1680 2809 καὶ
1701 2754 1780 2806 τὸι

1896 2751 2066 2821 ipsius
2097 2767 2258 2807 causa
2289 2755 2580 2819 amisisset,
2608 2757 2927 2813 concedere.

215 2849 538 2921 νομισθέντα
561 2849 755 2922 μηκέτι
776 2847 934 2915 εἶναι,
963 2849 1099 2904 ἀλλά
1117 2850 1185 2903 δι’
1212 2850 1373 2903 αὑτὸν
1397 2849 1455 2915 ἐξ
1480 2846 1779 2919 ἀνθρώπων
1814 2843 2148 2908 ἀπολωλότα,
2206 2845 2306 2897 οὐκ
2362 2846 2430 2899 ἂν
2455 2847 2603 2917 αὑτῷ
2622 2848 2830 2917 γένοιτο
2856 2848 3115 2905 ἀδύνατον
3142 2847 3299 2918 αὖθις
3324 2854 3431 2910 ὑπο

218 2944 541 3014 στήσασθαι,
586 2945 681 2997 καί⁵
708 2944 809 3014 τῆν
840 2942 1054 3015 εὕρεσιν
1100 2944 1200 3015 τῆς
1238 2942 1577 3006 ἀπολωλυίας
1606 2939 1780 3012 ψυχῆς
1812 2938 1891 3009 τῷ
1915 2938 1982 2990 δι’
2012 2938 2173 2992 αὐτὸν
2203 2938 2372 2993 αὑτὸν
2404 2939 2769 2995 ἀπολωλεκότι
2806 2946 3131 3015 παρασχεῖν.

892 3035 971 3089 lZ'
1004 3034 1103 3107 (6).

285 3124 476 3189 οὐδεὶς
506 3123 686 3196 μέντοι
716 3123 932 3178 πώποτε
961 3122 1253 3197 προφητῶν
1282 3123 1343 3177 τὸ
1375 3124 1635 3195 κήρυγμα
1681 3122 1780 3198 τῆς

216 3214 325 3269 τῶν
356 3210 601 3285 οὐρανῶν
635 3214 907 3284 βασιλείας
942 3213 1161 3284 γυμνῶς
1190 3215 1270 3277 είς
1313 3214 1521 3277 πάντας
1550 3213 1779 3282 εὐηγγέ-

217 3306 392 3359 λιστο·
437 3306 550 3359 ἀλλ’
596 3306 792 3376 ᾔδεσαν
841 3306 937 3374 μὲν
975 3304 1105 3360 αὐτὸ
1150 3304 1421 3376 προφῆται
1462 3303 1682 3366 πάντες,
1715 3304 1777 3356 οὐ

221 3394 327 3466 μὴν
364 3396 459 3449 καί
488 3394 565 3465 τῷ
614 3394 878 3449 Ἰουδαίων
918 3393 1033 3464 λαῷ
1075 3393 1449 3464 παρεδίδοσαν,
1482 3393 1569 3447 διὰ
1597 3393 1659 3446 τὸ
1686 3411 1778 3465 νη-

216 3484 431 3550 πιάξειν
455 3485 552 3549 τὰς
579 3486 799 3556 φρένας,
833 3485 927 3540 καὶ
962 3485 1264 3550 ἐξασθενεω
1298 3486 1433 3555 πρὸς
1461 3484 1524 3538 τὸ
1555 3484 1779 3556 μέγεθος

216 3573 307 3628 τοῦ
334 3575 681 3646 κηρύγματος
698 3591 713 3604 ·
746 3574 961 3647 πρώτου
999 3575 1056 3629 δὲ
1096 3575 1339 3628 Ἰωάννου
1364 3574 1648 3645 τηλαυγῶς
1672 3592 1775 3645 κη-

221 3665 478 3737 ρύξαντος
505 3666 788 3734 ῆγγικέναι
811 3665 906 3736 τὴν
927 3663 1041 3731 τῶν
1060 3665 1303 3737 οὐρανῶν
1329 3664 1621 3735 βασιλείαν,
1642 3664 1777 3736 ἀφε-

218 3755 301 3809 σίν
325 3773 388 3808 τε
418 3756 699 3826 ἁμαρτιῶν
734 3754 821 3809 διὰ
861 3755 1085 3827 λουτροῦ
1117 3754 1534 3824 παλιγγενεσίας
1568 3770 1776 3823 καταγ-

214 3846 494 3915 γείλαντος
518 3845 839 3918 ἀνθρώποις,
873 3846 923 3899 οί
951 3845 1028 3916 τῷ
1055 3846 1371 3916 κηρύγματι
1401 3844 1623 3909 ἑαυτοὺς
1658 3846 1778 3899 ἐπι-

215 3934 393 3999 δόντες
438 3935 837 4008 περιάρπαστον
883 3935 1051 4006 αὐτὴν
1098 3936 1411 4006 ἐσχήκασιν,
1454 3933 1513 4001 ἐξ
1555 3934 1776 3989 ἐκείνων

214 4025 322 4077 τῶν
359 4024 582 4096 ἡμερῶν
618 4025 932 4097 ἀρξάμενοι,
973 4024 1033 4091 ἐξ
1065 4018 1142 4080 ὧν
1177 4028 1208 4080 ὁ
1251 4027 1501 4097 Ἰωάννης
1528 4026 1620 4080 τὸν
1648 4026 1776 4098 περὶ

217 4116 383 4185 αὐτῆς
423 4116 745 4186 κατήγγειλε
782 4116 959 4185 λόγον.
992 4116 1072 4170 Τά
1108 4117 1205 4188 μὲν
1240 4116 1348 4189 γὰρ
1389 4117 1664 4181 Μωῦσέως
1691 4118 1778 4171 νό-

221 4222 357 4274 μιμα
380 4206 478 4258 καὶ
501 4206 598 4276 τὴν
638 4206 927 4277 Ἰουδαῖκὴν
948 4206 1198 4279 λατρείαν
1222 4208 1408 4279 καιρόν
1429 4225 1590 4278 φησιν
1612 4211 1775 4278 ἐσχη-

220 4294 366 4348 κέναι
411 4296 640 4348 οἰκεῖον·
675 4295 858 4350 τοῦτον
900 4296 958 4351 δὲ
998 4298 1430 4371 περιγράφεσθαι
1472 4300 1631 4372 μέχρι
1677 4299 1777 4371 τῆς

2586 3030 2750 3089 XVII.

1954 3118 2127 3175 Nemo
2178 3134 2415 3190 unquam
2460 3134 2528 3177 ex
2583 3124 2866 3194 prophetis
2906 3127 3242 3196 praeconium
3303 3132 3461 3202 regni

1886 3210 2149 3266 caelorum
2180 3220 2369 3281 aperte
2416 3226 2599 3268 coram
2645 3215 2845 3284 populo
2878 3215 3167 3276 fecit:sed
3206 3219 3457 3279 sciebant

1884 3298 2103 3370 quidem
2146 3302 2201 3357 id
2245 3302 2525 3372 propheta:
2554 3318 2768 3371 omnes,
2804 3322 2984 3377 neque
3016 3317 3197 3366 tamen
3232 3307 3456 3376 δυσκο-

1884 3407 2002 3446 rum
2026 3391 2223 3461 populo
2248 3394 2575 3462 prodebant,
2598 3404 2823 3465 propter
2866 3400 3067 3455 mentis
3096 3400 3315 3459 illorum
3358 3406 3454 3463 in-

1886 3483 2128 3550 fantiam,
2156 3492 2212 3538 et
2239 3484 2567 3541 sustinenda
2602 3488 2863 3555 praeconii
2889 3493 3273 3561 magnitudinis
3301 3495 3457 3551 infir-

1884 3573 2147 3641 mitatem.
2177 3572 2311 3643 cum
2362 3583 2543 3630 autem
2574 3577 2785 3646 primus
2806 3576 3044 3637 Joannes
3072 3583 3221 3640 clare
3253 3590 3451 3656 praedi-

1882 3664 2026 3719 cavit
2053 3666 2489 3736 appropinquare
2531 3662 2757 3740 rcgnum
2805 3672 3090 3739 caelorum,
3119 3685 3175 3731 et
3206 3690 3453 3746 peccato~

1883 3770 2003 3811 rum
2060 3757 2441 3813 remissionem
2507 3774 2603 3828 per
2667 3764 3098 3833 regenerationis
3170 3766 3445 3825 lavacrum

1882 3846 2191 3903 hominibus
2217 3849 2508 3915 nuntiavit,
2539 3850 2577 3906 ii
2622 3853 2716 3922 qui
2756 3854 3131 3921 pmdicationi
3162 3872 3449 3917 assensum

1882 3955 2039 3995 suum
2072 3940 2440 4010 praebuerunt,
2474 3958 2703 4015 regnum
2747 3946 2880 4003 illud
2924 3962 3023 4003 ceu
3053 3964 3117 4005 es
3159 3961 3317 4022 rapto
3341 3954 3449 4011 sibi

1880 4034 2205 4100 habuerunt,
2236 4049 2306 4091 ex
2336 4047 2403 4089 eo
2438 4042 2683 4105 tempore
2709 4037 3053 4107 incipientes,
3082 4056 3192 4112 quo
3212 4042 3452 4101 Joannes

1881 4128 1949 4183 de
1987 4126 2108 4196 ipso
2144 4142 2449 4184 sermonem
2498 4128 2700 4183 intulit.
2746 4128 2884 4186 Nam
2928 4130 3129 4204 Moysis
3173 4133 3367 4205 legalis
3392 4146 3451 4193 et

1880 4214 2164 4274 Judaicum
2216 4218 2420 4275 cultum
2466 4218 2747 4291 proprium
2794 4229 3005 4293 tempus
3044 4225 3294 4281 habuisse
3333 4229 3446 4296 ait;

1881 4308 2023 4379 quod
2050 4308 2276 4366 Joannis
2321 4310 2614 4380 pmsentia
2653 4312 2839 4366 linitur
2867 4329 2883 4379 ;
2909 4315 3204 4383 prophetas
3231 4333 3449 4389 quoque

231 4381 473 4437 Ἰωάννου
505 4385 830 4455 παρουσίας·
864 4386 957 4439 καὶ
984 4387 1111 4450 τοὺς
1154 4390 1436 4460 προφήτας
1479 4389 1536 4442 δὲ
1582 4390 1772 4461 μέχρις

1886 4412 2049 4468 usque
2082 4398 2148 4455 ad
2175 4397 2442 4455 Joannem
2471 4399 2675 4456 Judaais
2696 4381 2950 4459 auctores
2969 4381 3136 4460 fuisse
3161 4417 3215 4461 ut
3248 4381 3447 4480 llovsis

197 4474 473 4532 ,Ἰωάννου
535 4472 803 4537 Ἰουδαίοις
862 4476 1187 4545 πεποιῆσθαι
1242 4478 1341 4541 τάς
1397 4482 1771 4549 παραγγελίας

216 4562 350 4633 πρὸς
378 4563 449 4617 τὸ.
473 4563 756 4632 φυλάττειν
786 4565 856 4618 τά
884 4567 1158 4630 Μωῦσέως
1200 4568 1401 4640 νόμιμα
1421 4586 1436 4600 ο
1468 4572 1682 4642 πρῶτον
1712 4575 1769 4628 δὲ

224 4656 478 4726 Ἰωάννην
513 4657 749 4729 ἀρχηγὸν
784 4658 1062 4726 γεγονέναι
1100 4660 1199 4729 τῆς
1226 4661 1433 4730 Καινῆς
1474 4662 1768 4736 Διαθήκης,

217 4746 309 4801 ἀτε
348 4747 652 4817 πρόδρομον
696 4746 859 4800 αὐτοῦ
906 4748 1208 4819 γενόμενον.
1244 4751 1416 4803 Αὑτοῦ
1452 4769 1512 4805 τε
1554 4752 1768 4824 πρώτου

214 4838 307 4892 καὶ
334 4837 393 4902 ἐξ
421 4835 585 4889 αὑτοῦ
621 4836 717 4906 τὴν
746 4837 1018 4906 βασιλείαν
1044 4839 1151 4891 τῶν
1178 4840 1417 4911 οὐρανῶν
1445 4843 1646 4898 ἅπασιν
1675 4847 1767 4898 ἀν-

219 4926 452 4997 θρώποις
472 4927 943 4998 εὐηγγελισμένου,
962 4930 1086 4992 τοὺς
1103 4931 1283 4997 ἀξίους
1308 4934 1475 5004 αὐτῆς
1500 4936 1579 4998 είς
1600 4936 1768 5007 αὐτὴν

222 5013 494 5084 βιάζεσθαι
542 5017 821 5087 νοήσομεν,
859 5020 1264 5091 ἐπιστήσαντες,
1296 5023 1370 5086 ὡς
1408 5024 1577 5094 μέγας
1618 5028 1768 5096 ἀγὼν

218 5103 470 5178 τυγχάνει
500 5111 610 5171 τοῖς
640 5109 732 5161 ἐπὶ
767 5110 869 5179 γῆς
891 5110 1192 5182 ἀνθριὶιποις
1213 5115 1348 5185 πρὸς
1385 5116 1481 5187 τὴν
1512 5119 1569 5171 ἐν
1600 5122 1766 5190 οὐραΔ

217 5194 321 5263 vol;
345 5200 549 5255 ἄνοδον.
579 5200 651 5254 Τὸ
673 5200 778 5272 γὰρ
803 5202 1118 5274 ἀνθρώπως
1144 5204 1303 5270 ὄντας
1328 5208 1421 5261 καὶ
1444 5210 1619 5279 σάρκα
1642 5212 1768 5285 θνη-

216 5290 307 5361 τὴν
341 5292 852 5363 περιόεϐλημένους,
900 5295 1006 5347 τῶν
1047 5297 1286 5364 φυσικῶν
1326 5299 1554 5369 ὀρέξεων
1585 5305 1765 5374 κρείτ-

219 5399 334 5447 τους
364 5385 627 5453 γίνεσθαι,
656 5386 846 5457 ἡδονῆς
873 5405 930 5440 τε
959 5392 1177 5461 κρατεῖν
1209 5390 1299 5443 καὶ
1332 5391 1511 5461 πάσης
1538 5396 1766 5465 αἰσχρᾶς

220 5472 527 5545 δπιθυμίας,
569 5478 660 5531 καὶ
709 5476 771 5531 τὸ
812 5477 1058 5533 ἐντεῦθεν
1089 5478 1190 5551 ῆδη
1235 5480 1628 5552 ἀπομιμεῖσθαι
1671 5484 1763 5538 τὸν

286 5657 360 5725 (6)
381 5658 524 5731 Huic
557 5675 769 5731 quoque
814 5661 1115 5730 fragmento
1150 5663 1204 5715 in
1249 5662 1433 5718 codice
1456 5664 1521 5719 Α.
1553 5664 1587 5717 f.
1629 5663 1756 5725 218.

219 5730 624 5795 superscribitur
674 5730 857 5788 titulus
905 5732 1198 5787 Εὐσεσίυυ
1252 5733 1466 5798 βιϐλίῳ
1510 5734 1762 5802 τετάρτῳ

1876 4488 2068 4557 legalis
2117 4497 2420 4546 servarent.
2472 4490 2581 4547 Sed
2628 4492 2863 4561 primum
2910 4492 3174 4551 Joannem
3228 4498 3444 4556 initimn

1876 4582 2012 4637 Novi
2061 4581 2397 4638 Testamenti
2443 4581 2660 4651 fecisse,
2689 4594 2878 4656 utpote
2923 4587 3095 4655 ipsius
3146 4606 3444 4660 praecurso-

1877 4685 2015 4726 rem.
2056 4669 2175 4739 ipso
2213 4681 2391 4725 autem
2432 4672 2630 4741 primo,
2670 4683 2832 4729 relate
2871 4674 2984 4742 illa,
3019 4692 3241 4746 regnum
3276 4680 3444 4735 uelo-

1876 4777 1995 4816 rum
2045 4764 2255 4817 cunctis
2302 4764 2609 4819 hominibus
2661 4766 2970 4831 nuntiante,
3000 4770 3191 4838 dignos
3220 4771 3312 4826 illo
3345 4772 3442 4826 ho-

1874 4854 2047 4909 mines
2081 4855 2133 4908 in
2165 4854 2338 4923 ipsum
2379 4856 2431 4909 vi
2468 4857 2773 4925 irrumpere
2820 4858 3154 4926 putabimus,
3189 4863 3231 4915 si
3260 4866 3440 4917 consio

1868 4947 2120 5003 deremus
2149 4962 2311 5016 quam
2351 4949 2536 5018 gravis
2565 4949 2637 5003 sit
2681 4960 2909 5005 conatus
2948 4951 3259 5008 hominibus
3283 4966 3439 5011 terrae

1870 5035 2066 5091 incolis
2099 5038 2202 5092 iter
2247 5038 2314 5092 ad
2353 5038 2553 5092 coelum
2604 5040 2844 5094 tendere.
2897 5040 3142 5112 Namque
3189 5046 3437 5101 homines

1869 5136 2049 5190 natos,
2079 5137 2134 5182 et
2189 5129 2405 5184 mortali
2453 5144 2621 5185 carne
2666 5132 3057 5199 circumdatos,
3095 5136 3435 5192 naturalibus

1870 5218 2195 5288 appetitibus
2222 5219 2339 5273 ﬁeri
2361 5221 2691 5287 superiores.
2733 5232 2788 5275 et
2826 5223 3153 5291 voluptatem
3189 5240 3434 5280 omnem-

1871 5322 1975 5376 que
2003 5317 2224 5379 turpem.
2248 5312 2594 5380 cupiditatem
2641 5313 2917 5379 cohibere,
2949 5316 3227 5386 vitamque
3264 5333 3432 5390 ango-

1872 5396 2030 5451 licam
2086 5401 2224 5456 velle
2279 5403 2332 5457 in
2403 5404 2561 5457 terris
2616 5404 2855 5469 imitari;
2920 5408 2992 5460 ita
3054 5417 3113 5461 ut
3165 5424 3315 5477 aeque
3365 5430 3431 5465 ac

1869 5485 2070 5545 Paulus
2094 5491 2275 5547 dicere
2298 5494 2508 5563 possint
2534 5508 2548 5544 :
2584 5491 2784 5549 Nostra
2816 5506 2990 5550 autem
3023 5499 3344 5551 conversatio
3375 5502 3426 5552 in

1867 5670 2245 5792 ρεοεεανείας,
2282 5686 2405 5729 cum
2439 5670 2591 5741 siglis
2640 5683 2800 5741 supra
2847 5675 3138 5728 secundum
3191 5677 3423 5729 vocabu-

1888 5757 1995 5792 Ulli.

1888 5757 1995 5794 Ulli.
