4070 6304
173 356 273 410 677

1528 364 1615 421 DE
1653 363 2111 421 ΤΗΕΟΡΙΙΔΝΙΑ.

3300 370 3407 424 678

172 472 201 523 6
230 470 324 524 τοῦ
348 473 487 527 Θεοῦ
521 478 710 546 Λόγος,
757 480 1133 553 φιλανθρωπιᾳ
1162 484 1257 536 τοῦ
1284 484 1491 554 Πατρὸς
1526 484 1732 555 ἐξῆλθε,

1839 484 2042 552 imitate
2068 482 2247 538 Patris
2268 483 2456 549 exivit,
2481 497 2617 538 nova
2652 482 2858 538 semina
2882 492 2937 539 et
2959 484 3109 552 regni
3138 483 3405 541 cmlorum

173 562 330 616 καινά
369 567 664 637 σπέρματα
718 571 810 623 καὶ
858 571 1129 641 βασιλείας
1171 574 1411 644 οὐρανῶν
1465 576 1737 644 μυστήρια

174 654 679 727 εὐαγγελιούμενος,
701 664 812 725 τοῖς
842 680 900 715 τε
938 666 1057 718 κατ’
1079 665 1307 736 οὐρανὸν
1341 665 1433 718 τοῦ
1467 666 1601 718 Θεοῦ
1634 666 1740 717 λευ-

171 750 417 817 τουργοτς
440 748 501 801 τὸ
531 750 641 803 τῶν
663 752 961 822 ἀνθρώπων
996 756 1245 824 συνάψων
1276 758 1431 825 γένος
1453 774 1465 787 ·
1495 758 1586 810 ἐπὶ
1618 756 1739 809 τού-

171 854 279 903 τοις
304 835 396 894 οὖν
422 842 586 910 μόνος
606 846 764 910 αὐτὸς
787 846 883 918 τὴν
906 848 1014 900 ἀπὸ
1031 848 1138 900 τῶν
1165 849 1440 918 πατρικῶν
1459 847 1738 918 βασιλείων

170 930 399 984 ἐποιεῖτο
423 930 635 997 ἔξοδον·
664 936 714 988 oi
740 936 795 989 δὲ
817 937 884 991 τά
910 938 1039 1009 παρ’
1066 938 1227 991 αὐτοῦ
1256 940 1541 1010 σπέρματα
1566 955 1737 993 κατα-

169 1016 445 1088 δεξάμενοι
490 1019 593 1085 τὰς
624 1024 833 1079 ἑαυτῶν
860 1024 1039 1095 ψυχὰς
1070 1023 1160 1081 οἷα
1196 1027 1262 1097 δὴ
1295 1027 1476 1099 χώρας
1507 1026 1738 1099 γεωργῷ

170 1111 425 1179 παρεῖχον
456 1110 538 1183 τῷ
573 1113 751 1184 Λόγῳ,
795 1116 889 1170 καὶ
915 1115 1004 1169 διὰ
1028 1116 1137 1171 τῶν
1175 1118 1353 1172 ἀκοῶν
1374 1120 1463 1172 τὸν
1489 1120 1737 1191 οὐράνιον

169 1198 491 1268 ὑπεδέχοντο
531 1203 752 1274 σπόρον.

234 1288 295 1341 Ei
345 1290 447 1359 μὲν
489 1288 584 1346 οὖν
617 1294 726 1364 (10)
768 1296 815 1348 oi
858 1294 1284 1367 μαθητευόμενοι
1321 1302 1448 1368 μιᾶς
1496 1301 1735 1371 ὑπῆρχον

170 1381 573 1451 προαιρέσεως,
651 1384 799 1437 οὐδὲν
870 1385 1037 1457 ἐχρῆν
1090 1386 1384 1458 διακρίνειν
1446 1392 1538 1441 καὶ
1605 1393 1737 1457 ἀφο-

173 1470 334 1539 ρίζειν
376 1472 600 1537 τούτους
632 1476 727 1527 ἀπ’
771 1476 1034 1547 ἀλλήλων·
1075 1479 1261 1549 ἐπειδὴ
1296 1479 1353 1532 δέ
1392 1481 1542 1553 παρὰ
1574 1484 1736 1534 πᾶσιν

170 1561 469 1633 ἀνθρώποις
521 1567 555 1634 ἡ
625 1565 719 1618 τοῦ
776 1568 1119 1632 αὑτεξουσίου
1187 1572 1404 1640 ἐκράτει
1473 1573 1733 1642 δύναμις,

171 1652 310 1705 ἀλλοι
387 1673 448 1706 τε
516 1656 692 1720 ἄλλως
765 1660 975 1722 ἑαυτοῖς
1041 1662 1133 1713 καὶ
1200 1661 1279 1729 τῷ
1348 1663 1735 1732 καταϐληθέντι

170 1748 281 1808 ταῖς
327 1745 527 1817 ψυχαῖς
573 1748 808 1819 οὐρανίῳ
862 1751 1044 1821 σπόρῳ
1089 1754 1541 1824 κατακέχρηνται,
1590 1755 1732 1807 εἰκό-

1837 576 2089 646 mysteria
2120 576 2294 632 fauete
2316 577 2689 642 nuntiaturus,
2716 587 2772 631 et
2800 578 3045 645 supernis
3073 576 3166 631 Dei
3203 578 3403 632 minis-

1837 668 1937 723 tris
1979 667 2268 723 humanum
2311 683 2479 738 genus
2522 668 2952 723 consociaturus.
3000 667 3149 723 Hanc
3172 682 3303 739 ergo
3331 669 3404 723 ob

1835 771 2053 812 causam
2081 757 2227 812 solus
2256 759 2370 827 ipse
2424 772 2456 813 ο
2500 768 2726 827 paterno
2770 773 2935 827 regno
2971 760 3255 826 processit.
3297 758 3402 825 Qui

1835 856 2014 904 autem
2076 848 2284 901 semina
2338 848 2457 915 ejus
2498 857 2849 914 exceperunt,
2907 846 2961 904 bi
3016 864 3141 905 suas
3192 852 3401 905 animas

1835 938 1980 993 velut
2022 952 2181 1005 agros
2219 936 2417 992 cultori
2452 935 2626 993 Verbo
2650 938 3031 1005 eminuerunt,
3073 951 3129 997 et
3160 956 3289 998 aure
3314 942 3401 997 la-

1834 1036 2024 1084 ventcs
2044 1028 2265 1084 calcate
2296 1042 2482 1084 semen
2510 1030 2861 1085 admiserunt.

1904 1271 1963 1325 Si
1989 1271 2201 1340 quidem
2232 1270 2413 1339 itaque
2435 1270 2741 1327 Christiana
2767 1273 3009 1328 doctrina
3044 1276 3263 1343 eruditi,
3291 1294 3401 1334 uno

1835 1362 2131 1429 eodemque
2163 1364 2443 1431 proposito
2468 1374 2667 1430 essent,
2704 1366 2836 1419 nihil
2862 1382 2996 1436 opus
3028 1376 3172 1423 esset
3199 1370 3402 1426 discer-

1836 1466 1965 1506 nere
1997 1452 2133 1505 iuter
2158 1454 2302 1520 ipsos
2330 1468 2393 1507 ac
2422 1468 2695 1522 separare.
2740 1456 2889 1511 Nunc
2942 1459 3067 1525 quia
3098 1461 3151 1513 in
3186 1463 3402 1516 cunctis

1836 1541 2142 1597 hominibus
2169 1543 2323 1598 liberi
2351 1544 2568 1599 arbitrii
2602 1546 2681 1599 vis
2710 1548 2987 1615 praevalet,
3012 1548 3212 1617 aliique
3243 1551 3402 1605 aliter

1836 1632 2015 1687 indole
2038 1648 2130 1687 sua
2147 1634 2403 1701 jactoque
2426 1636 2563 1690 intra
2596 1650 2723 1691 suas
2747 1638 2957 1692 animas
2985 1640 3169 1694 divino
3192 1644 3403 1697 semine

1838 1732 2088 1791 utuntur;
2141 1724 2262 1781 ideo
2306 1736 2475 1793 recte,
2532 1736 2714 1798 utpote
2764 1730 2857 1784 Dei
2922 1730 3177 1795 Verbum,
3231 1734 3399 1787 futuri

169 1853 270 1899 τως
308 1833 397 1891 οἷα
444 1839 583 1892 Θεοῦ
630 1840 796 1909 Λόγος
847 1842 945 1913 τὴν
993 1843 1193 1909 γνῶσιν
1245 1844 1586 1915 προειληφὼς
1627 1846 1732 1898 τῶν

1836 1816 2115 1871 scientiam
2149 1833 2549 1888 praeoccupans,
2590 1821 2719 1887 quid
2762 1823 2951 1876 semini
2981 1837 3083 1878 suo
3128 1824 3273 1878 inter
3302 1827 3397 1880 Ιιο-

172 1928 486 1997 μελλόντων,
553 1931 711 1985 ὁποῖα
747 1931 990 1985 πείσεται
1048 1935 1128 1995 είς
1180 1934 1494 2006 ἀνθρώπους
1526 1939 1555 1989 ό
1603 1937 1733 2007 παρ’

170 2020 324 2073 αὑτοῦ
358 2022 562 2093 σπόρος
596 2025 795 2084 πεσὼν,
825 2022 1087 2087 θεσπίζει.
1121 2026 1331 2077 Πτῶσιν
1362 2027 1491 2094 γοῦν
1520 2028 1734 2099 θαυμα-

171 2108 302 2169 στῶς
344 2110 444 2175 τὴν
496 2110 797 2181 καταϐολὴν
828 2110 931 2164 τῶν
957 2112 1222 2181 οὖρανίων
1264 2115 1593 2185 σπερμάτων
1638 2116 1734 2184 τὴν

170 2201 242 2263 είς
261 2200 585 2272 ἀνθρώπους
605 2202 871 2272 ὠνόμασε·
902 2204 995 2261 καὶ
1017 2205 1080 2275 δὴ
1109 2205 1202 2258 δύο
1222 2207 1475 2275 τάγματα
1505 2207 1612 2259 τῶν
1643 2208 1734 2261 τὸν

170 2291 362 2360 σπόρον
410 2292 859 2363 καταδεξαμένων
890 2293 1126 2357 ἔσεσθαι,
1158 2296 1415 2349 διδάσκει·
1468 2300 1734 2369 πρότερον

168 2382 343 2437 τὺτῶν
371 2384 628 2449 καταξιου
638 2384 809 2453 μένων
829 2386 925 2456 μὲν
950 2385 1049 2455 τῆς
1078 2386 1320 2456 κλήσεως
1343 2388 1441 2457 τῆς
1461 2389 1733 2458 οὐρανίου,

168 2470 230 2523 δι’
252 2472 581 2544 ἀπροσεξίαν
610 2474 666 2525 δὲ
706 2474 798 2527 καὶ
826 2474 1096 2545 ρᾳθυμίαν
1139 2475 1239 2543 τῆς
1292 2476 1511 2547 χάριτος
1551 2478 1736 2530 ἀπολι-

172 2555 509 2616 σθαινόντων·
548 2563 809 2635 ,δεύτερον
848 2565 907 2617 δέ
942 2564 1004 2616 τὸ
1042 2565 1149 2617 τῶν
1195 2566 1735 2632 πολυπλασιαζόντων

168 2651 255 2703 τὸν
298 2654 497 2724 σπόρον
545 2655 603 2706 ἐν
644 2655 873 2723 ἀγαθαῖς
919 2657 1331 2727 καρποφορίαις.
1390 2658 1548 2728 Τρεῖς
1575 2658 1631 2710 δὲ
1677 2660 1735 2711 ἐν

173 2739 410 2810 ἐκατέρῳ
447 2741 689 2811 τάγματι
744 2742 1004 2813 διαφορὰς
1034 2744 1266 2814 τίθησιν·
1317 2747 1445 2799 οἵτε
1488 2746 1596 2817 γὰρ
1642 2747 1734 2801 τὸν

172 2828 361 2899 σπόρον
391 2830 722 2895 ἀπολλύντες
760 2834 857 2904 οὐχ
885 2835 1068 2905 ὅμοιον
1099 2835 1304 2903 ἴσχουσι
1336 2836 1433 2905 τῆς
1463 2835 1735 2898 ἀπωλείας

172 2918 487 2992 τὸντρόπον·
512 2923 565 2975 οἴ
586 2924 634 2975 τ’
667 2919 734 2977 αὖ
775 2923 1145 2997 γεωργοῦντες
1175 2926 1356 2991 αὐτὸν,
1398 2926 1493 2978 καὶ
1530 2927 1619 2979 τὸν
1675 2926 1735 2991 ἐξ

173 3014 329 3068 αὐτοῦ
383 3016 730 3088 ποριζόμενοι
779 3018 1008 3088 καρπὸν,
1060 3019 1162 3072 οὐκ
1202 3018 1321 3089 ῐσην
1366 3019 1734 3089 ἀποφέρονται

172 3105 265 3176 τὴν
309 3108 594 3180 εὐπορίαν·
630 3110 709 3162 ἔτι
740 3110 873 3182 πρὸς
916 3110 1125 3174 τούτοις
1168 3110 1381 3173 καὶτὰς
1406 3110 1583 3173 αίτίας
1634 3110 1732 3182 τῆς

174 3196 534 3261 ἀποπτώσεως
565 3198 673 3251 τῶν
703 3199 794 3252 τὸν
836 3201 1032 3270 σπόρον
1056 3200 1395 3253 ἀπολλύντων
1429 3199 1732 3270 προγνώσει

174 3284 317 3357 θεῑκῇ
370 3289 719 3358 παρίστησιν·
761 3290 794 3360 ἦ
828 3289 935 3360 γάρ
971 3289 1059 3343 διὰ
1083 3290 1351 3359 ῥᾳθυμίας
1394 3290 1734 3357 ἀφυλάκτους

172 3378 264 3438 τας
306 3379 513 3433 ἑαυτῶν
572 3379 747 3450 ψυχὰς
801 3380 1174 3443 ἀπολιπόντες,
1219 3382 1286 3433 τὰ
1329 3381 1731 3451 καταϐληθέντα

174 3466 344 3530 αὐτοῖς
378 3471 621 3540 σωτήρια
676 3469 963 3539 σπέρματα
989 3467 1414 3532 ἀπολωλέκασιν,
1452 3470 1733 3540 ἁρπασάνο

174 3570 271 3607 των
322 3556 459 3611 αὐτὰ
494 3559 561 3609 ἐκ
600 3557 698 3629 τῆς
749 3556 925 3612 αὐτῶν
974 3556 1211 3621 διανοίας
1258 3575 1316 3610 τε
1357 3560 1447 3610 καὶ
1490 3561 1728 3628 μνήμης,

178 3644 375 3715 ἐχθρῶν
412 3663 576 3701 τινων
620 3648 712 3701 καὶ
759 3645 1058 3701 ἐπιϐούλων
1099 3646 1217 3717 ἦτοι
1275 3648 1598 3718 πνευμάτων
1639 3650 1731 3700 καὶ

173 3734 428 3805 δαιμόνων
459 3738 710 3808 πονηρῶν
743 3737 834 3791 τὸν
876 3736 1152 3807 περίγειον
1188 3737 1547 3807 διιπταμένων
1571 3740 1727 3809 ἀέρα,

174 3826 204 3895 ἢ
236 3828 435 3899 ἀνδρῶν
461 3832 672 3900 γοήτων
717 3830 811 3891 καὶ
836 3829 1146 3901 ἀπατηλῶν,
1177 3827 1209 3897 ἢ
1258 3827 1426 3895 λόγων
1474 3829 1731 3881 ἐναντίων

174 3920 235 3988 τῇ
265 3918 504 3996 ἀληθείᾳ·
530 3919 565 3972 ἃ
589 3919 652 3990 δὴ
672 3920 893 3973 πετεινά
923 3918 1153 3991 ούρανοῦ
1170 3918 1469 3988 ὠνόμασεν·
1506 3919 1538 3989 ἢ
1559 3918 1731 3971 δεύτε-

177 4025 261 4077 ρον
296 4009 380 4063 διὰ
420 4010 780 4081 φιλαργυρίαν
822 4010 915 4063 καὶ
941 4010 1268 4079 φιληδονίαν,
1298 4009 1386 4063 διά
1417 4026 1473 4061 τε
1507 4010 1607 4071 τὰς
1633 4008 1727 4062 τοῦ

176 4098 280 4167 βίον
300 4102 830 4172 φιλοπραγμοσύνας,
857 4102 893 4156 ἃ
923 4100 985 4171 δὴ
1010 4100 1249 4164 ἀκάνθας
1285 4100 1609 4181 ἀπεκάλεσε,
1638 4100 1728 4155 τὸν

1838 1909 2007 1963 mines
2028 1924 2215 1976 sparso
2236 1922 2557 1967 eventurum
2587 1913 2678 1978 sit,
2699 1916 2965 1982 praedicit.
2995 1914 3192 1971 Casum
3220 1920 3404 1990 itaque

1836 2000 2060 2054 miriﬁce
2114 2001 2346 2069 appellat
2394 2003 2697 2057 cmlestium
2756 2006 3020 2059 seminum
3068 2008 3119 2060 iu
3155 2008 3405 2066 homines

1833 2090 2243 2157 projectionem.
2273 2092 2526 2162 Duosque
2559 2094 2716 2150 docet
2756 2095 2873 2150 fore
2907 2097 3277 2165 recipientium
3313 2116 3403 2155 se-

1834 2196 1954 2234 men
1978 2182 2194 2236 ordines
2233 2198 2245 2233 :
2276 2185 2510 2253 priorem
2542 2186 2752 2239 illorum
2791 2190 2881 2257 qui
2916 2190 3192 2245 ccelestem
3234 2209 3399 2247 voca-

1836 2274 2035 2327 tionem
2058 2276 2257 2342 sortiti,
2284 2292 2380 2345 per
2404 2279 2907 2345 sooordiam_tamen
2936 2294 3098 2351 atque
3128 2284 3397 2351 ignaviam

1834 2370 2003 2434 gratia
2044 2368 2302 2423 excidunt
2335 2385 2349 2421 :
2382 2372 2678 2427 secundum
2726 2374 2977 2429 ordinem
3029 2376 3241 2433 illorum
3302 2382 3397 2447 qui

1832 2471 2014 2511 semen
2074 2460 2290 2529 egregio
2346 2458 2525 2515 fructu
2575 2462 2956 2531 multiplicant.
2983 2463 3119 2521 Tres
3148 2482 3310 2537 porro
3344 2470 3398 2525 in

1834 2555 2065 2616 utroque
2106 2550 2295 2605 ordine
2333 2550 2667 2608 diﬂ'erentias
2700 2554 2907 2608 statuit.
2939 2554 3071 2610 Nam
3108 2566 3161 2612 et
3188 2560 3278 2627 qui
3310 2575 3402 2614 se-

1834 2650 1955 2689 men
2012 2640 2359 2706 pessumdant
2388 2679 2403 2702 ,
2464 2642 2606 2697 haud
2646 2645 2761 2712 pari
2798 2645 2958 2700 modo
3002 2648 3396 2717 exstinguunt:

1832 2729 2175 2800 vicissimque
2202 2733 2236 2785 ii
2267 2733 2355 2801 qui
2393 2734 2520 2788 illud
2554 2735 2834 2801 excolunt,
2863 2752 2933 2791 ex
2956 2752 3130 2808 eoque
3160 2740 3397 2795 fructum

1834 2822 2077 2890 gignunt,
2129 2824 2271 2877 baud
2307 2825 2424 2892 pari
2458 2826 2706 2881 ubertate
2743 2838 2888 2882 sunt.
2939 2829 3163 2898 insuper
3208 2846 3403 2888 causas

1832 2913 1995 2964 etiam
2041 2912 2222 2981 lapsus
2270 2928 2456 2968 eorum
2509 2916 2601 2985 qui
2655 2931 2840 2972 semen
2898 2922 3399 2989 pessumdederum,

1833 3004 2011 3057 divina
2043 3006 2351 3073 provisione
2383 3008 2544 3062 sistit.
2576 3008 2711 3063 Nam
2756 3009 2841 3065 vel
2874 3011 3069 3072 ignave
3100 3014 3399 3069 incustodi-

1838 3102 1918 3149 tas
1947 3095 2157 3149 animas
2179 3111 2304 3151 suas
2326 3110 2447 3152 esse
2468 3098 2725 3165 sinentes,
2776 3099 2968 3166 iniecta
2994 3102 3047 3158 in
3072 3103 3171 3159 has
3194 3107 3400 3163 semina

1834 3185 2155 3251 amiserunt,
2184 3187 2518 3255 rapientibus
2545 3189 2755 3245 scilicet
2781 3205 2845 3245 ex
2871 3191 3110 3259 ipsorum
3136 3207 3317 3251 mente
3335 3212 3401 3252 ac

1834 3276 2091 3329 memoria
2127 3275 2360 3331 inimicis
2385 3277 2707 3346 quibusdam
2741 3290 2906 3348 atque
2940 3283 3212 3341 insidiosis
3239 3287 3400 3357 spiri-

1835 3365 1977 3419 tibus
2006 3366 2274 3433 malisque
2304 3368 2661 3435 dtemonibus,
2706 3371 2801 3440 qui
2834 3372 2887 3426 in
2921 3373 3022 3429 hoc
3057 3376 3202 3432 circa
3234 3378 3395 3435 tellu-

1833 3471 1945 3510 rem
1974 3472 2099 3512 aere
2123 3458 2387 3513 volitant:
2412 3461 2497 3514 vel
2516 3461 2679 3515 etiam
2704 3462 3059 3522 fraudulentis
3088 3468 3401 3527 hominibus

1832 3564 1895 3603 ac
1918 3549 2218 3613 fallacibus,
2254 3550 2338 3604 vel
2371 3553 2662 3608 contrariis
2691 3557 2905 3611 veritati
2936 3557 3235 3624 doctrinis;
3274 3578 3396 3631 qme

1829 3641 2009 3695 omnia
2043 3641 2344 3696 cmlestium
2368 3645 2648 3698 volucrum
2678 3647 2895 3701 nomine
2925 3648 3250 3718 ludigitavit.
3297 3651 3395 3709 Vel

1830 3729 1991 3783 etiam
2019 3734 2254 3785 secundo
2278 3730 2397 3786 loco
2424 3732 2657 3787 avaritia
2701 3742 2756 3788 et
2808 3737 3096 3805 voluptatis
3133 3739 3395 3808 studium,

1828 3828 1881 3873 et
1928 3819 2093 3874 varia:
2121 3822 2305 3875 mundi
2334 3836 2496 3888 curm,
2539 3839 2674 3893 quas
2715 3826 2898 3892 spinas
2926 3829 3082 3893 dixit,
3125 3844 3306 3885 semen
3338 3834 3393 3888 in

1830 3910 1959 3979 ipsis
2003 3911 2173 3966 emori
2214 3923 2432 3981 cogunt.
2467 3911 2563 3968 Vel
2590 3916 2821 3985 denique
2855 3919 3013 3973 tertio
3041 3918 3181 3985 loco,
3208 3936 3397 3991 perse-

1828 4003 2102 4057 cutionum
2149 4018 2211 4057 ac
2238 4017 2615 4072 pressurarum
2650 4008 2943 4063 certamina
2983 4025 3086 4065 non
3124 4013 3397 4070 sustincm

1828 4102 1926 4155 tes,
1958 4109 2092 4162 quas
2121 4103 2282 4150 testus
2311 4098 2525 4151 nomine
2555 4098 2605 4149 in
2634 4096 2882 4165 parabola
2916 4101 3223 4171 appellavit,
3245 4120 3398 4161 coar-

175 4190 229 4242 ἐν
251 4192 423 4254 αὐτοῖς
457 4191 657 4261 σπόρον
686 4192 1048 4262 ἀποπνιγῆναι
1078 4194 1454 4262 πεποιήκασιν·
1486 4191 1520 4260 ἢ
1548 4191 1727 4262 τρίτον

1832 4187 1938 4256 guti
1970 4196 2095 4240 sunt
2123 4187 2265 4241 haud
2299 4187 2405 4243 alte
2451 4188 2506 4242 iu
2547 4188 2756 4245 illorum
2800 4193 2978 4247 anima
3014 4208 3196 4249 semen
3227 4196 3393 4253 fuisse

176 4282 413 4353 διωγμῶν
445 4285 541 4337 καὶ
588 4287 957 4355 περιστάσεων
980 4286 1106 4348 τοὺς
1140 4284 1356 4351 ἀγῶνας
1376 4285 1473 4354 οὐχ
1503 4284 1727 4353 ὑπομεί-

180 4389 374 4436 ναντες,
402 4374 438 4429 ἀ
459 4375 523 4445 δὴ
558 4375 648 4427 καὶ
673 4374 923 4427 καύσωνα
956 4374 1041 4428 διὰ
1073 4375 1171 4444 τῆς
1206 4374 1519 4445 παραϐολῆς
1557 4390 1725 4445 προσ-

1827 4275 2144 4341 radicatum,
2166 4277 2261 4330 sed
2303 4276 2355 4330 in
2385 4277 2668 4345 superﬁcie
2698 4282 3066 4337 tantummodo
3099 4296 3163 4336 ac
3192 4286 3393 4353 specie,

1826 4364 1972 4417 brevi
2012 4373 2249 4433 tempore
2275 4364 2591 4431 efﬂoruisse,
2630 4375 2684 4421 et
2732 4383 2868 4422 vana
2918 4370 3088 4437 plebis
3133 4371 3390 4440 opinione

176 4468 339 4528 εἶπεν,
371 4465 792 4537 ἀπηλέγχθησαν
822 4466 896 4535 μὴ
930 4465 1068 4518 κατά
1096 4465 1256 4533 βάθος
1285 4464 1382 4533 τῆς
1408 4464 1584 4516 αὐτῶν
1622 4464 1723 4532 ψυ-

1832 4456 2042 4511 liabitos
2066 4470 2184 4510 esse
2208 4457 2451 4512 homines
2468 4456 2640 4529 frugi;
2668 4474 2803 4527 quos
2820 4459 2908 4513 diu
2928 4460 3154 4516 latentes
3178 4463 3391 4516 demum

175 4556 265 4625 χῆς
302 4558 389 4610 τὸν
427 4558 627 4629 σπόρον
679 4557 1055 4628 ἐρριζωμένοι,
1095 4555 1208 4607 ἀλλ’
1238 4553 1295 4618 ἐξ
1338 4554 1599 4624 ἐπιπολῆς
1631 4554 1726 4607 καὶ

1832 4547 2053 4609 revelat,
2093 4547 2231 4615 ignis
2254 4548 2422 4602 instar
2454 4550 2763 4617 explorans,
2790 4560 2843 4604 et
2881 4552 3101 4606 minime
3132 4552 3393 4621 genuinos

179 4646 325 4717 μέχρι
337 4647 427 4700 τοῦ
449 4649 624 4701 δοκεῖν
651 4646 724 4713 ὡς
744 4646 877 4717 πρός
905 4664 1027 4700 τινα.
1060 4646 1248 4715 καιρὸν
1280 4644 1479 4707 ἀνθεῖν,
1514 4646 1608 4698 καὶ
1655 4648 1723 4716 τῇ

1832 4656 2128 4711 coarguens
2181 4651 2409 4708 tempus,
2459 4645 2601 4713 quod
2632 4654 2819 4699 aestum
2852 4654 2979 4715 apto
3008 4648 3269 4702 vocabulo
3294 4661 3391 4716 ap-

174 4736 273 4788 τῶν
310 4739 516 4792 πολλῶν
564 4738 829 4808 φαντασίᾳ.
884 4737 1203 4799 σπουδαίους
1227 4731 1362 4788 εἶναι
1388 4736 1721 4806 νομίζεσθαι·

1832 4736 2044 4802 pellavit
2067 4733 2342 4788 Servatur.

174 4826 260 4891 οὓς
286 4829 375 4883 καὶ
423 4829 616 4899 μακρῷ
650 4829 909 4893 λαθόντας
946 4830 1117 4900 χρόνῳ
1150 4828 1374 4890 ἐπιστὰς
1426 4826 1729 4899 ἀπήλεγξεν
1763 4826 2114 4898 όπυρωτικδς
2145 4826 2370 4880 καὶτῶν
2428 4826 2491 4880 οὐ
2541 4827 2778 4895 γνησίων
2801 4826 3162 4898 διελεγκτικὺς
3180 4830 3389 4902 καιρὸς,

174 4920 301 4993 ὕνδὴ
320 4922 573 4976 καύσωνα
594 4923 892 4987 εὐθυόόλως
918 4926 946 4977 ὁ
978 4924 1165 4995 Σωτὴρ
1186 4926 1456 4994 ὠνόμασε.

827 5040 1064 5093 ιΘ¹ΗΗ.

827 5040 904 5093 ιθι
955 5040 1012 5093 Η
1050 5080 1064 5093 .

248 5130 305 5183 ’0
354 5130 410 5185 δέ
444 5138 608 5193 αυτὸς
637 5130 841 5197 ἐδίδαξε
886 5042 983 5202 τήν
1015 5040 1192 5186 eiiciat)
1243 5131 1309 5184 δι’
1349 5131 1415 5201 ὴν
1434 5134 1556 5194 τοῖς
1592 5130 1724 5201 πλή-

2540 5036 2682 5093 XIX.

1892 5130 2022 5186 Item
2052 5131 2298 5186 Christus
2328 5145 2545 5185 causam
2573 5130 2755 5185 docuit
2776 5145 2871 5184 cur
2898 5144 2961 5183 ao
2988 5131 3388 5187 multitudinem

181 5216 283 5271 θεσι
335 5221 398 5274 δι’
430 5223 764 5293 αἰνιγμάτων
794 5224 917 5285 τοὺς
962 5222 1150 5290 λόγους
1191 5224 1493 5294 παρεδίδου·
1543 5223 1724 5286 αὐτοῖς

1832 5238 1927 5277 non
1976 5225 2180 5290 absque
2234 5225 2517 5293 aenigmate
2570 5222 2925 5290 loqueretur:
2959 5224 3234 5291 discipulis
3276 5226 3392 5292 qui-

182 5308 271 5377 μὲν
300 5307 539 5381 ἐφεῖσθαι
576 5314 741 5367 είπὼν
768 5313 837 5367 τὰ
868 5316 1139 5385 μυστήρια
1168 5315 1263 5384 τῆς
1292 5313 1385 5367 τοῦ
1403 5313 1537 5367 Θεοῦ
1572 5313 1722 5381 βασι-

181 5397 313 5465 λείας
330 5405 632 5471 μανθάνειν,
665 5406 739 5476 μὴ
771 5404 1005 5459 δίδοσθαι
1024 5406 1081 5459 δὲ
1104 5407 1349 5470 ἐκείνοις,
1384 5408 1508 5468 τοὺς
1535 5406 1719 5474 ὄχλους

269 5606 349 5676 10)
376 5607 506 5664 Cod.
528 5609 594 5665 Α.
616 5608 655 5663 f.
676 5609 798 5673 122,
828 5610 880 5665 b.
915 5608 1324 5677 Sequentiahzec
1354 5622 1475 5661 cum
1510 5622 1713 5675 praece-

1823 5314 1943 5369 dem
1972 5314 2191 5368 concedi
2216 5314 2422 5376 dicens,
2448 5322 2506 5366 ut
2530 5315 2779 5384 mysteria
2806 5313 2949 5380 regni
2977 5314 3064 5367 Dei
3089 5316 3387 5380 discerent,

1826 5421 1931 5461 non
1970 5415 2145 5461 tamen
2182 5406 2371 5461 turbis.
2428 5405 2515 5459 Ait
2541 5407 2685 5459 enim
2720 5422 2734 5459 :
2766 5402 2863 5459 Est
2892 5414 3067 5458 autem
3096 5407 3205 5460 hmc
3233 5420 3391 5477 parq-

1890 5610 2002 5676 (ll)
2042 5609 2173 5664 Cod.
2226 5609 2286 5665 L.
2342 5609 2381 5662 l'.
2421 5610 2506 5672 l6,
2548 5608 2603 5663 b.
2656 5607 3012 5661 Conl'emutur
3070 5606 3394 5675 sequentia,

187 5673 412 5751 dentibus
434 5688 556 5746 apte
582 5681 847 5751 connecti,
884 5673 1019 5751 quis
1043 5695 1149 5751 non
1192 5678 1379 5729 videt?
1406 5673 1713 5745 quanquam
1823 5691 1875 5735 ut
1898 5673 2021 5751 ‘jztltl
2050 5681 2181 5746 dixi,
2226 5697 2346 5737 cum
2384 5680 2605 5750 Syriaca
2635 5678 2986 5747 Theophania,
3020 5691 3096 5744 tv,
3120 5676 3210 5731 53.

188 5741 235 5796 iu
257 5748 430 5804 codice
465 5741 677 5809 nonnisi
705 5741 914 5805 nudutn‘
939 5748 1153 5805 Eusebii
1200 5762 1393 5802 nomen
1427 5741 1643 5817 'gerunt.
