  <div class='ocr_page' id='page_1' title='image "/cluster/home/n/w/nwhite01/storage/ocr_20150623/24/pst.000005712083/358.png"; bbox 0 0 4070 6304; ppageno 0'>
   <div class='ocr_carea' id='block_1_1' title="bbox 192 338 289 393">
    <p class='ocr_par' dir='ltr' id='par_1_1' title="bbox 192 338 289 393">
     <span class='ocr_line' id='line_1_1' title="bbox 192 338 289 393; baseline -0.031 0"><span class='ocrx_word' id='word_1_1' title='bbox 192 338 289 393; x_wconf 61' lang='grc' dir='ltr'><strong>εει</strong></span> 
     </span>
    </p>
   </div>
   <div class='ocr_carea' id='block_1_2' title="bbox 1560 320 2150 384">
    <p class='ocr_par' dir='ltr' id='par_1_2' title="bbox 1560 320 2150 384">
     <span class='ocr_line' id='line_1_2' title="bbox 1560 320 2150 384; baseline -0.003 -2"><span class='ocrx_word' id='word_1_2' title='bbox 1560 326 1646 383; x_wconf 79' lang='lat' dir='ltr'><strong>DE</strong></span> <span class='ocrx_word' id='word_1_3' title='bbox 1682 320 2150 384; x_wconf 75' lang='lat' dir='ltr'><strong>THEOPHANIA.</strong></span> 
     </span>
    </p>
   </div>
   <div class='ocr_carea' id='block_1_3' title="bbox 3327 318 3433 373">
    <p class='ocr_par' dir='ltr' id='par_1_3' title="bbox 3327 318 3433 373">
     <span class='ocr_line' id='line_1_3' title="bbox 3327 318 3433 373; baseline -0.009 0"><span class='ocrx_word' id='word_1_4' title='bbox 3327 318 3433 373; x_wconf 64' lang='lat'><strong>682</strong></span> 
     </span>
    </p>
   </div>
   <div class='ocr_carea' id='block_1_4' title="bbox 196 434 1780 524">
    <p class='ocr_par' dir='ltr' id='par_1_4' title="bbox 196 448 1762 524">
     <span class='ocr_line' id='line_1_4' title="bbox 196 448 1762 524; baseline -0.004 -16"><span class='ocrx_word' id='word_1_5' title='bbox 196 455 324 508; x_wconf 76' lang='grc' dir='ltr'>πᾶσι</span> <span class='ocrx_word' id='word_1_6' title='bbox 356 452 699 524; x_wconf 72' lang='grc' dir='ltr'><strong>καταληπτά·</strong></span> <span class='ocrx_word' id='word_1_7' title='bbox 737 452 864 524; x_wconf 77' lang='grc' dir='ltr'>ὑμῖν</span> <span class='ocrx_word' id='word_1_8' title='bbox 901 451 1008 523; x_wconf 78' lang='grc' dir='ltr'><strong>γὰρ</strong></span> <span class='ocrx_word' id='word_1_9' title='bbox 1033 453 1145 514; x_wconf 80' lang='grc' dir='ltr'>τοῖς</span> <span class='ocrx_word' id='word_1_10' title='bbox 1188 448 1367 521; x_wconf 71' lang='grc' dir='ltr'>ἔχουσι</span> <span class='ocrx_word' id='word_1_11' title='bbox 1399 450 1497 522; x_wconf 74' lang='grc' dir='ltr'>τὴν</span> <span class='ocrx_word' id='word_1_12' title='bbox 1555 450 1632 513; x_wconf 82' lang='grc' dir='ltr'><strong>εἰς</strong></span> <span class='ocrx_word' id='word_1_13' title='bbox 1664 450 1762 521; x_wconf 65' lang='grc' dir='ltr'>εμὲ</span> 
     </span>
    </p>
   </div>
   <div class='ocr_carea' id='block_1_5' title="bbox 1884 434 3436 524">
    <p class='ocr_par' dir='ltr' id='par_1_5' title="bbox 1884 434 3436 517">
     <span class='ocr_line' id='line_1_5' title="bbox 1884 434 3436 517; baseline -0.005 -16"><span class='ocrx_word' id='word_1_14' title='bbox 1884 448 1976 501; x_wconf 83' lang='grc' dir='ltr'><strong>1Ιηί</strong></span> <span class='ocrx_word' id='word_1_15' title='bbox 2027 442 2377 517; x_wconf 86' lang='lat' dir='ltr'><strong>intelligibilla</strong></span> <span class='ocrx_word' id='word_1_16' title='bbox 2412 456 2518 499; x_wconf 91' lang='lat' dir='ltr'><strong>non</strong></span> <span class='ocrx_word' id='word_1_17' title='bbox 2543 449 2687 497; x_wconf 90' lang='lat' dir='ltr'><strong>sunt.</strong></span> <span class='ocrx_word' id='word_1_18' title='bbox 2723 434 2888 496; x_wconf 80' lang='lat' dir='ltr'><strong>Vobis</strong></span> <span class='ocrx_word' id='word_1_19' title='bbox 2932 437 3100 505; x_wconf 89' lang='lat' dir='ltr'><strong>enlm,</strong></span> <span class='ocrx_word' id='word_1_20' title='bbox 3135 437 3228 509; x_wconf 86' lang='lat' dir='ltr'><strong>qui</strong></span> <span class='ocrx_word' id='word_1_21' title='bbox 3258 437 3312 494; x_wconf 91' lang='lat' dir='ltr'><strong>in</strong></span> <span class='ocrx_word' id='word_1_22' title='bbox 3348 454 3436 494; x_wconf 88' lang='lat' dir='ltr'><strong>me</strong></span> 
     </span>
    </p>
   </div>
   <div class='ocr_carea' id='block_1_6' title="bbox 197 537 1756 615">
    <p class='ocr_par' dir='ltr' id='par_1_6' title="bbox 197 537 1756 615">
     <span class='ocr_line' id='line_1_6' title="bbox 197 537 1756 615; baseline -0.006 -16"><span class='ocrx_word' id='word_1_23' title='bbox 197 546 373 599; x_wconf 82' lang='grc' dir='ltr'>πίστιν</span> <span class='ocrx_word' id='word_1_24' title='bbox 390 590 393 591; x_wconf 40' lang='grc' dir='ltr'><strong>ν</strong></span> <span class='ocrx_word' id='word_1_25' title='bbox 410 546 504 599; x_wconf 80' lang='grc' dir='ltr'>καὶ</span> <span class='ocrx_word' id='word_1_26' title='bbox 532 544 695 615; x_wconf 77' lang='grc' dir='ltr'>ἡτῶν</span> <span class='ocrx_word' id='word_1_27' title='bbox 713 544 1037 615; x_wconf 77' lang='grc' dir='ltr'>ἀπορρήτων</span> <span class='ocrx_word' id='word_1_28' title='bbox 1076 539 1505 611; x_wconf 80' lang='grc' dir='ltr'><strong>προστεθήσεται</strong></span> <span class='ocrx_word' id='word_1_29' title='bbox 1534 537 1756 606; x_wconf 88' lang='grc' dir='ltr'>γνῶσις·</span> 
     </span>
    </p>
   </div>
   <div class='ocr_carea' id='block_1_7' title="bbox 195 630 1762 707">
    <p class='ocr_par' dir='ltr' id='par_1_7' title="bbox 195 630 1762 707">
     <span class='ocr_line' id='line_1_7' title="bbox 195 630 1762 707; baseline -0.006 -16"><span class='ocrx_word' id='word_1_30' title='bbox 195 638 304 698; x_wconf 75' lang='grc' dir='ltr'>τοῖς</span> <span class='ocrx_word' id='word_1_31' title='bbox 326 636 386 690; x_wconf 66' lang='grc' dir='ltr'>δὲ</span> <span class='ocrx_word' id='word_1_32' title='bbox 423 636 498 707; x_wconf 78' lang='grc' dir='ltr'>μὴ</span> <span class='ocrx_word' id='word_1_33' title='bbox 519 635 697 688; x_wconf 83' lang='grc' dir='ltr'>πίστιν</span> <span class='ocrx_word' id='word_1_34' title='bbox 716 633 932 703; x_wconf 64' lang='grc' dir='ltr'>ἔχουσιν</span> <span class='ocrx_word' id='word_1_35' title='bbox 956 630 1241 702; x_wconf 69' lang='grc' dir='ltr'>εἰλικρινῆ,</span> <span class='ocrx_word' id='word_1_36' title='bbox 1277 630 1762 701; x_wconf 77' lang='grc' dir='ltr'><strong>προσποιουμένοις</strong></span> 
     </span>
    </p>
   </div>
   <div class='ocr_carea' id='block_1_8' title="bbox 196 721 1763 798">
    <p class='ocr_par' dir='ltr' id='par_1_8' title="bbox 196 721 1763 798">
     <span class='ocr_line' id='line_1_8' title="bbox 196 721 1763 798; baseline -0.005 -16"><span class='ocrx_word' id='word_1_37' title='bbox 196 726 250 783; x_wconf 64' lang='grc' dir='ltr'>δὲ</span> <span class='ocrx_word' id='word_1_38' title='bbox 275 727 440 798; x_wconf 68' lang='grc' dir='ltr'>ἔχειν,</span> <span class='ocrx_word' id='word_1_39' title='bbox 497 726 634 797; x_wconf 83' lang='grc' dir='ltr'>πρὸς</span> <span class='ocrx_word' id='word_1_40' title='bbox 660 724 721 777; x_wconf 82' lang='grc' dir='ltr'>τὸ</span> <span class='ocrx_word' id='word_1_41' title='bbox 754 724 918 797; x_wconf 64' lang='grc' dir='ltr'>μηδὲν</span> <span class='ocrx_word' id='word_1_42' title='bbox 973 722 1134 776; x_wconf 74' lang='grc' dir='ltr'>πλέον</span> <span class='ocrx_word' id='word_1_43' title='bbox 1181 724 1245 775; x_wconf 71' lang='lat' dir='ltr'><strong>lx</strong></span> <span class='ocrx_word' id='word_1_44' title='bbox 1285 722 1391 777; x_wconf 85' lang='grc' dir='ltr'><strong>τῶν</strong></span> <span class='ocrx_word' id='word_1_45' title='bbox 1438 721 1763 793; x_wconf 76' lang='grc' dir='ltr'>παραϐολῶν</span> 
     </span>
    </p>
   </div>
   <div class='ocr_carea' id='block_1_9' title="bbox 200 811 1764 887">
    <p class='ocr_par' dir='ltr' id='par_1_9' title="bbox 200 811 1764 887">
     <span class='ocr_line' id='line_1_9' title="bbox 200 811 1764 887; baseline -0.004 -16"><span class='ocrx_word' id='word_1_46' title='bbox 200 815 572 887; x_wconf 66' lang='grc' dir='ltr'><strong>γινώσκεσθαι,</strong></span> <span class='ocrx_word' id='word_1_47' title='bbox 595 815 684 868; x_wconf 73' lang='grc' dir='ltr'>καὶ</span> <span class='ocrx_word' id='word_1_48' title='bbox 712 815 965 886; x_wconf 81' lang='grc' dir='ltr'>στέρησις</span> <span class='ocrx_word' id='word_1_49' title='bbox 982 812 1242 869; x_wconf 67' lang='grc' dir='ltr'>ἕσταιτοῦ</span> <span class='ocrx_word' id='word_1_50' title='bbox 1275 812 1559 876; x_wconf 77' lang='grc' dir='ltr'>δοκοῦντος</span> <span class='ocrx_word' id='word_1_51' title='bbox 1580 811 1764 877; x_wconf 74' lang='grc' dir='ltr'>αὐτοῖς</span> 
     </span>
    </p>
   </div>
   <div class='ocr_carea' id='block_1_10' title="bbox 195 904 1766 979">
    <p class='ocr_par' dir='ltr' id='par_1_10' title="bbox 195 904 1766 979">
     <span class='ocr_line' id='line_1_10' title="bbox 195 904 1766 979; baseline -0.004 -17"><span class='ocrx_word' id='word_1_52' title='bbox 195 907 477 979; x_wconf 72' lang='grc' dir='ltr'>ὑπάρχειν,</span> <span class='ocrx_word' id='word_1_53' title='bbox 516 904 865 976; x_wconf 68' lang='grc' dir='ltr'>ιλεγχθείσης</span> <span class='ocrx_word' id='word_1_54' title='bbox 897 904 1076 959; x_wconf 74' lang='grc' dir='ltr'>αὐτῶν</span> <span class='ocrx_word' id='word_1_55' title='bbox 1124 906 1183 960; x_wconf 70' lang='grc' dir='ltr'><strong>εν</strong></span> <span class='ocrx_word' id='word_1_56' title='bbox 1222 904 1400 977; x_wconf 84' lang='grc' dir='ltr'>καιρῷ</span> <span class='ocrx_word' id='word_1_57' title='bbox 1449 904 1549 975; x_wconf 81' lang='grc' dir='ltr'>τῆς</span> <span class='ocrx_word' id='word_1_58' title='bbox 1598 920 1766 975; x_wconf 88' lang='grc' dir='ltr'>προσ-</span> 
     </span>
    </p>
   </div>
   <div class='ocr_carea' id='block_1_11' title="bbox 194 995 706 1068">
    <p class='ocr_par' dir='ltr' id='par_1_11' title="bbox 194 995 706 1068">
     <span class='ocr_line' id='line_1_11' title="bbox 194 995 706 1068; baseline -0.006 -17"><span class='ocrx_word' id='word_1_59' title='bbox 194 998 419 1068; x_wconf 78' lang='grc' dir='ltr'>ποιήτου</span> <span class='ocrx_word' id='word_1_60' title='bbox 452 995 706 1059; x_wconf 85' lang='grc' dir='ltr'>πίστεως.</span> 
     </span>
    </p>
   </div>
   <div class='ocr_carea' id='block_1_12' title="bbox 282 1077 1767 1157">
    <p class='ocr_par' dir='ltr' id='par_1_12' title="bbox 282 1077 1767 1157">
     <span class='ocr_line' id='line_1_12' title="bbox 282 1077 1767 1157; baseline -0.001 -18"><span class='ocrx_word' id='word_1_61' title='bbox 282 1086 346 1139; x_wconf 87' lang='lat'><strong>&#39;0</strong></span> <span class='ocrx_word' id='word_1_62' title='bbox 376 1084 485 1157; x_wconf 79' lang='grc' dir='ltr'><strong>γάρ</strong></span> <span class='ocrx_word' id='word_1_63' title='bbox 540 1084 732 1156; x_wconf 84' lang='grc' dir='ltr'>χρόνος</span> <span class='ocrx_word' id='word_1_64' title='bbox 787 1077 1003 1140; x_wconf 81' lang='grc' dir='ltr'>πάντων</span> <span class='ocrx_word' id='word_1_65' title='bbox 1054 1084 1291 1153; x_wconf 67' lang='grc' dir='ltr'>ἔλεγχοςο</span> <span class='ocrx_word' id='word_1_66' title='bbox 1348 1084 1453 1138; x_wconf 75' lang='grc' dir='ltr'>κᾶν</span> <span class='ocrx_word' id='word_1_67' title='bbox 1504 1080 1597 1139; x_wconf 83' lang='grc' dir='ltr'>οὖν</span> <span class='ocrx_word' id='word_1_68' title='bbox 1631 1083 1767 1156; x_wconf 81' lang='grc' dir='ltr'>πρὸς</span> 
     </span>
    </p>
   </div>
   <div class='ocr_carea' id='block_1_13' title="bbox 194 1172 1766 1250">
    <p class='ocr_par' dir='ltr' id='par_1_13' title="bbox 194 1172 1766 1250">
     <span class='ocr_line' id='line_1_13' title="bbox 194 1172 1766 1250; baseline -0.002 -19"><span class='ocrx_word' id='word_1_69' title='bbox 194 1176 375 1249; x_wconf 80' lang='grc' dir='ltr'>ὀλίγον</span> <span class='ocrx_word' id='word_1_70' title='bbox 400 1180 433 1247; x_wconf 83' lang='grc' dir='ltr'>ἠ</span> <span class='ocrx_word' id='word_1_71' title='bbox 464 1178 584 1231; x_wconf 79' lang='grc' dir='ltr'>καθ’</span> <span class='ocrx_word' id='word_1_72' title='bbox 622 1176 775 1248; x_wconf 80' lang='grc' dir='ltr'>ὑμῶν</span> <span class='ocrx_word' id='word_1_73' title='bbox 810 1172 1000 1248; x_wconf 82' lang='grc' dir='ltr'>ίσχύσῃ</span> <span class='ocrx_word' id='word_1_74' title='bbox 1037 1176 1257 1250; x_wconf 80' lang='grc' dir='ltr'>διαὸολὴ</span> <span class='ocrx_word' id='word_1_75' title='bbox 1296 1178 1387 1231; x_wconf 76' lang='grc' dir='ltr'>καὶ</span> <span class='ocrx_word' id='word_1_76' title='bbox 1413 1175 1766 1245; x_wconf 80' lang='grc' dir='ltr'>συκοφαντία,</span> 
     </span>
    </p>
   </div>
   <div class='ocr_carea' id='block_1_14' title="bbox 195 1268 1768 1341">
    <p class='ocr_par' dir='ltr' id='par_1_14' title="bbox 195 1268 1768 1341">
     <span class='ocr_line' id='line_1_14' title="bbox 195 1268 1768 1341; baseline -0.003 -16"><span class='ocrx_word' id='word_1_77' title='bbox 195 1270 313 1325; x_wconf 78' lang='grc' dir='ltr'>ἀλλ’</span> <span class='ocrx_word' id='word_1_78' title='bbox 367 1268 535 1323; x_wconf 71' lang='grc' dir='ltr'>ιπιὼν</span> <span class='ocrx_word' id='word_1_79' title='bbox 580 1271 610 1323; x_wconf 83' lang='grc' dir='ltr'><strong>ό</strong></span> <span class='ocrx_word' id='word_1_80' title='bbox 648 1268 856 1340; x_wconf 82' lang='grc' dir='ltr'>μακρὸς</span> <span class='ocrx_word' id='word_1_81' title='bbox 889 1269 1100 1341; x_wconf 83' lang='grc' dir='ltr'>χρόνος,</span> <span class='ocrx_word' id='word_1_82' title='bbox 1136 1270 1231 1323; x_wconf 79' lang='grc' dir='ltr'>καὶ</span> <span class='ocrx_word' id='word_1_83' title='bbox 1274 1270 1651 1339; x_wconf 82' lang='grc' dir='ltr'>διαλάμπουσα</span> <span class='ocrx_word' id='word_1_84' title='bbox 1699 1268 1768 1321; x_wconf 85' lang='grc' dir='ltr'><strong>δι’</strong></span> 
     </span>
    </p>
   </div>
   <div class='ocr_carea' id='block_1_15' title="bbox 196 1358 1767 1434">
    <p class='ocr_par' dir='ltr' id='par_1_15' title="bbox 196 1358 1767 1434">
     <span class='ocr_line' id='line_1_15' title="bbox 196 1358 1767 1434; baseline -0.003 -18"><span class='ocrx_word' id='word_1_85' title='bbox 196 1361 353 1434; x_wconf 85' lang='grc' dir='ltr'>ὑμῶν</span> <span class='ocrx_word' id='word_1_86' title='bbox 368 1363 530 1416; x_wconf 75' lang='grc' dir='ltr'>πᾶσιν</span> <span class='ocrx_word' id='word_1_87' title='bbox 546 1360 852 1432; x_wconf 79' lang='grc' dir='ltr'>ἀνθρώποις</span> <span class='ocrx_word' id='word_1_88' title='bbox 867 1360 1305 1432; x_wconf 66' lang='grc' dir='ltr'>καταϐαλλομένη</span> <span class='ocrx_word' id='word_1_89' title='bbox 1315 1359 1679 1429; x_wconf 87' lang='grc' dir='ltr'>διδασκαλία(1</span> <span class='ocrx_word' id='word_1_90' title='bbox 1694 1358 1767 1429; x_wconf 74' lang='grc'><strong>1),</strong></span> 
     </span>
    </p>
   </div>
   <div class='ocr_carea' id='block_1_16' title="bbox 197 1450 1769 1522">
    <p class='ocr_par' dir='ltr' id='par_1_16' title="bbox 197 1450 1769 1522">
     <span class='ocr_line' id='line_1_16' title="bbox 197 1450 1769 1522; baseline -0.003 -15"><span class='ocrx_word' id='word_1_91' title='bbox 197 1453 264 1507; x_wconf 79' lang='grc' dir='ltr'>τὰ</span> <span class='ocrx_word' id='word_1_92' title='bbox 320 1453 416 1507; x_wconf 78' lang='grc' dir='ltr'>νῦν</span> <span class='ocrx_word' id='word_1_93' title='bbox 476 1453 613 1517; x_wconf 83' lang='grc' dir='ltr'>τέως</span> <span class='ocrx_word' id='word_1_94' title='bbox 659 1452 989 1508; x_wconf 82' lang='grc' dir='ltr'>λανθάνοντα</span> <span class='ocrx_word' id='word_1_95' title='bbox 1023 1454 1148 1516; x_wconf 80' lang='grc' dir='ltr'>τοὺς</span> <span class='ocrx_word' id='word_1_96' title='bbox 1213 1452 1439 1513; x_wconf 83' lang='grc' dir='ltr'>πολλοὺς</span> <span class='ocrx_word' id='word_1_97' title='bbox 1493 1450 1769 1522; x_wconf 75' lang='grc' dir='ltr'>ἐκλάμψαι</span> 
     </span>
    </p>
   </div>
   <div class='ocr_carea' id='block_1_17' title="bbox 196 1534 1771 1617">
    <p class='ocr_par' dir='ltr' id='par_1_17' title="bbox 196 1534 1771 1617">
     <span class='ocr_line' id='line_1_17' title="bbox 196 1534 1771 1617; baseline -0.003 -18"><span class='ocrx_word' id='word_1_98' title='bbox 196 1546 431 1617; x_wconf 75' lang='grc' dir='ltr'>ποιήσει,</span> <span class='ocrx_word' id='word_1_99' title='bbox 463 1545 557 1599; x_wconf 74' lang='grc' dir='ltr'>καὶ</span> <span class='ocrx_word' id='word_1_100' title='bbox 584 1545 711 1605; x_wconf 81' lang='grc' dir='ltr'>τοὺς</span> <span class='ocrx_word' id='word_1_101' title='bbox 768 1543 1109 1613; x_wconf 74' lang='grc' dir='ltr'>συκοφάντας</span> <span class='ocrx_word' id='word_1_102' title='bbox 1141 1534 1367 1613; x_wconf 66' lang='grc' dir='ltr'>ὲλέγξει.</span> <span class='ocrx_word' id='word_1_103' title='bbox 1415 1542 1651 1596; x_wconf 81' lang='grc' dir='ltr'>Βλέπετε</span> <span class='ocrx_word' id='word_1_104' title='bbox 1678 1538 1771 1595; x_wconf 79' lang='grc' dir='ltr'>οὖν</span> 
     </span>
    </p>
   </div>
   <div class='ocr_carea' id='block_1_18' title="bbox 199 1633 1772 1708">
    <p class='ocr_par' dir='ltr' id='par_1_18' title="bbox 199 1633 1772 1708">
     <span class='ocr_line' id='line_1_18' title="bbox 199 1633 1772 1708; baseline -0.003 -18"><span class='ocrx_word' id='word_1_105' title='bbox 199 1636 319 1701; x_wconf 81' lang='grc' dir='ltr'><strong>πῶς</strong></span> <span class='ocrx_word' id='word_1_106' title='bbox 351 1636 595 1690; x_wconf 73' lang='grc' dir='ltr'>ἀκούετεο</span> <span class='ocrx_word' id='word_1_107' title='bbox 625 1637 654 1689; x_wconf 89' lang='grc' dir='ltr'><strong>ό</strong></span> <span class='ocrx_word' id='word_1_108' title='bbox 675 1634 813 1706; x_wconf 68' lang='grc' dir='ltr'>ἔχων</span> <span class='ocrx_word' id='word_1_109' title='bbox 855 1636 965 1708; x_wconf 85' lang='grc' dir='ltr'>γὰρ</span> <span class='ocrx_word' id='word_1_110' title='bbox 989 1633 1285 1689; x_wconf 82' lang='grc' dir='ltr'>σπουδαίαν</span> <span class='ocrx_word' id='word_1_111' title='bbox 1319 1634 1636 1707; x_wconf 86' lang='grc' dir='ltr'>προαίρεσιν</span> <span class='ocrx_word' id='word_1_112' title='bbox 1677 1634 1772 1705; x_wconf 80' lang='grc' dir='ltr'><strong>λή-</strong></span> 
     </span>
    </p>
   </div>
   <div class='ocr_carea' id='block_1_19' title="bbox 198 1726 1771 1800">
    <p class='ocr_par' dir='ltr' id='par_1_19' title="bbox 198 1726 1771 1800">
     <span class='ocr_line' id='line_1_19' title="bbox 198 1726 1771 1800; baseline -0.002 -19"><span class='ocrx_word' id='word_1_113' title='bbox 198 1729 357 1799; x_wconf 62' lang='grc' dir='ltr'>ψεται</span> <span class='ocrx_word' id='word_1_114' title='bbox 388 1727 702 1799; x_wconf 86' lang='grc' dir='ltr'>Πνεύματος</span> <span class='ocrx_word' id='word_1_115' title='bbox 731 1728 890 1800; x_wconf 82' lang='grc' dir='ltr'>χάριν</span> <span class='ocrx_word' id='word_1_116' title='bbox 922 1727 1015 1781; x_wconf 75' lang='grc' dir='ltr'>καὶ</span> <span class='ocrx_word' id='word_1_117' title='bbox 1042 1726 1232 1796; x_wconf 85' lang='grc' dir='ltr'>σοφίας</span> <span class='ocrx_word' id='word_1_118' title='bbox 1264 1728 1357 1780; x_wconf 81' lang='grc' dir='ltr'>καὶ</span> <span class='ocrx_word' id='word_1_119' title='bbox 1376 1726 1650 1795; x_wconf 86' lang='grc' dir='ltr'>γνώσεως,</span> <span class='ocrx_word' id='word_1_120' title='bbox 1679 1726 1771 1779; x_wconf 71' lang='grc' dir='ltr'>καὶ</span> 
     </span>
    </p>
   </div>
   <div class='ocr_carea' id='block_1_20' title="bbox 1862 529 3436 604">
    <p class='ocr_par' dir='ltr' id='par_1_20' title="bbox 1862 529 3436 604">
     <span class='ocr_line' id='line_1_20' title="bbox 1862 529 3436 604; baseline -0.004 -11"><span class='ocrx_word' id='word_1_121' title='bbox 1862 536 2119 601; x_wconf 83' lang='lat' dir='ltr'><strong>creditis,</strong></span> <span class='ocrx_word' id='word_1_122' title='bbox 2157 548 2477 590; x_wconf 85' lang='lat' dir='ltr'><strong>arcanorum</strong></span> <span class='ocrx_word' id='word_1_123' title='bbox 2538 546 2754 604; x_wconf 85' lang='lat' dir='ltr'><strong>quoque</strong></span> <span class='ocrx_word' id='word_1_124' title='bbox 2806 529 3093 601; x_wconf 71' lang='lat' dir='ltr'><strong>adiicietur</strong></span> <span class='ocrx_word' id='word_1_125' title='bbox 3134 530 3350 587; x_wconf 84' lang='lat' dir='ltr'><strong>notitia.</strong></span> <span class='ocrx_word' id='word_1_126' title='bbox 3396 529 3436 586; x_wconf 90' lang='lat' dir='ltr'><strong>li</strong></span> 
     </span>
    </p>
   </div>
   <div class='ocr_carea' id='block_1_21' title="bbox 1864 620 3437 695">
    <p class='ocr_par' dir='ltr' id='par_1_21' title="bbox 1864 620 3437 695">
     <span class='ocr_line' id='line_1_21' title="bbox 1864 620 3437 695; baseline -0.002 -16"><span class='ocrx_word' id='word_1_127' title='bbox 1864 634 2041 679; x_wconf 88' lang='lat' dir='ltr'><strong>autem</strong></span> <span class='ocrx_word' id='word_1_128' title='bbox 2095 624 2186 694; x_wconf 88' lang='lat' dir='ltr'><strong>qui</strong></span> <span class='ocrx_word' id='word_1_129' title='bbox 2236 639 2425 695; x_wconf 91' lang='lat' dir='ltr'><strong>puram</strong></span> <span class='ocrx_word' id='word_1_130' title='bbox 2478 621 2640 678; x_wconf 84' lang='lat' dir='ltr'><strong>lldem</strong></span> <span class='ocrx_word' id='word_1_131' title='bbox 2695 636 2801 678; x_wconf 91' lang='lat' dir='ltr'><strong>non</strong></span> <span class='ocrx_word' id='word_1_132' title='bbox 2850 620 3076 686; x_wconf 91' lang='lat' dir='ltr'><strong>habent,</strong></span> <span class='ocrx_word' id='word_1_133' title='bbox 3118 620 3215 692; x_wconf 86' lang='lat' dir='ltr'><strong>sed</strong></span> <span class='ocrx_word' id='word_1_134' title='bbox 3268 620 3437 676; x_wconf 75' lang='lat' dir='ltr'><strong>simu-</strong></span> 
     </span>
    </p>
   </div>
   <div class='ocr_carea' id='block_1_22' title="bbox 1864 711 3437 787">
    <p class='ocr_par' dir='ltr' id='par_1_22' title="bbox 1864 711 3437 787">
     <span class='ocr_line' id='line_1_22' title="bbox 1864 711 3437 787; baseline -0.003 -17"><span class='ocrx_word' id='word_1_135' title='bbox 1864 714 1997 782; x_wconf 89' lang='lat' dir='ltr'><strong>lant,</strong></span> <span class='ocrx_word' id='word_1_136' title='bbox 2017 724 2373 785; x_wconf 72' lang='lat' dir='ltr'><strong>praeterquam</strong></span> <span class='ocrx_word' id='word_1_137' title='bbox 2396 714 2540 787; x_wconf 86' lang='lat' dir='ltr'><strong>quod</strong></span> <span class='ocrx_word' id='word_1_138' title='bbox 2567 713 2701 770; x_wconf 86' lang='lat' dir='ltr'><strong>nihil</strong></span> <span class='ocrx_word' id='word_1_139' title='bbox 2732 713 2797 768; x_wconf 89' lang='lat' dir='ltr'><strong>de</strong></span> <span class='ocrx_word' id='word_1_140' title='bbox 2816 711 3091 782; x_wconf 81' lang='lat' dir='ltr'><strong>parabolis</strong></span> <span class='ocrx_word' id='word_1_141' title='bbox 3116 711 3437 783; x_wconf 73' lang='lat' dir='ltr'><strong>intelligent,</strong></span> 
     </span>
    </p>
   </div>
   <div class='ocr_carea' id='block_1_23' title="bbox 1862 802 3438 877">
    <p class='ocr_par' dir='ltr' id='par_1_23' title="bbox 1862 802 3438 877">
     <span class='ocr_line' id='line_1_23' title="bbox 1862 802 3438 877; baseline -0.003 -13"><span class='ocrx_word' id='word_1_142' title='bbox 1862 822 1929 864; x_wconf 86' lang='lat' dir='ltr'><strong>eo</strong></span> <span class='ocrx_word' id='word_1_143' title='bbox 1956 808 2117 863; x_wconf 89' lang='lat' dir='ltr'><strong>etiam</strong></span> <span class='ocrx_word' id='word_1_144' title='bbox 2153 807 2527 877; x_wconf 77' lang='lat' dir='ltr'><strong>speliabuntur</strong></span> <span class='ocrx_word' id='word_1_145' title='bbox 2570 808 2714 877; x_wconf 92' lang='lat' dir='ltr'><strong>quod</strong></span> <span class='ocrx_word' id='word_1_146' title='bbox 2750 804 3003 860; x_wconf 88' lang='lat' dir='ltr'><strong>videntur</strong></span> <span class='ocrx_word' id='word_1_147' title='bbox 3047 802 3273 871; x_wconf 86' lang='lat' dir='ltr'><strong>habere,</strong></span> <span class='ocrx_word' id='word_1_148' title='bbox 3314 818 3438 860; x_wconf 89' lang='lat' dir='ltr'><strong>cum</strong></span> 
     </span>
    </p>
   </div>
   <div class='ocr_carea' id='block_1_24' title="bbox 1866 899 3271 972">
    <p class='ocr_par' dir='ltr' id='par_1_24' title="bbox 1866 899 3271 972">
     <span class='ocr_line' id='line_1_24' title="bbox 1866 899 3271 972; baseline -0.005 -15"><span class='ocrx_word' id='word_1_149' title='bbox 1866 900 2079 958; x_wconf 88' lang='lat' dir='ltr'><strong>illorum</strong></span> <span class='ocrx_word' id='word_1_150' title='bbox 2108 899 2233 957; x_wconf 86' lang='lat' dir='ltr'><strong>licta</strong></span> <span class='ocrx_word' id='word_1_151' title='bbox 2260 900 2394 957; x_wconf 83' lang='lat' dir='ltr'><strong>lides</strong></span> <span class='ocrx_word' id='word_1_152' title='bbox 2430 900 2628 956; x_wconf 84' lang='lat' dir='ltr'><strong>idoneo</strong></span> <span class='ocrx_word' id='word_1_153' title='bbox 2657 907 2899 972; x_wconf 70' lang='lat' dir='ltr'><strong>tempore</strong></span> <span class='ocrx_word' id='word_1_154' title='bbox 2927 907 3271 967; x_wconf 88' lang='lat' dir='ltr'><strong>coarguetur.</strong></span> 
     </span>
    </p>
   </div>
   <div class='ocr_carea' id='block_1_25' title="bbox 1937 1080 3440 1155">
    <p class='ocr_par' dir='ltr' id='par_1_25' title="bbox 1937 1080 3440 1155">
     <span class='ocr_line' id='line_1_25' title="bbox 1937 1080 3440 1155; baseline -0.003 -15"><span class='ocrx_word' id='word_1_155' title='bbox 1937 1086 1981 1119; x_wconf 76' lang='grc' dir='ltr'><strong>ἰ</strong></span> <span class='ocrx_word' id='word_1_156' title='bbox 2014 1082 2147 1141; x_wconf 88' lang='lat' dir='ltr'><strong>Nam</strong></span> <span class='ocrx_word' id='word_1_157' title='bbox 2193 1094 2404 1155; x_wconf 88' lang='lat' dir='ltr'><strong>tempus</strong></span> <span class='ocrx_word' id='word_1_158' title='bbox 2432 1094 2626 1141; x_wconf 89' lang='lat' dir='ltr'><strong>cuncta</strong></span> <span class='ocrx_word' id='word_1_159' title='bbox 2682 1083 2955 1154; x_wconf 87' lang='lat' dir='ltr'><strong>coarguit.</strong></span> <span class='ocrx_word' id='word_1_160' title='bbox 3002 1080 3228 1139; x_wconf 82' lang='lat' dir='ltr'><strong>Etiamsi</strong></span> <span class='ocrx_word' id='word_1_161' title='bbox 3274 1080 3440 1152; x_wconf 85' lang='lat' dir='ltr'><strong>igitur</strong></span> 
     </span>
    </p>
   </div>
   <div class='ocr_carea' id='block_1_26' title="bbox 1869 1164 3441 1243">
    <p class='ocr_par' dir='ltr' id='par_1_26' title="bbox 1869 1164 3441 1243">
     <span class='ocr_line' id='line_1_26' title="bbox 1869 1164 3441 1243; baseline -0.002 -12"><span class='ocrx_word' id='word_1_162' title='bbox 1869 1164 2132 1243; x_wconf 83' lang='lat' dir='ltr'><strong>tantisper</strong></span> <span class='ocrx_word' id='word_1_163' title='bbox 2161 1175 2469 1231; x_wconf 87' lang='lat' dir='ltr'><strong>criminatio</strong></span> <span class='ocrx_word' id='word_1_164' title='bbox 2486 1174 2570 1230; x_wconf 88' lang='lat' dir='ltr'><strong>vel</strong></span> <span class='ocrx_word' id='word_1_165' title='bbox 2596 1174 2867 1231; x_wconf 76' lang='lat' dir='ltr'><strong>calumnia</strong></span> <span class='ocrx_word' id='word_1_166' title='bbox 2896 1175 3158 1230; x_wconf 83' lang='lat' dir='ltr'><strong>adversus</strong></span> <span class='ocrx_word' id='word_1_167' title='bbox 3180 1187 3277 1228; x_wconf 85' lang='lat' dir='ltr'><strong>vos</strong></span> <span class='ocrx_word' id='word_1_168' title='bbox 3299 1172 3441 1231; x_wconf 82' lang='lat' dir='ltr'><strong>iorte</strong></span> 
     </span>
    </p>
   </div>
   <div class='ocr_carea' id='block_1_27' title="bbox 1870 1266 3442 1340">
    <p class='ocr_par' dir='ltr' id='par_1_27' title="bbox 1870 1266 3442 1340">
     <span class='ocr_line' id='line_1_27' title="bbox 1870 1266 3442 1340; baseline -0.003 -17"><span class='ocrx_word' id='word_1_169' title='bbox 1870 1268 2218 1340; x_wconf 62' lang='lat' dir='ltr'><strong>praevaleat;</strong></span> <span class='ocrx_word' id='word_1_170' title='bbox 2278 1276 2334 1321; x_wconf 87' lang='lat' dir='ltr'><strong>at</strong></span> <span class='ocrx_word' id='word_1_171' title='bbox 2390 1268 2729 1336; x_wconf 73' lang='lat' dir='ltr'><strong>subsequens</strong></span> <span class='ocrx_word' id='word_1_172' title='bbox 2795 1266 3064 1337; x_wconf 79' lang='lat' dir='ltr'><strong>prolixum</strong></span> <span class='ocrx_word' id='word_1_173' title='bbox 3126 1275 3337 1334; x_wconf 86' lang='lat' dir='ltr'><strong>tempus</strong></span> <span class='ocrx_word' id='word_1_174' title='bbox 3386 1272 3442 1319; x_wconf 90' lang='lat' dir='ltr'><strong>et</strong></span> 
     </span>
    </p>
   </div>
   <div class='ocr_carea' id='block_1_28' title="bbox 1869 1358 3442 1432">
    <p class='ocr_par' dir='ltr' id='par_1_28' title="bbox 1869 1358 3442 1432">
     <span class='ocr_line' id='line_1_28' title="bbox 1869 1358 3442 1432; baseline -0.002 -15"><span class='ocrx_word' id='word_1_175' title='bbox 1869 1361 2145 1432; x_wconf 85' lang='lat' dir='ltr'><strong>splendida</strong></span> <span class='ocrx_word' id='word_1_176' title='bbox 2175 1376 2271 1432; x_wconf 89' lang='lat' dir='ltr'><strong>per</strong></span> <span class='ocrx_word' id='word_1_177' title='bbox 2303 1375 2398 1415; x_wconf 84' lang='lat' dir='ltr'><strong>vos</strong></span> <span class='ocrx_word' id='word_1_178' title='bbox 2424 1361 2637 1416; x_wconf 86' lang='lat' dir='ltr'><strong>cunctis</strong></span> <span class='ocrx_word' id='word_1_179' title='bbox 2686 1359 2994 1413; x_wconf 89' lang='lat' dir='ltr'><strong>hominibus</strong></span> <span class='ocrx_word' id='word_1_180' title='bbox 3038 1358 3310 1429; x_wconf 79' lang='lat' dir='ltr'><strong>impertita</strong></span> <span class='ocrx_word' id='word_1_181' title='bbox 3344 1358 3442 1414; x_wconf 71' lang='lat' dir='ltr'><strong>don</strong></span> 
     </span>
    </p>
   </div>
   <div class='ocr_carea' id='block_1_29' title="bbox 1872 1450 3444 1522">
    <p class='ocr_par' dir='ltr' id='par_1_29' title="bbox 1872 1450 3444 1522">
     <span class='ocr_line' id='line_1_29' title="bbox 1872 1450 3444 1522; baseline -0.003 -13"><span class='ocrx_word' id='word_1_182' title='bbox 1872 1452 2071 1518; x_wconf 82' lang='lat' dir='ltr'><strong>ctrina,</strong></span> <span class='ocrx_word' id='word_1_183' title='bbox 2100 1467 2162 1507; x_wconf 88' lang='lat' dir='ltr'><strong>ca</strong></span> <span class='ocrx_word' id='word_1_184' title='bbox 2190 1466 2310 1522; x_wconf 73' lang='lat' dir='ltr'><strong>quae</strong></span> <span class='ocrx_word' id='word_1_185' title='bbox 2361 1467 2506 1507; x_wconf 92' lang='lat' dir='ltr'><strong>nunc</strong></span> <span class='ocrx_word' id='word_1_186' title='bbox 2532 1450 2730 1507; x_wconf 89' lang='lat' dir='ltr'><strong>multos</strong></span> <span class='ocrx_word' id='word_1_187' title='bbox 2777 1451 2968 1518; x_wconf 86' lang='lat' dir='ltr'><strong>latent,</strong></span> <span class='ocrx_word' id='word_1_188' title='bbox 3029 1450 3341 1507; x_wconf 86' lang='lat' dir='ltr'><strong>illucescere</strong></span> <span class='ocrx_word' id='word_1_189' title='bbox 3368 1450 3444 1506; x_wconf 62' lang='lat' dir='ltr'><strong>ia.</strong></span> 
     </span>
    </p>
   </div>
   <div class='ocr_carea' id='block_1_30' title="bbox 1871 1542 3446 1613">
    <p class='ocr_par' dir='ltr' id='par_1_30' title="bbox 1871 1542 3446 1613">
     <span class='ocr_line' id='line_1_30' title="bbox 1871 1542 3446 1613; baseline -0.001 -14"><span class='ocrx_word' id='word_1_190' title='bbox 1871 1544 2000 1611; x_wconf 89' lang='lat' dir='ltr'><strong>ciet,</strong></span> <span class='ocrx_word' id='word_1_191' title='bbox 2055 1552 2113 1601; x_wconf 93' lang='lat' dir='ltr'><strong>et</strong></span> <span class='ocrx_word' id='word_1_192' title='bbox 2168 1543 2591 1599; x_wconf 79' lang='lat' dir='ltr'><strong>calumniatores</strong></span> <span class='ocrx_word' id='word_1_193' title='bbox 2652 1543 2960 1613; x_wconf 88' lang='lat' dir='ltr'><strong>redarguet.</strong></span> <span class='ocrx_word' id='word_1_194' title='bbox 3018 1542 3446 1598; x_wconf 80' lang='lat' dir='ltr'><strong>Animadvertite</strong></span> 
     </span>
    </p>
   </div>
   <div class='ocr_carea' id='block_1_31' title="bbox 1874 1632 3445 1709">
    <p class='ocr_par' dir='ltr' id='par_1_31' title="bbox 1874 1632 3445 1709">
     <span class='ocr_line' id='line_1_31' title="bbox 1874 1632 3445 1709; baseline -0.001 -19"><span class='ocrx_word' id='word_1_195' title='bbox 1874 1636 2040 1709; x_wconf 82' lang='lat' dir='ltr'><strong>igitur</strong></span> <span class='ocrx_word' id='word_1_196' title='bbox 2078 1634 2351 1706; x_wconf 89' lang='lat' dir='ltr'><strong>quomodo</strong></span> <span class='ocrx_word' id='word_1_197' title='bbox 2408 1634 2661 1690; x_wconf 82' lang='lat' dir='ltr'><strong>audiatis.</strong></span> <span class='ocrx_word' id='word_1_198' title='bbox 2726 1632 2862 1689; x_wconf 78' lang='lat' dir='ltr'><strong>Nam</strong></span> <span class='ocrx_word' id='word_1_199' title='bbox 2908 1634 2999 1703; x_wconf 89' lang='lat' dir='ltr'><strong>qui</strong></span> <span class='ocrx_word' id='word_1_200' title='bbox 3047 1634 3214 1689; x_wconf 83' lang='lat' dir='ltr'><strong>habet</strong></span> <span class='ocrx_word' id='word_1_201' title='bbox 3244 1634 3445 1690; x_wconf 90' lang='lat' dir='ltr'><strong>bonum</strong></span> 
     </span>
    </p>
   </div>
   <div class='ocr_carea' id='block_1_32' title="bbox 1876 1723 3440 1798">
    <p class='ocr_par' dir='ltr' id='par_1_32' title="bbox 1876 1723 3440 1798">
     <span class='ocr_line' id='line_1_32' title="bbox 1876 1723 3440 1798; baseline -0.001 -17"><span class='ocrx_word' id='word_1_202' title='bbox 1876 1726 2232 1798; x_wconf 79' lang='lat' dir='ltr'><strong>prepositum,</strong></span> <span class='ocrx_word' id='word_1_203' title='bbox 2275 1724 2502 1795; x_wconf 87' lang='lat' dir='ltr'><strong>accipiet</strong></span> <span class='ocrx_word' id='word_1_204' title='bbox 2545 1724 2780 1795; x_wconf 88' lang='lat' dir='ltr'><strong>Spiritus</strong></span> <span class='ocrx_word' id='word_1_205' title='bbox 2806 1724 3036 1795; x_wconf 86' lang='lat' dir='ltr'><strong>gratiam</strong></span> <span class='ocrx_word' id='word_1_206' title='bbox 3070 1732 3127 1779; x_wconf 90' lang='lat' dir='ltr'><strong>et</strong></span> <span class='ocrx_word' id='word_1_207' title='bbox 3159 1723 3440 1795; x_wconf 63' lang='lat' dir='ltr'><strong>sapientia</strong></span> 
     </span>
    </p>
   </div>
   <div class='ocr_carea' id='block_1_33' title="bbox 182 1793 1780 1891">
    <p class='ocr_par' dir='ltr' id='par_1_33' title="bbox 182 1793 1775 1891">
     <span class='ocr_line' id='line_1_33' title="bbox 182 1793 1775 1891; baseline -0.001 -18"><span class='ocrx_word' id='word_1_208' title='bbox 382 1820 488 1873; x_wconf 88' lang='grc' dir='ltr'><strong>τῶν</strong></span> <span class='ocrx_word' id='word_1_209' title='bbox 515 1793 695 1873; x_wconf 74' lang='grc' dir='ltr'>πόνων</span> <span class='ocrx_word' id='word_1_210' title='bbox 856 1793 1229 1891; x_wconf 51' lang='grc' dir='ltr'>ἀμοιϐήνίκαὶ</span> <span class='ocrx_word' id='word_1_211' title='bbox 1260 1818 1318 1883; x_wconf 82' lang='grc' dir='ltr'>ὃς</span> <span class='ocrx_word' id='word_1_212' title='bbox 1343 1793 1410 1873; x_wconf 79' lang='grc' dir='ltr'>ἂν</span> <span class='ocrx_word' id='word_1_213' title='bbox 1428 1817 1503 1890; x_wconf 79' lang='grc' dir='ltr'>μὴ</span> <span class='ocrx_word' id='word_1_214' title='bbox 1532 1819 1651 1890; x_wconf 75' lang='grc' dir='ltr'>ἔχῃ,</span> <span class='ocrx_word' id='word_1_215' title='bbox 1681 1820 1775 1872; x_wconf 73' lang='grc' dir='ltr'>καὶ</span> 
     </span>
    </p>
   </div>
   <div class='ocr_carea' id='block_1_34' title="bbox 1884 1793 3449 1891">
    <p class='ocr_par' dir='ltr' id='par_1_34' title="bbox 1884 1793 3449 1889">
     <span class='ocr_line' id='line_1_34' title="bbox 1884 1793 3449 1889; baseline 0 -16"><span class='ocrx_word' id='word_1_216' title='bbox 1884 1793 1943 1875; x_wconf 74' lang='lat' dir='ltr'><strong>ac</strong></span> <span class='ocrx_word' id='word_1_217' title='bbox 1976 1793 2271 1883; x_wconf 56' lang='lat' dir='ltr'><strong>scientia,</strong></span> <span class='ocrx_word' id='word_1_218' title='bbox 2309 1793 2640 1889; x_wconf 77' lang='lat' dir='ltr'><strong>dignamque</strong></span> <span class='ocrx_word' id='word_1_219' title='bbox 2698 1793 2946 1873; x_wconf 79' lang='lat' dir='ltr'><strong>laborum</strong></span> <span class='ocrx_word' id='word_1_220' title='bbox 3001 1793 3350 1873; x_wconf 80' lang='lat' dir='ltr'><strong>mercedem:</strong></span> <span class='ocrx_word' id='word_1_221' title='bbox 3393 1816 3449 1873; x_wconf 83' lang='lat' dir='ltr'><strong>ei</strong></span> 
     </span>
    </p>
   </div>
   <div class='ocr_carea' id='block_1_35' title="bbox 197 1905 1776 1984">
    <p class='ocr_par' dir='ltr' id='par_1_35' title="bbox 197 1905 1776 1984">
     <span class='ocr_line' id='line_1_35' title="bbox 197 1905 1776 1984; baseline 0.001 -21"><span class='ocrx_word' id='word_1_222' title='bbox 197 1910 225 1963; x_wconf 87' lang='grc' dir='ltr'><strong>δ</strong></span> <span class='ocrx_word' id='word_1_223' title='bbox 252 1911 404 1965; x_wconf 81' lang='grc' dir='ltr'>δοκεῖ</span> <span class='ocrx_word' id='word_1_224' title='bbox 423 1905 903 1983; x_wconf 81' lang='grc' dir='ltr'>ἐχειν,άρθήσεται</span> <span class='ocrx_word' id='word_1_225' title='bbox 926 1912 1019 1965; x_wconf 81' lang='grc' dir='ltr'><strong>ἀπ’</strong></span> <span class='ocrx_word' id='word_1_226' title='bbox 1036 1910 1222 1965; x_wconf 81' lang='grc' dir='ltr'>αὑτοῦ·</span> <span class='ocrx_word' id='word_1_227' title='bbox 1245 1911 1313 1965; x_wconf 82' lang='grc' dir='ltr'>τὰ</span> <span class='ocrx_word' id='word_1_228' title='bbox 1337 1912 1445 1984; x_wconf 76' lang='grc' dir='ltr'><strong>γὰρ</strong></span> <span class='ocrx_word' id='word_1_229' title='bbox 1468 1914 1531 1965; x_wconf 82' lang='grc' dir='ltr'>ὲκ</span> <span class='ocrx_word' id='word_1_230' title='bbox 1564 1913 1776 1980; x_wconf 82' lang='grc' dir='ltr'>φύσεως</span> 
     </span>
    </p>
   </div>
   <div class='ocr_carea' id='block_1_36' title="bbox 197 1999 1775 2075">
    <p class='ocr_par' dir='ltr' id='par_1_36' title="bbox 197 1999 1775 2075">
     <span class='ocr_line' id='line_1_36' title="bbox 197 1999 1775 2075; baseline 0.001 -22"><span class='ocrx_word' id='word_1_231' title='bbox 197 2000 334 2071; x_wconf 70' lang='grc' dir='ltr'>ἡμῖν</span> <span class='ocrx_word' id='word_1_232' title='bbox 364 2000 569 2062; x_wconf 71' lang='grc' dir='ltr'>ἐνόντα,</span> <span class='ocrx_word' id='word_1_233' title='bbox 595 2000 628 2071; x_wconf 78' lang='grc' dir='ltr'>ἢ</span> <span class='ocrx_word' id='word_1_234' title='bbox 662 1999 748 2054; x_wconf 80' lang='grc' dir='ltr'>διὰ</span> <span class='ocrx_word' id='word_1_235' title='bbox 775 2000 994 2072; x_wconf 86' lang='grc' dir='ltr'>χάριτος</span> <span class='ocrx_word' id='word_1_236' title='bbox 1020 2000 1259 2066; x_wconf 73' lang='grc' dir='ltr'>δοθέντα,</span> <span class='ocrx_word' id='word_1_237' title='bbox 1292 2002 1387 2055; x_wconf 76' lang='grc' dir='ltr'>ἐὰν</span> <span class='ocrx_word' id='word_1_238' title='bbox 1425 2004 1499 2075; x_wconf 82' lang='grc' dir='ltr'>μὴ</span> <span class='ocrx_word' id='word_1_239' title='bbox 1528 2002 1616 2056; x_wconf 87' lang='grc' dir='ltr'><strong>διὰ</strong></span> <span class='ocrx_word' id='word_1_240' title='bbox 1648 2020 1775 2055; x_wconf 60' lang='grc' dir='ltr'>συν-</span> 
     </span>
    </p>
   </div>
   <div class='ocr_carea' id='block_1_37' title="bbox 197 2091 1775 2166">
    <p class='ocr_par' dir='ltr' id='par_1_37' title="bbox 197 2091 1775 2166">
     <span class='ocr_line' id='line_1_37' title="bbox 197 2091 1775 2166; baseline 0.001 -21"><span class='ocrx_word' id='word_1_241' title='bbox 197 2091 360 2162; x_wconf 81' lang='grc' dir='ltr'>εχοῦς</span> <span class='ocrx_word' id='word_1_242' title='bbox 388 2092 660 2163; x_wconf 83' lang='grc' dir='ltr'>προσοχῆς</span> <span class='ocrx_word' id='word_1_243' title='bbox 689 2094 783 2146; x_wconf 81' lang='grc' dir='ltr'>καὶ</span> <span class='ocrx_word' id='word_1_244' title='bbox 829 2092 1066 2164; x_wconf 81' lang='grc' dir='ltr'>σπουδῆς</span> <span class='ocrx_word' id='word_1_245' title='bbox 1107 2091 1393 2161; x_wconf 82' lang='grc' dir='ltr'>φιλοπόνου</span> <span class='ocrx_word' id='word_1_246' title='bbox 1432 2093 1775 2166; x_wconf 77' lang='grc' dir='ltr'>φυλάξωμεν,</span> 
     </span>
    </p>
   </div>
   <div class='ocr_carea' id='block_1_38' title="bbox 198 2183 1776 2258">
    <p class='ocr_par' dir='ltr' id='par_1_38' title="bbox 198 2183 1776 2258">
     <span class='ocr_line' id='line_1_38' title="bbox 198 2183 1776 2258; baseline 0.001 -19"><span class='ocrx_word' id='word_1_247' title='bbox 198 2183 378 2240; x_wconf 72' lang='grc' dir='ltr'>ταῦτα</span> <span class='ocrx_word' id='word_1_248' title='bbox 417 2183 900 2258; x_wconf 74' lang='grc' dir='ltr'>ζημιωθησόμεθα,</span> <span class='ocrx_word' id='word_1_249' title='bbox 931 2185 991 2237; x_wconf 84' lang='grc' dir='ltr'><strong>ού</strong></span> <span class='ocrx_word' id='word_1_250' title='bbox 1024 2185 1183 2256; x_wconf 90' lang='grc' dir='ltr'>μόνον</span> <span class='ocrx_word' id='word_1_251' title='bbox 1220 2186 1385 2257; x_wconf 86' lang='grc' dir='ltr'>μηδὲν</span> <span class='ocrx_word' id='word_1_252' title='bbox 1422 2186 1776 2258; x_wconf 73' lang='grc' dir='ltr'>προσλαμϐά-</span> 
     </span>
    </p>
   </div>
   <div class='ocr_carea' id='block_1_39' title="bbox 197 2277 1773 2357">
    <p class='ocr_par' dir='ltr' id='par_1_39' title="bbox 197 2277 1773 2357">
     <span class='ocr_line' id='line_1_39' title="bbox 197 2277 1773 2357; baseline 0 -24"><span class='ocrx_word' id='word_1_253' title='bbox 197 2295 404 2342; x_wconf 76' lang='grc' dir='ltr'>νοντες,</span> <span class='ocrx_word' id='word_1_254' title='bbox 446 2277 581 2332; x_wconf 75' lang='grc' dir='ltr'>ἀλλὰ</span> <span class='ocrx_word' id='word_1_255' title='bbox 622 2277 1097 2350; x_wconf 88' lang='grc' dir='ltr'>προσαπολλύντες</span> <span class='ocrx_word' id='word_1_256' title='bbox 1128 2281 1222 2333; x_wconf 79' lang='grc' dir='ltr'>καὶ</span> <span class='ocrx_word' id='word_1_257' title='bbox 1261 2280 1297 2335; x_wconf 69' lang='grc' dir='ltr'><strong>ἃ.</strong></span> <span class='ocrx_word' id='word_1_258' title='bbox 1326 2280 1467 2357; x_wconf 74' lang='grc' dir='ltr'>ἔχειν</span> <span class='ocrx_word' id='word_1_259' title='bbox 1495 2280 1773 2352; x_wconf 69' lang='grc' dir='ltr'>ἐδόξαμενθ</span> 
     </span>
    </p>
   </div>
   <div class='ocr_carea' id='block_1_40' title="bbox 198 2367 1780 2442">
    <p class='ocr_par' dir='ltr' id='par_1_40' title="bbox 198 2367 1780 2442">
     <span class='ocr_line' id='line_1_40' title="bbox 198 2367 1780 2442; baseline -0.001 -17"><span class='ocrx_word' id='word_1_260' title='bbox 198 2370 293 2430; x_wconf 67' lang='grc' dir='ltr'>καὶ</span> <span class='ocrx_word' id='word_1_261' title='bbox 322 2367 387 2423; x_wconf 76' lang='grc' dir='ltr'>αὖ</span> <span class='ocrx_word' id='word_1_262' title='bbox 416 2369 475 2433; x_wconf 79' lang='grc' dir='ltr'>ὃς</span> <span class='ocrx_word' id='word_1_263' title='bbox 490 2368 677 2440; x_wconf 74' lang='grc' dir='ltr'>ἐχειτὺ</span> <span class='ocrx_word' id='word_1_264' title='bbox 700 2368 857 2437; x_wconf 85' lang='grc' dir='ltr'>φύσει</span> <span class='ocrx_word' id='word_1_265' title='bbox 886 2370 1110 2440; x_wconf 82' lang='grc' dir='ltr'>εὐήκοον</span> <span class='ocrx_word' id='word_1_266' title='bbox 1142 2370 1277 2442; x_wconf 79' lang='grc' dir='ltr'>πρὸς</span> <span class='ocrx_word' id='word_1_267' title='bbox 1297 2370 1388 2423; x_wconf 83' lang='grc' dir='ltr'>τὸν</span> <span class='ocrx_word' id='word_1_268' title='bbox 1412 2369 1589 2439; x_wconf 89' lang='grc' dir='ltr'>λόγον,</span> <span class='ocrx_word' id='word_1_269' title='bbox 1604 2369 1780 2442; x_wconf 86' lang='grc' dir='ltr'>τούτῳ</span> 
     </span>
    </p>
   </div>
   <div class='ocr_carea' id='block_1_41' title="bbox 198 2459 1782 2535">
    <p class='ocr_par' dir='ltr' id='par_1_41' title="bbox 198 2459 1782 2535">
     <span class='ocr_line' id='line_1_41' title="bbox 198 2459 1782 2535; baseline -0.001 -20"><span class='ocrx_word' id='word_1_270' title='bbox 198 2462 295 2515; x_wconf 70' lang='grc' dir='ltr'>καὶ</span> <span class='ocrx_word' id='word_1_271' title='bbox 323 2461 525 2530; x_wconf 87' lang='grc' dir='ltr'>όλόγος</span> <span class='ocrx_word' id='word_1_272' title='bbox 548 2459 817 2531; x_wconf 83' lang='grc' dir='ltr'>ἀληθινῶς</span> <span class='ocrx_word' id='word_1_273' title='bbox 834 2460 1055 2524; x_wconf 81' lang='grc' dir='ltr'>δίδοται,</span> <span class='ocrx_word' id='word_1_274' title='bbox 1089 2463 1181 2514; x_wconf 70' lang='grc' dir='ltr'>καὶ</span> <span class='ocrx_word' id='word_1_275' title='bbox 1211 2462 1563 2534; x_wconf 81' lang='grc' dir='ltr'>προσγίνεται</span> <span class='ocrx_word' id='word_1_276' title='bbox 1593 2465 1662 2535; x_wconf 72' lang='grc' dir='ltr'>τῇ</span> <span class='ocrx_word' id='word_1_277' title='bbox 1688 2478 1782 2531; x_wconf 81' lang='grc' dir='ltr'>φυ-</span> 
     </span>
    </p>
   </div>
   <div class='ocr_carea' id='block_1_42' title="bbox 199 2550 1779 2625">
    <p class='ocr_par' dir='ltr' id='par_1_42' title="bbox 199 2550 1779 2625">
     <span class='ocr_line' id='line_1_42' title="bbox 199 2550 1779 2625; baseline -0.001 -18"><span class='ocrx_word' id='word_1_278' title='bbox 199 2554 331 2624; x_wconf 76' lang='grc' dir='ltr'>σικῇ</span> <span class='ocrx_word' id='word_1_279' title='bbox 367 2553 575 2606; x_wconf 77' lang='grc' dir='ltr'>συνέσει</span> <span class='ocrx_word' id='word_1_280' title='bbox 612 2552 675 2606; x_wconf 84' lang='grc' dir='ltr'>τὸ</span> <span class='ocrx_word' id='word_1_281' title='bbox 716 2553 782 2605; x_wconf 78' lang='grc' dir='ltr'>ὲκ</span> <span class='ocrx_word' id='word_1_282' title='bbox 815 2550 961 2615; x_wconf 83' lang='grc' dir='ltr'>θείας</span> <span class='ocrx_word' id='word_1_283' title='bbox 988 2553 1303 2625; x_wconf 81' lang='grc' dir='ltr'>ἀκροάσεως</span> <span class='ocrx_word' id='word_1_284' title='bbox 1353 2552 1534 2624; x_wconf 83' lang='grc' dir='ltr'>σοφόν.</span> <span class='ocrx_word' id='word_1_285' title='bbox 1582 2555 1679 2616; x_wconf 78' lang='grc' dir='ltr'><strong>ὐς</strong></span> <span class='ocrx_word' id='word_1_286' title='bbox 1721 2551 1779 2605; x_wconf 71' lang='grc' dir='ltr'>δὲ</span> 
     </span>
    </p>
   </div>
   <div class='ocr_carea' id='block_1_43' title="bbox 197 2643 1780 2719">
    <p class='ocr_par' dir='ltr' id='par_1_43' title="bbox 197 2643 1780 2719">
     <span class='ocr_line' id='line_1_43' title="bbox 197 2643 1780 2719; baseline 0 -20"><span class='ocrx_word' id='word_1_287' title='bbox 197 2644 302 2699; x_wconf 80' lang='grc' dir='ltr'>οὐκ</span> <span class='ocrx_word' id='word_1_288' title='bbox 328 2643 444 2717; x_wconf 74' lang='grc' dir='ltr'>εχει</span> <span class='ocrx_word' id='word_1_289' title='bbox 467 2643 528 2698; x_wconf 82' lang='grc' dir='ltr'>τὸ</span> <span class='ocrx_word' id='word_1_290' title='bbox 569 2644 659 2698; x_wconf 79' lang='grc' dir='ltr'>διὰ</span> <span class='ocrx_word' id='word_1_291' title='bbox 695 2644 795 2715; x_wconf 85' lang='grc' dir='ltr'>τῆς</span> <span class='ocrx_word' id='word_1_292' title='bbox 849 2644 910 2711; x_wconf 68' lang='grc' dir='ltr'><strong>ἐξ</strong></span> <span class='ocrx_word' id='word_1_293' title='bbox 934 2644 1109 2715; x_wconf 79' lang='grc' dir='ltr'>ἀρχῆς</span> <span class='ocrx_word' id='word_1_294' title='bbox 1134 2645 1494 2717; x_wconf 81' lang='grc' dir='ltr'>δημιουργίας</span> <span class='ocrx_word' id='word_1_295' title='bbox 1539 2645 1780 2719; x_wconf 79' lang='grc' dir='ltr'>ὑπάρχον</span> 
     </span>
    </p>
   </div>
   <div class='ocr_carea' id='block_1_44' title="bbox 198 2733 1781 2808">
    <p class='ocr_par' dir='ltr' id='par_1_44' title="bbox 198 2733 1781 2808">
     <span class='ocr_line' id='line_1_44' title="bbox 198 2733 1781 2808; baseline 0 -17"><span class='ocrx_word' id='word_1_296' title='bbox 198 2735 353 2807; x_wconf 74' lang='grc' dir='ltr'>αὐτῷ</span> <span class='ocrx_word' id='word_1_297' title='bbox 386 2734 525 2791; x_wconf 84' lang='grc' dir='ltr'>σῶον</span> <span class='ocrx_word' id='word_1_298' title='bbox 564 2733 982 2807; x_wconf 68' lang='grc' dir='ltr'>φυλαττόμενον,</span> <span class='ocrx_word' id='word_1_299' title='bbox 1017 2734 1146 2798; x_wconf 70' lang='grc' dir='ltr'>ἴσως</span> <span class='ocrx_word' id='word_1_300' title='bbox 1191 2734 1252 2787; x_wconf 78' lang='grc' dir='ltr'>τὸ</span> <span class='ocrx_word' id='word_1_301' title='bbox 1282 2734 1415 2806; x_wconf 68' lang='grc' dir='ltr'>μηδὲ</span> <span class='ocrx_word' id='word_1_302' title='bbox 1447 2734 1571 2789; x_wconf 76' lang='grc' dir='ltr'>νοῦν</span> <span class='ocrx_word' id='word_1_303' title='bbox 1606 2735 1781 2808; x_wconf 71' lang='grc' dir='ltr'>ἔχοντι</span> 
     </span>
    </p>
   </div>
   <div class='ocr_carea' id='block_1_45' title="bbox 201 2824 1776 2899">
    <p class='ocr_par' dir='ltr' id='par_1_45' title="bbox 201 2824 1776 2899">
     <span class='ocr_line' id='line_1_45' title="bbox 201 2824 1776 2899; baseline 0 -18"><span class='ocrx_word' id='word_1_304' title='bbox 201 2827 548 2892; x_wconf 73' lang='grc' dir='ltr'>καθίσταται,</span> <span class='ocrx_word' id='word_1_305' title='bbox 572 2824 941 2898; x_wconf 78' lang='grc' dir='ltr'>φρενοσλαὸὴς</span> <span class='ocrx_word' id='word_1_306' title='bbox 964 2826 1070 2880; x_wconf 79' lang='grc' dir='ltr'><strong>ὑπὸ</strong></span> <span class='ocrx_word' id='word_1_307' title='bbox 1094 2826 1190 2894; x_wconf 74' lang='grc' dir='ltr'>τοῦ</span> <span class='ocrx_word' id='word_1_308' title='bbox 1215 2827 1454 2899; x_wconf 79' lang='grc' dir='ltr'>πονηροῦ</span> <span class='ocrx_word' id='word_1_309' title='bbox 1470 2828 1776 2899; x_wconf 82' lang='grc' dir='ltr'>γενόμενος·</span> 
     </span>
    </p>
   </div>
   <div class='ocr_carea' id='block_1_46' title="bbox 200 2916 1781 2992">
    <p class='ocr_par' dir='ltr' id='par_1_46' title="bbox 200 2916 1781 2992">
     <span class='ocr_line' id='line_1_46' title="bbox 200 2916 1781 2992; baseline 0.001 -19"><span class='ocrx_word' id='word_1_310' title='bbox 200 2917 457 2988; x_wconf 76' lang='grc' dir='ltr'>καθάπερ</span> <span class='ocrx_word' id='word_1_311' title='bbox 492 2917 585 2970; x_wconf 75' lang='grc' dir='ltr'>καὶ</span> <span class='ocrx_word' id='word_1_312' title='bbox 612 2918 642 2970; x_wconf 77' lang='grc' dir='ltr'><strong>ὁ</strong></span> <span class='ocrx_word' id='word_1_313' title='bbox 681 2917 809 2981; x_wconf 80' lang='grc' dir='ltr'>τοὺς</span> <span class='ocrx_word' id='word_1_314' title='bbox 834 2916 1143 2989; x_wconf 81' lang='grc' dir='ltr'>ὀφθαλμοὺς</span> <span class='ocrx_word' id='word_1_315' title='bbox 1171 2917 1328 2988; x_wconf 65' lang='grc' dir='ltr'>ἔχων,</span> <span class='ocrx_word' id='word_1_316' title='bbox 1369 2919 1418 2972; x_wconf 88' lang='grc' dir='ltr'><strong>εί</strong></span> <span class='ocrx_word' id='word_1_317' title='bbox 1462 2918 1539 2992; x_wconf 75' lang='grc' dir='ltr'>μὴ</span> <span class='ocrx_word' id='word_1_318' title='bbox 1572 2920 1781 2990; x_wconf 72' lang='grc' dir='ltr'>βλέποι,</span> 
     </span>
    </p>
   </div>
   <div class='ocr_carea' id='block_1_47' title="bbox 201 3006 1783 3080">
    <p class='ocr_par' dir='ltr' id='par_1_47' title="bbox 201 3006 1783 3080">
     <span class='ocr_line' id='line_1_47' title="bbox 201 3006 1783 3080; baseline 0.006 -22"><span class='ocrx_word' id='word_1_319' title='bbox 201 3006 321 3073; x_wconf 75' lang='grc' dir='ltr'>ἴσος</span> <span class='ocrx_word' id='word_1_320' title='bbox 369 3006 451 3078; x_wconf 81' lang='grc' dir='ltr'>τῷ</span> <span class='ocrx_word' id='word_1_321' title='bbox 498 3006 685 3079; x_wconf 88' lang='grc' dir='ltr'>τυφλῷ</span> <span class='ocrx_word' id='word_1_322' title='bbox 714 3008 1023 3080; x_wconf 74' lang='grc' dir='ltr'>γεγένηται·</span> <span class='ocrx_word' id='word_1_323' title='bbox 1068 3010 1161 3064; x_wconf 82' lang='grc' dir='ltr'>καὶ</span> <span class='ocrx_word' id='word_1_324' title='bbox 1214 3011 1351 3080; x_wconf 86' lang='grc' dir='ltr'>φαίη</span> <span class='ocrx_word' id='word_1_325' title='bbox 1401 3028 1486 3075; x_wconf 92' lang='grc' dir='ltr'><strong>τις</strong></span> <span class='ocrx_word' id='word_1_326' title='bbox 1515 3012 1582 3065; x_wconf 79' lang='grc' dir='ltr'>ἂν</span> <span class='ocrx_word' id='word_1_327' title='bbox 1622 3014 1783 3069; x_wconf 80' lang='grc' dir='ltr'>αὐτὸν</span> 
     </span>
    </p>
   </div>
   <div class='ocr_carea' id='block_1_48' title="bbox 1876 1908 3446 1981">
    <p class='ocr_par' dir='ltr' id='par_1_48' title="bbox 1876 1908 3446 1981">
     <span class='ocr_line' id='line_1_48' title="bbox 1876 1908 3446 1981; baseline 0.003 -20"><span class='ocrx_word' id='word_1_328' title='bbox 1876 1924 2006 1966; x_wconf 83' lang='lat' dir='ltr'><strong>vero</strong></span> <span class='ocrx_word' id='word_1_329' title='bbox 2030 1910 2122 1981; x_wconf 91' lang='lat' dir='ltr'><strong>qui</strong></span> <span class='ocrx_word' id='word_1_330' title='bbox 2154 1924 2262 1965; x_wconf 93' lang='lat' dir='ltr'><strong>non</strong></span> <span class='ocrx_word' id='word_1_331' title='bbox 2288 1910 2475 1977; x_wconf 84' lang='lat' dir='ltr'><strong>habet,</strong></span> <span class='ocrx_word' id='word_1_332' title='bbox 2506 1908 2668 1965; x_wconf 84' lang='lat' dir='ltr'><strong>etiam</strong></span> <span class='ocrx_word' id='word_1_333' title='bbox 2700 1910 2752 1964; x_wconf 87' lang='lat' dir='ltr'><strong>id</strong></span> <span class='ocrx_word' id='word_1_334' title='bbox 2779 1908 2923 1979; x_wconf 88' lang='lat' dir='ltr'><strong>quod</strong></span> <span class='ocrx_word' id='word_1_335' title='bbox 2975 1909 3187 1965; x_wconf 85' lang='lat' dir='ltr'><strong>videtur</strong></span> <span class='ocrx_word' id='word_1_336' title='bbox 3218 1908 3446 1973; x_wconf 83' lang='lat' dir='ltr'><strong>habere.</strong></span> 
     </span>
    </p>
   </div>
   <div class='ocr_carea' id='block_1_49' title="bbox 1876 2001 3451 2071">
    <p class='ocr_par' dir='ltr' id='par_1_49' title="bbox 1876 2001 3451 2071">
     <span class='ocr_line' id='line_1_49' title="bbox 1876 2001 3451 2071; baseline 0.002 -15"><span class='ocrx_word' id='word_1_337' title='bbox 1876 2002 2174 2058; x_wconf 77' lang='lat' dir='ltr'><strong>auferetur.</strong></span> <span class='ocrx_word' id='word_1_338' title='bbox 2206 2001 2422 2058; x_wconf 84' lang='lat' dir='ltr'><strong>Etenim</strong></span> <span class='ocrx_word' id='word_1_339' title='bbox 2447 2018 2567 2071; x_wconf 68' lang='lat' dir='ltr'><strong>quae</strong></span> <span class='ocrx_word' id='word_1_340' title='bbox 2600 2002 2920 2058; x_wconf 89' lang='lat' dir='ltr'><strong>naturaliter</strong></span> <span class='ocrx_word' id='word_1_341' title='bbox 2947 2003 3103 2061; x_wconf 87' lang='lat' dir='ltr'><strong>nobis</strong></span> <span class='ocrx_word' id='word_1_342' title='bbox 3130 2003 3337 2068; x_wconf 86' lang='lat' dir='ltr'><strong>insunt,</strong></span> <span class='ocrx_word' id='word_1_343' title='bbox 3365 2002 3451 2059; x_wconf 91' lang='lat' dir='ltr'><strong>vel</strong></span> 
     </span>
    </p>
   </div>
   <div class='ocr_carea' id='block_1_50' title="bbox 1878 2093 3447 2165">
    <p class='ocr_par' dir='ltr' id='par_1_50' title="bbox 1878 2093 3447 2165">
     <span class='ocr_line' id='line_1_50' title="bbox 1878 2093 3447 2165; baseline 0.003 -18"><span class='ocrx_word' id='word_1_344' title='bbox 1878 2093 2047 2165; x_wconf 86' lang='lat' dir='ltr'><strong>gratis</strong></span> <span class='ocrx_word' id='word_1_345' title='bbox 2082 2095 2205 2149; x_wconf 86' lang='lat' dir='ltr'><strong>data</strong></span> <span class='ocrx_word' id='word_1_346' title='bbox 2229 2102 2380 2159; x_wconf 88' lang='lat' dir='ltr'><strong>sunt,</strong></span> <span class='ocrx_word' id='word_1_347' title='bbox 2415 2095 2517 2149; x_wconf 85' lang='lat' dir='ltr'><strong>nisi</strong></span> <span class='ocrx_word' id='word_1_348' title='bbox 2555 2094 2850 2150; x_wconf 90' lang='lat' dir='ltr'><strong>continenti</strong></span> <span class='ocrx_word' id='word_1_349' title='bbox 2881 2095 3205 2162; x_wconf 85' lang='lat' dir='ltr'><strong>attentione,</strong></span> <span class='ocrx_word' id='word_1_350' title='bbox 3235 2095 3447 2152; x_wconf 78' lang='lat' dir='ltr'><strong>studio-</strong></span> 
     </span>
    </p>
   </div>
   <div class='ocr_carea' id='block_1_51' title="bbox 1876 2184 3451 2255">
    <p class='ocr_par' dir='ltr' id='par_1_51' title="bbox 1876 2184 3451 2255">
     <span class='ocr_line' id='line_1_51' title="bbox 1876 2184 3451 2255; baseline 0.001 -16"><span class='ocrx_word' id='word_1_351' title='bbox 1876 2199 1984 2255; x_wconf 89' lang='lat' dir='ltr'><strong>que</strong></span> <span class='ocrx_word' id='word_1_352' title='bbox 2011 2184 2278 2244; x_wconf 84' lang='lat' dir='ltr'><strong>industrio</strong></span> <span class='ocrx_word' id='word_1_353' title='bbox 2325 2186 2715 2251; x_wconf 88' lang='lat' dir='ltr'><strong>custodiamus,</strong></span> <span class='ocrx_word' id='word_1_354' title='bbox 2741 2186 3076 2252; x_wconf 88' lang='lat' dir='ltr'><strong>amittemus,</strong></span> <span class='ocrx_word' id='word_1_355' title='bbox 3134 2201 3241 2242; x_wconf 88' lang='lat' dir='ltr'><strong>non</strong></span> <span class='ocrx_word' id='word_1_356' title='bbox 3286 2190 3451 2242; x_wconf 85' lang='lat' dir='ltr'><strong>modo</strong></span> 
     </span>
    </p>
   </div>
   <div class='ocr_carea' id='block_1_52' title="bbox 1880 2259 3450 2347">
    <p class='ocr_par' dir='ltr' id='par_1_52' title="bbox 1880 2259 3450 2347">
     <span class='ocr_line' id='line_1_52' title="bbox 1880 2259 3450 2347; baseline 0.001 -18"><span class='ocrx_word' id='word_1_357' title='bbox 1880 2274 2016 2330; x_wconf 90' lang='lat' dir='ltr'><strong>nihil</strong></span> <span class='ocrx_word' id='word_1_358' title='bbox 2048 2259 2271 2345; x_wconf 83' lang='lat' dir='ltr'><strong>insuper</strong></span> <span class='ocrx_word' id='word_1_359' title='bbox 2297 2274 2647 2345; x_wconf 83' lang='lat' dir='ltr'><strong>accipientes,</strong></span> <span class='ocrx_word' id='word_1_360' title='bbox 2694 2289 2884 2330; x_wconf 88' lang='lat' dir='ltr'><strong>verum</strong></span> <span class='ocrx_word' id='word_1_361' title='bbox 2914 2275 3078 2329; x_wconf 89' lang='lat' dir='ltr'><strong>etiam</strong></span> <span class='ocrx_word' id='word_1_362' title='bbox 3111 2290 3302 2332; x_wconf 91' lang='lat' dir='ltr'><strong>eorum</strong></span> <span class='ocrx_word' id='word_1_363' title='bbox 3328 2290 3450 2347; x_wconf 70' lang='lat' dir='ltr'><strong>quae</strong></span> 
     </span>
    </p>
   </div>
   <div class='ocr_carea' id='block_1_53' title="bbox 1883 2362 3452 2434">
    <p class='ocr_par' dir='ltr' id='par_1_53' title="bbox 1883 2362 3452 2434">
     <span class='ocr_line' id='line_1_53' title="bbox 1883 2362 3452 2434; baseline 0.001 -17"><span class='ocrx_word' id='word_1_364' title='bbox 1883 2362 2088 2418; x_wconf 91' lang='lat' dir='ltr'><strong>habere</strong></span> <span class='ocrx_word' id='word_1_365' title='bbox 2147 2364 2494 2433; x_wconf 87' lang='lat' dir='ltr'><strong>putabamus,</strong></span> <span class='ocrx_word' id='word_1_366' title='bbox 2548 2365 2931 2419; x_wconf 79' lang='lat' dir='ltr'><strong>detrimentum</strong></span> <span class='ocrx_word' id='word_1_367' title='bbox 2974 2364 3261 2434; x_wconf 86' lang='lat' dir='ltr'><strong>patientes.</strong></span> <span class='ocrx_word' id='word_1_368' title='bbox 3307 2365 3452 2421; x_wconf 86' lang='lat' dir='ltr'><strong>Sane</strong></span> 
     </span>
    </p>
   </div>
   <div class='ocr_carea' id='block_1_54' title="bbox 1879 2452 3453 2532">
    <p class='ocr_par' dir='ltr' id='par_1_54' title="bbox 1879 2452 3453 2532">
     <span class='ocr_line' id='line_1_54' title="bbox 1879 2452 3453 2532; baseline 0.004 -26"><span class='ocrx_word' id='word_1_369' title='bbox 1879 2452 1971 2521; x_wconf 87' lang='lat' dir='ltr'><strong>qui</strong></span> <span class='ocrx_word' id='word_1_370' title='bbox 2004 2453 2073 2508; x_wconf 87' lang='lat' dir='ltr'><strong>ad</strong></span> <span class='ocrx_word' id='word_1_371' title='bbox 2107 2452 2416 2532; x_wconf 55' lang='lat' dir='ltr'><strong>doctrinam</strong></span> <span class='ocrx_word' id='word_1_372' title='bbox 2453 2454 2779 2509; x_wconf 88' lang='lat' dir='ltr'><strong>audiendam</strong></span> <span class='ocrx_word' id='word_1_373' title='bbox 2819 2455 3001 2511; x_wconf 86' lang='lat' dir='ltr'><strong>alacer</strong></span> <span class='ocrx_word' id='word_1_374' title='bbox 3032 2465 3139 2521; x_wconf 84' lang='lat' dir='ltr'><strong>est,</strong></span> <span class='ocrx_word' id='word_1_375' title='bbox 3194 2457 3321 2512; x_wconf 90' lang='lat' dir='ltr'><strong>huic</strong></span> <span class='ocrx_word' id='word_1_376' title='bbox 3365 2470 3453 2512; x_wconf 82' lang='lat' dir='ltr'><strong>re-</strong></span> 
     </span>
    </p>
   </div>
   <div class='ocr_carea' id='block_1_55' title="bbox 1879 2541 3451 2617">
    <p class='ocr_par' dir='ltr' id='par_1_55' title="bbox 1879 2541 3451 2617">
     <span class='ocr_line' id='line_1_55' title="bbox 1879 2541 3451 2617; baseline 0.004 -21"><span class='ocrx_word' id='word_1_377' title='bbox 1879 2554 2010 2612; x_wconf 83' lang='lat' dir='ltr'><strong>apse</strong></span> <span class='ocrx_word' id='word_1_378' title='bbox 2037 2541 2285 2598; x_wconf 86' lang='lat' dir='ltr'><strong>doctrina</strong></span> <span class='ocrx_word' id='word_1_379' title='bbox 2314 2542 2566 2609; x_wconf 89' lang='lat' dir='ltr'><strong>traditur,</strong></span> <span class='ocrx_word' id='word_1_380' title='bbox 2594 2554 2651 2601; x_wconf 91' lang='lat' dir='ltr'><strong>et</strong></span> <span class='ocrx_word' id='word_1_381' title='bbox 2690 2544 2837 2599; x_wconf 80' lang='lat' dir='ltr'><strong>illius</strong></span> <span class='ocrx_word' id='word_1_382' title='bbox 2868 2546 3103 2601; x_wconf 83' lang='lat' dir='ltr'><strong>naturali</strong></span> <span class='ocrx_word' id='word_1_383' title='bbox 3139 2547 3451 2617; x_wconf 44' lang='lat' dir='ltr'><strong>intelligen‘</strong></span> 
     </span>
    </p>
   </div>
   <div class='ocr_carea' id='block_1_56' title="bbox 1882 2634 3453 2708">
    <p class='ocr_par' dir='ltr' id='par_1_56' title="bbox 1882 2634 3453 2708">
     <span class='ocr_line' id='line_1_56' title="bbox 1882 2634 3453 2708; baseline -0.001 -13"><span class='ocrx_word' id='word_1_384' title='bbox 1882 2634 1972 2695; x_wconf 67' lang='grc' dir='ltr'>ιιι</span> <span class='ocrx_word' id='word_1_385' title='bbox 2013 2634 2225 2691; x_wconf 85' lang='lat' dir='ltr'><strong>accedit</strong></span> <span class='ocrx_word' id='word_1_386' title='bbox 2256 2635 2453 2690; x_wconf 68' lang='lat' dir='ltr'><strong>divinae</strong></span> <span class='ocrx_word' id='word_1_387' title='bbox 2490 2635 2740 2692; x_wconf 84' lang='lat' dir='ltr'><strong>lectionis</strong></span> <span class='ocrx_word' id='word_1_388' title='bbox 2781 2637 3073 2708; x_wconf 87' lang='lat' dir='ltr'><strong>sapientia.</strong></span> <span class='ocrx_word' id='word_1_389' title='bbox 3119 2639 3223 2705; x_wconf 83' lang='lat' dir='ltr'><strong>Qui</strong></span> <span class='ocrx_word' id='word_1_390' title='bbox 3271 2650 3453 2695; x_wconf 88' lang='lat' dir='ltr'><strong>autem</strong></span> 
     </span>
    </p>
   </div>
   <div class='ocr_carea' id='block_1_57' title="bbox 1875 2724 3455 2796">
    <p class='ocr_par' dir='ltr' id='par_1_57' title="bbox 1875 2724 3455 2796">
     <span class='ocr_line' id='line_1_57' title="bbox 1875 2724 3455 2796; baseline 0.004 -14"><span class='ocrx_word' id='word_1_391' title='bbox 1875 2724 1992 2796; x_wconf 73' lang='lat' dir='ltr'><strong>jam</strong></span> <span class='ocrx_word' id='word_1_392' title='bbox 2022 2726 2148 2782; x_wconf 84' lang='lat' dir='ltr'><strong>inde</strong></span> <span class='ocrx_word' id='word_1_393' title='bbox 2186 2740 2218 2781; x_wconf 89' lang='lat' dir='ltr'><strong>a</strong></span> <span class='ocrx_word' id='word_1_394' title='bbox 2259 2726 2516 2796; x_wconf 74' lang='lat' dir='ltr'><strong>primawa</strong></span> <span class='ocrx_word' id='word_1_395' title='bbox 2552 2728 2829 2784; x_wconf 86' lang='lat' dir='ltr'><strong>creatione</strong></span> <span class='ocrx_word' id='word_1_396' title='bbox 2854 2729 3034 2784; x_wconf 86' lang='lat' dir='ltr'><strong>datam</strong></span> <span class='ocrx_word' id='word_1_397' title='bbox 3082 2731 3316 2786; x_wconf 91' lang='lat' dir='ltr'><strong>indolem</strong></span> <span class='ocrx_word' id='word_1_398' title='bbox 3348 2746 3455 2788; x_wconf 87' lang='lat' dir='ltr'><strong>non</strong></span> 
     </span>
    </p>
   </div>
   <div class='ocr_carea' id='block_1_58' title="bbox 1882 2815 3455 2888">
    <p class='ocr_par' dir='ltr' id='par_1_58' title="bbox 1882 2815 3455 2888">
     <span class='ocr_line' id='line_1_58' title="bbox 1882 2815 3455 2888; baseline 0.003 -16"><span class='ocrx_word' id='word_1_399' title='bbox 1882 2815 2048 2872; x_wconf 85' lang='lat' dir='ltr'><strong>habet</strong></span> <span class='ocrx_word' id='word_1_400' title='bbox 2094 2815 2443 2885; x_wconf 88' lang='lat' dir='ltr'><strong>incolumem,</strong></span> <span class='ocrx_word' id='word_1_401' title='bbox 2498 2819 2587 2872; x_wconf 93' lang='lat' dir='ltr'><strong>hic</strong></span> <span class='ocrx_word' id='word_1_402' title='bbox 2633 2832 2732 2888; x_wconf 90' lang='lat' dir='ltr'><strong>par</strong></span> <span class='ocrx_word' id='word_1_403' title='bbox 2787 2829 2970 2875; x_wconf 88' lang='lat' dir='ltr'><strong>mente</strong></span> <span class='ocrx_word' id='word_1_404' title='bbox 3033 2823 3239 2877; x_wconf 82' lang='lat' dir='ltr'><strong>carenti</strong></span> <span class='ocrx_word' id='word_1_405' title='bbox 3274 2831 3379 2888; x_wconf 84' lang='lat' dir='ltr'><strong>est,</strong></span> <span class='ocrx_word' id='word_1_406' title='bbox 3423 2839 3455 2877; x_wconf 84' lang='grc' dir='ltr'><strong>ιι</strong></span> 
     </span>
    </p>
   </div>
   <div class='ocr_carea' id='block_1_59' title="bbox 1882 2906 3456 2983">
    <p class='ocr_par' dir='ltr' id='par_1_59' title="bbox 1882 2906 3456 2983">
     <span class='ocr_line' id='line_1_59' title="bbox 1882 2906 3456 2983; baseline 0.004 -20"><span class='ocrx_word' id='word_1_407' title='bbox 1882 2906 2025 2965; x_wconf 86' lang='lat' dir='ltr'><strong>malo</strong></span> <span class='ocrx_word' id='word_1_408' title='bbox 2082 2909 2327 2965; x_wconf 70' lang='lat' dir='ltr'><strong>daemone</strong></span> <span class='ocrx_word' id='word_1_409' title='bbox 2381 2923 2575 2966; x_wconf 79' lang='lat' dir='ltr'><strong>vecors</strong></span> <span class='ocrx_word' id='word_1_410' title='bbox 2637 2908 2886 2967; x_wconf 76' lang='lat' dir='ltr'><strong>eﬂ‘ectus.</strong></span> <span class='ocrx_word' id='word_1_411' title='bbox 2945 2912 3100 2968; x_wconf 88' lang='lat' dir='ltr'><strong>Sicut</strong></span> <span class='ocrx_word' id='word_1_412' title='bbox 3135 2925 3191 2968; x_wconf 90' lang='lat' dir='ltr'><strong>et</strong></span> <span class='ocrx_word' id='word_1_413' title='bbox 3240 2914 3330 2970; x_wconf 87' lang='lat' dir='ltr'><strong>ille</strong></span> <span class='ocrx_word' id='word_1_414' title='bbox 3364 2916 3456 2983; x_wconf 88' lang='lat' dir='ltr'><strong>qui</strong></span> 
     </span>
    </p>
   </div>
   <div class='ocr_carea' id='block_1_60' title="bbox 1884 2999 3461 3074">
    <p class='ocr_par' dir='ltr' id='par_1_60' title="bbox 1884 2999 3461 3074">
     <span class='ocr_line' id='line_1_60' title="bbox 1884 2999 3461 3074; baseline 0.003 -17"><span class='ocrx_word' id='word_1_415' title='bbox 1884 2999 2073 3058; x_wconf 82' lang='lat' dir='ltr'><strong>oculos</strong></span> <span class='ocrx_word' id='word_1_416' title='bbox 2102 3000 2312 3057; x_wconf 86' lang='lat' dir='ltr'><strong>habens</strong></span> <span class='ocrx_word' id='word_1_417' title='bbox 2332 3000 2467 3056; x_wconf 87' lang='lat' dir='ltr'><strong>nihil</strong></span> <span class='ocrx_word' id='word_1_418' title='bbox 2502 3012 2682 3057; x_wconf 90' lang='lat' dir='ltr'><strong>tamen</strong></span> <span class='ocrx_word' id='word_1_419' title='bbox 2719 3002 2889 3071; x_wconf 80' lang='lat' dir='ltr'><strong>videt,</strong></span> <span class='ocrx_word' id='word_1_420' title='bbox 2921 3020 3019 3074; x_wconf 91' lang='lat' dir='ltr'><strong>par</strong></span> <span class='ocrx_word' id='word_1_421' title='bbox 3040 3020 3187 3062; x_wconf 65' lang='lat' dir='ltr'><strong>caeco</strong></span> <span class='ocrx_word' id='word_1_422' title='bbox 3213 3017 3323 3073; x_wconf 90' lang='lat' dir='ltr'><strong>est,</strong></span> <span class='ocrx_word' id='word_1_423' title='bbox 3352 3012 3461 3062; x_wconf 83' lang='lat' dir='ltr'><strong>me-</strong></span> 
     </span>
    </p>
   </div>
   <div class='ocr_carea' id='block_1_61' title="bbox 200 3091 1780 3186">
    <p class='ocr_par' dir='ltr' id='par_1_61' title="bbox 200 3099 1780 3175">
     <span class='ocr_line' id='line_1_61' title="bbox 200 3099 1780 3175; baseline -0.003 -10"><span class='ocrx_word' id='word_1_424' title='bbox 554 3100 663 3154; x_wconf 78' lang='grc' dir='ltr'><strong>τῶν</strong></span> <span class='ocrx_word' id='word_1_425' title='bbox 690 3101 1000 3173; x_wconf 76' lang='grc' dir='ltr'>ὀφθαλμῶν·</span> <span class='ocrx_word' id='word_1_426' title='bbox 1056 3103 1228 3169; x_wconf 80' lang='grc' dir='ltr'>οὕτως</span> <span class='ocrx_word' id='word_1_427' title='bbox 1258 3107 1308 3158; x_wconf 83' lang='grc' dir='ltr'><strong>οί</strong></span> <span class='ocrx_word' id='word_1_428' title='bbox 1341 3105 1523 3161; x_wconf 78' lang='grc' dir='ltr'>πολλοὶ</span> <span class='ocrx_word' id='word_1_429' title='bbox 1550 3106 1616 3160; x_wconf 78' lang='grc' dir='ltr'>δι’</span> <span class='ocrx_word' id='word_1_430' title='bbox 1658 3109 1780 3162; x_wconf 68' lang='grc' dir='ltr'>ἑαυ-</span> 
     </span>
    </p>
   </div>
   <div class='ocr_carea' id='block_1_62' title="bbox 1884 3091 3460 3186">
    <p class='ocr_par' dir='ltr' id='par_1_62' title="bbox 1887 3091 3460 3165">
     <span class='ocr_line' id='line_1_62' title="bbox 1887 3091 3460 3165; baseline 0.005 -18"><span class='ocrx_word' id='word_1_431' title='bbox 1887 3092 2100 3162; x_wconf 87' lang='lat' dir='ltr'><strong>rltoque</strong></span> <span class='ocrx_word' id='word_1_432' title='bbox 2129 3091 2341 3148; x_wconf 86' lang='lat' dir='ltr'><strong>dicetur</strong></span> <span class='ocrx_word' id='word_1_433' title='bbox 2388 3093 2560 3148; x_wconf 87' lang='lat' dir='ltr'><strong>oculis</strong></span> <span class='ocrx_word' id='word_1_434' title='bbox 2612 3095 2860 3151; x_wconf 88' lang='lat' dir='ltr'><strong>orbatus.</strong></span> <span class='ocrx_word' id='word_1_435' title='bbox 2899 3095 2991 3152; x_wconf 90' lang='lat' dir='ltr'><strong>Sic</strong></span> <span class='ocrx_word' id='word_1_436' title='bbox 3018 3097 3274 3165; x_wconf 78' lang='lat' dir='ltr'><strong>nimirum</strong></span> <span class='ocrx_word' id='word_1_437' title='bbox 3306 3101 3460 3155; x_wconf 89' lang='lat' dir='ltr'><strong>multi</strong></span> 
     </span>
    </p>
   </div>
   <div class='ocr_carea' id='block_1_63' title="bbox 200 3191 1783 3274">
    <p class='ocr_par' dir='ltr' id='par_1_63' title="bbox 200 3191 1783 3274">
     <span class='ocr_line' id='line_1_63' title="bbox 200 3191 1783 3274; baseline 0.006 -29"><span class='ocrx_word' id='word_1_438' title='bbox 200 3195 328 3257; x_wconf 75' lang='grc' dir='ltr'>τοὺς</span> <span class='ocrx_word' id='word_1_439' title='bbox 345 3192 483 3265; x_wconf 82' lang='grc' dir='ltr'>πρὸς</span> <span class='ocrx_word' id='word_1_440' title='bbox 510 3192 602 3245; x_wconf 85' lang='grc' dir='ltr'>τὸν</span> <span class='ocrx_word' id='word_1_441' title='bbox 615 3191 770 3262; x_wconf 88' lang='grc' dir='ltr'>λόγον</span> <span class='ocrx_word' id='word_1_442' title='bbox 792 3193 1060 3255; x_wconf 68' lang='grc' dir='ltr'>ἀσύνετον</span> <span class='ocrx_word' id='word_1_443' title='bbox 1079 3197 1160 3250; x_wconf 79' lang='grc' dir='ltr'>ὅτι</span> <span class='ocrx_word' id='word_1_444' title='bbox 1178 3198 1297 3251; x_wconf 71' lang='grc' dir='ltr'>οὐδὲ</span> <span class='ocrx_word' id='word_1_445' title='bbox 1319 3200 1416 3273; x_wconf 80' lang='grc' dir='ltr'>τὴν</span> <span class='ocrx_word' id='word_1_446' title='bbox 1437 3200 1609 3273; x_wconf 71' lang='grc' dir='ltr'>ἀρχὴν</span> <span class='ocrx_word' id='word_1_447' title='bbox 1624 3217 1783 3274; x_wconf 57' lang='grc' dir='ltr'>προσ.</span> 
     </span>
    </p>
   </div>
   <div class='ocr_carea' id='block_1_64' title="bbox 202 3284 1789 3365">
    <p class='ocr_par' dir='ltr' id='par_1_64' title="bbox 202 3284 1789 3365">
     <span class='ocr_line' id='line_1_64' title="bbox 202 3284 1789 3365; baseline 0.006 -27"><span class='ocrx_word' id='word_1_448' title='bbox 202 3286 424 3358; x_wconf 61' lang='grc' dir='ltr'>ἔχοντες</span> <span class='ocrx_word' id='word_1_449' title='bbox 482 3284 810 3350; x_wconf 77' lang='grc' dir='ltr'>ἀκούουσιν,</span> <span class='ocrx_word' id='word_1_450' title='bbox 859 3285 975 3341; x_wconf 77' lang='grc' dir='ltr'>ἀλλ’</span> <span class='ocrx_word' id='word_1_451' title='bbox 1042 3288 1357 3362; x_wconf 75' lang='grc' dir='ltr'>ἀπέρριψαν</span> <span class='ocrx_word' id='word_1_452' title='bbox 1386 3292 1642 3365; x_wconf 64' lang='grc' dir='ltr'>,ἀμελείᾳ</span> <span class='ocrx_word' id='word_1_453' title='bbox 1698 3294 1789 3349; x_wconf 83' lang='grc' dir='ltr'>τὸν</span> 
     </span>
    </p>
   </div>
   <div class='ocr_carea' id='block_1_65' title="bbox 209 3375 393 3445">
    <p class='ocr_par' dir='ltr' id='par_1_65' title="bbox 209 3375 393 3445">
     <span class='ocr_line' id='line_1_65' title="bbox 209 3375 393 3445; baseline -0.011 -15"><span class='ocrx_word' id='word_1_454' title='bbox 209 3375 393 3445; x_wconf 84' lang='grc' dir='ltr'>λόγον.</span> 
     </span>
    </p>
   </div>
   <div class='ocr_carea' id='block_1_66' title="bbox 884 3491 1114 3562">
    <p class='ocr_par' dir='ltr' id='par_1_66' title="bbox 884 3491 1114 3562">
     <span class='ocr_line' id='line_1_66' title="bbox 884 3491 1114 3562; baseline 0.004 -16"><span class='ocrx_word' id='word_1_455' title='bbox 884 3491 951 3546; x_wconf 68' lang='grc' dir='ltr'><strong>ις’</strong></span> <span class='ocrx_word' id='word_1_456' title='bbox 982 3492 1114 3562; x_wconf 80' lang='lat' dir='ltr'><strong>(l5).</strong></span> 
     </span>
    </p>
   </div>
   <div class='ocr_carea' id='block_1_67' title="bbox 285 3601 1791 3676">
    <p class='ocr_par' dir='ltr' id='par_1_67' title="bbox 285 3601 1791 3676">
     <span class='ocr_line' id='line_1_67' title="bbox 285 3601 1791 3676; baseline 0.003 -22"><span class='ocrx_word' id='word_1_457' title='bbox 285 3601 631 3673; x_wconf 80' lang='grc' dir='ltr'>’Υπογράφει</span> <span class='ocrx_word' id='word_1_458' title='bbox 659 3618 725 3670; x_wconf 87' lang='grc' dir='ltr'><strong>γε</strong></span> <span class='ocrx_word' id='word_1_459' title='bbox 754 3601 860 3674; x_wconf 77' lang='grc' dir='ltr'>μὴν</span> <span class='ocrx_word' id='word_1_460' title='bbox 888 3603 1125 3657; x_wconf 75' lang='grc' dir='ltr'>ἐνταῦθα</span> <span class='ocrx_word' id='word_1_461' title='bbox 1157 3603 1364 3676; x_wconf 75' lang='grc' dir='ltr'>σπορέα</span> <span class='ocrx_word' id='word_1_462' title='bbox 1394 3602 1591 3660; x_wconf 73' lang='grc' dir='ltr'>ἑαυτὸν</span> <span class='ocrx_word' id='word_1_463' title='bbox 1617 3606 1647 3658; x_wconf 84' lang='grc' dir='ltr'><strong>δ</strong></span> <span class='ocrx_word' id='word_1_464' title='bbox 1675 3603 1791 3659; x_wconf 74' lang='grc' dir='ltr'><strong>Κύ-</strong></span> 
     </span>
    </p>
   </div>
   <div class='ocr_carea' id='block_1_68' title="bbox 204 3695 1789 3770">
    <p class='ocr_par' dir='ltr' id='par_1_68' title="bbox 204 3695 1789 3770">
     <span class='ocr_line' id='line_1_68' title="bbox 204 3695 1789 3770; baseline 0 -20"><span class='ocrx_word' id='word_1_465' title='bbox 204 3713 342 3769; x_wconf 84' lang='grc' dir='ltr'>ριος,</span> <span class='ocrx_word' id='word_1_466' title='bbox 370 3696 547 3766; x_wconf 79' lang='grc' dir='ltr'>κῆπον</span> <span class='ocrx_word' id='word_1_467' title='bbox 574 3695 630 3749; x_wconf 67' lang='grc' dir='ltr'>δὲ</span> <span class='ocrx_word' id='word_1_468' title='bbox 649 3695 903 3766; x_wconf 77' lang='grc' dir='ltr'>ὀνομάζει</span> <span class='ocrx_word' id='word_1_469' title='bbox 933 3696 1024 3751; x_wconf 78' lang='grc' dir='ltr'>τὸν</span> <span class='ocrx_word' id='word_1_470' title='bbox 1041 3698 1243 3768; x_wconf 85' lang='grc' dir='ltr'>κόσμον</span> <span class='ocrx_word' id='word_1_471' title='bbox 1266 3696 1395 3769; x_wconf 76' lang='grc'><strong>(16).</strong></span> <span class='ocrx_word' id='word_1_472' title='bbox 1413 3698 1789 3770; x_wconf 79' lang='grc' dir='ltr'>Δίνιττόμενος</span> 
     </span>
    </p>
   </div>
   <div class='ocr_carea' id='block_1_69' title="bbox 203 3785 1791 3862">
    <p class='ocr_par' dir='ltr' id='par_1_69' title="bbox 203 3785 1791 3862">
     <span class='ocr_line' id='line_1_69' title="bbox 203 3785 1791 3862; baseline 0.003 -21"><span class='ocrx_word' id='word_1_473' title='bbox 203 3786 261 3841; x_wconf 71' lang='grc' dir='ltr'>δὲ</span> <span class='ocrx_word' id='word_1_474' title='bbox 302 3788 410 3858; x_wconf 78' lang='grc' dir='ltr'>τὴν</span> <span class='ocrx_word' id='word_1_475' title='bbox 442 3789 497 3840; x_wconf 74' lang='grc' dir='ltr'>ἐν</span> <span class='ocrx_word' id='word_1_476' title='bbox 542 3785 621 3857; x_wconf 83' lang='grc' dir='ltr'>τῷ</span> <span class='ocrx_word' id='word_1_477' title='bbox 653 3787 842 3859; x_wconf 87' lang='grc' dir='ltr'>σπόρῳ</span> <span class='ocrx_word' id='word_1_478' title='bbox 884 3787 1114 3859; x_wconf 87' lang='grc' dir='ltr'>δύναμιν</span> <span class='ocrx_word' id='word_1_479' title='bbox 1145 3788 1307 3842; x_wconf 81' lang='grc' dir='ltr'>ὁποία</span> <span class='ocrx_word' id='word_1_480' title='bbox 1350 3807 1434 3853; x_wconf 93' lang='grc' dir='ltr'><strong>τις</strong></span> <span class='ocrx_word' id='word_1_481' title='bbox 1464 3790 1570 3862; x_wconf 85' lang='grc' dir='ltr'>εῐη,</span> <span class='ocrx_word' id='word_1_482' title='bbox 1604 3790 1791 3862; x_wconf 83' lang='grc' dir='ltr'>κόκκῳ</span> 
     </span>
    </p>
   </div>
   <div class='ocr_carea' id='block_1_70' title="bbox 203 3878 1791 3954">
    <p class='ocr_par' dir='ltr' id='par_1_70' title="bbox 203 3878 1791 3954">
     <span class='ocr_line' id='line_1_70' title="bbox 203 3878 1791 3954; baseline 0.002 -20"><span class='ocrx_word' id='word_1_483' title='bbox 203 3880 484 3942; x_wconf 78' lang='grc' dir='ltr'>σινάπεως</span> <span class='ocrx_word' id='word_1_484' title='bbox 527 3878 687 3932; x_wconf 83' lang='grc' dir='ltr'>αὑτὸν</span> <span class='ocrx_word' id='word_1_485' title='bbox 725 3879 1082 3951; x_wconf 75' lang='grc' dir='ltr'>παραϐάλλει,</span> <span class='ocrx_word' id='word_1_486' title='bbox 1112 3881 1171 3944; x_wconf 85' lang='grc' dir='ltr'>ὃς</span> <span class='ocrx_word' id='word_1_487' title='bbox 1198 3880 1308 3935; x_wconf 90' lang='grc' dir='ltr'><strong>τῶν</strong></span> <span class='ocrx_word' id='word_1_488' title='bbox 1336 3882 1465 3954; x_wconf 83' lang='grc' dir='ltr'>παρ’</span> <span class='ocrx_word' id='word_1_489' title='bbox 1483 3881 1791 3954; x_wconf 82' lang='grc' dir='ltr'>ἀνθρώποις</span> 
     </span>
    </p>
   </div>
   <div class='ocr_carea' id='block_1_71' title="bbox 204 3970 1792 4048">
    <p class='ocr_par' dir='ltr' id='par_1_71' title="bbox 204 3970 1792 4048">
     <span class='ocr_line' id='line_1_71' title="bbox 204 3970 1792 4048; baseline 0.004 -25"><span class='ocrx_word' id='word_1_490' title='bbox 204 3972 404 4039; x_wconf 79' lang='grc' dir='ltr'>λόγων,</span> <span class='ocrx_word' id='word_1_491' title='bbox 435 3970 759 4041; x_wconf 84' lang='grc' dir='ltr'>Ἑλληνικῶν</span> <span class='ocrx_word' id='word_1_492' title='bbox 778 3989 839 4025; x_wconf 88' lang='grc' dir='ltr'><strong>τε</strong></span> <span class='ocrx_word' id='word_1_493' title='bbox 871 3973 963 4026; x_wconf 82' lang='grc' dir='ltr'>καὶ</span> <span class='ocrx_word' id='word_1_494' title='bbox 993 3972 1359 4045; x_wconf 77' lang='grc' dir='ltr'>βαρϐαρικῶν,</span> <span class='ocrx_word' id='word_1_495' title='bbox 1387 3975 1495 4027; x_wconf 87' lang='grc' dir='ltr'><strong>τῶν</strong></span> <span class='ocrx_word' id='word_1_496' title='bbox 1517 3974 1581 4048; x_wconf 79' lang='grc' dir='ltr'>δὴ</span> <span class='ocrx_word' id='word_1_497' title='bbox 1600 3976 1792 4045; x_wconf 85' lang='grc' dir='ltr'>σοφίαν</span> 
     </span>
    </p>
   </div>
   <div class='ocr_carea' id='block_1_72' title="bbox 204 4062 1794 4139">
    <p class='ocr_par' dir='ltr' id='par_1_72' title="bbox 204 4062 1794 4139">
     <span class='ocr_line' id='line_1_72' title="bbox 204 4062 1794 4139; baseline 0.004 -24"><span class='ocrx_word' id='word_1_498' title='bbox 204 4062 327 4116; x_wconf 80' lang='grc' dir='ltr'>τινὰ</span> <span class='ocrx_word' id='word_1_499' title='bbox 353 4062 453 4116; x_wconf 75' lang='grc' dir='ltr'>τοῦ</span> <span class='ocrx_word' id='word_1_500' title='bbox 508 4062 701 4127; x_wconf 78' lang='grc' dir='ltr'>αἰῶνος</span> <span class='ocrx_word' id='word_1_501' title='bbox 725 4063 913 4117; x_wconf 89' lang='grc' dir='ltr'>τούτου</span> <span class='ocrx_word' id='word_1_502' title='bbox 948 4067 1377 4137; x_wconf 79' lang='grc' dir='ltr'>προϊσχομένων,</span> <span class='ocrx_word' id='word_1_503' title='bbox 1432 4068 1794 4139; x_wconf 85' lang='grc' dir='ltr'>σμικρότατος</span> 
     </span>
    </p>
   </div>
   <div class='ocr_carea' id='block_1_73' title="bbox 204 4153 1792 4230">
    <p class='ocr_par' dir='ltr' id='par_1_73' title="bbox 204 4153 1792 4230">
     <span class='ocr_line' id='line_1_73' title="bbox 204 4153 1792 4230; baseline 0.003 -22"><span class='ocrx_word' id='word_1_504' title='bbox 204 4153 345 4209; x_wconf 75' lang='grc' dir='ltr'>εἶναι</span> <span class='ocrx_word' id='word_1_505' title='bbox 387 4153 537 4207; x_wconf 84' lang='grc' dir='ltr'>δοκεῖ</span> <span class='ocrx_word' id='word_1_506' title='bbox 562 4156 658 4207; x_wconf 75' lang='grc' dir='ltr'>καὶ</span> <span class='ocrx_word' id='word_1_507' title='bbox 689 4155 1092 4221; x_wconf 80' lang='grc' dir='ltr'>εὐτελέστατος,</span> <span class='ocrx_word' id='word_1_508' title='bbox 1122 4156 1348 4228; x_wconf 86' lang='grc' dir='ltr'>δύναμίν</span> <span class='ocrx_word' id='word_1_509' title='bbox 1372 4174 1436 4225; x_wconf 88' lang='grc' dir='ltr'><strong>γε</strong></span> <span class='ocrx_word' id='word_1_510' title='bbox 1472 4160 1578 4229; x_wconf 83' lang='grc' dir='ltr'>μὴν</span> <span class='ocrx_word' id='word_1_511' title='bbox 1600 4160 1662 4212; x_wconf 83' lang='grc' dir='ltr'>οὐ</span> <span class='ocrx_word' id='word_1_512' title='bbox 1691 4158 1792 4230; x_wconf 82' lang='grc' dir='ltr'>τὴν</span> 
     </span>
    </p>
   </div>
   <div class='ocr_carea' id='block_1_74' title="bbox 202 4246 1795 4319">
    <p class='ocr_par' dir='ltr' id='par_1_74' title="bbox 202 4246 1795 4319">
     <span class='ocr_line' id='line_1_74' title="bbox 202 4246 1795 4319; baseline 0.002 -19"><span class='ocrx_word' id='word_1_513' title='bbox 202 4246 480 4317; x_wconf 76' lang='grc' dir='ltr'>τυχοῦσαν</span> <span class='ocrx_word' id='word_1_514' title='bbox 511 4247 570 4300; x_wconf 79' lang='grc' dir='ltr'>ὲν</span> <span class='ocrx_word' id='word_1_515' title='bbox 618 4247 795 4319; x_wconf 78' lang='grc' dir='ltr'>ἑαυτῷ</span> <span class='ocrx_word' id='word_1_516' title='bbox 828 4248 1001 4319; x_wconf 81' lang='grc' dir='ltr'>φέρει.</span> <span class='ocrx_word' id='word_1_517' title='bbox 1032 4249 1142 4301; x_wconf 83' lang='grc' dir='ltr'><strong>Καὶ</strong></span> <span class='ocrx_word' id='word_1_518' title='bbox 1181 4248 1331 4302; x_wconf 75' lang='grc' dir='ltr'>ἔστιν</span> <span class='ocrx_word' id='word_1_519' title='bbox 1369 4252 1397 4302; x_wconf 85' lang='grc' dir='ltr'>ὁ</span> <span class='ocrx_word' id='word_1_520' title='bbox 1436 4251 1599 4313; x_wconf 85' lang='grc' dir='ltr'>αὐτὸς</span> <span class='ocrx_word' id='word_1_521' title='bbox 1650 4253 1795 4315; x_wconf 89' lang='grc' dir='ltr'>σῖτος</span> 
     </span>
    </p>
   </div>
   <div class='ocr_carea' id='block_1_75' title="bbox 207 4337 1793 4414">
    <p class='ocr_par' dir='ltr' id='par_1_75' title="bbox 207 4337 1793 4414">
     <span class='ocr_line' id='line_1_75' title="bbox 207 4337 1793 4414; baseline 0.003 -23"><span class='ocrx_word' id='word_1_522' title='bbox 207 4338 331 4410; x_wconf 66' lang='grc' dir='ltr'>μὶν,</span> <span class='ocrx_word' id='word_1_523' title='bbox 380 4337 505 4392; x_wconf 85' lang='grc' dir='ltr'>καθ’</span> <span class='ocrx_word' id='word_1_524' title='bbox 536 4338 565 4391; x_wconf 79' lang='grc' dir='ltr'>ὃ</span> <span class='ocrx_word' id='word_1_525' title='bbox 609 4338 797 4410; x_wconf 79' lang='grc' dir='ltr'>ψυχῶν</span> <span class='ocrx_word' id='word_1_526' title='bbox 833 4340 1096 4412; x_wconf 84' lang='grc' dir='ltr'>τρόφιμός</span> <span class='ocrx_word' id='word_1_527' title='bbox 1127 4342 1266 4405; x_wconf 71' lang='grc' dir='ltr'>ἐστι,</span> <span class='ocrx_word' id='word_1_528' title='bbox 1300 4343 1391 4398; x_wconf 73' lang='grc' dir='ltr'>καὶ</span> <span class='ocrx_word' id='word_1_529' title='bbox 1424 4342 1629 4413; x_wconf 78' lang='grc' dir='ltr'>τροφῆς</span> <span class='ocrx_word' id='word_1_530' title='bbox 1692 4343 1793 4414; x_wconf 83' lang='grc' dir='ltr'>τῆς</span> 
     </span>
    </p>
   </div>
   <div class='ocr_carea' id='block_1_76' title="bbox 1886 3181 3461 3260">
    <p class='ocr_par' dir='ltr' id='par_1_76' title="bbox 1886 3181 3461 3260">
     <span class='ocr_line' id='line_1_76' title="bbox 1886 3181 3461 3260; baseline 0.006 -25"><span class='ocrx_word' id='word_1_531' title='bbox 1886 3181 2102 3250; x_wconf 83' lang='lat' dir='ltr'><strong>propria</strong></span> <span class='ocrx_word' id='word_1_532' title='bbox 2136 3181 2293 3250; x_wconf 88' lang='lat' dir='ltr'><strong>culpa</strong></span> <span class='ocrx_word' id='word_1_533' title='bbox 2328 3182 2552 3238; x_wconf 89' lang='lat' dir='ltr'><strong>hebetes</strong></span> <span class='ocrx_word' id='word_1_534' title='bbox 2580 3185 2647 3239; x_wconf 86' lang='lat' dir='ltr'><strong>ad</strong></span> <span class='ocrx_word' id='word_1_535' title='bbox 2676 3185 2981 3241; x_wconf 86' lang='lat' dir='ltr'><strong>doctrinam</strong></span> <span class='ocrx_word' id='word_1_536' title='bbox 3011 3199 3160 3254; x_wconf 87' lang='lat' dir='ltr'><strong>sunt,</strong></span> <span class='ocrx_word' id='word_1_537' title='bbox 3183 3190 3311 3260; x_wconf 91' lang='lat' dir='ltr'><strong>quia</strong></span> <span class='ocrx_word' id='word_1_538' title='bbox 3346 3190 3461 3258; x_wconf 80' lang='lat' dir='ltr'><strong>jam</strong></span> 
     </span>
    </p>
   </div>
   <div class='ocr_carea' id='block_1_77' title="bbox 1884 3269 3464 3347">
    <p class='ocr_par' dir='ltr' id='par_1_77' title="bbox 1884 3269 3464 3347">
     <span class='ocr_line' id='line_1_77' title="bbox 1884 3269 3464 3347; baseline 0.008 -22"><span class='ocrx_word' id='word_1_539' title='bbox 1884 3269 2009 3327; x_wconf 81' lang='lat' dir='ltr'><strong>inde</strong></span> <span class='ocrx_word' id='word_1_540' title='bbox 2030 3273 2098 3327; x_wconf 89' lang='lat' dir='ltr'><strong>ab</strong></span> <span class='ocrx_word' id='word_1_541' title='bbox 2128 3272 2284 3329; x_wconf 89' lang='lat' dir='ltr'><strong>initio</strong></span> <span class='ocrx_word' id='word_1_542' title='bbox 2307 3274 2497 3329; x_wconf 88' lang='lat' dir='ltr'><strong>audire</strong></span> <span class='ocrx_word' id='word_1_543' title='bbox 2540 3274 2688 3331; x_wconf 86' lang='lat' dir='ltr'><strong>illam</strong></span> <span class='ocrx_word' id='word_1_544' title='bbox 2719 3287 3036 3347; x_wconf 86' lang='lat' dir='ltr'><strong>renuerunt,</strong></span> <span class='ocrx_word' id='word_1_545' title='bbox 3070 3281 3164 3336; x_wconf 88' lang='lat' dir='ltr'><strong>sed</strong></span> <span class='ocrx_word' id='word_1_546' title='bbox 3192 3282 3464 3339; x_wconf 83' lang='lat' dir='ltr'><strong>socordia</strong></span> 
     </span>
    </p>
   </div>
   <div class='ocr_carea' id='block_1_78' title="bbox 1884 3364 2339 3435">
    <p class='ocr_par' dir='ltr' id='par_1_78' title="bbox 1884 3364 2339 3435">
     <span class='ocr_line' id='line_1_78' title="bbox 1884 3364 2339 3435; baseline 0.011 -16"><span class='ocrx_word' id='word_1_547' title='bbox 1884 3377 1981 3419; x_wconf 87' lang='lat' dir='ltr'><strong>sua</strong></span> <span class='ocrx_word' id='word_1_548' title='bbox 2004 3364 2339 3435; x_wconf 71' lang='lat' dir='ltr'><strong>abiecerunt.</strong></span> 
     </span>
    </p>
   </div>
   <div class='ocr_carea' id='block_1_79' title="bbox 2619 3501 2741 3563">
    <p class='ocr_par' dir='ltr' id='par_1_79' title="bbox 2619 3501 2741 3563">
     <span class='ocr_line' id='line_1_79' title="bbox 2619 3501 2741 3563; baseline 0.008 -2"><span class='ocrx_word' id='word_1_549' title='bbox 2619 3501 2741 3563; x_wconf 77' lang='lat' dir='ltr'><strong>XX.</strong></span> 
     </span>
    </p>
   </div>
   <div class='ocr_carea' id='block_1_80' title="bbox 1965 3614 3463 3695">
    <p class='ocr_par' dir='ltr' id='par_1_80' title="bbox 1965 3614 3463 3695">
     <span class='ocr_line' id='line_1_80' title="bbox 1965 3614 3463 3695; baseline 0.005 -24"><span class='ocrx_word' id='word_1_550' title='bbox 1965 3614 2105 3673; x_wconf 91' lang='lat' dir='ltr'><strong>Dicit</strong></span> <span class='ocrx_word' id='word_1_551' title='bbox 2152 3632 2213 3674; x_wconf 85' lang='lat' dir='ltr'><strong>se</strong></span> <span class='ocrx_word' id='word_1_552' title='bbox 2259 3618 2365 3675; x_wconf 90' lang='lat' dir='ltr'><strong>hoc</strong></span> <span class='ocrx_word' id='word_1_553' title='bbox 2389 3618 2918 3679; x_wconf 77' lang='lat' dir='ltr'><strong>loco&quot;.”Dominus</strong></span> <span class='ocrx_word' id='word_1_554' title='bbox 2964 3633 3223 3692; x_wconf 83' lang='lat' dir='ltr'><strong>saturem,</strong></span> <span class='ocrx_word' id='word_1_555' title='bbox 3273 3638 3463 3695; x_wconf 86' lang='lat' dir='ltr'><strong>agrum</strong></span> 
     </span>
    </p>
   </div>
   <div class='ocr_carea' id='block_1_81' title="bbox 1894 3709 3465 3784">
    <p class='ocr_par' dir='ltr' id='par_1_81' title="bbox 1894 3709 3465 3784">
     <span class='ocr_line' id='line_1_81' title="bbox 1894 3709 3465 3784; baseline 0.004 -25"><span class='ocrx_word' id='word_1_556' title='bbox 1894 3717 2075 3761; x_wconf 90' lang='lat' dir='ltr'><strong>autem</strong></span> <span class='ocrx_word' id='word_1_557' title='bbox 2112 3718 2378 3765; x_wconf 87' lang='lat' dir='ltr'><strong>terrarum</strong></span> <span class='ocrx_word' id='word_1_558' title='bbox 2412 3711 2623 3767; x_wconf 88' lang='lat' dir='ltr'><strong>orbem.</strong></span> <span class='ocrx_word' id='word_1_559' title='bbox 2677 3709 2751 3768; x_wconf 89' lang='lat' dir='ltr'><strong>Ut</strong></span> <span class='ocrx_word' id='word_1_560' title='bbox 2796 3722 2978 3768; x_wconf 88' lang='lat' dir='ltr'><strong>autem</strong></span> <span class='ocrx_word' id='word_1_561' title='bbox 3022 3725 3226 3784; x_wconf 88' lang='lat' dir='ltr'><strong>quanta</strong></span> <span class='ocrx_word' id='word_1_562' title='bbox 3272 3713 3465 3769; x_wconf 88' lang='lat' dir='ltr'><strong>semini</strong></span> 
     </span>
    </p>
   </div>
   <div class='ocr_carea' id='block_1_82' title="bbox 1891 3798 3466 3874">
    <p class='ocr_par' dir='ltr' id='par_1_82' title="bbox 1891 3798 3466 3874">
     <span class='ocr_line' id='line_1_82' title="bbox 1891 3798 3466 3874; baseline 0.003 -21"><span class='ocrx_word' id='word_1_563' title='bbox 1891 3799 1976 3854; x_wconf 90' lang='lat' dir='ltr'><strong>vis</strong></span> <span class='ocrx_word' id='word_1_564' title='bbox 2004 3800 2075 3854; x_wconf 90' lang='lat' dir='ltr'><strong>sit</strong></span> <span class='ocrx_word' id='word_1_565' title='bbox 2103 3798 2265 3855; x_wconf 87' lang='lat' dir='ltr'><strong>insita</strong></span> <span class='ocrx_word' id='word_1_566' title='bbox 2294 3801 2508 3868; x_wconf 83' lang='lat' dir='ltr'><strong>innuat,</strong></span> <span class='ocrx_word' id='word_1_567' title='bbox 2541 3817 2711 3871; x_wconf 79' lang='lat' dir='ltr'><strong>grano</strong></span> <span class='ocrx_word' id='word_1_568' title='bbox 2745 3803 2950 3874; x_wconf 88' lang='lat' dir='ltr'><strong>sinapis</strong></span> <span class='ocrx_word' id='word_1_569' title='bbox 2986 3803 3118 3859; x_wconf 91' lang='lat' dir='ltr'><strong>illud</strong></span> <span class='ocrx_word' id='word_1_570' title='bbox 3148 3812 3466 3873; x_wconf 84' lang='lat' dir='ltr'><strong>comparat:</strong></span> 
     </span>
    </p>
   </div>
   <div class='ocr_carea' id='block_1_83' title="bbox 1892 3892 3469 3963">
    <p class='ocr_par' dir='ltr' id='par_1_83' title="bbox 1892 3892 3469 3963">
     <span class='ocr_line' id='line_1_83' title="bbox 1892 3892 3469 3963; baseline 0.002 -16"><span class='ocrx_word' id='word_1_571' title='bbox 1892 3892 2035 3962; x_wconf 92' lang='lat' dir='ltr'><strong>quod</strong></span> <span class='ocrx_word' id='word_1_572' title='bbox 2058 3894 2291 3963; x_wconf 88' lang='lat' dir='ltr'><strong>quidem,</strong></span> <span class='ocrx_word' id='word_1_573' title='bbox 2316 3898 2460 3949; x_wconf 91' lang='lat' dir='ltr'><strong>inter</strong></span> <span class='ocrx_word' id='word_1_574' title='bbox 2478 3893 2757 3949; x_wconf 87' lang='lat' dir='ltr'><strong>hominum</strong></span> <span class='ocrx_word' id='word_1_575' title='bbox 2784 3896 3085 3960; x_wconf 87' lang='lat' dir='ltr'><strong>doctrinas,</strong></span> <span class='ocrx_word' id='word_1_576' title='bbox 3112 3896 3226 3953; x_wconf 82' lang='lat' dir='ltr'><strong>sive</strong></span> <span class='ocrx_word' id='word_1_577' title='bbox 3248 3894 3469 3951; x_wconf 63' lang='lat' dir='ltr'><strong>Graecas</strong></span> 
     </span>
    </p>
   </div>
   <div class='ocr_carea' id='block_1_84' title="bbox 1892 3986 3469 4058">
    <p class='ocr_par' dir='ltr' id='par_1_84' title="bbox 1892 3986 3469 4058">
     <span class='ocr_line' id='line_1_84' title="bbox 1892 3986 3469 4058; baseline 0.003 -19"><span class='ocrx_word' id='word_1_578' title='bbox 1892 3986 2008 4039; x_wconf 89' lang='lat' dir='ltr'><strong>sive</strong></span> <span class='ocrx_word' id='word_1_579' title='bbox 2040 3987 2382 4051; x_wconf 89' lang='lat' dir='ltr'><strong>barbaricas,</strong></span> <span class='ocrx_word' id='word_1_580' title='bbox 2408 3997 2675 4056; x_wconf 89' lang='lat' dir='ltr'><strong>quotquot</strong></span> <span class='ocrx_word' id='word_1_581' title='bbox 2705 3987 3027 4057; x_wconf 89' lang='lat' dir='ltr'><strong>sapientiam</strong></span> <span class='ocrx_word' id='word_1_582' title='bbox 3048 3987 3285 4058; x_wconf 87' lang='lat' dir='ltr'><strong>aliquam</strong></span> <span class='ocrx_word' id='word_1_583' title='bbox 3307 3986 3469 4055; x_wconf 84' lang='lat' dir='ltr'><strong>hujus</strong></span> 
     </span>
    </p>
   </div>
   <div class='ocr_carea' id='block_1_85' title="bbox 1894 4076 3471 4152">
    <p class='ocr_par' dir='ltr' id='par_1_85' title="bbox 1894 4076 3471 4152">
     <span class='ocr_line' id='line_1_85' title="bbox 1894 4076 3471 4152; baseline 0.003 -21"><span class='ocrx_word' id='word_1_584' title='bbox 1894 4076 2077 4132; x_wconf 66' lang='lat' dir='ltr'><strong>saeculi</strong></span> <span class='ocrx_word' id='word_1_585' title='bbox 2112 4093 2222 4147; x_wconf 70' lang='lat' dir='ltr'><strong>prae</strong></span> <span class='ocrx_word' id='word_1_586' title='bbox 2260 4094 2320 4133; x_wconf 80' lang='lat' dir='ltr'><strong>se</strong></span> <span class='ocrx_word' id='word_1_587' title='bbox 2350 4076 2554 4145; x_wconf 80' lang='lat' dir='ltr'><strong>ferunt,</strong></span> <span class='ocrx_word' id='word_1_588' title='bbox 2591 4078 2879 4134; x_wconf 85' lang='lat' dir='ltr'><strong>minimum</strong></span> <span class='ocrx_word' id='word_1_589' title='bbox 2916 4091 3038 4133; x_wconf 87' lang='lat' dir='ltr'><strong>esse</strong></span> <span class='ocrx_word' id='word_1_590' title='bbox 3067 4079 3282 4135; x_wconf 87' lang='lat' dir='ltr'><strong>videtur</strong></span> <span class='ocrx_word' id='word_1_591' title='bbox 3307 4089 3471 4152; x_wconf 81' lang='lat' dir='ltr'><strong>atque</strong></span> 
     </span>
    </p>
   </div>
   <div class='ocr_carea' id='block_1_86' title="bbox 1898 4168 3471 4243">
    <p class='ocr_par' dir='ltr' id='par_1_86' title="bbox 1898 4168 3471 4243">
     <span class='ocr_line' id='line_1_86' title="bbox 1898 4168 3471 4243; baseline 0.004 -21"><span class='ocrx_word' id='word_1_592' title='bbox 1898 4168 2246 4237; x_wconf 86' lang='lat' dir='ltr'><strong>vilissimum,</strong></span> <span class='ocrx_word' id='word_1_593' title='bbox 2276 4186 2452 4241; x_wconf 90' lang='lat' dir='ltr'><strong>neque</strong></span> <span class='ocrx_word' id='word_1_594' title='bbox 2478 4182 2657 4228; x_wconf 88' lang='lat' dir='ltr'><strong>tamen</strong></span> <span class='ocrx_word' id='word_1_595' title='bbox 2691 4171 2976 4243; x_wconf 84' lang='lat' dir='ltr'><strong>vulgarem</strong></span> <span class='ocrx_word' id='word_1_596' title='bbox 3011 4173 3271 4227; x_wconf 87' lang='lat' dir='ltr'><strong>virtutem</strong></span> <span class='ocrx_word' id='word_1_597' title='bbox 3297 4174 3471 4229; x_wconf 84' lang='lat' dir='ltr'><strong>conti-</strong></span> 
     </span>
    </p>
   </div>
   <div class='ocr_carea' id='block_1_87' title="bbox 1895 4259 3470 4333">
    <p class='ocr_par' dir='ltr' id='par_1_87' title="bbox 1895 4259 3470 4333">
     <span class='ocr_line' id='line_1_87' title="bbox 1895 4259 3470 4333; baseline 0.003 -20"><span class='ocrx_word' id='word_1_598' title='bbox 1895 4268 2009 4314; x_wconf 89' lang='lat' dir='ltr'><strong>net.</strong></span> <span class='ocrx_word' id='word_1_599' title='bbox 2058 4259 2154 4315; x_wconf 84' lang='lat' dir='ltr'><strong>Est</strong></span> <span class='ocrx_word' id='word_1_600' title='bbox 2200 4270 2382 4319; x_wconf 89' lang='lat' dir='ltr'><strong>autem</strong></span> <span class='ocrx_word' id='word_1_601' title='bbox 2425 4261 2514 4318; x_wconf 87' lang='lat' dir='ltr'><strong>illa</strong></span> <span class='ocrx_word' id='word_1_602' title='bbox 2553 4262 2824 4331; x_wconf 85' lang='lat' dir='ltr'><strong>doctrina,</strong></span> <span class='ocrx_word' id='word_1_603' title='bbox 2862 4261 3193 4317; x_wconf 75' lang='lat' dir='ltr'><strong>frumentum</strong></span> <span class='ocrx_word' id='word_1_604' title='bbox 3249 4263 3470 4333; x_wconf 87' lang='lat' dir='ltr'><strong>quidem</strong></span> 
     </span>
    </p>
   </div>
   <div class='ocr_carea' id='block_1_88' title="bbox 1898 4353 3472 4421">
    <p class='ocr_par' dir='ltr' id='par_1_88' title="bbox 1898 4353 3472 4421">
     <span class='ocr_line' id='line_1_88' title="bbox 1898 4353 3472 4421; baseline 0.003 -16"><span class='ocrx_word' id='word_1_605' title='bbox 1898 4361 2166 4421; x_wconf 87' lang='lat' dir='ltr'><strong>quatenus</strong></span> <span class='ocrx_word' id='word_1_606' title='bbox 2194 4354 2500 4409; x_wconf 90' lang='lat' dir='ltr'><strong>animarum</strong></span> <span class='ocrx_word' id='word_1_607' title='bbox 2533 4354 2717 4410; x_wconf 81' lang='lat' dir='ltr'><strong>nutrix</strong></span> <span class='ocrx_word' id='word_1_608' title='bbox 2744 4363 2847 4418; x_wconf 87' lang='lat' dir='ltr'><strong>est,</strong></span> <span class='ocrx_word' id='word_1_609' title='bbox 2895 4364 2951 4410; x_wconf 92' lang='lat' dir='ltr'><strong>et</strong></span> <span class='ocrx_word' id='word_1_610' title='bbox 2986 4353 3262 4409; x_wconf 64' lang='lat' dir='ltr'><strong>alimoniae</strong></span> <span class='ocrx_word' id='word_1_611' title='bbox 3294 4369 3326 4409; x_wconf 91' lang='lat' dir='ltr'><strong>a</strong></span> <span class='ocrx_word' id='word_1_612' title='bbox 3363 4353 3472 4409; x_wconf 91' lang='lat' dir='ltr'><strong>Deo</strong></span> 
     </span>
    </p>
   </div>
   <div class='ocr_carea' id='block_1_89' title="bbox 205 4429 1780 4529">
    <p class='ocr_par' dir='ltr' id='par_1_89' title="bbox 205 4429 1780 4507">
     <span class='ocr_line' id='line_1_89' title="bbox 205 4429 1780 4507; baseline 0.003 -22"><span class='ocrx_word' id='word_1_613' title='bbox 205 4432 362 4503; x_wconf 67' lang='grc' dir='ltr'>παρὰ</span> <span class='ocrx_word' id='word_1_614' title='bbox 404 4429 501 4507; x_wconf 13' lang='grc' dir='ltr'><strong>’τῷ</strong></span> <span class='ocrx_word' id='word_1_615' title='bbox 556 4434 675 4505; x_wconf 85' lang='grc' dir='ltr'>Θεῷ</span> <span class='ocrx_word' id='word_1_616' title='bbox 728 4434 1076 4503; x_wconf 81' lang='grc' dir='ltr'>παρεκτικός·</span> <span class='ocrx_word' id='word_1_617' title='bbox 1135 4434 1331 4497; x_wconf 86' lang='grc' dir='ltr'>κόκκος</span> <span class='ocrx_word' id='word_1_618' title='bbox 1386 4434 1441 4487; x_wconf 78' lang='grc' dir='ltr'>δὲ</span> <span class='ocrx_word' id='word_1_619' title='bbox 1499 4436 1780 4502; x_wconf 76' lang='grc' dir='ltr'>σινάπεως,</span> 
     </span>
    </p>
   </div>
   <div class='ocr_carea' id='block_1_90' title="bbox 1884 4429 3470 4529">
    <p class='ocr_par' dir='ltr' id='par_1_90' title="bbox 1899 4444 3470 4517">
     <span class='ocr_line' id='line_1_90' title="bbox 1899 4444 3470 4517; baseline 0.003 -20"><span class='ocrx_word' id='word_1_620' title='bbox 1899 4444 2041 4497; x_wconf 71' lang='lat' dir='ltr'><strong>datae</strong></span> <span class='ocrx_word' id='word_1_621' title='bbox 2072 4445 2357 4510; x_wconf 87' lang='lat' dir='ltr'><strong>ministra;</strong></span> <span class='ocrx_word' id='word_1_622' title='bbox 2384 4460 2611 4516; x_wconf 87' lang='lat' dir='ltr'><strong>granum</strong></span> <span class='ocrx_word' id='word_1_623' title='bbox 2644 4461 2778 4502; x_wconf 90' lang='lat' dir='ltr'><strong>vero</strong></span> <span class='ocrx_word' id='word_1_624' title='bbox 2819 4446 3044 4517; x_wconf 87' lang='lat' dir='ltr'><strong>sinapis,</strong></span> <span class='ocrx_word' id='word_1_625' title='bbox 3078 4456 3349 4516; x_wconf 85' lang='lat' dir='ltr'><strong>quatenus</strong></span> <span class='ocrx_word' id='word_1_626' title='bbox 3379 4461 3470 4502; x_wconf 39' lang='lat' dir='ltr'><strong>see</strong></span> 
     </span>
    </p>
   </div>
   <div class='ocr_carea' id='block_1_91' title="bbox 205 4521 1785 4594">
    <p class='ocr_par' dir='ltr' id='par_1_91' title="bbox 205 4521 1785 4594">
     <span class='ocr_line' id='line_1_91' title="bbox 205 4521 1785 4594; baseline 0 -18"><span class='ocrx_word' id='word_1_627' title='bbox 205 4522 331 4576; x_wconf 82' lang='grc' dir='ltr'>καθ’</span> <span class='ocrx_word' id='word_1_628' title='bbox 373 4522 404 4575; x_wconf 77' lang='grc' dir='ltr'><strong>ὃ</strong></span> <span class='ocrx_word' id='word_1_629' title='bbox 436 4522 767 4594; x_wconf 78' lang='grc' dir='ltr'>βραχύτατος</span> <span class='ocrx_word' id='word_1_630' title='bbox 830 4522 927 4593; x_wconf 74' lang='grc' dir='ltr'>μὲν</span> <span class='ocrx_word' id='word_1_631' title='bbox 980 4522 1232 4576; x_wconf 81' lang='grc' dir='ltr'>ἁπάντων</span> <span class='ocrx_word' id='word_1_632' title='bbox 1287 4521 1395 4573; x_wconf 86' lang='grc' dir='ltr'><strong>τῶν</strong></span> <span class='ocrx_word' id='word_1_633' title='bbox 1438 4522 1785 4593; x_wconf 80' lang='grc' dir='ltr'>σπερμάτων·</span> 
     </span>
    </p>
   </div>
   <div class='ocr_carea' id='block_1_92' title="bbox 204 4614 1790 4687">
    <p class='ocr_par' dir='ltr' id='par_1_92' title="bbox 204 4614 1790 4687">
     <span class='ocr_line' id='line_1_92' title="bbox 204 4614 1790 4687; baseline -0.002 -17"><span class='ocrx_word' id='word_1_634' title='bbox 204 4617 328 4671; x_wconf 73' lang='grc' dir='ltr'>οὐδὲ</span> <span class='ocrx_word' id='word_1_635' title='bbox 389 4617 502 4687; x_wconf 88' lang='grc' dir='ltr'><strong>γάρ</strong></span> <span class='ocrx_word' id='word_1_636' title='bbox 558 4618 705 4669; x_wconf 73' lang='grc' dir='ltr'>ἐστιν</span> <span class='ocrx_word' id='word_1_637' title='bbox 756 4616 884 4670; x_wconf 70' lang='grc' dir='ltr'>ἄλλο</span> <span class='ocrx_word' id='word_1_638' title='bbox 927 4616 1039 4669; x_wconf 89' lang='grc' dir='ltr'><strong>τῶν</strong></span> <span class='ocrx_word' id='word_1_639' title='bbox 1090 4616 1183 4668; x_wconf 75' lang='grc' dir='ltr'><strong>ἐπὶ</strong></span> <span class='ocrx_word' id='word_1_640' title='bbox 1239 4615 1343 4685; x_wconf 83' lang='grc' dir='ltr'>γῆς</span> <span class='ocrx_word' id='word_1_641' title='bbox 1384 4614 1790 4685; x_wconf 73' lang='grc' dir='ltr'>καταϐαλλομέ-</span> 
     </span>
    </p>
   </div>
   <div class='ocr_carea' id='block_1_93' title="bbox 206 4706 1795 4781">
    <p class='ocr_par' dir='ltr' id='par_1_93' title="bbox 206 4706 1795 4781">
     <span class='ocr_line' id='line_1_93' title="bbox 206 4706 1795 4781; baseline -0.002 -18"><span class='ocrx_word' id='word_1_642' title='bbox 206 4727 314 4764; x_wconf 86' lang='grc' dir='ltr'><strong>νων</strong></span> <span class='ocrx_word' id='word_1_643' title='bbox 352 4708 689 4781; x_wconf 79' lang='grc' dir='ltr'>σπερμάτων</span> <span class='ocrx_word' id='word_1_644' title='bbox 725 4709 913 4762; x_wconf 88' lang='grc' dir='ltr'>τούτου</span> <span class='ocrx_word' id='word_1_645' title='bbox 941 4710 1008 4779; x_wconf 79' lang='grc' dir='ltr'>τῇ</span> <span class='ocrx_word' id='word_1_646' title='bbox 1047 4708 1368 4781; x_wconf 83' lang='grc' dir='ltr'>σμικρότητι</span> <span class='ocrx_word' id='word_1_647' title='bbox 1411 4706 1795 4779; x_wconf 86' lang='grc' dir='ltr'>συγκρίνεσθαι</span> 
     </span>
    </p>
   </div>
   <div class='ocr_carea' id='block_1_94' title="bbox 205 4796 1795 4870">
    <p class='ocr_par' dir='ltr' id='par_1_94' title="bbox 205 4796 1795 4870">
     <span class='ocr_line' id='line_1_94' title="bbox 205 4796 1795 4870; baseline -0.002 -16"><span class='ocrx_word' id='word_1_648' title='bbox 205 4799 532 4870; x_wconf 78' lang='grc' dir='ltr'>δυνάμενον,</span> <span class='ocrx_word' id='word_1_649' title='bbox 564 4796 651 4851; x_wconf 79' lang='grc' dir='ltr'>διὰ</span> <span class='ocrx_word' id='word_1_650' title='bbox 677 4798 739 4851; x_wconf 81' lang='grc' dir='ltr'>τὸ</span> <span class='ocrx_word' id='word_1_651' title='bbox 771 4798 976 4870; x_wconf 72' lang='grc' dir='ltr'>κέντρῳ</span> <span class='ocrx_word' id='word_1_652' title='bbox 1003 4798 1253 4859; x_wconf 70' lang='grc' dir='ltr'>ἑοικέναι,</span> <span class='ocrx_word' id='word_1_653' title='bbox 1278 4800 1371 4851; x_wconf 63' lang='grc' dir='ltr'>καὶ.</span> <span class='ocrx_word' id='word_1_654' title='bbox 1397 4798 1577 4869; x_wconf 86' lang='grc' dir='ltr'>σχεδὸν</span> <span class='ocrx_word' id='word_1_655' title='bbox 1608 4798 1795 4869; x_wconf 85' lang='grc' dir='ltr'>ἀτόμῳ</span> 
     </span>
    </p>
   </div>
   <div class='ocr_carea' id='block_1_95' title="bbox 206 4888 1796 4964">
    <p class='ocr_par' dir='ltr' id='par_1_95' title="bbox 206 4888 1796 4964">
     <span class='ocr_line' id='line_1_95' title="bbox 206 4888 1796 4964; baseline -0.001 -19"><span class='ocrx_word' id='word_1_656' title='bbox 206 4890 301 4946; x_wconf 59' lang='grc' dir='ltr'>καὶ</span> <span class='ocrx_word' id='word_1_657' title='bbox 329 4892 538 4962; x_wconf 80' lang='grc' dir='ltr'>ἀμερεϊ</span> <span class='ocrx_word' id='word_1_658' title='bbox 581 4888 814 4961; x_wconf 80' lang='grc' dir='ltr'>σώματι·</span> <span class='ocrx_word' id='word_1_659' title='bbox 860 4891 1008 4961; x_wconf 80' lang='grc' dir='ltr'>ὅμως</span> <span class='ocrx_word' id='word_1_660' title='bbox 1056 4891 1112 4944; x_wconf 83' lang='grc' dir='ltr'>δὲ</span> <span class='ocrx_word' id='word_1_661' title='bbox 1145 4893 1225 4956; x_wconf 89' lang='grc' dir='ltr'><strong>είς</strong></span> <span class='ocrx_word' id='word_1_662' title='bbox 1273 4891 1524 4944; x_wconf 75' lang='grc' dir='ltr'>τοσοῦτον</span> <span class='ocrx_word' id='word_1_663' title='bbox 1567 4892 1796 4964; x_wconf 83' lang='grc' dir='ltr'>μέγεθος</span> 
     </span>
    </p>
   </div>
   <div class='ocr_carea' id='block_1_96' title="bbox 206 4982 1789 5054">
    <p class='ocr_par' dir='ltr' id='par_1_96' title="bbox 206 4982 1789 5054">
     <span class='ocr_line' id='line_1_96' title="bbox 206 4982 1789 5054; baseline 0.001 -16"><span class='ocrx_word' id='word_1_664' title='bbox 206 4984 544 5048; x_wconf 64' lang='grc' dir='ltr'>ὶπιδίδωσιν,</span> <span class='ocrx_word' id='word_1_665' title='bbox 576 4982 652 5046; x_wconf 85' lang='grc' dir='ltr'><strong>ὡς</strong></span> <span class='ocrx_word' id='word_1_666' title='bbox 704 4984 812 5036; x_wconf 81' lang='grc' dir='ltr'>πᾶν</span> <span class='ocrx_word' id='word_1_667' title='bbox 850 4982 911 5035; x_wconf 82' lang='grc' dir='ltr'>τὸ</span> <span class='ocrx_word' id='word_1_668' title='bbox 940 4982 1048 5036; x_wconf 92' lang='grc' dir='ltr'><strong>τῶν</strong></span> <span class='ocrx_word' id='word_1_669' title='bbox 1075 4982 1319 5053; x_wconf 81' lang='grc' dir='ltr'>λαχάνων</span> <span class='ocrx_word' id='word_1_670' title='bbox 1349 4982 1584 5054; x_wconf 79' lang='grc' dir='ltr'>καλύψαι</span> <span class='ocrx_word' id='word_1_671' title='bbox 1613 4985 1789 5052; x_wconf 81' lang='grc' dir='ltr'>γένος.</span> 
     </span>
    </p>
   </div>
   <div class='ocr_carea' id='block_1_97' title="bbox 210 5073 1792 5147">
    <p class='ocr_par' dir='ltr' id='par_1_97' title="bbox 210 5073 1792 5147">
     <span class='ocr_line' id='line_1_97' title="bbox 210 5073 1792 5147; baseline 0.001 -17"><span class='ocrx_word' id='word_1_672' title='bbox 210 5076 277 5130; x_wconf 81' lang='lat'><strong>‘0</strong></span> <span class='ocrx_word' id='word_1_673' title='bbox 294 5075 365 5147; x_wconf 75' lang='grc' dir='ltr'>δὴ</span> <span class='ocrx_word' id='word_1_674' title='bbox 394 5075 494 5129; x_wconf 82' lang='grc' dir='ltr'>καὶ</span> <span class='ocrx_word' id='word_1_675' title='bbox 520 5073 652 5128; x_wconf 75' lang='grc' dir='ltr'>αὐτὸ</span> <span class='ocrx_word' id='word_1_676' title='bbox 674 5073 898 5127; x_wconf 74' lang='grc' dir='ltr'>ἔκϐασιν</span> <span class='ocrx_word' id='word_1_677' title='bbox 922 5074 1103 5144; x_wconf 77' lang='grc' dir='ltr'>ἔργοις</span> <span class='ocrx_word' id='word_1_678' title='bbox 1118 5077 1300 5139; x_wconf 79' lang='grc' dir='ltr'>αὐτοῖς</span> <span class='ocrx_word' id='word_1_679' title='bbox 1321 5076 1608 5147; x_wconf 86' lang='grc' dir='ltr'>σύμφωνον</span> <span class='ocrx_word' id='word_1_680' title='bbox 1623 5077 1792 5143; x_wconf 78' lang='grc' dir='ltr'>ἔδειξε</span> 
     </span>
    </p>
   </div>
   <div class='ocr_carea' id='block_1_98' title="bbox 211 5166 1793 5241">
    <p class='ocr_par' dir='ltr' id='par_1_98' title="bbox 211 5166 1793 5241">
     <span class='ocr_line' id='line_1_98' title="bbox 211 5166 1793 5241; baseline 0.001 -19"><span class='ocrx_word' id='word_1_681' title='bbox 211 5171 327 5232; x_wconf 80' lang='grc' dir='ltr'>ταῖς</span> <span class='ocrx_word' id='word_1_682' title='bbox 379 5168 769 5239; x_wconf 69' lang='grc' dir='ltr'>προρρήσεσιν·</span> <span class='ocrx_word' id='word_1_683' title='bbox 821 5167 1015 5221; x_wconf 86' lang='grc' dir='ltr'>αὐτίκα</span> <span class='ocrx_word' id='word_1_684' title='bbox 1045 5166 1174 5236; x_wconf 83' lang='grc' dir='ltr'>γοῦν</span> <span class='ocrx_word' id='word_1_685' title='bbox 1208 5168 1505 5240; x_wconf 75' lang='grc' dir='ltr'>ὀφθαλμοῖς</span> <span class='ocrx_word' id='word_1_686' title='bbox 1559 5170 1793 5241; x_wconf 87' lang='grc' dir='ltr'>πάρεστι</span> 
     </span>
    </p>
   </div>
   <div class='ocr_carea' id='block_1_99' title="bbox 208 5258 1798 5333">
    <p class='ocr_par' dir='ltr' id='par_1_99' title="bbox 208 5258 1798 5333">
     <span class='ocr_line' id='line_1_99' title="bbox 208 5258 1798 5333; baseline -0.001 -17"><span class='ocrx_word' id='word_1_687' title='bbox 208 5258 688 5333; x_wconf 77' lang='grc' dir='ltr'>παραλαμϐάνειν,</span> <span class='ocrx_word' id='word_1_688' title='bbox 716 5260 792 5324; x_wconf 85' lang='grc' dir='ltr'><strong>ῶς</strong></span> <span class='ocrx_word' id='word_1_689' title='bbox 823 5262 852 5313; x_wconf 85' lang='grc' dir='ltr'><strong>ὁ</strong></span> <span class='ocrx_word' id='word_1_690' title='bbox 884 5260 1083 5324; x_wconf 83' lang='grc' dir='ltr'>σπόρος</span> <span class='ocrx_word' id='word_1_691' title='bbox 1109 5263 1138 5313; x_wconf 85' lang='grc' dir='ltr'>ὁ</span> <span class='ocrx_word' id='word_1_692' title='bbox 1164 5260 1536 5331; x_wconf 75' lang='grc' dir='ltr'>εὐαγγελικδς,</span> <span class='ocrx_word' id='word_1_693' title='bbox 1580 5261 1798 5333; x_wconf 85' lang='grc' dir='ltr'>σπειρό-</span> 
     </span>
    </p>
   </div>
   <div class='ocr_carea' id='block_1_100' title="bbox 229 5389 1319 5458">
    <p class='ocr_par' dir='ltr' id='par_1_100' title="bbox 229 5389 1319 5458">
     <span class='ocr_line' id='line_1_100' title="bbox 229 5389 1319 5458; baseline 0.002 -10"><span class='ocrx_word' id='word_1_694' title='bbox 229 5399 298 5435; x_wconf 80' lang='grc' dir='ltr'><strong>⁶ιο</strong></span> <span class='ocrx_word' id='word_1_695' title='bbox 318 5400 365 5433; x_wconf 68' lang='grc'><strong><em>⁸⁸</em></strong></span> <span class='ocrx_word' id='word_1_696' title='bbox 401 5394 603 5451; x_wconf 76' lang='lat' dir='ltr'><strong>llatth.</strong></span> <span class='ocrx_word' id='word_1_697' title='bbox 635 5408 757 5457; x_wconf 76' lang='lat' dir='ltr'><strong>xm,</strong></span> <span class='ocrx_word' id='word_1_698' title='bbox 786 5392 850 5447; x_wconf 74' lang='grc'><strong>31</strong></span> <span class='ocrx_word' id='word_1_699' title='bbox 879 5389 1052 5457; x_wconf 75' lang='lat' dir='ltr'><strong>;Lue.</strong></span> <span class='ocrx_word' id='word_1_700' title='bbox 1084 5406 1203 5458; x_wconf 70' lang='grc' dir='ltr'>χιιι,</span> <span class='ocrx_word' id='word_1_701' title='bbox 1231 5392 1319 5449; x_wconf 84' lang='grc'><strong>19.</strong></span> 
     </span>
    </p>
   </div>
   <div class='ocr_carea' id='block_1_101' title="bbox 280 5522 1792 5610">
    <p class='ocr_par' dir='ltr' id='par_1_101' title="bbox 280 5522 1792 5610">
     <span class='ocr_line' id='line_1_101' title="bbox 280 5522 1792 5610; baseline 0.009 -31"><span class='ocrx_word' id='word_1_702' title='bbox 280 5523 401 5593; x_wconf 76' lang='lat' dir='ltr'><strong>(ﬂ)</strong></span> <span class='ocrx_word' id='word_1_703' title='bbox 426 5522 761 5610; x_wconf 53' lang='lat' dir='ltr'><strong>gangruunt</strong></span> <span class='ocrx_word' id='word_1_704' title='bbox 795 5524 910 5582; x_wconf 67' lang='lat' dir='ltr'><strong>haec</strong></span> <span class='ocrx_word' id='word_1_705' title='bbox 961 5526 1107 5585; x_wconf 86' lang='lat' dir='ltr'><strong>belle</strong></span> <span class='ocrx_word' id='word_1_706' title='bbox 1147 5544 1270 5585; x_wconf 85' lang='lat' dir='ltr'><strong>cum</strong></span> <span class='ocrx_word' id='word_1_707' title='bbox 1310 5529 1651 5603; x_wconf 75' lang='lat' dir='ltr'><strong>Tneopltania</strong></span> <span class='ocrx_word' id='word_1_708' title='bbox 1687 5535 1792 5610; x_wconf 79' lang='lat' dir='ltr'><strong>Sy-</strong></span> 
     </span>
    </p>
   </div>
   <div class='ocr_carea' id='block_1_102' title="bbox 214 5594 754 5656">
    <p class='ocr_par' dir='ltr' id='par_1_102' title="bbox 214 5594 754 5656">
     <span class='ocr_line' id='line_1_102' title="bbox 214 5594 754 5656; baseline -0.004 -5"><span class='ocrx_word' id='word_1_709' title='bbox 214 5596 388 5656; x_wconf 82' lang='lat' dir='ltr'><strong>riaca.</strong></span> <span class='ocrx_word' id='word_1_710' title='bbox 426 5594 523 5648; x_wconf 89' lang='lat' dir='ltr'><strong>lib.</strong></span> <span class='ocrx_word' id='word_1_711' title='bbox 556 5610 627 5656; x_wconf 84' lang='lat' dir='ltr'><strong>tv,</strong></span> <span class='ocrx_word' id='word_1_712' title='bbox 665 5596 754 5649; x_wconf 81' lang='grc'><strong>51.</strong></span> 
     </span>
    </p>
   </div>
   <div class='ocr_carea' id='block_1_103' title="bbox 286 5663 1786 5801">
    <p class='ocr_par' dir='ltr' id='par_1_103' title="bbox 286 5663 1786 5801">
     <span class='ocr_line' id='line_1_103' title="bbox 286 5663 1786 5801; baseline 0.01 -83"><span class='ocrx_word' id='word_1_713' title='bbox 286 5664 415 5801; x_wconf 62' lang='grc' dir='ltr'><strong>(Ιὸἐ</strong></span> <span class='ocrx_word' id='word_1_714' title='bbox 448 5663 671 5719; x_wconf 87' lang='lat' dir='ltr'><strong>Grande</strong></span> <span class='ocrx_word' id='word_1_715' title='bbox 717 5670 820 5751; x_wconf 74' lang='lat' dir='ltr'><strong>hoc</strong></span> <span class='ocrx_word' id='word_1_716' title='bbox 869 5664 1259 5750; x_wconf 79' lang='lat' dir='ltr'><strong>fragmentum.</strong></span> <span class='ocrx_word' id='word_1_717' title='bbox 1310 5687 1482 5755; x_wconf 78' lang='lat' dir='ltr'><strong>usque</strong></span> <span class='ocrx_word' id='word_1_718' title='bbox 1529 5673 1595 5728; x_wconf 89' lang='lat' dir='ltr'><strong>ad</strong></span> <span class='ocrx_word' id='word_1_719' title='bbox 1622 5675 1786 5733; x_wconf 84' lang='lat' dir='ltr'><strong>verba</strong></span> 
     </span>
     <span class='ocr_line' id='line_1_104' title="bbox 286 5733 1786 5801; baseline 0.011 -17"><span class='ocrx_word' id='word_1_720' title='bbox 286 5733 377 5790; x_wconf 75' lang='grc' dir='ltr'><strong>οδε</strong></span> <span class='ocrx_word' id='word_1_721' title='bbox 415 5733 639 5801; x_wconf 81' lang='grc' dir='ltr'>αμὲνων</span> <span class='ocrx_word' id='word_1_722' title='bbox 690 5735 873 5800; x_wconf 86' lang='grc' dir='ltr'>αυτόν,</span> <span class='ocrx_word' id='word_1_723' title='bbox 924 5753 1265 5801; x_wconf 73' lang='lat' dir='ltr'><strong>perspicuum</strong></span> <span class='ocrx_word' id='word_1_724' title='bbox 1313 5754 1453 5801; x_wconf 73' lang='lat' dir='ltr'><strong>gent</strong></span> <span class='ocrx_word' id='word_1_725' title='bbox 1484 5743 1698 5801; x_wconf 88' lang='lat' dir='ltr'><strong>titulum</strong></span> <span class='ocrx_word' id='word_1_726' title='bbox 1734 5746 1786 5801; x_wconf 88' lang='lat' dir='ltr'><strong>in</strong></span> 
     </span>
    </p>
   </div>
   <div class='ocr_carea' id='block_1_104' title="bbox 214 5733 1787 5815">
    <p class='ocr_par' dir='ltr' id='par_1_104' title="bbox 214 5733 1787 5815">
     <span class='ocr_line' id='line_1_105' title="bbox 214 5733 1787 5815; baseline 0.011 -27"><span class='ocrx_word' id='word_1_727' title='bbox 214 5733 639 5806; x_wconf 75' lang='grc' dir='ltr'>ὑποδεξαμένων</span> <span class='ocrx_word' id='word_1_728' title='bbox 690 5735 873 5800; x_wconf 84' lang='grc' dir='ltr'>αὐτόν,</span> <span class='ocrx_word' id='word_1_729' title='bbox 924 5733 1265 5808; x_wconf 78' lang='lat' dir='ltr'><strong>pérspicuum</strong></span> <span class='ocrx_word' id='word_1_730' title='bbox 1313 5733 1453 5815; x_wconf 62' lang='lat' dir='ltr'><strong>gerit</strong></span> <span class='ocrx_word' id='word_1_731' title='bbox 1484 5743 1698 5803; x_wconf 80' lang='lat' dir='ltr'><strong>titulum</strong></span> <span class='ocrx_word' id='word_1_732' title='bbox 1734 5746 1787 5806; x_wconf 82' lang='lat' dir='ltr'><strong>in</strong></span> 
     </span>
    </p>
   </div>
   <div class='ocr_carea' id='block_1_105' title="bbox 549 5827 1261 5898">
    <p class='ocr_par' dir='ltr' id='par_1_105' title="bbox 549 5827 1261 5898">
     <span class='ocr_line' id='line_1_106' title="bbox 549 5827 1261 5898; baseline 0.014 -11"><span class='ocrx_word' id='word_1_733' title='bbox 549 5827 822 5890; x_wconf 73' lang='grc' dir='ltr'>ΡΑτιιοιι..</span> <span class='ocrx_word' id='word_1_734' title='bbox 863 5829 980 5895; x_wconf 76' lang='lat' dir='ltr'><strong>Gs.</strong></span> <span class='ocrx_word' id='word_1_735' title='bbox 1024 5833 1261 5898; x_wconf 78' lang='lat' dir='ltr'><strong>XXIV.</strong></span> 
     </span>
    </p>
   </div>
   <div class='ocr_carea' id='block_1_106' title="bbox 1903 4536 3475 4609">
    <p class='ocr_par' dir='ltr' id='par_1_106' title="bbox 1903 4536 3475 4609">
     <span class='ocr_line' id='line_1_107' title="bbox 1903 4536 3475 4609; baseline 0.004 -21"><span class='ocrx_word' id='word_1_736' title='bbox 1903 4536 2108 4589; x_wconf 89' lang='lat' dir='ltr'><strong>minum</strong></span> <span class='ocrx_word' id='word_1_737' title='bbox 2138 4537 2381 4592; x_wconf 89' lang='lat' dir='ltr'><strong>omnium</strong></span> <span class='ocrx_word' id='word_1_738' title='bbox 2410 4548 2498 4593; x_wconf 89' lang='lat' dir='ltr'><strong>est</strong></span> <span class='ocrx_word' id='word_1_739' title='bbox 2533 4538 2932 4594; x_wconf 86' lang='lat' dir='ltr'><strong>tenuissimum.</strong></span> <span class='ocrx_word' id='word_1_740' title='bbox 2989 4539 3177 4609; x_wconf 75' lang='lat' dir='ltr'><strong>Neque</strong></span> <span class='ocrx_word' id='word_1_741' title='bbox 3204 4540 3352 4596; x_wconf 87' lang='lat' dir='ltr'><strong>enim</strong></span> <span class='ocrx_word' id='word_1_742' title='bbox 3390 4547 3475 4595; x_wconf 89' lang='lat' dir='ltr'><strong>est</strong></span> 
     </span>
    </p>
   </div>
   <div class='ocr_carea' id='block_1_107' title="bbox 1899 4630 3473 4704">
    <p class='ocr_par' dir='ltr' id='par_1_107' title="bbox 1899 4630 3473 4704">
     <span class='ocr_line' id='line_1_108' title="bbox 1899 4630 3473 4704; baseline 0.004 -21"><span class='ocrx_word' id='word_1_743' title='bbox 1899 4630 2047 4685; x_wconf 86' lang='lat' dir='ltr'><strong>aliud</strong></span> <span class='ocrx_word' id='word_1_744' title='bbox 2078 4646 2146 4685; x_wconf 80' lang='lat' dir='ltr'><strong>ex</strong></span> <span class='ocrx_word' id='word_1_745' title='bbox 2172 4631 2259 4687; x_wconf 88' lang='lat' dir='ltr'><strong>his</strong></span> <span class='ocrx_word' id='word_1_746' title='bbox 2284 4647 2408 4701; x_wconf 71' lang='lat' dir='ltr'><strong>qua:</strong></span> <span class='ocrx_word' id='word_1_747' title='bbox 2454 4633 2507 4687; x_wconf 91' lang='lat' dir='ltr'><strong>in</strong></span> <span class='ocrx_word' id='word_1_748' title='bbox 2570 4642 2777 4688; x_wconf 84' lang='lat' dir='ltr'><strong>terram</strong></span> <span class='ocrx_word' id='word_1_749' title='bbox 2833 4635 3196 4704; x_wconf 76' lang='lat' dir='ltr'><strong>projiciuntur</strong></span> <span class='ocrx_word' id='word_1_750' title='bbox 3244 4637 3473 4692; x_wconf 76' lang='lat' dir='ltr'><strong>semini-</strong></span> 
     </span>
    </p>
   </div>
   <div class='ocr_carea' id='block_1_108' title="bbox 1902 4722 3473 4799">
    <p class='ocr_par' dir='ltr' id='par_1_108' title="bbox 1902 4722 3473 4799">
     <span class='ocr_line' id='line_1_109' title="bbox 1902 4722 3473 4799; baseline 0.004 -23"><span class='ocrx_word' id='word_1_751' title='bbox 1902 4722 2025 4789; x_wconf 88' lang='lat' dir='ltr'><strong>bus,</strong></span> <span class='ocrx_word' id='word_1_752' title='bbox 2067 4723 2229 4793; x_wconf 76' lang='lat' dir='ltr'><strong>hujus</strong></span> <span class='ocrx_word' id='word_1_753' title='bbox 2269 4724 2521 4794; x_wconf 83' lang='lat' dir='ltr'><strong>parvitati</strong></span> <span class='ocrx_word' id='word_1_754' title='bbox 2573 4729 3022 4796; x_wconf 85' lang='lat' dir='ltr'><strong>comparandum,</strong></span> <span class='ocrx_word' id='word_1_755' title='bbox 3072 4729 3147 4783; x_wconf 90' lang='lat' dir='ltr'><strong>ita</strong></span> <span class='ocrx_word' id='word_1_756' title='bbox 3171 4739 3229 4783; x_wconf 92' lang='lat' dir='ltr'><strong>ut</strong></span> <span class='ocrx_word' id='word_1_757' title='bbox 3270 4737 3473 4799; x_wconf 78' lang='lat' dir='ltr'><strong>punctu</strong></span> 
     </span>
    </p>
   </div>
   <div class='ocr_carea' id='block_1_109' title="bbox 1903 4813 3474 4892">
    <p class='ocr_par' dir='ltr' id='par_1_109' title="bbox 1903 4813 3474 4892">
     <span class='ocr_line' id='line_1_110' title="bbox 1903 4813 3474 4892; baseline 0.005 -23"><span class='ocrx_word' id='word_1_758' title='bbox 1903 4813 2081 4870; x_wconf 89' lang='lat' dir='ltr'><strong>simile</strong></span> <span class='ocrx_word' id='word_1_759' title='bbox 2111 4816 2202 4883; x_wconf 88' lang='lat' dir='ltr'><strong>sit,</strong></span> <span class='ocrx_word' id='word_1_760' title='bbox 2231 4824 2287 4871; x_wconf 88' lang='lat' dir='ltr'><strong>et</strong></span> <span class='ocrx_word' id='word_1_761' title='bbox 2318 4816 2460 4871; x_wconf 91' lang='lat' dir='ltr'><strong>velut</strong></span> <span class='ocrx_word' id='word_1_762' title='bbox 2494 4827 2677 4873; x_wconf 88' lang='lat' dir='ltr'><strong>atomo</strong></span> <span class='ocrx_word' id='word_1_763' title='bbox 2708 4829 2764 4873; x_wconf 89' lang='lat' dir='ltr'><strong>et</strong></span> <span class='ocrx_word' id='word_1_764' title='bbox 2790 4820 2910 4874; x_wconf 88' lang='lat' dir='ltr'><strong>sine</strong></span> <span class='ocrx_word' id='word_1_765' title='bbox 2942 4822 3188 4889; x_wconf 89' lang='lat' dir='ltr'><strong>partibus</strong></span> <span class='ocrx_word' id='word_1_766' title='bbox 3216 4823 3474 4892; x_wconf 81' lang='lat' dir='ltr'><strong>corpori;</strong></span> 
     </span>
    </p>
   </div>
   <div class='ocr_carea' id='block_1_110' title="bbox 1902 4907 3476 4981">
    <p class='ocr_par' dir='ltr' id='par_1_110' title="bbox 1902 4907 3476 4981">
     <span class='ocr_line' id='line_1_111' title="bbox 1902 4907 3476 4981; baseline 0.006 -22"><span class='ocrx_word' id='word_1_767' title='bbox 1902 4914 1959 4960; x_wconf 86' lang='lat' dir='ltr'><strong>et</strong></span> <span class='ocrx_word' id='word_1_768' title='bbox 2012 4915 2191 4961; x_wconf 77' lang='lat' dir='ltr'><strong>tamen</strong></span> <span class='ocrx_word' id='word_1_769' title='bbox 2247 4907 2300 4961; x_wconf 91' lang='lat' dir='ltr'><strong>in</strong></span> <span class='ocrx_word' id='word_1_770' title='bbox 2348 4917 2553 4964; x_wconf 85' lang='lat' dir='ltr'><strong>tantam</strong></span> <span class='ocrx_word' id='word_1_771' title='bbox 2592 4912 2867 4965; x_wconf 82' lang='lat' dir='ltr'><strong>excrescit</strong></span> <span class='ocrx_word' id='word_1_772' title='bbox 2911 4911 3365 4981; x_wconf 85' lang='lat' dir='ltr'><strong>magnitudinem,</strong></span> <span class='ocrx_word' id='word_1_773' title='bbox 3418 4923 3476 4968; x_wconf 88' lang='lat' dir='ltr'><strong>ut</strong></span> 
     </span>
    </p>
   </div>
   <div class='ocr_carea' id='block_1_111' title="bbox 1897 4996 3478 5072">
    <p class='ocr_par' dir='ltr' id='par_1_111' title="bbox 1897 4996 3478 5072">
     <span class='ocr_line' id='line_1_112' title="bbox 1897 4996 3478 5072; baseline 0.008 -24"><span class='ocrx_word' id='word_1_774' title='bbox 1897 5010 2062 5049; x_wconf 88' lang='lat' dir='ltr'><strong>omne</strong></span> <span class='ocrx_word' id='word_1_775' title='bbox 2099 4996 2307 5053; x_wconf 91' lang='lat' dir='ltr'><strong>olerum</strong></span> <span class='ocrx_word' id='word_1_776' title='bbox 2331 5014 2502 5070; x_wconf 88' lang='lat' dir='ltr'><strong>genus</strong></span> <span class='ocrx_word' id='word_1_777' title='bbox 2534 5010 2776 5071; x_wconf 85' lang='lat' dir='ltr'><strong>superet.</strong></span> <span class='ocrx_word' id='word_1_778' title='bbox 2808 4998 2961 5068; x_wconf 87' lang='lat' dir='ltr'><strong>Quod</strong></span> <span class='ocrx_word' id='word_1_779' title='bbox 2994 5002 3240 5072; x_wconf 80' lang='lat' dir='ltr'><strong>proiecto</strong></span> <span class='ocrx_word' id='word_1_780' title='bbox 3270 5005 3478 5060; x_wconf 87' lang='lat' dir='ltr'><strong>habere</strong></span> 
     </span>
    </p>
   </div>
   <div class='ocr_carea' id='block_1_112' title="bbox 1903 5087 3461 5163">
    <p class='ocr_par' dir='ltr' id='par_1_112' title="bbox 1903 5087 3461 5163">
     <span class='ocr_line' id='line_1_113' title="bbox 1903 5087 3461 5163; baseline 0.006 -24"><span class='ocrx_word' id='word_1_781' title='bbox 1903 5087 2113 5141; x_wconf 78' lang='lat' dir='ltr'><strong>exitum</strong></span> <span class='ocrx_word' id='word_1_782' title='bbox 2190 5103 2384 5145; x_wconf 84' lang='lat' dir='ltr'><strong>revera</strong></span> <span class='ocrx_word' id='word_1_783' title='bbox 2447 5105 2746 5147; x_wconf 88' lang='lat' dir='ltr'><strong>consonum</strong></span> <span class='ocrx_word' id='word_1_784' title='bbox 2803 5093 3258 5163; x_wconf 69' lang='lat' dir='ltr'><strong>pmdictionibus</strong></span> <span class='ocrx_word' id='word_1_785' title='bbox 3304 5105 3461 5151; x_wconf 83' lang='lat' dir='ltr'><strong>05ten</strong></span> 
     </span>
    </p>
   </div>
   <div class='ocr_carea' id='block_1_113' title="bbox 1901 5177 3481 5257">
    <p class='ocr_par' dir='ltr' id='par_1_113' title="bbox 1901 5177 3481 5257">
     <span class='ocr_line' id='line_1_114' title="bbox 1901 5177 3481 5257; baseline 0.007 -26"><span class='ocrx_word' id='word_1_786' title='bbox 1901 5177 2006 5232; x_wconf 93' lang='lat' dir='ltr'><strong>dit.</strong></span> <span class='ocrx_word' id='word_1_787' title='bbox 2068 5178 2212 5235; x_wconf 84' lang='lat' dir='ltr'><strong>Ecce</strong></span> <span class='ocrx_word' id='word_1_788' title='bbox 2269 5183 2418 5237; x_wconf 90' lang='lat' dir='ltr'><strong>enim</strong></span> <span class='ocrx_word' id='word_1_789' title='bbox 2465 5183 2636 5239; x_wconf 84' lang='lat' dir='ltr'><strong>oculis</strong></span> <span class='ocrx_word' id='word_1_790' title='bbox 2699 5194 2948 5253; x_wconf 87' lang='lat' dir='ltr'><strong>spectare</strong></span> <span class='ocrx_word' id='word_1_791' title='bbox 3006 5184 3157 5252; x_wconf 90' lang='lat' dir='ltr'><strong>licet,</strong></span> <span class='ocrx_word' id='word_1_792' title='bbox 3210 5188 3481 5257; x_wconf 88' lang='lat' dir='ltr'><strong>quomodo</strong></span> 
     </span>
    </p>
   </div>
   <div class='ocr_carea' id='block_1_114' title="bbox 1903 5272 3479 5347">
    <p class='ocr_par' dir='ltr' id='par_1_114' title="bbox 1903 5272 3479 5347">
     <span class='ocr_line' id='line_1_115' title="bbox 1903 5272 3479 5347; baseline 0.005 -21"><span class='ocrx_word' id='word_1_793' title='bbox 1903 5272 2275 5345; x_wconf 87' lang='lat' dir='ltr'><strong>evangelicum</strong></span> <span class='ocrx_word' id='word_1_794' title='bbox 2326 5290 2534 5343; x_wconf 87' lang='lat' dir='ltr'><strong>semen,</strong></span> <span class='ocrx_word' id='word_1_795' title='bbox 2584 5275 2685 5332; x_wconf 88' lang='lat' dir='ltr'><strong>sub</strong></span> <span class='ocrx_word' id='word_1_796' title='bbox 2717 5277 2850 5347; x_wconf 89' lang='lat' dir='ltr'><strong>ipsis</strong></span> <span class='ocrx_word' id='word_1_797' title='bbox 2901 5279 3130 5334; x_wconf 86' lang='lat' dir='ltr'><strong>sationis</strong></span> <span class='ocrx_word' id='word_1_798' title='bbox 3171 5280 3479 5347; x_wconf 87' lang='lat' dir='ltr'><strong>primordiis</strong></span> 
     </span>
    </p>
   </div>
   <div class='ocr_carea' id='block_1_115' title="bbox 1899 5543 3473 5622">
    <p class='ocr_par' dir='ltr' id='par_1_115' title="bbox 1899 5543 3473 5622">
     <span class='ocr_line' id='line_1_116' title="bbox 1899 5543 3473 5622; baseline 0.003 -24"><span class='ocrx_word' id='word_1_799' title='bbox 1899 5544 2091 5622; x_wconf 66' lang='lat' dir='ltr'><strong>codice</strong></span> <span class='ocrx_word' id='word_1_800' title='bbox 2127 5546 2193 5612; x_wconf 83' lang='grc' dir='ltr'>Δ,</span> <span class='ocrx_word' id='word_1_801' title='bbox 2222 5545 2262 5601; x_wconf 87' lang='lat' dir='ltr'><strong>l&#39;.</strong></span> <span class='ocrx_word' id='word_1_802' title='bbox 2293 5546 2427 5602; x_wconf 73' lang='grc' dir='ltr'>ιδιε</span> <span class='ocrx_word' id='word_1_803' title='bbox 2480 5543 2669 5622; x_wconf 68' lang='grc' dir='ltr'>βιόλίῳ</span> <span class='ocrx_word' id='word_1_804' title='bbox 2688 5547 2934 5622; x_wconf 79' lang='grc' dir='ltr'>τετάρτῳ</span> <span class='ocrx_word' id='word_1_805' title='bbox 2968 5547 3321 5622; x_wconf 63' lang='grc' dir='ltr'>ρεοφανείας,</span> <span class='ocrx_word' id='word_1_806' title='bbox 3348 5558 3473 5603; x_wconf 87' lang='lat' dir='ltr'><strong>cum</strong></span> 
     </span>
    </p>
   </div>
   <div class='ocr_carea' id='block_1_116' title="bbox 1899 5615 3033 5701">
    <p class='ocr_par' dir='ltr' id='par_1_116' title="bbox 1899 5615 3033 5701">
     <span class='ocr_line' id='line_1_117' title="bbox 1899 5615 3033 5701; baseline 0.002 -32"><span class='ocrx_word' id='word_1_807' title='bbox 1899 5615 2083 5701; x_wconf 58' lang='lat' dir='ltr'><strong>solitis</strong></span> <span class='ocrx_word' id='word_1_808' title='bbox 2113 5615 2567 5701; x_wconf 31' lang='lat' dir='ltr'><strong>t‘antum&#39;lt‘um‘eri</strong></span> <span class='ocrx_word' id='word_1_809' title='bbox 2609 5615 2761 5701; x_wconf 63' lang='lat' dir='ltr'><strong>siglis</strong></span> <span class='ocrx_word' id='word_1_810' title='bbox 2787 5615 2949 5701; x_wconf 68' lang='lat' dir='ltr'><strong>supra</strong></span> <span class='ocrx_word' id='word_1_811' title='bbox 2982 5617 3033 5688; x_wconf 84' lang='grc' dir='ltr'>β.</span> 
     </span>
    </p>
   </div>
   <div class='ocr_carea' id='block_1_117' title="bbox 1972 5684 3199 5762">
    <p class='ocr_par' dir='ltr' id='par_1_117' title="bbox 1972 5684 3199 5762">
     <span class='ocr_line' id='line_1_118' title="bbox 1972 5684 3199 5762; baseline 0 -21"><span class='ocrx_word' id='word_1_812' title='bbox 1972 5685 2085 5757; x_wconf 79' lang='grc'><strong>(16)</strong></span> <span class='ocrx_word' id='word_1_813' title='bbox 2122 5684 2215 5744; x_wconf 84' lang='lat' dir='ltr'><strong>Sic</strong></span> <span class='ocrx_word' id='word_1_814' title='bbox 2238 5688 2294 5745; x_wconf 87' lang='lat' dir='ltr'><strong>in</strong></span> <span class='ocrx_word' id='word_1_815' title='bbox 2332 5684 2686 5759; x_wconf 63' lang='lat' dir='ltr'><strong>Theophania&#39;</strong></span> <span class='ocrx_word' id='word_1_816' title='bbox 2708 5684 2958 5762; x_wconf 75' lang='lat' dir='ltr'><strong>Syriaca,</strong></span> <span class='ocrx_word' id='word_1_817' title='bbox 2983 5684 3069 5755; x_wconf 77' lang='grc' dir='ltr'><strong>ἰν,</strong></span> <span class='ocrx_word' id='word_1_818' title='bbox 3106 5687 3199 5743; x_wconf 70' lang='grc'><strong>56.</strong></span> 
     </span>
    </p>
   </div>
   <div class='ocr_carea' id='block_1_118' title="bbox 3074 5840 3155 5901">
    <p class='ocr_par' dir='ltr' id='par_1_118' title="bbox 3074 5840 3155 5901">
     <span class='ocr_line' id='line_1_119' title="bbox 3074 5840 3155 5901; baseline 0 0"><span class='ocrx_word' id='word_1_819' title='bbox 3074 5840 3155 5901; x_wconf 70' lang='grc'><strong>22</strong></span> 
     </span>
    </p>
   </div>
  </div>
