4070 6304
644 357 740 412 585

645 474 908 534 invisibile
933 473 1113 537 fuerit,
1139 479 1189 525 et
1221 481 1331 537 pra
1357 463 1602 520 doctrina
1641 457 1877 528 qualibet
1909 464 2031 505 vere
2081 448 2181 501 mi—

643 572 844 625 nimum
883 576 936 620 et
987 557 1529 630 contemptissimum.
1579 548 1779 605 Deinde
1814 557 1944 598 vero
1971 548 2181 594 tantum

639 663 784 729 cepit
818 629 1230 716 incrementum,
1249 658 1308 704 ut
1333 647 1644 702 universum
1666 642 1851 694 orbem
1873 629 2181 702 repleverit.

640 719 768 805 Fdi‘.
791 763 920 819 ergo
962 758 1149 801 revera
1198 754 1292 808 per
1337 742 1561 791 cunctas
1608 736 1796 800 gentes
1847 735 2034 779 semen
2082 719 2184 774 hoc

642 842 816 911 majus
854 809 1024 910 quam
1074 832 1383 904 Gracorum
1431 833 1487 880 et
1513 821 1860 911 barbarorum
1879 809 2182 911 sapientia,

637 900 798 1000 quam
833 900 1111 982 blattbaeus
1137 918 1376 977 oleribus
1411 907 1766 982 comparavit,
1815 900 2181 1000 inﬁrmitatem

639 992 712 1075 ita
755 1029 810 1074 et
854 1011 1363 1084 corruptibilitatem
1405 1006 1758 1060 humanarum
1813 992 2180 1084 doctrinarum

636 1109 963 1179 signiﬁcans.
992 1077 1237 1171 Namque
1283 1105 1336 1152 et
1373 1093 1512 1164 apud
1549 1087 1838 1160 prophetas
1883 1083 2082 1138 dictum
2111 1077 2182 1133 de

636 1205 766 1275 ipsis
815 1210 948 1258 est:
1005 1195 1273 1262 Tanquam
1323 1189 1498 1256 [ritum
1551 1183 1787 1239 velociter
1840 1182 2095 1237 arescent,
2131 1182 2180 1224 et

633 1262 1063 1364 quemadmodum
1090 1285 1234 1339 olera
1263 1279 1538 1335 herbarum
1588 1275 1692 1330 cito
1715 1270 1952 1325 derident
1978 1265 2044 1316 ⁸⁸.
2071 1262 2182 1364 ldu-

633 1352 924 1450 i'uscemodi
949 1385 1073 1431 sunt
1117 1369 1476 1442 sophistarum
1507 1378 1570 1418 ac
1595 1358 2034 1450 philosophorum
2065 1352 2165 1407 do-

635 1447 829 1529 ctrina:
864 1466 1281 1537 disciplinaque,
1303 1473 1422 1529 qua
1467 1451 1793 1526 aliquandiu.
1822 1447 2172 1537 herbescunt,

635 1564 893 1630 brevique
935 1532 1176 1626 tempore
1224 1552 1438 1609 ﬂorent,
1479 1546 1574 1602 sed
1625 1556 1730 1600 non
1757 1540 2000 1630 diupost
2026 1532 2177 1588 exci-

634 1657 763 1709 dunt
798 1629 892 1723 per
914 1665 972 1706 se
992 1651 1122 1719 ipsa:
1146 1653 1412 1712 corrupta:
1437 1659 1450 1695 :
1483 1640 1555 1694 ita
1583 1644 1642 1691 ut
1666 1633 1797 1690 alibi
1848 1629 1973 1686 leno
2022 1635 2182 1681 tecto-

631 1760 750 1800 rum
774 1714 1047 1811 comparet
1092 1752 1185 1792 eas
1206 1733 1373 1791 David
1399 1733 1465 1795 “,
1496 1725 1660 1799 quod,
1689 1723 2002 1794 priusquam
2030 1714 2179 1772 evel-

631 1835 793 1896 latur,
816 1832 926 1902 jam
953 1828 1184 1884 exaruit.

699 1881 1227 1988 guitiiiistizeigitur
1283 1908 1602 1982 sapientium
1657 1901 1815 1972 hujus
1854 1894 2044 1988 saeculi
2080 1881 2176 1949 do-

643 2015 856 2077 ctrina,
891 1986 1115 2066 inﬁrma:
1157 2005 1406 2062 nimirum
1456 2010 1512 2055 et
1556 1998 1834 2056 oleraceae,
1871 1990 1994 2046 leno
2024 1986 2177 2042 liore-

628 2105 799 2158 srenti
847 2103 1074 2156 similes.
1105 2098 1272 2154 Secus
1292 2108 1421 2149 vero
1453 2090 1690 2147 omnium
1717 2084 1995 2141 minimum
2024 2089 2080 2134 et
2109 2086 2181 2131 te-

630 2195 950 2250 nuissimum
987 2194 1128 2248 inter
1152 2189 1383 2250 semina,
1430 2183 1582 2252 regni
1625 2179 1883 2234 nimirum
1917 2173 2176 2228 caelorum

627 2285 996 2355 evangelicum
1029 2281 1274 2342 verbum,
1321 2289 1444 2330 acre
1493 2272 1853 2338 mordensque
1896 2263 2060 2318 veluti
2104 2260 2180 2316 si-

632 2378 782 2447 napi,
812 2374 953 2444 quod
982 2383 1159 2426 tamen
1203 2369 1358 2438 longe
1397 2363 1657 2425 excrevit,
1698 2369 1755 2414 et
1808 2358 2058 2412 humanae
2087 2367 2176 2407 sa-

630 2446 847 2536 pientiae
873 2462 1125 2534 superius
1160 2460 1361 2515 evasit:
1398 2464 1558 2524 atque
1599 2453 1653 2506 in
1698 2452 1866 2504 altum
1905 2446 2176 2501 sublatum

628 2535 806 2610 omnia
853 2553 967 2608 loca
1008 2548 1312 2618 occupavit,
1362 2546 1436 2599 ita
1472 2553 1531 2597 ut
1571 2552 1765 2610 magna
1811 2535 1972 2590 arbor
2005 2549 2070 2588 ex
2111 2547 2175 2586 eo

628 2646 698 2695 sit
741 2654 883 2706 orta,
922 2640 1043 2695 (εαξη
1082 2626 1358 2693 volucrum
1402 2645 1573 2702 capax
1617 2628 1709 2698 qui
1745 2627 1796 2681 in
1847 2625 1964 2696 ejus
2009 2621 2174 2678 ramis

625 2735 946 2789 consistunt.
980 2730 1118 2787 Olim
1148 2729 1200 2782 id
1236 2726 1450 2797 quidem
1481 2719 1818 2790 simplicibus
1846 2716 2024 2771 verbis
2051 2713 2172 2769 Ser-

626 2826 827 2878 vatoris
871 2837 1000 2876 voce
1047 2818 1293 2889 prolatis,
1347 2815 1530 2870 divina
1585 2807 2036 2880 prognosticaque
2065 2805 2176 2858 vir-

627 2926 744 2969 tute
776 2913 1185 2983 praadicebatur.
1220 2908 1338 2964 Jam
1365 2919 1495 2960 vero
1528 2905 1581 2958 in
1611 2902 1768 2972 quale
1803 2909 2175 2968 quantumque

626 3021 762 3074 Opus
811 3003 1086 3074 praedictio
1121 2997 1468 3070 processerit,
1523 3003 1891 3065 quantumque
1941 2987 2175 3044 creverit

627 3098 889 3152 doctrina:
920 3109 1047 3156 vox,
1097 3093 1202 3146 dici
1236 3105 1335 3158 pro
1379 3088 1639 3156 dignitate
1668 3100 1773 3137 non
1803 3089 1995 3151 potest.
2033 3078 2174 3134 Tan-
2199 3123 2240 3180 ϐ

628 3201 739 3244 tum
775 3191 953 3257 itaque
993 3196 1276 3254 progressu
1311 3178 1568 3246 temporis
1593 3176 1829 3231 salutare
1861 3187 2044 3228 semen
2074 3172 2175 3222 vir-

627 3288 792 3334 tutem
827 3277 1084 3338 exseruit,
1129 3285 1186 3328 ut
1208 3271 1505 3342 germinata
1539 3283 1605 3322 ex
1643 3267 1736 3320 illo
1774 3263 1954 3326 arbor,
1987 3262 2040 3316 id
2069 3271 2172 3326 est,

627 3371 848 3423 fundata
881 3382 909 3419 a
943 3367 1229 3421 Servatore
1253 3377 1349 3431 per
1390 3360 1698 3414 universam
1753 3366 1953 3409 terram
1999 3351 2178 3406 Eccle-

624 3464 726 3526 sia,
764 3468 957 3515 cuneta
987 3459 1103 3512 loca
1135 3451 1470 3525 oppleverit;
1508 3451 1562 3505 in
1596 3448 1712 3517 ejus
1743 3447 1909 3501 ramis
1931 3445 2053 3500 caeli
2083 3458 2177 3498 vo-

625 3553 801 3606 lucres
852 3550 1113 3613 habitent,
1168 3544 1346 3615 angeli
1400 3541 1510 3597 divi
1574 3541 1782 3596 scilicet
1829 3547 1885 3592 et
1925 3535 2176 3590 caelestes

626 3642 891 3711 potentia),
952 3655 1070 3708 qua:
1123 3647 1321 3692 terram
1391 3633 1741 3688 invisibiliter
1809 3630 2173 3688 discurrunt;

627 3737 862 3800 itemque
898 3732 1089 3782 animae
1118 3735 1320 3781 sanctae
1351 3723 1460 3775 alte
1485 3719 1811 3790 gradientes,
1846 3715 1896 3768 id
1924 3723 2025 3774 est,
2063 3712 2175 3764 vita

625 3836 894 3889 sensuque
924 3819 1138 3874 sublimi
1176 3831 1238 3870 ac
1269 3813 1477 3869 caelesti
1507 3810 1762 3880 prazditze.
1796 3807 2037 3874 Namque
2081 3804 2178 3857 has

627 3927 684 3968 ct
715 3929 820 3967 non
852 3911 997 3964 aliud
1026 3907 1291 3978 quidlibet
1321 3903 1565 3959 denotari
1593 3917 1623 3954 a
1652 3899 1774 3955 caeli
1811 3898 2021 3961 avibus,
2053 3895 2176 3950 Ser-

633 4008 840 4060 vatoris
865 4005 981 4059 haec
1025 3999 1279 4071 parabole
1335 3996 1625 4065 signiﬁcat.
1675 3992 1827 4047 Sicut
1872 3989 2177 4044 econtrario

626 4099 680 4151 in
703 4093 960 4165 parabola
982 4089 1324 4146 setninatoris
1355 4086 1614 4141 vocabulo
1643 4085 1841 4145 avium,
1864 4081 2177 4135 insidiantes

626 4189 936 4242 hominibus
959 4183 1226 4250 potentias
1273 4178 1585 4240 denotabat,
1634 4175 1750 4245 pari
1797 4170 2056 4227 vocabulo
2104 4171 2181 4224 di-

626 4293 752 4332 cens
816 4291 942 4330 aves
981 4274 1099 4328 (mli
1151 4270 1445 4340 diripuisse
1495 4281 1675 4322 semen
1719 4265 1921 4335 jactum
1969 4265 2037 4320 iis
2084 4263 2176 4332 qui

626 4370 774 4436 iuxta
817 4369 956 4420 viam
993 4363 1120 4417 illud
1151 4368 1532 4430 susceperant.

1331 4449 1473 4504 XXI.

695 4548 870 4614 Atque
915 4544 1029 4596 haec
1068 4539 1375 4595 necessario
1436 4536 1694 4591 Servator
1743 4533 2020 4604 discipulis
2065 4532 2172 4586 suis

629 4632 999 4695 mandabat",
1029 4631 1271 4684 morbum
1297 4627 1672 4695 gravissimum
1699 4625 1937 4694 ipsorum
1963 4623 2176 4684 animae,

627 4735 888 4778 tumorem
922 4733 1083 4790 atque
1095 4720 1411 4788 jactantiam
1432 4731 1650 4781 sanans,
1676 4725 1967 4782 vetansque
1997 4724 2181 4766 osten-

631 4818 921 4876 tationem,
975 4826 1040 4864 ne
1076 4811 1341 4863 ullatenus
1396 4806 1801 4868 extollerentur,
1851 4817 1987 4857 neve
2052 4801 2180 4869 quid

629 4917 880 4970 magnum
911 4913 1004 4953 aut
1043 4899 1334 4968 superbum
1365 4899 1431 4950 de
1477 4912 1536 4950 se
1579 4897 1976 4950 existimarent.
2009 4895 2178 4950 Docet

628 5003 836 5056 contra,
872 4992 1039 5044 nostri
1067 5003 1186 5043 esse
1212 4988 1421 5041 arbitrii
1453 4987 1506 5040 in
1542 5000 1764 5055 regnum
1791 4987 2044 5052 introire,
2088 4993 2182 5039 aut

629 5099 805 5138 secus.
833 5082 962 5135 Nam
997 5083 1062 5149 si,
1093 5089 1150 5134 ut
1171 5080 1366 5134 dicitur
1388 5077 1530 5148 apud
1557 5075 1889 5142 Matthaeutu,
1931 5077 2180 5132 conversi

629 5176 820 5228 lintnus
871 5173 1012 5225 sicut
1049 5169 1276 5238 parvuli,
1324 5167 1534 5222 malitia
1586 5167 1796 5222 scilicet
1837 5170 2070 5238 parvuli,
2125 5179 2183 5223 ut

628 5266 701 5316 ait
745 5260 1034 5332 Apostolus
1077 5261 1163 5326 ⁸⁶;
1209 5269 1264 5314 et
1306 5260 1351 5313 si
1404 5261 1505 5313 hoc
1563 5273 1787 5326 regnum
1836 5261 2183 5316 admittemus

630 5369 777 5408 more
813 5355 1074 5422 simplicis
1096 5362 1150 5407 et
1176 5352 1306 5407 nulli
1347 5353 1522 5406 adhuc
1557 5353 1688 5404 vitio
1713 5353 1876 5408 dediti
1929 5351 2177 5418 infantis,

630 5446 751 5496 etsi
786 5447 1073 5512 puritatem
1121 5453 1283 5514 atque
1320 5442 1683 5498 innocentiam
1730 5443 1950 5510 puerilis
2002 5446 2180 5498 relatis

1263 340 1526 400 EUSEBII
1564 328 2033 393 CESANENSIS
2071 323 2218 381 UPP.
2263 318 2435 375 PARS
2475 318 2560 372 ιν.
2604 345 2669 355 ——-
2710 306 3126 366 DOCMATICA.

1883 413 2031 505 ‘vere
2081 448 2181 501 mi—
2210 450 2253 506 Α
2286 457 2440 513 μενος
2464 440 2560 509 μὲν
2592 438 2649 488 ἐν
2671 435 2860 505 ἀρχαῖς
2896 426 3102 498 ἀφανὴς
3122 421 3210 495 ἦν,
3242 423 3332 477 καὶ
3367 420 3583 474 πάντων
3605 415 3862 513 ὠςιὰλη-

2205 1790 2254 1850 Β

2210 4449 2254 4504 D

3741 294 3858 348 684

2283 505 2387 596 θῶς
2411 505 2785 588 εὐτελέστατος
2809 523 2900 577 καὶ
2934 519 3287 590 σμικρότατος
3323 514 3512 581 λόγωνο
3553 505 3770 579 προῖὼν
3799 507 3860 559 δὲ

2281 594 2530 677 τοσοῦτον
2571 614 2891 670 ἐπιδέδωκεν
2920 609 3086 678 αῦξης
3104 612 3170 658 ’τε
3203 603 3295 657 καὶ
3326 599 3604 673 μεγέθους,
3639 597 3718 658 ὠς
3748 594 3862 662 τὴν

2283 716 2568 785 σύμπασαν
2593 706 2912 777 οἰκουμένην
2933 698 3233 772 πληρῶσαι.
3262 695 3485 762 Γέγονεν
3505 686 3597 743 οῦν
3626 684 3865 756 άληθῶς

2285 776 2483 878 μείζων
2523 801 2621 872 τῆς
2653 776 2802 869 παρὰ
2827 798 2960 848 πᾶσι
2991 794 3103 854 τοῖς
3133 789 3339 842 ἔθνεσιν
3366 781 3586 851 Ἕλλησί
3631 795 3690 832 τε
3755 776 3863 829 καὶ

2283 873 2571 970 βαρϐάροις
2604 890 2813 960 σοφίας,
2844 888 2911 958 ην
2940 883 3186 954 λαχάνοις
3205 875 3345 931 κατὰ
3369 873 3641 929 Ματθαῖον

2281 957 2529 1058 ῦέῦληκε,
2558 985 2619 1037 τὸ
2645 957 2875 1041 ἀσθενὲς
2892 979 2986 1031 καὶ
3015 972 3333 1044 φθοριμαῖον
3347 966 3455 1019 τῶν
3478 963 3602 1034 παρ’
3629 957 3859 1031 ἀνθρὼ-

2281 1098 2401 1143 ποις
2434 1055 2775 1150 ’μαθημάτων
2795 1065 2897 1125 ὧδε
2929 1065 3287 1136 αἰνιξάμενος.
3328 1057 3477 1112 Ἐπεὶ
3502 1057 3594 1108 καὶ
3623 1055 3682 1106 ἐν
3706 1065 3860 1120 προ-

2281 1144 2476 1246 φήταις
2498 1144 2712 1237 ἐλέγετο
2749 1165 2878 1235 περὶ
2923 1160 3119 1215 αὑτῶν·
3156 1156 3249 1222 Ὠς
3287 1152 3495 1223 χόρτος
3515 1144 3667 1215 ταχὺ
3689 1144 3859 1246 αξιο-

2281 1231 2779 1334 ἑτὶρωίθήσονται,
2807 1231 3007 1317 srdidae
3035 1248 3271 1317 λάχανα
3299 1242 3482 1314 χλόης
3509 1237 3659 1307 ταχὺ
3690 1231 3861 1287 ἁλο-

2280 1326 2622 1410 αεσοῦνται.
2653 1343 2886 1401 Τοιαῦτα
2919 1343 2975 1396 δὲ
3005 1340 3071 1394 τά
3119 1334 3380 1406 σοφιστῶν
3413 1331 3506 1385 καὶ
3535 1326 3860 1397 φιλοσόφων

2283 1446 2578 1517 μαθήματα
2601 1441 2694 1495 καὶ
2719 1435 3075 1504 παιδεύματα,
3110 1428 3246 1500 πρὸς
3265 1423 3452 1496 καιρὸν
3470 1422 3563 1492 μὲν
3589 1418 3862 1517 χλοάζον-

2278 1510 2366 1597 τα.
2385 1510 2479 1590 κᾶι
2507 1535 2639 1607 πρὸς
2667 1532 2843 1599 ὀλίγον
2879 1524 3162 1583 ἀνθοῦντα,
3191 1521 3290 1574 οὑκ
3319 1519 3398 1581 είς
3427 1513 3633 1587 μακρὸν
3657 1510 3716 1563 δὲ
3749 1512 3858 1562 ὲκ-

2279 1601 2562 1690 πίπτοντα,
2591 1626 2684 1680 καὶ
2708 1622 2767 1688 ἐξ
2799 1617 3006 1674 ἑαυτῶν
3039 1611 3384 1685 φθειρόμενα’
3426 1607 3499 1670 ὡς
3531 1608 3586 1658 ἐν
3628 1601 3858 1672 ἑτέροις

2279 1723 2453 1793 χόρτῳ
2479 1717 2727 1788 δομάτων
2752 1708 3046 1783 ἀφομοιοῦν
3076 1703 3232 1768 αὑτά,
3265 1702 3324 1766 ὃς
3353 1700 3459 1772 πρὸ
3505 1696 3598 1750 τοῦ
3627 1697 3859 1748 ἐκσπα-

2282 1812 2466 1881 σθῆναι
2491 1805 2778 1880 ἐξηράνθη.

2359 1874 2518 1957 ’λλλά
2661 1874 2758 1968 μὲν
2781 1894 2930 1965 παρὰ
2959 1895 3070 1954 τοῖς
3099 1886 3249 1961 παρὰ
3276 1883 3370 1938 τοῦ
3395 1881 3583 1942 αίῶνος
3640 1874 3854 1968 τούτου

2273 1994 2516 2057 τοιαῦτα,
2570 1964 2767 2058 ἀσθενῆ
2811 1964 2906 2040 καὶ
2946 1981 3243 2053 λαχανὼδη,
3284 1976 3378 2030 καὶ
3403 1975 3573 2046 χόρτῳ
3620 1964 3860 2058 εὐθαλεῖ

2276 2086 2689 2161 παρεικασμένα
2725 2057 3037 2152 μαθήματα·
3065 2077 3094 2128 ό
3127 2074 3184 2125 δέ
3216 2067 3542 2142 βραχύτατος
3572 2062 3666 2116 καὶ
3698 2057 3860 2113 τεάν-

2275 2152 2380 2234 των
2432 2177 2538 2230 τῶν
2555 2152 2894 2244 *σπερμάτων
2950 2168 3286 2239 μικρότατος,
3336 2163 3429 2231 τῆς
3459 2158 3564 2211 τῶν
3587 2152 3856 2224 οὐρανῶν

2278 2270 2547 2342 βασιλείας
2583 2242 3004 2332 καταγγελτικὸς
3048 2257 3223 2325 λόγος,
3258 2251 3453 2324 δριμὺς
3507 2247 3603 2318 μὲν
3633 2245 3729 2297 καὶ
3767 2242 3862 2295 δε-

2275 2335 2459 2424 κτικὸς
2505 2358 2752 2426 καθάπερ
2797 2353 2860 2407 τὸ
2891 2352 3097 2421 σίνηπι,
3129 2349 3276 2418 ὅμως
3302 2344 3360 2397 δὲ
3406 2335 3709 2410 ὑπερανέᾶη
3748 2335 3860 2387 καὶ

2276 2450 2638 2523 ὑπερηύξησε,
2673 2447 2931 2518 κρείττων
2958 2443 3056 2512 τῆς
3086 2442 3142 2493 ἐν
3172 2436 3473 2506 ἀνθρώποις
3504 2426 3859 2496 ἀποδειχθεὶς

2277 2518 2482 2612 σοφίαςο
2509 2518 2602 2594 καί
2648 2539 2722 2601 ὡς
2753 2535 2982 2606 ὑψωθεὶς
3011 2531 3186 2585 πάντα
3235 2527 3398 2580 τόπον
3441 2519 3723 2587 ἐκάλυψεν,
3769 2518 3859 2579 ὡς

2274 2611 2367 2690 καί
2397 2634 2605 2704 δένδρον
2643 2625 3062 2694 ἀποτελεσθῆναι
3088 2623 3226 2693 μέγα
3255 2619 3312 2683 ἐξ
3331 2611 3856 2704 admixtumst?“

2274 2723 2532 2779 πετεινῶν
2582 2717 2810 2791 ούρανοῦ
2859 2709 3339 2780 κατασκηνούντων
3381 2707 3436 2756 ἐν
3468 2704 3572 2761 τοῖς
3621 2696 3858 2759 κλάδοις

2272 2816 2454 2872 αὐτοῦ’
2483 2789 2658 2868 πάλαι
2675 2811 2772 2881 μὲν
2800 2807 2903 2861 ὑπὸ
2926 2806 3021 2873 τῆς
3059 2799 3322 2870 σωτηρίου
3337 2796 3438 2864 γῆς
3461 2792 3628 2861 ψιλοῖς
3661 2789 3728 2857 et.
3740 2804 3859 2856 μα-

2273 2924 2376 2970 σιν,
2404 2905 2568 2973 ἐνθέῳ
2595 2919 2658 2970 γε
2687 2902 2791 2971 μὴν
2814 2899 2908 2952 καὶ
2940 2889 3328 2966 προγνωστικῷ
3357 2885 3576 2953 δυνάμει
3607 2895 3858 2950 προανε-

2274 3003 2518 3068 φωνεῐτο.
2559 2997 2644 3058 Ὠς
2666 2995 2708 3047 δ’
2740 2996 2817 3055 είς
2843 2993 2976 3061 ἔργα
3002 2983 3421 3058 πῳκεχὼᾒκεν
3454 2980 3486 3047 ἡ
3510 2975 3855 3046 πρόγνωσις,

2273 3063 2352 3154 εἰς
2402 3089 2568 3157 αῦξην
2595 3104 2652 3138 τε
2679 3083 2942 3155 προῆλθεν
2975 3082 3006 3149 ὴ
3043 3075 3192 3146 φωνὴ
3234 3071 3328 3125 τοῦ
3372 3070 3548 3136 λόγου,
3589 3065 3686 3118 οὑκ
3723 3063 3858 3157 ἐστι

2278 3181 2393 3234 κατ’
2427 3179 2579 3244 ἀξίαν
2618 3176 2807 3228 εἰπεῖν·
2841 3167 3105 3235 τοσαύτην
3143 3161 3271 3231 γοῦν
3303 3161 3331 3211 ὁ
3358 3157 3613 3225 σωτήριος
3639 3149 3862 3218 σπόρος

2276 3274 2333 3324 ἐν
2363 3241 2635 3337 τοίς-μετὰ
2685 3261 2856 3316 ταῦτα
2893 3259 3099 3329 χρόνοις
3137 3244 3490 3306 ἐπιδέδεικται
3521 3241 3743 3314 ἀρετὴν,
3772 3241 3860 3304 ὡς

2276 3363 2334 3415 τὸ
2362 3362 2421 3425 ἐξ
2449 3332 2610 3413 αὑτοῦ
2632 3356 2763 3425 φυὲν
2785 3353 3017 3421 δένδρον,
3044 3347 3200 3401 τοῦτο
3225 3344 3268 3396 δ’
3294 3341 3360 3395 ἂν
3388 3340 3468 3408 εἴη
3497 3339 3529 3407 ἠ
3568 3332 3864 3403 πανταχοῦ

2275 3453 2376 3522 γῆς
2405 3422 2659 3519 ίδρυμένη
2683 3442 2844 3496 αὑτοῦ
2877 3438 3190 3508 Ἐκκλησία,
3227 3432 3294 3486 τά
3330 3430 3504 3483 πάντα
3531 3422 3859 3495 πληρῶσαιο

2277 3545 2413 3597 ὣστε
2445 3545 2500 3594 ἐν
2517 3544 2625 3602 τοῖς
2646 3537 2853 3598 κλάδοις
2866 3533 3034 3603 αὑτῆς
3066 3524 3484 3596 κατασκηνῶσαι
3519 3519 3583 3573 τά
3617 3517 3861 3569 πετεινὰ

2276 3637 2369 3690 τοῦ
2427 3632 2675 3704 ούρανοῦ,
2721 3626 2982 3695 ἀγγέλους
3011 3620 3207 3692 δηλαδὴ
3239 3618 3411 3677 Gaio»;
3444 3614 3535 3666 καὶ
3582 3610 3866 3677 οὐρανίας

2277 3701 2549 3797 δυνάμει-ς,
2588 3723 2684 3784 τὰς
2715 3720 2840 3788 περὶ
2869 3717 2970 3785 γῆν
3003 3712 3219 3782 ἀφανῶς
3256 3705 3625 3774 διιπταμένας.
3657 3701 3865 3769 ψυχάς

2277 3835 2336 3871 τε
2365 3795 2521 3883 ἁγίας
2549 3813 2640 3865 καὶ
2668 3806 3128 3881 μετεωροπόρους,
3155 3801 3253 3870 βίῳ
3276 3799 3368 3851 καὶ
3385 3795 3680 3866 φρονήματι
3707 3807 3862 3860 μετ-

2278 3906 2496 3976 αρσίους
2531 3902 2623 3953 καὶ
2665 3897 2958 3967 οὐρανίους·
2997 3893 3197 3954 ταύτας
3265 3888 3373 3958 γὰρ
3421 3883 3553 3938 εἶναι
3584 3884 3677 3935 καὶ
3711 3883 3864 3936 οὐδὲ

2277 3999 2436 4059 ἄλλας
2456 3995 2524 4048 τὰ
2546 3992 2760 4046 πετεινὰ
2793 3990 2884 4043 τοῦ
2917 3986 3143 4059 οὐρανοῦ
3182 3982 3494 4055 ήσωτὴριος
3521 3978 3574 4031 ἐν
3625 3976 3862 4041 τούτοις

2277 4088 2494 4159 ᾐνίξατο
2544 4083 2837 4153 παραϐολή’
2891 4081 2964 4141 ὠς
3017 4075 3249 4148 ἔμπαλιν
3287 4073 3372 4127 διὰ
3391 4073 3486 4140 τῆς
3513 4068 3864 4139 τοῦσπόρου

2279 4178 2376 4239 τὰς
2409 4174 2720 4236 ἐπιϐούλους
2742 4172 2850 4225 τῶν
2868 4169 3166 4241 ἀνθρώπων
3196 4166 3380 4236 ἐδήλου
3397 4162 3664 4231 δυνάμεις,
3692 4163 3866 4231 ὁμω-

2279 4268 2456 4336 νύμως
2486 4264 2703 4317 πετεινὰ
2734 4261 2961 4333 ούρανοῦ
2998 4263 3171 4330 φήσας
3212 4253 3562 4326 διηρπακέναι
3592 4253 3682 4304 τὸν
3705 4256 3858 4305 617$-

2284 4376 2370 4429 ρον
2393 4358 2497 4409 τῶν
2515 4355 2664 4427 παρὰ
2699 4354 2795 4422 τὴν
2828 4353 2943 4405 ὁδὸν
2967 4347 3374 4416 ὑποδεξαμένων
3405 4345 3582 4398 αὑτόν.

2924 4440 3033 4492 ΚΑ¹
3065 4437 3195 4506 (l7).

2353 4537 2460 4590 Καὶ
2484 4537 2654 4590 ταῦτα
2698 4535 2755 4588 δὲ
2795 4532 3106 4601 ἀναγκαίως
3131 4532 3159 4582 ό
3191 4528 3378 4598 Σωτὴρ
3411 4527 3519 4588 τοῖς
3546 4521 3708 4575 αὑτοῦ
3743 4540 3868 4591 μα.

2284 4630 2469 4699 θηταῖς
2507 4627 2824 4697 παρεδίδου,
2873 4624 3024 4675 νόσον
3066 4617 3484 4691 ἁργαλεωτάτην
3525 4614 3622 4685 τῆς
3657 4613 3868 4667 αὐτῶν

2282 4721 2477 4790 ψυχῆς,
2513 4717 2815 4788 χαυνότητά
2859 4731 2918 4767 τε
2969 4713 3063 4765 καὶ
3103 4709 3416 4774 ἀλαζονείαν
3459 4705 3701 4777 ἰώμενος,
3757 4708 3866 4757 καὶ

2284 4813 2505 4864 κωλύων
2533 4811 2591 4863 τὸ
2626 4807 2980 4879 μεγάλαυχον,
3037 4803 3110 4867 ὡς
3161 4802 3226 4856 ἂν
3281 4804 3489 4872 μήποτε
3534 4795 3872 4867 ἐπαρθείεν,

2289 4904 2422 4974 μηδέ
2454 4921 2505 4955 τι
2533 4902 2674 4972 μέγα
2711 4897 2844 4969 μηδὲ
2873 4897 3213 4965 ὑπερήφανον
3248 4892 3375 4963 περὶ
3406 4888 3606 4943 ἑαυτῶν
3643 4890 3865 4958 φρονή-

2289 5013 2456 5049 σαιεν.
2489 4993 2736 5046 Διδάσκει
2761 4989 2816 5041 δὲ
2837 4989 3090 5056 ἄντικρυς
3110 4986 3191 5054 ἐφ’
3211 4986 3339 5054 ἡμῖν
3358 4980 3565 5036 κεῖσθαι
3586 4979 3648 5031 τὸ
3678 4981 3878 5032 εἰσελ-

2290 5088 2417 5150 θεῖν,
2448 5087 2480 5155 ἢ
2517 5085 2611 5155 μὴ,
2646 5085 2726 5144 είς
2751 5079 2847 5149 τὴν
2876 5079 3144 5150 βασιλείαν
3177 5076 3268 5128 τοῦ
3303 5073 3458 5128 Θεοῦ.
3484 5075 3544 5126 El
3568 5072 3676 5143 γάρ
3707 5073 3877 5126 κατὰ

2284 5175 2374 5227 τὸν
2402 5172 2676 5227 Ματθαῖον
2695 5168 3022 5239 στραφέντες
3060 5163 3352 5234 γενοίμεθα
3377 5164 3451 5226 ὡς
3466 5163 3533 5216 τά
3569 5163 3742 5229 νήπια
3788 5168 3871 5237 τῇ

2287 5267 2451 5335 κακίᾳ
2482 5262 2835 5334 νηπιάζοντες
2861 5259 3004 5314 κατὰ
3043 5260 3132 5312 τὸν
3178 5255 3514 5320 Ἀπόστολον,
3551 5257 3644 5308 καὶ
3678 5257 3726 5308 εί
3763 5257 3871 5310 δε-

2284 5356 2510 5425 χοίμεθα
2543 5355 2640 5422 τὴν
2678 5349 2953 5422 βασιλείαν
2998 5349 3079 5416 ὡς,
3125 5346 3329 5400 ἁπλοῦν
3369 5345 3461 5399 καὶ
3484 5345 3880 5414 άπειρόκακθν

2286 5445 2513 5508 παιδίον,
2545 5444 2640 5496 καὶ
2671 5445 2718 5494 εί
2736 5443 2796 5495 τὺ
2820 5441 3055 5511 καθαρὸν
3084 5439 3176 5492 καὶ
3203 5438 3460 5508 ἀμίαντον
3485 5437 3579 5507 τῆς
3595 5437 3881 5511 παιδικῆς

699 5535 745 5565 ⁸³
767 5534 852 5588 Ps.
879 5551 1063 5598 xxxw,
1097 5535 1153 5587 2.
1227 5535 1273 5565 "
1309 5534 1393 5588 Ps.
1431 5548 1660 5596 cxxvut,
1701 5534 1754 5585 6.
1826 5535 1872 5566 ⁵⁸
1890 5537 2081 5591 Matth.
2111 5551 2266 5604 xvut,
2290 5538 2343 5592 5.
2422 5538 2508 5590 "l
2541 5536 2664 5590 Cor.
2697 5534 2922 5600 xlv,20.

700 5625 808 5705 (ιη
850 5623 1142 5705 ln___codice
1187 5625 1252 5705 Ah.
1305 5610 1541 5705 (χειλη
1576 5623 1628 5675 b.
1675 5624 1864 5705 titulus
1913 5629 2174 5705 mendose

632 5691 862 5763 scriptus
886 5695 1178 5750 Εὺσεϐίου
1206 5693 1481 5762 δευτέρας
1508 5691 1851 5761 θεοράνοινς.
1881 5697 1998 5754 sine
2018 5699 2180 5754 dubio

2279 5629 2630 5708 corrigemus
2647 5626 2907 5682 Εὑσεϐίου
2927 5625 2969 5681 δ’
2991 5620 3338 5692 Θεοφανεὶας,
3356 5619 3403 5675 Ε
3407 5621 3570 5677 πίει)ίί
3593 5622 3647 5676 in
3664 5634 3880 5694 quarto

2289 5697 2658 5760 Tlt¢0pltauite.
