4070 6304
690 358 794 415 687

1405 352 1666 410 ευεεοιι
1701 351 1894 408 (ΞΕΞΔ
1901 349 2162 406 RIENSIS
2196 350 2215 404 ί

2313 351 2345 405 ⁸.
2388 347 2566 404 PARS
2602 348 2691 404 IV.
2728 376 2800 390 —
2834 344 3245 402 DOGIATICA.

689 475 881 530 litteris
930 472 1296 542 conscriptum
1338 471 1686 540 Evangelium
1733 471 1798 524 ad
1841 485 1939 525 nos
1992 470 2215 532 devenit,

2323 465 2542 530 ἀσώτως
2579 467 2850 537 ιζηκότος.
2891 467 3048 537 Τρεῖς
3075 465 3182 534 γάρ
3219 462 3437 526 δούλους
3484 462 3761 533 πιριεῐχι,
3788 463 3868 515 eis

690 568 865 622 minas
911 567 1032 621 illas
1078 565 1223 620 haud
1269 573 1457 620 contra
1485 564 1673 619 talenti
1698 563 2103 626 oceultatorem,
2129 560 2221 616 sed

687 669 876 715 contra
901 658 1174 713 luxuriose
1200 656 1468 712 viventem
1515 655 1766 711 intendit.
1800 652 1934 710 ‘l'res
1966 653 2109 707 enim
2150 650 2222 707 ibi

689 761 1146 820 nprcsentantur
1169 750 1347 810 servi;
1370 748 1508 803 alius
1540 747 1737 802 domini
1766 745 2118 801 substantiam
2139 743 2225 798 de-

683 852 884 894 vorans
910 853 1033 893 cum
1062 835 1430 892 meretricibus
1450 844 1505 889 et
1524 833 1868 897 ultricibus;
1899 832 2038 887 alter
2060 844 2225 902 opere

685 927 1079 997 multiplicans;
1108 926 1300 981 tertius
1314 925 1570 980 talentum
1587 924 1887 979 occultans.
1918 923 2118 978 Deinde
2144 921 2224 976 ait

684 1033 848 1072 unum
875 1017 1087 1088 quidem
1135 1016 1392 1071 benevole
1437 1025 1741 1084 exceptum,
1778 1014 2001 1070 alterum
2037 1027 2220 1082 repre-

683 1111 908 1166 hensum
941 1109 1330 1170 tantummodo,
1356 1107 1570 1162 tertium
1595 1108 1648 1161 in
1670 1105 1880 1162 vincula
1899 1105 2218 1175 conjectum.

680 1205 924 1275 Ambigo,
965 1217 1034 1256 an
1066 1201 1204 1257 forte
1235 1201 1374 1271 apud
1411 1200 1718 1256 Iatthzum
1751 1210 1866 1270 post
1915 1199 2218 1254 absolutum

680 1304 865 1350 contra
896 1294 1140 1365 ignavum
1171 1306 1382 1348 servum
1433 1305 1764 1354 sermonem,
1809 1304 1928 1360 qua
1975 1288 2221 1360 sequitur

676 1385 965 1451 sententia,
999 1386 1137 1440 haud
1165 1384 1216 1438 in
1242 1382 1404 1446 hunc,
1449 1381 1542 1435 sed
1573 1396 1667 1449 per
1695 1381 2046 1451 epanalepsin
2077 1379 2219 1434 dicta

677 1469 838 1524 fuerit
897 1471 1153 1525 adversus
1222 1467 1588 1524 comedentem
1644 1478 1699 1522 et
1752 1469 2019 1523 bibentem
2093 1482 2218 1522 eum

675 1561 925 1617 ebriosis.

747 1649 870 1704 liae
914 1649 1077 1719 igitur
1129 1648 1201 1703 ita
1235 1649 1374 1717 apud
1423 1647 1731 1702 lattlmnm
1799 1646 1940 1700 dicta
2003 1645 2218 1699 fuerunt

676 1739 731 1795 in
755 1749 936 1795 monte
961 1738 1230 1804 Olearum,
1251 1739 1340 1793 ubi
1361 1739 1620 1796 Senator
1640 1752 1762 1794 cum
1789 1736 2064 1805 discipulis
2087 1751 2220 1792 conc

673 1830 868 1886 sistens
895 1831 960 1886 de
985 1831 1166 1886 mundi
1211 1829 1670 1885 consummatione
1708 1808 2030 1885 disserebat.
2074 1826 2217 1881 Prae-

677 1921 875 1975 dictam
910 1931 1088 1975 autem
1113 1923 1421 1990 parabolam
1451 1922 1598 1978 solus
1627 1919 1802 1976 Lucas
1827 1926 2216 1974 commemorat

673 2021 928 2080 tanquam
985 2013 1182 2066 dictam
1213 2027 1242 2066 a
1297 2011 1585 2068 Scrutare
1635 2027 1743 2082 quo
1779 2018 2023 2080 tempore
2074 2009 2214 2076 apud

675 2095 1075 2154 Hicricbuntem
1101 2100 1327 2170 degebat
1357 2100 1425 2155 ⁸⁸.
1455 2100 1633 2168 Quare
1669 2114 1767 2154 nec
1797 2099 2041 2154 eamdem
2075 2098 2215 2152 hanc

671 2203 792 2244 cum
817 2190 904 2244 illa
931 2203 1048 2245 esse
1071 2191 1366 2259 putandum
1389 2201 1495 2255 est,
1523 2190 1778 2260 quoniam
1807 2203 1925 2260 qua
1958 2187 2011 2243 in
2037 2188 2216 2244 amba-

672 2281 773 2335 bus
802 2279 1070 2349 leguntur,
1113 2281 1253 2348 haud
1283 2281 1475 2336 similia
1525 2288 1671 2338 sunt.
1700 2279 1796 2334 Bic
1842 2280 1984 2336 enim
2031 2279 2213 2334 decem

671 2371 929 2426 dicuntur
955 2371 1121 2437 servi,
1145 2371 1253 2426 illic
1275 2371 1417 2426 haud
1452 2371 1564 2439 pari
1600 2384 1842 2425 numero.
1891 2367 1991 2424 Hic
2018 2368 2212 2438 singuli

671 2461 909 2533 singulas
934 2461 1108 2516 minas
1127 2461 1416 2532 accipiunt,
1442 2461 1552 2516 illic
1569 2461 1706 2516 alius
1728 2461 1965 2532 quinque
1993 2462 2210 2527 talenta,

686 2553 824 2608 alter
847 2552 975 2618 duo,
1008 2553 1198 2608 tertius
1215 2566 1378 2607 unum
1405 2551 1620 2623 accipit.
1665 2551 1762 2608 Hic
1793 2552 1882 2620 qui
1910 2552 2214 2622 deenplavit

677 2644 902 2710 minam,
930 2642 1082 2698 audit
1107 2657 1126 2697 :
1157 2639 1327 2710 Euge,
1351 2654 1508 2696 serve
1542 2642 1682 2696 bone
1709 2650 1765 2696 et
1784 2641 1977 2706 ﬁdelis,
1999 2642 2123 2711 quia
2157 2642 2211 2696 in

683 2729 906 2784 minimo
930 2729 1077 2785 fuisti
1101 2729 1297 2796 lldelis,
1325 2741 1442 2785 esto
1463 2739 1782 2800 potestatem
1817 2731 2020 2786 habens
2055 2747 2213 2802 super

669 2822 853 2876 decem
882 2821 1063 2878 urbes.
1079 2819 1180 2888 Qui
1205 2831 1384 2878 autem
1414 2837 1480 2879 ex
1507 2839 1607 2879 una
1636 2822 1763 2878 fecit
1789 2823 2044 2895 quinque.
2064 2824 2212 2880 simi-

679 2909 807 2964 liter
820 2910 968 2965 audit
999 2924 1016 2964 :
1045 2910 1125 2967 'l‘u
1149 2926 1362 2982 quoque
1393 2927 1551 2982 supra
1611 2913 1842 2983 quinque
1893 2915 2050 2970 urbes
2073 2924 2210 2970 esto.

671 2997 730 3055 In
759 2999 1082 3060 talenton
1112 3016 1239 3058 vero
1255 3004 1509 3073 parabola
1536 3004 1812 3059 dicebatur
1839 3022 1854 3060 :
1877 3017 2029 3075 euge,
2060 3020 2213 3061 serve

671 3091 840 3156 bone;
868 3092 921 3146 in
948 3093 1135 3161 paucis
1157 3092 1307 3149 fuisti
1336 3093 1525 3162 ﬁdelis,
1555 3109 1717 3164 super
1746 3097 1914 3150 multa
1943 3104 1996 3150 te
2018 3095 2215 3152 constio
2241 3134 2284 3193 ο

673 3192 820 3239 tuam
845 3202 862 3252 ;
889 3185 1030 3241 intra
1057 3186 1112 3239 in
1136 3186 1388 3257 gaudium
1418 3186 1620 3243 domini
1645 3187 1744 3242 tui.

739 3452 854 3523 Age
896 3466 1025 3508 vero
1067 3453 1333 3522 parabola:
1373 3453 1798 3524 explanationem
1851 3455 1916 3510 ad
1964 3471 2216 3527 compen-

665 3545 813 3600 dium
842 3543 1213 3612 conferentes,
1245 3545 1316 3599 ita
1345 3545 1600 3601 dicimus.
1634 3547 2055 3603 Arbitrabantur
2083 3563 2216 3603 non-

665 3637 814 3705 nulli,
841 3637 1014 3706 primo
1045 3635 1350 3692 Scrutaris
1371 3637 1539 3693 nostri
1567 3637 1796 3692 adventu
1840 3651 2062 3707 regnum
2096 3639 2214 3709 ejus

664 3729 801 3796 fore,
831 3728 991 3798 idque
1012 3736 1140 3782 tunc
1167 3727 1504 3797 incepturum
1537 3728 1920 3785 existimabant
1944 3731 2124 3785 statim
2149 3746 2215 3787 ac

575 3888 582 3896 Ι
665 3819 1033 3891 Hierosolyma
1091 3820 1444 3876 ascendisset.
1483 3819 1632 3875 Adeo
1687 3819 1806 3875 illos
1859 3821 2214 3879 admiratione

663 3910 1010 3980 perculerant
1053 3918 1262 3978 patrata
1308 3909 1376 3964 ab
1437 3910 1556 3980 ipso
1608 3910 1884 3965 miracula.
1940 3911 2214 3975 Adversus

665 3999 808 4054 hanc
821 3999 1130 4068 opinionem
1156 3998 1414 4055 Senator
1437 4001 1623 4066 docet,
1665 4001 1805 4056 haud
1839 4010 1965 4057 ante
1988 4016 2018 4056 a
2053 4001 2214 4059 Patre

663 4105 724 4146 se
750 4105 973 4160 regnum
1003 4099 1375 4160 accepturum,
1415 4105 1574 4159 quam
1614 4106 1837 4163 peregre
1879 4091 1948 4147 ab
1975 4093 2212 4149 homini-

663 4183 762 4238 bus
789 4183 858 4238 ad
887 4180 1103 4238 Patrem
1133 4183 1350 4237 abierit.
1387 4181 1442 4236 Id
1471 4197 1600 4237 vero
1634 4184 1736 4238 hac
1778 4185 2026 4253 parabola
2068 4185 2213 4241 aliir-

663 4274 830 4328 mavit
859 4273 1046 4329 dicens
1077 4289 1095 4329 :
1125 4272 1297 4327 Homo
1322 4272 1538 4343 quidam
1573 4274 1760 4330 nobilis
1789 4277 1915 4329 abiit
1955 4278 2010 4331 in
2043 4278 2213 4348 regio.

663 4377 777 4417 nem
803 4361 1158 4431 longinquum,
1187 4372 1241 4415 tu
1261 4362 1515 4430 acciperet
1538 4363 1636 4416 sibi
1661 4380 1895 4433 regnum,
1919 4374 1968 4418 et
1991 4369 2210 4433 rediret,-

2324 561 2420 630 μιν
2466 560 2844 629 καταφαγόντα
2887 559 2982 629 τὴν
3023 555 3254 627 ὕπαρξιν
3294 553 3389 608 τοῦ
3435 553 3704 606 δεσπότου
3744 554 3868 620 μετὰ

2320 651 2534 723 ¹πορνῶν
2573 654 2666 704 καὶ
2696 649 3022 721 αὐλητρίδων
3042 690 3056 712 ,
3095 645 3186 699 τὸν
3228 646 3284 699 δὲ
3326 642 3871 700 πολλαπλασιάσαντα

2317 738 2417 806 τὴν
2455 737 2733 808 ἐργασίαν,
2749 737 2839 790 τὸν
2859 736 2915 790 δὲ
2931 732 3350 804 κατακρύψαντα
3368 733 3428 786 τὸ
3447 731 3736 785 τάλαντον·
3763 725 3870 784 εἶτα

2317 827 2408 880 τὸν
2438 829 2535 898 μὲν
2569 826 2948 896 ἁποδεχθῆναι,
2965 825 3056 878 τὸν
3085 823 3140 877 δι
3176 823 3493 894 μεμφθῆναι
3511 820 3802 893 μόνον,τδν
3822 821 3869 873 8

2321 917 2736 986 συγ-κλεισθῆναι
2789 915 3163 988 δεσμωτηρίῳ.
3219 913 3553 982 Ἐφίστημι,
3627 914 3867 982 μήπου,

2318 1007 2459 1059 κατὰ
2483 1009 2573 1060 τὸν
2593 1005 2881 1066 Ματθαῐον,
2905 1004 3042 1075 μετὰ
3064 1004 3160 1075 τὴν
3181 1001 3575 1072 συμπληρωσιν
3601 1001 3696 1055 τοῦ
3724 1000 3868 1068 λόγου

2316 1099 2415 1170 τὴν
2442 1099 2580 1152 κατὰ
2597 1097 2690 1153 τοῦ
2722 1097 2885 1168 μηδὲν
2899 1096 3270 1169 ὶργασαμὲνου
3301 1099 3334 1165 ὴ
3363 1095 3492 1165 ἑξῆς
3516 1091 3866 1164 ἑπιλεγομόνη

2316 1189 2512 1260 ἀπειλὴ
2538 1189 2597 1242 οὐ
2621 1188 2750 1257 περὶ
2780 1186 2967 1250 αὑτοῦ,
3001 1187 3138 1240 ἀλλὰ
3170 1186 3295 1257 περὶ
3332 1184 3429 1238 τοῦ
3459 1185 3732 1255 προτέρου
3757 1181 3867 1237 κατ’

2316 1279 2648 1351 ἐπανάληψιν
2669 1278 2913 1332 λέλεκται
2936 1278 3028 1331 τοῦ
3052 1277 3315 1340 ισοίοντος
3343 1276 3435 1329 καὶ
3464 1277 3717 1340 πίνοντος
3743 1273 3869 1346 μετὰ

2315 1373 2421 1426 τῶν
2455 1372 2774 1443 μεθυόντων.

2384 1640 2566 1696 Ταῦτα
2621 1642 2721 1713 μὶν
2763 1637 2854 1695 οὖν
2890 1640 3063 1705 οὕτως
3093 1641 3302 1713 εἴρηται
3357 1644 3509 1713 παρὰ
3563 1639 3659 1694 τοῦ
3715 1641 3864 1696 Ματ-

2315 1731 2466 1786 οαίου
2490 1733 2584 1786 ἐπὶ
2612 1733 2706 1786 τοῦ
2731 1733 2889 1804 ὅρους
2931 1732 3038 1785 τῶν
3075 1733 3317 1796 Ἐλαιῶν,
3339 1732 3432 1786 τοῦ
3479 1734 3734 1804 Σωτῆρος
3762 1733 3868 1796 τοῖς

2315 1821 2476 1877 αὐτοῦ
2531 1823 2799 1894 μαθηταῖς
2839 1825 3086 1888 συνόντος
3138 1823 3232 1877 καὶ
3283 1823 3352 1878 τὰ
3384 1824 3513 1896 περὶ
3547 1823 3650 1894 τῆς
3690 1839 3866 1878 συντε-

2314 1916 2464 1979 λείας
2510 1916 3054 1988 προδιαστελλομένου
3083 1932 3097 1947 ·
3150 1916 3248 1988 τὴν
3278 1915 3338 1970 δὲ
3370 1917 3738 1988 προκειμένην
3772 1934 3867 1970 πα-

2316 2007 2545 2080 ραϐολὴν
2574 2007 2733 2078 μόνος
2754 2010 2965 2073 Λουκᾶς
3005 2010 3503 2081 ἀπεμνημόνευσεν,
3534 2010 3613 2074 ὡς
3643 2010 3738 2063 τοῦ
3764 2011 3866 2064 Σω-

2313 2097 2476 2167 τῆρος
2512 2097 2788 2168 εἰρηκότος
2813 2097 2981 2168 αὐτὴν
2995 2097 3118 2152 καθ’
3138 2098 3196 2152 δν
3223 2099 3410 2170 χρόνον
3435 2098 3496 2152 ιν
3535 2091 3755 2170 Ἱεριχᾶ
3776 2097 3868 2162 τάς

2312 2185 2589 2258 διατριϐὰς
2642 2189 2890 2242 ἐποιεῖτο.
2935 2189 3134 2262 Διόπερ
3178 2188 3298 2244 om
3344 2189 3441 2259 τὴν
3471 2189 3644 2262 αὐτὴν
3691 2191 3869 2266 ἐκείνῃ

2313 2275 2514 2346 ταύτην
2570 2271 2707 2330 εἶναι
2738 2277 3090 2348 ὑποληπτέον,
3115 2279 3238 2333 ἐπεὶ
3270 2279 3406 2351 μηδι
3461 2280 3530 2334 τὰ
3579 2282 3640 2335 ἰν
3692 2283 3868 2345 αὐτοῖς

2315 2369 2584 2440 φερόμενα
2637 2369 2799 2439 ὅμοια
2847 2370 3121 2441 τυγχάνει.
3161 2371 3420 2426 Ἐνταῦθα
3473 2372 3576 2443 μιν
3608 2373 3719 2445 γὰρ
3741 2372 3868 2427 δέκα

2313 2459 2557 2529 λέγονται
2580 2460 2777 2525 δοῦλοι,
2810 2461 2928 2514 ἐκεῖ
2956 2461 3013 2514 δὶ
3058 2461 3122 2515 οὐ
3150 2462 3392 2524 τοσοῦτοι
3410 2479 3425 2494 ·
3459 2464 3555 2517 καὶ
3579 2464 3812 2518 ἐνταῦθα
3839 2464 3869 2518 6

2315 2548 2498 2614 καθεὶς
2548 2549 2651 2603 άνὰ
2704 2549 2832 2621 μίαν
2859 2551 2996 2621 μνᾶν
3026 2550 3309 2622 λαμϐάνει,
3341 2553 3459 2606 ἐκεῖ
3507 2553 3564 2607 δὲ
3595 2555 3627 2607 6
3661 2554 3761 2626 μὲν
3791 2573 3867 2620 τις

2315 2639 2473 2693 πέντε
2499 2639 2752 2703 τάλαντα,
2775 2641 2805 2693 6
2833 2640 2891 2694 δὲ
2914 2640 3026 2704 δύο,
3046 2643 3077 2696 6
3098 2641 3153 2696 δὲ
3175 2642 3267 2695 τν.
3302 2644 3410 2697 Καὶ
3448 2643 3680 2699 ἐνταῦθα
3696 2646 3727 2698 6
3775 2647 3869 2717 μιν

2312 2746 2395 2795 τις
2451 2730 2885 2797 δεκαπλασιάσας
2929 2731 3028 2804 τὴν
3083 2733 3218 2804 μνᾶν
3276 2734 3481 2802 ἀκούει,
3526 2732 3640 2802 Εὖ,
3691 2735 3869 2792 δοῦλε

2313 2821 2494 2888 ἀγαθὲ
2515 2823 2612 2876 καί
2643 2822 2840 2887 πιστέ,
2866 2823 2954 2876 ὅτι
2977 2824 3046 2877 ἐν
3075 2824 3375 2893 ἐλαχίστῳ
3406 2826 3622 2893 πιστὸς
3638 2826 3868 2896 ἐτόνου,

2316 2911 2439 2966 ισθι
2489 2912 2775 2978 ἐξουσίαν
2818 2915 2973 2982 ἔχων
3021 2915 3218 2968 ἐπάνω
3270 2915 3415 2969 δέκα
3459 2917 3724 2972 πόλεων·
3759 2921 3790 2972 6
3816 2918 3869 2972 δὲ

2313 3003 2412 3075 τὴν
2445 3005 2572 3073 μίαν
2604 3004 2762 3059 πέντε
2784 3006 3033 3077 ’ποιήσας
3070 3005 3275 3071 ἀκούει,
3299 3007 3405 3062 Καὶ
3430 3007 3514 3061 σὺ
3536 3009 3708 3077 τίνου
3731 3009 3870 3064 ἐπό-

2315 3109 2398 3146 νω
2424 3093 2601 3148 πέντε
2625 3096 2876 3150 πόλεων.
2929 3096 3017 3150 Ἐν
3045 3095 3104 3149 δι
3130 3098 3196 3167 τῇ
3229 3096 3338 3151 τῶν
3377 3097 3650 3152 ταλάντων
3691 3116 3870 3178 πατρα-

2315 3185 2442 3257 ϐολῇ
2505 3186 2740 3256 ἐλέγετο,
2791 3187 2899 3253 Εὖ,
2959 3186 3140 3242 δοῦλε
3195 3189 3407 3259 ἀγαθὲ,
3447 3191 3546 3245 ἐπὶ
3588 3193 3766 3262 ὀλίγα
3800 3193 3870 3261 ἧς

2313 3277 2547 3343 πιστὸς,
2573 3277 2671 3331 ἐπὶ
2702 3276 2947 3332 πολλῶν
2979 3294 3053 3333 σε
3079 3279 3460 3350 καταστήσω·
3510 3283 3752 3339 summa
3791 3289 3871 3353 εις

2312 3367 2427 3435 τὴν
2450 3367 2642 3438 χαρὰν
2664 3369 2772 3424 τοῦ
2800 3370 3021 3438 Κυρίου
3053 3387 3190 3425 σου.

2381 3458 2491 3528 Τήν
2521 3476 2585 3528 γε
2639 3459 2745 3532 μὴν
2799 3462 2880 3525 είς
2935 3461 3036 3532 τὴν
3075 3462 3386 3536 παραϐολὴν
3429 3464 3724 3536 ἑρμηνείαν
3756 3469 3866 3523 ἔπιε

2311 3550 2626 3620 τεμνόμενοι
2659 3569 2839 3623 φαμεν
2861 3568 2876 3583 ο
2919 3553 3214 3608 Ὑπέλαϐόν
3241 3571 3385 3618 τινες
3411 3555 3552 3610 κατὰ
3580 3557 3681 3630 τὴν
3722 3559 3869 3632 πρώ-

2309 3641 2517 3712 τηντοῦ
2541 3641 2791 3713 Σωτῆρος
2815 3643 2970 3714 ἡμῶν
3007 3645 3308 3717 παρουσίαν
3335 3647 3434 3717 τὴν
3467 3646 3746 3717 βασιλείαν
3779 3652 3871 3704 αὖ·

2309 3733 2404 3786 τοῦ
2434 3734 2788 3804 γενήσεσθαι·
2813 3737 2916 3789 ικαὶ
2947 3735 3104 3790 τοῦτο
3152 3736 3398 3808 ἐνόμιζον
3421 3739 3640 3795 ἔσεσθαι
3696 3758 3874 3815 παρα-

2311 3823 2495 3895 χρῆμα
2516 3825 2636 3877 τότε
2662 3825 2878 3879 ἐπειδὰν
2909 3825 3070 3898 ἐπιϐῇ
3097 3830 3210 3890 τοῖς
3251 3828 3672 3900 Ἰεροσολύμοις·
3700 3832 3875 3897 οὕτως

2311 3913 2634 3985 ἐξέπληττον
2680 3916 2873 3979 αὐτοὺς
2909 3916 2968 3968 αί
3010 3916 3320 3988 θεοσημεῖαι
3369 3919 3460 3973 ὑπ’
3489 3920 3656 3974 αὐτοῦ
3688 3938 3873 3976 συντει-

2311 4002 2585 4074 λούμεναι.
2623 4005 2767 4077 Πρὸς
2789 4005 2852 4075 δὴ
2871 4000 2965 4061 οὖν
2992 4005 3194 4078 ταύτην
3224 4007 3322 4080 τὴν
3347 4009 3600 4063 ὑπόνοιαν
3618 4011 3649 4065 6
3682 4012 3874 4086 Σωτὴρ

2310 4091 2568 4158 διδάσκει,
2598 4094 2673 4165 μὴ
2705 4095 2962 4167 πρότερον
2987 4094 3148 4151 αὑτὸν
3189 4098 3340 4169 παρὰ
3376 4098 3470 4152 τοῦ
3511 4100 3726 4172 Πατρδς
3775 4103 3874 4174 τὴν

2313 4182 2585 4252 βασιλείαν
2627 4185 3017 4258 ἀπολήψεσθαι,
3061 4189 3092 4259 η
3152 4189 3250 4262 τὴν
3294 4190 3603 4264 ἀποδημίαν
3655 4192 3752 4265 τὴν
3813 4194 3870 4260 ιε

2311 4273 2610 4347 ἀνθρώπιον
2640 4276 2773 4350 πρὸς
2816 4276 2905 4331 τὸν
2953 4278 3170 4351 Πατέρα
3223 4279 3552 4335 στείλασθαι.
3600 4281 3774 4336 Τοῦτο
3815 4281 3870 4336 δι

2311 4365 2398 4420 διὰ
2438 4366 2538 4438 τῆς
2585 4367 2895 4441 παραϐολῆς
2945 4371 3217 4442 παρίστη,
3267 4372 3476 4440 λιίγιιυν⁸
3537 4374 3871 4442 Ἄνθρωπός

663 4451 894 4505 nobilem
924 4451 1139 4520 quidem
1166 4460 1334 4508 semet
1367 4451 1641 4521 appellans
1680 4462 1891 4524 propter
1941 4456 2209 4529 carnalem

2313 4474 2399 4523 τις
2445 4459 2695 4528 εὐγενὴς
2742 4460 3030 4528 ἐπορεύθη
3074 4463 3162 4529 εις
3215 4461 3416 4530 χώραν
3463 4464 3724 4532 μακρὰν,
3766 4467 3870 4520 λα·

663 4543 996 4596 nativitatem
1049 4557 1208 4612 quam
1246 4558 1314 4598 ex
1347 4544 1681 4609 Abrahamo,
1727 4544 1932 4613 lsaaco,
1989 4547 2211 4612 Jacobi),

663 4631 885 4699 Davide,
917 4642 1077 4702 atque
1105 4635 1297 4687 horum
1328 4635 1561 4704 posteris
1585 4637 1812 4692 sortitus
1851 4649 1990 4692 erat.
2034 4637 2213 4706 Quare

662 4733 716 4780 et
742 4725 1010 4780 hominem
1039 4740 1096 4780 se
1150 4727 1463 4782 nominavit.
1495 4727 1625 4782 Dum
1657 4743 1784 4784 vero
1813 4729 1890 4783 ait
1914 4729 2210 4800 profectum

661 4817 715 4871 in
745 4815 1012 4886 regionem
1044 4815 1410 4886 longinquam,
1442 4833 1596 4872 suum
1646 4818 1697 4872 in
1733 4818 1928 4873 cmlum
1972 4820 2037 4874 de
2070 4829 2209 4874 terra

662 4904 892 4957 reditum
931 4903 1276 4973 signilicavit.
1322 4905 1544 4961 Adtlens
1598 4906 1846 4978 denique,
1878 4923 1938 4963 se
1990 4921 2212 4981 accepto

662 5007 828 5062 regno
855 5006 1217 5059 reversurum,
1259 4997 1551 5051 secundam
1600 5010 1754 5051 suam
1800 4999 2207 5066 theophaniam,

661 5084 948 5149 gloriosam
970 5093 1131 5154 atque
1153 5085 1408 5155 regalem,
1435 5086 1726 5140 denotavit.
1756 5086 1924 5144 Porro
1946 5092 2212 5160 praedicta:

665 5183 905 5244 tempore
933 5175 1382 5243 peregrinationis
1409 5189 1598 5230 servos
1628 5176 1770 5232 illius
1801 5178 1929 5233 dicit
1957 5190 2209 5249 acceptas

664 5265 836 5320 minas
889 5265 1103 5321 diverso
1147 5281 1401 5322 successu
1457 5266 1626 5323 fuisse
1684 5271 1984 5339 negotiatos
2013 5290 2027 5327 :
2059 5275 2210 5329 cives

665 5367 788 5411 vero
813 5357 1052 5426 ejusdem
1090 5358 1192 5427 ipsi
1241 5358 1500 5425 infensos,
1534 5361 1696 5416 missa
1749 5372 1869 5432 post
1910 5378 2030 5419 eum
2066 5367 2210 5439 lcga-

731 5471 776 5502 "
804 5471 928 5528 Luc.
961 5487 1074 5536 xu,
1102 5471 1188 5526 l9.

666 5567 945 5641 gideatnr;
994 5567 1160 5641 isque
1199 5569 1377 5641 lingua
1435 5570 1717 5629 Palaestina
1789 5581 2059 5636 contineat
2123 5597 2196 5637 ss.

2319 4547 2442 4601 δεῖν
2503 4547 2691 4615 ἑαυτῷ
2756 4550 3081 4615 ,ϐασιλείαν
3146 4551 3244 4606 καὶ
3312 4552 3690 4622 ὑποστρέψαι
3706 4571 3721 4586 ·
3782 4556 3869 4610 εὐ-

2315 4642 2445 4712 γενῆ
2490 4641 2586 4712 μὲν
2622 4643 2811 4697 ἑαυτὸν
2865 4642 3044 4697 καλῶν
3089 4642 3178 4698 διὰ
3225 4642 3324 4715 την
3361 4645 3502 4698 κατὰ
3559 4645 3738 4718 σάρκα
3782 4647 3868 4716 γέο

2315 4750 2456 4786 νεσιν
2506 4735 2564 4799 ἐξ
2612 4734 2854 4807 Ἀϐραὰμ
2889 4735 2980 4789 καὶ
3024 4735 3207 4789 Ἰσαὰκ
3263 4737 3356 4791 καὶ
3414 4736 3635 4801 Ἰακὼϐ,
3695 4738 3761 4793 εκ
3811 4756 3867 4794 τι

2315 4825 2474 4880 Δαϐὶδ
2502 4828 2593 4881 καὶ
2622 4827 2732 4881 τῶν
2752 4829 2939 4882 τούτου
2968 4827 3222 4898 διαδόχων
3244 4829 3611 4902 γεγενημένην
3629 4847 3646 4863 ο
3673 4830 3756 4884 διδ
3778 4833 3866 4886 καὶ

2313 4916 2591 4989 ἄνθρωπον
2615 4919 2803 4974 ἑαυτὸν
2825 4917 3090 4990 ὠνόμαζε.
3123 4920 3308 4989 Λέγων
3333 4920 3408 4988 δὲ,
3441 4922 3758 4993 Ἐκορεύθη
3784 4926 3866 4990 είς

2313 5008 2508 5077 χώραν
2532 5011 2787 5081 μακρὰν,
2815 5013 2912 5085 τὴν
2939 5014 3047 5068 ἀπὸ
3066 5013 3167 5084 γῆς
3193 5016 3274 5078 είς
3293 5015 3516 5086 οὐρανὸν
3545 5014 3732 5070 ἄνοδον
3750 5017 3865 5070 ἑαυ-

2309 5100 2400 5153 τοῦ
2419 5103 2512 5174 ὲσή
2521 5119 2703 5173 μανεν.
2723 5104 3019 5177 Ἐπιφέρων
3037 5105 3094 5159 δὲ
3120 5105 3199 5169 τὸ,
3223 5101 3429 5162 ,λαϐεῖν
3459 5107 3677 5162 ἑαυτοῦ
3701 5106 3866 5172 βασι.

2309 5194 2611 5271 λείαηκαὶ
2638 5195 3033 5265 ὑποστρέψαι,
3054 5197 3152 5268 τὴν
3185 5197 3440 5268 δευτέραν
3472 5199 3637 5252 αὐτοῦ
3677 5201 3864 5273 θεσφά-

2310 5299 2472 5344 νειαν.
2493 5285 2589 5357 τὴν
2618 5283 2822 5349 ἔνδοξον
2841 5290 2934 5340 καὶ
2958 5286 3257 5360 βασιλικὴν,
3283 5289 3540 5361 παρίστη.
3576 5291 3736 5346 Ἀλλὰ
3760 5292 3864 5364 γὰρ

2311 5377 2446 5430 κατὰ
2467 5377 2564 5449 τὴν
2585 5377 2859 5449 λεχθεῖσαν
2877 5379 3175 5450 ἀποδημίαν
3196 5382 3322 5445 τοὺς
3346 5382 3442 5452 μὲν
3467 5381 3628 5436 αὐτοῦ
3652 5383 3874 5448 δούλους

2306 5585 2539 5655 comperi
2562 5603 2590 5661 ;Δ
2607 5585 2681 5643 ita
2709 5597 2764 5643 ut
2791 5586 2854 5643 de
2880 5587 2986 5645 alio
3011 5586 3308 5661 exemplari
3332 5586 3582 5660 loquatur
3604 5586 3864 5648 Eusebius

664 5633 966 5717 pangelia,
1004 5633 1196 5705 cupide
1229 5633 1469 5717 co'nsuluj
1502 5659 1627 5717 num
1674 5645 1745 5700 ibi
1798 5633 2196 5717 harcparabol—a
2304 5633 2641 5715 ἧὲὲὲὶἱέἐίὶζ

660 5702 736 5761 ita
750 5702 1036 5775 legeretur,
1063 5702 1123 5762 ut
1149 5709 1309 5767 modo
1330 5713 1408 5769 ait
1427 5712 1690 5772 Eusebius
1713 5731 1729 5782 ;
1752 5719 1844 5774 sed
1866 5702 2194 5779 contrarium
