4070 6304
719 371 825 423 695

1413 365 1672 424 EUSEBII
1709 356 2168 418 C.£SARIE‘NSIS
2203 354 2350 406 OPP.
2391 352 2567 409 PARS
2604 352 2690 409 IV.
2724 383 2790 394 -
2831 348 3241 406 DOGMATICA.
3796 346 3882 400 696

720 498 854 536 rona
885 481 1090 536 lumbos
1121 478 1416 550 pra'cincti.
1457 477 1680 546 panibus
1714 474 1917 544 azymis
1945 469 2245 544 degustatis,

2359 463 2560 531 τροφῆς
2591 479 2647 514 τε
2682 462 2900 531 ἀζύμων
2945 461 3120 530 ἄρτων
3151 459 3506 529 μετίσχονιες,
3542 470 3638 507 και
3661 453 3790 550 πόας
3811 472 3883 507 κι-

719 573 916 642 intybis
939 570 1400 640 etiamappositis,
1427 568 1493 623 de
1529 570 1643 621 loco
1681 567 1733 620 in
1763 565 1958 631 locum,
2005 564 2054 617 id
2078 572 2159 616 est
2189 561 2256 614 de

719 661 1089 732 Egyptiorum
1126 663 1339 730 regione
1366 660 1414 712 in
1439 660 1730 721 desertum,
1760 655 2106 718 transierunt.
2135 652 2256 706 Haec

719 752 792 804 illi
826 765 984 820 agere
1035 751 1088 804 in
1136 749 1398 804 mandatis
1428 747 1749 809 habuerunt,
1791 759 1911 799 cum
1951 743 2094 796 caede
2139 741 2255 795 ovis

715 853 936 909 esuque.
1001 837 1352 904 Quamobrem
1408 836 1494 889 illa
1559 850 1622 890 ex
1679 833 1910 906 :Egypto
1958 833 2249 900 digressio,

717 943 912 982 nomen
945 927 1218 995 fecitapud
1246 925 1493 980 Hebraeos
1521 925 1656 981 festo
1681 928 1962 980 transitus.
1990 925 2250 979 Ca-terum

720 1017 833 1072 haec
867 1017 919 1071 in
948 1017 1110 1085 figura
1152 1015 1255 1070 illis
1275 1015 1697 1086 contingebant;
1733 1016 1898 1070 nostri
1929 1026 2104 1068 autem
2131 1028 2252 1082 gra-

715 1108 786 1159 tia
819 1108 1016 1174 scripta
1045 1106 1258 1160 fuerunt
1287 1107 1352 1160 “.
1381 1107 1552 1174 Atque
1588 1107 1659 1159 ita
1697 1105 1891 1160 Paulus
1933 1107 2252 1174 interpreta-

715 1206 821 1262 tur,
857 1197 981 1251 dum
1011 1197 1370 1267 symbolarum
1396 1205 1629 1251 veterum
1664 1198 1940 1251 veritatem
1969 1196 2050 1249 his
2078 1195 2250 1248 verbis

713 1283 879 1349 aperit
911 1299 926 1336 :
964 1297 1085 1336 nam
1121 1281 1324 1336 Pascha
1361 1294 1588 1337 nostrum
1625 1286 1920 1338 immolatus
1965 1295 2036 1337 est
2068 1281 2248 1336 Chris-

713 1382 792 1424 tus
825 1371 890 1427 “.
918 1371 1145 1426 Causam
1184 1387 1312 1426 vero
1349 1372 1502 1440 hujus
1544 1374 1849 1427 immolandi
1892 1374 2124 1443 Baptista
2170 1375 2250 1430 sic

709 1462 924 1514 exhibet
953 1463 1134 1516 dicens
1165 1480 1177 1514 ε
1217 1463 1346 1515 Ecce
1368 1465 1539 1533 Agnus
1577 1463 1694 1525 Dei,
1723 1480 1833 1516 ecce
1864 1466 1950 1532 qui
1979 1463 2106 1516 tollit
2136 1479 2250 1530 pec-

709 1561 826 1602 cata
877 1553 1052 1603 mundi
1091 1551 1154 1606 “.
1200 1550 1406 1619 Reapse
1449 1553 1688 1612 victima.
1717 1555 1972 1606 malorum
2015 1555 2248 1607 omnium

710 1641 1037 1705 remedium,
1090 1641 1202 1694 neci
1247 1641 1494 1696 traditum
1542 1643 1637 1695 fuit
1680 1643 1977 1696 Servatoris
2035 1657 2246 1710 corpus,

708 1731 846 1798 quod
906 1731 1073 1784 instar
1118 1731 1455 1800 expiationis,
1511 1733 1673 1786 totius
1744 1735 1923 1786 mundi
1973 1745 2245 1800 peccatum

710 1819 948 1874 abstulit.
1005 1820 1292 1886 Propterea
1344 1821 1510 1876 Isaias
1562 1822 1702 1875 clare
1757 1824 2117 1876 exclamavit:
2150 1821 2249 1876 Hic

706 1921 914 1978 peccata
944 1921 1122 1966 nostra
1152 1911 1270 1979 fert,
1298 1923 1343 1964 et
1365 1927 1460 1980 pro
1492 1913 1637 1964 nobis
1660 1912 1855 1978 patitur
1885 1912 1948 1965 ”.

774 2087 829 2146 Ω.
869 2090 1037 2162 llujus
1080 2107 1207 2160 ergo
1240 2093 1487 2153 victimae,
1549 2092 1600 2144 id
1654 2102 1736 2146 cst
1797 2092 2098 2149 Servatoris
2157 2109 2246 2162 qui
2319 2159 2326 2164 Ι

704 2184 920 2251 proprio
947 2182 1206 2252 sanguine
1260 2184 1546 2236 humanum
1593 2197 1760 2252 genus
1794 2186 2037 2249 salvavit,
2093 2187 2249 2241 intel-

704 2271 1014 2327 lectualibus
1078 2272 1214 2340 pasti
1265 2272 1554 2336 carnibus,
1608 2273 1852 2326 videlicet
1912 2275 2246 2342 dogmatibus

702 2373 862 2431 atque
916 2361 1175 2415 doctrinis
1229 2362 1484 2416 caelorum
1549 2376 1769 2432 regnum
1842 2365 2246 2428 nuntiantibus,

703 2452 910 2508 deliciis
941 2452 1132 2507 merito
1167 2453 1366 2506 divinis
1392 2452 1724 2508 deliciamur.
1768 2452 1871 2508 Sed
1900 2464 1951 2508 et
1985 2454 2086 2507 fide
2117 2470 2244 2525 erga

703 2545 1014 2614 sanguinem
1061 2543 1198 2612 ejus,
1251 2557 1406 2612 quem
1443 2559 1538 2612 pro
1585 2555 1766 2598 nostra
1821 2548 1990 2600 salute
2049 2547 2244 2617 lytrum

704 2633 913 2698 obtulit,
943 2635 1134 2688 animae
1169 2634 1372 2698 domos,
1415 2635 1466 2688 id
1495 2645 1578 2688 est
1608 2650 1856 2704 corpora,
1881 2637 2242 2706 obsignantes,

701 2742 858 2780 omne
890 2742 1059 2796 genus
1103 2726 1464 2781 insidiantium
1491 2729 1832 2782 daemonuma
1863 2730 2012 2783 nobis
2030 2731 2245 2784 submo-

705 2832 931 2881 vetntts,
994 2817 1360 2884 transitusque
1419 2819 1809 2872 solemnitatem
1869 2820 2239 2885 celebrantes,

702 2908 930 2960 transire
983 2907 1049 2960 ad
1107 2908 1286 2960 divina
1342 2910 1635 2969 studemus.
1699 2909 1858 2962 veluti
1907 2909 2031 2964 olim
2074 2910 2146 2965 illi
2189 2912 2241 2964 in

699 2999 969 3050 desertum
999 3011 1065 3051 ex
1093 2996 1324 3066 Egypto
1341 2998 1777 3068 commigrarunt.
1815 2996 1886 3050 Ita
1919 3013 2014 3052 nos
2030 3013 2242 3069 quoque

2355 551 2545 620 κρίδων
2597 552 3040 621 προσφερόμενοι,
3096 551 3256 602 τόπον
3287 550 3352 602 ἐκ
3395 547 3558 600 τόπου
3622 543 3881 608 διέϐαινον,

2351 641 2440 693 τὸν
2461 642 2566 694 ἀπὸ
2591 643 2687 710 τῆς
2720 644 3023 710 Αίγυπτίων
3050 642 3152 712 γῆς
3193 641 3284 693 ἐπὶ
3313 639 3408 710 τὴν
3447 640 3671 710 ιρημον.
3717 636 3884 689 Ταῦτα

2351 733 2479 799 γοῦν
2504 733 2683 796 αὐτοῖς
2716 735 2847 803 ὁμοῦ
2869 738 2932 804 τῇ
2963 733 3053 787 τοῦ
3085 733 3352 802 προϐάτου
3375 733 3552 800 σφαγῇ
3579 745 3641 782 τε
3668 728 3760 781 καὶ
3787 743 3889 796 τρο-

2351 827 2422 896 φῇ
2453 826 2706 894 πράττειν
2750 827 3146 896 νενομοθέτητο.
3185 825 3372 878 Ἔνθεν
3420 825 3450 892 ἡ
3514 822 3570 888 se
3626 818 3885 887 Αἰγύπτου

2352 907 2648 982 μετάϐασις
2675 916 2769 986 τὴν
2803 917 2910 968 τῶν
2953 915 3309 986 διαϐατηρίων
3363 916 3542 976 αὐτοῖς
3587 909 3886 978 ἱπυνυμίαν

2350 1005 2604 1077 ἐπλήρου.
2672 1008 2811 1060 Ἀλλ’
2866 1009 3091 1070 ἐκείνοις
3148 1009 3244 1078 μὲν
3283 1005 3522 1069 τυπικῶς
3567 1004 3743 1057 ταῦτα
3785 1018 3889 1054 συν-

2349 1094 2578 1157 έϐαινεν,
2625 1098 2836 1168 ἐγράφη
2878 1097 2933 1150 δὲ
2981 1099 3045 1152 δι’
3087 1099 3250 1168 ἡμᾶς.
3301 1096 3406 1149 Καί
3447 1113 3508 1163 γε
3556 1091 3887 1165 διερμηνεύει

2349 1187 2554 1251 Παῦλος
2575 1188 2677 1238 τῶν
2711 1189 2951 1240 παλαιῶν
3005 1186 3280 1259 συμϐόλων
3313 1184 3604 1254 διαφαίνων
3639 1186 3736 1254 τὴν
3767 1183 3886 1252 ἀ.λὴ-

2349 1277 2495 1330 θειαν
2520 1278 2585 1330 δι’
2609 1272 2682 1332 ὧν
2707 1296 2868 1347 φησι·
2905 1280 3012 1332 Καὶ
3043 1281 3151 1348 γὰρ
3189 1279 3254 1332 τὸ
3278 1277 3489 1344 Πάσχα
3513 1274 3682 1344 ἡμῶν
3725 1276 3887 1340 ἐτύθη

2347 1369 2611 1434 Χριστός.
2643 1369 2782 1421 Τὸδὲ
2808 1370 2976 1421 αῐτιον
2999 1370 3090 1422 τοῦ
3111 1371 3330 1440 τυθῆναι
3355 1367 3514 1420 αὐτὸν
3537 1368 3564 1418 ὁ
3592 1363 3890 1434 Βαπτιστὴς

2348 1459 2667 1528 παρίστησιν
2688 1459 2850 1514 εἰπών
2869 1477 2881 1489 ·
2921 1459 3031 1513 Ἴδε
3056 1463 3087 1514 ό
3126 1459 3325 1528 Ἀμνός
3350 1457 3453 1511 τοῦ
3483 1455 3631 1510 Θεοῦ
3665 1458 3696 1508 ό
3719 1456 3889 1520 αΙρων

2347 1549 2459 1614 τὴν
2479 1553 2762 1617 ἁμαρτίαν
2785 1552 2888 1606 τοῦ
2911 1553 3154 1619 κόσμου.
3183 1553 3288 1604 Καὶ
3320 1552 3428 1622 γὰρ
3465 1549 3692 1618 σφάγιον
3715 1545 3888 1599 κακῶν

2345 1640 2596 1693 ἁπάντων
2627 1643 2986 1712 ἀποτρόπαιον
3027 1642 3086 1694 τὸ
3116 1642 3272 1711 σῶμα
3308 1641 3367 1693 τὸ
3398 1641 3659 1710 σωτήριον
3688 1636 3767 1706 τῷ
3801 1637 3886 1688 lia-

2351 1732 2492 1800 νάτῳ
2525 1733 2854 1803 παρεδίδοτο,
2880 1734 2907 1785 ὃ
2931 1732 2992 1802 δὴ
3039 1731 3329 1802 καθαρσίου
3355 1730 3507 1799 δίκην
3556 1727 3652 1781 τοῦ
3699 1724 3887 1789 παντὸς

2349 1826 2530 1893 ἀφεῖλε
2553 1827 2756 1896 κόσμου
2781 1828 2876 1898 τὴν
2906 1826 3172 1896 ἁμαρτίαν
3191 1843 3204 1856 ο
3247 1824 3480 1893 κέκραγε
3522 1821 3652 1889 γοῦν
3698 1820 3887 1897 τηλαυ-

2347 1917 2457 1984 γῶς
2499 1918 2760 1979 Ἠσαῖας·
2820 1913 3005 1981 Οὗτος
3038 1917 3140 1981 τὰς
3187 1915 3467 1985 ἁμαρτίας
3518 1911 3686 1982 ἡμῶν
3738 1910 3887 1980 φέρει

2345 2009 2590 2074 καὶπερὶ
2627 2007 2793 2075 ἡμῶν
2826 2006 3122 2061 ὀδυνᾶται.

2417 2099 2480 2168 β’.
2517 2099 2713 2152 Τούτου
2751 2101 2814 2170 δὴ
2855 2100 2943 2153 τοῦ
2980 2100 3238 2170 σωτηρίου
3272 2094 3505 2167 θύμᾶτος
3559 2094 3652 2147 τοῦ
3685 2093 3760 2163 τῷ
3785 2092 3890 2163 ἰδίῳ

2347 2196 2534 2264 αἵματι
2573 2194 2632 2246 τὸ
2685 2195 2898 2246 πάντων
2949 2193 3246 2262 ἀνθρώπων
3287 2189 3438 2257 γένος
3476 2185 3888 2254 ἀνασωσαμένου

2343 2287 2460 2347 ταῖς
2515 2285 2753 2351 λογικαῖς
2800 2284 2953 2354 σαρξὶ
3007 2282 3358 2352 τρεφόμενοι,
3411 2277 3692 2347 μαθήμασι
3745 2275 3889 2345 δηλα-

2343 2374 2405 2443 δὴ
2436 2375 2526 2426 καὶ
2552 2374 2726 2440 λόγοις
2749 2372 3015 2441 βασιλείας
3038 2368 3276 2440 οὐρανῶν
3300 2366 3759 2433 καταγγελτικοίς,
3797 2364 3888 2430 τὴν

2344 2464 2481 2517 κατὰ
2528 2464 2658 2517 Θεὸν
2708 2464 2927 2524 εἰκότως
2974 2461 3261 2531 τρυφῶμεν
3310 2459 3535 2526 τρυφήν.
3601 2453 3762 2506 Ἀλλὰ
3803 2453 3888 2504 καὶ

2344 2556 2517 2607 πίστει
2550 2553 2642 2606 τοῦ
2665 2540 2890 2623 αἵματος
2918 2551 3100 2613 αὑτοῦ,
3125 2552 3151 2602 ὂ
3172 2551 3232 2618 δὴ
3260 2549 3448 2618 λύτρον
3473 2547 3611 2615 ὑπὲρ
3639 2545 3737 2613 τῆς
3771 2546 3889 2614 ἡμεσ

2341 2651 2505 2720 τέρας
2535 2648 2848 2704 ἀντιδεδωκε
2897 2645 3198 2716 σωτηρίας,
3227 2645 3352 2704 τοὺς
3378 2642 3556 2712 ψυχῆς
3612 2641 3789 2701 οἴκους
3829 2640 3888 2691 τὰ

2343 2740 2564 2809 σώματα
2589 2755 2794 2807 καταση
2805 2739 3132 2806 μαινόμενοι,
3162 2736 3268 2787 πᾶν
3293 2733 3446 2802 γένος
3478 2732 3745 2801 δαιμόνων
3776 2732 3888 2782 ἐπι-

2341 2829 2544 2881 ϐούλων
2567 2829 2625 2892 ἐξ
2664 2828 2869 2881 ἑαυτῶν
2899 2826 3268 2894 ἀπελαύνομεν
3289 2840 3302 2852 '
3336 2825 3432 2876 καὶ
3461 2822 3556 2892 τὴν
3591 2822 3698 2875 τῶν
3722 2820 3892 2874 διαϐαν

2339 2921 2538 2991 τηρίων
2570 2921 2758 2991 ἑορτὴν
2801 2919 3185 2982 ἐπιτελοῦντες,
3238 2917 3525 2972 διαϐαίνειν
3591 2913 3889 2985 μελετῶμεν

2342 3009 2431 3061 ἐπὶ
2463 3008 2528 3062 τὰ
2561 3009 2697 3073 θεῖα,
2733 3009 2806 3071 ὼς
2835 3008 2998 3060 πάλαι
3022 3007 3120 3074 τῆς
3169 3005 3438 3073 Αἰγύπτου
3469 3000 3890 3073 μετασεὸηκότες

700 3088 899 3141 invium
922 3087 1188 3155 quoddam
1211 3088 1587 3158 desertumque
1615 3102 1644 3140 a
1669 3089 1850 3141 multis
1870 3089 1967 3141 iter
1993 3089 2238 3153 facimus,

2346 3099 2434 3149 ἐπὶ
2464 3100 2560 3162 τὴν
2589 3097 2808 3168 ἔρημον.
2841 3096 3019 3165 Ταύτῃ
3061 3095 3187 3162 γοῦν
3225 3095 3316 3147 καὶ
3341 3095 3500 3163 ἡμεῖς
3533 3089 3725 3161 ἀτριϐῆ
3776 3105 3888 3143 τινα

703 3190 853 3233 vetus
876 3178 1157 3248 irreligiosi
1192 3179 1392 3233 erroris
1424 3177 1745 3232 fermentum
1773 3179 1949 3232 anima
1978 3180 2243 3248 expellen-

701 3286 801 3341 tes,
848 3286 1083 3341 veraque
1126 3272 1302 3339 intyba
1336 3287 1517 3326 amaro
1565 3279 1620 3325 et
1655 3272 1862 3325 insuavi
1910 3272 2050 3326 victu
2088 3272 2242 3325 simul

699 3373 1047 3432 apponentes.
1085 3361 1319 3430 Tempus
1366 3375 1582 3430 quoque
1612 3360 1967 3414 solemnitatis
1994 3369 2245 3429 opportu-

701 3469 824 3508 num
853 3461 957 3513 est,
987 3452 1124 3504 haud
1160 3451 1211 3503 in
1254 3451 1484 3504 medium
1521 3451 1749 3504 hiemem
1787 3450 2085 3513 incurrens.
2126 3467 2244 3522 quae

698 3545 865 3599 tristis
925 3551 1039 3608 est;
1101 3557 1272 3610 neque
1321 3541 1554 3595 vicissim
1603 3543 1654 3593 in
1704 3542 1932 3595 mediam
1976 3552 2242 3607 aestatem,

697 3650 805 3703 quo
859 3644 1098 3702 tempore
1147 3632 1356 3688 fervens
1417 3632 1742 3697 solstitium,
1803 3635 2128 3687 vcrsantium
2189 3634 2240 3688 in

697 3727 842 3796 agris
871 3733 1202 3780 venustatem
1235 3725 1458 3786 deterit;
1499 3723 1657 3776 nimis
1698 3726 1822 3777 item
1870 3724 2088 3792 prolixa:
2119 3737 2244 3780 sunt

699 3817 864 3879 hora',
926 3814 1068 3868 haud
1127 3815 1292 3881 aequis
1345 3814 1581 3881 partibus
1644 3813 1845 3867 divism.
1904 3814 2006 3868 Sed
2074 3832 2243 3885 neque

699 3904 1001 3959 autumnale
1047 3905 1420 3971 mquiuoctinm
1461 3904 1751 3971 jucundum
1809 3917 2081 3973 aspectum
2131 3923 2242 3978 pra:

697 4011 757 4049 se
787 3993 928 4057 fert,
964 3994 1182 4047 viduato
1211 4009 1361 4061 agro,
1413 4004 1466 4047 et
1515 3995 1626 4047 suis
1678 3995 1936 4050 fructibus
1992 4009 2240 4066 tanquam

700 4085 822 4138 tiliis
883 4084 1128 4152 spoliato.
1177 4085 1429 4152 Superest
1490 4101 1554 4139 ex
1602 4087 1685 4139 his
1743 4090 1864 4141 anni
1920 4092 2242 4157 teniporibus

696 4175 874 4228 latum
906 4189 1022 4239 ver,
1062 4176 1201 4242 quod
1249 4174 1411 4228 totius
1460 4175 1607 4237 anni,
1650 4191 1744 4229 ceu
1795 4181 2037 4248 corporis
2085 4192 2243 4251 caput

694 4273 798 4328 est,
832 4278 952 4318 cum
994 4263 1073 4318 sol
1115 4267 1340 4332 primam
1391 4264 1547 4318 stadii
1602 4267 1683 4318 sui
1727 4279 1931 4333 partem
1983 4269 2238 4330 decurrit.

695 4357 820 4410 luna
858 4365 1033 4409 autem
1075 4356 1278 4424 pariter
1313 4356 1465 4424 pleno
1509 4357 1656 4412 orbis
1704 4359 1784 4412 sui
1834 4360 2032 4415 lniuine
2070 4363 2241 4416 noctis

2347 3190 2440 3241 xui.
2472 3189 2566 3258 ἔρη
2577 3206 2672 3256 μον
2697 3191 2804 3250 τοῖς
2824 3187 3030 3248 πολλοῖς
3055 3183 3376 3254 στελλώμεθα
3400 3179 3890 3260 πορείανηπαλαιὰν

2348 3277 2521 3348 ζύμην
2587 3278 2743 3330 ἀθέου
2797 3278 2999 3346 πλάνης
3067 3276 3165 3344 τῆς
3232 3275 3400 3344 αὐτῆς
3448 3273 3624 3343 ψυχῆς
3694 3271 3891 3341 ὲξόριον

2350 3370 2685 3438 ποιούμενοι,
2721 3370 2812 3420 καὶ
2845 3367 2942 3429 τὰς
2971 3366 3189 3435 ἀληθεῖς
3225 3365 3474 3434 πικρίδας
3522 3363 3608 3417 διὰ
3659 3364 3756 3432 τῆς
3805 3379 3887 3414 πιο

2348 3461 2482 3532 κρᾶς
2523 3459 2614 3511 καὶ
2657 3459 2905 3526 ἁλγεινῆς
2960 3457 3167 3526 διαίτης
3223 3455 3665 3527 προσφερόμενοι.
3713 3454 3819 3506 Καὶ
3861 3453 3890 3504 ό

2348 3552 2529 3622 καιρὸς
2557 3551 2612 3603 δὲ
2642 3552 2736 3621 τῆς
2766 3551 2950 3621 ἑορτῆς
2983 3547 3232 3620 εὔκαιρος
3252 3588 3267 3612 ,
3299 3549 3396 3602 οὐκ
3426 3551 3481 3599 ὲν
3531 3545 3667 3617 μέσῃ
3695 3545 3893 3614 χειμῶ-

2346 3662 2432 3706 νος
2457 3643 2573 3713 ῶρα
2608 3643 2953 3713 παρηγμένος
2973 3659 2985 3674 ο
3016 3641 3236 3708 στυγνὸς
3270 3640 3377 3710 γὰρ
3398 3632 3550 3701 οὗτος
3570 3655 3583 3668 ’
3627 3637 3740 3690 ἀλλ’
3790 3634 3890 3688 οὐδ’

2347 3735 2401 3784 ἐν
2429 3732 2574 3802 μέσῳ
2605 3732 2749 3800 θέρει
2773 3728 3098 3799 κατάλληλος
3127 3725 3214 3799 ἦν,
3245 3729 3364 3788 καθ’
3393 3714 3448 3780 ὃν
3504 3730 3538 3796 ἡ
3584 3725 3757 3796 τροπὴ
3784 3723 3890 3790 Θεέ)

2348 3825 2764 3894 φλεγμαίνουσα,
2804 3823 2911 3875 τῶν
2963 3825 3081 3876 κατ’
3133 3821 3331 3893 ἀγροὺς
3390 3817 3750 3891 σχολαζόντων
3800 3833 3894 3867 πε-

2349 3916 2631 3983 ριαιρεῖται
2681 3912 2741 3965 τὸ
2804 3912 3024 3976 κάλλος·
3081 3910 3387 3964 πλεονεκτεῐ
3437 3909 3493 3961 δὲ
3528 3906 3620 3961 καὶ
3675 3905 3742 3957 τὰ
3786 3902 3892 3955 τῶν
3935 3931 3945 3936 ~

2345 4003 2522 4074 ὡρῶν,
2557 4005 2654 4056 οὐκ
2686 4002 3176 4072 ἐπαμφοτερίζοντα
3196 4004 3260 4071 τῇ
3289 3999 3556 4071 ίσομοιρία
3583 3997 3713 4066 (‘35)-
3769 4011 3891 4065 μετ-

2345 4094 2556 4166 οπώρου
2577 4095 2683 4165 γὰρ
2717 4094 2920 4164 τροπῆς
2953 4093 3051 4145 ούκ
3101 4091 3396 4162 ἐπιτερπὴς
3424 4091 3456 4159 ἡ
3489 4089 3602 4149 θέα,
3630 4084 3887 4158 χηρευούα

2349 4202 2446 4255 σης
2483 4185 2579 4253 μὲν
2611 4185 2706 4255 τῆς
2729 4183 2926 4255 χώρας,
2953 4183 3060 4236 τῶν
3103 4183 3148 4236 δ’
3181 4183 3388 4237 οἰκείων
3443 4180 3668 4251 καρπῶν
3717 4179 3793 4242 ὼς
3826 4178 3888 4230 ἂν

2344 4276 2546 4327 τέκνων
2586 4274 3042 4346 ἀπεστερημένης.
3075 4274 3213 4345 Ἔαρ
3267 4273 3330 4343 δὴ
3392 4271 3630 4324 λείπεται
3682 4271 3739 4323 τὺ
3772 4285 3890 4338 94t-

2344 4365 2485 4435 δρὸν,
2515 4366 2542 4417 ὃ
2566 4364 2626 4434 δὴ
2647 4367 2738 4418 τοῦ
2766 4367 2961 4429 παντὸς
2987 4367 3135 4428 ἔτους
3173 4363 3378 4433 κεφαλή
3406 4379 3488 4426 τις
3517 4358 3605 4414 οἷα
3649 4361 3887 4429 σώματος

695 4459 910 4499 cursum
942 4446 992 4498 iu
1019 4444 1250 4499 lucidum
1278 4445 1628 4499 transformat
1657 4448 1815 4500 diem.
1847 4450 1971 4513 Ver,
2003 4451 2242 4520 inquam,

2348 4458 2576 4526 ἡγεῖται,
2613 4457 2760 4527 ἡλίου
2818 4457 2913 4526 μὲν
2956 4456 3020 4524 δὴ
3067 4457 3189 4526 ἄρτι
3220 4455 3280 4507 τὸ
3304 4455 3513 4526 πρῶτον
3541 4452 3731 4523 τμῆμα
3753 4451 3887 4504 διιπ-

696 4534 1002 4588 hiemalium
1059 4535 1412 4587 tonitruorum
1480 4536 1909 4592 terriculamenta
1975 4541 2242 4606 discutit,

695 4622 850 4690 longa
893 4621 1196 4690 (noctium)
1261 4625 1543 4678 inter-stitia
1581 4627 1738 4689 tollit,
1783 4645 2042 4696 aquarum
2073 4647 2243 4685 exuu-

694 4712 936 4766 dationes
967 4712 1200 4765 cohibet.
1243 4711 1467 4784 Jamque
1516 4731 1649 4770 nova
1691 4718 2001 4784 splendente
2039 4723 2243 4774 serenia-

696 4811 823 4866 tate,
858 4804 1140 4871 tranquilla
1178 4803 1306 4856 fiunt
1343 4808 1715 4874 navigantibus
1744 4810 1932 4872 maria,
1966 4813 2236 4879 Sudusque

694 4908 786 4946 aer
813 4902 950 4946 terra
981 4897 1081 4947 iter
1109 4894 1449 4950 facientibus.
1481 4896 1742 4966 Regiones
1777 4899 1987 4954 interim
2019 4903 2069 4955 in
2094 4902 2238 4971 agris

690 4984 1036 5053 gravidantur
1103 4988 1446 5052 seminibus,
1509 4999 1564 5042 et
1637 4990 1898 5045 fructibus
1971 5004 2237 5050 tumentes

693 5077 932 5135 arbores,
986 5075 1077 5129 Dei
1132 5076 1284 5130 donis
1334 5090 1640 5142 exornatas,
1694 5082 1940 5145 agricolis
1998 5085 2237 5140 laborum

691 5164 990 5216 mercedem
1029 5165 1078 5216 in
1110 5163 1480 5220 benedictione
1505 5168 1758 5235 praebent.

2344 4547 2613 4610 πεύοντος,
2650 4547 2872 4618 σελήνης
2910 4547 2953 4599 δ’
2987 4550 3050 4599 ὲκ
3087 4546 3426 4616 παραλλήλου
3471 4544 3764 4613 πλησιφαεῐ
3813 4541 3884 4612 τῷ

2345 4638 2480 4706 φωτῖ⁵
2500 4639 2597 4690 τὸν
2614 4638 2709 4707 τῆς
2738 4639 2926 4700 νυκτὸς
2950 4638 3145 4708 δρόμον
3170 4641 3246 4700 είς
3268 4636 3520 4707 λαμπρὰν
3557 4632 3884 4707 μεθαρμοζο-

2346 4731 2508 4802 μίνης
2551 4732 2781 4802 ἡμέραν.
2840 4729 3008 4782 Τοῦτο
3052 4728 3165 4781 λύει
3208 4730 3305 4799 μὲν
3353 4728 3573 4782 κτύπων
3599 4724 3881 4797 χειμερίων

2344 4821 2581 4892 φόϐητρα
2608 4820 2739 4889 (‘26),
2759 4820 2871 4871 λύει
2894 4819 2950 4870 δε
2975 4817 3158 4889 μακρὰ
3178 4818 3533 4888 διαστήματα,
3561 4815 3890 4886 πλημμύρας,

2343 4906 2544 4960 ὑδάτων
2576 4905 2912 4975 μεταϐάλλει.
2954 4905 3091 4975 Ἤδη
3138 4905 3191 4957 δὲ
3236 4907 3434 4975 νεαρᾶς
3481 4903 3881 4977 ὲπιλαμπούσης

2344 4996 2574 5066 αἰθρίας,
2604 4996 2807 5066 γαλήνη
2837 4994 2932 5063 μὲν
2970 4998 3081 5057 τοῖς
3105 4993 3482 5048 θαλαττεύουσι
3515 4993 3797 5062 καθίστησι
3821 4990 3882 5044 τὰ

2346 5085 2572 5156 πελάγη,
2605 5086 2771 5138 εὔδιον
2797 5085 2852 5137 δὲ
2877 5085 3012 5155 ἀέρα
3031 5087 3139 5149 τοῖς
3166 5084 3304 5140 κατὰ
3329 5085 3432 5156 γῆν
3473 5085 3769 5155 ὁδοιπόροις
3804 5086 3880 5136 ὲν-

2343 5176 2542 5230 όίδωσι.
2573 5177 2758 5248 Χῶραι
2787 5175 2828 5228 δ’
2859 5177 2915 5228 ὲν
2960 5175 3129 5247 τούτῳ
3175 5177 3295 5229 κατ’
3341 5177 3541 5252 ἀγροὺς
3595 5173 3882 5244 ἐγκύμονες

692 5255 1034 5324 σπερμάτων,
1067 5258 1160 5310 καὶ
1219 5259 1443 5327 καρπῶν
1495 5262 1816 5331 σπαργῶντα
1859 5266 1998 5332 φυτὰ
2037 5271 2146 5334 τοίς
2175 5271 2237 5323 ὲκ
2275 5268 2406 5323 Θεοῦ
2472 5271 2659 5342 δώροις
2722 5270 3077 5341 ἀγαλλόμενα,
3114 5273 3373 5342 γεωργοῖς
3405 5274 3578 5323 πόνων
3601 5268 3702 5332 τὰς
3733 5268 3881 5338 ἀμοι-

689 5346 786 5410 ϐὰς
814 5348 869 5401 ὲν
891 5350 1157 5417 εὐλογίαις
1184 5355 1425 5422 παρέχει.

762 5439 805 5470 ⁸⁸
843 5437 857 5490 l
889 5441 1009 5494 Cur.
1043 5458 1098 5508 χ,
1131 5445 1218 5497 ll.
1295 5447 1335 5476 ⁶¹
1370 5446 1386 5498 Ι
1417 5447 1541 5501 Cor.
1571 5463 1623 5511 v,
1650 5448 1697 5500 7.
1775 5449 1988 5504 "Joan.
2024 5455 2166 5519 1,29.
2244 5467 2245 5478 ‘

2346 5454 2427 5509 sai.
2454 5469 2567 5515 Llll,
2596 5449 2651 5503 4.

759 5532 868 5600 (24)
886 5533 1015 5611 Cod.
1040 5537 1315 5591 evidenter
1333 5541 1524 5611 τροφή,
1551 5542 1833 5598 manifesto
1849 5555 2021 5599 tamen
2042 5548 2224 5602 lliCltdC

690 5613 786 5666 pro
815 5619 843 5652 τ
910 5607 1004 5673 πὴ.
1489 5607 1498 5611 ⁷

690 5747 697 5750 _
757 5619 1160 5740 (ἳὸςοιλυιιιιίιιιι-
1193 5677 1499 5750 ριςίεοοτυιιι
1540 5695 1717 5743 more,
1762 5682 1899 5750 apud
1938 5699 2072 5750 quos
2105 5700 2228 5739 cum

688 5747 792 5793 tam
821 5751 1004 5796 aestate
1038 5757 1194 5804 quam
1239 5746 1414 5804 hieme
1455 5748 1567 5805 dies
1616 5746 1870 5807 duodenis
1911 5746 2057 5808 horis
2100 5769 2228 5808 con-

2341 5558 2485 5600 stare
2524 5546 2786 5606 deberet,
2850 5543 2931 5597 hae
2975 5545 3282 5598 necessario
3342 5549 3523 5595 astate
3576 5540 3872 5610 longiores-

2337 5617 2511 5686 !tienie
2540 5615 2811 5686 breviores
2836 5615 3304 5686 computabantttr.
3341 5681 3372 5686 η
3507 5681 3520 5686 _
3547 5681 3559 5686 _
3775 5676 3787 5686 ⁸

2409 5685 2518 5754 (ἓθ)
2566 5681 2838 5755 Ᾰίειιιοδίε
2883 5685 3023 5739 enim
3058 5683 3112 5738 in
3155 5681 3459 5755 regionibus
3507 5681 3684 5737 hieme
3719 5681 3877 5734 etiam

2338 5752 2568 5808 tonitrua
2595 5752 2905 5808 audiuntur.
