  <div class='ocr_page' id='page_1' title='image "/cluster/home/n/w/nwhite01/storage/ocr_20150623/24/pst.000005712083/366.png"; bbox 0 0 4070 6304; ppageno 0'>
   <div class='ocr_carea' id='block_1_1' title="bbox 171 378 272 425">
    <p class='ocr_par' dir='ltr' id='par_1_1' title="bbox 171 378 272 425">
     <span class='ocr_line' id='line_1_1' title="bbox 171 378 272 425; baseline -0.02 0"><span class='ocrx_word' id='word_1_1' title='bbox 171 378 272 425; x_wconf 77' lang='grc' dir='ltr'>υυἹ</span> 
     </span>
    </p>
   </div>
   <div class='ocr_carea' id='block_1_2' title="bbox 1309 363 2331 425">
    <p class='ocr_par' dir='ltr' id='par_1_2' title="bbox 1309 363 2331 425">
     <span class='ocr_line' id='line_1_2' title="bbox 1309 363 2331 425; baseline -0.001 -5"><span class='ocrx_word' id='word_1_2' title='bbox 1309 366 1398 422; x_wconf 82' lang='lat' dir='ltr'><strong>DE</strong></span> <span class='ocrx_word' id='word_1_3' title='bbox 1438 364 1931 425; x_wconf 73' lang='lat' dir='ltr'><strong>SOLEMNITATE</strong></span> <span class='ocrx_word' id='word_1_4' title='bbox 1970 363 2331 420; x_wconf 78' lang='lat' dir='ltr'><strong>PASCIIALI.</strong></span> 
     </span>
    </p>
   </div>
   <div class='ocr_carea' id='block_1_3' title="bbox 3334 358 3443 419">
    <p class='ocr_par' dir='ltr' id='par_1_3' title="bbox 3334 358 3443 419">
     <span class='ocr_line' id='line_1_3' title="bbox 3334 358 3443 419; baseline -0.009 0"><span class='ocrx_word' id='word_1_5' title='bbox 3334 358 3443 419; x_wconf 80' lang='lat'><strong>698</strong></span> 
     </span>
    </p>
   </div>
   <div class='ocr_carea' id='block_1_4' title="bbox 243 478 1762 558">
    <p class='ocr_par' dir='ltr' id='par_1_4' title="bbox 243 482 1761 558">
     <span class='ocr_line' id='line_1_4' title="bbox 243 482 1761 558; baseline -0.001 -17"><span class='ocrx_word' id='word_1_6' title='bbox 243 495 313 553; x_wconf 89' lang='grc' dir='ltr'><strong>γ’.</strong></span> <span class='ocrx_word' id='word_1_7' title='bbox 349 482 516 551; x_wconf 72' lang='grc' dir='ltr'>Οὗτος</span> <span class='ocrx_word' id='word_1_8' title='bbox 559 490 589 541; x_wconf 98' lang='lat'><strong>6</strong></span> <span class='ocrx_word' id='word_1_9' title='bbox 622 489 720 558; x_wconf 77' lang='grc' dir='ltr'><strong>τῆς</strong></span> <span class='ocrx_word' id='word_1_10' title='bbox 763 486 952 557; x_wconf 79' lang='grc' dir='ltr'><strong>ἑορτῆς</strong></span> <span class='ocrx_word' id='word_1_11' title='bbox 1009 485 1228 555; x_wconf 83' lang='grc' dir='ltr'>καιρὸς,</span> <span class='ocrx_word' id='word_1_12' title='bbox 1287 485 1605 553; x_wconf 74' lang='grc' dir='ltr'><strong>Αἰγυπτίοις</strong></span> <span class='ocrx_word' id='word_1_13' title='bbox 1662 486 1761 557; x_wconf 80' lang='grc' dir='ltr'>μὲν</span> 
     </span>
    </p>
   </div>
   <div class='ocr_carea' id='block_1_5' title="bbox 1862 478 3445 558">
    <p class='ocr_par' dir='ltr' id='par_1_5' title="bbox 1934 478 3445 552">
     <span class='ocr_line' id='line_1_5' title="bbox 1934 478 3445 552; baseline -0.003 -10"><span class='ocrx_word' id='word_1_14' title='bbox 1934 487 1989 542; x_wconf 77' lang='grc'><strong>3.</strong></span> <span class='ocrx_word' id='word_1_15' title='bbox 2044 485 2155 540; x_wconf 84' lang='lat' dir='ltr'><strong>Hoc</strong></span> <span class='ocrx_word' id='word_1_16' title='bbox 2193 482 2551 539; x_wconf 83' lang='lat' dir='ltr'><strong>solemuitatis</strong></span> <span class='ocrx_word' id='word_1_17' title='bbox 2601 492 2814 551; x_wconf 87' lang='lat' dir='ltr'><strong>tempus</strong></span> <span class='ocrx_word' id='word_1_18' title='bbox 2869 478 3135 550; x_wconf 67' lang='lat' dir='ltr'><strong>Egyptiis</strong></span> <span class='ocrx_word' id='word_1_19' title='bbox 3171 481 3445 552; x_wconf 86' lang='lat' dir='ltr'><strong>quidem,</strong></span> 
     </span>
    </p>
   </div>
   <div class='ocr_carea' id='block_1_6' title="bbox 171 577 1753 651">
    <p class='ocr_par' dir='ltr' id='par_1_6' title="bbox 171 577 1753 651">
     <span class='ocr_line' id='line_1_6' title="bbox 171 577 1753 651; baseline 0.001 -20"><span class='ocrx_word' id='word_1_20' title='bbox 171 580 398 650; x_wconf 80' lang='grc' dir='ltr'>ϐλεθρον</span> <span class='ocrx_word' id='word_1_21' title='bbox 426 583 538 643; x_wconf 83' lang='grc' dir='ltr'>τοῖς</span> <span class='ocrx_word' id='word_1_22' title='bbox 566 580 834 651; x_wconf 78' lang='grc' dir='ltr'><strong>δαιμόνων</strong></span> <span class='ocrx_word' id='word_1_23' title='bbox 884 578 1077 646; x_wconf 87' lang='grc' dir='ltr'>φίλοις,</span> <span class='ocrx_word' id='word_1_24' title='bbox 1131 578 1405 648; x_wconf 85' lang='grc' dir='ltr'>Ἑϐραίοις</span> <span class='ocrx_word' id='word_1_25' title='bbox 1455 578 1511 630; x_wconf 74' lang='grc' dir='ltr'>δὲ</span> <span class='ocrx_word' id='word_1_26' title='bbox 1562 577 1753 649; x_wconf 75' lang='grc' dir='ltr'>ἑορτά-</span> 
     </span>
    </p>
   </div>
   <div class='ocr_carea' id='block_1_7' title="bbox 173 664 1756 744">
    <p class='ocr_par' dir='ltr' id='par_1_7' title="bbox 173 664 1756 744">
     <span class='ocr_line' id='line_1_7' title="bbox 173 664 1756 744; baseline -0.001 -20"><span class='ocrx_word' id='word_1_27' title='bbox 173 670 327 736; x_wconf 75' lang='grc' dir='ltr'>ζουσι</span> <span class='ocrx_word' id='word_1_28' title='bbox 392 673 471 744; x_wconf 82' lang='grc' dir='ltr'>τῷ</span> <span class='ocrx_word' id='word_1_29' title='bbox 518 670 655 742; x_wconf 76' lang='grc' dir='ltr'>Θεῷ,</span> <span class='ocrx_word' id='word_1_30' title='bbox 700 671 885 724; x_wconf 83' lang='grc' dir='ltr'>κακῶν</span> <span class='ocrx_word' id='word_1_31' title='bbox 945 670 1257 741; x_wconf 72' lang='grc' dir='ltr'><strong>ἐλευθερίαν</strong></span> <span class='ocrx_word' id='word_1_32' title='bbox 1308 669 1626 739; x_wconf 77' lang='grc' dir='ltr'>προύξένειο</span> <span class='ocrx_word' id='word_1_33' title='bbox 1666 664 1756 723; x_wconf 76' lang='grc' dir='ltr'><strong>οὗ·</strong></span> 
     </span>
    </p>
   </div>
   <div class='ocr_carea' id='block_1_8' title="bbox 170 759 1754 833">
    <p class='ocr_par' dir='ltr' id='par_1_8' title="bbox 170 759 1754 833">
     <span class='ocr_line' id='line_1_8' title="bbox 170 759 1754 833; baseline -0.003 -17"><span class='ocrx_word' id='word_1_34' title='bbox 170 781 263 827; x_wconf 84' lang='grc' dir='ltr'><strong>τος</strong></span> <span class='ocrx_word' id='word_1_35' title='bbox 293 759 535 833; x_wconf 58' lang='grc' dir='ltr'><strong>(26⁶)ηῆν</strong></span> <span class='ocrx_word' id='word_1_36' title='bbox 574 764 736 827; x_wconf 75' lang='grc' dir='ltr'>αὐτὸς</span> <span class='ocrx_word' id='word_1_37' title='bbox 771 766 997 826; x_wconf 77' lang='grc' dir='ltr'>ἐκεῖνος,</span> <span class='ocrx_word' id='word_1_38' title='bbox 1024 764 1053 814; x_wconf 93' lang='lat'><strong>6</strong></span> <span class='ocrx_word' id='word_1_39' title='bbox 1074 762 1137 832; x_wconf 86' lang='grc' dir='ltr'>δὴ</span> <span class='ocrx_word' id='word_1_40' title='bbox 1169 762 1261 814; x_wconf 81' lang='grc' dir='ltr'><strong>καὶ</strong></span> <span class='ocrx_word' id='word_1_41' title='bbox 1293 763 1384 814; x_wconf 74' lang='grc' dir='ltr'><strong>ἐπὶ</strong></span> <span class='ocrx_word' id='word_1_42' title='bbox 1406 763 1503 831; x_wconf 83' lang='grc' dir='ltr'><strong>τῆς</strong></span> <span class='ocrx_word' id='word_1_43' title='bbox 1533 760 1754 832; x_wconf 81' lang='grc' dir='ltr'><strong>πρώτης</strong></span> 
     </span>
    </p>
   </div>
   <div class='ocr_carea' id='block_1_9' title="bbox 172 843 1753 926">
    <p class='ocr_par' dir='ltr' id='par_1_9' title="bbox 172 843 1753 926">
     <span class='ocr_line' id='line_1_9' title="bbox 172 843 1753 926; baseline -0.002 -17"><span class='ocrx_word' id='word_1_44' title='bbox 172 855 267 909; x_wconf 86' lang='grc' dir='ltr'><strong>τοῦ</strong></span> <span class='ocrx_word' id='word_1_45' title='bbox 304 858 501 919; x_wconf 84' lang='grc' dir='ltr'>παντὸς</span> <span class='ocrx_word' id='word_1_46' title='bbox 524 856 878 925; x_wconf 89' lang='grc' dir='ltr'>κοσμογονίας</span> <span class='ocrx_word' id='word_1_47' title='bbox 927 852 1315 926; x_wconf 74' lang='grc' dir='ltr'><strong>τετηρημένος,</strong></span> <span class='ocrx_word' id='word_1_48' title='bbox 1344 843 1465 906; x_wconf 63' lang='grc' dir='ltr'><strong>κᾶθ’</strong></span> <span class='ocrx_word' id='word_1_49' title='bbox 1506 853 1566 905; x_wconf 85' lang='lat' dir='ltr'><strong>6v</strong></span> <span class='ocrx_word' id='word_1_50' title='bbox 1606 854 1638 923; x_wconf 85' lang='grc' dir='ltr'><strong>ὴ</strong></span> <span class='ocrx_word' id='word_1_51' title='bbox 1679 851 1753 922; x_wconf 90' lang='grc' dir='ltr'><strong>γῆ</strong></span> 
     </span>
    </p>
   </div>
   <div class='ocr_carea' id='block_1_10' title="bbox 178 946 1755 1020">
    <p class='ocr_par' dir='ltr' id='par_1_10' title="bbox 178 946 1755 1020">
     <span class='ocr_line' id='line_1_10' title="bbox 178 946 1755 1020; baseline -0.004 -16"><span class='ocrx_word' id='word_1_52' title='bbox 178 952 501 1019; x_wconf 72' lang='grc' dir='ltr'>ἰϐλάστησε,</span> <span class='ocrx_word' id='word_1_53' title='bbox 528 950 649 1005; x_wconf 77' lang='grc' dir='ltr'>καθ’</span> <span class='ocrx_word' id='word_1_54' title='bbox 671 951 727 1004; x_wconf 83' lang='grc' dir='ltr'>ὅν</span> <span class='ocrx_word' id='word_1_55' title='bbox 752 950 799 1004; x_wconf 92' lang='grc' dir='ltr'><strong>οἰ</strong></span> <span class='ocrx_word' id='word_1_56' title='bbox 829 950 1111 1020; x_wconf 80' lang='grc' dir='ltr'><strong>φωστῆρες</strong></span> <span class='ocrx_word' id='word_1_57' title='bbox 1139 948 1404 1015; x_wconf 74' lang='grc' dir='ltr'>ἐγένοντο,</span> <span class='ocrx_word' id='word_1_58' title='bbox 1424 947 1544 999; x_wconf 83' lang='grc' dir='ltr'>καθ’</span> <span class='ocrx_word' id='word_1_59' title='bbox 1572 946 1629 998; x_wconf 82' lang='grc' dir='ltr'>ὃν</span> <span class='ocrx_word' id='word_1_60' title='bbox 1666 946 1755 998; x_wconf 85' lang='grc' dir='ltr'>οὐ·-</span> 
     </span>
    </p>
   </div>
   <div class='ocr_carea' id='block_1_11' title="bbox 178 1036 1755 1114">
    <p class='ocr_par' dir='ltr' id='par_1_11' title="bbox 178 1036 1755 1114">
     <span class='ocr_line' id='line_1_11' title="bbox 178 1036 1755 1114; baseline -0.004 -18"><span class='ocrx_word' id='word_1_61' title='bbox 178 1046 338 1113; x_wconf 80' lang='grc' dir='ltr'>ρανὸς</span> <span class='ocrx_word' id='word_1_62' title='bbox 365 1045 455 1097; x_wconf 77' lang='grc' dir='ltr'><strong>καὶ</strong></span> <span class='ocrx_word' id='word_1_63' title='bbox 470 1045 539 1113; x_wconf 88' lang='grc' dir='ltr'><strong>γῆ</strong></span> <span class='ocrx_word' id='word_1_64' title='bbox 553 1043 909 1114; x_wconf 82' lang='grc' dir='ltr'>παρήχθησαν</span> <span class='ocrx_word' id='word_1_65' title='bbox 928 1042 1019 1093; x_wconf 78' lang='grc' dir='ltr'><strong>καί</strong></span> <span class='ocrx_word' id='word_1_66' title='bbox 1040 1042 1214 1093; x_wconf 87' lang='grc' dir='ltr'>πάντα</span> <span class='ocrx_word' id='word_1_67' title='bbox 1236 1040 1302 1091; x_wconf 83' lang='grc' dir='ltr'>τὰ</span> <span class='ocrx_word' id='word_1_68' title='bbox 1325 1042 1379 1092; x_wconf 81' lang='grc' dir='ltr'>ἐν</span> <span class='ocrx_word' id='word_1_69' title='bbox 1394 1040 1595 1102; x_wconf 79' lang='grc' dir='ltr'>αὐτοῖς·</span> <span class='ocrx_word' id='word_1_70' title='bbox 1617 1036 1755 1090; x_wconf 83' lang='grc' dir='ltr'>κατὰ</span> 
     </span>
    </p>
   </div>
   <div class='ocr_carea' id='block_1_12' title="bbox 174 1128 1753 1203">
    <p class='ocr_par' dir='ltr' id='par_1_12' title="bbox 174 1128 1753 1203">
     <span class='ocr_line' id='line_1_12' title="bbox 174 1128 1753 1203; baseline -0.002 -18"><span class='ocrx_word' id='word_1_71' title='bbox 174 1134 363 1187; x_wconf 83' lang='grc' dir='ltr'>τοῦτον</span> <span class='ocrx_word' id='word_1_72' title='bbox 387 1137 477 1186; x_wconf 74' lang='grc' dir='ltr'><strong>καὶ</strong></span> <span class='ocrx_word' id='word_1_73' title='bbox 505 1136 531 1186; x_wconf 90' lang='lat'><strong>6</strong></span> <span class='ocrx_word' id='word_1_74' title='bbox 550 1134 735 1203; x_wconf 81' lang='grc' dir='ltr'>Σωτὴρ</span> <span class='ocrx_word' id='word_1_75' title='bbox 762 1132 855 1185; x_wconf 82' lang='grc' dir='ltr'><strong>τοῦ</strong></span> <span class='ocrx_word' id='word_1_76' title='bbox 886 1132 1195 1201; x_wconf 80' lang='grc' dir='ltr'><strong>σύμπαντος</strong></span> <span class='ocrx_word' id='word_1_77' title='bbox 1227 1131 1428 1199; x_wconf 82' lang='grc' dir='ltr'>κόσμου</span> <span class='ocrx_word' id='word_1_78' title='bbox 1456 1128 1516 1181; x_wconf 81' lang='grc' dir='ltr'><strong>τὸ</strong></span> <span class='ocrx_word' id='word_1_79' title='bbox 1550 1130 1647 1198; x_wconf 83' lang='grc' dir='ltr'><strong>τῆς</strong></span> <span class='ocrx_word' id='word_1_80' title='bbox 1676 1129 1753 1182; x_wconf 84' lang='grc' dir='ltr'>οἰ-</span> 
     </span>
    </p>
   </div>
   <div class='ocr_carea' id='block_1_13' title="bbox 176 1220 1753 1293">
    <p class='ocr_par' dir='ltr' id='par_1_13' title="bbox 176 1220 1753 1293">
     <span class='ocr_line' id='line_1_13' title="bbox 176 1220 1753 1293; baseline -0.002 -18"><span class='ocrx_word' id='word_1_81' title='bbox 176 1223 328 1287; x_wconf 89' lang='grc' dir='ltr'>κείας</span> <span class='ocrx_word' id='word_1_82' title='bbox 350 1224 542 1293; x_wconf 76' lang='grc' dir='ltr'>ἑορτῆς</span> <span class='ocrx_word' id='word_1_83' title='bbox 568 1223 838 1287; x_wconf 72' lang='grc' dir='ltr'><strong>ἐξετέλεσε</strong></span> <span class='ocrx_word' id='word_1_84' title='bbox 859 1223 1173 1292; x_wconf 78' lang='grc' dir='ltr'>μυστήριον,</span> <span class='ocrx_word' id='word_1_85' title='bbox 1204 1221 1295 1276; x_wconf 75' lang='grc' dir='ltr'>καὶ</span> <span class='ocrx_word' id='word_1_86' title='bbox 1313 1221 1410 1291; x_wconf 84' lang='grc' dir='ltr'><strong>τὴν</strong></span> <span class='ocrx_word' id='word_1_87' title='bbox 1432 1220 1753 1290; x_wconf 81' lang='grc' dir='ltr'>οἰκουμένην</span> 
     </span>
    </p>
   </div>
   <div class='ocr_carea' id='block_1_14' title="bbox 180 1313 1752 1387">
    <p class='ocr_par' dir='ltr' id='par_1_14' title="bbox 180 1313 1752 1387">
     <span class='ocr_line' id='line_1_14' title="bbox 180 1313 1752 1387; baseline -0.001 -20"><span class='ocrx_word' id='word_1_88' title='bbox 180 1318 286 1385; x_wconf 68' lang='lat'><strong>(27)</strong></span> <span class='ocrx_word' id='word_1_89' title='bbox 302 1320 331 1370; x_wconf 89' lang='lat'><strong>6</strong></span> <span class='ocrx_word' id='word_1_90' title='bbox 358 1319 531 1386; x_wconf 84' lang='grc' dir='ltr'><strong>μέγας</strong></span> <span class='ocrx_word' id='word_1_91' title='bbox 559 1317 799 1387; x_wconf 73' lang='grc' dir='ltr'>φωστὴρ,</span> <span class='ocrx_word' id='word_1_92' title='bbox 822 1315 1098 1379; x_wconf 88' lang='grc' dir='ltr'>εὐσεϐείας</span> <span class='ocrx_word' id='word_1_93' title='bbox 1120 1317 1313 1383; x_wconf 79' lang='grc' dir='ltr'><strong>αὐγαῖς</strong></span> <span class='ocrx_word' id='word_1_94' title='bbox 1337 1313 1752 1384; x_wconf 86' lang='grc' dir='ltr'>κατελάμπρυνε</span> 
     </span>
    </p>
   </div>
   <div class='ocr_carea' id='block_1_15' title="bbox 180 1401 1755 1477">
    <p class='ocr_par' dir='ltr' id='par_1_15' title="bbox 180 1401 1755 1477">
     <span class='ocr_line' id='line_1_15' title="bbox 180 1401 1755 1477; baseline -0.002 -20"><span class='ocrx_word' id='word_1_95' title='bbox 180 1406 270 1457; x_wconf 72' lang='grc' dir='ltr'>καὶ</span> <span class='ocrx_word' id='word_1_96' title='bbox 287 1406 349 1477; x_wconf 81' lang='grc' dir='ltr'>δὴ</span> <span class='ocrx_word' id='word_1_97' title='bbox 368 1406 637 1473; x_wconf 80' lang='grc' dir='ltr'>γενέθλιον</span> <span class='ocrx_word' id='word_1_98' title='bbox 657 1406 858 1475; x_wconf 86' lang='grc' dir='ltr'>κόσμου</span> <span class='ocrx_word' id='word_1_99' title='bbox 877 1406 904 1455; x_wconf 93' lang='lat'><strong>6</strong></span> <span class='ocrx_word' id='word_1_100' title='bbox 922 1404 1107 1473; x_wconf 83' lang='grc' dir='ltr'>καιρὸς</span> <span class='ocrx_word' id='word_1_101' title='bbox 1129 1403 1406 1473; x_wconf 80' lang='grc' dir='ltr'>περιέχειν</span> <span class='ocrx_word' id='word_1_102' title='bbox 1422 1402 1582 1454; x_wconf 75' lang='grc' dir='ltr'>ἔοικε.</span> <span class='ocrx_word' id='word_1_103' title='bbox 1598 1401 1755 1455; x_wconf 82' lang='grc' dir='ltr'>Κατὰ</span> 
     </span>
    </p>
   </div>
   <div class='ocr_carea' id='block_1_16' title="bbox 176 1494 1755 1567">
    <p class='ocr_par' dir='ltr' id='par_1_16' title="bbox 176 1494 1755 1567">
     <span class='ocr_line' id='line_1_16' title="bbox 176 1494 1755 1567; baseline -0.002 -18"><span class='ocrx_word' id='word_1_104' title='bbox 176 1498 360 1552; x_wconf 87' lang='grc' dir='ltr'>τοῦτον</span> <span class='ocrx_word' id='word_1_105' title='bbox 392 1499 449 1551; x_wconf 82' lang='grc' dir='ltr'><strong>δὲ</strong></span> <span class='ocrx_word' id='word_1_106' title='bbox 487 1499 579 1551; x_wconf 83' lang='grc' dir='ltr'><strong>τὸν</strong></span> <span class='ocrx_word' id='word_1_107' title='bbox 608 1498 796 1567; x_wconf 84' lang='grc' dir='ltr'>καιρὸν</span> <span class='ocrx_word' id='word_1_108' title='bbox 822 1498 916 1550; x_wconf 69' lang='grc' dir='ltr'><strong>καὶ</strong></span> <span class='ocrx_word' id='word_1_109' title='bbox 939 1497 1105 1560; x_wconf 81' lang='grc' dir='ltr'>τύπος</span> <span class='ocrx_word' id='word_1_110' title='bbox 1138 1496 1383 1555; x_wconf 78' lang='grc' dir='ltr'>ἐτελεῖτο,</span> <span class='ocrx_word' id='word_1_111' title='bbox 1416 1494 1477 1547; x_wconf 81' lang='grc' dir='ltr'><strong>τὸ</strong></span> <span class='ocrx_word' id='word_1_112' title='bbox 1526 1494 1755 1547; x_wconf 82' lang='grc' dir='ltr'>παλαιὸν</span> 
     </span>
    </p>
   </div>
   <div class='ocr_carea' id='block_1_17' title="bbox 177 1584 1753 1658">
    <p class='ocr_par' dir='ltr' id='par_1_17' title="bbox 177 1584 1753 1658">
     <span class='ocr_line' id='line_1_17' title="bbox 177 1584 1753 1658; baseline -0.003 -15"><span class='ocrx_word' id='word_1_113' title='bbox 177 1588 388 1657; x_wconf 75' lang='grc' dir='ltr'>Πάσχα,</span> <span class='ocrx_word' id='word_1_114' title='bbox 413 1589 440 1638; x_wconf 86' lang='grc' dir='ltr'><strong>ὃ</strong></span> <span class='ocrx_word' id='word_1_115' title='bbox 476 1590 567 1641; x_wconf 75' lang='grc' dir='ltr'><strong>καὶ</strong></span> <span class='ocrx_word' id='word_1_116' title='bbox 598 1588 941 1658; x_wconf 78' lang='grc' dir='ltr'>διαϐατήριον</span> <span class='ocrx_word' id='word_1_117' title='bbox 966 1586 1178 1656; x_wconf 78' lang='grc' dir='ltr'>εἴρηται</span> <span class='ocrx_word' id='word_1_118' title='bbox 1205 1603 1217 1617; x_wconf 91' lang='grc'><strong>·</strong></span> <span class='ocrx_word' id='word_1_119' title='bbox 1262 1584 1397 1637; x_wconf 73' lang='grc' dir='ltr'>ἀλλὰ</span> <span class='ocrx_word' id='word_1_120' title='bbox 1424 1587 1517 1638; x_wconf 75' lang='grc' dir='ltr'><strong>καὶ</strong></span> <span class='ocrx_word' id='word_1_121' title='bbox 1548 1584 1753 1653; x_wconf 83' lang='grc' dir='ltr'>προϐά-</span> 
     </span>
    </p>
   </div>
   <div class='ocr_carea' id='block_1_18' title="bbox 176 1673 1755 1750">
    <p class='ocr_par' dir='ltr' id='par_1_18' title="bbox 176 1673 1755 1750">
     <span class='ocr_line' id='line_1_18' title="bbox 176 1673 1755 1750; baseline -0.004 -18"><span class='ocrx_word' id='word_1_122' title='bbox 176 1698 265 1732; x_wconf 85' lang='grc' dir='ltr'><strong>τυυ</strong></span> <span class='ocrx_word' id='word_1_123' title='bbox 297 1680 515 1750; x_wconf 78' lang='grc' dir='ltr'>σφαγῆς</span> <span class='ocrx_word' id='word_1_124' title='bbox 543 1678 807 1749; x_wconf 89' lang='grc' dir='ltr'>σύμϐολον</span> <span class='ocrx_word' id='word_1_125' title='bbox 833 1679 1024 1750; x_wconf 81' lang='grc' dir='ltr'>ἔφερεν</span> <span class='ocrx_word' id='word_1_126' title='bbox 1049 1694 1058 1702; x_wconf 95' lang='grc'><strong>·</strong></span> <span class='ocrx_word' id='word_1_127' title='bbox 1101 1676 1234 1729; x_wconf 86' lang='grc' dir='ltr'><strong>άλλά</strong></span> <span class='ocrx_word' id='word_1_128' title='bbox 1261 1677 1353 1729; x_wconf 70' lang='grc' dir='ltr'>καὶ</span> <span class='ocrx_word' id='word_1_129' title='bbox 1388 1674 1594 1746; x_wconf 78' lang='grc' dir='ltr'>τροφῆς</span> <span class='ocrx_word' id='word_1_130' title='bbox 1627 1673 1755 1739; x_wconf 73' lang='grc' dir='ltr'><strong>ἀζύ-</strong></span> 
     </span>
    </p>
   </div>
   <div class='ocr_carea' id='block_1_19' title="bbox 179 1764 1757 1841">
    <p class='ocr_par' dir='ltr' id='par_1_19' title="bbox 179 1764 1757 1841">
     <span class='ocr_line' id='line_1_19' title="bbox 179 1764 1757 1841; baseline -0.003 -22"><span class='ocrx_word' id='word_1_131' title='bbox 179 1787 291 1838; x_wconf 86' lang='grc' dir='ltr'>μων</span> <span class='ocrx_word' id='word_1_132' title='bbox 318 1770 501 1841; x_wconf 84' lang='grc' dir='ltr'>ἇρτων</span> <span class='ocrx_word' id='word_1_133' title='bbox 531 1768 771 1839; x_wconf 74' lang='grc' dir='ltr'>ᾐνίττετο</span> <span class='ocrx_word' id='word_1_134' title='bbox 802 1767 1002 1820; x_wconf 88' lang='grc' dir='ltr'>εἰκόνα.</span> <span class='ocrx_word' id='word_1_135' title='bbox 1029 1767 1212 1819; x_wconf 88' lang='grc' dir='ltr'>Ταῦτα</span> <span class='ocrx_word' id='word_1_136' title='bbox 1235 1766 1290 1817; x_wconf 84' lang='grc' dir='ltr'>δὲ</span> <span class='ocrx_word' id='word_1_137' title='bbox 1324 1766 1415 1818; x_wconf 73' lang='grc' dir='ltr'><strong>ἐπὶ</strong></span> <span class='ocrx_word' id='word_1_138' title='bbox 1438 1764 1533 1827; x_wconf 80' lang='grc' dir='ltr'>τὴν</span> <span class='ocrx_word' id='word_1_139' title='bbox 1580 1765 1757 1833; x_wconf 83' lang='grc' dir='ltr'>σωτή-</span> 
     </span>
    </p>
   </div>
   <div class='ocr_carea' id='block_1_20' title="bbox 1858 570 3437 647">
    <p class='ocr_par' dir='ltr' id='par_1_20' title="bbox 1858 570 3437 647">
     <span class='ocr_line' id='line_1_20' title="bbox 1858 570 3437 647; baseline -0.001 -14"><span class='ocrx_word' id='word_1_140' title='bbox 1858 589 2043 647; x_wconf 83' lang='lat' dir='ltr'><strong>utpote</strong></span> <span class='ocrx_word' id='word_1_141' title='bbox 2082 578 2389 630; x_wconf 75' lang='lat' dir='ltr'><strong>daemonum</strong></span> <span class='ocrx_word' id='word_1_142' title='bbox 2413 574 2632 636; x_wconf 83' lang='lat' dir='ltr'><strong>amicis,</strong></span> <span class='ocrx_word' id='word_1_143' title='bbox 2662 572 2892 627; x_wconf 80' lang='lat' dir='ltr'><strong>exitium</strong></span> <span class='ocrx_word' id='word_1_144' title='bbox 2921 590 2934 635; x_wconf 89' lang='lat'><strong>;</strong></span> <span class='ocrx_word' id='word_1_145' title='bbox 2970 570 3211 630; x_wconf 66' lang='lat' dir='ltr'><strong>Hebraeis</strong></span> <span class='ocrx_word' id='word_1_146' title='bbox 3256 586 3437 632; x_wconf 82' lang='lat' dir='ltr'><strong>autem</strong></span> 
     </span>
    </p>
   </div>
   <div class='ocr_carea' id='block_1_21' title="bbox 1858 665 3438 728">
    <p class='ocr_par' dir='ltr' id='par_1_21' title="bbox 1858 665 3438 728">
     <span class='ocr_line' id='line_1_21' title="bbox 1858 665 3438 728; baseline -0.003 -2"><span class='ocrx_word' id='word_1_147' title='bbox 1858 672 2026 726; x_wconf 88' lang='lat' dir='ltr'><strong>Deum</strong></span> <span class='ocrx_word' id='word_1_148' title='bbox 2062 669 2198 725; x_wconf 80' lang='lat' dir='ltr'><strong>festo</strong></span> <span class='ocrx_word' id='word_1_149' title='bbox 2225 670 2332 721; x_wconf 92' lang='lat' dir='ltr'><strong>ritu</strong></span> <span class='ocrx_word' id='word_1_150' title='bbox 2363 666 2789 728; x_wconf 76' lang='lat' dir='ltr'><strong>celebrantibus,</strong></span> <span class='ocrx_word' id='word_1_151' title='bbox 2810 665 3074 720; x_wconf 87' lang='lat' dir='ltr'><strong>malorum</strong></span> <span class='ocrx_word' id='word_1_152' title='bbox 3104 666 3264 721; x_wconf 81' lang='lat' dir='ltr'><strong>llnem</strong></span> <span class='ocrx_word' id='word_1_153' title='bbox 3298 678 3438 723; x_wconf 87' lang='lat' dir='ltr'><strong>attu-</strong></span> 
     </span>
    </p>
   </div>
   <div class='ocr_carea' id='block_1_22' title="bbox 1854 755 3439 829">
    <p class='ocr_par' dir='ltr' id='par_1_22' title="bbox 1854 755 3439 829">
     <span class='ocr_line' id='line_1_22' title="bbox 1854 755 3439 829; baseline -0.002 -12"><span class='ocrx_word' id='word_1_154' title='bbox 1854 764 1933 817; x_wconf 90' lang='lat' dir='ltr'><strong>lit.</strong></span> <span class='ocrx_word' id='word_1_155' title='bbox 1969 762 2080 817; x_wconf 83' lang='lat' dir='ltr'><strong>Hoc</strong></span> <span class='ocrx_word' id='word_1_156' title='bbox 2123 761 2264 815; x_wconf 88' lang='lat' dir='ltr'><strong>idem</strong></span> <span class='ocrx_word' id='word_1_157' title='bbox 2300 768 2420 813; x_wconf 87' lang='lat' dir='ltr'><strong>erat</strong></span> <span class='ocrx_word' id='word_1_158' title='bbox 2453 759 2578 812; x_wconf 87' lang='lat' dir='ltr'><strong>anni</strong></span> <span class='ocrx_word' id='word_1_159' title='bbox 2612 769 2848 826; x_wconf 89' lang='lat' dir='ltr'><strong>tempus,</strong></span> <span class='ocrx_word' id='word_1_160' title='bbox 2891 755 3033 824; x_wconf 90' lang='lat' dir='ltr'><strong>quod</strong></span> <span class='ocrx_word' id='word_1_161' title='bbox 3069 757 3122 811; x_wconf 89' lang='lat' dir='ltr'><strong>in</strong></span> <span class='ocrx_word' id='word_1_162' title='bbox 3168 759 3439 829; x_wconf 82' lang='lat' dir='ltr'><strong>primitiva</strong></span> 
     </span>
    </p>
   </div>
   <div class='ocr_carea' id='block_1_23' title="bbox 1853 849 3443 921">
    <p class='ocr_par' dir='ltr' id='par_1_23' title="bbox 1853 849 3443 921">
     <span class='ocr_line' id='line_1_23' title="bbox 1853 849 3443 921; baseline -0.002 -12"><span class='ocrx_word' id='word_1_163' title='bbox 1853 856 2018 909; x_wconf 90' lang='lat' dir='ltr'><strong>etiam</strong></span> <span class='ocrx_word' id='word_1_164' title='bbox 2056 854 2290 908; x_wconf 81' lang='lat' dir='ltr'><strong>universi</strong></span> <span class='ocrx_word' id='word_1_165' title='bbox 2329 852 2605 905; x_wconf 88' lang='lat' dir='ltr'><strong>creatione</strong></span> <span class='ocrx_word' id='word_1_166' title='bbox 2651 849 3004 913; x_wconf 87' lang='lat' dir='ltr'><strong>decurrebat,</strong></span> <span class='ocrx_word' id='word_1_167' title='bbox 3047 864 3156 919; x_wconf 89' lang='lat' dir='ltr'><strong>quo</strong></span> <span class='ocrx_word' id='word_1_168' title='bbox 3202 860 3443 921; x_wconf 89' lang='lat' dir='ltr'><strong>tempore</strong></span> 
     </span>
    </p>
   </div>
   <div class='ocr_carea' id='block_1_24' title="bbox 1858 941 3443 1015">
    <p class='ocr_par' dir='ltr' id='par_1_24' title="bbox 1858 941 3443 1015">
     <span class='ocr_line' id='line_1_24' title="bbox 1858 941 3443 1015; baseline -0.003 -14"><span class='ocrx_word' id='word_1_169' title='bbox 1858 957 2002 1001; x_wconf 90' lang='lat' dir='ltr'><strong>terra</strong></span> <span class='ocrx_word' id='word_1_170' title='bbox 2051 945 2392 1015; x_wconf 77' lang='lat' dir='ltr'><strong>germinavit,</strong></span> <span class='ocrx_word' id='word_1_171' title='bbox 2442 952 2495 996; x_wconf 90' lang='lat' dir='ltr'><strong>et</strong></span> <span class='ocrx_word' id='word_1_172' title='bbox 2557 941 2849 995; x_wconf 86' lang='lat' dir='ltr'><strong>luminaria</strong></span> <span class='ocrx_word' id='word_1_173' title='bbox 2903 942 3230 995; x_wconf 79' lang='lat' dir='ltr'><strong>exstiterunt</strong></span> <span class='ocrx_word' id='word_1_174' title='bbox 3277 959 3290 995; x_wconf 89' lang='lat'><strong>:</strong></span> <span class='ocrx_word' id='word_1_175' title='bbox 3335 958 3443 1012; x_wconf 89' lang='lat' dir='ltr'><strong>quo</strong></span> 
     </span>
    </p>
   </div>
   <div class='ocr_carea' id='block_1_25' title="bbox 1855 1032 3441 1105">
    <p class='ocr_par' dir='ltr' id='par_1_25' title="bbox 1855 1032 3441 1105">
     <span class='ocr_line' id='line_1_25' title="bbox 1855 1032 3441 1105; baseline -0.001 -15"><span class='ocrx_word' id='word_1_176' title='bbox 1855 1047 2099 1105; x_wconf 88' lang='lat' dir='ltr'><strong>tempore</strong></span> <span class='ocrx_word' id='word_1_177' title='bbox 2129 1035 2345 1098; x_wconf 64' lang='lat' dir='ltr'><strong>caelum,</strong></span> <span class='ocrx_word' id='word_1_178' title='bbox 2382 1044 2560 1099; x_wconf 86' lang='lat' dir='ltr'><strong>terra,</strong></span> <span class='ocrx_word' id='word_1_179' title='bbox 2602 1040 2657 1085; x_wconf 89' lang='lat' dir='ltr'><strong>et</strong></span> <span class='ocrx_word' id='word_1_180' title='bbox 2695 1032 2878 1085; x_wconf 91' lang='lat' dir='ltr'><strong>omnia</strong></span> <span class='ocrx_word' id='word_1_181' title='bbox 2914 1047 3038 1103; x_wconf 71' lang='lat' dir='ltr'><strong>quae</strong></span> <span class='ocrx_word' id='word_1_182' title='bbox 3075 1034 3128 1085; x_wconf 89' lang='lat' dir='ltr'><strong>iu</strong></span> <span class='ocrx_word' id='word_1_183' title='bbox 3168 1035 3249 1090; x_wconf 89' lang='lat' dir='ltr'><strong>eis</strong></span> <span class='ocrx_word' id='word_1_184' title='bbox 3284 1045 3441 1103; x_wconf 85' lang='lat' dir='ltr'><strong>sunt,</strong></span> 
     </span>
    </p>
   </div>
   <div class='ocr_carea' id='block_1_26' title="bbox 1854 1123 3440 1197">
    <p class='ocr_par' dir='ltr' id='par_1_26' title="bbox 1854 1123 3440 1197">
     <span class='ocr_line' id='line_1_26' title="bbox 1854 1123 3440 1197; baseline -0.001 -14"><span class='ocrx_word' id='word_1_185' title='bbox 1854 1128 2113 1197; x_wconf 88' lang='lat' dir='ltr'><strong>producta</strong></span> <span class='ocrx_word' id='word_1_186' title='bbox 2155 1126 2394 1178; x_wconf 80' lang='lat' dir='ltr'><strong>hteruut.</strong></span> <span class='ocrx_word' id='word_1_187' title='bbox 2428 1123 2539 1178; x_wconf 90' lang='lat' dir='ltr'><strong>Iloc</strong></span> <span class='ocrx_word' id='word_1_188' title='bbox 2568 1125 2684 1193; x_wconf 88' lang='lat' dir='ltr'><strong>ipso</strong></span> <span class='ocrx_word' id='word_1_189' title='bbox 2718 1133 2960 1191; x_wconf 79' lang='lat' dir='ltr'><strong>tempore</strong></span> <span class='ocrx_word' id='word_1_190' title='bbox 2995 1125 3230 1179; x_wconf 84' lang='lat' dir='ltr'><strong>universi</strong></span> <span class='ocrx_word' id='word_1_191' title='bbox 3258 1127 3440 1182; x_wconf 90' lang='lat' dir='ltr'><strong>mundi</strong></span> 
     </span>
    </p>
   </div>
   <div class='ocr_carea' id='block_1_27' title="bbox 1856 1216 3445 1289">
    <p class='ocr_par' dir='ltr' id='par_1_27' title="bbox 1856 1216 3445 1289">
     <span class='ocr_line' id='line_1_27' title="bbox 1856 1216 3445 1289; baseline 0 -15"><span class='ocrx_word' id='word_1_192' title='bbox 1856 1220 2113 1274; x_wconf 88' lang='lat' dir='ltr'><strong>Servator</strong></span> <span class='ocrx_word' id='word_1_193' title='bbox 2144 1216 2504 1271; x_wconf 86' lang='lat' dir='ltr'><strong>solemnitatis</strong></span> <span class='ocrx_word' id='word_1_194' title='bbox 2533 1230 2642 1271; x_wconf 65' lang='lat' dir='ltr'><strong>sua:</strong></span> <span class='ocrx_word' id='word_1_195' title='bbox 2675 1216 2992 1285; x_wconf 77' lang='lat' dir='ltr'><strong>mysterium</strong></span> <span class='ocrx_word' id='word_1_196' title='bbox 3021 1217 3250 1287; x_wconf 89' lang='lat' dir='ltr'><strong>peregit;</strong></span> <span class='ocrx_word' id='word_1_197' title='bbox 3281 1226 3445 1289; x_wconf 87' lang='lat' dir='ltr'><strong>atque</strong></span> 
     </span>
    </p>
   </div>
   <div class='ocr_carea' id='block_1_28' title="bbox 1856 1307 3446 1379">
    <p class='ocr_par' dir='ltr' id='par_1_28' title="bbox 1856 1307 3446 1379">
     <span class='ocr_line' id='line_1_28' title="bbox 1856 1307 3446 1379; baseline 0 -14"><span class='ocrx_word' id='word_1_198' title='bbox 1856 1311 2039 1365; x_wconf 88' lang='lat' dir='ltr'><strong>orbem</strong></span> <span class='ocrx_word' id='word_1_199' title='bbox 2072 1319 2340 1362; x_wconf 87' lang='lat' dir='ltr'><strong>terrarum</strong></span> <span class='ocrx_word' id='word_1_200' title='bbox 2379 1307 2647 1361; x_wconf 85' lang='lat' dir='ltr'><strong>luminare</strong></span> <span class='ocrx_word' id='word_1_201' title='bbox 2688 1322 2939 1371; x_wconf 71' lang='lat' dir='ltr'><strong>magnum</strong></span> <span class='ocrx_word' id='word_1_202' title='bbox 2974 1322 3116 1362; x_wconf 67' lang='lat' dir='ltr'><strong>vera:</strong></span> <span class='ocrx_word' id='word_1_203' title='bbox 3167 1310 3446 1379; x_wconf 76' lang='lat' dir='ltr'><strong>religionis</strong></span> 
     </span>
    </p>
   </div>
   <div class='ocr_carea' id='block_1_29' title="bbox 1856 1399 3446 1472">
    <p class='ocr_par' dir='ltr' id='par_1_29' title="bbox 1856 1399 3446 1472">
     <span class='ocr_line' id='line_1_29' title="bbox 1856 1399 3446 1472; baseline 0.001 -15"><span class='ocrx_word' id='word_1_204' title='bbox 1856 1402 2236 1472; x_wconf 85' lang='lat' dir='ltr'><strong>splendorihus</strong></span> <span class='ocrx_word' id='word_1_205' title='bbox 2266 1400 2592 1461; x_wconf 89' lang='lat' dir='ltr'><strong>illustravit,</strong></span> <span class='ocrx_word' id='word_1_206' title='bbox 2626 1399 2925 1467; x_wconf 77' lang='lat' dir='ltr'><strong>mundique</strong></span> <span class='ocrx_word' id='word_1_207' title='bbox 2974 1400 3155 1455; x_wconf 78' lang='lat' dir='ltr'><strong>natale</strong></span> <span class='ocrx_word' id='word_1_208' title='bbox 3185 1404 3446 1458; x_wconf 81' lang='lat' dir='ltr'><strong>reducere</strong></span> 
     </span>
    </p>
   </div>
   <div class='ocr_carea' id='block_1_30' title="bbox 1855 1490 3446 1559">
    <p class='ocr_par' dir='ltr' id='par_1_30' title="bbox 1855 1490 3446 1559">
     <span class='ocr_line' id='line_1_30' title="bbox 1855 1490 3446 1559; baseline 0.004 -15"><span class='ocrx_word' id='word_1_209' title='bbox 1855 1496 2028 1549; x_wconf 81' lang='lat' dir='ltr'><strong>visum</strong></span> <span class='ocrx_word' id='word_1_210' title='bbox 2064 1502 2168 1548; x_wconf 81' lang='lat' dir='ltr'><strong>est.</strong></span> <span class='ocrx_word' id='word_1_211' title='bbox 2220 1491 2331 1546; x_wconf 88' lang='lat' dir='ltr'><strong>lloc</strong></span> <span class='ocrx_word' id='word_1_212' title='bbox 2366 1501 2611 1559; x_wconf 89' lang='lat' dir='ltr'><strong>tempore</strong></span> <span class='ocrx_word' id='word_1_213' title='bbox 2650 1490 2819 1558; x_wconf 79' lang='lat' dir='ltr'><strong>ﬁgura</strong></span> <span class='ocrx_word' id='word_1_214' title='bbox 2855 1493 3257 1559; x_wconf 79' lang='lat' dir='ltr'><strong>perﬁciebatur,</strong></span> <span class='ocrx_word' id='word_1_215' title='bbox 3291 1505 3446 1551; x_wconf 85' lang='lat' dir='ltr'><strong>vetus</strong></span> 
     </span>
    </p>
   </div>
   <div class='ocr_carea' id='block_1_31' title="bbox 1857 1583 3448 1658">
    <p class='ocr_par' dir='ltr' id='par_1_31' title="bbox 1857 1583 3448 1658">
     <span class='ocr_line' id='line_1_31' title="bbox 1857 1583 3448 1658; baseline -0.001 -17"><span class='ocrx_word' id='word_1_216' title='bbox 1857 1587 2109 1641; x_wconf 82' lang='lat' dir='ltr'><strong>nimirum</strong></span> <span class='ocrx_word' id='word_1_217' title='bbox 2140 1584 2347 1637; x_wconf 84' lang='lat' dir='ltr'><strong>Pascha</strong></span> <span class='ocrx_word' id='word_1_218' title='bbox 2377 1598 2471 1637; x_wconf 90' lang='lat' dir='ltr'><strong>seu</strong></span> <span class='ocrx_word' id='word_1_219' title='bbox 2509 1583 2771 1636; x_wconf 86' lang='lat' dir='ltr'><strong>transitus</strong></span> <span class='ocrx_word' id='word_1_220' title='bbox 2810 1600 2822 1636; x_wconf 90' lang='lat'><strong>:</strong></span> <span class='ocrx_word' id='word_1_221' title='bbox 2858 1583 3080 1653; x_wconf 90' lang='lat' dir='ltr'><strong>insuper</strong></span> <span class='ocrx_word' id='word_1_222' title='bbox 3110 1587 3274 1638; x_wconf 89' lang='lat' dir='ltr'><strong>etiam</strong></span> <span class='ocrx_word' id='word_1_223' title='bbox 3306 1601 3448 1658; x_wconf 84' lang='lat' dir='ltr'><strong>sym-</strong></span> 
     </span>
    </p>
   </div>
   <div class='ocr_carea' id='block_1_32' title="bbox 1855 1673 3446 1745">
    <p class='ocr_par' dir='ltr' id='par_1_32' title="bbox 1855 1673 3446 1745">
     <span class='ocr_line' id='line_1_32' title="bbox 1855 1673 3446 1745; baseline 0.001 -15"><span class='ocrx_word' id='word_1_224' title='bbox 1855 1676 2037 1730; x_wconf 85' lang='lat' dir='ltr'><strong>bolum</strong></span> <span class='ocrx_word' id='word_1_225' title='bbox 2068 1689 2217 1728; x_wconf 59' lang='lat' dir='ltr'><strong>czesx</strong></span> <span class='ocrx_word' id='word_1_226' title='bbox 2242 1675 2359 1728; x_wconf 76' lang='lat' dir='ltr'><strong>ovis</strong></span> <span class='ocrx_word' id='word_1_227' title='bbox 2394 1674 2591 1735; x_wconf 88' lang='lat' dir='ltr'><strong>liehat;</strong></span> <span class='ocrx_word' id='word_1_228' title='bbox 2617 1673 2851 1743; x_wconf 87' lang='lat' dir='ltr'><strong>denique</strong></span> <span class='ocrx_word' id='word_1_229' title='bbox 2889 1676 3065 1745; x_wconf 83' lang='lat' dir='ltr'><strong>azymi</strong></span> <span class='ocrx_word' id='word_1_230' title='bbox 3099 1678 3255 1745; x_wconf 81' lang='lat' dir='ltr'><strong>panis</strong></span> <span class='ocrx_word' id='word_1_231' title='bbox 3297 1692 3446 1741; x_wconf 87' lang='lat' dir='ltr'><strong>esus,</strong></span> 
     </span>
    </p>
   </div>
   <div class='ocr_carea' id='block_1_33' title="bbox 1856 1764 3449 1835">
    <p class='ocr_par' dir='ltr' id='par_1_33' title="bbox 1856 1764 3449 1835">
     <span class='ocr_line' id='line_1_33' title="bbox 1856 1764 3449 1835; baseline 0.003 -17"><span class='ocrx_word' id='word_1_232' title='bbox 1856 1767 2107 1835; x_wconf 75' lang='lat' dir='ltr'><strong>imaginis</strong></span> <span class='ocrx_word' id='word_1_233' title='bbox 2136 1764 2416 1832; x_wconf 86' lang='lat' dir='ltr'><strong>cujusdam</strong></span> <span class='ocrx_word' id='word_1_234' title='bbox 2455 1765 2629 1817; x_wconf 86' lang='lat' dir='ltr'><strong>instar</strong></span> <span class='ocrx_word' id='word_1_235' title='bbox 2655 1774 2792 1818; x_wconf 87' lang='lat' dir='ltr'><strong>erat.</strong></span> <span class='ocrx_word' id='word_1_236' title='bbox 2832 1766 2961 1830; x_wconf 74' lang='lat' dir='ltr'><strong>Quze</strong></span> <span class='ocrx_word' id='word_1_237' title='bbox 3003 1769 3185 1821; x_wconf 87' lang='lat' dir='ltr'><strong>omnia</strong></span> <span class='ocrx_word' id='word_1_238' title='bbox 3217 1769 3267 1822; x_wconf 90' lang='lat' dir='ltr'><strong>in</strong></span> <span class='ocrx_word' id='word_1_239' title='bbox 3321 1769 3449 1823; x_wconf 88' lang='lat' dir='ltr'><strong>Ser-</strong></span> 
     </span>
    </p>
   </div>
   <div class='ocr_carea' id='block_1_34' title="bbox 180 1848 1762 1935">
    <p class='ocr_par' dir='ltr' id='par_1_34' title="bbox 180 1854 1748 1935">
     <span class='ocr_line' id='line_1_34' title="bbox 180 1854 1748 1935; baseline -0.004 -24"><span class='ocrx_word' id='word_1_240' title='bbox 180 1876 290 1929; x_wconf 77' lang='grc' dir='ltr'>ριον</span> <span class='ocrx_word' id='word_1_241' title='bbox 322 1861 516 1935; x_wconf 78' lang='grc' dir='ltr'>ἑορτὴν</span> <span class='ocrx_word' id='word_1_242' title='bbox 562 1859 775 1912; x_wconf 71' lang='grc' dir='ltr'>ἅπαντα</span> <span class='ocrx_word' id='word_1_243' title='bbox 813 1856 1246 1928; x_wconf 80' lang='grc' dir='ltr'>συνεπληροῦτο·</span> <span class='ocrx_word' id='word_1_244' title='bbox 1278 1856 1338 1908; x_wconf 87' lang='grc' dir='ltr'><strong>τό</strong></span> <span class='ocrx_word' id='word_1_245' title='bbox 1359 1872 1415 1908; x_wconf 89' lang='grc' dir='ltr'><strong>τε</strong></span> <span class='ocrx_word' id='word_1_246' title='bbox 1455 1854 1563 1923; x_wconf 82' lang='grc' dir='ltr'><strong>γάρ</strong></span> <span class='ocrx_word' id='word_1_247' title='bbox 1613 1854 1748 1923; x_wconf 81' lang='grc' dir='ltr'>πρό-</span> 
     </span>
    </p>
   </div>
   <div class='ocr_carea' id='block_1_35' title="bbox 1862 1848 3446 1935">
    <p class='ocr_par' dir='ltr' id='par_1_35' title="bbox 1862 1859 3446 1931">
     <span class='ocr_line' id='line_1_35' title="bbox 1862 1859 3446 1931; baseline -0.001 -15"><span class='ocrx_word' id='word_1_248' title='bbox 1862 1864 2053 1916; x_wconf 75' lang='lat' dir='ltr'><strong>rutoris</strong></span> <span class='ocrx_word' id='word_1_249' title='bbox 2104 1861 2451 1916; x_wconf 85' lang='lat' dir='ltr'><strong>solemnitate</strong></span> <span class='ocrx_word' id='word_1_250' title='bbox 2506 1859 2775 1927; x_wconf 87' lang='lat' dir='ltr'><strong>completa</strong></span> <span class='ocrx_word' id='word_1_251' title='bbox 2841 1870 2991 1916; x_wconf 90' lang='lat' dir='ltr'><strong>sunt.</strong></span> <span class='ocrx_word' id='word_1_252' title='bbox 3051 1859 3298 1931; x_wconf 86' lang='lat' dir='ltr'><strong>Namque</strong></span> <span class='ocrx_word' id='word_1_253' title='bbox 3358 1862 3446 1916; x_wconf 87' lang='lat' dir='ltr'><strong>illa</strong></span> 
     </span>
    </p>
   </div>
   <div class='ocr_carea' id='block_1_36' title="bbox 176 1942 1750 2018">
    <p class='ocr_par' dir='ltr' id='par_1_36' title="bbox 176 1942 1750 2018">
     <span class='ocr_line' id='line_1_36' title="bbox 176 1942 1750 2018; baseline -0.002 -19"><span class='ocrx_word' id='word_1_254' title='bbox 176 1949 524 2011; x_wconf 81' lang='grc' dir='ltr'>ϐατοναύτὸς</span> <span class='ocrx_word' id='word_1_255' title='bbox 553 1943 622 2018; x_wconf 81' lang='grc' dir='ltr'>ἦν</span> <span class='ocrx_word' id='word_1_256' title='bbox 656 1946 775 2000; x_wconf 81' lang='grc' dir='ltr'>καθ’</span> <span class='ocrx_word' id='word_1_257' title='bbox 814 1947 841 1999; x_wconf 85' lang='lat'><strong>6</strong></span> <span class='ocrx_word' id='word_1_258' title='bbox 883 1946 1189 2017; x_wconf 81' lang='grc' dir='ltr'>περιέκειτο</span> <span class='ocrx_word' id='word_1_259' title='bbox 1218 1945 1399 2015; x_wconf 86' lang='grc' dir='ltr'>σῶμα.</span> <span class='ocrx_word' id='word_1_260' title='bbox 1437 1944 1605 2007; x_wconf 78' lang='grc' dir='ltr'>Αὐτὸς</span> <span class='ocrx_word' id='word_1_261' title='bbox 1656 1942 1750 1996; x_wconf 73' lang='grc' dir='ltr'><strong>καὶ</strong></span> 
     </span>
    </p>
   </div>
   <div class='ocr_carea' id='block_1_37' title="bbox 177 2037 1747 2111">
    <p class='ocr_par' dir='ltr' id='par_1_37' title="bbox 177 2037 1747 2111">
     <span class='ocr_line' id='line_1_37' title="bbox 177 2037 1747 2111; baseline -0.003 -19"><span class='ocrx_word' id='word_1_262' title='bbox 177 2041 324 2109; x_wconf 76' lang='grc' dir='ltr'>ἥλιος</span> <span class='ocrx_word' id='word_1_263' title='bbox 351 2041 719 2111; x_wconf 80' lang='grc' dir='ltr'><strong>δικαιοσύνης,</strong></span> <span class='ocrx_word' id='word_1_264' title='bbox 752 2040 909 2111; x_wconf 81' lang='grc' dir='ltr'>ἔαρος</span> <span class='ocrx_word' id='word_1_265' title='bbox 940 2040 1074 2109; x_wconf 87' lang='grc' dir='ltr'>δῆτα</span> <span class='ocrx_word' id='word_1_266' title='bbox 1118 2039 1262 2092; x_wconf 86' lang='grc' dir='ltr'>θείου</span> <span class='ocrx_word' id='word_1_267' title='bbox 1327 2039 1419 2091; x_wconf 76' lang='grc' dir='ltr'>καὶ</span> <span class='ocrx_word' id='word_1_268' title='bbox 1477 2037 1747 2109; x_wconf 81' lang='grc' dir='ltr'>σωτηρίου</span> 
     </span>
    </p>
   </div>
   <div class='ocr_carea' id='block_1_38' title="bbox 177 2124 1753 2203">
    <p class='ocr_par' dir='ltr' id='par_1_38' title="bbox 177 2124 1753 2203">
     <span class='ocr_line' id='line_1_38' title="bbox 177 2124 1753 2203; baseline -0.004 -19"><span class='ocrx_word' id='word_1_269' title='bbox 177 2134 384 2203; x_wconf 79' lang='grc' dir='ltr'>τροπῆς</span> <span class='ocrx_word' id='word_1_270' title='bbox 413 2134 524 2187; x_wconf 81' lang='grc' dir='ltr'>ἀπὸ</span> <span class='ocrx_word' id='word_1_271' title='bbox 553 2133 808 2203; x_wconf 76' lang='grc' dir='ltr'>χειρόνων</span> <span class='ocrx_word' id='word_1_272' title='bbox 839 2132 929 2185; x_wconf 77' lang='grc' dir='ltr'>ἐπὶ</span> <span class='ocrx_word' id='word_1_273' title='bbox 962 2131 1028 2184; x_wconf 74' lang='grc' dir='ltr'>τὰ</span> <span class='ocrx_word' id='word_1_274' title='bbox 1056 2132 1286 2201; x_wconf 85' lang='grc' dir='ltr'>κρείττω</span> <span class='ocrx_word' id='word_1_275' title='bbox 1310 2128 1399 2181; x_wconf 74' lang='grc' dir='ltr'><strong>τὸν</strong></span> <span class='ocrx_word' id='word_1_276' title='bbox 1425 2127 1532 2180; x_wconf 86' lang='grc' dir='ltr'><strong>τῶν</strong></span> <span class='ocrx_word' id='word_1_277' title='bbox 1549 2124 1753 2197; x_wconf 74' lang='grc' dir='ltr'><strong>ἀνθρώ⁴</strong></span> 
     </span>
    </p>
   </div>
   <div class='ocr_carea' id='block_1_39' title="bbox 180 2219 1751 2295">
    <p class='ocr_par' dir='ltr' id='par_1_39' title="bbox 180 2219 1751 2295">
     <span class='ocr_line' id='line_1_39' title="bbox 180 2219 1751 2295; baseline -0.006 -17"><span class='ocrx_word' id='word_1_278' title='bbox 180 2243 293 2278; x_wconf 83' lang='grc' dir='ltr'><strong>πων</strong></span> <span class='ocrx_word' id='word_1_279' title='bbox 327 2226 441 2295; x_wconf 87' lang='grc' dir='ltr'>βίον</span> <span class='ocrx_word' id='word_1_280' title='bbox 491 2224 865 2293; x_wconf 82' lang='grc' dir='ltr'>διαλαϐούσης.</span> <span class='ocrx_word' id='word_1_281' title='bbox 895 2222 1209 2291; x_wconf 74' lang='grc' dir='ltr'>Αἰγυπτίων</span> <span class='ocrx_word' id='word_1_282' title='bbox 1238 2221 1334 2291; x_wconf 83' lang='grc' dir='ltr'>μὲν</span> <span class='ocrx_word' id='word_1_283' title='bbox 1362 2219 1607 2287; x_wconf 84' lang='grc' dir='ltr'>δαίμοσιν</span> <span class='ocrx_word' id='word_1_284' title='bbox 1642 2220 1751 2269; x_wconf 88' lang='grc' dir='ltr'><strong>εἰσ⁶</strong></span> 
     </span>
    </p>
   </div>
   <div class='ocr_carea' id='block_1_40' title="bbox 178 2308 1751 2387">
    <p class='ocr_par' dir='ltr' id='par_1_40' title="bbox 178 2308 1751 2387">
     <span class='ocr_line' id='line_1_40' title="bbox 178 2308 1751 2387; baseline -0.008 -16"><span class='ocrx_word' id='word_1_285' title='bbox 178 2320 255 2371; x_wconf 80' lang='grc' dir='ltr'><strong>ἐτι</strong></span> <span class='ocrx_word' id='word_1_286' title='bbox 282 2320 374 2371; x_wconf 75' lang='grc' dir='ltr'>καὶ</span> <span class='ocrx_word' id='word_1_287' title='bbox 417 2318 512 2370; x_wconf 90' lang='grc' dir='ltr'><strong>νῦν</strong></span> <span class='ocrx_word' id='word_1_288' title='bbox 530 2316 773 2386; x_wconf 82' lang='grc' dir='ltr'>θεήλατοι</span> <span class='ocrx_word' id='word_1_289' title='bbox 817 2317 1077 2387; x_wconf 84' lang='grc' dir='ltr'>μάστιγες</span> <span class='ocrx_word' id='word_1_290' title='bbox 1119 2313 1586 2382; x_wconf 81' lang='grc' dir='ltr'>καταπέμπονται,</span> <span class='ocrx_word' id='word_1_291' title='bbox 1630 2308 1751 2362; x_wconf 63' lang='grc' dir='ltr'><strong>λαοὶ¹</strong></span> 
     </span>
    </p>
   </div>
   <div class='ocr_carea' id='block_1_41' title="bbox 178 2399 1750 2478">
    <p class='ocr_par' dir='ltr' id='par_1_41' title="bbox 178 2399 1750 2478">
     <span class='ocr_line' id='line_1_41' title="bbox 178 2399 1750 2478; baseline -0.006 -18"><span class='ocrx_word' id='word_1_292' title='bbox 178 2408 233 2460; x_wconf 77' lang='grc' dir='ltr'>δὲ</span> <span class='ocrx_word' id='word_1_293' title='bbox 266 2406 540 2478; x_wconf 86' lang='grc' dir='ltr'>πανταχοῦ</span> <span class='ocrx_word' id='word_1_294' title='bbox 569 2408 673 2477; x_wconf 89' lang='grc' dir='ltr'><strong>γῆς</strong></span> <span class='ocrx_word' id='word_1_295' title='bbox 700 2408 973 2469; x_wconf 71' lang='grc' dir='ltr'>οἰκοῦντες</span> <span class='ocrx_word' id='word_1_296' title='bbox 1006 2406 1105 2475; x_wconf 83' lang='grc' dir='ltr'>τὴν</span> <span class='ocrx_word' id='word_1_297' title='bbox 1137 2404 1285 2471; x_wconf 86' lang='grc' dir='ltr'>σφῶν</span> <span class='ocrx_word' id='word_1_298' title='bbox 1310 2401 1618 2471; x_wconf 77' lang='grc' dir='ltr'>ἐλευθερίαν</span> <span class='ocrx_word' id='word_1_299' title='bbox 1653 2399 1750 2469; x_wconf 84' lang='grc' dir='ltr'><strong>τὴν</strong></span> 
     </span>
    </p>
   </div>
   <div class='ocr_carea' id='block_1_42' title="bbox 182 2492 1754 2571">
    <p class='ocr_par' dir='ltr' id='par_1_42' title="bbox 182 2492 1754 2571">
     <span class='ocr_line' id='line_1_42' title="bbox 182 2492 1754 2571; baseline -0.007 -18"><span class='ocrx_word' id='word_1_300' title='bbox 182 2503 243 2553; x_wconf 83' lang='grc' dir='ltr'>ὲκ</span> <span class='ocrx_word' id='word_1_301' title='bbox 265 2502 366 2571; x_wconf 83' lang='grc' dir='ltr'><strong>τῆς</strong></span> <span class='ocrx_word' id='word_1_302' title='bbox 416 2498 783 2563; x_wconf 87' lang='grc' dir='ltr'>πολυπλανοῦς</span> <span class='ocrx_word' id='word_1_303' title='bbox 804 2499 1091 2569; x_wconf 83' lang='grc' dir='ltr'>ἀθεότητος</span> <span class='ocrx_word' id='word_1_304' title='bbox 1125 2495 1381 2567; x_wconf 75' lang='grc' dir='ltr'>ὲορτάζου</span> <span class='ocrx_word' id='word_1_305' title='bbox 1392 2512 1461 2545; x_wconf 87' lang='grc' dir='ltr'>σι.</span> <span class='ocrx_word' id='word_1_306' title='bbox 1488 2493 1607 2545; x_wconf 87' lang='grc' dir='ltr'>Τῶν</span> <span class='ocrx_word' id='word_1_307' title='bbox 1631 2492 1754 2543; x_wconf 81' lang='grc' dir='ltr'>λαο-</span> 
     </span>
    </p>
   </div>
   <div class='ocr_carea' id='block_1_43' title="bbox 181 2582 1755 2658">
    <p class='ocr_par' dir='ltr' id='par_1_43' title="bbox 181 2582 1755 2658">
     <span class='ocr_line' id='line_1_43' title="bbox 181 2582 1755 2658; baseline -0.004 -19"><span class='ocrx_word' id='word_1_308' title='bbox 181 2589 397 2641; x_wconf 77' lang='grc' dir='ltr'>πλανῶν</span> <span class='ocrx_word' id='word_1_309' title='bbox 425 2589 482 2641; x_wconf 79' lang='grc' dir='ltr'>δὲ</span> <span class='ocrx_word' id='word_1_310' title='bbox 523 2590 846 2658; x_wconf 83' lang='grc' dir='ltr'>πνευμάτων</span> <span class='ocrx_word' id='word_1_311' title='bbox 897 2586 1261 2656; x_wconf 82' lang='grc' dir='ltr'>πεπαυμένων</span> <span class='ocrx_word' id='word_1_312' title='bbox 1281 2628 1295 2645; x_wconf 80' lang='grc'><strong>,</strong></span> <span class='ocrx_word' id='word_1_313' title='bbox 1354 2584 1446 2636; x_wconf 70' lang='grc' dir='ltr'><strong>καὶ</strong></span> <span class='ocrx_word' id='word_1_314' title='bbox 1490 2582 1755 2654; x_wconf 86' lang='grc' dir='ltr'>χειμῶνος</span> 
     </span>
    </p>
   </div>
   <div class='ocr_carea' id='block_1_44' title="bbox 186 2676 1757 2749">
    <p class='ocr_par' dir='ltr' id='par_1_44' title="bbox 186 2676 1757 2749">
     <span class='ocr_line' id='line_1_44' title="bbox 186 2676 1757 2749; baseline -0.003 -18"><span class='ocrx_word' id='word_1_315' title='bbox 186 2681 389 2745; x_wconf 76' lang='grc' dir='ltr'>κακῶν,</span> <span class='ocrx_word' id='word_1_316' title='bbox 419 2679 620 2733; x_wconf 84' lang='grc' dir='ltr'>καινῶν</span> <span class='ocrx_word' id='word_1_317' title='bbox 654 2678 881 2749; x_wconf 66' lang='grc' dir='ltr'>καρπῶν</span> <span class='ocrx_word' id='word_1_318' title='bbox 925 2678 1151 2749; x_wconf 86' lang='grc' dir='ltr'>εὐφορία</span> <span class='ocrx_word' id='word_1_319' title='bbox 1174 2676 1443 2748; x_wconf 86' lang='grc' dir='ltr'>διαφόροις</span> <span class='ocrx_word' id='word_1_320' title='bbox 1486 2676 1757 2746; x_wconf 82' lang='grc' dir='ltr'>χαρίσμα-</span> 
     </span>
    </p>
   </div>
   <div class='ocr_carea' id='block_1_45' title="bbox 186 2768 1759 2841">
    <p class='ocr_par' dir='ltr' id='par_1_45' title="bbox 186 2768 1759 2841">
     <span class='ocr_line' id='line_1_45' title="bbox 186 2768 1759 2841; baseline -0.003 -17"><span class='ocrx_word' id='word_1_321' title='bbox 186 2787 266 2824; x_wconf 86' lang='grc' dir='ltr'><strong>σιν</strong></span> <span class='ocrx_word' id='word_1_322' title='bbox 296 2771 454 2840; x_wconf 85' lang='grc' dir='ltr'>άγίου</span> <span class='ocrx_word' id='word_1_323' title='bbox 470 2770 786 2841; x_wconf 79' lang='grc' dir='ltr'>Πνεῦματος</span> <span class='ocrx_word' id='word_1_324' title='bbox 809 2770 906 2841; x_wconf 82' lang='grc' dir='ltr'><strong>τήν</strong></span> <span class='ocrx_word' id='word_1_325' title='bbox 957 2770 1280 2840; x_wconf 85' lang='grc' dir='ltr'>Ἐκκλησίαν</span> <span class='ocrx_word' id='word_1_326' title='bbox 1321 2768 1415 2821; x_wconf 87' lang='grc' dir='ltr'><strong>τοῦ</strong></span> <span class='ocrx_word' id='word_1_327' title='bbox 1448 2768 1583 2821; x_wconf 85' lang='grc' dir='ltr'>Θεοῦ</span> <span class='ocrx_word' id='word_1_328' title='bbox 1638 2784 1759 2819; x_wconf 89' lang='grc' dir='ltr'>στε-</span> 
     </span>
    </p>
   </div>
   <div class='ocr_carea' id='block_1_46' title="bbox 184 2858 1793 2932">
    <p class='ocr_par' dir='ltr' id='par_1_46' title="bbox 184 2858 1793 2932">
     <span class='ocr_line' id='line_1_46' title="bbox 184 2858 1793 2932; baseline -0.003 -15"><span class='ocrx_word' id='word_1_329' title='bbox 184 2864 367 2932; x_wconf 79' lang='grc' dir='ltr'>φανοῖ·</span> <span class='ocrx_word' id='word_1_330' title='bbox 398 2863 494 2917; x_wconf 82' lang='grc' dir='ltr'><strong>καί</strong></span> <span class='ocrx_word' id='word_1_331' title='bbox 521 2862 705 2926; x_wconf 84' lang='grc' dir='ltr'>ἁπλῶς</span> <span class='ocrx_word' id='word_1_332' title='bbox 738 2864 845 2915; x_wconf 79' lang='grc' dir='ltr'><strong>πᾶν</strong></span> <span class='ocrx_word' id='word_1_333' title='bbox 874 2862 1028 2930; x_wconf 89' lang='grc' dir='ltr'>γένος</span> <span class='ocrx_word' id='word_1_334' title='bbox 1055 2860 1358 2932; x_wconf 83' lang='grc' dir='ltr'>ἀνθρώπων</span> <span class='ocrx_word' id='word_1_335' title='bbox 1406 2860 1496 2911; x_wconf 74' lang='grc' dir='ltr'><strong>ἐπὶ</strong></span> <span class='ocrx_word' id='word_1_336' title='bbox 1524 2860 1584 2912; x_wconf 85' lang='grc' dir='ltr'>τὸ</span> <span class='ocrx_word' id='word_1_337' title='bbox 1617 2860 1758 2930; x_wconf 81' lang='grc' dir='ltr'>ἡμέ-</span> <span class='ocrx_word' id='word_1_338' title='bbox 1790 2858 1793 2861; x_wconf 55' lang='grc'><strong><em>⁷</em></strong></span> 
     </span>
    </p>
   </div>
   <div class='ocr_carea' id='block_1_47' title="bbox 184 2950 1763 3025">
    <p class='ocr_par' dir='ltr' id='par_1_47' title="bbox 184 2950 1763 3025">
     <span class='ocr_line' id='line_1_47' title="bbox 184 2950 1763 3025; baseline -0.003 -19"><span class='ocrx_word' id='word_1_339' title='bbox 184 2970 336 3024; x_wconf 88' lang='grc' dir='ltr'>τερον</span> <span class='ocrx_word' id='word_1_340' title='bbox 362 2952 759 3024; x_wconf 74' lang='grc' dir='ltr'>μεταϐέϐληται</span> <span class='ocrx_word' id='word_1_341' title='bbox 779 2969 792 2981; x_wconf 91' lang='grc'><strong>·</strong></span> <span class='ocrx_word' id='word_1_342' title='bbox 822 2953 995 3025; x_wconf 81' lang='grc' dir='ltr'>χῶραι</span> <span class='ocrx_word' id='word_1_343' title='bbox 1022 2952 1077 3005; x_wconf 83' lang='grc' dir='ltr'>δὲ</span> <span class='ocrx_word' id='word_1_344' title='bbox 1102 2954 1294 3013; x_wconf 71' lang='grc' dir='ltr'>πᾶσαι,</span> <span class='ocrx_word' id='word_1_345' title='bbox 1320 2952 1454 3021; x_wconf 80' lang='grc' dir='ltr'>πρὸς</span> <span class='ocrx_word' id='word_1_346' title='bbox 1476 2950 1569 3003; x_wconf 87' lang='grc' dir='ltr'><strong>τοῦ</strong></span> <span class='ocrx_word' id='word_1_347' title='bbox 1588 2967 1763 3021; x_wconf 89' lang='grc' dir='ltr'>γεωρ-</span> 
     </span>
    </p>
   </div>
   <div class='ocr_carea' id='block_1_48' title="bbox 185 3042 1761 3115">
    <p class='ocr_par' dir='ltr' id='par_1_48' title="bbox 185 3042 1761 3115">
     <span class='ocr_line' id='line_1_48' title="bbox 185 3042 1761 3115; baseline -0.002 -18"><span class='ocrx_word' id='word_1_348' title='bbox 185 3044 281 3111; x_wconf 81' lang='grc' dir='ltr'><strong>γοῦ</strong></span> <span class='ocrx_word' id='word_1_349' title='bbox 335 3045 503 3113; x_wconf 76' lang='grc' dir='ltr'>Λόγου</span> <span class='ocrx_word' id='word_1_350' title='bbox 547 3044 646 3115; x_wconf 86' lang='grc' dir='ltr'><strong>τῆς</strong></span> <span class='ocrx_word' id='word_1_351' title='bbox 676 3044 813 3098; x_wconf 83' lang='grc' dir='ltr'>κατὰ</span> <span class='ocrx_word' id='word_1_352' title='bbox 865 3043 1041 3115; x_wconf 71' lang='grc' dir='ltr'>ψυχὴν</span> <span class='ocrx_word' id='word_1_353' title='bbox 1091 3044 1365 3113; x_wconf 86' lang='grc' dir='ltr'>γεωργίας</span> <span class='ocrx_word' id='word_1_354' title='bbox 1387 3042 1664 3111; x_wconf 80' lang='grc' dir='ltr'>τυχοῦσαι,</span> <span class='ocrx_word' id='word_1_355' title='bbox 1694 3042 1761 3094; x_wconf 80' lang='grc' dir='ltr'><strong>τά</strong></span> 
     </span>
    </p>
   </div>
   <div class='ocr_carea' id='block_1_49' title="bbox 1853 1952 3446 2020">
    <p class='ocr_par' dir='ltr' id='par_1_49' title="bbox 1853 1952 3446 2020">
     <span class='ocr_line' id='line_1_49' title="bbox 1853 1952 3446 2020; baseline -0.001 -12"><span class='ocrx_word' id='word_1_356' title='bbox 1853 1955 1991 2019; x_wconf 89' lang='lat' dir='ltr'><strong>ovis,</strong></span> <span class='ocrx_word' id='word_1_357' title='bbox 2052 1954 2165 2015; x_wconf 86' lang='lat' dir='ltr'><strong>ipse</strong></span> <span class='ocrx_word' id='word_1_358' title='bbox 2219 1963 2357 2014; x_wconf 87' lang='lat' dir='ltr'><strong>erat,</strong></span> <span class='ocrx_word' id='word_1_359' title='bbox 2404 1962 2673 2020; x_wconf 87' lang='lat' dir='ltr'><strong>quatenus</strong></span> <span class='ocrx_word' id='word_1_360' title='bbox 2739 1966 2939 2020; x_wconf 84' lang='lat' dir='ltr'><strong>corpus</strong></span> <span class='ocrx_word' id='word_1_361' title='bbox 3001 1952 3446 2020; x_wconf 80' lang='lat' dir='ltr'><strong>cireumpositum</strong></span> 
     </span>
    </p>
   </div>
   <div class='ocr_carea' id='block_1_50' title="bbox 1853 2042 3449 2113">
    <p class='ocr_par' dir='ltr' id='par_1_50' title="bbox 1853 2042 3449 2113">
     <span class='ocr_line' id='line_1_50' title="bbox 1853 2042 3449 2113; baseline 0 -14"><span class='ocrx_word' id='word_1_362' title='bbox 1853 2046 2109 2100; x_wconf 67' lang='lat' dir='ltr'><strong>habebat.</strong></span> <span class='ocrx_word' id='word_1_363' title='bbox 2142 2046 2259 2113; x_wconf 88' lang='lat' dir='ltr'><strong>Ipse</strong></span> <span class='ocrx_word' id='word_1_364' title='bbox 2295 2044 2458 2097; x_wconf 83' lang='lat' dir='ltr'><strong>etiam</strong></span> <span class='ocrx_word' id='word_1_365' title='bbox 2488 2043 2568 2095; x_wconf 86' lang='lat' dir='ltr'><strong>sol</strong></span> <span class='ocrx_word' id='word_1_366' title='bbox 2590 2042 2816 2108; x_wconf 76' lang='lat' dir='ltr'><strong>justitia:</strong></span> <span class='ocrx_word' id='word_1_367' title='bbox 2843 2086 2857 2108; x_wconf 96' lang='lat'><strong>,</strong></span> <span class='ocrx_word' id='word_1_368' title='bbox 2896 2057 3021 2097; x_wconf 86' lang='lat' dir='ltr'><strong>cum</strong></span> <span class='ocrx_word' id='word_1_369' title='bbox 3052 2044 3163 2112; x_wconf 85' lang='lat' dir='ltr'><strong>jam</strong></span> <span class='ocrx_word' id='word_1_370' title='bbox 3195 2061 3289 2097; x_wconf 88' lang='lat' dir='ltr'><strong>ver</strong></span> <span class='ocrx_word' id='word_1_371' title='bbox 3314 2046 3449 2099; x_wconf 81' lang='lat' dir='ltr'><strong>divi-</strong></span> 
     </span>
    </p>
   </div>
   <div class='ocr_carea' id='block_1_51' title="bbox 1856 2136 3446 2206">
    <p class='ocr_par' dir='ltr' id='par_1_51' title="bbox 1856 2136 3446 2206">
     <span class='ocr_line' id='line_1_51' title="bbox 1856 2136 3446 2206; baseline 0.001 -15"><span class='ocrx_word' id='word_1_372' title='bbox 1856 2155 1939 2191; x_wconf 83' lang='lat' dir='ltr'><strong>me</strong></span> <span class='ocrx_word' id='word_1_373' title='bbox 1969 2138 2329 2206; x_wconf 78' lang='lat' dir='ltr'><strong>salutarisque</strong></span> <span class='ocrx_word' id='word_1_374' title='bbox 2362 2136 2744 2191; x_wconf 87' lang='lat' dir='ltr'><strong>conversionis</strong></span> <span class='ocrx_word' id='word_1_375' title='bbox 2772 2150 2802 2188; x_wconf 91' lang='lat' dir='ltr'><strong>a</strong></span> <span class='ocrx_word' id='word_1_376' title='bbox 2840 2136 3205 2191; x_wconf 83' lang='lat' dir='ltr'><strong>deterioribus</strong></span> <span class='ocrx_word' id='word_1_377' title='bbox 3248 2138 3301 2190; x_wconf 89' lang='lat' dir='ltr'><strong>in</strong></span> <span class='ocrx_word' id='word_1_378' title='bbox 3330 2153 3446 2192; x_wconf 89' lang='lat' dir='ltr'><strong>me-</strong></span> 
     </span>
    </p>
   </div>
   <div class='ocr_carea' id='block_1_52' title="bbox 1855 2226 3445 2299">
    <p class='ocr_par' dir='ltr' id='par_1_52' title="bbox 1855 2226 3445 2299">
     <span class='ocr_line' id='line_1_52' title="bbox 1855 2226 3445 2299; baseline -0.001 -16"><span class='ocrx_word' id='word_1_379' title='bbox 1855 2231 2013 2291; x_wconf 86' lang='lat' dir='ltr'><strong>liora.</strong></span> <span class='ocrx_word' id='word_1_380' title='bbox 2054 2230 2331 2283; x_wconf 85' lang='lat' dir='ltr'><strong>hominum</strong></span> <span class='ocrx_word' id='word_1_381' title='bbox 2380 2226 2622 2282; x_wconf 89' lang='lat' dir='ltr'><strong>moribus</strong></span> <span class='ocrx_word' id='word_1_382' title='bbox 2667 2229 3004 2297; x_wconf 84' lang='lat' dir='ltr'><strong>supervenit.</strong></span> <span class='ocrx_word' id='word_1_383' title='bbox 3069 2227 3445 2299; x_wconf 67' lang='lat' dir='ltr'><strong>Egyptiorum</strong></span> 
     </span>
    </p>
   </div>
   <div class='ocr_carea' id='block_1_53' title="bbox 1855 2319 3442 2390">
    <p class='ocr_par' dir='ltr' id='par_1_53' title="bbox 1855 2319 3442 2390">
     <span class='ocr_line' id='line_1_53' title="bbox 1855 2319 3442 2390; baseline 0 -17"><span class='ocrx_word' id='word_1_384' title='bbox 1855 2322 2042 2390; x_wconf 89' lang='lat' dir='ltr'><strong>utique</strong></span> <span class='ocrx_word' id='word_1_385' title='bbox 2082 2322 2418 2374; x_wconf 63' lang='lat' dir='ltr'><strong>dmntonibus</strong></span> <span class='ocrx_word' id='word_1_386' title='bbox 2476 2334 2624 2372; x_wconf 87' lang='lat' dir='ltr'><strong>nunc</strong></span> <span class='ocrx_word' id='word_1_387' title='bbox 2656 2320 2821 2371; x_wconf 83' lang='lat' dir='ltr'><strong>etiam</strong></span> <span class='ocrx_word' id='word_1_388' title='bbox 2865 2319 3036 2389; x_wconf 77' lang='lat' dir='ltr'><strong>plaga:</strong></span> <span class='ocrx_word' id='word_1_389' title='bbox 3066 2321 3442 2388; x_wconf 90' lang='lat' dir='ltr'><strong>imponuntur,</strong></span> 
     </span>
    </p>
   </div>
   <div class='ocr_carea' id='block_1_54' title="bbox 1858 2411 3446 2483">
    <p class='ocr_par' dir='ltr' id='par_1_54' title="bbox 1858 2411 3446 2483">
     <span class='ocr_line' id='line_1_54' title="bbox 1858 2411 3446 2483; baseline 0 -17"><span class='ocrx_word' id='word_1_390' title='bbox 1858 2414 2038 2483; x_wconf 83' lang='lat' dir='ltr'><strong>pOpuli</strong></span> <span class='ocrx_word' id='word_1_391' title='bbox 2066 2414 2264 2482; x_wconf 89' lang='lat' dir='ltr'><strong>ubique</strong></span> <span class='ocrx_word' id='word_1_392' title='bbox 2298 2422 2569 2466; x_wconf 89' lang='lat' dir='ltr'><strong>terrarum</strong></span> <span class='ocrx_word' id='word_1_393' title='bbox 2607 2411 2911 2465; x_wconf 88' lang='lat' dir='ltr'><strong>incolentes</strong></span> <span class='ocrx_word' id='word_1_394' title='bbox 2939 2412 3251 2466; x_wconf 86' lang='lat' dir='ltr'><strong>libertatem</strong></span> <span class='ocrx_word' id='word_1_395' title='bbox 3293 2428 3446 2466; x_wconf 89' lang='lat' dir='ltr'><strong>suam</strong></span> 
     </span>
    </p>
   </div>
   <div class='ocr_carea' id='block_1_55' title="bbox 1857 2503 3449 2571">
    <p class='ocr_par' dir='ltr' id='par_1_55' title="bbox 1857 2503 3449 2571">
     <span class='ocr_line' id='line_1_55' title="bbox 1857 2503 3449 2571; baseline 0.002 -13"><span class='ocrx_word' id='word_1_396' title='bbox 1857 2523 1884 2558; x_wconf 90' lang='lat' dir='ltr'><strong>a</strong></span> <span class='ocrx_word' id='word_1_397' title='bbox 1938 2505 2260 2559; x_wconf 80' lang='lat' dir='ltr'><strong>multiformi</strong></span> <span class='ocrx_word' id='word_1_398' title='bbox 2320 2503 2741 2571; x_wconf 85' lang='lat' dir='ltr'><strong>irreligiositatis</strong></span> <span class='ocrx_word' id='word_1_399' title='bbox 2774 2516 2963 2555; x_wconf 87' lang='lat' dir='ltr'><strong>errore</strong></span> <span class='ocrx_word' id='word_1_400' title='bbox 3018 2503 3263 2558; x_wconf 85' lang='lat' dir='ltr'><strong>hilariter</strong></span> <span class='ocrx_word' id='word_1_401' title='bbox 3306 2505 3449 2561; x_wconf 80' lang='lat' dir='ltr'><strong>celo-</strong></span> 
     </span>
    </p>
   </div>
   <div class='ocr_carea' id='block_1_56' title="bbox 1858 2594 3557 2664">
    <p class='ocr_par' dir='ltr' id='par_1_56' title="bbox 1858 2594 3557 2664">
     <span class='ocr_line' id='line_1_56' title="bbox 1858 2594 3557 2664; baseline -0.001 -13"><span class='ocrx_word' id='word_1_402' title='bbox 1858 2599 2036 2651; x_wconf 85' lang='lat' dir='ltr'><strong>hrant.</strong></span> <span class='ocrx_word' id='word_1_403' title='bbox 2109 2596 2446 2663; x_wconf 84' lang='lat' dir='ltr'><strong>Compressis</strong></span> <span class='ocrx_word' id='word_1_404' title='bbox 2491 2608 2620 2663; x_wconf 83' lang='lat' dir='ltr'><strong>ergo</strong></span> <span class='ocrx_word' id='word_1_405' title='bbox 2676 2594 3060 2662; x_wconf 88' lang='lat' dir='ltr'><strong>deceptorihus</strong></span> <span class='ocrx_word' id='word_1_406' title='bbox 3126 2597 3445 2664; x_wconf 91' lang='lat' dir='ltr'><strong>populorum</strong></span> <span class='ocrx_word' id='word_1_407' title='bbox 3554 2653 3557 2659; x_wconf 68' lang='grc'><strong>,</strong></span> 
     </span>
    </p>
   </div>
   <div class='ocr_carea' id='block_1_57' title="bbox 1858 2686 3445 2759">
    <p class='ocr_par' dir='ltr' id='par_1_57' title="bbox 1858 2686 3445 2759">
     <span class='ocr_line' id='line_1_57' title="bbox 1858 2686 3445 2759; baseline 0.001 -17"><span class='ocrx_word' id='word_1_408' title='bbox 1858 2689 2140 2759; x_wconf 83' lang='lat' dir='ltr'><strong>spiritibus</strong></span> <span class='ocrx_word' id='word_1_409' title='bbox 2180 2698 2234 2742; x_wconf 91' lang='lat' dir='ltr'><strong>et</strong></span> <span class='ocrx_word' id='word_1_410' title='bbox 2282 2688 2547 2742; x_wconf 89' lang='lat' dir='ltr'><strong>malorum</strong></span> <span class='ocrx_word' id='word_1_411' title='bbox 2605 2687 2805 2747; x_wconf 89' lang='lat' dir='ltr'><strong>hieme,</strong></span> <span class='ocrx_word' id='word_1_412' title='bbox 2856 2702 3116 2741; x_wconf 83' lang='lat' dir='ltr'><strong>novorum</strong></span> <span class='ocrx_word' id='word_1_413' title='bbox 3168 2686 3445 2743; x_wconf 83' lang='lat' dir='ltr'><strong>fructuum</strong></span> 
     </span>
    </p>
   </div>
   <div class='ocr_carea' id='block_1_58' title="bbox 1861 2778 3447 2848">
    <p class='ocr_par' dir='ltr' id='par_1_58' title="bbox 1861 2778 3447 2848">
     <span class='ocr_line' id='line_1_58' title="bbox 1861 2778 3447 2848; baseline 0.001 -14"><span class='ocrx_word' id='word_1_414' title='bbox 1861 2783 2075 2834; x_wconf 86' lang='lat' dir='ltr'><strong>ubertas</strong></span> <span class='ocrx_word' id='word_1_415' title='bbox 2098 2780 2262 2833; x_wconf 88' lang='lat' dir='ltr'><strong>variis</strong></span> <span class='ocrx_word' id='word_1_416' title='bbox 2307 2780 2479 2833; x_wconf 85' lang='lat' dir='ltr'><strong>sancti</strong></span> <span class='ocrx_word' id='word_1_417' title='bbox 2531 2779 2771 2848; x_wconf 89' lang='lat' dir='ltr'><strong>Spiritus</strong></span> <span class='ocrx_word' id='word_1_418' title='bbox 2816 2779 2973 2833; x_wconf 90' lang='lat' dir='ltr'><strong>donis</strong></span> <span class='ocrx_word' id='word_1_419' title='bbox 3010 2778 3103 2832; x_wconf 85' lang='lat' dir='ltr'><strong>Dei</strong></span> <span class='ocrx_word' id='word_1_420' title='bbox 3144 2778 3447 2835; x_wconf 83' lang='lat' dir='ltr'><strong>Ecclesiam</strong></span> 
     </span>
    </p>
   </div>
   <div class='ocr_carea' id='block_1_59' title="bbox 1860 2869 3447 2940">
    <p class='ocr_par' dir='ltr' id='par_1_59' title="bbox 1860 2869 3447 2940">
     <span class='ocr_line' id='line_1_59' title="bbox 1860 2869 3447 2940; baseline 0 -15"><span class='ocrx_word' id='word_1_421' title='bbox 1860 2881 2127 2937; x_wconf 78' lang='lat' dir='ltr'><strong>exornat;</strong></span> <span class='ocrx_word' id='word_1_422' title='bbox 2184 2880 2348 2940; x_wconf 82' lang='lat' dir='ltr'><strong>atque</strong></span> <span class='ocrx_word' id='word_1_423' title='bbox 2402 2878 2463 2924; x_wconf 87' lang='lat' dir='ltr'><strong>ut</strong></span> <span class='ocrx_word' id='word_1_424' title='bbox 2516 2870 2831 2924; x_wconf 87' lang='lat' dir='ltr'><strong>summatim</strong></span> <span class='ocrx_word' id='word_1_425' title='bbox 2883 2869 3086 2935; x_wconf 86' lang='lat' dir='ltr'><strong>dicam,</strong></span> <span class='ocrx_word' id='word_1_426' title='bbox 3134 2872 3447 2927; x_wconf 64' lang='lat' dir='ltr'><strong>universum</strong></span> 
     </span>
    </p>
   </div>
   <div class='ocr_carea' id='block_1_60' title="bbox 1862 2962 3446 3032">
    <p class='ocr_par' dir='ltr' id='par_1_60' title="bbox 1862 2962 3446 3032">
     <span class='ocr_line' id='line_1_60' title="bbox 1862 2962 3446 3032; baseline -0.001 -14"><span class='ocrx_word' id='word_1_427' title='bbox 1862 2964 2143 3018; x_wconf 86' lang='lat' dir='ltr'><strong>hominum</strong></span> <span class='ocrx_word' id='word_1_428' title='bbox 2194 2978 2365 3032; x_wconf 82' lang='lat' dir='ltr'><strong>genus</strong></span> <span class='ocrx_word' id='word_1_429' title='bbox 2420 2962 2487 3017; x_wconf 84' lang='lat' dir='ltr'><strong>ad</strong></span> <span class='ocrx_word' id='word_1_430' title='bbox 2551 2970 2737 3029; x_wconf 82' lang='lat' dir='ltr'><strong>partes</strong></span> <span class='ocrx_word' id='word_1_431' title='bbox 2813 2972 3031 3017; x_wconf 88' lang='lat' dir='ltr'><strong>nostras</strong></span> <span class='ocrx_word' id='word_1_432' title='bbox 3114 2963 3446 3022; x_wconf 79' lang='lat' dir='ltr'><strong>transilivit;</strong></span> 
     </span>
    </p>
   </div>
   <div class='ocr_carea' id='block_1_61' title="bbox 1862 3054 3449 3127">
    <p class='ocr_par' dir='ltr' id='par_1_61' title="bbox 1862 3054 3449 3127">
     <span class='ocr_line' id='line_1_61' title="bbox 1862 3054 3449 3127; baseline 0 -17"><span class='ocrx_word' id='word_1_433' title='bbox 1862 3065 2072 3111; x_wconf 70' lang='lat' dir='ltr'><strong>cuncta:</strong></span> <span class='ocrx_word' id='word_1_434' title='bbox 2104 3056 2355 3127; x_wconf 88' lang='lat' dir='ltr'><strong>regiones</strong></span> <span class='ocrx_word' id='word_1_435' title='bbox 2380 3070 2409 3108; x_wconf 92' lang='lat' dir='ltr'><strong>a</strong></span> <span class='ocrx_word' id='word_1_436' title='bbox 2448 3055 2627 3109; x_wconf 80' lang='lat' dir='ltr'><strong>Verbo</strong></span> <span class='ocrx_word' id='word_1_437' title='bbox 2656 3054 2893 3123; x_wconf 84' lang='lat' dir='ltr'><strong>agricola</strong></span> <span class='ocrx_word' id='word_1_438' title='bbox 2941 3057 3136 3108; x_wconf 69' lang='lat' dir='ltr'><strong>anima:</strong></span> <span class='ocrx_word' id='word_1_439' title='bbox 3181 3055 3449 3110; x_wconf 82' lang='lat' dir='ltr'><strong>culturam</strong></span> 
     </span>
    </p>
   </div>
   <div class='ocr_carea' id='block_1_62' title="bbox 186 3134 1762 3218">
    <p class='ocr_par' dir='ltr' id='par_1_62' title="bbox 186 3134 1761 3208">
     <span class='ocr_line' id='line_1_62' title="bbox 186 3134 1761 3208; baseline -0.001 -21"><span class='ocrx_word' id='word_1_440' title='bbox 186 3136 357 3207; x_wconf 81' lang='grc' dir='ltr'>ὡραῖα</span> <span class='ocrx_word' id='word_1_441' title='bbox 397 3136 494 3208; x_wconf 88' lang='grc' dir='ltr'><strong>τῆς</strong></span> <span class='ocrx_word' id='word_1_442' title='bbox 536 3136 736 3207; x_wconf 83' lang='grc' dir='ltr'>ἀρετῆς</span> <span class='ocrx_word' id='word_1_443' title='bbox 777 3134 911 3205; x_wconf 79' lang='grc' dir='ltr'>ἄνθη</span> <span class='ocrx_word' id='word_1_444' title='bbox 944 3135 1372 3207; x_wconf 83' lang='grc' dir='ltr'>βεϐλαστήκασιν</span> <span class='ocrx_word' id='word_1_445' title='bbox 1399 3152 1413 3166; x_wconf 78' lang='grc' dir='ltr'><strong>ο</strong></span> <span class='ocrx_word' id='word_1_446' title='bbox 1471 3134 1606 3188; x_wconf 77' lang='grc' dir='ltr'>ἀλλὰ</span> <span class='ocrx_word' id='word_1_447' title='bbox 1668 3134 1761 3186; x_wconf 77' lang='grc' dir='ltr'><strong>καὶ</strong></span> 
     </span>
    </p>
   </div>
   <div class='ocr_carea' id='block_1_63' title="bbox 1862 3134 3451 3218">
    <p class='ocr_par' dir='ltr' id='par_1_63' title="bbox 1865 3147 3451 3218">
     <span class='ocr_line' id='line_1_63' title="bbox 1865 3147 3451 3218; baseline -0.001 -14"><span class='ocrx_word' id='word_1_448' title='bbox 1865 3159 2122 3218; x_wconf 68' lang='lat' dir='ltr'><strong>expertae,</strong></span> <span class='ocrx_word' id='word_1_449' title='bbox 2148 3148 2407 3218; x_wconf 87' lang='lat' dir='ltr'><strong>pulchros</strong></span> <span class='ocrx_word' id='word_1_450' title='bbox 2432 3148 2653 3203; x_wconf 91' lang='lat' dir='ltr'><strong>virtutis</strong></span> <span class='ocrx_word' id='word_1_451' title='bbox 2677 3147 2839 3203; x_wconf 81' lang='lat' dir='ltr'><strong>ﬂores</strong></span> <span class='ocrx_word' id='word_1_452' title='bbox 2865 3147 3239 3218; x_wconf 89' lang='lat' dir='ltr'><strong>germinarunt</strong></span> <span class='ocrx_word' id='word_1_453' title='bbox 3275 3165 3291 3202; x_wconf 91' lang='lat'><strong>:</strong></span> <span class='ocrx_word' id='word_1_454' title='bbox 3326 3163 3451 3202; x_wconf 85' lang='lat' dir='ltr'><strong>nos-</strong></span> 
     </span>
    </p>
   </div>
   <div class='ocr_carea' id='block_1_64' title="bbox 188 3215 1762 3311">
    <p class='ocr_par' dir='ltr' id='par_1_64' title="bbox 188 3225 1755 3298">
     <span class='ocr_line' id='line_1_64' title="bbox 188 3225 1755 3298; baseline 0 -19"><span class='ocrx_word' id='word_1_455' title='bbox 188 3230 291 3281; x_wconf 83' lang='grc' dir='ltr'><strong>τῶν</strong></span> <span class='ocrx_word' id='word_1_456' title='bbox 314 3228 409 3283; x_wconf 88' lang='grc' dir='ltr'><strong>τοῦ</strong></span> <span class='ocrx_word' id='word_1_457' title='bbox 456 3230 679 3291; x_wconf 85' lang='grc' dir='ltr'>σκότους</span> <span class='ocrx_word' id='word_1_458' title='bbox 718 3227 901 3281; x_wconf 85' lang='grc' dir='ltr'>κακῶν</span> <span class='ocrx_word' id='word_1_459' title='bbox 948 3227 1405 3298; x_wconf 76' lang='grc' dir='ltr'>ἠλευθερωμένοι,</span> <span class='ocrx_word' id='word_1_460' title='bbox 1467 3226 1643 3296; x_wconf 86' lang='grc' dir='ltr'>φωτὸς</span> <span class='ocrx_word' id='word_1_461' title='bbox 1696 3225 1755 3279; x_wconf 80' lang='grc' dir='ltr'>ὲν</span> 
     </span>
    </p>
   </div>
   <div class='ocr_carea' id='block_1_65' title="bbox 1862 3215 3450 3311">
    <p class='ocr_par' dir='ltr' id='par_1_65' title="bbox 1862 3215 3450 3311">
     <span class='ocr_line' id='line_1_65' title="bbox 1862 3215 3450 3311; baseline 0.003 -18"><span class='ocrx_word' id='word_1_462' title='bbox 1862 3215 1963 3311; x_wconf 83' lang='lat' dir='ltr'><strong>que</strong></span> <span class='ocrx_word' id='word_1_463' title='bbox 2014 3215 2250 3296; x_wconf 78' lang='lat' dir='ltr'><strong>tenebris</strong></span> <span class='ocrx_word' id='word_1_464' title='bbox 2309 3243 2577 3295; x_wconf 89' lang='lat' dir='ltr'><strong>malorum</strong></span> <span class='ocrx_word' id='word_1_465' title='bbox 2640 3215 3029 3307; x_wconf 44' lang='lat' dir='ltr'><strong>erepti,—Iuce</strong></span> <span class='ocrx_word' id='word_1_466' title='bbox 3080 3241 3225 3310; x_wconf 89' lang='lat' dir='ltr'><strong>digni</strong></span> <span class='ocrx_word' id='word_1_467' title='bbox 3279 3240 3450 3297; x_wconf 84' lang='lat' dir='ltr'><strong>habiti</strong></span> 
     </span>
    </p>
   </div>
   <div class='ocr_carea' id='block_1_66' title="bbox 190 3320 1274 3393">
    <p class='ocr_par' dir='ltr' id='par_1_66' title="bbox 190 3320 1274 3393">
     <span class='ocr_line' id='line_1_66' title="bbox 190 3320 1274 3393; baseline -0.003 -18"><span class='ocrx_word' id='word_1_468' title='bbox 190 3322 364 3393; x_wconf 66' lang='grc' dir='ltr'>ἡμέρα</span> <span class='ocrx_word' id='word_1_469' title='bbox 390 3321 525 3375; x_wconf 86' lang='grc' dir='ltr'>Θεοῦ</span> <span class='ocrx_word' id='word_1_470' title='bbox 549 3320 802 3391; x_wconf 86' lang='grc' dir='ltr'>γνώσεως</span> <span class='ocrx_word' id='word_1_471' title='bbox 840 3320 1274 3391; x_wconf 82' lang='grc' dir='ltr'>κατηξιώθημεν.</span> 
     </span>
    </p>
   </div>
   <div class='ocr_carea' id='block_1_67' title="bbox 262 3411 1757 3485">
    <p class='ocr_par' dir='ltr' id='par_1_67' title="bbox 262 3411 1757 3485">
     <span class='ocr_line' id='line_1_67' title="bbox 262 3411 1757 3485; baseline 0.001 -18"><span class='ocrx_word' id='word_1_472' title='bbox 262 3415 322 3467; x_wconf 82' lang='grc' dir='ltr'><strong>δ’.</strong></span> <span class='ocrx_word' id='word_1_473' title='bbox 339 3412 573 3467; x_wconf 84' lang='grc' dir='ltr'>Τοιαῦτα</span> <span class='ocrx_word' id='word_1_474' title='bbox 603 3412 672 3465; x_wconf 83' lang='grc' dir='ltr'>τὰ</span> <span class='ocrx_word' id='word_1_475' title='bbox 691 3412 850 3466; x_wconf 79' lang='grc' dir='ltr'>καινὰ</span> <span class='ocrx_word' id='word_1_476' title='bbox 869 3411 1165 3483; x_wconf 82' lang='grc' dir='ltr'>μαθήματα</span> <span class='ocrx_word' id='word_1_477' title='bbox 1190 3413 1355 3466; x_wconf 87' lang='grc' dir='ltr'>πάλαι</span> <span class='ocrx_word' id='word_1_478' title='bbox 1376 3412 1472 3484; x_wconf 83' lang='grc' dir='ltr'>μὲν</span> <span class='ocrx_word' id='word_1_479' title='bbox 1500 3412 1585 3468; x_wconf 81' lang='grc' dir='ltr'>διὰ</span> <span class='ocrx_word' id='word_1_480' title='bbox 1619 3432 1757 3485; x_wconf 85' lang='grc' dir='ltr'>συμ-</span> 
     </span>
    </p>
   </div>
   <div class='ocr_carea' id='block_1_68' title="bbox 191 3504 1761 3576">
    <p class='ocr_par' dir='ltr' id='par_1_68' title="bbox 191 3504 1761 3576">
     <span class='ocr_line' id='line_1_68' title="bbox 191 3504 1761 3576; baseline 0.001 -17"><span class='ocrx_word' id='word_1_481' title='bbox 191 3505 352 3559; x_wconf 86' lang='grc' dir='ltr'>ϐόλων</span> <span class='ocrx_word' id='word_1_482' title='bbox 395 3505 819 3576; x_wconf 81' lang='grc' dir='ltr'>ὲπεσκιασμένα,</span> <span class='ocrx_word' id='word_1_483' title='bbox 874 3505 1066 3558; x_wconf 80' lang='grc' dir='ltr'>νεωστί</span> <span class='ocrx_word' id='word_1_484' title='bbox 1116 3504 1171 3557; x_wconf 82' lang='grc' dir='ltr'>δὲ</span> <span class='ocrx_word' id='word_1_485' title='bbox 1202 3507 1282 3567; x_wconf 85' lang='grc' dir='ltr'><strong>εἰς</strong></span> <span class='ocrx_word' id='word_1_486' title='bbox 1314 3505 1429 3574; x_wconf 86' lang='grc' dir='ltr'><strong>φῶς</strong></span> <span class='ocrx_word' id='word_1_487' title='bbox 1489 3508 1761 3560; x_wconf 83' lang='grc' dir='ltr'>ἀνακεκα-</span> 
     </span>
    </p>
   </div>
   <div class='ocr_carea' id='block_1_69' title="bbox 192 3595 1761 3669">
    <p class='ocr_par' dir='ltr' id='par_1_69' title="bbox 192 3595 1761 3669">
     <span class='ocr_line' id='line_1_69' title="bbox 192 3595 1761 3669; baseline 0.009 -22"><span class='ocrx_word' id='word_1_488' title='bbox 192 3596 451 3667; x_wconf 74' lang='grc' dir='ltr'>λυμμὲνα.</span> <span class='ocrx_word' id='word_1_489' title='bbox 484 3599 595 3651; x_wconf 75' lang='grc' dir='ltr'>Καὶ</span> <span class='ocrx_word' id='word_1_490' title='bbox 621 3598 684 3669; x_wconf 85' lang='grc' dir='ltr'>δὴ</span> <span class='ocrx_word' id='word_1_491' title='bbox 713 3598 809 3651; x_wconf 78' lang='grc' dir='ltr'><strong>καὶ</strong></span> <span class='ocrx_word' id='word_1_492' title='bbox 836 3599 998 3667; x_wconf 74' lang='grc' dir='ltr'>ἡμεῖς</span> <span class='ocrx_word' id='word_1_493' title='bbox 1019 3596 1079 3649; x_wconf 72' lang='grc' dir='ltr'><strong>τὸ</strong></span> <span class='ocrx_word' id='word_1_494' title='bbox 1114 3595 1406 3665; x_wconf 71' lang='grc' dir='ltr'>κεφάλαιον</span> <span class='ocrx_word' id='word_1_495' title='bbox 1445 3598 1544 3667; x_wconf 84' lang='grc' dir='ltr'><strong>τῆς</strong></span> <span class='ocrx_word' id='word_1_496' title='bbox 1568 3598 1761 3669; x_wconf 76' lang='grc' dir='ltr'>ἑορτῆς</span> 
     </span>
    </p>
   </div>
   <div class='ocr_carea' id='block_1_70' title="bbox 194 3690 1763 3764">
    <p class='ocr_par' dir='ltr' id='par_1_70' title="bbox 194 3690 1763 3764">
     <span class='ocr_line' id='line_1_70' title="bbox 194 3690 1763 3764; baseline 0.002 -22"><span class='ocrx_word' id='word_1_497' title='bbox 194 3690 398 3744; x_wconf 78' lang='grc' dir='ltr'>κύκλων</span> <span class='ocrx_word' id='word_1_498' title='bbox 431 3690 542 3763; x_wconf 75' lang='lat'><strong>(28)</strong></span> <span class='ocrx_word' id='word_1_499' title='bbox 577 3691 843 3763; x_wconf 81' lang='grc' dir='ltr'>περιόδοις</span> <span class='ocrx_word' id='word_1_500' title='bbox 865 3690 983 3743; x_wconf 77' lang='grc' dir='ltr'>καθ’</span> <span class='ocrx_word' id='word_1_501' title='bbox 1001 3690 1228 3743; x_wconf 74' lang='grc' dir='ltr'>ἕκαστον</span> <span class='ocrx_word' id='word_1_502' title='bbox 1248 3691 1363 3754; x_wconf 72' lang='grc' dir='ltr'>ἔτος</span> <span class='ocrx_word' id='word_1_503' title='bbox 1377 3692 1763 3764; x_wconf 75' lang='grc' dir='ltr'>ἀναζωπυροῦ-</span> 
     </span>
    </p>
   </div>
   <div class='ocr_carea' id='block_1_71' title="bbox 197 3782 1763 3855">
    <p class='ocr_par' dir='ltr' id='par_1_71' title="bbox 197 3782 1763 3855">
     <span class='ocr_line' id='line_1_71' title="bbox 197 3782 1763 3855; baseline 0.003 -22"><span class='ocrx_word' id='word_1_504' title='bbox 197 3797 309 3849; x_wconf 79' lang='grc' dir='ltr'>μεν,</span> <span class='ocrx_word' id='word_1_505' title='bbox 328 3782 599 3854; x_wconf 80' lang='grc' dir='ltr'>προέορτα</span> <span class='ocrx_word' id='word_1_506' title='bbox 639 3782 737 3852; x_wconf 83' lang='grc' dir='ltr'>μὲν</span> <span class='ocrx_word' id='word_1_507' title='bbox 770 3784 1229 3853; x_wconf 87' lang='grc' dir='ltr'>προπαρασκευῆς</span> <span class='ocrx_word' id='word_1_508' title='bbox 1250 3784 1411 3836; x_wconf 75' lang='grc' dir='ltr'>ἕνεκα</span> <span class='ocrx_word' id='word_1_509' title='bbox 1432 3784 1529 3855; x_wconf 81' lang='grc' dir='ltr'>τὴν</span> <span class='ocrx_word' id='word_1_510' title='bbox 1562 3801 1763 3838; x_wconf 86' lang='grc' dir='ltr'>τεσσα-</span> 
     </span>
    </p>
   </div>
   <div class='ocr_carea' id='block_1_72' title="bbox 195 3874 1764 3946">
    <p class='ocr_par' dir='ltr' id='par_1_72' title="bbox 195 3874 1764 3946">
     <span class='ocr_line' id='line_1_72' title="bbox 195 3874 1764 3946; baseline 0.001 -19"><span class='ocrx_word' id='word_1_511' title='bbox 195 3874 420 3946; x_wconf 84' lang='grc' dir='ltr'>ρακονθή</span> <span class='ocrx_word' id='word_1_512' title='bbox 430 3891 592 3945; x_wconf 85' lang='grc' dir='ltr'>μερον</span> <span class='ocrx_word' id='word_1_513' title='bbox 608 3874 837 3944; x_wconf 73' lang='grc' dir='ltr'>ἄσκησιν</span> <span class='ocrx_word' id='word_1_514' title='bbox 855 3874 1371 3946; x_wconf 80' lang='grc' dir='ltr'>παραλαμϐάνοντες</span> <span class='ocrx_word' id='word_1_515' title='bbox 1390 3874 1531 3927; x_wconf 85' lang='grc' dir='ltr'>κατὰ</span> <span class='ocrx_word' id='word_1_516' title='bbox 1551 3876 1640 3928; x_wconf 85' lang='grc' dir='ltr'><strong>τὸν</strong></span> <span class='ocrx_word' id='word_1_517' title='bbox 1656 3876 1764 3929; x_wconf 86' lang='grc' dir='ltr'><strong>τῶν</strong></span> 
     </span>
    </p>
   </div>
   <div class='ocr_carea' id='block_1_73' title="bbox 196 3965 1765 4039">
    <p class='ocr_par' dir='ltr' id='par_1_73' title="bbox 196 3965 1765 4039">
     <span class='ocr_line' id='line_1_73' title="bbox 196 3965 1765 4039; baseline -0.001 -19"><span class='ocrx_word' id='word_1_518' title='bbox 196 3966 359 4033; x_wconf 80' lang='grc' dir='ltr'>ἁγίων</span> <span class='ocrx_word' id='word_1_519' title='bbox 394 3965 551 4035; x_wconf 80' lang='grc' dir='ltr'>ζῆλον</span> <span class='ocrx_word' id='word_1_520' title='bbox 583 3966 859 4028; x_wconf 87' lang='grc' dir='ltr'>Μωῦσέως</span> <span class='ocrx_word' id='word_1_521' title='bbox 888 3966 983 4019; x_wconf 83' lang='grc' dir='ltr'>καὶ</span> <span class='ocrx_word' id='word_1_522' title='bbox 1022 3966 1221 4031; x_wconf 82' lang='grc' dir='ltr'>Ἡλίου,</span> <span class='ocrx_word' id='word_1_523' title='bbox 1253 3967 1350 4036; x_wconf 78' lang='grc' dir='ltr'><strong>τὴν</strong></span> <span class='ocrx_word' id='word_1_524' title='bbox 1371 3967 1427 4019; x_wconf 83' lang='grc' dir='ltr'>δὲ</span> <span class='ocrx_word' id='word_1_525' title='bbox 1456 3968 1647 4039; x_wconf 77' lang='grc' dir='ltr'>ἑορτὴν</span> <span class='ocrx_word' id='word_1_526' title='bbox 1669 3967 1765 4020; x_wconf 82' lang='grc' dir='ltr'>αὐ·-</span> 
     </span>
    </p>
   </div>
   <div class='ocr_carea' id='block_1_74' title="bbox 195 4056 1765 4129">
    <p class='ocr_par' dir='ltr' id='par_1_74' title="bbox 195 4056 1765 4129">
     <span class='ocr_line' id='line_1_74' title="bbox 195 4056 1765 4129; baseline 0 -19"><span class='ocrx_word' id='word_1_527' title='bbox 195 4060 288 4127; x_wconf 76' lang='grc' dir='ltr'>τὴν</span> <span class='ocrx_word' id='word_1_528' title='bbox 309 4061 387 4123; x_wconf 88' lang='grc' dir='ltr'><strong>εἰς</strong></span> <span class='ocrx_word' id='word_1_529' title='bbox 419 4059 648 4129; x_wconf 86' lang='grc' dir='ltr'>άληστον</span> <span class='ocrx_word' id='word_1_530' title='bbox 687 4056 859 4111; x_wconf 87' lang='grc' dir='ltr'>αἰῶνα</span> <span class='ocrx_word' id='word_1_531' title='bbox 888 4057 1288 4129; x_wconf 71' lang='grc' dir='ltr'>ἀνανεούμενοι.</span> <span class='ocrx_word' id='word_1_532' title='bbox 1319 4056 1429 4129; x_wconf 82' lang='grc' dir='ltr'><strong>Τὴν</strong></span> <span class='ocrx_word' id='word_1_533' title='bbox 1465 4058 1594 4126; x_wconf 86' lang='grc' dir='ltr'>γοῦν</span> <span class='ocrx_word' id='word_1_534' title='bbox 1629 4058 1765 4128; x_wconf 83' lang='grc' dir='ltr'>πρὸς</span> 
     </span>
    </p>
   </div>
   <div class='ocr_carea' id='block_1_75' title="bbox 196 4146 1763 4221">
    <p class='ocr_par' dir='ltr' id='par_1_75' title="bbox 196 4146 1763 4221">
     <span class='ocr_line' id='line_1_75' title="bbox 196 4146 1763 4221; baseline 0.001 -18"><span class='ocrx_word' id='word_1_535' title='bbox 196 4152 282 4203; x_wconf 79' lang='grc' dir='ltr'><strong>τὸν</strong></span> <span class='ocrx_word' id='word_1_536' title='bbox 333 4149 465 4203; x_wconf 83' lang='grc' dir='ltr'>Θεὸν</span> <span class='ocrx_word' id='word_1_537' title='bbox 499 4149 723 4221; x_wconf 83' lang='grc' dir='ltr'>πορείαν</span> <span class='ocrx_word' id='word_1_538' title='bbox 773 4147 1135 4218; x_wconf 82' lang='grc' dir='ltr'>στελλόμενοι,</span> <span class='ocrx_word' id='word_1_539' title='bbox 1182 4149 1283 4212; x_wconf 79' lang='grc' dir='ltr'>τὰς</span> <span class='ocrx_word' id='word_1_540' title='bbox 1335 4150 1433 4219; x_wconf 87' lang='grc' dir='ltr'><strong>μὲν</strong></span> <span class='ocrx_word' id='word_1_541' title='bbox 1475 4149 1645 4219; x_wconf 83' lang='grc' dir='ltr'>ὀσφῦς</span> <span class='ocrx_word' id='word_1_542' title='bbox 1703 4146 1763 4205; x_wconf 82' lang='grc' dir='ltr'><strong>εὖ</strong></span> 
     </span>
    </p>
   </div>
   <div class='ocr_carea' id='block_1_76' title="bbox 201 4240 1768 4315">
    <p class='ocr_par' dir='ltr' id='par_1_76' title="bbox 201 4240 1768 4315">
     <span class='ocr_line' id='line_1_76' title="bbox 201 4240 1768 4315; baseline 0 -20"><span class='ocrx_word' id='word_1_543' title='bbox 201 4242 339 4312; x_wconf 84' lang='grc' dir='ltr'>μάλα</span> <span class='ocrx_word' id='word_1_544' title='bbox 371 4241 557 4312; x_wconf 84' lang='grc' dir='ltr'>δεσμῷ</span> <span class='ocrx_word' id='word_1_545' title='bbox 617 4240 969 4312; x_wconf 86' lang='grc' dir='ltr'>σωφροσύνης</span> <span class='ocrx_word' id='word_1_546' title='bbox 1012 4240 1396 4311; x_wconf 83' lang='grc' dir='ltr'>περιδούμεθα,</span> <span class='ocrx_word' id='word_1_547' title='bbox 1450 4241 1519 4295; x_wconf 82' lang='grc' dir='ltr'><strong>τὰ</strong></span> <span class='ocrx_word' id='word_1_548' title='bbox 1564 4242 1620 4295; x_wconf 87' lang='grc' dir='ltr'>δὲ</span> <span class='ocrx_word' id='word_1_549' title='bbox 1670 4243 1768 4315; x_wconf 90' lang='grc' dir='ltr'><strong>τῆς</strong></span> 
     </span>
    </p>
   </div>
   <div class='ocr_carea' id='block_1_77' title="bbox 196 4330 1769 4407">
    <p class='ocr_par' dir='ltr' id='par_1_77' title="bbox 196 4330 1769 4407">
     <span class='ocr_line' id='line_1_77' title="bbox 196 4330 1769 4407; baseline 0.001 -22"><span class='ocrx_word' id='word_1_550' title='bbox 196 4332 367 4404; x_wconf 68' lang='grc' dir='ltr'>ψυχῆς</span> <span class='ocrx_word' id='word_1_551' title='bbox 419 4331 721 4403; x_wconf 83' lang='grc' dir='ltr'>βαδίσματα</span> <span class='ocrx_word' id='word_1_552' title='bbox 756 4333 814 4385; x_wconf 84' lang='grc' dir='ltr'>ὲν</span> <span class='ocrx_word' id='word_1_553' title='bbox 846 4330 1115 4403; x_wconf 75' lang='grc' dir='ltr'>ἀσφαλείᾳ</span> <span class='ocrx_word' id='word_1_554' title='bbox 1162 4332 1541 4401; x_wconf 86' lang='grc' dir='ltr'>φυλάττοντες,</span> <span class='ocrx_word' id='word_1_555' title='bbox 1579 4333 1769 4407; x_wconf 83' lang='grc' dir='ltr'>ὥσπερ</span> 
     </span>
    </p>
   </div>
   <div class='ocr_carea' id='block_1_78' title="bbox 200 4425 1771 4497">
    <p class='ocr_par' dir='ltr' id='par_1_78' title="bbox 200 4425 1771 4497">
     <span class='ocr_line' id='line_1_78' title="bbox 200 4425 1771 4497; baseline 0.001 -19"><span class='ocrx_word' id='word_1_556' title='bbox 200 4427 254 4478; x_wconf 77' lang='grc' dir='ltr'>ὲν</span> <span class='ocrx_word' id='word_1_557' title='bbox 281 4426 585 4497; x_wconf 75' lang='grc' dir='ltr'>ὑποδήμασι</span> <span class='ocrx_word' id='word_1_558' title='bbox 636 4425 700 4496; x_wconf 84' lang='grc' dir='ltr'><strong>δή</strong></span> <span class='ocrx_word' id='word_1_559' title='bbox 746 4426 836 4478; x_wconf 82' lang='grc' dir='ltr'><strong>τὸν</strong></span> <span class='ocrx_word' id='word_1_560' title='bbox 869 4426 1066 4497; x_wconf 87' lang='grc' dir='ltr'>δρόμον</span> <span class='ocrx_word' id='word_1_561' title='bbox 1113 4426 1213 4495; x_wconf 87' lang='grc' dir='ltr'><strong>τῆς</strong></span> <span class='ocrx_word' id='word_1_562' title='bbox 1242 4426 1491 4496; x_wconf 81' lang='grc' dir='ltr'>οὐρανίου</span> <span class='ocrx_word' id='word_1_563' title='bbox 1527 4427 1771 4497; x_wconf 88' lang='grc' dir='ltr'>κλήσεως</span> 
     </span>
    </p>
   </div>
   <div class='ocr_carea' id='block_1_79' title="bbox 1861 3331 3055 3402">
    <p class='ocr_par' dir='ltr' id='par_1_79' title="bbox 1861 3331 3055 3402">
     <span class='ocr_line' id='line_1_79' title="bbox 1861 3331 3055 3402; baseline -0.002 -15"><span class='ocrx_word' id='word_1_564' title='bbox 1861 3334 2061 3388; x_wconf 80' lang='lat' dir='ltr'><strong>fuimus</strong></span> <span class='ocrx_word' id='word_1_565' title='bbox 2082 3349 2186 3402; x_wconf 85' lang='lat' dir='ltr'><strong>qua</strong></span> <span class='ocrx_word' id='word_1_566' title='bbox 2221 3333 2309 3387; x_wconf 91' lang='lat' dir='ltr'><strong>die</strong></span> <span class='ocrx_word' id='word_1_567' title='bbox 2344 3332 2435 3386; x_wconf 88' lang='lat' dir='ltr'><strong>Dei</strong></span> <span class='ocrx_word' id='word_1_568' title='bbox 2472 3331 2723 3386; x_wconf 90' lang='lat' dir='ltr'><strong>notitiam</strong></span> <span class='ocrx_word' id='word_1_569' title='bbox 2755 3333 3055 3387; x_wconf 89' lang='lat' dir='ltr'><strong>hausimus.</strong></span> 
     </span>
    </p>
   </div>
   <div class='ocr_carea' id='block_1_80' title="bbox 1929 3422 3450 3496">
    <p class='ocr_par' dir='ltr' id='par_1_80' title="bbox 1929 3422 3450 3496">
     <span class='ocr_line' id='line_1_80' title="bbox 1929 3422 3450 3496; baseline 0.001 -18"><span class='ocrx_word' id='word_1_570' title='bbox 1929 3424 1982 3478; x_wconf 79' lang='grc'><strong>4.</strong></span> <span class='ocrx_word' id='word_1_571' title='bbox 2017 3423 2139 3478; x_wconf 68' lang='lat' dir='ltr'><strong>llaec</strong></span> <span class='ocrx_word' id='word_1_572' title='bbox 2178 3432 2305 3477; x_wconf 88' lang='lat' dir='ltr'><strong>sunt</strong></span> <span class='ocrx_word' id='word_1_573' title='bbox 2331 3437 2465 3478; x_wconf 88' lang='lat' dir='ltr'><strong>nova</strong></span> <span class='ocrx_word' id='word_1_574' title='bbox 2499 3422 2850 3490; x_wconf 87' lang='lat' dir='ltr'><strong>documenta,</strong></span> <span class='ocrx_word' id='word_1_575' title='bbox 2886 3423 3013 3477; x_wconf 87' lang='lat' dir='ltr'><strong>olim</strong></span> <span class='ocrx_word' id='word_1_576' title='bbox 3055 3423 3271 3492; x_wconf 89' lang='lat' dir='ltr'><strong>quidem</strong></span> <span class='ocrx_word' id='word_1_577' title='bbox 3306 3438 3450 3496; x_wconf 80' lang='lat' dir='ltr'><strong>sym-</strong></span> 
     </span>
    </p>
   </div>
   <div class='ocr_carea' id='block_1_81' title="bbox 1860 3515 3448 3583">
    <p class='ocr_par' dir='ltr' id='par_1_81' title="bbox 1860 3515 3448 3583">
     <span class='ocr_line' id='line_1_81' title="bbox 1860 3515 3448 3583; baseline 0 -12"><span class='ocrx_word' id='word_1_578' title='bbox 1860 3515 1997 3571; x_wconf 88' lang='lat' dir='ltr'><strong>bolis</strong></span> <span class='ocrx_word' id='word_1_579' title='bbox 2022 3516 2364 3578; x_wconf 84' lang='lat' dir='ltr'><strong>obumbrata,</strong></span> <span class='ocrx_word' id='word_1_580' title='bbox 2394 3529 2564 3583; x_wconf 89' lang='lat' dir='ltr'><strong>nuper</strong></span> <span class='ocrx_word' id='word_1_581' title='bbox 2594 3524 2774 3568; x_wconf 87' lang='lat' dir='ltr'><strong>autem</strong></span> <span class='ocrx_word' id='word_1_582' title='bbox 2804 3516 2856 3570; x_wconf 91' lang='lat' dir='ltr'><strong>in</strong></span> <span class='ocrx_word' id='word_1_583' title='bbox 2887 3515 3063 3570; x_wconf 90' lang='lat' dir='ltr'><strong>lucem</strong></span> <span class='ocrx_word' id='word_1_584' title='bbox 3100 3515 3448 3571; x_wconf 80' lang='lat' dir='ltr'><strong>manifestam</strong></span> 
     </span>
    </p>
   </div>
   <div class='ocr_carea' id='block_1_82' title="bbox 1862 3605 3450 3676">
    <p class='ocr_par' dir='ltr' id='par_1_82' title="bbox 1862 3605 3450 3676">
     <span class='ocr_line' id='line_1_82' title="bbox 1862 3605 3450 3676; baseline 0.003 -17"><span class='ocrx_word' id='word_1_585' title='bbox 1862 3606 2091 3676; x_wconf 87' lang='lat' dir='ltr'><strong>prolata.</strong></span> <span class='ocrx_word' id='word_1_586' title='bbox 2121 3606 2187 3661; x_wconf 88' lang='lat' dir='ltr'><strong>Et</strong></span> <span class='ocrx_word' id='word_1_587' title='bbox 2226 3607 2442 3675; x_wconf 89' lang='lat' dir='ltr'><strong>quidem</strong></span> <span class='ocrx_word' id='word_1_588' title='bbox 2483 3620 2585 3660; x_wconf 90' lang='lat' dir='ltr'><strong>nos</strong></span> <span class='ocrx_word' id='word_1_589' title='bbox 2606 3605 2769 3659; x_wconf 89' lang='lat' dir='ltr'><strong>etiam</strong></span> <span class='ocrx_word' id='word_1_590' title='bbox 2809 3606 3021 3660; x_wconf 90' lang='lat' dir='ltr'><strong>initium</strong></span> <span class='ocrx_word' id='word_1_591' title='bbox 3060 3607 3219 3676; x_wconf 86' lang='lat' dir='ltr'><strong>hujus</strong></span> <span class='ocrx_word' id='word_1_592' title='bbox 3258 3609 3450 3663; x_wconf 79' lang='lat' dir='ltr'><strong>solem-</strong></span> 
     </span>
    </p>
   </div>
   <div class='ocr_carea' id='block_1_83' title="bbox 1865 3700 3449 3771">
    <p class='ocr_par' dir='ltr' id='par_1_83' title="bbox 1865 3700 3449 3771">
     <span class='ocr_line' id='line_1_83' title="bbox 1865 3700 3449 3771; baseline 0 -15"><span class='ocrx_word' id='word_1_593' title='bbox 1865 3701 2049 3756; x_wconf 86' lang='lat' dir='ltr'><strong>uitatis</strong></span> <span class='ocrx_word' id='word_1_594' title='bbox 2099 3700 2372 3770; x_wconf 83' lang='lat' dir='ltr'><strong>cyclorum</strong></span> <span class='ocrx_word' id='word_1_595' title='bbox 2419 3700 2657 3771; x_wconf 87' lang='lat' dir='ltr'><strong>periodis</strong></span> <span class='ocrx_word' id='word_1_596' title='bbox 2696 3700 2921 3769; x_wconf 91' lang='lat' dir='ltr'><strong>singulis</strong></span> <span class='ocrx_word' id='word_1_597' title='bbox 2972 3701 3129 3755; x_wconf 88' lang='lat' dir='ltr'><strong>annis</strong></span> <span class='ocrx_word' id='word_1_598' title='bbox 3173 3702 3449 3756; x_wconf 82' lang='lat' dir='ltr'><strong>instaura-</strong></span> 
     </span>
    </p>
   </div>
   <div class='ocr_carea' id='block_1_84' title="bbox 1867 3796 3448 3866">
    <p class='ocr_par' dir='ltr' id='par_1_84' title="bbox 1867 3796 3448 3866">
     <span class='ocr_line' id='line_1_84' title="bbox 1867 3796 3448 3866; baseline 0.002 -17"><span class='ocrx_word' id='word_1_599' title='bbox 1867 3811 2026 3861; x_wconf 91' lang='lat' dir='ltr'><strong>mus;</strong></span> <span class='ocrx_word' id='word_1_600' title='bbox 2063 3807 2187 3850; x_wconf 89' lang='lat' dir='ltr'><strong>aute</strong></span> <span class='ocrx_word' id='word_1_601' title='bbox 2236 3796 2434 3851; x_wconf 75' lang='lat' dir='ltr'><strong>festum</strong></span> <span class='ocrx_word' id='word_1_602' title='bbox 2487 3796 2728 3865; x_wconf 80' lang='lat' dir='ltr'><strong>quidem,</strong></span> <span class='ocrx_word' id='word_1_603' title='bbox 2780 3798 3192 3866; x_wconf 59' lang='lat' dir='ltr'><strong>praeparationis</strong></span> <span class='ocrx_word' id='word_1_604' title='bbox 3244 3814 3448 3864; x_wconf 83' lang='lat' dir='ltr'><strong>causa,</strong></span> 
     </span>
    </p>
   </div>
   <div class='ocr_carea' id='block_1_85' title="bbox 1866 3888 3448 3962">
    <p class='ocr_par' dir='ltr' id='par_1_85' title="bbox 1866 3888 3448 3962">
     <span class='ocr_line' id='line_1_85' title="bbox 1866 3888 3448 3962; baseline 0.001 -21"><span class='ocrx_word' id='word_1_605' title='bbox 1866 3888 2332 3957; x_wconf 77' lang='lat' dir='ltr'><strong>quadragesimale</strong></span> <span class='ocrx_word' id='word_1_606' title='bbox 2352 3890 2674 3943; x_wconf 79' lang='lat' dir='ltr'><strong>exercitium</strong></span> <span class='ocrx_word' id='word_1_607' title='bbox 2696 3898 3059 3955; x_wconf 86' lang='lat' dir='ltr'><strong>assumentes,</strong></span> <span class='ocrx_word' id='word_1_608' title='bbox 3074 3900 3292 3945; x_wconf 87' lang='lat' dir='ltr'><strong>sanctos</strong></span> <span class='ocrx_word' id='word_1_609' title='bbox 3311 3890 3448 3962; x_wconf 70' lang='lat' dir='ltr'><strong>Moy&#39;</strong></span> 
     </span>
    </p>
   </div>
   <div class='ocr_carea' id='block_1_86' title="bbox 1866 3976 3449 4049">
    <p class='ocr_par' dir='ltr' id='par_1_86' title="bbox 1866 3976 3449 4049">
     <span class='ocr_line' id='line_1_86' title="bbox 1866 3976 3449 4049; baseline 0.001 -16"><span class='ocrx_word' id='word_1_610' title='bbox 1866 3994 1979 4033; x_wconf 88' lang='lat' dir='ltr'><strong>sem</strong></span> <span class='ocrx_word' id='word_1_611' title='bbox 2015 3988 2069 4031; x_wconf 89' lang='lat' dir='ltr'><strong>et</strong></span> <span class='ocrx_word' id='word_1_612' title='bbox 2099 3976 2304 4032; x_wconf 88' lang='lat' dir='ltr'><strong>Heliam</strong></span> <span class='ocrx_word' id='word_1_613' title='bbox 2342 3978 2636 4043; x_wconf 87' lang='lat' dir='ltr'><strong>imitantes,</strong></span> <span class='ocrx_word' id='word_1_614' title='bbox 2668 3978 2841 4047; x_wconf 77' lang='lat' dir='ltr'><strong>ipsum</strong></span> <span class='ocrx_word' id='word_1_615' title='bbox 2873 3992 3002 4033; x_wconf 88' lang='lat' dir='ltr'><strong>vero</strong></span> <span class='ocrx_word' id='word_1_616' title='bbox 3025 3979 3220 4033; x_wconf 83' lang='lat' dir='ltr'><strong>festum</strong></span> <span class='ocrx_word' id='word_1_617' title='bbox 3241 3993 3337 4049; x_wconf 88' lang='lat' dir='ltr'><strong>per</strong></span> <span class='ocrx_word' id='word_1_618' title='bbox 3370 3980 3449 4034; x_wconf 90' lang='lat' dir='ltr'><strong>ln-</strong></span> 
     </span>
    </p>
   </div>
   <div class='ocr_carea' id='block_1_87' title="bbox 1867 4068 3449 4140">
    <p class='ocr_par' dir='ltr' id='par_1_87' title="bbox 1867 4068 3449 4140">
     <span class='ocr_line' id='line_1_87' title="bbox 1867 4068 3449 4140; baseline -0.001 -16"><span class='ocrx_word' id='word_1_619' title='bbox 1867 4069 2126 4125; x_wconf 82' lang='lat' dir='ltr'><strong>cessabile</strong></span> <span class='ocrx_word' id='word_1_620' title='bbox 2158 4085 2330 4123; x_wconf 65' lang='lat' dir='ltr'><strong>aevum</strong></span> <span class='ocrx_word' id='word_1_621' title='bbox 2384 4079 2708 4140; x_wconf 87' lang='lat' dir='ltr'><strong>repetentes.</strong></span> <span class='ocrx_word' id='word_1_622' title='bbox 2767 4068 2907 4138; x_wconf 81' lang='lat' dir='ltr'><strong>Ergo</strong></span> <span class='ocrx_word' id='word_1_623' title='bbox 2946 4070 3141 4125; x_wconf 89' lang='lat' dir='ltr'><strong>itinere</strong></span> <span class='ocrx_word' id='word_1_624' title='bbox 3170 4070 3237 4124; x_wconf 88' lang='lat' dir='ltr'><strong>ad</strong></span> <span class='ocrx_word' id='word_1_625' title='bbox 3282 4070 3449 4123; x_wconf 87' lang='lat' dir='ltr'><strong>Deum</strong></span> 
     </span>
    </p>
   </div>
   <div class='ocr_carea' id='block_1_88' title="bbox 1868 4162 3451 4234">
    <p class='ocr_par' dir='ltr' id='par_1_88' title="bbox 1868 4162 3451 4234">
     <span class='ocr_line' id='line_1_88' title="bbox 1868 4162 3451 4234; baseline 0.001 -17"><span class='ocrx_word' id='word_1_626' title='bbox 1868 4171 2140 4232; x_wconf 87' lang='lat' dir='ltr'><strong>suscepto,</strong></span> <span class='ocrx_word' id='word_1_627' title='bbox 2176 4162 2388 4217; x_wconf 89' lang='lat' dir='ltr'><strong>lumbos</strong></span> <span class='ocrx_word' id='word_1_628' title='bbox 2432 4163 2675 4233; x_wconf 86' lang='lat' dir='ltr'><strong>apprime</strong></span> <span class='ocrx_word' id='word_1_629' title='bbox 2720 4164 3096 4234; x_wconf 71' lang='lat' dir='ltr'><strong>temperantia:</strong></span> <span class='ocrx_word' id='word_1_630' title='bbox 3145 4179 3280 4219; x_wconf 86' lang='lat' dir='ltr'><strong>zona</strong></span> <span class='ocrx_word' id='word_1_631' title='bbox 3315 4180 3451 4233; x_wconf 73' lang='lat' dir='ltr'><strong>pne-</strong></span> 
     </span>
    </p>
   </div>
   <div class='ocr_carea' id='block_1_89' title="bbox 1868 4248 3451 4325">
    <p class='ocr_par' dir='ltr' id='par_1_89' title="bbox 1868 4248 3451 4325">
     <span class='ocr_line' id='line_1_89' title="bbox 1868 4248 3451 4325; baseline 0 -16"><span class='ocrx_word' id='word_1_632' title='bbox 1868 4256 2158 4324; x_wconf 90' lang='lat' dir='ltr'><strong>ciugimus,</strong></span> <span class='ocrx_word' id='word_1_633' title='bbox 2190 4248 2401 4309; x_wconf 70' lang='lat' dir='ltr'><strong>animae</strong></span> <span class='ocrx_word' id='word_1_634' title='bbox 2447 4269 2578 4309; x_wconf 91' lang='lat' dir='ltr'><strong>vero</strong></span> <span class='ocrx_word' id='word_1_635' title='bbox 2639 4270 2860 4325; x_wconf 82' lang='lat' dir='ltr'><strong>gressus</strong></span> <span class='ocrx_word' id='word_1_636' title='bbox 2912 4262 3069 4310; x_wconf 85' lang='lat' dir='ltr'><strong>caute</strong></span> <span class='ocrx_word' id='word_1_637' title='bbox 3123 4257 3451 4322; x_wconf 86' lang='lat' dir='ltr'><strong>munientes,</strong></span> 
     </span>
    </p>
   </div>
   <div class='ocr_carea' id='block_1_90' title="bbox 1872 4345 3455 4414">
    <p class='ocr_par' dir='ltr' id='par_1_90' title="bbox 1872 4345 3455 4414">
     <span class='ocr_line' id='line_1_90' title="bbox 1872 4345 3455 4414; baseline 0.001 -14"><span class='ocrx_word' id='word_1_638' title='bbox 1872 4356 2129 4414; x_wconf 87' lang='lat' dir='ltr'><strong>tanquam</strong></span> <span class='ocrx_word' id='word_1_639' title='bbox 2159 4345 2381 4399; x_wconf 86' lang='lat' dir='ltr'><strong>calceati</strong></span> <span class='ocrx_word' id='word_1_640' title='bbox 2417 4345 2660 4401; x_wconf 71' lang='lat' dir='ltr'><strong>ctelestis</strong></span> <span class='ocrx_word' id='word_1_641' title='bbox 2688 4346 2992 4402; x_wconf 84' lang='lat' dir='ltr'><strong>vocationis</strong></span> <span class='ocrx_word' id='word_1_642' title='bbox 3036 4360 3256 4401; x_wconf 89' lang='lat' dir='ltr'><strong>cursum</strong></span> <span class='ocrx_word' id='word_1_643' title='bbox 3301 4348 3455 4401; x_wconf 88' lang='lat' dir='ltr'><strong>insti-</strong></span> 
     </span>
    </p>
   </div>
   <div class='ocr_carea' id='block_1_91' title="bbox 1874 4436 3451 4509">
    <p class='ocr_par' dir='ltr' id='par_1_91' title="bbox 1874 4436 3451 4509">
     <span class='ocr_line' id='line_1_91' title="bbox 1874 4436 3451 4509; baseline 0.001 -19"><span class='ocrx_word' id='word_1_644' title='bbox 1874 4438 2077 4493; x_wconf 89' lang='lat' dir='ltr'><strong>tuimus</strong></span> <span class='ocrx_word' id='word_1_645' title='bbox 2108 4453 2121 4489; x_wconf 89' lang='lat'><strong>:</strong></span> <span class='ocrx_word' id='word_1_646' title='bbox 2154 4438 2416 4507; x_wconf 87' lang='lat' dir='ltr'><strong>virgaque</strong></span> <span class='ocrx_word' id='word_1_647' title='bbox 2466 4436 2633 4490; x_wconf 90' lang='lat' dir='ltr'><strong>divini</strong></span> <span class='ocrx_word' id='word_1_648' title='bbox 2683 4436 2860 4502; x_wconf 86' lang='lat' dir='ltr'><strong>verbi,</strong></span> <span class='ocrx_word' id='word_1_649' title='bbox 2911 4452 3019 4492; x_wconf 91' lang='lat' dir='ltr'><strong>non</strong></span> <span class='ocrx_word' id='word_1_650' title='bbox 3076 4438 3193 4492; x_wconf 86' lang='lat' dir='ltr'><strong>sine</strong></span> <span class='ocrx_word' id='word_1_651' title='bbox 3232 4451 3451 4509; x_wconf 73' lang='lat' dir='ltr'><strong>precum</strong></span> 
     </span>
    </p>
   </div>
   <div class='ocr_carea' id='block_1_92' title="bbox 202 4516 1762 4611">
    <p class='ocr_par' dir='ltr' id='par_1_92' title="bbox 202 4516 1762 4589">
     <span class='ocr_line' id='line_1_92' title="bbox 202 4516 1762 4589; baseline 0.002 -20"><span class='ocrx_word' id='word_1_652' title='bbox 202 4518 703 4589; x_wconf 76' lang='grc' dir='ltr'>παρασκευαζόμεν’</span> <span class='ocrx_word' id='word_1_653' title='bbox 738 4517 1007 4589; x_wconf 71' lang='grc' dir='ltr'>βακτηρίᾳ.</span> <span class='ocrx_word' id='word_1_654' title='bbox 1046 4517 1103 4570; x_wconf 85' lang='grc' dir='ltr'>δὲ</span> <span class='ocrx_word' id='word_1_655' title='bbox 1136 4516 1295 4585; x_wconf 89' lang='grc' dir='ltr'>λόγου</span> <span class='ocrx_word' id='word_1_656' title='bbox 1328 4517 1473 4571; x_wconf 91' lang='grc' dir='ltr'>θείου</span> <span class='ocrx_word' id='word_1_657' title='bbox 1505 4520 1564 4571; x_wconf 85' lang='grc' dir='ltr'>ὲν</span> <span class='ocrx_word' id='word_1_658' title='bbox 1595 4519 1762 4588; x_wconf 71' lang='grc' dir='ltr'>εὐχῶν</span> 
     </span>
    </p>
   </div>
   <div class='ocr_carea' id='block_1_93' title="bbox 1862 4516 3453 4611">
    <p class='ocr_par' dir='ltr' id='par_1_93' title="bbox 1874 4528 3453 4597">
     <span class='ocr_line' id='line_1_93' title="bbox 1874 4528 3453 4597; baseline 0.002 -15"><span class='ocrx_word' id='word_1_659' title='bbox 1874 4532 2094 4593; x_wconf 89' lang='lat' dir='ltr'><strong>virtute,</strong></span> <span class='ocrx_word' id='word_1_660' title='bbox 2139 4530 2208 4583; x_wconf 87' lang='lat' dir='ltr'><strong>ad</strong></span> <span class='ocrx_word' id='word_1_661' title='bbox 2256 4528 2596 4597; x_wconf 86' lang='lat' dir='ltr'><strong>repellendos</strong></span> <span class='ocrx_word' id='word_1_662' title='bbox 2635 4532 2821 4586; x_wconf 75' lang='lat' dir='ltr'><strong>hostes</strong></span> <span class='ocrx_word' id='word_1_663' title='bbox 2867 4540 3115 4595; x_wconf 84' lang='lat' dir='ltr'><strong>utentes,</strong></span> <span class='ocrx_word' id='word_1_664' title='bbox 3146 4546 3268 4584; x_wconf 84' lang='lat' dir='ltr'><strong>cum</strong></span> <span class='ocrx_word' id='word_1_665' title='bbox 3302 4532 3453 4585; x_wconf 90' lang='lat' dir='ltr'><strong>omni</strong></span> 
     </span>
    </p>
   </div>
   <div class='ocr_carea' id='block_1_94' title="bbox 197 4608 1762 4689">
    <p class='ocr_par' dir='ltr' id='par_1_94' title="bbox 197 4608 1762 4685">
     <span class='ocr_line' id='line_1_94' title="bbox 197 4608 1762 4685; baseline 0.001 -22"><span class='ocrx_word' id='word_1_666' title='bbox 197 4609 419 4680; x_wconf 80' lang='grc' dir='ltr'>δυνάμει</span> <span class='ocrx_word' id='word_1_667' title='bbox 466 4610 601 4681; x_wconf 81' lang='grc' dir='ltr'>πρὸς</span> <span class='ocrx_word' id='word_1_668' title='bbox 656 4612 866 4680; x_wconf 78' lang='grc' dir='ltr'>ἄμυναν</span> <span class='ocrx_word' id='word_1_669' title='bbox 908 4609 1117 4681; x_wconf 78' lang='grc' dir='ltr'>ἐχθρῶν</span> <span class='ocrx_word' id='word_1_670' title='bbox 1165 4608 1457 4680; x_wconf 79' lang='grc' dir='ltr'>χρώμενοι,</span> <span class='ocrx_word' id='word_1_671' title='bbox 1488 4611 1585 4665; x_wconf 80' lang='grc' dir='ltr'><strong>σὺν</strong></span> <span class='ocrx_word' id='word_1_672' title='bbox 1621 4612 1762 4685; x_wconf 70' lang='grc' dir='ltr'>πάσῃ</span> 
     </span>
    </p>
   </div>
   <div class='ocr_carea' id='block_1_95' title="bbox 1862 4608 3456 4689">
    <p class='ocr_par' dir='ltr' id='par_1_95' title="bbox 1874 4621 3456 4689">
     <span class='ocr_line' id='line_1_95' title="bbox 1874 4621 3456 4689; baseline 0.003 -15"><span class='ocrx_word' id='word_1_673' title='bbox 1874 4622 2155 4675; x_wconf 84' lang='lat' dir='ltr'><strong>alacritate</strong></span> <span class='ocrx_word' id='word_1_674' title='bbox 2188 4622 2256 4676; x_wconf 90' lang='lat' dir='ltr'><strong>ad</strong></span> <span class='ocrx_word' id='word_1_675' title='bbox 2306 4621 2572 4677; x_wconf 83' lang='lat' dir='ltr'><strong>ferentem</strong></span> <span class='ocrx_word' id='word_1_676' title='bbox 2611 4624 2663 4676; x_wconf 92' lang='lat' dir='ltr'><strong>in</strong></span> <span class='ocrx_word' id='word_1_677' title='bbox 2708 4625 2876 4678; x_wconf 61' lang='lat' dir='ltr'><strong>caelos</strong></span> <span class='ocrx_word' id='word_1_678' title='bbox 2920 4623 3208 4676; x_wconf 89' lang='lat' dir='ltr'><strong>transitum</strong></span> <span class='ocrx_word' id='word_1_679' title='bbox 3230 4664 3245 4689; x_wconf 95' lang='lat'><strong>,</strong></span> <span class='ocrx_word' id='word_1_680' title='bbox 3272 4623 3339 4677; x_wconf 82' lang='lat' dir='ltr'><strong>ab</strong></span> <span class='ocrx_word' id='word_1_681' title='bbox 3369 4622 3456 4679; x_wconf 87' lang='lat' dir='ltr'><strong>his</strong></span> 
     </span>
    </p>
   </div>
   <div class='ocr_carea' id='block_1_96' title="bbox 202 4702 1769 4776">
    <p class='ocr_par' dir='ltr' id='par_1_96' title="bbox 202 4702 1769 4776">
     <span class='ocr_line' id='line_1_96' title="bbox 202 4702 1769 4776; baseline 0.004 -23"><span class='ocrx_word' id='word_1_682' title='bbox 202 4702 473 4775; x_wconf 79' lang='grc' dir='ltr'>προθυμίᾳ</span> <span class='ocrx_word' id='word_1_683' title='bbox 499 4702 842 4773; x_wconf 86' lang='grc' dir='ltr'>διαϐαίνομεν</span> <span class='ocrx_word' id='word_1_684' title='bbox 863 4704 961 4773; x_wconf 82' lang='grc' dir='ltr'><strong>τὴν</strong></span> <span class='ocrx_word' id='word_1_685' title='bbox 978 4704 1056 4766; x_wconf 87' lang='grc' dir='ltr'><strong>εἰς</strong></span> <span class='ocrx_word' id='word_1_686' title='bbox 1070 4703 1335 4773; x_wconf 79' lang='grc' dir='ltr'>οὐρανοὺς</span> <span class='ocrx_word' id='word_1_687' title='bbox 1358 4704 1626 4776; x_wconf 88' lang='grc' dir='ltr'>φέρουσαν</span> <span class='ocrx_word' id='word_1_688' title='bbox 1652 4705 1769 4759; x_wconf 90' lang='grc' dir='ltr'>διά-</span> 
     </span>
    </p>
   </div>
   <div class='ocr_carea' id='block_1_97' title="bbox 202 4793 1770 4866">
    <p class='ocr_par' dir='ltr' id='par_1_97' title="bbox 202 4793 1770 4866">
     <span class='ocr_line' id='line_1_97' title="bbox 202 4793 1770 4866; baseline 0.001 -19"><span class='ocrx_word' id='word_1_689' title='bbox 202 4793 374 4857; x_wconf 83' lang='grc' dir='ltr'>ϐασιν,</span> <span class='ocrx_word' id='word_1_690' title='bbox 407 4793 723 4856; x_wconf 86' lang='grc' dir='ltr'>σπεύδοντες</span> <span class='ocrx_word' id='word_1_691' title='bbox 748 4794 855 4847; x_wconf 83' lang='grc' dir='ltr'>ἀπὸ</span> <span class='ocrx_word' id='word_1_692' title='bbox 880 4794 987 4847; x_wconf 86' lang='grc' dir='ltr'><strong>τῶν</strong></span> <span class='ocrx_word' id='word_1_693' title='bbox 1020 4794 1145 4865; x_wconf 77' lang='grc' dir='ltr'>τῇδε</span> <span class='ocrx_word' id='word_1_694' title='bbox 1181 4794 1273 4846; x_wconf 80' lang='grc' dir='ltr'><strong>ἐπὶ</strong></span> <span class='ocrx_word' id='word_1_695' title='bbox 1302 4793 1369 4846; x_wconf 84' lang='grc' dir='ltr'>τὰ</span> <span class='ocrx_word' id='word_1_696' title='bbox 1396 4795 1639 4866; x_wconf 88' lang='grc' dir='ltr'>οὐράνια,</span> <span class='ocrx_word' id='word_1_697' title='bbox 1674 4796 1770 4851; x_wconf 78' lang='grc' dir='ltr'>καί.</span> 
     </span>
    </p>
   </div>
   <div class='ocr_carea' id='block_1_98' title="bbox 202 4884 1821 4958">
    <p class='ocr_par' dir='ltr' id='par_1_98' title="bbox 202 4884 1821 4958">
     <span class='ocr_line' id='line_1_98' title="bbox 202 4884 1821 4958; baseline 0.003 -21"><span class='ocrx_word' id='word_1_698' title='bbox 202 4885 304 4938; x_wconf 77' lang='grc' dir='ltr'><strong>ἀπὸ</strong></span> <span class='ocrx_word' id='word_1_699' title='bbox 320 4884 467 4955; x_wconf 80' lang='grc' dir='ltr'>ζωῆς</span> <span class='ocrx_word' id='word_1_700' title='bbox 495 4884 695 4957; x_wconf 79' lang='grc' dir='ltr'>θνητῆς</span> <span class='ocrx_word' id='word_1_701' title='bbox 719 4886 809 4938; x_wconf 72' lang='grc' dir='ltr'><strong>ἐπὶ</strong></span> <span class='ocrx_word' id='word_1_702' title='bbox 842 4886 939 4957; x_wconf 79' lang='grc' dir='ltr'><strong>τήν</strong></span> <span class='ocrx_word' id='word_1_703' title='bbox 973 4886 1258 4940; x_wconf 69' lang='grc' dir='ltr'>ἀθάνατονο</span> <span class='ocrx_word' id='word_1_704' title='bbox 1290 4885 1433 4939; x_wconf 74' lang='grc' dir='ltr'>οὕτω</span> <span class='ocrx_word' id='word_1_705' title='bbox 1462 4887 1572 4958; x_wconf 84' lang='grc' dir='ltr'>γὰρ</span> <span class='ocrx_word' id='word_1_706' title='bbox 1598 4888 1769 4941; x_wconf 84' lang='grc' dir='ltr'>διαδέ-</span> <span class='ocrx_word' id='word_1_707' title='bbox 1815 4901 1821 4905; x_wconf 85' lang='grc'><em>’</em></span> 
     </span>
    </p>
   </div>
   <div class='ocr_carea' id='block_1_99' title="bbox 206 4974 1773 5049">
    <p class='ocr_par' dir='ltr' id='par_1_99' title="bbox 206 4974 1773 5049">
     <span class='ocr_line' id='line_1_99' title="bbox 206 4974 1773 5049; baseline 0.004 -22"><span class='ocrx_word' id='word_1_708' title='bbox 206 4974 343 5039; x_wconf 82' lang='grc' dir='ltr'>ξεται</span> <span class='ocrx_word' id='word_1_709' title='bbox 390 4977 538 5047; x_wconf 72' lang='grc' dir='ltr'>ἡμᾶς</span> <span class='ocrx_word' id='word_1_710' title='bbox 566 4976 811 5031; x_wconf 70' lang='grc' dir='ltr'>ἐντεῦθεν</span> <span class='ocrx_word' id='word_1_711' title='bbox 850 4978 919 5031; x_wconf 84' lang='grc' dir='ltr'>τὰ</span> <span class='ocrx_word' id='word_1_712' title='bbox 960 4978 1286 5049; x_wconf 88' lang='grc' dir='ltr'>διαϐατήρια</span> <span class='ocrx_word' id='word_1_713' title='bbox 1334 4974 1392 5031; x_wconf 82' lang='grc' dir='ltr'>εὖ</span> <span class='ocrx_word' id='word_1_714' title='bbox 1450 4980 1544 5032; x_wconf 79' lang='grc' dir='ltr'>καὶ</span> <span class='ocrx_word' id='word_1_715' title='bbox 1593 4979 1773 5045; x_wconf 87' lang='grc' dir='ltr'>καλῶς</span> 
     </span>
    </p>
   </div>
   <div class='ocr_carea' id='block_1_100' title="bbox 204 5066 1771 5145">
    <p class='ocr_par' dir='ltr' id='par_1_100' title="bbox 204 5066 1771 5145">
     <span class='ocr_line' id='line_1_100' title="bbox 204 5066 1771 5145; baseline 0.005 -26"><span class='ocrx_word' id='word_1_716' title='bbox 204 5066 588 5138; x_wconf 83' lang='grc' dir='ltr'>διαϐεϐηκότας</span> <span class='ocrx_word' id='word_1_717' title='bbox 630 5068 762 5139; x_wconf 83' lang='grc' dir='ltr'>άλλη</span> <span class='ocrx_word' id='word_1_718' title='bbox 810 5086 893 5133; x_wconf 91' lang='grc' dir='ltr'><strong>τις</strong></span> <span class='ocrx_word' id='word_1_719' title='bbox 930 5070 1127 5140; x_wconf 78' lang='grc' dir='ltr'>μείζων</span> <span class='ocrx_word' id='word_1_720' title='bbox 1176 5072 1356 5142; x_wconf 81' lang='grc' dir='ltr'>ἑορτή·</span> <span class='ocrx_word' id='word_1_721' title='bbox 1394 5072 1771 5145; x_wconf 84' lang='grc' dir='ltr'>Πεντηκοστὴν</span> 
     </span>
    </p>
   </div>
   <div class='ocr_carea' id='block_1_101' title="bbox 206 5159 1771 5233">
    <p class='ocr_par' dir='ltr' id='par_1_101' title="bbox 206 5159 1771 5233">
     <span class='ocr_line' id='line_1_101' title="bbox 206 5159 1771 5233; baseline 0.004 -22"><span class='ocrx_word' id='word_1_722' title='bbox 206 5160 366 5229; x_wconf 76' lang='grc' dir='ltr'>αὐτὴν</span> <span class='ocrx_word' id='word_1_723' title='bbox 401 5159 627 5231; x_wconf 74' lang='grc' dir='ltr'>ἐπίκλην</span> <span class='ocrx_word' id='word_1_724' title='bbox 662 5160 924 5233; x_wconf 90' lang='grc' dir='ltr'>Ἐϐραίων</span> <span class='ocrx_word' id='word_1_725' title='bbox 954 5163 1141 5227; x_wconf 86' lang='grc' dir='ltr'>παῖδες</span> <span class='ocrx_word' id='word_1_726' title='bbox 1186 5160 1561 5232; x_wconf 78' lang='grc' dir='ltr'>ὀνομάζουσιν,</span> <span class='ocrx_word' id='word_1_727' title='bbox 1589 5166 1771 5219; x_wconf 88' lang='grc' dir='ltr'>εἰκόνα</span> 
     </span>
    </p>
   </div>
   <div class='ocr_carea' id='block_1_102' title="bbox 214 5251 1774 5327">
    <p class='ocr_par' dir='ltr' id='par_1_102' title="bbox 214 5251 1774 5327">
     <span class='ocr_line' id='line_1_102' title="bbox 214 5251 1774 5327; baseline 0.003 -21"><span class='ocrx_word' id='word_1_728' title='bbox 214 5251 478 5311; x_wconf 66' lang='grc' dir='ltr'>φέρουσαν</span> <span class='ocrx_word' id='word_1_729' title='bbox 519 5252 618 5321; x_wconf 88' lang='grc' dir='ltr'><strong>τῆς</strong></span> <span class='ocrx_word' id='word_1_730' title='bbox 665 5252 772 5307; x_wconf 88' lang='grc' dir='ltr'><strong>τῶν</strong></span> <span class='ocrx_word' id='word_1_731' title='bbox 816 5253 1060 5324; x_wconf 83' lang='grc' dir='ltr'>οὐρανῶν</span> <span class='ocrx_word' id='word_1_732' title='bbox 1114 5252 1403 5323; x_wconf 87' lang='grc' dir='ltr'>βασιλείας.</span> <span class='ocrx_word' id='word_1_733' title='bbox 1438 5254 1601 5323; x_wconf 81' lang='grc' dir='ltr'>Λέγει</span> <span class='ocrx_word' id='word_1_734' title='bbox 1644 5256 1774 5327; x_wconf 87' lang='grc' dir='ltr'>γοῦν</span> 
     </span>
    </p>
   </div>
   <div class='ocr_carea' id='block_1_103' title="bbox 278 5347 728 5413">
    <p class='ocr_par' dir='ltr' id='par_1_103' title="bbox 278 5347 728 5413">
     <span class='ocr_line' id='line_1_103' title="bbox 278 5347 728 5413; baseline 0.013 -16"><span class='ocrx_word' id='word_1_735' title='bbox 278 5347 322 5377; x_wconf 70' lang='grc'><strong>⁸⁸</strong></span> <span class='ocrx_word' id='word_1_736' title='bbox 349 5347 508 5401; x_wconf 82' lang='lat' dir='ltr'><strong>Deut.</strong></span> <span class='ocrx_word' id='word_1_737' title='bbox 534 5363 645 5413; x_wconf 72' lang='lat' dir='ltr'><strong>xvn,</strong></span> <span class='ocrx_word' id='word_1_738' title='bbox 671 5350 728 5406; x_wconf 89' lang='lat'><strong>9.</strong></span> 
     </span>
    </p>
   </div>
   <div class='ocr_carea' id='block_1_104' title="bbox 274 5435 1772 5511">
    <p class='ocr_par' dir='ltr' id='par_1_104' title="bbox 274 5435 1772 5511">
     <span class='ocr_line' id='line_1_104' title="bbox 274 5435 1772 5511; baseline 0.007 -22"><span class='ocrx_word' id='word_1_739' title='bbox 274 5435 729 5511; x_wconf 64' lang='lat' dir='ltr'><strong>(26&#39;)§equentes</strong></span> <span class='ocrx_word' id='word_1_740' title='bbox 758 5438 1005 5493; x_wconf 83' lang='lat' dir='ltr'><strong>versiculi</strong></span> <span class='ocrx_word' id='word_1_741' title='bbox 1036 5442 1280 5496; x_wconf 87' lang='lat' dir='ltr'><strong>undecim</strong></span> <span class='ocrx_word' id='word_1_742' title='bbox 1310 5457 1479 5511; x_wconf 87' lang='lat' dir='ltr'><strong>usque</strong></span> <span class='ocrx_word' id='word_1_743' title='bbox 1500 5445 1564 5497; x_wconf 86' lang='lat' dir='ltr'><strong>ad</strong></span> <span class='ocrx_word' id='word_1_744' title='bbox 1589 5445 1649 5497; x_wconf 81' lang='grc' dir='ltr'>τὸ</span> <span class='ocrx_word' id='word_1_745' title='bbox 1674 5464 1772 5500; x_wconf 88' lang='grc' dir='ltr'>πα-</span> 
     </span>
    </p>
   </div>
   <div class='ocr_carea' id='block_1_105' title="bbox 209 5504 1766 5583">
    <p class='ocr_par' dir='ltr' id='par_1_105' title="bbox 209 5504 1766 5583">
     <span class='ocr_line' id='line_1_105' title="bbox 209 5504 1766 5583; baseline 0.008 -25"><span class='ocrx_word' id='word_1_746' title='bbox 209 5504 625 5583; x_wconf 31' lang='grc' dir='ltr'>λαιὸν-’Πάσχῆ</span> <span class='ocrx_word' id='word_1_747' title='bbox 671 5510 906 5583; x_wconf 57' lang='lat' dir='ltr'><strong>citantur</strong></span> <span class='ocrx_word' id='word_1_748' title='bbox 954 5527 1018 5564; x_wconf 75' lang='lat' dir='ltr'><strong>ea:</strong></span> <span class='ocrx_word' id='word_1_749' title='bbox 1078 5511 1308 5583; x_wconf 66' lang='lat' dir='ltr'><strong>Eusebio</strong></span> <span class='ocrx_word' id='word_1_750' title='bbox 1343 5504 1430 5575; x_wconf 62' lang='lat' dir='ltr'><strong>llic</strong></span> <span class='ocrx_word' id='word_1_751' title='bbox 1486 5512 1766 5583; x_wconf 78' lang='lat' dir='ltr'><strong>Paschate,</strong></span> 
     </span>
    </p>
   </div>
   <div class='ocr_carea' id='block_1_106' title="bbox 216 5573 1770 5657">
    <p class='ocr_par' dir='ltr' id='par_1_106' title="bbox 216 5573 1770 5657">
     <span class='ocr_line' id='line_1_106' title="bbox 216 5573 1770 5657; baseline 0.008 -30"><span class='ocrx_word' id='word_1_752' title='bbox 216 5573 469 5657; x_wconf 63' lang='lat' dir='ltr'><strong>queGlOu</strong></span> <span class='ocrx_word' id='word_1_753' title='bbox 496 5573 622 5649; x_wconf 72' lang='grc' dir='ltr'>περὶ</span> <span class='ocrx_word' id='word_1_754' title='bbox 648 5579 741 5657; x_wconf 81' lang='grc' dir='ltr'><strong>τοῦ</strong></span> <span class='ocrx_word' id='word_1_755' title='bbox 774 5579 986 5657; x_wconf 68' lang='grc' dir='ltr'>ῐίάσχα,</span> <span class='ocrx_word' id='word_1_756' title='bbox 1016 5582 1179 5635; x_wconf 73' lang='lat' dir='ltr'><strong>etiam</strong></span> <span class='ocrx_word' id='word_1_757' title='bbox 1214 5573 1770 5657; x_wconf 50' lang='lat' dir='ltr'><strong>a_M§cau_~io_Chrysoi</strong></span> 
     </span>
    </p>
   </div>
   <div class='ocr_carea' id='block_1_107' title="bbox 214 5648 1769 5719">
    <p class='ocr_par' dir='ltr' id='par_1_107' title="bbox 214 5648 1769 5719">
     <span class='ocr_line' id='line_1_107' title="bbox 214 5648 1769 5719; baseline 0.012 -26"><span class='ocrx_word' id='word_1_758' title='bbox 214 5648 428 5719; x_wconf 71' lang='lat' dir='ltr'><strong>a-ephalo</strong></span> <span class='ocrx_word' id='word_1_759' title='bbox 457 5649 509 5701; x_wconf 89' lang='lat' dir='ltr'><strong>in</strong></span> <span class='ocrx_word' id='word_1_760' title='bbox 547 5648 644 5719; x_wconf 80' lang='lat' dir='ltr'><strong>sua</strong></span> <span class='ocrx_word' id='word_1_761' title='bbox 694 5648 905 5702; x_wconf 82' lang='lat' dir='ltr'><strong>inedita</strong></span> <span class='ocrx_word' id='word_1_762' title='bbox 945 5661 1132 5705; x_wconf 89' lang='lat' dir='ltr'><strong>catena</strong></span> <span class='ocrx_word' id='word_1_763' title='bbox 1171 5653 1291 5707; x_wconf 88' lang='lat' dir='ltr'><strong>cod.</strong></span> <span class='ocrx_word' id='word_1_764' title='bbox 1323 5653 1381 5706; x_wconf 86' lang='lat' dir='ltr'><strong>E.</strong></span> <span class='ocrx_word' id='word_1_765' title='bbox 1420 5652 1459 5706; x_wconf 71' lang='grc' dir='ltr'><strong>Γ.</strong></span> <span class='ocrx_word' id='word_1_766' title='bbox 1493 5654 1583 5719; x_wconf 84' lang='grc'><strong>95,</strong></span> <span class='ocrx_word' id='word_1_767' title='bbox 1623 5648 1678 5718; x_wconf 65' lang='grc' dir='ltr'><strong>ΙΙ,</strong></span> <span class='ocrx_word' id='word_1_768' title='bbox 1714 5668 1769 5711; x_wconf 89' lang='lat' dir='ltr'><strong>et</strong></span> 
     </span>
    </p>
   </div>
   <div class='ocr_carea' id='block_1_108' title="bbox 215 5717 1766 5790">
    <p class='ocr_par' dir='ltr' id='par_1_108' title="bbox 215 5717 1766 5790">
     <span class='ocr_line' id='line_1_108' title="bbox 215 5717 1766 5790; baseline 0.01 -25"><span class='ocrx_word' id='word_1_769' title='bbox 215 5717 417 5779; x_wconf 84' lang='lat' dir='ltr'><strong>quidem</strong></span> <span class='ocrx_word' id='word_1_770' title='bbox 440 5732 549 5771; x_wconf 89' lang='lat' dir='ltr'><strong>non</strong></span> <span class='ocrx_word' id='word_1_771' title='bbox 577 5718 693 5790; x_wconf 82' lang='lat' dir='ltr'><strong>sine</strong></span> <span class='ocrx_word' id='word_1_772' title='bbox 728 5720 920 5790; x_wconf 49' lang='lat' dir='ltr'><strong>verbis</strong></span> <span class='ocrx_word' id='word_1_773' title='bbox 949 5720 1107 5787; x_wconf 87' lang='lat' dir='ltr'><strong>paulo</strong></span> <span class='ocrx_word' id='word_1_774' title='bbox 1138 5722 1383 5790; x_wconf 86' lang='lat' dir='ltr'><strong>pluribus</strong></span> <span class='ocrx_word' id='word_1_775' title='bbox 1406 5717 1575 5789; x_wconf 83' lang='lat' dir='ltr'><strong>quam</strong></span> <span class='ocrx_word' id='word_1_776' title='bbox 1611 5740 1640 5778; x_wconf 90' lang='lat' dir='ltr'><strong>a</strong></span> <span class='ocrx_word' id='word_1_777' title='bbox 1676 5726 1766 5779; x_wconf 86' lang='lat' dir='ltr'><strong>Ni-</strong></span> 
     </span>
    </p>
   </div>
   <div class='ocr_carea' id='block_1_109' title="bbox 215 5788 1765 5866">
    <p class='ocr_par' dir='ltr' id='par_1_109' title="bbox 215 5788 1765 5866">
     <span class='ocr_line' id='line_1_109' title="bbox 215 5788 1765 5866; baseline 0.01 -29"><span class='ocrx_word' id='word_1_778' title='bbox 215 5794 356 5856; x_wconf 80' lang='lat' dir='ltr'><strong>ceta;</strong></span> <span class='ocrx_word' id='word_1_779' title='bbox 394 5788 745 5861; x_wconf 80' lang='lat' dir='ltr'><strong>quamobrem</strong></span> <span class='ocrx_word' id='word_1_780' title='bbox 778 5803 843 5844; x_wconf 81' lang='lat' dir='ltr'><strong>ex</strong></span> <span class='ocrx_word' id='word_1_781' title='bbox 886 5789 1115 5847; x_wconf 88' lang='lat' dir='ltr'><strong>Eusebio</strong></span> <span class='ocrx_word' id='word_1_782' title='bbox 1140 5788 1326 5863; x_wconf 82' lang='lat' dir='ltr'><strong>potius</strong></span> <span class='ocrx_word' id='word_1_783' title='bbox 1363 5788 1479 5866; x_wconf 67' lang='lat' dir='ltr'><strong>ipSo</strong></span> <span class='ocrx_word' id='word_1_784' title='bbox 1507 5810 1667 5865; x_wconf 88' lang='lat' dir='ltr'><strong>quam</strong></span> <span class='ocrx_word' id='word_1_785' title='bbox 1699 5812 1765 5854; x_wconf 79' lang='lat' dir='ltr'><strong>ex</strong></span> 
     </span>
    </p>
   </div>
   <div class='ocr_carea' id='block_1_110' title="bbox 1876 4712 3455 4783">
    <p class='ocr_par' dir='ltr' id='par_1_110' title="bbox 1876 4712 3455 4783">
     <span class='ocr_line' id='line_1_110' title="bbox 1876 4712 3455 4783; baseline 0 -16"><span class='ocrx_word' id='word_1_786' title='bbox 1876 4712 2074 4767; x_wconf 80' lang='lat' dir='ltr'><strong>inﬁmis</strong></span> <span class='ocrx_word' id='word_1_787' title='bbox 2098 4714 2163 4767; x_wconf 89' lang='lat' dir='ltr'><strong>ad</strong></span> <span class='ocrx_word' id='word_1_788' title='bbox 2192 4728 2451 4783; x_wconf 89' lang='lat' dir='ltr'><strong>superna,</strong></span> <span class='ocrx_word' id='word_1_789' title='bbox 2484 4728 2514 4767; x_wconf 89' lang='lat' dir='ltr'><strong>a</strong></span> <span class='ocrx_word' id='word_1_790' title='bbox 2554 4713 2768 4768; x_wconf 83' lang='lat' dir='ltr'><strong>mortali</strong></span> <span class='ocrx_word' id='word_1_791' title='bbox 2812 4714 2921 4768; x_wconf 86' lang='lat' dir='ltr'><strong>vita</strong></span> <span class='ocrx_word' id='word_1_792' title='bbox 2951 4714 3019 4768; x_wconf 88' lang='lat' dir='ltr'><strong>ad</strong></span> <span class='ocrx_word' id='word_1_793' title='bbox 3076 4714 3455 4767; x_wconf 83' lang='lat' dir='ltr'><strong>immortalita-</strong></span> 
     </span>
    </p>
   </div>
   <div class='ocr_carea' id='block_1_111' title="bbox 1878 4805 3451 4875">
    <p class='ocr_par' dir='ltr' id='par_1_111' title="bbox 1878 4805 3451 4875">
     <span class='ocr_line' id='line_1_111' title="bbox 1878 4805 3451 4875; baseline -0.001 -17"><span class='ocrx_word' id='word_1_794' title='bbox 1878 4813 1983 4858; x_wconf 90' lang='lat' dir='ltr'><strong>tem</strong></span> <span class='ocrx_word' id='word_1_795' title='bbox 2011 4818 2389 4873; x_wconf 82' lang='lat' dir='ltr'><strong>properamus.</strong></span> <span class='ocrx_word' id='word_1_796' title='bbox 2411 4805 2503 4861; x_wconf 92' lang='lat' dir='ltr'><strong>Sic</strong></span> <span class='ocrx_word' id='word_1_797' title='bbox 2530 4806 2673 4861; x_wconf 89' lang='lat' dir='ltr'><strong>enim</strong></span> <span class='ocrx_word' id='word_1_798' title='bbox 2703 4816 2925 4875; x_wconf 85' lang='lat' dir='ltr'><strong>peracto</strong></span> <span class='ocrx_word' id='word_1_799' title='bbox 2945 4805 3176 4860; x_wconf 78' lang='lat' dir='ltr'><strong>feliciter</strong></span> <span class='ocrx_word' id='word_1_800' title='bbox 3198 4807 3451 4870; x_wconf 80' lang='lat' dir='ltr'><strong>transitu,</strong></span> 
     </span>
    </p>
   </div>
   <div class='ocr_carea' id='block_1_112' title="bbox 1874 4896 3452 4968">
    <p class='ocr_par' dir='ltr' id='par_1_112' title="bbox 1874 4896 3452 4968">
     <span class='ocr_line' id='line_1_112' title="bbox 1874 4896 3452 4968; baseline 0.001 -18"><span class='ocrx_word' id='word_1_801' title='bbox 1874 4897 2043 4963; x_wconf 78' lang='lat' dir='ltr'><strong>major</strong></span> <span class='ocrx_word' id='word_1_802' title='bbox 2067 4896 2170 4951; x_wconf 82' lang='lat' dir='ltr'><strong>alia</strong></span> <span class='ocrx_word' id='word_1_803' title='bbox 2196 4898 2429 4966; x_wconf 79' lang='lat' dir='ltr'><strong>excipiet</strong></span> <span class='ocrx_word' id='word_1_804' title='bbox 2447 4913 2544 4953; x_wconf 87' lang='lat' dir='ltr'><strong>nos</strong></span> <span class='ocrx_word' id='word_1_805' title='bbox 2559 4898 2874 4954; x_wconf 88' lang='lat' dir='ltr'><strong>solemnitas</strong></span> <span class='ocrx_word' id='word_1_806' title='bbox 2889 4900 2907 4968; x_wconf 74' lang='grc' dir='ltr'>ζ</span> <span class='ocrx_word' id='word_1_807' title='bbox 2912 4914 3070 4966; x_wconf 86' lang='lat' dir='ltr'><strong>quam</strong></span> <span class='ocrx_word' id='word_1_808' title='bbox 3098 4898 3452 4955; x_wconf 84' lang='lat' dir='ltr'><strong>Pentecosleu</strong></span> 
     </span>
    </p>
   </div>
   <div class='ocr_carea' id='block_1_113' title="bbox 1875 4988 3454 5060">
    <p class='ocr_par' dir='ltr' id='par_1_113' title="bbox 1875 4988 3454 5060">
     <span class='ocr_line' id='line_1_113' title="bbox 1875 4988 3454 5060; baseline 0.002 -19"><span class='ocrx_word' id='word_1_809' title='bbox 1875 4988 2105 5043; x_wconf 85' lang='lat' dir='ltr'><strong>Hebraei</strong></span> <span class='ocrx_word' id='word_1_810' title='bbox 2131 4990 2435 5060; x_wconf 89' lang='lat' dir='ltr'><strong>nominant)</strong></span> <span class='ocrx_word' id='word_1_811' title='bbox 2475 4990 2623 5059; x_wconf 88' lang='lat' dir='ltr'><strong>regni</strong></span> <span class='ocrx_word' id='word_1_812' title='bbox 2646 4990 2907 5047; x_wconf 78' lang='lat' dir='ltr'><strong>ctelorum</strong></span> <span class='ocrx_word' id='word_1_813' title='bbox 2938 4990 3229 5059; x_wconf 90' lang='lat' dir='ltr'><strong>imaginem</strong></span> <span class='ocrx_word' id='word_1_814' title='bbox 3263 5006 3374 5060; x_wconf 71' lang='lat' dir='ltr'><strong>prae</strong></span> <span class='ocrx_word' id='word_1_815' title='bbox 3395 5006 3454 5044; x_wconf 86' lang='lat' dir='ltr'><strong>se</strong></span> 
     </span>
    </p>
   </div>
   <div class='ocr_carea' id='block_1_114' title="bbox 1875 5076 3455 5149">
    <p class='ocr_par' dir='ltr' id='par_1_114' title="bbox 1875 5076 3455 5149">
     <span class='ocr_line' id='line_1_114' title="bbox 1875 5076 3455 5149; baseline 0.001 -18"><span class='ocrx_word' id='word_1_816' title='bbox 1875 5078 2077 5133; x_wconf 80' lang='lat' dir='ltr'><strong>ferens.</strong></span> <span class='ocrx_word' id='word_1_817' title='bbox 2107 5076 2198 5132; x_wconf 86' lang='lat' dir='ltr'><strong>Ait</strong></span> <span class='ocrx_word' id='word_1_818' title='bbox 2233 5077 2415 5145; x_wconf 87' lang='lat' dir='ltr'><strong>itaque</strong></span> <span class='ocrx_word' id='word_1_819' title='bbox 2451 5078 2663 5147; x_wconf 81' lang='lat' dir='ltr'><strong>Moyses</strong></span> <span class='ocrx_word' id='word_1_820' title='bbox 2701 5077 2827 5132; x_wconf 80' lang='lat' dir='ltr'><strong>:Ea:</strong></span> <span class='ocrx_word' id='word_1_821' title='bbox 2854 5096 2958 5148; x_wconf 79' lang='lat' dir='ltr'><strong>quo</strong></span> <span class='ocrx_word' id='word_1_822' title='bbox 3002 5080 3189 5149; x_wconf 79' lang='lat' dir='ltr'><strong>falcem</strong></span> <span class='ocrx_word' id='word_1_823' title='bbox 3224 5081 3279 5133; x_wconf 82' lang='lat' dir='ltr'><strong>in</strong></span> <span class='ocrx_word' id='word_1_824' title='bbox 3323 5097 3455 5135; x_wconf 77' lang='lat' dir='ltr'><strong>mes-</strong></span> 
     </span>
    </p>
   </div>
   <div class='ocr_carea' id='block_1_115' title="bbox 1873 5170 3452 5242">
    <p class='ocr_par' dir='ltr' id='par_1_115' title="bbox 1873 5170 3452 5242">
     <span class='ocr_line' id='line_1_115' title="bbox 1873 5170 3452 5242; baseline 0.003 -19"><span class='ocrx_word' id='word_1_825' title='bbox 1873 5186 1981 5225; x_wconf 72' lang='lat' dir='ltr'><strong>sem</strong></span> <span class='ocrx_word' id='word_1_826' title='bbox 2008 5170 2234 5232; x_wconf 74' lang='lat' dir='ltr'><strong>miseris,</strong></span> <span class='ocrx_word' id='word_1_827' title='bbox 2261 5171 2563 5225; x_wconf 75' lang='lat' dir='ltr'><strong>numerabis</strong></span> <span class='ocrx_word' id='word_1_828' title='bbox 2597 5173 2691 5225; x_wconf 81' lang='lat' dir='ltr'><strong>tibi</strong></span> <span class='ocrx_word' id='word_1_829' title='bbox 2720 5183 2908 5242; x_wconf 73' lang='lat' dir='ltr'><strong>septeni</strong></span> <span class='ocrx_word' id='word_1_830' title='bbox 2954 5173 3328 5240; x_wconf 73' lang='lat' dir='ltr'><strong>hebdomadas,</strong></span> <span class='ocrx_word' id='word_1_831' title='bbox 3360 5190 3452 5227; x_wconf 83' lang='lat' dir='ltr'><strong>no-</strong></span> 
     </span>
    </p>
   </div>
   <div class='ocr_carea' id='block_1_116' title="bbox 1878 5265 3449 5334">
    <p class='ocr_par' dir='ltr' id='par_1_116' title="bbox 1878 5265 3449 5334">
     <span class='ocr_line' id='line_1_116' title="bbox 1878 5265 3449 5334; baseline 0.002 -18"><span class='ocrx_word' id='word_1_832' title='bbox 1878 5279 2071 5333; x_wconf 70' lang='lat' dir='ltr'><strong>vosque</strong></span> <span class='ocrx_word' id='word_1_833' title='bbox 2101 5280 2261 5333; x_wconf 80' lang='lat' dir='ltr'><strong>parm</strong></span> <span class='ocrx_word' id='word_1_834' title='bbox 2306 5279 2372 5318; x_wconf 77' lang='lat' dir='ltr'><strong>ea:</strong></span> <span class='ocrx_word' id='word_1_835' title='bbox 2407 5280 2537 5318; x_wconf 81' lang='lat' dir='ltr'><strong>nova</strong></span> <span class='ocrx_word' id='word_1_836' title='bbox 2560 5280 2726 5318; x_wconf 72' lang='lat' dir='ltr'><strong>metu</strong></span> <span class='ocrx_word' id='word_1_837' title='bbox 2751 5280 3008 5334; x_wconf 68' lang='lat' dir='ltr'><strong>proponas</strong></span> <span class='ocrx_word' id='word_1_838' title='bbox 3043 5276 3165 5320; x_wconf 79' lang='lat' dir='ltr'><strong>ante</strong></span> <span class='ocrx_word' id='word_1_839' title='bbox 3192 5265 3359 5321; x_wconf 76' lang='lat' dir='ltr'><strong>Deum</strong></span> <span class='ocrx_word' id='word_1_840' title='bbox 3384 5267 3449 5319; x_wconf 80' lang='lat'><strong>“.</strong></span> 
     </span>
    </p>
   </div>
   <div class='ocr_carea' id='block_1_117' title="bbox 1882 5444 2886 5503">
    <p class='ocr_par' dir='ltr' id='par_1_117' title="bbox 1882 5444 2886 5503">
     <span class='ocr_line' id='line_1_117' title="bbox 1882 5444 2886 5503; baseline 0.004 -4"><span class='ocrx_word' id='word_1_841' title='bbox 1882 5445 2065 5499; x_wconf 82' lang='lat' dir='ltr'><strong>Niceta</strong></span> <span class='ocrx_word' id='word_1_842' title='bbox 2092 5444 2336 5500; x_wconf 82' lang='lat' dir='ltr'><strong>hausisse</strong></span> <span class='ocrx_word' id='word_1_843' title='bbox 2366 5446 2577 5499; x_wconf 87' lang='lat' dir='ltr'><strong>videtur</strong></span> <span class='ocrx_word' id='word_1_844' title='bbox 2599 5444 2886 5503; x_wconf 79' lang='lat' dir='ltr'><strong>Macarius.</strong></span> 
     </span>
    </p>
   </div>
   <div class='ocr_carea' id='block_1_118' title="bbox 1950 5514 2641 5587">
    <p class='ocr_par' dir='ltr' id='par_1_118' title="bbox 1950 5514 2641 5587">
     <span class='ocr_line' id='line_1_118' title="bbox 1950 5514 2641 5587; baseline 0 -1"><span class='ocrx_word' id='word_1_845' title='bbox 1950 5515 2083 5587; x_wconf 73' lang='lat'><strong>(27»</strong></span> <span class='ocrx_word' id='word_1_846' title='bbox 2101 5514 2241 5587; x_wconf 70' lang='lat' dir='ltr'><strong>90d-</strong></span> <span class='ocrx_word' id='word_1_847' title='bbox 2272 5516 2370 5587; x_wconf 75' lang='grc' dir='ltr'><strong>τὴν</strong></span> <span class='ocrx_word' id='word_1_848' title='bbox 2398 5516 2641 5586; x_wconf 72' lang='grc' dir='ltr'>ὑφήλιον.</span> 
     </span>
    </p>
   </div>
   <div class='ocr_carea' id='block_1_119' title="bbox 1950 5583 3454 5656">
    <p class='ocr_par' dir='ltr' id='par_1_119' title="bbox 1950 5583 3454 5656">
     <span class='ocr_line' id='line_1_119' title="bbox 1950 5583 3454 5656; baseline 0.003 -18"><span class='ocrx_word' id='word_1_849' title='bbox 1950 5583 2070 5654; x_wconf 59' lang='grc'><strong>(28⁷⁷</strong></span> <span class='ocrx_word' id='word_1_850' title='bbox 2101 5583 2240 5656; x_wconf 84' lang='lat' dir='ltr'><strong>Dicit</strong></span> <span class='ocrx_word' id='word_1_851' title='bbox 2280 5583 2504 5656; x_wconf 53' lang='lat' dir='ltr'><strong>cy&#39;clum&#39;</strong></span> <span class='ocrx_word' id='word_1_852' title='bbox 2536 5586 2877 5655; x_wconf 67' lang='lat' dir='ltr'><strong>paschaleuw,</strong></span> <span class='ocrx_word' id='word_1_853' title='bbox 2918 5586 3218 5655; x_wconf 71' lang='lat' dir='ltr'><strong>cuiusmodi</strong></span> <span class='ocrx_word' id='word_1_854' title='bbox 3272 5586 3454 5654; x_wconf 84' lang='lat' dir='ltr'><strong>plures</strong></span> 
     </span>
    </p>
   </div>
   <div class='ocr_carea' id='block_1_120' title="bbox 1879 5655 3453 5726">
    <p class='ocr_par' dir='ltr' id='par_1_120' title="bbox 1879 5655 3453 5726">
     <span class='ocr_line' id='line_1_120' title="bbox 1879 5655 3453 5726; baseline 0.003 -17"><span class='ocrx_word' id='word_1_855' title='bbox 1879 5656 1932 5709; x_wconf 93' lang='lat' dir='ltr'><strong>in</strong></span> <span class='ocrx_word' id='word_1_856' title='bbox 1977 5655 2214 5726; x_wconf 84' lang='lat' dir='ltr'><strong>antiquis</strong></span> <span class='ocrx_word' id='word_1_857' title='bbox 2243 5655 2609 5711; x_wconf 86' lang='lat' dir='ltr'><strong>monumentis</strong></span> <span class='ocrx_word' id='word_1_858' title='bbox 2644 5667 2750 5710; x_wconf 92' lang='lat' dir='ltr'><strong>tam</strong></span> <span class='ocrx_word' id='word_1_859' title='bbox 2783 5657 3003 5726; x_wconf 83' lang='lat' dir='ltr'><strong>scriptis</strong></span> <span class='ocrx_word' id='word_1_860' title='bbox 3033 5672 3194 5725; x_wconf 84' lang='lat' dir='ltr'><strong>quam</strong></span> <span class='ocrx_word' id='word_1_861' title='bbox 3224 5659 3453 5725; x_wconf 81' lang='lat' dir='ltr'><strong>sculptis</strong></span> 
     </span>
    </p>
   </div>
   <div class='ocr_carea' id='block_1_121' title="bbox 1875 5724 3451 5852">
    <p class='ocr_par' dir='ltr' id='par_1_121' title="bbox 1875 5724 3451 5852">
     <span class='ocr_line' id='line_1_121' title="bbox 1875 5724 3451 5800; baseline 0.004 -22"><span class='ocrx_word' id='word_1_862' title='bbox 1875 5734 2108 5778; x_wconf 78' lang='lat' dir='ltr'><strong>exstant.</strong></span> <span class='ocrx_word' id='word_1_863' title='bbox 2142 5724 2348 5779; x_wconf 81' lang='lat' dir='ltr'><strong>Videsis</strong></span> <span class='ocrx_word' id='word_1_864' title='bbox 2372 5726 2618 5798; x_wconf 85' lang='lat' dir='ltr'><strong>Inscript.</strong></span> <span class='ocrx_word' id='word_1_865' title='bbox 2645 5728 2763 5782; x_wconf 89' lang='lat' dir='ltr'><strong>chr.</strong></span> <span class='ocrx_word' id='word_1_866' title='bbox 2798 5724 2939 5797; x_wconf 77' lang='lat' dir='ltr'><strong>apud</strong></span> <span class='ocrx_word' id='word_1_867' title='bbox 2974 5724 3097 5794; x_wconf 77' lang='lat' dir='ltr'><strong>nos,</strong></span> <span class='ocrx_word' id='word_1_868' title='bbox 3125 5727 3320 5800; x_wconf 81' lang='lat' dir='ltr'><strong>Script.</strong></span> <span class='ocrx_word' id='word_1_869' title='bbox 3346 5724 3451 5783; x_wconf 63' lang='grc' dir='ltr'><strong>ιιι.</strong></span> 
     </span>
     <span class='ocr_line' id='line_1_122' title="bbox 1877 5794 2445 5852; baseline 0 -3"><span class='ocrx_word' id='word_1_870' title='bbox 1877 5804 1914 5850; x_wconf 84' lang='grc' dir='ltr'><strong>ι.</strong></span> <span class='ocrx_word' id='word_1_871' title='bbox 1961 5795 2023 5852; x_wconf 83' lang='grc' dir='ltr'><strong>γ.</strong></span> <span class='ocrx_word' id='word_1_872' title='bbox 2060 5811 2111 5852; x_wconf 88' lang='lat' dir='ltr'><strong>D.</strong></span> <span class='ocrx_word' id='word_1_873' title='bbox 2144 5794 2210 5849; x_wconf 87' lang='lat'><strong>70</strong></span> <span class='ocrx_word' id='word_1_874' title='bbox 2237 5803 2292 5852; x_wconf 83' lang='lat' dir='ltr'><strong>et</strong></span> <span class='ocrx_word' id='word_1_875' title='bbox 2321 5795 2445 5851; x_wconf 70' lang='lat'><strong>472.</strong></span> 
     </span>
    </p>
   </div>
   <div class='ocr_carea' id='block_1_122' title="bbox 1877 5803 2445 5858">
    <p class='ocr_par' dir='ltr' id='par_1_122' title="bbox 1877 5803 2445 5858">
     <span class='ocr_line' id='line_1_123' title="bbox 1877 5803 2445 5858; baseline 0 -9"><span class='ocrx_word' id='word_1_876' title='bbox 1877 5804 1914 5850; x_wconf 90' lang='grc' dir='ltr'><strong>ι.</strong></span> <span class='ocrx_word' id='word_1_877' title='bbox 1962 5803 2023 5858; x_wconf 73' lang='grc' dir='ltr'><strong>Υ.</strong></span> <span class='ocrx_word' id='word_1_878' title='bbox 2060 5811 2111 5858; x_wconf 86' lang='lat' dir='ltr'><strong>D.</strong></span> <span class='ocrx_word' id='word_1_879' title='bbox 2144 5803 2210 5849; x_wconf 82' lang='lat' dir='ltr'><strong>7U</strong></span> <span class='ocrx_word' id='word_1_880' title='bbox 2237 5803 2292 5853; x_wconf 82' lang='lat' dir='ltr'><strong>et</strong></span> <span class='ocrx_word' id='word_1_881' title='bbox 2321 5803 2445 5851; x_wconf 66' lang='lat'><strong>472.</strong></span> 
     </span>
    </p>
   </div>
  </div>
