4070 6304
667 319 771 372 ουν

1333 306 1600 364 ευεεΒιι
1638 305 2108 384 ϐΕδΑΒΙΕΝδΙῧ
2144 306 2224 364 0P

2336 307 2514 365 PARS
2547 305 2637 362 ιν.
2685 333 2752 348 -
2787 295 3207 358 DOGIATICA.
3793 299 3888 353 τω

671 436 1232 507 Signiﬁcabatuetnpe
1275 434 1590 503 prophetica
1627 435 1726 488 hac
1756 432 1923 502 ﬁgura
1958 447 2053 502 per
2093 447 2224 487 mes-

2335 432 2592 502 Μωῦσῆςο
2654 425 3014 497 Ἀρχομένου
3035 439 3152 478 σου
3186 421 3486 491 δρέπανον
3525 421 3620 474 ἐπ’
3654 422 3886 490 War.
3961 403 3970 436 ⁵

670 545 783 585 sem
815 527 1028 597 quidem
1063 528 1400 581 vocationem
1430 524 1690 596 gentium,
1715 538 1809 593 per
1839 537 2004 577 novos
2040 539 2225 592 panes,

671 620 875 672 animas
900 615 1100 670 Christi
1129 616 1336 671 meritis
1355 613 1565 669 oblatas
1592 613 1720 678 Deo,
1760 611 2136 682 ecclesiasque
2160 628 2227 666 ex

668 708 898 764 ethnicis
923 705 1199 768 eonlhtas.
1229 719 1454 775 quarum
1500 717 1662 758 causa
1709 702 1999 756 maximum
2030 702 2225 758 festum

669 800 811 866 apud
841 798 1127 868 benignum
1157 797 1319 851 Deum
1355 793 1431 848 lit.
1457 792 1698 862 Namque
1723 793 2075 848 rationalibus
2098 808 2228 863 apo-

667 889 924 944 stolorum
957 888 1183 942 falcibus
1211 886 1466 948 demessi,
1499 886 1710 939 cunctis
1737 883 1934 952 ubique
1959 895 2224 938 terrarum

668 979 914 1034 ecclesiis
973 987 1226 1045 tauquam
1276 976 1329 1029 in
1362 991 1486 1030 area
1543 974 1796 1043 globatim
1851 977 2222 1043 congregatis,

667 1069 916 1127 concordi
951 1069 1072 1122 lidei
1109 1068 1375 1122 sententia
1423 1065 1728 1134 corporati,
1758 1063 1871 1117 sale
1918 1063 2222 1120 divinarum

669 1160 1032 1215 doctrinarum
1076 1171 1139 1210 ac
1169 1155 1564 1224 disciplinarum
1595 1155 1815 1218 canditi,
1847 1169 1982 1220 aqua
2013 1165 2067 1207 et
2105 1155 2224 1224 igne

669 1247 842 1302 sancti
899 1244 1129 1314 Spiritus
1185 1243 1498 1313 regenerati.
1551 1257 1716 1311 panes
1755 1243 1960 1298 escales
1996 1240 2222 1311 iucundi

669 1335 912 1404 gratique
945 1334 1054 1390 Deo
1085 1349 1179 1403 per
1203 1333 1474 1388 Christum
1507 1331 1802 1387 oil'erimur.

2330 523 2479 576 ἑκτὰ
2511 519 2842 589 ἑϐδομάδας
2886 515 3231 586 ἀριθμήσας
3277 511 3531 579 σεαυτῷ,
3576 514 3675 566 καὶ
3725 516 3888 578 νέους

2330 611 2548 678 ἄρτους
2573 610 2640 662 ἐκ
2657 609 2811 662 νέων
2824 605 3063 676 ἀμήτων
3080 602 3450 672 ⁴παραθήσεις
3474 601 3554 667 τῷ
3577 601 3719 667 Θεῷ.
3745 603 3886 674 Ἐδή-

2328 701 2420 754 λου
2445 700 2501 753 δὲ
2528 699 2640 764 ἀρα
2680 695 3001 770 προφητιώ
3025 695 3180 764 τύπῳ
3204 694 3414 764 ἄμητον
3455 694 3556 764 μὲν
3582 693 3694 746 τῶν
3731 694 3888 747 “vi”

2327 793 2428 864 τήν
2468 790 2681 860 κλῆσιν,
2713 789 2864 852 νέους
2883 788 2939 842 δὲ
2971 787 3166 857 ἄρτους
3190 784 3289 848 τάς
3310 785 3399 840 διά
3419 782 3653 858 Χριστοῦ
3681 783 3758 853 τῷ
3784 783 3893 853 Θεῴ

2329 880 2833 953 προσενηνεγμένας
2856 878 3051 950 ψυχὰς,
3072 878 3170 940 τάς
3195 892 3256 930 τε
3277 877 3336 942 λε
3359 876 3526 929 ἐθνῶν
3584 875 3896 944 ἐκκλησίας.

2328 974 2413 1042 ιφ*
2444 969 2532 1036 αἷς
2579 971 2740 1044 ἑορτὴ
2790 970 3019 1041 μεγίστη
3053 969 3132 1039 τῷ
3166 967 3530 1039 φιλανθρώταρ
3565 968 3686 1038 Θεῷ
3712 983 3892 1022 συντι-

2325 1063 2514 1117 λεῐται·
2563 1063 2612 1116 οἳ
2657 1065 2776 1125 ταῖς
2814 1061 2921 1115 τῶν
2966 1061 3292 1132 ἀποστόλων
3311 1061 3553 1127 λογικατς
3592 1059 3888 1130 δρεπάναις
3981 1059 3993 1134 ξ

2325 1153 2682 1224 θερισθέντες,
2727 1153 2821 1205 καὶ
2857 1151 3044 1224 ὥσπερ
3071 1152 3150 1214 εἰς
3180 1150 3322 1213 ἄλως
3341 1150 3439 1213 τὰς
3465 1150 3778 1218 ἁπανταχοῦ
3802 1150 3893 1217 γῆς
3987 1150 3993 1192 ί

2324 1243 2648 1314 Ἐκκλησίας
2681 1241 3031 1312 συναχθέντες
3066 1243 3154 1312 ὑφ’
3185 1243 3263 1306 ἓν,
3289 1241 3552 1312 όμοφώνῳ
3573 1259 3633 1295 τε
3666 1242 3896 1295 διαθέσει

2325 1335 2558 1398 πίστεως
2597 1333 3151 1404 σωματοποιηθέντες,
3187 1334 3281 1387 καὶ
3311 1334 3433 1386 ἀλσὶ
3478 1337 3589 1396 τοῖς
3627 1333 3738 1386 ἀπὸ
3793 1333 3894 1384 τῶν

667 1427 826 1482 θείων
853 1428 1024 1496 λόγων
1075 1426 1385 1497 μαθήμασιν
1417 1425 1816 1496 ἐξαρτυθέντες,
1849 1426 1915 1479 δι’
1954 1425 2144 1490 ὕδατός
2175 1443 2235 1480 τε
2271 1427 2365 1480 καὶ
2416 1429 2586 1498 πυρὸς
2629 1428 2783 1495 ἀγίου
2848 1427 3160 1498 Πνεύματος
3221 1425 3692 1496 ἀναγεννηθέντες,
3747 1424 3893 1496 ἄρτοι

667 1521 924 1592 τρόφιμοι
956 1523 1239 1592 προσηνεῖς
1271 1521 1364 1573 καὶ
1387 1521 1605 1590 ἀρεστοὶ
1637 1520 1715 1590 τῷ
1742 1521 1860 1591 Θεῷ
1881 1521 1971 1574 διά
1998 1520 2231 1592 Χριστοῦ
2271 1521 2711 1592 προσφερόμεθα.

740 1613 793 1666 5.
817 1612 910 1668 Sic
933 1625 1061 1682 ergo
1110 1611 1441 1680 prapheticis
1471 1610 1665 1679 Moysis
1710 1613 1966 1682 symbolis
2013 1614 2064 1666 in
2112 1626 2220 1667 rem

2391 1620 2464 1667 ε’.
2496 1613 2676 1684 Ταύτῃ
2714 1629 2790 1682 πη
2822 1610 2930 1664 τῶν
2956 1611 3104 1682 παρὰ
3139 1610 3360 1664 Muian
3383 1607 3735 1681 προφητικῶν
3765 1625 3896 1678 συμρ
4001 1614 4003 1682 1

669 1719 850 1759 veram
887 1703 1156 1759 sanctiore
1201 1699 1392 1756 eﬂecm
1427 1701 1653 1766 collatis,
1694 1703 1952 1758 laetiorem
1997 1719 2096 1758 nos
2141 1719 2229 1758 so-

671 1793 1004 1848 lemuitatem
1055 1805 1216 1860 agere
1269 1791 1564 1845 traditione
1605 1793 1913 1857 didicimus.
1970 1809 2068 1849 ceu
2115 1793 2227 1862 iam

668 1895 788 1934 cum
847 1879 1137 1935 Servatore
1186 1889 1373 1934 nostro
1426 1879 1744 1944 coatlunati,
1789 1881 2013 1948 ejusque
2068 1895 2229 1949 regno

669 1971 928 2025 fruentes.
954 1968 1244 2040 Pr0pterea
1271 1969 1416 2022 nullo
1436 1969 1590 2022 nobis
1609 1969 1791 2023 labore
1807 1974 2043 2024 ascetico
2064 1971 2227 2024 atteri

670 2061 808 2114 intra
859 2060 960 2115 hoc
992 2058 1184 2115 festum
1221 2060 1554 2123 conceditur,
1591 2061 1685 2113 sed
1737 2070 1964 2130 sperata:
1991 2061 2041 2115 in
2069 2060 2229 2116 cmlis

668 2150 862 2219 quietis
903 2150 1184 2218 imaginem
1225 2152 1486 2206 exhibere
1549 2149 1822 2205 docemur.
1849 2154 2028 2218 Quare
2053 2168 2149 2207 nec
2174 2154 2225 2206 in

670 2240 918 2311 precibus
983 2255 1126 2308 genu
1187 2241 1475 2307 nectimus,
1520 2256 1694 2311 neque
1747 2242 1852 2295 cibi
1903 2243 2227 2296 abstinentia

669 2339 879 2385 nosmet
915 2329 1223 2401 alliigimus.
1260 2332 1469 2387 Etenim
1512 2350 1628 2397 eos.
1675 2334 1870 2402 quibus
1901 2335 1954 2388 in
1993 2334 2101 2388 Dea
2147 2351 2230 2390 re-

669 2420 923 2489 surgendi
956 2421 1128 2489 gratia
1153 2420 1393 2488 fuit,iam
1423 2438 1526 2477 non
1555 2423 1713 2476 decet
1741 2426 1914 2478 denuo
1937 2424 2083 2478 humi
2107 2440 2227 2488 pro-

676 2511 935 2566 cumbere
967 2525 981 2573 ;
1011 2524 1131 2574 nec,
1160 2512 1500 2578 passionibus
1537 2512 1809 2574 liberatos.
1843 2514 1990 2580 paria
2023 2514 2226 2582 perpeti

672 2616 792 2655 cum
849 2601 1130 2669 mancipiis
1163 2603 1536 2671 cupiditatum.
1586 2603 1946 2669 Quamobrem
1975 2614 2096 2674 post
2122 2605 2225 2658 Pa-

673 2692 802 2746 scha
835 2691 1189 2747 Pentecosten
1231 2703 1434 2760 septem
1469 2695 1816 2749 hebdomadis
1844 2695 2061 2765 integris
2082 2697 2225 2750 cele-

674 2777 892 2832 bramus
922 2795 938 2844 ;
975 2780 1111 2833 sicut
1166 2780 1418 2848 pravium
1454 2779 1700 2835 Pascliati
1751 2792 1961 2850 tempus
1998 2785 2228 2853 quadra-

673 2869 944 2938 gesimalis
974 2870 1211 2924 exercitii
1278 2883 1370 2923 ses
1417 2869 1766 2926 hebdomadis
1799 2873 2026 2927 viriliter
2064 2875 2226 2929 susti-

671 2958 906 3014 nuimus.
958 2958 1093 3014 Nam
1142 2961 1388 3015 senarius
1437 2977 1690 3016 numerus
1747 2973 2022 3030 actuosus,
2049 2976 2108 3018 ut
2152 2966 2224 3019 ita

671 3048 868 3113 dicam,
895 3056 980 3102 est
1006 3057 1062 3103 et
1093 3046 1299 3103 emcax.
1337 3049 1462 3104 Ideo
1506 3059 1560 3103 et
1599 3065 1693 3105 sex
1746 3050 1935 3105 diebus
1979 3052 2223 3106 universa

673 3137 816 3193 Deus
855 3138 1159 3194 condidisse
1203 3139 1421 3194 dicitur.
1474 3137 1770 3195 Laboribus
1815 3151 1992 3196 autem
2043 3143 2094 3195 in
2136 3143 2222 3197 illa

676 3229 920 3283 toleratis
971 3228 1166 3282 merito
1222 3232 1474 3286 succedet
1524 3232 1755 3286 secunda
1803 3233 2118 3288 solemnitas
2171 3235 2222 3288 in

672 3326 880 3384 septem
931 3317 1298 3382 hebdomadis.
1327 3319 1679 3391 multiplicata
1712 3322 1866 3377 nobis
1891 3325 2097 3392 requie.
2128 3339 2223 3378 cu-

667 3407 760 3476 ius
779 3405 1080 3476 symbolum
1103 3410 1437 3478 septenarius
1476 3426 1732 3466 numerus
1761 3422 1863 3466 est.
1896 3412 2011 3467 Non
2045 3425 2221 3468 tamen

671 3506 739 3548 ex
785 3495 869 3548 his
917 3503 1124 3565 septem
1163 3497 1514 3571 hebdomadis
1553 3499 1898 3556 Pentecostes
1937 3516 2030 3556 seu
2065 3505 2224 3572 quin-

671 3584 1032 3653 quagenarius
1075 3600 1332 3643 numerus
1367 3587 1696 3643 adamussim
1742 3589 2070 3657 coniicitur;
2099 3608 2220 3646 nam

672 3683 940 3744 postrema
993 3675 1283 3733 excedente
1338 3679 1598 3743 monade.
1636 3679 1689 3734 in
1741 3680 1840 3736 hac
1887 3683 2221 3738 solemnissi-

674 3779 822 3818 mum
851 3762 1054 3820 Christi
1082 3767 1419 3830 ascendentis
1461 3768 1604 3822 diem
1645 3769 2006 3839 obsignantus.
2031 3771 2222 3829 Merito

673 3851 840 3923 igitur
875 3863 1081 3910 sanctae
1105 3855 1454 3913 Pentecoste's
1495 3855 1684 3914 diebus
1720 3859 1950 3915 futuram
1984 3865 2220 3933 requiem

675 3953 1143 4011 repraesentantes,
1175 3946 1310 4002 latis
1335 3947 1531 4002 animis
1558 3963 1768 4014 sumus,
1807 3951 2070 4021 simulque
2098 3968 2220 4006 cor-

673 4035 794 4102 pori
845 4033 1077 4103 quietem
1126 4035 1478 4106 indulgemus,
1523 4041 1678 4108 quasi
1722 4056 1844 4095 cum
1875 4040 2084 4112 Sponsa
2107 4044 2219 4114 iam

672 4137 971 4189 venemur,
1001 4125 1228 4195 ideoque
1257 4128 1409 4197 nobis
1431 4127 1680 4198 ieiunare
1721 4147 1827 4187 non
1869 4132 2046 4190 liceat.

742 4215 796 4271 6.
821 4213 927 4271 Sed
978 4225 1154 4273 tamen
1192 4220 1336 4289 quod
1373 4223 1515 4276 sacri
1552 4224 1897 4293 evangelista
1925 4225 2223 4286 Scrutaris

2328 1702 2498 1756 ϐόλων
2531 1705 2610 1766 είς
2652 1705 2786 1773 ἔργα
2830 1703 3171 1773 σεμνοτέροις
3201 1703 3314 1764 τοῖς
3351 1699 3752 1768 ἀποτελέσμασι
3793 1717 3896 1768 χω-

2329 1795 2581 1864 ρούντων,
2611 1793 2760 1846 αὐτοί
2790 1810 2853 1860 γε
2887 1793 2991 1863 μὴν
3013 1793 3109 1862 τὴν
3139 1791 3330 1862 ἑορτὴν
3359 1789 3720 1860 φαιδροτέραν
3748 1789 3899 1855 ἄγειν

2328 1885 2761 1955 παρειλήφαμεν,
2795 1882 2869 1946 ὡς
2923 1881 2988 1935 ἂν
3019 1882 3096 1952 τῷ
3151 1883 3361 1952 Σωτῆρι
3414 1879 3899 1950 συναγηγερμένοι,
4005 1875 4009 1954 ξ

2327 1974 2422 2026 καὶ
2449 1974 2546 2042 τῆς
2570 1972 2734 2026 αὐτοῦ
2760 1971 3031 2041 βασιλείας
3061 1970 3440 2032 ἀπολαύοντες.
3472 1969 3562 2021 Διὸ
3594 1969 3778 2022 οὐκέτι
3809 1984 3901 2019 πο-
4009 2016 4011 2046 γ

2329 2062 2534 2115 νεῖσθαι
2567 2061 2704 2115 κατά
2725 2061 2882 2132 τήνδε
2904 2061 3001 2130 τὴν
3025 2059 3214 2130 ἑορτὴν
3243 2056 3690 2128 συγχωρούμεθα,
3720 2057 3822 2124 τῆς
3855 2055 3899 2106 δ’

2328 2152 2688 2223 ελπιζομένης
2715 2155 2772 2206 έν
2803 2152 3048 2222 οὐρανοῖς
3075 2148 3432 2211 ἀναπαύσεως
3465 2148 3564 2215 τὴν
3594 2146 3780 2199 εἰκόνα
3808 2146 3898 2214 φέ-

2330 2260 2442 2314 ρειν
2469 2243 2846 2312 διδασκόμεθαο
2878 2241 2999 2294 ὅθεν
3029 2239 3137 2294 οὐδ’
3175 2241 3232 2292 ιν
3269 2241 3386 2302 ταῖς
3414 2240 3596 2307 εὐχαῖς
3625 2237 3755 2304 γόνυ
3787 2236 3898 2288 κλίο
4014 2236 4015 2250 ‘

2327 2352 2509 2403 νομεν,
2560 2334 2668 2386 οὐδ’
2707 2334 2941 2396 ἀσιτίαις
2995 2329 3462 2400 καταπονούμεθω
3496 2331 3620 2390 τοὺς
3652 2328 3762 2397 γὰρ
3799 2327 3893 2394 τῆς

2327 2426 2468 2479 κατά
2496 2423 2627 2478 Θεὸν
2661 2425 3004 2488 ἀναστάσεως
3053 2423 3382 2493 ἠξιωμένους
3412 2421 3587 2472 οὐκέτ’
3616 2415 3772 2481 αὖθις
3789 2412 3898 2470 οἷόν

2326 2533 2385 2568 τε
2409 2517 2501 2568 ἐπὶ
2539 2516 2640 2585 γῆς
2665 2516 2899 2568 πίπτειν·
2931 2515 3053 2568 οὐδὲ
3083 2517 3208 2577 τοὺς
3234 2513 3341 2567 τῶν
3379 2511 3565 2565 παθῶν
3595 2509 3898 2580 ἠλευθερω-

2329 2607 2521 2676 μένους
2550 2606 2618 2659 τά
2653 2607 2741 2659 ἴσα
2775 2606 3004 2676 πάσχειν
3036 2607 3148 2668 τοῖς
3175 2603 3748 2672 καταδεδουλωμένοις.
3811 2601 3901 2654 Διὸ

2329 2696 2464 2765 μετά
2490 2697 2550 2749 τὸ
2582 2696 2769 2767 Πάσχα
2796 2695 2896 2767 τὴν
2921 2694 3297 2766 Πεντηκοστὴν
3324 2696 3382 2746 ὲν
3427 2693 3720 2762 ἑϐδομάσιν
3762 2691 3902 2775 ἑπτά

2324 2786 2554 2850 τελείαις
2588 2786 2934 2857 ἑορτάζομεν,
2958 2785 3048 2837 τὸν
3083 2785 3181 2854 μὲν
3210 2783 3471 2854 πρότερον
3486 2783 3657 2835 αἰῶνα
3671 2783 3769 2852 τῆς
3795 2784 3900 2852 πρὸ

2325 2878 2419 2930 τοῦ
2464 2879 2653 2946 Πάσχα
2702 2875 3277 2948 τεσσαρακονθημὲρου
3319 2875 3703 2944 συνασκήσεως
3741 2875 3799 2925 ὲν
3841 2874 3901 2939 ἓξ

2255 2945 2300 3005 C
2332 2945 2622 3037 ἑϐδομάσιν
2675 2945 3071 3038 ἀνδρισάμενοι·
3093 2945 3380 3036 πρακτικὴ
3407 2963 3515 3034 γὰρ
3547 2966 3581 3035 ή
3632 2963 3759 3029 ἑξὰς
3809 2965 3905 3018 καὶ

2330 3060 2675 3128 ένεργητική·
2699 3059 2779 3110 διὸ
2804 3059 2894 3111 καὶ
2923 3059 2984 3110 ἐν
3012 3055 3070 3120 εξ
3097 3057 3330 3128 ἡμέραις
3346 3059 3377 3109 ό
3400 3055 3530 3119 Θεὸς
3547 3056 3905 3127 πεποιηκέναι

2331 3149 2550 3216 λέγεται
2576 3149 2644 3200 τὰ
2672 3147 2978 3219 σύμπαντα.
3011 3147 3148 3209 Τοὺς
3174 3147 3218 3200 δ’
3243 3148 3302 3200 ὲν
3333 3147 3515 3218 ἐκείνῃ
3546 3147 3743 3209 πόνους
3757 3147 3906 3200 εικό-

2327 3241 2490 3309 τωςὴ
2524 3239 2748 3308 δευτέρα
2793 3237 2952 3309 ἑορτὴ
2985 3239 3044 3290 ὲν
3083 3237 3372 3308 ἑϐδομάσιν
3406 3237 3546 3291 έπτά
3585 3236 3906 3302 διαδέξεται,

2329 3327 2904 3398 πολυπλασιαζομένης
2960 3330 3088 3399 ημῖν
3139 3328 3240 3397 τῆς
3282 3327 3659 3391 ἀναπαύσεως,
3713 3324 3783 3400 ἧς
3835 3328 3909 3382 τὰ

2330 3419 2572 3490 σύμϐολα
2619 3422 2652 3490 ὴ
2705 3419 2936 3490 ἑϐδομὰς
2975 3420 3260 3491 σημαίνειν
3306 3419 3469 3473 θέλει.
3523 3420 3597 3473 Ού
3654 3421 3763 3492 μὴν
3802 3421 3900 3474 ἐπὶ

2325 3510 2579 3574 ταύταςό
2606 3511 2704 3580 τῆς
2753 3510 3134 3581 Πεντηκοστῆς
3184 3509 3414 3583 ἀριθμὸς
3463 3511 3699 3564 ἵσταταιο
3733 3513 3908 3582 ὑπερο

2327 3600 2612 3664 ἀκοντίσας
2665 3600 2844 3663 δὲτὰς
2878 3601 3016 3654 ἑπτά
3057 3600 3374 3671 ἑϐδομάδας,
3424 3601 3612 3671 μονάδι
3651 3605 3717 3671 τῇ
3765 3604 3908 3673 μετά

2326 3691 2524 3754 ταύτας
2560 3692 2764 3763 ὑστάτῃ
2808 3690 2905 3761 τὴν
2946 3690 3237 3762 πανὲορτον
3269 3692 3481 3762 ἡμέραν
3520 3691 3622 3760 τῆς
3666 3693 3905 3762 Χριστοῦ

2325 3782 2636 3853 ἀναλήψεως
2665 3778 3132 3851 έπισφραγίζεται,
3165 3781 3404 3845 Εἰκότως
3424 3782 3533 3852 ἀρα
3563 3782 3622 3835 ὲν
3647 3787 3770 3847 ταῖς
3795 3783 3904 3854 τῆς

2329 3875 2486 3942 ἁγίας
2514 3873 2891 3943 Πεντηκοστῆς
2918 3873 3147 3945 ήμέραις
3166 3873 3262 3944 τὴν
3283 3873 3574 3944 μέλλουσαν
3595 3875 3905 3929 ἀνάπαυσιν

2326 3965 2735 4036 διαγράφοντες,
2768 3966 2867 4031 τάς
2906 3967 3082 4038 ψυχὰς
3137 3965 3465 4038 γαννύμεθα,
3513 3970 3608 4021 καὶ
3648 3968 3708 4022 τὸ
3741 3969 3904 4040 σῶμα

2325 4057 2746 4127 διαναπαύομεν,
2774 4057 2849 4122 ὡς
2882 4057 2948 4112 ἀν
2962 4058 3110 4130 αὐτῷ
3135 4058 3378 4121 συνόντες
3407 4058 3506 4129 ήδη
3537 4059 3618 4130 τῷ
3641 4059 3900 4132 Νυμφίφ,

2328 4147 2423 4200 καὶ
2459 4147 2740 4218 νηστεύειν
2773 4147 2850 4220 μὴ
2869 4147 3172 4220 δυνάμενοι.

2401 4246 2477 4304 ς’.
2530 4239 2678 4310 Πλὴν
2704 4241 2786 4294 δτι
2814 4242 2864 4293 oi
2917 4241 3048 4312 ἱεροὶ
3105 4240 3485 4309 εύσγγελισταὶ
3529 4241 3590 4294 τὸ
3636 4244 3901 4314 σωτήριον

673 4305 976 4404 passionem
1011 4308 1154 4364 circa
1210 4310 1329 4365 dies
1357 4325 1672 4381 azymorum
1696 4289 1919 4370 'Judaici
1952 4315 2224 4377 Paschatis

2333 4289 2503 4392 πάθος
2527 4289 2669 4384 ζάιέ
2707 4289 3058 4402 magis.
3085 4289 3512 4386 τᾘὲᾧὲᾇὲξῴ
3541 4289 3741 4404 iis};

672 4395 966 4463 contigisse
989 4405 1230 4460 narrent.
1267 4414 1425 4455 nemo
1455 4401 1739 4458 dubitabit.
1762 4403 1885 4461 Hec
1903 4408 2046 4462 enim
2069 4424 2228 4464 causa

674 4487 850 4543 fuerat
896 4488 1032 4558 legis
1068 4505 1099 4544 a
1143 4489 1326 4561 Moyse
1373 4490 1515 4559 latae,
1547 4507 1668 4561 quas
1707 4493 1903 4549 dicitur
1939 4498 2225 4564 paschalis.

673 4577 810 4635 Nam
843 4582 965 4651 quia
997 4581 1185 4652 Agnus
1235 4580 1362 4644 Dei,
1395 4581 1822 4653 tauquamovis,
1871 4589 1938 4641 ab
1967 4587 2098 4657 ipsis
2128 4588 2225 4642 Ju-

675 4671 804 4728 dcis
849 4673 912 4727 ad
957 4674 1155 4728 caedem
1206 4673 1476 4729 ducendus
1522 4683 1657 4739 erat,
1684 4691 1842 4746 quam
1878 4678 1946 4732 ob
1976 4693 2222 4734 comnm-

673 4756 794 4817 nem
844 4762 1116 4819 hominum
1167 4764 1392 4819 salutem
1448 4780 1702 4833 passurus
1747 4777 1884 4832 erat,
1932 4769 2069 4825 haud
2118 4771 2224 4825 alio

673 4866 831 4921 quam
855 4853 1106 4922 praedicta
1135 4861 1397 4923 tempore,
1427 4853 1566 4909 Deus
1605 4855 1836 4911 futuram
1869 4874 1982 4914 rem
2004 4863 2224 4916 demon-

673 4941 911 4997 strativis
951 4943 1209 5014 symbolis
1241 4959 1645 5013 praeoccupans,
1687 4947 1775 5002 illo
1807 4950 1924 5019 ipso
1962 4959 2220 5022 tempore,

674 5033 815 5101 quod
856 5033 1193 5090 volventibus
1247 5050 1510 5090 annorum
1556 5039 1831 5105 periodis,
1873 5057 2222 5098 occursurum

674 5131 810 5184 erat.
842 5125 1172 5179 materialem
1204 5128 1272 5182 ab
1318 5126 1518 5185 Iudaeis
1561 5145 1754 5199 agnqu
1793 5132 2057 5189 immolari
2096 5152 2226 5205 prae-

676 5215 817 5282 cepit
852 5229 867 5267 :
906 5215 1064 5284 idque
1093 5217 1160 5272 ab
1187 5219 1265 5273 eis
1302 5220 1529 5284 singulis
1576 5222 1734 5276 annis
1767 5224 2066 5280 laetitatum
2102 5226 2224 5295 fuit,

677 5303 844 5358 donec
900 5307 1162 5374 completa
1211 5311 1410 5364 veritas
1449 5321 1657 5367 veteres
1702 5313 1962 5385 imagines
1990 5319 2221 5372 circum-

677 5395 910 5462 scripsit.
948 5397 1299 5464 Quamobrem
1335 5419 1400 5457 ex
1445 5403 1535 5456 illo
1571 5415 1816 5474 tempore
1857 5409 1993 5476 apud
2041 5421 2226 5480 gentes

675 5487 889 5551 quidem
919 5505 1045 5544 vera
1082 5495 1456 5561 mysteriorum
1493 5507 1672 5551 manet
1701 5499 2052 5566 solemuitas;
2084 5505 2221 5570 apud

678 5570 892 5630 Judreos
919 5589 1090 5634 autem
1119 5597 1184 5635 ue
1211 5584 1446 5652 ipsorum
1470 5588 1684 5654 quidem
1718 5589 2078 5656 symbolarum
2107 5609 2220 5645 me-

679 5667 846 5721 moria
871 5681 1128 5737 suucrest,
1146 5685 1326 5741 erepto
1344 5676 1408 5731 iis
1441 5677 1554 5734 loco
1581 5679 1668 5735 ubi
1691 5679 1808 5735 festi
1832 5681 1987 5736 ritum
2009 5698 2224 5755 perage-

2328 4419 2554 4490 ἀζύμων
2603 4420 2893 4492 ἱστόρησαν
2926 4421 3228 4490 γεγονέναι,
3268 4420 3445 4484 οὐδεὶς
3470 4420 3538 4474 ἂν
3577 4423 3897 4493 ἀμφιϐόλου

2327 4509 2484 4563 τοῦτο
2502 4503 2610 4581 γὰρ
2637 4506 2704 4582 ἦν
2734 4511 2829 4564 τοῦ
2867 4511 3034 4582 νόμου
3064 4511 3159 4565 τοῦ
3198 4513 3346 4584 παρά
3375 4514 3598 4568 Μωῦσεῖ
3620 4520 3751 4586 περὶ
3806 4515 3896 4569 τοῦ

2325 4600 2515 4670 Πάσχα
2561 4599 2849 4672 λεγομένου
2893 4602 3082 4656 αἴτιον.
3156 4603 3370 4674 Ἐπειδὴ
3416 4605 3524 4676 γὰρ
3585 4605 3811 4676 ἔμελλεν
3866 4611 3896 4662 ὁ

2336 4692 2526 4762 Ἀμνὸς
2566 4693 2660 4747 τοῦ
2685 4693 2819 4746 Θεοῦ
2865 4693 2942 4756 ὡς
2979 4694 3243 4765 πρόϐατον
3294 4697 3385 4749 ἐπὶ
3421 4698 3634 4769 σφαγὴν
3667 4699 3894 4768 ἄγεσθαι

2321 4787 2451 4855 παρ’
2471 4785 2652 4848 αὐτοῖς
2696 4784 2986 4847 Ἰουδαίοις,
3020 4785 3113 4838 καὶ
3154 4787 3309 4840 τοῦτο
3340 4788 3569 4859 πάσχειν
3603 4791 3745 4862 ὑπὲρ
3789 4793 3888 4862 τῆς

2324 4874 2504 4945 κοινῆς
2553 4874 2768 4927 πάντων
2820 4873 3120 4944 ἀνθρωπων
3169 4879 3460 4948 σωτηρίας,
3487 4879 3587 4932 οὐκ
3616 4880 3805 4935 ἄλλοτε
3858 4884 3891 4953 ἢ

2325 4964 2463 5015 κατά
2497 4963 2588 5015 τὸν
2607 4961 2932 5032 δηλούμενον
2961 4964 3174 5035 καιρὸν,
3223 4966 3508 5037 προλαϐὼν
3531 4968 3594 5022 τὸ
3617 4967 3818 5039 μέλλον
3865 4973 3896 5024 δ

2323 5051 2453 5116 Θεὸς
2483 5052 2572 5105 διὰ
2600 5053 2879 5124 συμϐόλων
2906 5056 3206 5120 εἰκονικῶς,
3231 5060 3352 5110 κατ’
3382 5059 3542 5112 αὑτὸν
3575 5063 3784 5116 ἐκεῖνον
3806 5063 3894 5117 τὸν

2328 5144 2586 5214 μέλλοντά
2625 5161 2754 5197 ποτε
2806 5145 2945 5198 κατά
2972 5147 3175 5217 χρόνων
3208 5149 3486 5220 περιόδους
3507 5152 3893 5224 ἐπιστήσεσθαι

2323 5235 2530 5304 καιρὸν,
2584 5235 2753 5304 ἀμνὸν
2821 5238 2967 5308 παρά
3036 5239 3306 5303 Ἰουδαίοις
3369 5240 3626 5311 αἰσθητὸν
3674 5245 3892 5298 ἐκέλευε

2325 5325 2561 5380 θύεσθαι·
2587 5328 2681 5381 καὶ
2709 5327 2865 5381 τοῦτο
2888 5330 3067 5394 αὐτοῖς
3096 5333 3213 5384 κατ’
3239 5332 3482 5386 ἐνιαυτὸν
3516 5334 3772 5398 ἐτελεῖτο,
3793 5337 3892 5399 ἕως

2325 5417 2359 5486 ἡ
2391 5416 2615 5488 ἀλήθεια
2646 5417 3120 5488 άποπληρωθεῖσα,
3152 5421 3251 5483 τὰς
3291 5421 3523 5486 παλαιὰς
3552 5424 3768 5488 εἰκόνας
3799 5441 3890 5477 πε.-

2329 5507 2635 5577 ριέγραψεν.
2668 5508 2826 5562 Ὅθεν
2855 5509 2911 5576 ἐξ
2939 5511 3144 5564 ἐκείνου
3177 5512 3327 5582 παρά
3364 5515 3462 5584 μὲν
3493 5517 3606 5578 τοῖς
3630 5515 3889 5586 ἐθνεσινή

2329 5598 2529 5668 ἀληθὴς
2556 5600 2663 5652 τῶν
2696 5603 3004 5672 μυστηρίων
3045 5605 3382 5674 κεκράτηκεν
3417 5606 3600 5676 ἑορτὴ,
3635 5608 3790 5677 παρὰ
3834 5609 3889 5662 δὶ

2346 5687 2611 5752 Ἰουδαίοις
2637 5688 2814 5743 οὐκέτι
2851 5691 2956 5744 οὐδ’
2989 5691 3160 5747 αὐτῶν
3193 5696 3223 5762 ἡ
3259 5695 3441 5765 μνήμη
3474 5694 3576 5748 τῶν
3611 5696 3891 5766 συμϐόλων

3990 1212 3999 1500 K
