4070 6304
663 305 767 356 ⁸1υῦ

1323 291 1592 351 EUSEBII
1629 279 2098 346 CESARIENSlS
2133 275 2286 334 OPP.
2326 271 2503 330 PARS
2536 267 2626 326 IV.
2665 295 2736 309 -
2765 259 3179 321 DOGIA'I‘ICA.

3784 246 3884 303 704

663 423 809 476 enim
835 417 1032 472 similia
1087 414 1256 471 trahit
1289 414 1356 468 ad
1399 412 1615 468 similia.
1638 408 1791 476 Quod
1831 406 1878 461 si
1923 403 2046 474 quis
2073 403 2216 456 dicat
2244 434 2254 462 ι

2352 394 2459 445 lixa:
2496 387 2567 442 τά
2591 388 2754 458 ὃμοια
2778 382 2912 453 πρὸς
2945 379 3012 433 τά
3026 380 3208 450 ὅμοια.
3236 371 3371 476 Si?
3389 388 3477 435 τις
3512 366 3889 476 elimati-55.94

666 511 922 578 scriptum
955 521 1078 562 esse
1111 524 1124 560 :
1152 503 1330 560 Prima
1353 513 1662 574 asymorum
1692 499 1776 553 die
1805 495 2120 550 accedentes
2140 490 2221 544 di-

667 601 856 672 scipuli
885 601 1142 656 dixerunt
1173 596 1469 658 Servatori,
1495 591 1720 649 Ubinam
1746 587 1827 642 vis
1845 597 2099 656 paremus
2129 581 2222 636 tibi

672 695 998 748 manducare
1028 689 1230 746 Pascha
1259 687 1285 740 ἲ
1307 685 1397 740 ille
1427 690 1606 737 autem
1627 682 1764 735 duas
1790 679 1934 733 misit
1953 677 2018 732 ad
2039 688 2227 745 quem-

670 788 816 850 dam,
843 795 902 838 ut
929 784 977 838 ei
1002 782 1240 837 dicereut
1269 792 1283 830 :
1310 775 1465 845 Apud
1506 783 1558 830 te
1590 773 1729 827 facio
1761 770 1994 834 Pascha;
2024 781 2120 822 nos
2146 781 2229 820 re-

673 876 1012 942 spondemus,
1043 885 1148 925 non
1194 869 1298 924 hoc
1332 867 1499 921 fuisse
1546 871 1894 934 praeceptum,
1934 865 2026 916 sed
2060 861 2230 915 histo-

674 970 809 1022 riam
846 980 965 1020 esse
997 964 1071 1018 rei
1114 969 1275 1033 gestae
1331 968 1572 1027 tempore
1614 971 1719 1026 quo
1755 955 2012 1009 Servatur
2040 966 2230 1020 passus

675 1066 775 1112 est.
801 1053 954 1110 Aliud
980 1068 1109 1107 vero
1145 1062 1228 1107 est
1255 1050 1483 1119 priscam
1516 1063 1629 1102 rem
1685 1059 1930 1109 narrare,
1967 1042 2108 1098 aliud
2146 1041 2232 1095 le-

676 1163 794 1218 gem
824 1146 987 1210 ferre,
1019 1154 1074 1200 et
1104 1144 1354 1197 mandata
1387 1138 1616 1210 posteris
1647 1136 1880 1192 tradere.

746 1327 800 1382 9.
831 1326 936 1381 Sed
968 1338 1138 1394 neque
1180 1321 1436 1377 Servatur
1467 1334 1588 1374 cum
1616 1316 1814 1372 Judals
1845 1315 2052 1376 Pascha
2094 1315 2234 1371 cele-

680 1416 856 1470 bravit
884 1413 1150 1483 passionis
1195 1427 1303 1466 sua:
1352 1420 1612 1477 tempore.
1651 1408 1764 1461 Non
1809 1407 1957 1461 enim
2005 1406 2129 1460 dum
2158 1405 2233 1458 illi

682 1523 838 1560 ovem
879 1503 1242 1562 immolabant.
1268 1503 1380 1570 ipse
1411 1514 1622 1570 quoque
1653 1514 1773 1552 cum
1806 1499 1920 1552 suis
1960 1495 2236 1564 discipulis

684 1596 959 1667 proprium
981 1592 1185 1648 Pascha
1215 1592 1438 1660 peregit.
1479 1588 1614 1643 Nam
1653 1589 1727 1642 illi
1760 1589 1846 1641 die
1887 1587 2234 1652 Parasceves,

687 1690 739 1742 in
783 1702 884 1755 qua
931 1685 1234 1754 patiebatur
1285 1682 1560 1745 Servatur,
1590 1681 1970 1788 celebrati-iant;
2006 1682 2146 1788 unde
2183 1689 2236 1732 et
2268 1733 2311 1788 Β

687 1793 844 1832 nemo
871 1777 1178 1847 praetorium
1219 1787 1301 1830 est
1347 1776 1647 1842 ingressus,
1685 1774 1778 1826 sed
1821 1771 2022 1826 Pilatus
2049 1771 2114 1826 ad
2145 1786 2239 1826 eos

685 1865 852 1918 exivit
887 1883 900 1919 :
940 1865 1186 1920 Christus
1217 1872 1392 1917 autem
1441 1863 1525 1915 die
1565 1861 1784 1916 omnino
1817 1862 2003 1930 quinta
2038 1861 2238 1916 hebdo-

687 1959 857 2008 madas
888 1971 1008 2009 cum
1045 1955 1317 2022 discipulis
1348 1954 1641 2017 discubuit,
1671 1964 1725 2005 et
1757 1966 2086 2006 convescens
2119 1952 2190 2005 ait
2223 1968 2239 2006 :

691 2047 961 2099 Desiderio
1008 2047 1297 2100 desideravi
1334 2045 1429 2098 hoc
1469 2041 1677 2098 Pascha
1729 2045 2044 2096 manducare
2072 2043 2242 2096 uobis-

692 2153 826 2190 cum.
872 2135 1057 2190 Viden’
1082 2136 1356 2205 quomodo
1401 2134 1658 2189 Servatur
1705 2135 1846 2188 haud
1883 2149 2002 2186 cum
2047 2131 2247 2186 Iudaeis

693 2229 890 2283 Pascha
919 2228 1364 2285 manducaverit?
1394 2227 1527 2293 Quia
1564 2242 1758 2280 novum
1791 2225 1920 2293 quid
1951 2225 2078 2279 illud
2107 2233 2245 2285 erat,

691 2331 744 2373 et
784 2335 811 2372 τι
845 2329 1100 2375 consueto
1124 2318 1348 2373 Iudaico
1396 2333 1545 2372 more
1583 2317 1879 2371 abhorrens
1902 2357 1916 2377 .
1941 2315 2247 2370 necessario

696 2409 892 2463 institit
940 2409 1214 2463 dicendo:
1260 2407 1526 2461 Desiderio
1575 2408 1860 2460 desideravi
1909 2406 2002 2458 hoc
2045 2400 2249 2457 Pascha

694 2502 1006 2553 manducare
1025 2499 1306 2561 uobiscum,
1339 2509 1614 2566 antequam
1638 2499 1809 2565 patiar
1832 2496 1896 2546 “.
1915 2495 2050 2548 Nam
2075 2493 2249 2562 prisca

699 2589 783 2641 illa
818 2588 896 2642 vel
929 2589 1103 2656 potius
1127 2591 1426 2655 antiquata,
1453 2601 1571 2654 quae
1596 2600 1716 2640 cum
1747 2585 1947 2639 Iudaeis
1986 2583 2251 2638 comedis-

698 2683 803 2733 set.
827 2690 931 2728 non
961 2683 1116 2728 erant
1151 2673 1525 2729 desiderabilia
1556 2689 1570 2726 :
1612 2688 1805 2727 novum
1842 2680 2019 2727 autem
2055 2681 2253 2742 myste-

699 2768 835 2820 rium
865 2764 998 2820 Νονὶ
1026 2767 1107 2822 sui
1129 2765 1388 2828 Federis,
1421 2765 1558 2834 quod
1589 2764 1864 2834 discipulis
1893 2763 2120 2832 propriis
2147 2769 2253 2816 tra-

700 2857 881 2922 deuat,
921 2854 1280 2910 desiderabile
1328 2855 1522 2908 merito
1572 2854 1670 2922 ipsi
1716 2862 1833 2907 erat
1867 2867 1880 2903 :
1919 2853 2043 2920 quia
2098 2851 2252 2904 multi

701 2957 823 3002 ante
849 2961 972 3002 eum
1013 2947 1284 3016 propheta
1313 2960 1376 3000 ac
1409 2945 1534 3013 justi
1576 2947 1756 2998 videre
1779 2953 2093 3012 optaverant
2122 2941 2254 2996 Novi

2323 476 2731 553 γέγραπταιοτῇ
2745 472 2932 546 πρώτῃ
2944 469 3127 542 ἡμέρᾳ
3141 465 3250 522 τῶν
3267 464 3495 534 ἀζύμων
3507 457 3894 553 τερηδόνες

2321 546 2372 626 et
2405 546 2642 641 naM-cal.
2668 546 2910 633 εἷποντῷ
2926 555 3285 631 Σωτῆρι,Πώ
3313 553 3491 615 θέλεις
3517 546 3898 641 ἑτοιμάσωμέν

2325 637 2618 727 σοι’φαγέιν
2653 654 2716 707 τὸ
2745 653 2969 721 Πάσχα;
2999 649 3056 704 ’0
3084 647 3140 701 δι
3165 646 3302 718 πρὸς
3318 644 3411 698 τὸν
3422 644 3568 697 δεῖνα
3582 637 3897 703 ἀπέστειλε,

2327 748 2699 825 παραγγείλας
2729 748 2923 801 ειπεῖν·
2972 742 3115 817 Πρὸς
3145 741 3204 795 σε
3232 736 3370 794 ποιῶ
3406 735 3468 790 τὸ
3498 733 3714 803 Πάσχα·
3743 728 3901 825 ipsii-

2331 822 2450 920 μεν,
2478 848 2561 900 ὅτι
2611 841 2766 895 τοῦτο
2799 836 3162 912 παράγγελμα
3203 832 3303 887 οὐκ
3334 829 3502 920 ἔστιν,
3535 826 3652 881 ἀλλ’

2330 911 2651 1009 πράγματος
2675 911 3075 1001 συμϐεϐηκότος
3097 920 3239 977 κατὰ
3261 920 3352 972 τὸν
3380 912 3771 1009 τοῦ-σωτηρίου
3792 911 3900 1009 is.

2330 1002 2700 1095 θουςήκαιρόν.
2753 1021 2978 1089 Ἕτερον
3022 1015 3078 1069 δέ
3132 1017 3246 1068 ἑστι
3293 1009 3356 1064 τὸ
3403 1006 3642 1061 παλαιὰν
3703 1002 3904 1095 πρᾶξιν

2327 1092 2649 1186 διηγεῖσθαι,
2705 1109 2798 1164 καὶ
2827 1108 3014 1179 ἓτερον
3041 1103 3105 1159 τὸ
3147 1100 3452 1187 νοομοθετεῖν
3479 1099 3574 1152 καὶ
3599 1097 3716 1160 τοῖς
3765 1092 3903 1148 una

2329 1206 2499 1260 ταῦτα
2537 1201 2909 1276 παραγγελίας
2934 1195 3380 1268 καταλιμπάνειν.

2403 1337 2468 1392 θ’.
2516 1337 2674 1391 Ἀλλά
2705 1336 2798 1389 καὶ
2838 1336 2867 1388 6
2902 1330 3093 1402 Σωτὴρ
3138 1328 3198 1383 οὗ
3233 1325 3372 1398 μετὰ
3423 1320 3694 1377 Ἰουδαίων
3716 1316 3903 1372 ἐπετέ-

2332 1430 2454 1483 λεσε
2511 1429 2571 1481 τὸ
2627 1426 2815 1496 Πάσχα
2865 1422 3003 1477 κατὰ
3057 1419 3148 1473 τὸν
3210 1417 3396 1488 καιρὸν
3447 1412 3539 1466 τοῦ
3605 1411 3742 1464 ἰδίου
3799 1410 3902 1462 πά-

2335 1519 2479 1584 θους.
2529 1520 2602 1571 Οὐ
2643 1518 2749 1588 γὰρ
2785 1516 2872 1570 ὅτε
2926 1513 3079 1566 ἔθυον
3111 1511 3308 1564 ἐκεῖνοι
3352 1506 3412 1559 τὸ
3441 1503 3735 1575 πρόϐατον,
3783 1501 3905 1588 τότε

2338 1611 2432 1663 καὶ
2491 1607 2653 1670 αὐτὸς
2716 1586 2850 1675 μετὰ
2900 1602 3006 1655 τῶν
3073 1597 3234 1654 αὐτοῦ
3296 1593 3549 1667 μαθητῶν
3597 1592 3660 1645 τὸ
3715 1586 3907 1643 ἑαυτοῦ

2339 1703 2510 1773 ήγαγε
2553 1699 2762 1770 Πάσχα·
2811 1697 2860 1749 οἱ
2919 1694 3015 1765 μὲν
3061 1692 3168 1762 γὰρ
3217 1687 3358 1744 κατὰ
3387 1686 3483 1757 τὴν
3519 1680 3908 1754 Παρασκευὴν,

2339 1796 2396 1847 ἑν
2549 1789 2815 1844 πέπονθεν
2871 1790 2900 1842 6
2960 1786 3170 1857 Σωτὴρ,
3231 1782 3373 1836 τοῦτ’
3432 1779 3701 1850 ἔπραττον
3724 1792 3739 1806 ·
3791 1773 3910 1865 ὸθεν

2339 1864 2473 1933 οὐδε
2506 1877 2748 1948 εἰσῆλθον
2789 1877 2866 1940 είς
2922 1875 2982 1929 τὸ
3034 1870 3381 1945 πραιτώριον,
3427 1867 3539 1922 ἀλλ’
3594 1866 3624 1918 6
3679 1864 3912 1926 Πιλάτος

2343 1965 2478 2034 πρὸς
2523 1964 2719 2026 αὐτοὺς
2763 1961 2976 2029 ἔξεισιν·
3037 1959 3197 2022 αὐτὸς
3242 1958 3298 2011 6‘s
3349 1956 3455 2028 πρὸ
3504 1954 3632 2024 ὅλης
3699 1952 3912 2023 ἡμέρας

2341 2057 2408 2125 τῇ
2473 2054 2699 2127 πέμπτῃ
2757 2051 2851 2107 τοῦ
2891 2050 3166 2106 Σαϐϐάτου
3217 2051 3328 2112 τοῖς
3385 2045 3652 2116 μαθηταῖς
3697 2041 3911 2095 συνανέ-

2346 2162 2510 2208 κειτο,
2574 2143 2668 2197 καὶ
2735 2140 3026 2196 συνεσθίων
3082 2139 3262 2203 αὐτοῖς
3326 2137 3525 2205 ἔλεγεν·
3599 2134 3911 2202 Ἐπιθυμίᾳ

2344 2236 2691 2304 ἐπεθύμησα
2735 2233 2910 2287 τοῦτο
2941 2232 3009 2286 τό
3056 2231 3273 2299 Πάσχα
3315 2227 3526 2298 φαγεῖν
3555 2227 3689 2295 μεθ’
3733 2222 3910 2294 ὑμῶν.

2358 2327 2518 2397 Ὁρᾷς
2587 2325 2736 2388 ὅπως
2802 2327 2832 2379 6
2898 2325 3088 2396 Σωτὴρ
3161 2322 3222 2376 οὐ
3301 2319 3438 2391 μετὰ
3515 2317 3790 2372 Ίουδαιων
3858 2313 3912 2367 τὸ

2348 2418 2539 2487 Πάσχα
2573 2416 2792 2488 ἧσθιεν;
2839 2415 3057 2486 Ἐπειδὴ
3094 2412 3277 2468 καινὸν
3297 2407 3364 2482 ἦν
3391 2412 3564 2463 ἑκεὶνο
3584 2408 3680 2462 καὶ
3716 2405 3911 2471 ξενίζον

2351 2509 2500 2580 παρὰ
2531 2508 2598 2560 τά
2624 2506 2825 2578 συνήθη
2865 2507 2958 2560 καὶ
3001 2503 3263 2558 Ἰουδαῖκά
3294 2502 3412 2573 έθη,
3441 2499 3758 2568 ἀναγκαίως
3793 2496 3911 2550 ἑπέ-

2353 2587 2549 2668 στησεν
2597 2597 2798 2650 εἰπών·
2849 2596 3154 2664 Ἐπιθυμίᾳ
3201 2593 3550 2662 ἐπεθύμησα
3606 2588 3786 2643 τοῦτο
3851 2586 3914 2639 τὸ

2353 2689 2567 2758 Πάσχα
2583 2688 2792 2759 φαγεῖν
2817 2690 2944 2757 μεθ’
2967 2686 3152 2757 ὑμῶν,
3184 2685 3297 2754 πρὸ
3333 2683 3440 2738 τοῦ
3473 2700 3549 2752 με
3591 2679 3830 2734 παθεῖν·
3849 2677 3912 2729 τά

2356 2781 2453 2850 μὲν
2489 2780 2597 2850 γὰρ
2638 2779 2839 2833 παλαιὰ
2876 2777 2979 2848 ήθη
3028 2777 3155 2830 ὄντα
3186 2776 3281 2828 καὶ
3311 2770 3758 2842 πεπαλαιωμένα,
3797 2768 3833 2822 ἃ
3855 2769 3914 2838 δὴ

2359 2871 2496 2940 μετὰ
2539 2869 2801 2924 Ἰουδαίων
2837 2869 3059 2940 ἢσθιεν,
3130 2868 3230 2920 οὐκ
3274 2861 3342 2936 ἦν
3392 2861 3740 2932 ἑπιθυμητά·
3787 2857 3913 2912 τὸδὶ

2357 2962 2541 3014 καινὸν
2574 2961 2870 3031 μυστήριον
2904 2960 3003 3028 τῆς
3029 2958 3238 3028 Καινῆς
3265 2954 3428 3010 αὐτοῦ
3455 2952 3753 3023 Διαθήκης,
3791 2950 3820 3002 6
3854 2949 3914 3019 δὴ

702 3038 943 3093 Faederis
978 3038 1230 3107 mysteria
1259 3052 1271 3088 :
1308 3038 1480 3105 ipsum
1513 3036 1620 3088 imo
1645 3034 1874 3088 Verbum
1919 3049 2254 3088 communem

2361 3051 2632 3120 μετεδίδου
2660 3053 2771 3113 τοῖς
2795 3049 2982 3103 ἑαυτοῦ
3018 3048 3304 3120 μαθηταῖς,
3323 3044 3655 3116 ἑπιθυμητὸν
3684 3037 3756 3113 ἦν
3775 3040 3917 3110 αὺτῷ

704 3129 927 3182 salutem
977 3142 1202 3197 prorsus
1249 3128 1477 3190 sitiens.
1509 3127 1816 3195 mysterium
1851 3127 2113 3192 tradebat,
2147 3140 2254 3195 quo

2359 3141 2580 3204 εἰκότως
2599 3158 2612 3172 ⁸
2637 3142 2756 3194 ἐπεὶ
2780 3139 2960 3194 πολλοὶ
2985 3140 3092 3210 πρὸ
3118 3137 3281 3193 αὐτοῦ
3306 3135 3578 3207 προφῆται
3599 3134 3697 3186 καὶ
3729 3132 3916 3184 δίκαιοι

704 3234 892 3275 omnes
914 3222 1157 3275 homines
1191 3219 1385 3274 festum
1423 3227 1580 3273 erant
1608 3219 1801 3279 acturi,
1830 3218 1988 3286 idque
2031 3219 2130 3271 sibi
2162 3219 2256 3270 de-

707 3311 1000 3367 sideratum
1023 3326 1142 3366 esse
1174 3311 1460 3366 fatebatur.
1474 3311 1632 3366 Certe
1666 3309 1863 3379 onsis
1886 3308 2089 3364 Pascha
2114 3309 2256 3364 haud

706 3403 913 3457 cunctis
955 3402 1203 3469 gentibus
1237 3403 1483 3457 idoneum
1529 3411 1666 3466 erat,
1694 3401 2124 3470 quandoquidem
2154 3416 2260 3455 uno

709 3493 762 3547 in
794 3493 929 3557 loco,
944 3493 996 3547 id
1014 3504 1094 3548 est
1120 3491 1521 3563 Hierosolymis,
1542 3493 1652 3547 ﬁeri
1672 3492 1878 3559 jussum
1908 3500 2046 3546 erat.
2066 3492 2264 3558 Quam-

708 3585 892 3639 obrem
933 3584 1073 3638 haud
1125 3593 1246 3638 erat
1282 3581 1653 3638 desiderabile.
1685 3581 1790 3638 Sed
1821 3581 2128 3638 Servatoris
2153 3598 2263 3654 my-

709 3676 929 3729 sterium
969 3676 1021 3728 in
1058 3673 1204 3728 Novo
1250 3673 1475 3728 Fmdere
1524 3673 1732 3728 cunctis
1785 3672 2092 3730 hominibus
2134 3688 2264 3731 con-

712 3781 924 3834 gruum,
940 3765 1062 3832 jure
1087 3768 1302 3834 optimo
1322 3764 1681 3820 desiderabile
1705 3772 1843 3818 erat.

2355 3232 2706 3304 ἐπεθύμησαν
2743 3231 2867 3286 ίδεῖν
2891 3232 2960 3285 τά
2985 3230 3082 3301 τῆς
3104 3231 3246 3294 Νέας
3283 3228 3557 3300 Διαθηκης
3606 3225 3881 3297 μυστήρια
3900 3240 3913 3254 '

2360 3320 2453 3372 καὶ
2489 3318 2647 3383 αὐτὸς
2675 3318 2732 3370 δὲ
2753 3321 2781 3372 6
2804 3318 2991 3386 Λόγος,
3033 3321 3258 3372 πάντοτε
3289 3315 3456 3386 διψῶν
3477 3316 3574 3386 τὴν
3596 3315 3786 3384 κοινὴν
3819 3329 3917 3365 σω-

2357 3410 2573 3481 τηρίαν,
2607 3410 2898 3481 μυστήριον
2925 3409 3228 3481 παρεδίδου,
3255 3407 3319 3462 δι’
3342 3402 3405 3463 οὗ
3431 3408 3629 3470 πάντες
3647 3405 3915 3475 ἄνθρωποι

2364 3501 2585 3572 ἔμελλον
2632 3500 2926 3572 ἑορτάζειν,
2983 3499 3316 3570 ἐπιθυμητὸν
3373 3497 3531 3552 τοῦτο
3575 3496 3726 3566 αὐτῷ
3785 3490 3914 3548 εῖναι

2365 3591 2700 3662 ὡμολόγησε.
2743 3588 2814 3644 Τὸ
2863 3590 2961 3659 μὲν
2991 3591 3267 3652 Μωῦσέως
3319 3589 3522 3659 Πάσχα
3572 3587 3673 3658 οὐχ
3715 3586 3914 3659 ἥρμοζε

2369 3685 2505 3737 πᾶσι
2537 3685 2649 3745 τοῖς
2669 3682 2788 3736 τότε
2817 3681 2991 3734 ἔθνεσι
3011 3697 3026 3713 ·
3058 3680 3174 3746 πῶς
3193 3681 3300 3754 γάρ
3322 3681 3512 3746 ;όπότε
3535 3681 3625 3748 ὑφ’
3640 3679 3738 3732 ἕνα
3757 3677 3915 3730 τόπον

2369 3771 2460 3824 τὸν
2500 3774 2556 3825 ἑν
2593 3775 2658 3843 τῇ
2699 3770 3048 3844 Ἰερουσαλὴμ
3077 3771 3344 3825 τελεῖσθαι
3383 3769 3799 3842 νενομοθέτητο·
3843 3767 3915 3820 διὸ

710 3856 809 3908 οὐκ
852 3852 918 3926 ἦν
957 3855 1314 3927 ἐπιθυμητόνο
1343 3855 1404 3910 τὸ
1444 3855 1500 3908 δὲ
1534 3854 1795 3926 σωτήριον
1830 3856 2125 3928 μυστήριον
2157 3857 2251 3930 τῆς
2288 3860 2492 3934 Καινῆς
2550 3863 2840 3935 Διαθηκης,
2899 3863 3060 3916 πᾶσιν
3091 3861 3394 3935 ἀνθρώποις
3417 3861 3676 3934 ἁρμόζον,
3703 3860 3914 3921 εἰκότως

713 3951 860 4021 αὐτῷ
889 3950 1217 4022 ἐπιθυμητὸν
1248 3946 1336 4020 ἦν.

788 4041 871 4097 l0.
908 4041 1016 4095 Sed
1069 4041 1180 4109 ipse
1224 4040 1437 4110 quidem
1492 4047 1774 4108 antequam
1815 4046 2111 4106 pateretur,
2136 4055 2262 4096 cum

715 4133 827 4187 suis
856 4131 1130 4201 discipulis
1167 4130 1372 4186 Pascha
1397 4130 1653 4193 comedit,
1681 4128 1981 4199 festumque
2001 4131 2128 4202 egit,
2155 4147 2263 4187 nun

2442 4048 2490 4094 t'.
2533 4040 2668 4094 Ἀλλ’
2707 4041 2864 4106 αὐτὸς
2898 4043 3017 4113 μὲν,
3049 4042 3154 4113 πρὸ
3172 4040 3267 4096 τοῦ
3299 4041 3510 4106 παθεῖν,
3542 4041 3640 4096 σὺν
3662 4045 3775 4107 τοῖς
3798 4045 3887 4097 έαυ

2368 4133 2461 4186 τοῦ
2499 4132 2760 4205 μαθηταῖς
2797 4133 2965 4204 ἔφαγε
2996 4137 3054 4188 τὸ
3081 4136 3292 4204 Πάσχα,
3331 4135 3424 4188 καὶ
3457 4134 3553 4206 τὴν
3581 4135 3774 4207 ἑορτὴν
3796 4137 3909 4189 ἑπε-

716 4235 836 4274 cum
862 4221 1081 4280 Judaeis.
1111 4220 1321 4292 Reapsa
1348 4229 1630 4291 postquam
1656 4225 1769 4290 ipse
1810 4234 2036 4290 vespere
2071 4221 2254 4276 festum

2369 4224 2604 4288 τέλεσεν,
2637 4224 2698 4278 οὐ
2721 4224 2860 4296 μετὰ
2890 4223 2998 4278 τῶν
3045 4225 3338 4278 ἰουδαίωνο
3363 4225 3718 4296 ἑορτάσαντος
3737 4225 3793 4278 δὲ
3820 4225 3908 4280 αὐ-

716 4315 1062 4381 celebrasset,
1091 4315 1372 4385 pontiﬁces
1398 4331 1521 4371 cum
1566 4317 1837 4385 proditore
1879 4331 2069 4372 manus
2106 4321 2154 4370 ei
2186 4317 2270 4370 in-

715 4409 957 4476 iecerunt
986 4423 1001 4458 :
1037 4422 1141 4460 non
1170 4407 1314 4461 enim
1340 4406 1412 4460 illi
1436 4420 1501 4461 eo
1523 4420 1746 4474 vespere
1788 4403 1986 4460 Pascha
2025 4404 2270 4459 comede—

719 4501 887 4564 liant;
928 4498 1162 4566 alioquin
1212 4499 1280 4553 ab
1331 4498 1445 4567 ejus
1495 4497 1868 4565 persecutione
1914 4497 2268 4566 quievissent.

720 4588 888 4652 Quem
919 4602 1043 4642 mox
1071 4596 1282 4656 captum
1328 4588 1392 4641 ad
1439 4585 1652 4655 Caiphm
1705 4589 1924 4641 domum
1956 4587 2219 4640 duxerunt
2251 4600 2268 4649 ;

721 4679 809 4733 ubi
848 4692 1038 4732 exacta
1071 4687 1250 4744 nocte,
1287 4677 1628 4731 illucescente
1675 4676 1762 4731 die
1795 4676 2131 4745 congregati,
2163 4675 2272 4744 pri-

723 4786 865 4824 mam
908 4771 961 4824 in
988 4785 1109 4825 eum
1146 4770 1542 4824 damnationem
1594 4770 1850 4824 tulerunt.
1880 4770 2082 4824 Deinde
2124 4768 2272 4824 illinc

723 4873 1000 4930 surgentes
1015 4877 1133 4916 cum
1148 4862 1298 4931 plebe
1310 4861 1553 4915 eumdem
1573 4860 1638 4913 ad
1659 4860 1884 4915 Pilatum
1907 4860 1951 4892 "’
1972 4867 2269 4914 traxerunt.

724 4952 872 5006 Tunc
919 4964 1096 5007 autem
1144 4953 1220 5007 ait
1269 4950 1544 5020 Scriptura
1588 4952 1640 5006 in
1677 4952 1984 5019 praetorium
2022 4966 2117 5006 eos
2164 4966 2270 5005 non

725 5044 1005 5110 introisse;
1045 5060 1113 5100 ne
1139 5045 1237 5100 sub
1269 5045 1539 5100 ethnicum
1575 5051 1771 5098 tectum
1810 5044 2057 5113 ingressi,
2086 5055 2142 5097 ut
2179 5059 2272 5112 pu-

726 5135 930 5201 iubant,
973 5136 1400 5205 inquinarentur,
1424 5136 1516 5190 sed
1547 5135 1665 5203 puri
1700 5145 1974 5189 manentes
2011 5135 2063 5187 hi
2096 5135 2273 5202 impu-

727 5215 953 5292 rissimi,
1000 5240 1220 5295 vespere
1267 5229 1580 5281 imminente
1628 5224 1833 5279 Pascha
1882 5226 2272 5292 comederent;

728 5317 778 5368 In
812 5319 902 5386 qui
931 5318 1156 5373 culicem
1202 5319 1545 5380 excolantes.
1576 5307 1836 5372 camelum
1873 5317 2169 5387 glutiebant
2205 5318 2273 5382 ⁸⁸,

729 5408 924 5474 quique
973 5408 1180 5463 animas
1226 5410 1384 5463 simul
1434 5417 1488 5464 et
1523 5421 1746 5476 corpora
1793 5405 2098 5462 Senatoris
2130 5408 2274 5462 caede

734 5494 1038 5563 iuipiabaul,
1085 5497 1184 5552 sub
1229 5509 1427 5554 tectum
1478 5497 1683 5568 ingredi
1732 5497 1944 5552 reveriti
1991 5508 2154 5563 sunt;
2181 5500 2274 5552 sed

2364 4313 2458 4367 τοῦ
2488 4315 2741 4386 ἑσπέρας,
2771 4317 2817 4368 oi
2843 4315 3114 4386 ἀρχιερεῖς
3150 4315 3266 4385 ἅμα
3296 4314 3374 4385 τῷ
3407 4315 3637 4387 προδότῃ
3673 4317 3908 4371 ἐπιστάν·

2367 4421 2476 4467 τες,
2506 4405 2765 4459 ἑπέὸαλον
2795 4405 2880 4458 ἐπ’
2905 4406 3066 4459 αὑτὸν
3104 4405 3201 4469 τὰς
3224 4408 3437 4476 χεῖρας·
3473 4406 3535 4459 οὺ
3584 4407 3693 4478 γὰρ
3737 4408 3906 4479 ἢσθιον

2368 4495 2520 4548 αὐτοὶ
2553 4496 2695 4549 κατὰ
2731 4496 2830 4566 τὴν
2873 4495 3112 4567 ἑσπέραν
3141 4495 3202 4547 τὸ
3233 4495 3456 4565 Πάσχα·
3501 4490 3540 4567 ἦ
3590 4496 3700 4569 γὰρ
3730 4497 3796 4551 ἂν
3825 4499 3907 4570 τὴν

2370 4584 2558 4657 σχολὴν
2583 4586 2710 4657 περὶ
2739 4586 2897 4639 αὐτὸν
2930 4582 3090 4656 εἶχον·
3136 4586 3230 4638 καὶ
3275 4585 3407 4657 δῆτα
3441 4586 3793 4652 συλλαϐόντες
3820 4591 3909 4643 άπ-

2369 4677 2569 4747 ήγαγον
2599 4678 2678 4740 εἰς
2700 4676 2798 4749 τὴν
2819 4676 2994 4731 οἰκίαν
3023 4675 3117 4730 τοῦ
3132 4677 3374 4746 Καῖάφα,
3411 4676 3538 4732 ἔνθα
3549 4679 3910 4754 διανυκτερεύ-

2370 4783 2576 4831 σαντες,
2605 4767 2680 4831 ὡς
2719 4767 2901 4839 ἡμέρα
2933 4768 3168 4836 ἐγένετο,
3203 4768 3564 4840 συνήχθησαν,
3594 4771 3690 4823 καὶ
3703 4772 3908 4843 ἀνακρι-

2368 4875 2548 4911 νουσιν
2568 4859 2729 4912 αὐτὸν
2755 4859 3013 4930 πρότερον
3035 4875 3049 4887 ο
3075 4853 3190 4913 εἶτα
3224 4862 3361 4932 μετὰ
3396 4861 3568 4915 ταῦτα
3596 4861 3907 4926 ἀναστάντες

2369 4949 2483 5016 ἅμα
2513 4951 2588 5020 τῷ
2621 4948 2809 5021 πλήθει
2829 4951 3031 5019 ἧγαγον
3060 4947 3219 5003 αὐτὸν
3233 4951 3368 5022 πρὸς
3387 4943 3636 5007 Πιλᾶτον.
3674 4953 3782 5006 Καὶ
3803 4952 3907 5006 τότε

2372 5043 2532 5112 φησὶν
2558 5045 2591 5112 ἠ
2621 5040 2832 5111 Γραφὴ,
2863 5041 2945 5093 ὅτι
2976 5037 3050 5110 μὴ
3090 5041 3336 5111 εἰσῆλθον
3370 5043 3450 5106 είς
3485 5043 3547 5095 τὸ
3571 5041 3906 5115 πραιτώριον,

2371 5134 2456 5186 ἵνα
2486 5133 2550 5205 δὴ
2589 5134 2685 5206 μὴ,
2720 5135 2825 5188 ὑπὸ
2865 5135 3060 5207 στέγην
3100 5134 3413 5204 Ἑλληνικὴν
3453 5134 3811 5200 εἰσελθόντες,
3844 5135 3908 5200 ὥς

2369 5238 2432 5290 γε
2455 5223 2641 5293 ῷοντο,
2667 5221 2947 5294 μιανθῶσι,
2979 5224 3209 5295 καθαρώ⁵
3225 5224 3281 5278 δὲ
3316 5223 3591 5295 μείναντες
3607 5226 3658 5278 οἱ
3686 5227 3909 5297 παμμίσρ

2376 5330 2477 5384 ροι,
2511 5314 2747 5386 ἑσπέρας
2783 5315 3100 5387 ἐπιστάσης,
3146 5315 3371 5385 φάγοιεν
3411 5315 3476 5369 τὸ
3508 5316 3724 5388 Πάσχα,
3757 5319 3804 5370 oi
3829 5319 3906 5370 τὸν

2374 5406 2606 5463 κώνωπα
2631 5407 2950 5474 διυλίζοντες
2968 5449 2984 5474 ,
3019 5410 3119 5481 τὴν
3146 5409 3204 5462 δὲ
3240 5408 3486 5479 κάμηλον
3511 5411 3904 5474 καταπίνοντες,

2373 5499 2422 5550 οἱ
2442 5499 2536 5561 τὰς
2565 5497 2736 5571 ψυχὰς
2758 5500 2936 5564 αὐτοῖς
2965 5499 3177 5572 σώμασι
3205 5498 3342 5554 κατὰ
3370 5499 3462 5554 τοῦ
3490 5500 3744 5573 Σωτῆρος
3779 5518 3905 5573 μιαι-

799 5675 845 5708 ⁶⁶
867 5675 994 5733 Luc.
1025 5693 1157 5737 xm.
1189 5677 1269 5734 l5.
1343 5678 1385 5709 "
1415 5675 1568 5733 Joan.
1593 5692 1740 5744 XVI",
1763 5675 1849 5733 28.
1916 5677 1960 5709 “
1999 5677 2184 5732 Matth.
2213 5690 2343 5731 nm
2365 5717 2378 5734 .
2408 5677 2497 5733 Ἡ.
