4070 6304
234 376 337 429 ⁸1ίῦ

1350 365 1626 421 CONTRA
1658 361 2087 419 IIARCELLUH
2123 360 2251 420 LIB.
2291 362 2335 419 l.

3361 364 3471 426 7N

235 490 416 562 μένοις
434 505 449 521 ·
478 490 797 546 καὶτούτων
826 486 1071 551 ἰκτίνοις,
1117 478 1192 540 ὦν
1215 484 1447 557 μάλιστα
1483 483 1551 545 διῗ
1594 483 1778 556 ἀρετὴι

1898 483 1997 539 bus
2026 483 2189 538 fetam
2232 480 2535 546 venenatis,
2574 493 2776 551 susque
2809 480 2983 551 deque
3036 480 3250 550 habuit,
3294 497 3362 542 ac
3412 487 3467 542 in

234 579 567 644 θεοσεϐείας,
592 579 766 648 λόγων
796 595 853 631 τε
884 576 1043 630 θείων
1068 576 1374 646 ἀσκήσεως,
1402 576 1436 644 ἠ
1480 573 1635 643 φήμη
1672 571 1793 625 καθ’

229 669 382 741 ὅλης,
407 669 481 733 ὡς
510 671 705 731 εἰπεῖν,
733 668 913 740 ᾅδεται
960 667 1060 738 τῆς
1104 664 1440 737 οἰκουμένης.
1471 662 1687 717 Τούτων
1738 662 1796 716 se

230 758 415 813 αὐτῶν
454 759 552 828 οὐχ
601 756 748 823 ἅπαξ
788 755 1029 828 ἐμνήσθη
1079 754 1281 818 κακῶς,
1318 751 1575 815 πολλάκις
1611 752 1668 806 δὲ
1701 751 1797 805 καὶ

230 847 521 919 διαφόρως,
549 846 648 910 τὰς
674 848 793 900 κατ’
834 847 1008 901 αὐτῶν
1034 844 1282 909 διαϐολάς
1316 861 1376 897 τε
1402 844 1496 897 καὶ
1529 858 1795 912 συκοφαν-

230 935 357 1000 τίας
372 935 600 1004 ἀφειδῶς
628 936 1008 1007 πεποιημένος.
1040 935 1175 1007 Ἤδη
1207 934 1263 988 δὲ
1291 934 1385 989 καὶ
1416 936 1573 1006 ἀραῖς
1601 933 1798 1005 κέχρη-

228 1044 324 1083 ται
363 1029 479 1080 κατ’
504 1028 702 1091 αὐτῶν,
731 1022 818 1082 οἷα
841 1026 1110 1097 γυναικῶν
1126 1028 1182 1082 ὲν
1202 1026 1368 1099 μάχῃ,
1394 1026 1797 1099 λοιδορούμενος

229 1119 330 1171 καὶ
384 1116 735 1188 ἐπαρώμενος
776 1118 887 1191 (l5)
937 1121 1050 1183 τοῖς
1096 1117 1259 1190 μηδὲν
1295 1118 1456 1173 αὐτὸν
1493 1118 1792 1189 ἠδικηκόσι.

230 1206 345 1271 Διὸ,
365 1208 456 1259 καὶ
471 1206 611 1278 πέρα
624 1206 719 1260 τοῦ
733 1207 957 1271 δέοντος,
976 1208 1054 1269 εἰς
1072 1206 1278 1279 μακρὸν
1289 1206 1436 1278 αύτῷ
1451 1207 1544 1260 καὶ
1564 1206 1796 1277 ἄμετρον

230 1298 406 1370 μῆκος
422 1296 719 1369 ἐξέπεσενή
736 1297 1059 1369 γραφή.(16)
1076 1298 1158 1362 Ὠς
1179 1298 1339 1368 μόνον
1355 1297 1501 1350 ὲπῶν
1513 1296 1674 1366 ἐγγύς
1692 1313 1795 1349 που

233 1389 445 1460 μυρίων
462 1388 553 1442 τὸν
567 1390 823 1457 ἀνάλογον
836 1387 1249 1459 ἀπαρτισθῆναι.
1271 1387 1507 1450 Εἰκότως
1526 1382 1639 1450 οὖν,
1656 1385 1796 1439 κατά

226 1478 340 1531 τῶν
373 1478 541 1547 ἀγιων
573 1478 668 1532 τοῦ
696 1479 828 1532 Θεοῦ
861 1479 1185 1552 λειτουργῶν
1221 1481 1525 1551 κακήγορον
1552 1479 1796 1548 γλῶτταν

227 1570 446 1636 ὀξύνας,
475 1571 570 1625 καὶ
601 1570 663 1625 τδ
707 1570 1020 1636 ἀνευλαϐὲς,
1044 1573 1136 1626 καὶ
1174 1572 1374 1641 ἄφοδον
1408 1572 1795 1644 προγυμνάσας

227 1663 290 1715 ἰν
316 1662 547 1726 τούτοις,
586 1661 810 1733 προῖὼν,
845 1662 902 1729 ἐξ
950 1657 1018 1734 ἦς
1074 1661 1400 1734 προῦκοψεν,
1449 1664 1534 1715 ἐπ’
1574 1663 1702 1716 αὐτὸ
1734 1663 1796 1716 τὸ

224 1752 650 1823 κορυφαιότατον
679 1752 773 1806 τοῦ
803 1751 1020 1816 παντὸς,
1048 1751 1138 1805 τὸν
1164 1752 1420 1823 μονογενῆ
1453 1751 1547 1805 καὶ
1580 1752 1795 1822 ἀγαπη-

1897 574 1994 630 Dei
2028 573 2364 637 sacerdotes.
2406 572 2611 627 frustra
2651 571 2868 641 quidem
2911 582 2967 628 et
2994 572 3294 644 Incassum,
3326 572 3467 631 iram

1895 672 2075 720 tamen
2115 662 2303 720 ell'udit
2343 661 2710 718 ebullientem.
2751 659 2936 731 Neque
2981 662 3143 724 illos.
3198 664 3265 719 de
3309 663 3469 734 plebe

1896 757 2081 811 nescio
2113 770 2272 825 quos;
2321 754 2415 810 sed
2467 755 2612 823 ipsos
2657 752 2780 808 illos
2809 753 2900 823 qui
2937 769 3032 823 per
3080 754 3173 809 Dei
3208 755 3463 824 gratiam,

1897 849 2075 904 divina
2115 849 2289 916 plane,
2322 848 2426 902 hoc
2472 854 2574 909 est,
2645 846 2858 899 vivendi
2917 844 3289 917 philosophica
3329 862 3467 916 qua-

1897 940 2022 994 dam
2061 940 2294 1001 ratione,
2341 937 2576 993 nominis
2607 937 2981 992 celebritatem
3029 937 3133 991 sibi
3176 951 3467 1007 compara-

1896 1039 2105 1083 verant.
2145 1027 2258 1083 Nec
2293 1028 2448 1083 vivos
2487 1028 2862 1081 tantummodo
2905 1012 3251 1085 et‘videntes
3292 1029 3466 1098 impo-

1897 1120 2035 1186 tivit,
2069 1111 2163 1175 sed
2193 1118 2304 1188 jam
2339 1120 2536 1174 dudum
2583 1129 2638 1173 et
2687 1119 2740 1172 in
2779 1117 2999 1173 Christo
3055 1119 3466 1175 obdormiscen-

1896 1219 1977 1265 tes
2008 1223 2243 1280 :eosque
2268 1223 2378 1277 prs:
2412 1209 2643 1271 caeteris,
2684 1223 2833 1278 quos.
2867 1210 3008 1264 inter
3040 1218 3264 1264 caeteras
3293 1212 3463 1266 virtu-

1897 1307 1976 1354 tes
2011 1300 2183 1368 pietas
2221 1299 2275 1353 in
2316 1299 2482 1352 Deum
2508 1297 2951 1361 commendabat,
2979 1308 3034 1353 et
3063 1313 3339 1353 sacrarum
3369 1299 3463 1353 lit-

1894 1399 2129 1446 terarum
2183 1390 2481 1445 exercitata
2535 1392 2788 1455 scientia,
2829 1406 2925 1459 per
2956 1401 3225 1446 terrarum
3269 1392 3461 1448 orbem

1894 1482 2228 1537 clarissimos
2271 1493 2592 1551 propagarat
2625 1499 2639 1537 :
2667 1483 2762 1538 sed
2806 1498 2905 1538 nec
2945 1498 3050 1537 una
3104 1490 3309 1538 tantum
3338 1486 3463 1540 vice

1894 1573 2187 1627 conviciari
2221 1582 2527 1635 contentus.
2563 1587 2706 1643 sape
2726 1576 3016 1644 repositas,
3046 1573 3305 1643 varieque
3326 1587 3465 1630 con-

1895 1660 2073 1729 ﬁctas,
2104 1662 2380 1731 improbus
2411 1662 2742 1733 sycophanta
2762 1701 2780 1728 ,
2808 1662 3112 1717 calumnias
3155 1662 3275 1717 sine
3301 1666 3463 1720 modo

1895 1754 2188 1823 congessit,
2221 1763 2277 1808 et
2337 1769 2588 1808 mensura
2623 1765 2639 1805 :
2676 1754 2772 1808 sed
2799 1762 2856 1808 et
2892 1752 3357 1809 exsecrationibus
3380 1754 3464 1809 iu-

222 1841 319 1895 τὸν
353 1842 478 1896 Υῐὸν
512 1842 608 1896 τοῦ
649 1842 804 1908 Θεοῦ,
838 1841 1110 1905 τοιαύταις
1152 1841 1328 1905 ἀθέοις
1378 1842 1486 1913 (17)
1510 1841 1778 1895 ὑποδαλὼη

1894 1857 2056 1913 super
2092 1858 2207 1911 eos,
2236 1854 2296 1898 ut
2324 1844 2651 1899 muliercula:
2697 1844 2748 1899 in
2782 1844 2914 1899 rixis
2954 1852 3009 1899 et
3032 1842 3233 1913 iurgiis
3260 1843 3461 1913 solent,

226 1927 619 2001 βλασφημίαις,
654 1931 772 1993 οἵας
823 1930 1016 2003 μικρὸν
1045 1930 1288 2001 ὕστερον,
1317 1930 1479 1983 αύτοῦ
1516 1931 1788 2000 λέγοντος,

222 2020 344 2073 ear
366 2022 464 2073 οὐκ
491 2021 648 2091 ἐμοῦ,
680 2021 884 2091 βέλτιον
925 2020 1159 2075 ἀκούειν.
1193 2022 1270 2091 Τῇ
1296 2022 1353 2075 δέ
1389 2039 1453 2091 γε
1494 2023 1789 2095 παραθέσει

218 2112 335 2166 τῶν
367 2112 529 2166 αὐτοῦ
563 2113 819 2184 ῥημάτων
846 2114 1203 2186 χρησάμενος,
1248 2114 1359 2183 (18)
1409 2116 1572 2186 μέχρι
1602 2116 1788 2169 τούτου

224 2202 493 2273 στήσομαι
526 2202 663 2267 «to;
694 2204 830 2274 πρὸς
866 2205 1177 2259 ἐναντίωσιν
1216 2204 1309 2258 καὶ
1356 2206 1664 2278 ἀνατροπὴν
1688 2206 1788 2259 αύ-

220 2292 336 2345 τῶν
361 2309 377 2323 ο
412 2293 473 2346 οὐ
510 2296 755 2365 μακροὺς
778 2296 996 2365 ἐπάγων
1025 2298 1231 2367 λόγους,
1262 2299 1339 2372 τῷ
1371 2301 1505 2371 μήτε
1546 2299 1671 2363 τοὺς
1698 2298 1791 2351 ἀν-

221 2381 358 2454 δρας
395 2385 519 2449 τοὺς
544 2384 633 2439 ὑπ’
659 2385 820 2439 αὑτοῦ
868 2384 1355 2460 βλασφημηθέντας
1389 2388 1499 2461 (l9)
1541 2390 1789 2458 ἀγνῶτας

220 2488 376 2536 τινας
405 2468 542 2529 εἶναι
574 2476 667 2530 καὶ
689 2478 932 2544 ἀφανεῖς,
967 2478 1324 2551 γνωρίζεσθαι
1366 2480 1422 2534 δὲ
1454 2481 1603 2551 παρὰ
1632 2482 1785 2545 πᾶσι,

221 2562 323 2615 καὶ
352 2564 684 2629 σιωπῶντας,
707 2566 842 2637 μήτε
866 2567 963 2638 τὴν
990 2568 1069 2631 εις
1096 2568 1187 2621 τὸν
1224 2569 1455 2641 Χριστὸν
1504 2568 1599 2624 τοῦ
1653 2570 1788 2624 Θεοῦ

222 2651 573 2723 βλασφημίαν
624 2654 732 2725 (ΞΟ)
771 2656 1112 2727 ἀμφήριστόν
1160 2676 1277 2712 τινα
1303 2660 1397 2713 καὶ
1423 2660 1788 2733 ἀγνοουμένην

224 2742 513 2815 ὑπάρχειν,
548 2744 624 2808 ὡς
665 2745 865 2818 πολλῆς
902 2765 1048 2814 τινος
1095 2750 1189 2803 καὶ
1241 2750 1605 2821 λογικωτέρας
1650 2753 1787 2823 πρὸς

222 2835 442 2907 ιλεγχον
469 2837 723 2909 δεηθῆναι
740 2840 993 2911 σπουδῆς·
1027 2842 1166 2894 οὕτω
1187 2842 1295 2912 (2!)
1318 2842 1374 2895 δὲ
1400 2845 1530 2896 πᾶσι
1550 2844 1660 2908 τοῖς
1689 2845 1789 2916 τῆς

224 2925 683 2997 ικκλησιαστικῆς
727 2929 946 3002 χάριτος
993 2932 1351 3003 μετειληχόσι,
1390 2938 1603 3006 μικροῖς
1649 2937 1784 3006 ὁμοῦ

222 3018 320 3071 καὶ
345 3018 622 3088 μεγάλοις,
657 3022 771 3085 καὶ,
816 3021 946 3076 αὐτὸ
991 3024 1169 3093 μόνον,
1223 3025 1491 3096 λεχθεῖσα,
1522 3027 1787 3098 πρόδηλος

222 3109 560 3181 καθέστηκεν
583 3114 616 3182 ἡ
640 3112 732 3165 τοῦ
766 3112 917 3179 ξένου
940 3115 1128 3167 τούτου
1162 3115 1406 3185 θεολόγου
1434 3118 1778 3187 καινοφωνία.

221 3199 317 3252 Διὸ
348 3199 600 3271 βραχέσιν
622 3201 732 3271 (29.)
758 3204 923 3267 αὐτὸς
947 3204 1103 3275 μόνον
1136 3207 1616 3278 παρασημειώσεσι
1650 3210 1783 3281 χρή-

220 3304 407 3358 σομαι,
435 3290 607 3361 εἰρμῷ
629 3292 721 3344 καὶ
745 3292 893 3358 τάξει
922 3297 1307 3366 σωματοποιῶν
1332 3297 1421 3351 τὸν
1446 3298 1622 3366 λόγον,
1648 3300 1783 3353 ὑπο-

223 3380 623 3451 σημαινόμενος
649 3398 709 3433 τε
731 3382 863 3435 αύτὺ
893 3384 1048 3454 μόνον
1071 3385 1132 3437 τὸ
1157 3386 1462 3458 παράλογον
1488 3388 1597 3441 τῶν
1613 3391 1783 3460 ἐμφε-

223 3468 485 3541 ρομένων.
514 3472 650 3541 Πρὶν
688 3472 733 3525 δ’
782 3474 873 3526 ἐπὶ
919 3473 1017 3539 τάς
1066 3476 1230 3530 αὐτοῦ
1282 3478 1525 3549 χωρῆσαι
1572 3482 1775 3549 φωνὰς,

218 3559 530 3626 ἀναγκαίως
546 3566 657 3626 τοῖς
677 3565 1059 3634 ἐντυγχάνουσι
1077 3566 1156 3637 τῷ
1178 3568 1270 3621 τοῦ
1292 3569 1479 3638 ἀνδρὸς
1499 3573 1777 3643 συγγράμ-

222 3666 352 3721 ματι
381 3652 833 3727 συμϐουλεύσαιμ’
856 3656 941 3720 ἂν,
980 3656 1047 3728 (ει
1081 3658 1137 3711 δὲ
1165 3658 1275 3729 (25)
1334 3660 1566 3729 μάλιστα
1604 3662 1776 3715 Γαλα-

216 3740 330 3792 τῶν
350 3734 458 3793 εῐέν
485 3745 669 3808 τινες,)
694 3744 766 3816 μὴ
783 3747 1113 3819 ἀμνημονεῖν
1133 3749 1230 3818 τῆς
1257 3748 1403 3813 θείας
1430 3753 1610 3822 φωνῆς
1636 3751 1782 3806 Παύ-

217 3828 315 3883 λου
347 3846 438 3895 τος
475 3833 792 3896 ἀποστόλου,
825 3838 882 3901 ὃς
920 3838 1101 3903 αὐτοῖς
1130 3839 1394 3903 Γαλάταις
1421 3842 1644 3912 γράφων
1678 3860 1782 3896 πα-

218 3912 369 3986 ρῄνει
431 3917 517 3987 μὴ
582 3924 993 3989 μετατίθεσθαι
1063 3926 1180 3980 ἀπὸ
1242 3927 1348 3982 τοῦ
1411 3930 1782 3999 καλέσαντος

212 4007 438 4074 αὐτοὺς
465 4011 535 4064 ἐν
560 4011 753 4081 χάριτι
780 4016 1034 4083 Χριστοῦ
1061 4020 1147 4083 εις
1166 4018 1369 4088 ἕτερον
1391 4022 1777 4091 anm-utor,

213 4301 313 4375 φια
336 4298 764 4375 Christianorum
795 4324 808 4360 :
839 4316 892 4361 et
922 4309 1063 4363 inter
1095 4325 1208 4375 eos,
1244 4320 1302 4365 ut
1322 4311 1558 4368 Isidorus
1601 4313 1755 4369 Pelu-

212 4374 352 4427 siota
391 4372 645 4439 loquitur,
676 4376 727 4427 oi.

214 4393 352 4427 stata
391 4393 645 4439 tuquttur,
676 4393 727 4427 οι
757 4393 1092 4498 ίΓονὰςοντες
1143 4393 1441 4450 κορυφαῖοι.
1496 4393 1756 4439 Describit

214 4442 483 4495 hominem
515 4444 756 4497 istiusmo
798 4446 811 4499 i
860 4445 1117 4502 Naziauz.
1169 4461 1303 4503 orat.
1336 4467 1392 4504 ιιι
1421 4452 1615 4505 Contra
1663 4453 1757 4506 Ju-

213 4508 435 4588 lianunt,
471 4525 590 4583 pag.
616 4513 709 4588 77,
755 4523 811 4588 et
860 4525 1001 4588 orat.
1054 4517 1144 4588 28,
1175 4535 1277 4588 pag

212 4581 472 4633 amussim
518 4581 815 4659 examinati
868 4585 1043 4659 hujus-
1080 4581 1300 4659 Eusebii
1352 4581 1757 4659 Pancratiasiae,

213 4660 362 4702 mera
380 4647 745 4704 mendicabula
774 4647 1133 4711 invenientur.
1162 4656 1234 4710 M.

284 4720 301 4781 (
313 4715 398 4855 15;
426 4715 622 4787 Scripsi
654 4722 811 4791 ὲπαρ.
846 4725 959 4778 loco
985 4728 1125 4795 vulg.
1152 4727 1526 4797 ἐπαιρόμενος.

284 4785 373 4853 (16
436 4786 525 4852 Ὡς
551 4790 740 4855 μόνον
760 4792 938 4847 ἐπῶν.
972 4794 1101 4849 Erat
1142 4797 1195 4849 in
1237 4801 1472 4855 margine
1511 4801 1526 4852 ἓ

280 4785 393 4868 μϐ)
420 4786 525 4867 ,Ὡς
547 4785 740 4856 μόνον
760 4785 1103 4868 ἐπῶν-.-ΕΞτεῖ
1142 4797 1195 4868 _in
1237 4785 1646 4868 margine-610v.
1695 4799 1759 4853 Et

213 4854 433 4938 tolerari
478 4854 674 4938 potest,
704 4864 808 4938 sed
850 4864 1023 4938 potior
1050 4854 1566 4938 scriptura,°p.6vov,
1605 4880 1659 4921 ut
1686 4871 1757 4924 sit

211 4937 399 5006 sensus
432 4936 537 5006 :“ut
559 4929 771 5006 unicum
797 4929 937 5006 istud
969 4948 1128 5001 opus,
1160 4929 1298 5003 quod
1326 4929 1494 4990 soium
1519 4929 1754 5006 seripsit,

212 5001 288 5073 tot
311 4995 556 5073 versibus
582 5000 910 5073 constiterit;
949 4995 1071 5073 nam
1098 4995 1192 5071 pro
1218 5006 1500 5073 ἀνάλογον,
1535 4995 1754 5063 omnino

211 5060 511 5144 legendum,
544 5064 644 5120 loci
678 5060 991 5135 mutatione,
1014 5060 1293 5141 ἴνέλόγον.
1325 5060 1466 5130 Μδ-
1490 5060 1604 5131 Duo
1628 5060 1753 5132 vitia

209 5144 416 5185 θοι-τευ
426 5170 439 5185 .

278 5202 1277 5287 (Ῠε7)“Ὺποξαλῴν.νξιεεοιὑποϐάλλει.
1306 5212 1414 5287 Hoc
1443 5224 1521 5287 est
1552 5218 1751 5287 προῖὼν

210 5268 719 5354 bneﬁcium-forte
744 5268 904 5329 etiam
939 5278 1036 5347 legi
1061 5284 1254 5347 poterit
1278 5268 1605 5354 προύκοψενῖ
1640 5268 1751 5340 Le-

209 5341 622 5421 genduméﬁﬁg,
644 5359 763 5421 _una
800 5361 958 5421 voce,
984 5341 1037 5402 ἐι
1061 5341 1173 5404 una
1220 5341 1437 5421 pariic.,
1470 5341 1750 5410 ὑποϐαλών

209 5410 463 5487 dependet
480 5426 519 5487 _a
550 5410 695 5467 verb.
712 5410 1050 5487 προύκοψεν.

256 5477 384 5561 μθ)
404 5479 590 5549 Μέχρι
622 5477 794 5536 τούτὸ
829 5477 1147 5561 σζῄὶγομαι.
1179 5488 1423 5561 Quinque
1474 5493 1624 5549 libris
1668 5497 1750 5548 in-

207 5555 448 5619 stitutum
478 5564 631 5603 suum
660 5564 838 5606 contra
869 5555 1176 5611 Marcellum
1203 5555 1463 5616 Eusebius
1494 5565 1744 5619 absolvit.

209 5618 254 5701 lu
281 5617 491 5701 duobus
530 5620 675 5701 hisce
700 5624 987 5701 prioribus,
1010 5630 1075 5699 τῇ
1109 5630 1401 5699 παραθέσει
1427 5632 1534 5686 τῶν
1580 5617 1744 5688 αὐτού

207 5685 458 5765 ῥημάτιον
483 5685 761 5765 κέχρηται,
797 5693 900 5748 hoc
928 5685 1008 5750 est
1036 5685 1331 5765 (ῖυοιΓνυΙι.
1364 5701 1418 5754 lu
1450 5685 1637 5757 tribus
1662 5685 1747 5759 se-

206 5758 482 5821 quentibus
514 5796 531 5822 ,
578 5758 670 5827 qui
748 5758 1114 5819 inscribuntur
1170 5768 1245 5822 De
1285 5772 1541 5842 theologia
1585 5758 1744 5830 eccle-

506 5849 779 5915 ΡΑτιιοι..
824 5854 939 5918 Gn.
985 5857 1217 5921 XXIV.

1810 3159 1851 3217 C

1790 4484 1834 4539 D

1892 1934 2213 1999 insectatur,
2248 1934 2495 1990 homines
2518 1935 2664 1989 nulla
2708 1950 2946 2005 unquam
2987 1935 3181 2003 injuria
3228 1935 3332 2005 ipsi
3360 1950 3460 1991 co-

1892 2026 2092 2095 gnitos.
2125 2026 2301 2094 Atque
2344 2025 2471 2079 hinc
2507 2025 2751 2095 profecto
2789 2030 2991 2081 factum
3024 2034 3128 2094 est,
3158 2036 3220 2081 ut
3256 2028 3310 2081 in
3354 2026 3462 2082 im-

1890 2130 2132 2171 mensum
2174 2116 2308 2171 adeo
2342 2116 2486 2171 illius
2508 2118 2812 2173 excreverit
2851 2118 3051 2185 oratio,
3101 2134 3223 2174 cum
3250 2118 3318 2173 ad
3361 2120 3460 2175 de-

1891 2206 2002 2259 cies
2042 2205 2189 2260 mille
2235 2219 2428 2260 versus
2472 2221 2606 2276 opus
2663 2205 2789 2261 illud
2841 2208 3061 2264 unicum
3115 2210 3456 2266 intumuerit.

1890 2292 2030 2360 Quid
2066 2292 2330 2347 miramur
2374 2304 2576 2362 autem,
2606 2297 2651 2350 si
2684 2311 2807 2350 cum
2858 2296 3097 2367 linguam
3134 2297 3272 2353 adeo
3302 2312 3458 2353 suam

1890 2384 1943 2438 in
1992 2393 2211 2438 sanctos
2262 2385 2353 2439 Dei
2406 2386 2715 2443 sacerdotes
2766 2386 3065 2452 exacuerit,
3122 2387 3459 2457 impiamque

1890 2474 2171 2529 audaciam
2208 2489 2385 2539 suam,
2426 2476 2493 2530 ad
2527 2477 2671 2532 hunc
2714 2477 2954 2543 modum,
3012 2477 3166 2548 quasi
3204 2491 3461 2549 progym-

1889 2574 2159 2629 nasmate,
2188 2565 2517 2632 exercuerit,
2563 2567 2699 2620 adeo
2731 2580 2953 2635 gressus
2983 2567 3315 2636 promoverit
3350 2566 3459 2622 im-

1888 2653 2128 2722 pietatis,
2160 2664 2218 2709 ut
2269 2657 2488 2710 tandem
2547 2656 2692 2726 quod
2736 2668 2897 2725 caput
2951 2666 3036 2713 est
3081 2666 3247 2727 atque
3295 2671 3459 2727 apex,

1888 2746 2222 2814 unigenitum
2278 2755 2333 2802 et
2392 2748 2644 2803 dilectum
2701 2749 2794 2803 Dei
2854 2748 3092 2815 Filium,
3164 2748 3458 2806 illiusmodi

1887 2834 2245 2907 blasphemiis
2286 2838 2401 2893 suis
2451 2838 2765 2907 subiecerit,
2796 2855 2933 2910 quas
2960 2855 3084 2895 mox
3127 2840 3300 2911 ipsius
3326 2855 3456 2896 ver-

1888 2928 1993 2993 bis,
2048 2943 2154 2981 non
2205 2938 2384 2983 autem
2432 2929 2565 2982 meis
2593 2970 2608 2991 ,
2654 2929 2853 2984 relatas
2908 2931 3135 2985 audietis
3167 2946 3181 2982 :
3209 2931 3260 2984 id
3308 2930 3457 2985 enim

1890 3020 2060 3073 satius
2096 3034 2218 3074 esse
2245 3018 2447 3089 judico.
2476 3020 2605 3085 Quae
2634 3030 2923 3089 postquam
2953 3020 3073 3091 ipsa
3119 3020 3199 3075 sic
3244 3021 3313 3076 ab
3363 3019 3458 3078 illo

1887 3110 2098 3177 prolata
2149 3111 2238 3164 ubi
2277 3114 2480 3181 scripto
2527 3113 2941 3182 consignavero,
2976 3112 3205 3167 ulterius
3253 3112 3312 3191 in‘
3352 3112 3456 3170 hoc

1886 3200 2025 3255 libro
2076 3214 2179 3254 non
2238 3202 2572 3270 progrediar,
2619 3202 2686 3256 ad
2734 3202 2823 3257 illa
2868 3202 3157 3258 refellenda
3213 3204 3455 3259 refutan-

1886 3292 2021 3344 dave
2050 3309 2062 3343 :
2099 3291 2191 3345 sed
2222 3306 2324 3346 nec
2349 3307 2482 3361 opus
2504 3304 2587 3346 est
2613 3294 2912 3349 orationem
2956 3295 3292 3351 contexendo
3322 3309 3455 3363 pro—

1884 3383 2102 3450 ducere,
2159 3397 2282 3437 cum
2340 3384 2447 3437 sint
2500 3383 2602 3447 illi,
2655 3399 2790 3453 quos
2833 3385 3092 3441 conviciis
3155 3384 3451 3451 laceravit,

1888 3474 2197 3541 neutiquam
2247 3473 2411 3543 ignoti
2454 3473 2539 3527 vel
2574 3474 2863 3542 ignobiles,
2922 3476 3013 3529 sed
3063 3484 3337 3543 utcunque
3370 3475 3451 3529 si-

1884 3562 2051 3615 lentio
2080 3576 2139 3616 se
2172 3562 2511 3628 contineant,
2547 3564 2787 3617 omnium
2816 3555 2911 3619 ore
2942 3573 2996 3617 et
3031 3578 3281 3619 sermone
3302 3564 3450 3621 cele-

1881 3652 2021 3707 brati
2059 3670 2072 3705 :
2106 3669 2337 3723 cumque
2364 3654 2477 3719 illa,
2510 3669 2671 3723 quam
2713 3656 2765 3708 in
2798 3654 3074 3710 Christum
3112 3654 3203 3710 Dei
3232 3663 3448 3711 eructa-

1878 3744 1975 3807 vit,
2010 3744 2343 3814 blasphemia
2384 3748 2517 3800 adeo
2561 3748 2632 3799 sit
2668 3746 2949 3801 manifesta
3002 3755 3057 3801 et
3091 3747 3143 3800 in
3194 3745 3448 3806 confesso

1876 3844 2077 3909 posita,
2115 3850 2175 3893 ut
2223 3842 2288 3894 ad
2343 3840 2490 3895 illam
2545 3842 2926 3898 revincendam
2967 3842 3241 3897 exactiore
3265 3842 3447 3912 aliqua

1878 3930 2159 4001 diligentia
2210 3946 2316 3986 non
2362 3934 2434 3986 sit
2476 3948 2631 4003 opus.
2671 3933 2878 4002 Quippe
2918 3933 3011 4001 qui
3048 3932 3284 3986 divinam
3318 3944 3445 4001 gra-

1881 4023 2005 4077 tiam
2046 4024 2098 4077 in
2148 4024 2383 4080 Ecclesia
2426 4026 2761 4091 delibarunt,
2795 4024 2969 4094 parvi,
3015 4023 3243 4087 minimi,
3282 4035 3441 4093 imag-

1866 4316 2098 4389 siastica,
2133 4316 2199 4370 ad
2234 4317 2546 4371 ἐναντίωσιν
2583 4318 2759 4371 αυτῶν
2786 4326 2842 4373 et
2872 4314 3183 4389 ἀνατροπὴν
3209 4316 3435 4373 descen-

846 4375 1092 4450 νάζοντες
1143 4384 1441 4450 κορυφαῖοι.
1496 4384 1756 4439 Describit
1862 4387 1959 4439 dit.
1998 4383 2047 4437 M

1933 4453 2045 4523 (l9)
2076 4453 2247 4529 Vulgo
2272 4455 2547 4529 ἀγνώτους
2579 4458 2745 4521 τινός.
2776 4457 2916 4529 Dein
2960 4456 3013 4509 in
3060 4467 3202 4511 corr.
3238 4471 3254 4510 :
3288 4455 3432 4529 Lege

1285 4558 1298 4614 ἒ
1327 4520 1454 4614 439,
1501 4522 1760 4614 εαιιευξυε
1791 4520 1833 4539 ³¹
1862 4520 2271 4614 παγοηγυρίζέιν.
2306 4520 2465 4614 Forte
2490 4520 2606 4614 lugu
2627 4520 3009 4614 γνωρίζεσθαι.

1933 4594 2044 4715 ⁵20)
2082 4594 2491 4677 Ἁμφήριᾳντον.
2525 4594 2647 4651 Hoc
2667 4594 2911 4662 estquod
2936 4596 3070 4650 vult.
3118 4594 3252 4675 Cum
3283 4610 3426 4677 non-

1958 4665 2019 4715 lm
2068 4665 2298 4715 haereses
2329 4675 2401 4715 ita
2444 4677 2554 4715 sint
2590 4675 2929 4715 comparatae.
2969 4676 3027 4715 ut
3050 4678 3153 4715 non
3194 4679 3294 4715 nisi
3320 4664 3426 4715 dili-

1862 4664 2019 4733 nullze
2068 4665 2298 4718 haereses
2328 4668 2401 4719 ita
2444 4668 2554 4720 sint
2590 4675 2929 4733 comparatae,
2969 4676 3153 4719 utnon
3194 4664 3294 4717 nisi
3320 4664 3429 4719 dili-

1859 4732 2070 4787 ﬁculter
2109 4735 2322 4801 agnosci
2354 4746 2407 4789 et
2455 4732 2779 4801 deprehendi
2814 4736 3045 4802 possint,
3076 4744 3134 4788 et
3172 4738 3264 4802 vix
3306 4744 3425 4787 tan-

1859 4805 1978 4855 dem
2013 4818 2108 4871 pro
2139 4804 2432 4859 haeresibus
2461 4807 2758 4859 habeantur
2786 4801 2905 4857 {ait
2932 4805 3076 4858 illaut
3103 4819 3132 4857 a
3169 4801 3423 4858 Marcello

1857 4873 2128 4943 excultum
2156 4882 2207 4926 et
2233 4884 2576 4943 propagatain
2600 4876 2718 4942 ejus
2741 4888 2859 4928 esse
2886 4876 3118 4943 generis,
3146 4882 3203 4926 ut
3235 4872 3316 4927 vel
3352 4874 3420 4926 de

1856 4941 2026 5007 prima
2056 4940 2209 5001 facie,
2236 4940 2461 4999 auribus
2487 4940 2685 5009 audita,
2703 4945 2873 4998 oculis
2894 4940 3103 5010 scripto
3139 4952 3418 5011 usurpata,

1854 5023 1954 5076 pro
1975 5011 2477 5073 hzeresi,commuui
2505 5014 2779 5067 hominum
2806 5016 2855 5066 in
2884 5013 3121 5067 Ecclesia
3154 5026 3417 5065 consensu

1856 5081 2139 5151 habeatur.
2195 5080 2355 5135 Certe
2410 5083 2495 5136 illa
2549 5098 2706 5151 quam
2759 5083 3010 5136 Marcello
3050 5083 3419 5149 ascripserant

1854 5149 2206 5221 A_riani,_erat
2251 5152 2368 5219 ejus
2410 5149 2659 5221 generis;
2722 5164 2777 5207 at
2821 5164 3001 5207 utrum
3050 5152 3192 5204 illam
3256 5162 3413 5216 prout

1854 5218 2026 5290 eidem
2061 5219 2132 5273 illi
2158 5218 2524 5290 obiectabant,
2552 5224 2752 5277 foveret
2802 5222 3104 5285 Marcellus,
3130 5224 3417 5290 quamplu-

1854 5288 2007 5361 _ri_mis
2045 5304 2147 5342 non
2183 5287 2359 5345 minus
2404 5294 2455 5345 in
2492 5294 2751 5357 religione
2782 5292 3007 5361 lynceis,
3051 5287 3211 5361 quam
3242 5287 3412 5342 Euse-

1852 5357 1974 5430 bius
2030 5369 2142 5430 erat
2176 5400 2190 5425 ,
2244 5376 2346 5414 non
2382 5364 2573 5430 patuit,
2620 5363 2758 5417 Julio
2803 5357 3086 5429 'poulilicf
3118 5359 3365 5430 Romano
3396 5397 3411 5419 ,

1849 5424 2183 5500 Athanasio,
2217 5424 2604 5497 Alexandrino,
2687 5433 2759 5485 illi
2812 5424 3075 5484 haeresum
3132 5424 3409 5500 ραιτῖῗτῆρι,

1850 5498 2259 5566 quainplurimis
2288 5501 2405 5555 aliis
2442 5517 2454 5552 :
2493 5496 2717 5556 concilio
2755 5500 3065 5554 Sarclicensi
3102 5496 3209 5553 n'on
3234 5496 3411 5566 lique-

1855 5564 2085 5639 ba_t_:__’ni
2109 5566 2390 5639 Marcellus
2416 5572 2811 5628 absolvebatur.
2848 5569 2898 5623 Μ

1920 5634 2030 5703 (ει)
2062 5635 2187 5690 Dele
2215 5637 2293 5693 δέ.

1918 5704 2029 5774 (22)
2058 5705 2251 5774 _Scribe
2272 5726 2293 5761 ο

1915 5711 2029 5844 ἓξὲξ

2062 5705 2251 5760 Scribe
2272 5709 2421 5763 αὑτό.

2054 5772 2193 5844 Lege
2213 5778 2298 5849 δή.

3019 5872 3098 5929 23
