4070 6304
251 368 351 420 7!!

1379 361 1662 420 CONTRA
1696 362 2124 421 ιιΑιιοειιυιι
2164 364 2291 420 LIB.
2333 366 2374 424 1.

3382 372 3482 424 ’ίὶῖ

249 478 370 553 θεῷ
402 474 538 534 εἶναι
564 477 1020 550 φανταζομένους.
1053 478 1294 549 Πνεῦμα
1324 478 1433 551 γάρ
1470 481 1504 532 ό
1537 478 1680 545 Θεὸς
1718 480 1815 533 καί

1921 483 2487 567 υηιιιιχευωάειιιίιυῐξ,
2516 481 2561 535 is
2590 480 2829 550 profecto
2860 480 3155 537 Sabellium
3186 490 3354 537 totum
3382 485 3481 539 sibi

248 573 392 640 τοὺς
426 570 918 641 προσκυνοῦντας
954 568 1113 636 αὑτῷ
1141 571 1211 624 ἐν
1236 573 1525 641 πνεύματι
1548 573 1645 626 καί
1670 572 1814 639 ἀλη-

248 664 380 733 θείᾳ
422 662 517 718 δεῖ
555 662 941 729 προσκυνεῖν,
983 661 1144 725 αὐτὸς
1182 661 1465 726 ἐδίδαξενὸ
1489 662 1701 733 Σωτήρ.
1751 664 1813 716 Εί

244 754 307 809 δὲ
345 754 574 823 πνεῦμα,
604 751 761 823 δῆλον
787 752 868 806 ὃτι
905 751 1066 817 θεῖον,
1102 753 1344 823 κρεῖττον
1376 753 1575 815 παντὸς
1625 752 1815 823 αίσθη-

244 861 345 899 του
370 843 462 898 καὶ
492 842 744 897 συνθέτου
774 842 1039 915 σώματος·
1076 843 1152 906 ὼς
1187 845 1322 915 μήτε
1344 846 1536 914 Λόγον
1560 844 1814 915 αίσθητδν

245 936 394 1008 ἔχειν
422 934 527 987 ὑπὸ
540 933 783 1005 γλώττης
813 933 923 1006 (42)
952 933 1327 1006 ὲξηχούμενον,
1365 936 1457 988 καὶ
1499 934 1585 987 διὰ
1613 952 1815 1006 προφο-

247 1029 353 1099 ρᾶς
374 1025 585 1097 θνητοῖς
619 1026 752 1079 ὠσὶν
779 1025 1184 1096 ὲξακουόμενον,
1220 1027 1355 1097 μήτε
1388 1025 1651 1093 γλῶτταν,
1678 1028 1813 1097 μήτε

245 1116 453 1187 φωνὴν,
481 1117 619 1189 μήτε
634 1116 955 1195 ςπρόσωπον,
985 1116 1121 1187 μήτε
1137 1115 1264 1170 ἄλλο
1286 1114 1464 1187 θνητῷ
1485 1118 1579 1170 καὶ
1604 1116 1813 1187 ἀνθρω-

242 1208 389 1279 πίνῳ
420 1208 663 1281 λογισμῷ
706 1207 1202 1280 παραϐαλλόμενον.
1248 1209 1312 1262 Εί
1365 1209 1473 1279 γάρ
1509 1225 1561 1261 τι
1599 1208 1746 1273 ἄλλο,
1781 1208 1813 1263 6

242 1298 553 1368 ὀφθαλμὸς
583 1302 693 1354 οὐκ
712 1295 893 1363 εἶδεν,
927 1298 1068 1353 οὐδὲ
1092 1295 1203 1366 οὖς
1224 1299 1512 1368 ἤκουσεν,
1538 1301 1679 1355 οὐδὲ
1714 1300 1813 1354 ἐπί

240 1390 363 1459 τὴν
415 1390 524 1462 (45)
560 1390 809 1459 καρδίαν
840 1390 1152 1458 ἀνθρώπου
1202 1394 1314 1446 οὐκ
1351 1392 1555 1460 ἀνέϐη·
1588 1392 1811 1464 (τοιαῦτ’

240 1475 403 1545 εἶναι,
420 1481 459 1535 ἀ
481 1482 806 1551 ἡτοίμασεν
836 1485 869 1536 ό
896 1482 1039 1547 Θεὸς
1070 1482 1382 1551 ἀγαπῶσιν
1402 1484 1607 1550 αὑτὸν,
1629 1485 1657 1537 6
1672 1486 1813 1549 θεῖος

241 1570 479 1639 ἐδίδαξεν
520 1574 881 1646 ’Δπόστολος·)
914 1576 1117 1631 τούτων
1143 1577 1396 1631 ἁπάντων
1424 1576 1605 1640 αὐτὸς,
1634 1577 1663 1628 6
1692 1576 1814 1630 τού-

238 1680 353 1717 των
381 1662 540 1735 δοτὴρ
562 1664 813 1736 ἀρρήτων
844 1665 909 1720 ἂν
932 1666 1019 1739 εἴη
1042 1666 1423 1740 ἀρρητότερος·
1450 1668 1509 1731 ὃς
1546 1667 1658 1739 (44)
1694 1668 1814 1721 πολ-

240 1753 323 1825 λῷ
362 1754 556 1825 μᾶλλον
608 1755 965 1830 ἀληθέστερον
1013 1759 1145 1829 φαίη
1191 1757 1255 1812 ἄν
1303 1761 1360 1811 ὲν
1387 1762 1452 1830 τῇ
1486 1760 1613 1831 περὶ
1646 1760 1809 1815 αὐτοῦ

1916 569 2126 625 induit:
2160 573 2227 624 ab
2262 570 2349 624 illa
2390 570 2560 640 gratia
2594 578 2648 625 et
2682 571 2987 639 cognitione
3024 571 3233 626 alienus
3262 572 3481 638 excidit,

1913 674 2033 728 qua:
2063 676 2157 730 per
2189 660 2462 715 Christum
2504 670 2603 715 est.
2640 660 2954 731 Disquirere
2996 676 3101 716 non
3143 664 3348 731 patitur
3378 662 3481 725 Ec:

1914 748 2091 803 clesite
2110 750 2216 814 lex,
2243 751 2435 804 nedum
2457 748 2808 806 subdubitare
2839 766 2958 816 nos,
2979 761 3072 805 aut
3107 765 3303 806 vocare
3326 751 3481 806 inter-

1914 840 2155 908 rogando
2183 841 2235 893 in
2264 841 2634 910 quaestionem,
2681 850 2859 896 utrum
2905 841 2999 896 Dei
3030 840 3197 896 Filius
3240 842 3479 912 unigeni-

1916 941 2023 996 tus,
2057 941 2167 985 erat
2188 970 2203 996 ,
2231 940 2286 985 et
2316 942 2442 988 ante
2473 935 2654 988 omnia
2671 934 3079 1004 pra-exsistebat.
3110 934 3277 989 Docet
3304 942 3480 988 autem

1915 1021 2022 1076 ﬁde
2049 1022 2355 1088 ratibabita,
2402 1033 2456 1079 et
2502 1039 2624 1079 cum
2653 1039 2861 1079 summa
2903 1024 3228 1080 conﬁdentia
3260 1025 3479 1093 proﬁte-

1916 1120 2023 1176 tur,
2082 1112 2248 1167 Deum
2305 1116 2386 1169 sui
2434 1112 2553 1169 Filii
2600 1114 2858 1185 unigeniti
2908 1130 3029 1170 esse
3075 1114 3326 1183 Patrem,
3376 1132 3481 1172 non

1914 1214 2095 1261 autem
2131 1204 2342 1259 Patrem
2372 1221 2492 1260 csse
2520 1205 2737 1272 Filium,
2770 1205 2849 1260 vel
2883 1205 3073 1260 Filium
3100 1222 3223 1263 esse
3246 1208 3481 1264 Patrem.

1914 1296 2067 1353 Hunc
2125 1312 2244 1353 esse
2304 1298 2637 1367 ingenitum,
2685 1306 2981 1363 aeternum,
3027 1298 3144 1353 sine
3194 1300 3484 1369 principio,

1914 1392 2144 1462 primum
2206 1402 2261 1445 et
2310 1390 2521 1454 solum,
2579 1388 2791 1443 Patrem
2842 1388 3201 1444 adorandum.
3260 1389 3414 1444 Illum
3455 1406 3487 1444 a

1916 1481 2076 1536 Patre
2109 1496 2208 1537 suo
2237 1482 2502 1551 genitum,
2533 1481 2938 1543 subsistentem,
2969 1480 3141 1535 solum
3172 1479 3398 1547 Filium,
3433 1490 3489 1537 et

1914 1570 2267 1638 unigenitum.
2298 1569 2463 1623 Deum
2493 1570 2637 1624 hunc
2665 1570 2907 1640 agnoscit
2932 1586 3183 1626 veracem
3222 1586 3365 1639 esse,
3398 1583 3487 1628 ut—

1913 1670 2036 1731 pote
2060 1676 2182 1716 cum
2224 1661 2316 1715 Dei
2344 1660 2566 1716 exsistat
2602 1660 2793 1716 Filius.
2838 1660 2937 1715 Cui
2975 1663 3020 1715 si
3058 1662 3179 1732 quis
3212 1664 3487 1718 contradi—

1916 1770 2039 1810 cere
2095 1756 2373 1811 sententia:
2435 1765 2762 1824 praesumat,
2833 1762 2888 1809 et
2958 1755 3049 1809 Dei
3106 1753 3345 1810 Verbum
3411 1754 3487 1809 illi

241 1820 506 1919 οέολὸγιςι·
532 1820 840 1919 ὀφθαλμὸν
869 1820 955 1919 λιιι
984 1820 1320 1918 ἑωρακέναι,
1358 1820 1512 1919 mihi
1540 1820 1648 1917 ὁῦς
1676 1851 1812 1919 ἀκη-

1918 1847 2075 1901 verbo
2104 1860 2201 1915 per
2223 1846 2399 1900 omnia
2444 1844 2846 1913 assimilaverit,
2890 1843 3032 1914 quod
3083 1844 3136 1899 in
3184 1844 3491 1900 hominibus

238 1936 464 2001 κοέναι,
484 1938 638 2007 μηδὲ
668 1940 766 1994 ἐπὶ
794 1940 1043 2010 καρδίαν
1052 1941 1374 2011 ἀνθρώπων
1390 1942 1814 2011 ἀναϐεϐηκέναι

236 2028 344 2099 τῆς
368 2030 495 2101 περὶ
528 2031 691 2085 αὐτοῦ
731 2034 1085 2105 καταλήψεως
1119 2033 1218 2106 τὴν
1247 2035 1469 2103 γνῶσιν.
1508 2035 1565 2087 '0
1586 2036 1631 2089 δ’
1653 2035 1814 2099 αὐτὸς

236 2119 311 2172 ἂν
354 2121 436 2193 εἴη
477 2122 631 2191 λόγος
657 2124 751 2177 καὶ
791 2126 921 2196 περὶ
952 2125 1052 2195 τῆς
1093 2125 1185 2178 τοῦ
1218 2126 1351 2180 Υίοῦ
1383 2127 1810 2199 γενεσιουργίας.

237 2208 461 2266 Τούτων
491 2212 535 2265 δ’
566 2212 726 2278 αὐτὸς
750 2216 778 2268 6
802 2216 994 2286 Σωτὴρ
1047 2216 1341 2289 ἀξιόχρεως
1373 2219 1568 2287 γένοιτ’
1592 2218 1656 2273 ἂν
1685 2220 1814 2289 ἡμῖν

239 2297 587 2374 ἱεροφάντης,
626 2297 729 2358 ὧδέ
756 2322 832 2377 πη
882 2306 1126 2375 φάσκων·
1163 2309 1366 2363 Πάντα
1387 2327 1489 2379 μοι
1520 2310 1814 2379 παρεδόθη

235 2391 361 2446 ὑπὸ
382 2394 488 2449 τοῦ
523 2398 749 2466 Πατρός
767 2416 906 2467 μου
937 2402 1030 2456 καὶ
1066 2402 1275 2469 Οὐδείς
1306 2403 1684 2473 ἐπιγινώσκει
1712 2404 1817 2457 τὸν

247 2482 389 2537 Υίὸν
410 2486 462 2537 εί
476 2486 562 2555 μὴ
615 2490 649 2541 ό
679 2489 905 2560 Πατὴρ,
939 2491 1082 2546 οὐδὲ
1121 2493 1226 2546 τὸν
1253 2492 1486 2561 Πατέρα
1517 2512 1605 2560 τις
1630 2496 1815 2563 ἐπιγι-

236 2577 458 2634 νώσκει
475 2581 528 2632 εί
552 2578 637 2649 μὴ
686 2581 721 2634 ό
768 2581 918 2647 Υἱός.
955 2582 1019 2636 Εί
1066 2582 1131 2654 δὴ
1179 2578 1271 2637 οὖν
1303 2584 1511 2648 τούτοις
1542 2587 1638 2656 μὲν
1665 2589 1815 2640 ἀντι-

238 2666 533 2737 φθέγγοιτό
564 2684 669 2732 τις,
705 2667 799 2721 καὶ
848 2669 921 2740 μὴ
952 2669 1043 2722 τὸν
1074 2669 1225 2734 Υίὸν,
1282 2663 1326 2739 ᾧ
1366 2672 1540 2725 πάντα
1573 2672 1818 2743 παρέδω-

236 2774 339 2811 κεν
362 2759 392 2810 6
422 2756 612 2829 Πατὴρ
642 2758 934 2828 ὑφεστάναι
966 2758 1077 2829 (45)
1103 2759 1279 2829 λέγειν
1296 2760 1535 2832 τολμῴη,
1564 2763 1735 2833 Λόγον
1761 2764 1817 2817 δὲ

236 2848 405 2903 αὑτὸν
442 2848 674 2920 ὁρίζοιτο
714 2850 892 2920 μόνον,
923 2850 1106 2921 ὅμοιον
1142 2850 1217 2922 τῷ
1249 2854 1306 2905 ὲν
1333 2852 1658 2924 ἀνθρώποις,
1688 2857 1818 2909 ποτὲ

241 2940 429 3011 μὲνέν
459 2938 678 3011 τῷΘεῷ
733 2941 1093 3012 ἡσυχάζοντα,
1140 2944 1340 3013 ὁμοίως
1388 2944 1467 3014 τῷ
1510 2950 1639 3017 παρ’
1689 2949 1818 3018 ἡμῖν

240 3031 539 3095 σιωπῶντι,
582 3033 710 3085 ποτὲ
739 3032 795 3086 δὲ
823 3032 1168 3105 ἐνεργοῦντα,
1195 3034 1272 3105 τῷ
1302 3038 1430 3107 παρ’
1456 3038 1609 3107 ἡμῖν,
1637 3040 1693 3090 ἐν
1741 3039 1817 3109 τῷ

1914 1942 2219 2010 reperitur:
2254 1940 2296 1993 si
2340 1952 2437 1993 nec
2485 1938 2686 2007 cogitet
2717 1952 2923 2003 secum,
2956 1952 3055 1992 nec
3090 1936 3273 1991 animo
3320 1936 3492 1992 revol-

1912 2040 2033 2098 vat,
2081 2030 2213 2083 nihil
2262 2028 2395 2096 Deo,
2447 2043 2700 2100 supremo
2734 2042 2915 2083 rerum
2954 2027 3194 2082 omnium
3225 2026 3485 2098 principi,

1912 2137 2031 2179 esse
2079 2123 2437 2193 aliiugendum
2483 2121 2623 2192 quod
2668 2121 2739 2175 sit
2779 2119 3011 2175 mortale
3058 2131 3111 2174 et
3146 2119 3438 2174 humanum
3474 2138 3488 2173 :

1914 2212 2022 2267 imo
2049 2214 2371 2281 ne‘quidem
2405 2209 2695 2265 illiusmodi
2743 2210 2942 2279 aliquid
2974 2224 3093 2280 qua!
3128 2225 3224 2265 nos
3254 2211 3491 2267 solemus

1914 2304 2094 2359 animo
2118 2314 2172 2359 et
2210 2303 2536 2373 cogitatione
2566 2303 3047 2371 comprehendere,
3091 2312 3364 2371 utcunque
3410 2302 3493 2357 in-

1916 2399 2124 2453 terdum
2170 2394 2461 2465 Scriptura:
2510 2410 2718 2460 sacra,
2766 2397 2895 2450 dum
2946 2404 3199 2463 tanquam
3243 2393 3494 2463 puerulos

1915 2490 2145 2547 lectores
2176 2488 2448 2554 erudiunt,
2484 2487 2792 2542 humanitus
2821 2487 2889 2541 de
2928 2487 3036 2541 Deo
3073 2486 3219 2555 loqui
3256 2485 3490 2549 soleant,

1914 2579 2041 2633 dum
2092 2594 2281 2633 manus
2316 2578 2412 2640 illi,
2449 2576 2667 2641 oculos,
2704 2576 2889 2646 pedes,
2937 2590 3146 2639 vocem,
3186 2576 3371 2638 verba,
3407 2589 3490 2637 os,

1917 2672 2142 2737 vultum,
2173 2679 2226 2726 et
2257 2681 2512 2726 sexcenta
2544 2668 2770 2738 hujusce
2805 2668 3023 2739 generis
3050 2676 3245 2722 caetera
3279 2667 3490 2721 soleant

1917 2766 2196 2834 adaptare,
2247 2776 2366 2831 quae.
2419 2776 2515 2815 nos
2571 2761 2752 2815 omnia
2811 2769 3027 2829 oportet
3072 2762 3138 2813 ad
3194 2759 3493 2813 diviniores

1919 2854 2213 2910 transferre
2257 2854 2633 2924 cogitationes,
2666 2867 2764 2906 nec
2796 2852 3061 2906 ullatenus
3107 2850 3390 2920 imaginari
3439 2851 3499 2903 in

1921 2947 2026 3000 Deo
2059 2947 2278 3000 immani
2329 2945 2621 3013 quidquam
2662 2944 2741 2998 vel
2778 2945 2939 2998 etiam
2976 2941 3203 2996 mortale
3236 2941 3484 2996 residere.

1918 3038 2055 3091 Deus
2088 3038 2286 3091 etenim
2318 3037 2532 3105 spiritus
2564 3046 2673 3099 est,
2716 3045 2765 3088 et
2801 3037 2888 3105 qui
2937 3036 3162 3087 adorant
3200 3032 3402 3095 Deum,
3439 3034 3495 3086 in

237 3123 441 3214 λαλεῖν,
469 3124 823 3214 φθεγγομένῳ
854 3126 1270 3197 παραπλησίως·
1304 3123 1421 3180 εἶτα
1445 3127 1629 3182 τοῦτον
1655 3130 1815 3183 αὑτὸν

1918 3130 2105 3197 spiritu
2155 3130 2307 3183 illum
2333 3138 2379 3182 et
2417 3129 2637 3181 ueritate
2670 3128 2897 3179 adorare
2938 3126 3122 3179 debent
3148 3126 3190 3191 ",
3235 3125 3494 3195 quemad-

237 3212 418 3285 καιρῷ
440 3230 568 3277 τινι,
600 3215 711 3268 οὐδ’
740 3212 850 3283 (46)
888 3214 1024 3269 ὅλων
1064 3216 1199 3269 ἐτῶν
1227 3216 1534 3289 ἔμπροσθεν
1554 3236 1811 3291 τετρακο-

240 3303 394 3367 σίων,
434 3306 610 3376 σάρκα
656 3307 817 3375 φησὶν
864 3304 981 3376 (οὐκ
1006 3302 1099 3358 οἷδ’
1128 3308 1296 3378 ὅπως)
1324 3309 1691 3381 ἀνειληφέναι,
1722 3314 1815 3365 καὶ

236 3394 309 3449 δι’
336 3396 501 3468 αὐτῆς
521 3396 637 3464 τὴν
658 3399 773 3451 κατ’
800 3397 1081 3468 ἄνθρωπον
1111 3401 1581 3471 οίκονομίαν(47)
1606 3404 1814 3457 τετελε-

238 3486 414 3553 κέναι,
437 3490 528 3543 καὶ
550 3488 661 3561 (48)
701 3490 823 3543 τότε
875 3490 1012 3545 Υίύν
1046 3492 1194 3546 Θεοῦ
1224 3493 1528 3562 γεγονέναι,
1562 3497 1656 3550 καὶ
1704 3497 1813 3564 Ἰη-

238 3583 393 3637 σοῦν
420 3584 675 3653 Χριστόν
708 3584 1062 3656 χρηματίσαι,
1095 3586 1363 3651 ,βασιλέα
1390 3604 1451 3639 τε
1475 3587 1587 3659 (49)
1613 3589 1811 3658 ἀναγο-

241 3674 487 3747 ριῦσθαι,
503 3677 707 3730 εἰκόνα
725 3694 788 3730 τε
820 3676 924 3730 τοῦ
946 3677 1093 3732 Θεοῦ
1121 3678 1228 3732 τοῦ
1250 3678 1525 3747 ἀοράτου,
1554 3681 1649 3734 καὶ
1666 3697 1817 3749 πρω-

237 3767 491 3821 τότοκον
533 3766 735 3835 πάσης
777 3770 1046 3837 κτίσεως,
1099 3769 1173 3841 μὴ
1204 3769 1331 3823 ὄντα
1370 3771 1635 3844 πρότερόν
1664 3790 1815 3835 ποτε,

238 3855 632 3927 ἀποδεδεῖχθαι·
677 3853 773 3910 εἴτ’
818 3859 912 3913 ἐπὶ
958 3863 1025 3932 τῇ
1064 3862 1300 3935 τοσαύτῃ
1329 3862 1546 3935 ἀτοπίᾳ,
1593 3864 1714 3934 μηδ’
1760 3864 1818 3930 ἐξ

239 3940 415 4019 οὗπερ
446 3948 561 4016 (50)
599 3949 829 4003 ὑπέθετο
858 3950 1051 4021 χρόνου
1076 3950 1174 4023 τὴν
1204 3954 1282 4015 είς
1313 3952 1537 4026 ἄπειρον
1571 3956 1664 4009 καὶ
1696 3958 1820 4009 ἀτε-
1844 3947 1867 3969 ’

239 4036 497 4108 λεύτητον
513 4036 655 4110 ζωήν
668 4056 729 4091 τε
744 4039 837 4093 καὶ
852 4039 1123 4110 βασιλείαν
1137 4040 1217 4111 τῷ
1231 4042 1401 4113 Χριστ
1412 4044 1446 4111 ξ)
1461 4044 1652 4107 διδούς⁹
1667 4045 1818 4108 τέλος

238 4128 301 4183 δι
316 4128 463 4200 αύτῷ
484 4129 604 4201 μηδ’
624 4131 795 4184 αῐσιον
812 4131 1029 4200 ἐπάγοι,
1052 4132 1171 4203 μηδ⁴
1188 4128 1298 4187 οἷον
1311 4138 1423 4198 τοῖς
1443 4135 1509 4187 δι’
1526 4136 1689 4190 αὐτοῦ
1706 4138 1815 4191 τῶν

240 4219 583 4288 ὲπαγγελιῶν
632 4220 1192 4293 καταξιωθησομένοις
1214 4268 1228 4288 ,
1264 4218 1338 4279 ὧν
1371 4228 1530 4291 αὐτὸς
1562 4229 1590 4280 6
1626 4230 1814 4302 Σωτὴρ

240 4310 594 4382 ἐπήγγελται,
613 4312 757 4383 ζωήν
770 4329 828 4365 τε
844 4312 1058 4367 αίὼνιον
1080 4317 1173 4368 καὶ
1194 4316 1498 4389 ἀφθαρσίαν
1516 4319 1814 4374 ἀθανασίαν

238 4415 303 4452 τι
327 4401 422 4454 καὶ
455 4399 729 4471 βασιλείαν
777 4403 1049 4475 οὐρανῶν,
1099 4406 1223 4472 τοῖς
1276 4407 1588 4477 ἀγαπῶσιν
1628 4412 1813 4466 αὑτὸν

1922 3223 2139 3277 modum
2186 3220 2447 3276 Servator
2493 3234 2592 3273 nos
2626 3220 2803 3273 docet.
2847 3218 2999 3284 Quod
3052 3218 3096 3272 si
3143 3226 3323 3270 autem
3353 3217 3493 3271 Deus

1920 3294 2142 3383 spiritus
2171 3314 2259 3373 sit,
2288 3313 2506 3367 omnino
2538 3320 2748 3366 constat
2776 3326 2895 3365 esse
2934 3325 3057 3365 eum
3103 3309 3269 3362 multo
3304 3309 3493 3362 melio-

1919 3418 2031 3458 rem
2075 3415 2128 3458 et
2164 3400 2632 3473 praestantiorem,
2684 3414 3007 3469 quacunque
3052 3414 3108 3451 re
3157 3398 3400 3452 sensibili
3438 3408 3493 3451 ct.

1918 3506 2208 3551 concreta:
2241 3494 2381 3548 unde
2413 3494 2525 3558 liet,
2555 3503 2615 3546 ut
2661 3508 2759 3546 nec
2804 3490 3031 3546 Verbum
3074 3492 3269 3545 habeat
3299 3492 3496 3560 lingua

1918 3601 2051 3641 sono
2079 3584 2428 3655 prolatitium,
2454 3590 2509 3636 et
2536 3598 2631 3651 per
2659 3582 2854 3651 lingua:
2879 3584 3234 3651 prolationem
3264 3582 3494 3636 aliorum

1922 3681 2141 3736 auribus
2172 3682 2497 3735 insinuatum
2527 3700 2539 3733 :
2572 3679 2662 3733 sed
2701 3692 2797 3732 nec
2830 3677 3100 3747 linguam,
3135 3692 3344 3739 vocem,
3378 3677 3495 3729 vul—

1925 3782 2067 3835 tum,
2115 3780 2207 3825 aut
2255 3770 2399 3825 aliud
2437 3771 2758 3839 Quidquam,
2811 3769 2955 3837 quod
3002 3769 3235 3820 humana
3281 3766 3495 3819 ratione

1922 3862 2303 3917 constituatur.
2359 3859 2636 3930 Siquidem
2693 3858 2837 3912 aliud
2886 3859 3177 3927 quidquam
3230 3859 3491 3918 exsistat.

1922 3957 2064 4025 quod
2098 3970 2196 4009 nec
2225 3954 2412 4008 oculus
2440 3954 2591 4017 vidit,
2626 3967 2725 4007 nec
2757 3950 2967 4005 audivit
2992 3950 3161 4013 auris,
3192 3964 3291 4005 nec
3323 3950 3373 4003 in
3400 3964 3494 4003 cor

1927 4046 2218 4101 humanum
2264 4043 2507 4099 ascendit
2538 4045 2654 4113 ejus
2693 4043 2994 4113 cogitatio:
3027 4042 3325 4111 cuiusmodi
3372 4056 3495 4094 esse

1924 4138 2013 4195 illa
2048 4138 2204 4197 docet
2246 4152 2344 4192 nos
2385 4134 2695 4204 Apostolus,
2753 4148 2873 4203 quae
2906 4132 3240 4203 diligentibus
3281 4148 3335 4185 ae
3382 4131 3493 4183 Du-

1924 4233 2095 4286 ntinus
2124 4230 2438 4299 praeparavit
2461 4229 2515 4283 ⁸;
2543 4237 2653 4280 tum
2683 4236 2829 4281 certe
2859 4226 3048 4279 lmrum
3077 4224 3316 4278 omnium
3342 4223 3496 4278 dator

1924 4324 2096 4388 Deus,
2147 4321 2601 4377 inenarrabilibus
2636 4329 2720 4375 est
2774 4316 3235 4373 inenarrabilior:
3270 4321 3329 4380 ᾖ
3360 4316 3496 4369 adeo

1921 4417 2060 4472 utin
2098 4418 2307 4471 ratione
2340 4415 2407 4468 de
2441 4414 2548 4467 Deo
2605 4409 2907 4480 theologica
2942 4408 3293 4472 instituenda,
3330 4404 3497 4460 multo

242 4490 628 4563 ὑποσχόμενος
654 4496 950 4567 τηνικαῦτα
978 4498 1035 4550 δὲ
1060 4500 1202 4551 κατά
1228 4500 1328 4570 τὴν
1356 4502 1813 4578 προσδοκωμένην

1921 4518 2066 4565 certe
2099 4510 2299 4565 rectius
2346 4504 2681 4578 pronuntiari
2723 4511 2919 4574 queat,
2959 4500 3165 4557 oculum
3209 4516 3369 4570 neque
3415 4500 3495 4552 si-

317 4628 503 4702 gI<_Ed.
534 4628 733 4695 Paris.,
769 4648 894 4702 pag,
922 4636 977 4687 6.

314 4698 336 4729 τ
373 4697 527 4755 Joan.
556 4716 629 4765 ιν,
655 4702 746 4756 24.
771 4697 779 4699 ”
822 4697 897 4755 ’Ἰ
920 4705 1043 4758 Cor.
1071 4719 1130 4771 ll,
1156 4706 1208 4761 9.

340 4862 435 5007 ιε)
465 4864 573 4934 Mp.
600 4865 864 4938 ὲξηγουμ.

340 4934 411 5007 4.5
461 4935 588 5007 Dele
618 4937 738 5007 τήν·
762 4937 864 5007 MO)

341 4934 433 5011 ἐξ)
460 4935 588 5011 ἓείθ
618 4934 738 5011 si?-
762 4934 881 5011 Μ’(ιξ
905 4938 1065 5010 vulso
1092 4940 1291 5011 δωτήρ-

343 5004 436 5082 44)
460 5005 633 5082 Yulgo
834 5005 959 5061 Mox
1002 5004 1181 5079 'vulgo
1221 5004 1441 5080 ’φάναι;
1493 5011 1601 5079 Mp.
1659 5016 1814 5082 φαίη.

340 4864 412 4917 ιε
465 4864 573 4934 Mp.
600 4865 864 4938 ὲξηγουμ.

341 4934 411 4989 43
461 4935 588 4990 Dele
618 4937 738 5006 τήν.
762 4937 881 4993 Mox
905 4938 1065 5010 vulgo
1092 4940 1291 5011 δωτήρ.

343 5004 436 5075 44)
460 5005 633 5075 Vulgo
681 5005 777 5070 ὡς.
834 5005 959 5061 Mox
1024 5012 1181 5079 vulgo
1238 5012 1441 5080 φάναι;
1493 5011 1601 5079 Mp.
1659 5016 1814 5101 φαίη.

245 5091 413 5197 τωννη
421 5073 816 5197 ὺέἓῖἓῗέἳίΐ
834 5091 1149 5197 ἷέννέἓξιῗ
1176 5082 1516 5197 ἓξὲξ,Ἓῖξᾷ
1551 5094 1670 5152 νθδί
1697 5102 1818 5139 τ⁰⁹’

241 5146 661 5213 των.““[)εῐιίιιιιε
691 5146 799 5214 Mp.
834 5163 924 5218 γρ.
957 5146 1141 5221 πατήρ
1178 5150 1293 5204 loco
1326 5146 1566 5222 Σωτήρ.’

250 5286 286 5299 _,
320 5214 869 5299 (4⁵),Ᾱέῖειροξμῶν
911 5218 1091 5288 Vulgo,
1137 5219 1244 5291 ΜΡ.
1269 5220 1446 5289 λέγειν
1469 5221 1676 5293 τολμᾷ;
1710 5234 1819 5281 sla.

246 5285 346 5341 tim
374 5285 532 5354 vulgo
560 5285 618 5336 ὲν
639 5287 790 5407 Ἄμῖν.
910 5356 934 5367 _
1008 5285 1027 5288 ⁷
1194 5285 1209 5291 ⁷
1342 5285 1351 5289 ’
1568 5285 1579 5293 ’
1618 5285 1630 5293 ’
1664 5285 1671 5289 ⁷

321 5356 443 5436 (46.)
475 5353 634 5436 Οὐδ’-
680 5358 805 5409 λων
831 5355 983 5436 ὲτων
1003 5358 1584 5436 τετρακοσίῳνηΗφο
1617 5363 1813 5436 iterum

247 5428 466 5492 repetit,
482 5434 558 5499 _ut
586 5432 646 5499 et
674 5428 978 5499 sequentia,
1007 5444 1151 5499 _,quae
1196 5433 1348 5498 quasi
1388 5430 1606 5499 σύνοψιν
1637 5435 1813 5487 conli—

246 5502 385 5567 nent
410 5494 681 5564 opinionis
710 5495 971 5550 Marcelli.
1007 5494 1152 5552 L'axe
1182 5494 1359 5553 autem
1389 5494 1625 5567 loquitur
1652 5503 1718 5555 de
1748 5518 1812 5557 cn

246 5565 432 5687 mis;
462 5578 586 5687 nba‘m
612 5573 740 5620 ante
770 5580 969 5619 annum
1010 5582 1122 5622 CCCI
1185 5571 1395 5624 obierat
1447 5565 1673 5640 ipsemet
1701 5572 1812 5625 Eu-

369 5649 400 5685 ιι
436 5672 451 5687 .
543 5671 559 5686 .

245 5634 451 5688 sobius.
486 5634 559 5687 Μ.

323 5702 439 5775 (η)
472 5702 647 5775 Vulgo
672 5705 922 5775 τετεληκ.

322 5773 436 5847 (48)
468 5773 609 5831 Τότε
638 5773 775 5832 Υίύν
808 5773 956 5833 Θεοῦ
988 5778 1312 5849 γεγονέναι.
1344 5778 1478 5837 Cum
1520 5779 1694 5839 factus
1738 5796 1817 5838 cs-

1923 4884 2003 4928 set
2030 4874 2196 4942 Λόγος
2226 4869 2575 4942 προφορικός.
2606 4867 2926 4942 Namprius
2952 4878 3068 4923 erat
3087 4876 3293 4942 tantum
3322 4866 3495 4942 ἐνδιά-

1921 4935 2126 5007 θετος(
2151 4935 2369 4997 εειιέι)
2408 4935 2675 5007 ἐειειιιοη
2702 4935 2930 4991 Videtur
2966 4948 3145 4993 autem
3196 4935 3496 5007 Marcelhis

1921 5005 2335 5080 illudposuisse,
2361 5010 2532 5078 Λόγον
2552 5006 2858 5071 DeiPatris,
2875 5016 3159 5080 integrum,
3183 5005 3492 5080 ὑφεστῶτα,

1920 5085 2013 5138 sed
2048 5076 2386 5144 ἐνδιαθέτως,
2420 5076 2524 5134 non
2572 5087 2819 5132 vocatum
2864 5078 2952 5131 Dei
2989 5076 3186 5130 Filium
3232 5085 3355 5129 ante
3409 5079 3497 5129 iu-

1937 5155 2323 5207 carnationem.
2376 5150 2525 5217 Quod
2568 5150 2645 5203 sic
2670 5148 2894 5217 iaccipit
2936 5147 3224 5211 Eusebius,
3261 5162 3323 5200 ac
3360 5147 3405 5200 si
3436 5147 3497 5200 τὸ

1919 5219 2056 5276 εἶναι
2084 5222 2177 5275 τοῦ
2205 5221 2342 5287 υίοῦ,
2360 5229 2628 5291 negasset.

1990 5293 2101 5363 (i9)
2134 5291 2302 5363 Vulgo
2331 5285 2777 5363 ἀνηγορεύεσθαι.
2793 5286 2931 5363 ‘Mox
2960 5288 3078 5343 dele
3096 5286 3188 5341 τοῦ
3206 5296 3330 5341 ante
3350 5285 3489 5339 Θεοῦ

1917 5374 1971 5417 et
1997 5357 2138 5417 infra
2166 5357 2266 5429 Mp'.
2307 5363 2378 5415 ῐσ.
2402 5357 2464 5414 τό
2490 5357 2547 5412 τε
2590 5362 2708 5413 loco
2736 5357 2888 5429 πότε.

1990 5431 2100 5503 (50)
2154 5427 2421 5485 ’Υέιέθετο
2454 5427 3203 5503 γρόνουηιιηιιιολτιιιιὶιιιιςειη
3243 5437 3308 5503 et_
3337 5436 3496 5480 aeter-

1919 5498 2141 5557 nitatem
2196 5498 2824 5555 ademisse'Marcellum
2879 5498 2971 5553 Dei
3030 5498 3186 5560 Filio,
3239 5498 3404 5548 etiam
3465 5515 3494 5548 ιι

1922 5581 2074 5640 parte
2100 5581 2220 5641 post.
2252 5590 2266 5627 :
2301 5588 2461 5636 quam
2493 5582 2547 5625 et
2577 5570 2802 5641 angelis,
2840 5565 3495 5641 etanimabusjustort::2:

1922 5636 2271 5697 concedebat.
2306 5642 2477 5707 Quam
2500 5636 2733 5703 verefin
2766 5640 2871 5693 line
2898 5637 3019 5693 libri
3048 5636 3246 5705 quinti,
3272 5636 3358 5689 ubi
3396 5638 3497 5689 isia

1925 5711 2296 5783 exagitantur,
2333 5712 2636 5783 apparebit.
2672 5708 2720 5762 Μ
