4070 6304
154 386 269 443 733

1292 387 1572 444 CONTRA
1613 385 2034 443 MARCELLUM
2072 384 2204 442 LIB.
2241 385 2284 438 l.

3304 370 3412 434 τοι

173 525 196 560 s
232 506 583 563 σκάνδαλον
633 504 694 563 εἴ
730 508 881 577 ἐμοί.
919 508 1030 577 (70)
1083 502 1253 572 Οὗτος
1312 510 1492 563 τοίνυν
1553 510 1748 563 ἐστὶνὸ

1866 528 1872 560 l
1918 507 2156 563 Ecclesia
2206 513 2417 569 nostra,
2453 501 2724 558 diabolum
2779 499 3417 571 increpavit,prophetia

174 617 193 652 ι
237 602 413 671 ἱερεὺς
446 602 474 653 ὁ
498 601 687 671 μέγας,
715 595 775 654 οῦ
804 600 971 654 τύπον
1005 600 1205 665 ἔσωζεν
1241 604 1270 655 ὁ
1309 601 1604 672 τηνικαῦτα
1641 604 1743 673 Ἰη-

174 707 195 743 s
234 690 378 755 σοῦς.
415 693 488 744 Οὐ
522 692 628 762 γὰρ
654 687 720 762 ἦν
751 692 973 745 δυνατὸν
1005 694 1209 747 ἐκεῖνον
1255 694 1427 764 μέγαν
1480 694 1740 765 κληθῆναι

175 798 195 833 ι
239 782 387 850 ἱερέα
418 822 434 845 ,
484 781 659 834 καίτοι
716 780 923 848 ἔνδοξον
957 785 1014 836 ὲν
1064 785 1195 836 πᾶσι
1237 784 1526 852 γεγονότα,
1576 786 1743 837 Μωῦ-

175 886 196 921 ι
232 871 369 933 σέως
408 870 480 939 μὴ
510 870 897 940 ὀνομασθέντος
931 873 1185 942 μεγάλου.
1217 872 1497 941 (Ἠ)Οῦτω
1513 873 1620 943 γὰρ
1647 871 1744 942 μὲ-

173 976 198 1013 s
233 977 333 1028 γας
378 956 444 1030 ἦν
466 959 726 1029 Μωῦσῆς,
745 962 828 1015 ὅτι
864 964 955 1015 καὶ
981 963 1233 1033 θεράπων
1263 965 1458 1032 ἢκουσε
1480 961 1613 1015 Θεοῦ
1648 962 1745 1015 καὶ

175 1071 196 1102 s
224 1052 356 1115 Θεὸς
404 1051 498 1104 τοῦ
538 1052 737 1123 Φαραὼ
780 1053 869 1105 ὑπ’
918 1053 1082 1107 αὑτοῦ
1129 1053 1220 1105 τοῦ
1262 1042 1396 1106 Θεοῦ
1428 1052 1740 1124 ὠνομάσθη.

178 1162 197 1193 ι
236 1144 299 1196 El
330 1143 386 1196 δέ
426 1159 505 1206 τις
545 1143 686 1197 κατὰ
716 1143 871 1198 τοῦτο
916 1145 1086 1214 μέγαν
1119 1145 1364 1215 εἰρῆσθαι
1400 1144 1489 1197 τὸν
1537 1143 1743 1214 Ἰησοῦν

178 1254 197 1283 ι
240 1234 469 1304 νομίζοι,
498 1236 579 1289 ὅτι
605 1236 766 1299 αὐτὸς
799 1234 1002 1307 ἠξιώθη
1043 1238 1352 1305 εἰσαγαγεῖν
1383 1236 1475 1289 τὸν
1505 1235 1632 1289 λαὸν
1664 1237 1743 1299 είς

178 1340 197 1371 ι
238 1322 335 1392 τὴν
362 1323 520 1390 ἁγίαν
554 1324 656 1395 γῆν
689 1324 781 1377 καὶ
812 1325 973 1397 ἕτερα
1001 1325 1171 1379 πολλὰ
1199 1325 1451 1396 θαύματα
1483 1324 1705 1394 ὲποίησε
1726 1340 1739 1355 ·

179 1432 198 1464 ι
238 1412 429 1482 γνώτω
465 1415 559 1467 καὶ
585 1415 672 1468 διὰ
706 1414 881 1480 τοῦτο,
919 1417 1000 1469 ὅτι
1034 1416 1094 1469 οὺ
1131 1416 1212 1485 τῷ
1240 1415 1456 1485 τυπικῷ
1492 1414 1745 1469 τοσοῦτον

178 1522 199 1555 ι
237 1504 451 1576 διέφερε
480 1507 763 1577 πράγματι
794 1508 855 1560 τὸ
886 1507 1071 1578 λεχθὲν
1116 1507 1343 1586 μέγεθος
1389 1508 1481 1560 ἐπὶ
1502 1507 1597 1560 τοῦ
1642 1506 1717 1559 ἰτί

179 1614 199 1645 s
240 1596 369 1659 σοῦ,
400 1596 534 1649 ἀλλὰ
558 1597 620 1649 τὸ
654 1598 847 1668 μικρὸν
881 1597 1105 1668 ὕστερον
1142 1597 1233 1650 τὸν
1266 1596 1456 1650 ἑαυτοῦ
1503 1596 1629 1649 λαὸν
1669 1613 1748 1660 εις

180 1701 200 1734 s
240 1684 339 1753 τὴν
377 1686 614 1757 μεγάλην
640 1687 843 1757 ταύτην
881 1689 1194 1757 εἰσαγαγεῖν
1238 1688 1591 1761 Ἰερουσαλὴμ
1622 1686 1748 1759 μέλ-

1849 619 1867 651 t
1912 599 2159 665 praedixit
2179 594 2365 651 dicens
2390 595 2556 665 quod,
2582 593 2679 646 Abi
2721 593 2786 645 de
2824 601 2938 660 post
2978 608 3089 657 me,
3129 589 3295 644 Satan
3321 603 3419 642 :eo

1849 712 1867 743 ι
1915 691 2050 761 quod
2098 689 2347 744 scandala
2388 687 2514 741 mihi
2546 686 2618 740 sis
2645 686 2712 739 “.
2757 682 2855 738 Hic
2884 690 2967 738 est
3006 697 3136 753 ergo
3168 683 3421 738 sacerdos

1848 800 1869 835 ι
1914 782 2003 835 ille
2036 793 2282 851 magnus,
2318 777 2473 845 cujus
2504 786 2685 847 typum
2710 775 2930 844 gerebat
2959 776 3088 831 olim
3116 775 3205 831 ille
3242 775 3422 831 Jesus.

1849 891 1867 923 ι
1915 871 2101 942 Neque
2123 872 2267 926 enim
2298 884 2397 939 par
2422 878 2508 923 est
2548 868 2891 934 existimare,
2932 867 3084 922 illum
3121 868 3296 936 ipsum
3329 883 3422 937 ap-

1849 981 1868 1015 ι
1915 965 2170 1032 pellatum
2220 962 2554 1017 sacerdotem
2605 975 2897 1029 magnum,
2953 960 3080 1015 licet
3124 970 3271 1015 esset
3327 975 3423 1030 per

1850 1073 1869 1107 ι
1913 1056 2097 1115 omnia
2126 1054 2419 1125 gloriosus,
2454 1067 2577 1107 cum
2606 1066 2674 1106 ne
2703 1048 2916 1121 Moyses
2938 1051 3156 1121 quidem
3198 1064 3426 1121 magnus

1852 1166 1868 1198 ι
1920 1147 2223 1203 nominetur
2258 1163 2271 1199 :
2306 1152 2363 1201 et
2387 1156 2566 1200 tamen
2601 1144 2676 1197 ita
2706 1156 2935 1211 magnus
2962 1154 3081 1196 erat
3105 1141 3340 1212 Moyses.
3365 1149 3427 1195 ut

1851 1255 1870 1288 ι
1914 1235 2007 1291 Dei
2038 1234 2272 1289 famulus
2316 1236 2687 1288 nominaretur
2711 1271 2727 1297 ,
2754 1240 2812 1286 et
2842 1232 2983 1286 Deus
3033 1231 3253 1301 insuper
3289 1228 3428 1285 Pha-

1854 1349 1873 1380 ι
1922 1326 2135 1391 raonis;
2165 1326 2325 1393 idque
2357 1325 2523 1379 etiam
2552 1339 2583 1379 a
2615 1324 2727 1380 Deo
2755 1324 2893 1392 ipso.
2931 1326 2990 1385 at
3025 1319 3081 1375 Si
3118 1321 3241 1392 quis
3266 1334 3430 1391 porro

1852 1439 1871 1472 ι
1916 1418 1987 1473 ob
2017 1418 2070 1472 id
2096 1414 2283 1472 Iesum
2306 1428 2557 1486 magnum
2582 1416 2784 1471 dictum
2829 1414 3149 1477 arbitretur,
3188 1414 3331 1483 quod
3358 1413 3433 1468 di-

1852 1528 1871 1548 ε
1918 1525 2056 1565 antis
2094 1508 2260 1563 fuerit
2298 1508 2537 1573 habitus,
2564 1507 2654 1575 qui
2687 1506 2941 1576 populum
2980 1505 3341 1561 introduceret
3374 1505 3434 1561 in

1852 1620 1872 1653 ι
1920 1615 2120 1656 terram
2156 1614 2413 1664 uanaan,
2442 1608 2498 1653 et
2537 1596 2820 1651 miraculis
2844 1596 3165 1667 quibusdam
3199 1595 3322 1651 aliis
3347 1610 3436 1651 co-

1853 1712 1872 1745 t
1921 1704 2199 1759 ruscaret,
2245 1694 2291 1747 is
2334 1692 2600 1763 intelligat
2654 1699 2902 1761 oportet,
2950 1697 3434 1744 commemoratam

181 1793 200 1824 ι
246 1774 378 1830 λειν,
431 1794 452 1828 s
515 1777 677 1848 Ὁρᾷς
709 1778 832 1830 ὅσον
888 1778 1154 1849 ἠγνόησεν
1194 1777 1596 1847 ἀποπλανηθεὶς
1645 1776 1747 1847 τῆς

1866 1804 1874 1837 l
1923 1784 2065 1838 illam
2092 1781 2219 1839 Jesu
2260 1784 2710 1854 magnitudinem,
2744 1797 2851 1837 non
2891 1781 3027 1837 adeo
3065 1796 3163 1852 per
3196 1782 3432 1852 typicam

178 1864 438 1935 ιστοριας,
492 1843 590 1919 καὶ.
622 1843 713 1938 -μὴ
762 1843 1008 1939 δυνηθεὶς
1044 1843 1352 1938 ’ἐπιστῆσαι
1395 1843 1476 1937 τῷ
1520 1866 1626 1920 ὑπὸ
1656 1843 1749 1920 τοῦ

1866 1893 1878 1925 ι
1925 1873 2068 1927 illam
2126 1843 2395 1927 actionem
2462 1872 2770 1937 emicuisse,
2819 1880 3081 1939 quantum
3143 1880 3435 1939 propterea

176 1957 458 2027 προφήτου
505 1958 771 2031 Ζαχαρίου
816 1958 1106 2030 δηλωθέντι
1156 1958 1351 2029 Ἰησοῦ.
1413 1959 1469 2011 Ὀ
1503 1958 1603 2029 μὲν
1643 1957 1753 2029 γὰρ

175 2041 244 2117 ἦν
271 2047 384 2111 υίὸς
420 2046 683 2113 Ἰωσεδὲκ,
716 2050 889 2121 φυλῆς
912 2050 1149 2104 Λευῖτῶν
1180 2050 1287 2103 ἀπὸ
1310 2050 1500 2118 γένους
1543 2047 1752 2119 ’Δαρὼν

176 2138 279 2209 τὴν
321 2141 728 2213 ἀρχιερωσύνην
768 2141 1190 2212 ἀναδεδεγμένος
1235 2141 1347 2211 (72)
1368 2158 1381 2171 ’
1428 2143 1557 2212 παρ’
1600 2140 1629 2193 ὃ
1661 2141 1754 2193 καὶ

172 2230 364 2303 μέγας
394 2233 583 2303 ἱερεὺς
615 2233 997 2305 ἐχρημάτιζεν,
1032 2232 1221 2306 ὥσπερ
1260 2230 1353 2287 οὖν
1398 2234 1427 2286 ὀ
1468 2233 1754 2305 προφήτης

174 2323 439 2389 διδάσκει,
480 2323 655 2394 λέγων
674 2342 687 2355 ·
732 2326 843 2379 Kal
886 2325 1081 2390 ἔδειξέ
1118 2344 1220 2395 μοι
1262 2327 1478 2394 Κύριος
1517 2322 1753 2393 Ἰησοῦν

176 2415 288 2469 τὸν
316 2414 472 2484 ἱερέα
500 2416 607 2470 τὸν
645 2415 854 2486 μέγαν.
899 2418 958 2471 '0
979 2417 1035 2470 δὲ
1066 2417 1344 2480 Μωῦσὲως
1368 2416 1609 2486 διάδοχος
1648 2415 1740 2484 Ἰη-

181 2503 331 2568 σοῦς,
370 2508 398 2558 ὁ
436 2507 515 2568 είς
554 2505 651 2575 τὴν
684 2507 788 2577 γῆν
825 2506 923 2578 τῆς
964 2506 1294 2577 ἐπαγγελίας
1325 2507 1473 2575 ἄγων
1502 2506 1595 2559 τὸν
1626 2506 1755 2559 λαὸν

178 2594 277 2648 τοῦ
315 2595 541 2666 Κυρίου,
590 2598 685 2650 καὶ
729 2597 890 2669 ἕτερα
922 2598 1112 2661 πολλὰ,
1165 2600 1261 2652 καὶ
1306 2596 1595 2669 θαυμαστὰ
1631 2614 1753 2650 ποι-

181 2688 343 2759 ήσας,
367 2688 481 2754 υίὸς
503 2690 765 2759 ἐτύγχανε
784 2690 878 2744 τοῦ
898 2692 1073 2763 Ναυῆ,
1099 2691 1269 2761 φυλῆς
1290 2691 1347 2745 δι
1365 2691 1464 2762 τῆς
1492 2689 1752 2763 Ἐφραῒμ,

180 2780 334 2834 οὐδὲν
363 2781 540 2835 κοινὸν
574 2780 803 2853 ἐχούσης
838 2783 974 2854 πρὸς
1001 2782 1322 2855 ἱερωσύνην.
1362 2784 1422 2837 '0
1453 2782 1632 2837 τοίνυν
1661 2799 1753 2836 το·-

183 2872 374 2927 σοῦτον
413 2872 746 2942 ἀποσφαλεὶς
773 2874 875 2944 τῆς
917 2874 1206 2946 προχείρου
1242 2872 1472 2940 λέξεως,
1505 2873 1667 2946 ψιλήν
1695 2889 1758 2926 τε

181 2964 283 3037 τὴν
322 2964 562 3036 ἱστορίαν
604 2964 907 3036 ἀγνοήσας,
942 2965 1058 3030 πῶς
1104 2965 1170 3019 ἂν
1208 2965 1417 3035 γένοιτο
1458 2965 1758 3038 ἀξιόχρεως

262 3063 323 3121 sit
363 3056 461 3112 Ed.
494 3056 671 3112 Paris.
700 3072 822 3127 pag.
854 3057 942 3113 ii.

262 3152 311 3185 ⁸⁸
337 3150 525 3207 latth.
564 3167 677 3218 xu,
720 3152 813 3209 23.

1859 1982 1878 2015 ι
1922 1964 2064 2033 quod
2113 1978 2221 2018 non
2253 1962 2326 2017 ita
2361 1964 2448 2018 diu
2496 1971 2681 2033 postea
2710 1963 2964 2031 populum
3001 1978 3155 2017 suum
3194 1972 3311 2019 erat
3345 1963 3427 2016 in-

1857 2070 1880 2108 s
1922 2054 2292 2120 traducturus,
2329 2054 2383 2108 in
2434 2069 2683 2125 magnam
2731 2056 2871 2109 hanc
2918 2063 3160 2108 nostram
3213 2052 3433 2108 Jerusa-

1859 2164 1879 2198 ι
1920 2146 2044 2202 lem.
2092 2165 2112 2199 ι
2170 2146 2334 2202 Vides
2402 2148 2523 2202 ideo
2570 2162 2731 2216 quam
2782 2146 3096 2201 immaniter
3136 2144 3351 2200 aberret
3383 2146 3439 2199 in

1857 2239 1955 2293 hac
2008 2238 2265 2304 historia,
2300 2238 2394 2306 qui
2441 2235 2627 2294 Jesum
2668 2238 2843 2303 illum,
2871 2252 2969 2308 per
3002 2237 3316 2306 prophetam
3341 2236 3441 2291 Za-

1848 2330 2092 2384 chariam
2144 2338 2667 2397 commemoratum,
2715 2344 2821 2385 non
2876 2326 3145 2384 intellexit
3182 2327 3304 2398 quis
3347 2334 3440 2382 aut

1850 2422 2027 2491 qualis
2048 2422 2225 2479 fuerat
2247 2460 2264 2477 .
2293 2422 2424 2478 Erat
2448 2432 2631 2478 autem
2672 2421 2888 2488 genitus
2918 2418 3182 2475 Josedeco
3203 2459 3219 2484 ,
3243 2420 3310 2474 de
3338 2417 3439 2474 tri-

1850 2510 1921 2565 hu
1950 2510 2218 2577 LeVitica,
2255 2510 2324 2565 ab
2371 2511 2590 2565 Aarone
2631 2508 2895 2565 oriundus
2930 2524 3145 2574 summo
3178 2507 3440 2578 praeditus

1852 2598 2156 2655 Judaeorum
2182 2600 2499 2671 pontiﬁcatu
2525 2600 2819 2671 :quocirca
2848 2619 2867 2653 ι
2893 2614 3119 2670 magnus
3137 2599 3393 2655 sacerdos
3414 2617 3438 2653 ι

1870 2690 2202 2745 nominatur.
2247 2689 2358 2745 Hoc
2402 2693 2561 2746 docet
2602 2691 2868 2760 propheta
2939 2690 3158 2746 disertis
3207 2690 3441 2746 verbis:

1862 2778 1931 2834 Et
1950 2783 2175 2837 ostendit
2195 2783 2323 2837 ntilti
2343 2782 2599 2839 Dominus
2622 2781 2804 2837 Jesunt
2823 2783 3148 2860 sacerdotem
3170 2798 3440 2853 magnum.

1861 2869 2066 2944 Moysis
2098 2887 2265 2943 porro
2288 2887 2575 2929 successor
2605 2872 2695 2928 ille
2719 2870 2901 2939 Jesus,
2925 2875 3017 2942 qui
3050 2872 3147 2929 Dei
3180 2872 3440 2942 pepulum

1863 2965 1920 3022 in
1950 2976 2151 3023 terram
2172 2965 2555 3038 promissionis
2578 2966 2902 3033 introduxit,
2933 2974 2990 3022 et
3038 2964 3227 3021 multis
3270 2964 3444 3021 incla-

189 3336 325 3392 ude
346 3344 460 3405 post
482 3350 583 3399 nne,
614 3336 679 3389 ad
702 3332 922 3389 Petrum
955 3336 1226 3397 dicantur.
1276 3334 1477 3405 reliqua
1519 3306 1659 3391 vero,
1695 3334 1761 3390 ad
1788 3337 1831 3397 C
1866 3333 2019 3404 (ibid.
2050 3330 2108 3405 5)
2136 3371 2152 3397 ,
2178 3325 2628 3405 hoc'estquanditt
2647 3312 3137 3405 porta-batpeccata
3161 3332 3362 3405 nostra,
3384 3326 3446 3405 in

194 3404 467 3461 diabolum
491 3405 807 3474 separatim,
842 3419 873 3458 a
896 3421 999 3474 qua
1028 3406 1321 3470 sententia,
1348 3406 1609 3473 Origenes
1641 3420 1763 3459 cum

195 3472 670 3544 Hieronymoﬂion
688 3472 935 3544 fortassis
951 3475 1303 3530 abhorruere.
1323 3476 1366 3528 M
1390 3472 1459 3516 -ἑ
1473 3475 1592 3529 Mox
1613 3475 1771 3543 vulgo

194 3544 335 3613 ὁμοῦ
359 3543 505 3597 δὲτὰ
534 3562 585 3599 τ.
626 3543 753 3598 Dein
801 3543 918 3598 dele
958 3545 1016 3598 δέ
1055 3560 1175 3613 eum
1227 3545 1385 3600 codd.
1439 3544 1585 3599 Infra
1614 3545 1773 3613 vulgo

196 3607 387 3738 βίαρίῖ
420 3614 551 3683 φησί
580 3632 638 3684 μ.
656 3631 713 3683 φ.
736 3613 986 3693 μαριάμ.
1015 3607 1142 3667 Dein
1170 3613 1338 3681 ἔλεξε,
1372 3615 1525 3669 codd.
1554 3624 1609 3668 et
1641 3607 1772 3669 mss.

199 3688 323 3738 loco
377 3682 512 3738 δειεε
544 3694 599 3738 et
641 3685 869 3738 deutaue
909 3684 1064 3738 vulao
1084 3701 1319 3738 ποοφητ.
1345 3685 1539 3738 λέγων.

199 3682 323 3742 loco
347 3682 512 3754 ἔδειξε
544 3682 599 3739 et
641 3682 869 3750 denique
909 3682 1064 3753 vulgo
1084 3701 1319 3754 προφητ.
1345 3685 1539 3753 λέγων.

277 3754 403 3837 (70),
423 3752 609 3837 οὗτος
628 3754 836 3807 τοίνυν
864 3752 1038 3837 ἐστίν
1066 3757 1098 3808 d
1130 3752 1642 3837 Ιξρερςκβοιίειίιῑο
1675 3767 1773 3819 ex-

200 3824 409 3897 pressit
454 3835 684 3897 mentem
720 3837 870 3897 suam
903 3825 1082 3897 hisce
1132 3825 1289 3897 dictis
1352 3824 1656 3897 Marcellus,
1714 3838 1773 3897 se

207 3892 316 3951 non
350 3897 557 3964 cepisse
606 3895 709 3948 hoc
753 3892 1068 3948 vaticinium
1118 3895 1184 3949 de
1215 3892 1345 3949 Jesu
1386 3894 1605 3949 Christo
1629 3892 1771 3948 κατὰ

204 3966 462 4038 γράμμα,
483 3974 548 4038 _et
576 3964 774 4018 σκοπὸν
793 3964 1038 4038 πρῶτον,
1090 3965 1181 4019 sed
1216 3967 1393 4038 typico
1439 3972 1771 4038 Ian_tum_._et

206 4033 533 4091 secundum
562 4049 747 4097 sensu,
784 4033 1066 4100 Quomodo
1091 4033 1399 4103 exponebat
1423 4044 1478 4087 et
1504 4033 1769 4088 Eusebius

208 4107 350 4171 ipse,
388 4106 545 4175 nullo
585 4105 823 4171 percitus
854 4114 1053 4175 oestro
1078 4105 1543 4175 contradictionis,
1596 4104 1648 4157 in
1717 4118 1770 4156 iv

221 4174 426 4229 Ἀποδ.
456 4190 562 4229 non
596 4178 753 4242 longe
787 4188 815 4226 a
846 4171 974 4244 title.
998 4172 1129 4244 Qua:
1161 4173 1556 4244 interpretatio
1588 4187 1771 4244 neque

209 4254 416 4315 potest,
444 4258 620 4315 neque
651 4240 816 4315 debet
843 4240 1041 4315 refelli.
1072 4240 1363 4309 Nimirum,
1386 4258 1506 4299 cum
1525 4242 1631 4315 illis
1656 4240 1774 4297 oin-

213 4311 306 4370 nia
334 4311 713 4383 contingerent
769 4312 824 4366 in
859 4311 1067 4383 iligura,
1096 4322 1303 4368 certum
1350 4323 1455 4378 est,
1488 4313 1630 4382 quod
1653 4326 1774 4381 quae

212 4382 807 4449 secundum’litteram,
840 4382 906 4453 de
932 4393 1056 4453 typo
1080 4384 1432 4450 dicebantur;
1476 4385 1775 4437 secundum

211 4454 507 4524 mysticum
572 4467 813 4519 sensum,
868 4452 1300 4524 de;substantia
1355 4452 1774 4521 usurpabantur.

211 4519 536 4593 Quanquam
565 4524 892 4593 concedatur
924 4519 1261 4586 Marcellum,
1290 4525 1453 4578 etiam
1484 4519 1777 4577 secundum

214 4591 454 4647 litteram
488 4594 601 4647 haec
626 4591 692 4646 de
725 4591 947 4647 Christo
978 4606 1268 4659 usurpasse
1303 4615 1312 4646 :
1356 4609 1460 4647 non
1489 4602 1608 4647 erat
1655 4593 1775 4647 ideo

216 4662 509 4730 imperitia:
548 4661 932 4730 postulandus-
961 4661 1348 4727 Tertulliauus,
1393 4663 1476 4716 vir
1510 4676 1632 4716 cum
1673 4662 1778 4717 Eu-

216 4733 377 4803 sebio
396 4730 584 4786 saltem
630 4731 1053 4803 componendus,
1098 4731 1188 4785 διὰ
1226 4734 1335 4803 τὴν
1386 4731 1775 4803 πολυμάθειαν,

218 4801 325 4857 hoc
372 4802 442 4853 ita
478 4803 640 4856 habet
687 4811 877 4855 contra
913 4799 1128 4855 Judtnos
1170 4818 1185 4853 :
1215 4799 1327 4855 Nec
1355 4799 1589 4868 poteritis
1623 4802 1777 4855 illum

217 4868 463 4941 Iosedeci
477 4870 643 4938 ﬁliuni
666 4873 854 4932 dicere,
871 4873 959 4941 qui
982 4871 1126 4924 nulla
1150 4873 1361 4925 omnino
1385 4881 1517 4925 reste
1536 4874 1774 4934 sordida,

219 4940 313 4994 sed
343 4955 543 5024 semper
558 4940 1011 5023 sacerdotalifuit
1055 4953 1357 5024 exornatus.
1395 4941 1505 4995 Nec
1520 4959 1777 5024 nunquam

220 5010 537 5063 sacerdotali
564 5025 776 5064 munere
800 5011 1033 5072 privatus
1068 5028 1086 5064 :
1112 5011 1201 5063 sed
1235 5009 1267 5063 J
1275 5028 1389 5064 esus
1414 5023 1487 5065 est
1515 5009 1773 5075 Christus,

227 5079 321 5133 Dei
355 5076 533 5131 Patris
557 5082 743 5132 summi
776 5078 1055 5143 Sacerdos,
1093 5090 1223 5144 etc.;
1255 5096 1375 5133 Clllll
1408 5096 1472 5135 eo
1502 5082 1779 5135 consentit

222 5147 473 5219 Lactatit.
501 5149 596 5202 lib.
629 5164 702 5219 tv,
735 5162 856 5215 cap.
906 5149 993 5211 H,
1022 5160 1077 5203 et
1106 5149 1421 5219 Hieronym.
1465 5151 1685 5218 epistola
1720 5152 1772 5208 8.

224 5218 326 5272 ille
356 5218 573 5289 quidem
605 5218 1094 5289 aliorunrdiversas
1124 5220 1209 5273 hic
1238 5218 1532 5274 sententias
1571 5230 1625 5274 et
1662 5223 1777 5289 opi-

221 5290 417 5343 stiones
446 5288 657 5354 recitat,
708 5287 1067 5357 Hieronymus
1131 5289 1341 5342 videtur
1387 5287 1773 5345 Marcellum’iu

224 5358 409 5410 animo
434 5357 707 5413 habuisse.
756 5356 955 5411 Scribit
1004 5356 1249 5412 Lactant.
1300 5358 1405 5413 Sed
1452 5360 1533 5411 illi
1570 5376 1771 5425 rursus,

223 5428 406 5497 eodem,
434 5428 587 5497 modo
613 5426 735 5495 falsi
755 5427 1052 5495 deceptique
1085 5438 1203 5480 sunt
1230 5445 1250 5481 :
1276 5440 1511 5497 putantes
1557 5430 1667 5483 haec
1711 5432 1775 5484 de

222 5493 352 5547 Jesu
373 5495 484 5567 [ilio
504 5493 650 5567 lianc
671 5493 931 5567 dicta,qui
957 5493 1219 5551 successor
1242 5493 1341 5564 fuit
1362 5498 1535 5567 Moysi
1558 5516 1576 5553 :
1596 5508 1686 5552 aut
1710 5502 1774 5553 de

224 5564 499 5619 sacerdote
530 5563 678 5631 Iesu,
706 5566 819 5639 ﬁlio
842 5563 1101 5632 Josedeci,
1126 5568 1181 5639 in
1210 5563 1337 5639 quos
1363 5563 1494 5621 nihil
1538 5580 1773 5639 congrurt

225 5649 405 5686 eorum
432 5650 548 5701 qua
565 5637 811 5703 propheta
834 5640 1085 5691 narravit.
1114 5636 1217 5691 Sed
1241 5640 1293 5688 in
1316 5639 1411 5690 hoc
1440 5636 1775 5692 consideran-

228 5707 374 5761 dum.
409 5700 528 5761 ιλιι
564 5702 656 5755 illo
681 5716 904 5761 tempore
941 5708 1111 5760 stabat
1155 5724 1185 5759 ο
1218 5708 1413 5761 dextris
1456 5707 1684 5761 Domini.
1716 5719 1771 5761 ut

228 5721 374 5767 aunt,
409 5721 528 5769 ‹,ιιι
564 5721 656 5755 tuo
681 5721 904 5772 tempore
941 5721 1111 5760 stabat
1155 5724 1185 5759 a
1218 5721 1413 5761 dextris
1456 5721 1684 5771 venunt,
1716 5721 1771 5761 ut

228 5773 596 5847 adversaretur
612 5773 658 5825 ei
685 5770 936 5847 _(Za_cltar.
974 5791 1061 5847 tu,
1094 5777 1166 5847 l).
1189 5797 1209 5829 ι
1249 5776 1316 5830 Et
1355 5778 1542 5832 beatus
1582 5778 1771 5840 Iliero-

224 5856 419 5914 nymus
449 5858 469 5904 :
498 5841 727 5910 Quando
760 5842 914 5901 Iesus
961 5841 1180 5905 habebat
1213 5847 1429 5904 sordida
1476 5848 1772 5905 vestimenta

1872 3393 2343 3473 peccatis'w'nostris
2358 3393 2853 3473 _ad_versatur_
2916 3395 3180 3473 diabolus.
3216 3393 3446 3473 Quando

1873 3464 2047 3527 autem
2075 3471 2226 3536 dicit,
2255 3470 2309 3522 in
2348 3465 2635 3527 Zacharia,
2660 3485 2678 3518 ι
2710 3464 2920 3536 Tollite,
2952 3465 3120 3536 tollite
3134 3466 3438 3536 uestimenta

1876 3543 2026 3614 (ibid.
2046 3541 2101 3611 4)
2126 3556 2182 3614 s_:
2210 3534 2258 3593 et
2283 3539 2549 3614 continuo,
2578 3556 2597 3587 ‹
2628 3537 2753 3614 dicit
2779 3534 3028 3614 Jews-ad
3045 3535 3333 3614 diabolum.
3361 3536 3449 3614 in-

1878 3604 2047 3680 crepet
2074 3604 2121 3665 te
2145 3609 2423 3672 Dominus,
2461 3625 2479 3658 ι
2503 3617 2609 3680 etc.
2635 3605 2781 3680 Idem
2809 3606 3159 3680 doctissimus
3182 3604 3366 3673 Pater,
3389 3606 3444 3661 in

1880 3675 2298 3739 Commentariis
2322 3682 2388 3732 atl
2411 3677 2686 3746 prophetae
2715 3675 2916 3741 locum,
2960 3676 3224 3740 insinuat,
3258 3685 3448 3744 aperte

1878 3765 2222 3808 communem
2249 3747 2418 3803 fuisse
2451 3746 2890 3801 Christianorum
2916 3747 3220 3809 doctorum,
3256 3755 3448 3801 contra

1876 3821 2093 3877 Iudaeos
2116 3819 2424 3888 opinionem
2460 3815 2529 3888 de
2563 3815 2691 3888 Jesu
2726 3814 3110 3888 ChristoLnon
3142 3825 3322 3888 autem
3351 3813 3442 3870 Je-

1873 3907 1935 3946 su
1991 3884 2269 3954 Josetleci,
2339 3889 2441 3943 hoc
2504 3886 2560 3940 in
2612 3887 2730 3940 loco
2781 3885 2992 3940 institui
3039 3884 3445 3940 tractationem.

1876 3961 2067 4017 Nostri
2098 3970 2295 4019 autem,
2326 3958 2519 4028 inquit,
2553 3957 2628 4009 ita
2650 3957 2943 4028 disserunt,
2988 3956 3311 4028 sacerdotem
3336 3971 3448 4010 esse

1872 4047 2142 4103 magnum,
2170 4030 2238 4081 ad
2254 4024 2575 4103 quem—dicit.
2600 4024 2806 4103 g_Tu_es
2826 4027 3067 4103 sacerdos
3088 4026 3145 4078 in
3169 4033 3446 4103 alternum,

1874 4092 2160 4158 secundum
2194 4092 2427 4152 ordinem
2457 4095 2822 4151 Melchisedec.
2869 4096 3047 4162 (Psal.
3076 4110 3186 4158 clx,
3210 4092 3290 4165 ι).
3320 4093 3447 4149 Νοη

1881 4182 2057 4227 autem
2094 4184 2205 4225 esse
2246 4167 2451 4231 Iesum,
2486 4166 2661 4234 lilium
2706 4165 2931 4220 Josedec
2973 4176 3231 4219 conantur
3272 4174 3448 4234 osten-

1878 4240 2021 4311 dere,
2048 4240 2187 4311 quod
2206 4254 2308 4311 non
2329 4238 2394 4292 sit
2416 4233 2716 4311 appositum
2750 4237 2805 4311 in
2851 4236 3110 4311 prasenti
3141 4235 3282 4311 loco_,_
3304 4233 3450 4311 filius

1879 4304 2099 4366 Josedéc
2127 4325 2146 4363 :
2172 4309 2263 4378 qui
2290 4308 2345 4361 in
2377 4308 2497 4361 aliis
2526 4305 2680 4378 locis,
2706 4308 2797 4359 ubi
2839 4323 2954 4361 uere
2981 4307 3053 4378 de
3075 4304 3204 4359 Jesu
3226 4304 3448 4370 dicitur,

1923 4382 1994 4437 lio
2014 4377 2257 4445 Josedec,
2296 4392 2495 4444 seinper
2522 4377 2585 4447 de
2627 4379 2795 4447 patris
2818 4377 3124 4447 cognomine
3148 4386 3444 4447 censeatur,

1910 4464 2096 4522 taque,
2124 4451 2338 4522 quidni_
2371 4445 2658 4522 Marcellus
2698 4448 2772 4501 ita
2808 4445 3114 4522 capiendus
3160 4445 3442 4522 sit,uqu_asi

1810 4548 1855 4603 ι)
1890 4513 2000 4603 νοεῖ
2061 4513 2274 4603 licet!»
2316 4519 2503 4603 ιυρτίιε
2536 4513 2938 4603 ξεηειιρτίιξεδι
2982 4513 3448 4603 stetit!!!»

1887 4601 2017 4656 tres,
2048 4601 2105 4646 et
2134 4590 2223 4643 alii
2259 4598 2457 4659 praeter
2486 4586 2739 4659 istos,_de
2770 4588 2968 4655 quibus
2998 4586 3201 4659 videsis
3224 4585 3449 4659 _doctis-_

1878 4654 2074 4716 simum
2126 4654 2405 4728 Ribe'ram,
2453 4656 2596 4711 κατὰ
2646 4654 2898 4728 δεύτερον
2954 4657 3178 4719 σκοπόν,
3222 4654 3275 4709 id
3299 4656 3451 4728 quod

1877 4732 2083 4786 indicat
2107 4726 2221 4797 ipse
2241 4724 2303 4784 οῦ
2333 4727 2503 4781 τύπον
2526 4726 2729 4799 ἔσωζεν
2774 4724 3375 4799 δ’τηνικαῦταἹῃσοῦς.
3405 4724 3454 4778 Μ

1968 4801 2058 4869 7i)
2093 4796 2257 4854 Οὔπω
2300 4801 2377 4862 R;
2413 4814 2536 4869 mox
2577 4797 2672 4850 τοῦ
2709 4796 3038 4869 ἀειενῖιιιιιε
3079 4796 3248 4862 Θεοῦς
3292 4811 3456 4869 porro

1877 4867 2229 4927 ςοὰιί.ἀὺτοῦ
2260 4871 2353 4924 τοῦ
2385 4867 2520 4922 Θεοῦ
2545 4869 2713 4937 ὼνομ.
2749 4878 2840 4921 aut
2865 4868 3032 4922 αὐτοῦ
3072 4869 3264 4937 ὠνομ.,
3294 4867 3458 4937 vulgo

1874 4943 2040 4995 αὑτοῦ
2065 4940 2199 4994 Θεοῦ
2216 4942 2387 5011 ὠνομ.
2410 4936 2720 5011 bin—Porro
2736 4938 2812 5009 τῷ
2829 4938 2879 4991 λ.
2900 4940 3016 5011 loco
3034 4938 3104 5011 rb!
3116 4936 3193 5011 λ.,
3215 4936 3305 5006 qui
3331 4939 3456 5011 tlein

1879 5013 2093 5081 μέλλειν
2124 5011 2203 5067 vel
2239 5007 2482 5084 μέλλοντι
2514 5007 2972 5078 conjicit,'codd.
3024 5009 3237 5080 μέλλον,
3292 5007 3455 5079 vulgo

1951 5084 2105 5137 λλων.

1879 5084 2227 5226 μέΐέῧνὶῖαβ
2258 5153 2289 5207 δ
2324 5153 2420 5206 καὶ
2449 5150 2884 5226 ὶιέηαςμὶερεῷς.
2931 5148 3043 5226 Non
3081 5158 3163 5202 est
3196 5147 3285 5202 hic
3308 5147 3452 5226 titu-

1877 5216 1964 5278 ius
1997 5216 2132 5277 adeo
2164 5216 2422 5292 frequens
2449 5216 2504 5277 in
2534 5216 2884 5292 scripturis,
2900 5220 2991 5292 sed
3036 5233 3281 5292 summus
3308 5216 3454 5292 Pon-

1879 5293 2009 5347 tifex
2050 5288 2302 5363 appellari
2340 5295 2475 5347 solet
2508 5288 3217 5363 ἀρχιερεύς.-ὃοίιιελςιιιοιί
3260 5288 3451 5363 utemi-

1883 5364 2081 5429 nerim,
2121 5358 2287 5417 ’Elias
2324 5358 2725 5432 pontifeit'qiu
2788 5361 2992 5414 invenit
3044 5359 3239 5413 librum
3290 5358 3447 5426 legis,

1878 5432 2040 5488 Jesus
2079 5434 2239 5487 istius
2271 5435 2498 5494 abavus,
2558 5433 2628 5485 ita
2680 5440 2969 5497 usurpatur
2999 5448 3011 5482 :
3038 5440 3091 5482 et
3140 5438 3265 5480 ante
3300 5442 3445 5489 eum,

1876 5500 2135 5557 Jeboiada
2167 5520 2179 5555 :
2211 5505 2301 5571 qui
2334 5514 2511 5557 tamen
2547 5518 2652 5571 non
2678 5512 2798 5555 erat
2836 5499 3103 5571 pontifex,
3136 5507 3223 5571 aut
3258 5511 3445 5571 sacer—

1875 5572 2062 5627 dotum
2097 5563 2359 5627 summus.
2406 5572 2470 5627 Et
2516 5573 2567 5626 in
2620 5563 2884 5625 Zacharia
2919 5569 3131 5637 legitur,
3163 5568 3254 5618 τὸν
3295 5563 3448 5637 ἱερέα

1871 5642 1963 5713 τὸν
1989 5642 2184 5713 μέγαν,
2218 5643 2374 5711 quasi
2402 5659 2509 5697 non
2536 5651 2683 5697 esset
2710 5641 3013 5713 communis
3039 5638 3281 5713 omnium
3308 5650 3444 5713 pon-

1888 5704 2092 5767 tiﬁcum
2132 5704 2318 5767 titulus
2347 5713 2479 5767 :sed
2529 5710 2801 5765 nonnullis
2866 5708 3247 5764 illustriorihus
3288 5704 3451 5764 attri-

1873 5780 2057 5840 huius.
2097 5783 2168 5839 Il.
2203 5814 2273 5825 -—
2306 5783 2427 5841 Mox
2458 5780 2617 5852 vulgo
2652 5777 3035 5857 ἐχρημάτισεν.
