4070 6304
156 366 258 423 761

1272 354 1552 412 CONTRA
1585 350 2009 409 ιιΑιιοΕιιυιι
2047 350 2180 408 LIB.
2218 350 2265 408 1.

3290 348 3398 408 768

160 482 314 556 Quae,
344 482 419 544 ὡς
444 479 541 534 καὶ
565 478 671 551 προ
706 475 1006 531 Ἐλισσαίου
1042 472 1226 538 Ἠλίας
1250 475 1281 528 6
1307 472 1480 544 μέγας
1503 470 1596 525 τδν
1616 470 1719 541 τῆς

1845 478 2072 525 aontextu
2108 468 2375 525 orationis
2412 482 2547 533 sum,
2592 468 2868 524 mentione
2903 468 2969 524 de
2993 464 3293 525 Salvatoris
3318 485 3408 526 re-

158 574 330 645 χήρας
377 570 492 623 υίὺν
522 567 859 623 ἀποθανόντα
895 564 1209 634 ἀνέστησεν,
1256 561 1334 626 ὡς
1365 561 1487 614 εστι
1533 558 1727 631 μαθεῖν

158 667 222 719 ικ
245 663 347 735 τῆς
372 661 561 733 τρίτης
583 658 691 711 τῶν
715 654 1024 710 Βασιλειῶψ
1046 656 1075 707 6
1096 653 1155 707 δὲ
1178 652 1270 705 καὶ
1292 651 1437 705 τοῦτ’
1457 650 1729 721 ἀγνοήσας

160 755 431 827 φαίνεται,
456 752 523 805 δι’
555 740 631 803 ὧν
657 746 806 802 ταῦθ’
837 745 977 800 οὕτω
1008 743 1239 816 γράφει·
1276 761 1296 794 ι
1338 742 1412 795 Οὐ
1442 741 1600 812 μόνον
1619 740 1730 827 τοί-

165 864 185 897 ι
226 860 324 897 νυν
354 843 457 913 τῆς
483 838 674 908 καινῆς
700 837 929 899 κτίσεως
959 832 1301 905 πρωτότοκον
1324 830 1484 883 αὑτὸν
1515 831 1544 882 6
1570 826 1729 881 Ἀπό-

168 953 190 987 s
231 931 416 994 στολος
454 924 592 982 εἶναί
629 941 811 996 φησιν,
863 921 999 977 6116
1046 919 1142 973 καὶ
1173 917 1511 989 πρωτότοκον
1542 915 1609 968 tu
1641 930 1728 966 νε-

168 1042 186 1075 ι
227 1022 414 1095 κρῶν,
447 1019 514 1073 δι’
548 1017 698 1071 οὐδὲν
737 1015 923 1085 ῑτερον
954 1010 1078 1082 ἐμοὶ
1114 1010 1311 1072 δοκεῖν,
1346 1007 1461 1061 611‘
1509 1006 1595 1059 ἵνα
1641 1003 1727 1058 διὰ

168 1136 187 1168 ι
226 1114 321 1168 τοῦ
357 1109 703 1183 πρωτοτόκου
737 1105 847 1161 τῶν
874 1100 1082 1175 νεκρῶν
1114 1100 1245 1171 (74),
1273 1101 1421 1162 ὅπως
1459 1097 1553 1151 καὶ
1584 1112 1731 1167 πρω-

171 1218 189 1250 ι
489 1195 703 1264 ἁπάσης
739 1192 968 1252 κτίσεως
1014 1188 1255 1265 εἴρηται,
1294 1184 1601 1255 γνωσθῆναι
1640 1182 1729 1236 δυ-

171 1306 189 1339 s
230 1285 388 1358 νηθῇ.
418 1285 494 1338 06
525 1283 633 1354 γὰρ
657 1284 721 1335 εκ
741 1278 947 1351 νεκρῶν
970 1277 1165 1347 ἀνέστη
1188 1274 1398 1347 πρῶτος
1420 1276 1449 1327 6
1469 1273 1731 1341 δεσπότης

168 1398 189 1431 ι
228 1376 387 1448 ἡμῶν
431 1372 636 1445 Ἰησοῦς
675 1370 940 1443 Χριστὸς,
972 1368 1085 1423 611'
1127 1368 1156 1419 6
1191 1366 1258 1420 6t’
1304 1364 1599 1419 Ἐλισσαίου
1636 1361 1728 1416 τοῦ

169 1488 190 1522 s
227 1467 512 1538 προφήτου
542 1462 800 1525 ἀναστάς,
827 1460 1023 1531 ἀνέστη
1051 1458 1333 1530 πρότερος.
1352 1458 1461 1510 Kal
1482 1454 1732 1526 Λάζαρος

170 1579 190 1613 ι
229 1559 336 1632 πρὸ
378 1557 483 1627 τῆς
534 1552 697 1609 αὑτοῦ
739 1552 1084 1610 ἀναστάσεως
1117 1551 1317 1619 ἀνέστη
1339 1588 1354 1612 ,
1402 1550 1494 1601 καὶ
1544 1550 1603 1600 ὲν
1652 1545 1732 1616 τῷ

174 1671 192 1703 ι
233 1650 413 1723 καιρῷ
426 1646 521 1701 τοῦ
541 1644 741 1707 πάθους
764 1643 929 1696 πολλὰ
949 1642 1171 1712 σώματα
1187 1640 1294 1693 τῶν
1320 1637 1732 1709 κεκοιμημένων

172 1762 190 1795 ι
229 1743 550 1809 ἀνέστησαν.
594 1756 613 1788 ι
656 1734 765 1789 Kal
802 1734 959 1787 10610
1000 1733 1057 1786 δὲ
1100 1730 1425 1802 ἀθεωρήτως
1453 1729 1599 1782 δοκεῖ
1642 1744 1731 1798 μοι

165 1797 468 1889 τεθεικέναι
491 1829 520 1881 6
547 1826 858 1898 Μάρκελλος
875 1841 889 1854 '
924 1824 1065 1891 λέγω
1088 1822 1145 1875 δὲ
1169 1821 1229 1875 16
1248 1797 1279 1871 ‘4
1302 1797 1478 1877 ⁷πολλὰ
1507 1797 1730 1889 σώματα
1765 1797 1805 1853 Β

167 1923 275 1980 τῶν
327 1919 740 1991 κεκοιμημένων
769 1918 939 1985 άγίων
984 1914 1091 1985 πρὸ
1132 1910 1295 1966 αὐτοῦ
1348 1910 1662 1980 ἐγηγέρθαι.
1704 1928 1723 1961 s

169 2015 244 2070 06
272 2013 385 2084 γὰρ
417 2010 713 2084 προσέσχεν
740 2008 837 2081 ὅλῃ
867 2009 932 2077 τῇ
964 2004 1058 2059 τοῦ
1092 2003 1419 2072 Εὑαγγελίου
1450 2005 1633 2074 γραφῇ
1656 2002 1733 2054 δι-

167 2104 462 2175 όασκούσῃ.
498 2102 579 2155 61t
626 2100 762 2171 μετὰ
801 2097 899 2169 τὴν
932 2095 1115 2158 αὐτοῦ.
1159 2093 1229 2147 16
1260 2092 1366 2146 τῶν
1403 2093 1572 2161 ἁγίων
1600 2093 1731 2164 ὲγή-

169 2212 357 2269 γερται
394 2193 641 2264 σώματα.
674 2190 868 2261 Εὖροις
897 2189 941 2241 6‘
970 2187 1036 2241 ἂν
1065 2186 1225 2241 αὑτὸν
1248 2184 1611 2255 σφαλλόμενον
1642 2185 1733 2237 καὶ

169 2289 227 2342 έν
256 2290 323 2358 τῇ
368 2284 465 2339 τοῦ
496 2281 845 2339 άποστολικοῦ
888 2278 1048 2352 ῥητοῦ
1099 2278 1329 2331 ἐκθέσει.
1393 2276 1451 2329 '0
1496 2276 1594 2347 μὲν
1624 2275 1733 2346 γὰρ

171 2377 310 2440 θεῖος
350 2372 700 2438 ’Δπόστολος,
747 2370 1031 2440 Ῥωμαίοις
1070 2367 1328 2437 γράφων,
1362 2364 1488 2419 τάδε
1535 2363 1729 2435 φησιν’

183 2464 611 2536 Ἆφωρισμένος
650 2465 736 2528 είς
763 2460 1116 2529 εὐαγγέλιον
1158 2456 1327 2519 Θεοῦ,
1374 2455 1405 2509 6
1438 2468 1731 2523 προεπηγ-

148 2558 412 2627 γείλατο
465 2553 563 2608 διὰ
608 2551 725 2606 τῶν
775 2549 1094 2618 προφητῶν
1142 2548 1328 2601 αὑποῦ
1367 2547 1437 2599 ἐν
1471 2546 1737 2614 Γραφαῖς

173 2649 367 2718 ἁγίαις
408 2645 542 2714 περί
580 2642 687 2697 τοῦ
723 2642 856 2697 υίοῦ
898 2639 1082 2695 αὐτοῦ
1112 2639 1217 2693 τσῦ
1255 2638 1619 2708 μονογενοῦς
1669 2638 1738 2692 ἐκ

174 2732 515 2801 σπέρματος
559 2729 735 2784 Δαόίὸ
787 2728 936 2782 κατὰ
977 2728 1201 2795 σάρκα,
1244 2726 1351 2780 τοῦ
1398 2726 1737 2794 ὁρισθέντος

176 2822 307 2876 υἱοῦ
357 2821 507 2876 Θεοῦ
543 2820 613 2873 ἐν
642 2819 889 2887 δυνάμει
928 2818 1078 2871 κατὰ
1110 2817 1350 2885 Πνεῦμα
1381 2818 1736 2887 ἁγιωσύνης.

188 2912 247 2965 '0
272 2912 348 2975 δὲ,
381 2911 484 2965 οὐκ
516 2906 651 2973 οἶδα,
686 2909 813 2980 ποίᾳ
842 2908 1075 2979 διανοίᾳ,
1127 2907 1403 2961 κάνταῦθα
1433 2908 1739 2978 διαστρέφει

178 3004 275 3075 τὴν
315 3002 675 3072 άποστολικὴν
713 3000 887 3066 λέξιν⁸
941 3000 1060 3053 ἀντὶ
1100 2996 1193 3051 τοῦ
1242 2997 1582 3066 ὁρισθέντος
1626 2998 1739 3068 (75)

181 3093 410 3161 ποιήσας
441 3088 912 3159 κροορισθέντος,
942 3089 1009 3140 ἶν’
1096 3087 1293 3157 ὁμοίως
1320 3090 1431 3150 τοῖς
1460 3088 1597 3140 κατὰ
1614 3088 1744 3159 πρό-

182 3142 841 3252 γνωσινυπέοορῖσθεῖσιν.
869 3142 1163 3247 λέγειήοῦν
1207 3142 1346 3231 κατὰ
1378 3142 1523 3242 λέξιν
1570 3142 1741 3232 οὕτω·
1773 3142 1814 3199 C

189 3291 208 3323 ι
249 3273 464 3343 Ὠσπερ
501 3266 592 3325 οὖν
638 3271 737 3339 τὴν
786 3268 1109 3338 Ἐκκλησίαν
1143 3267 1308 3321 πάλαι
1349 3268 1690 3340 προωρίσατο
1719 3270 1747 3321 6

191 3382 209 3415 ι
253 3362 643 3432 παντοκράτωρ
670 3359 821 3422 Θεὸς,
847 3358 988 3411 οὕτω
1020 3360 1113 3411 καὶ
1138 3358 1237 3428 τὴν
1264 3358 1404 3410 κατὰ
1447 3358 1623 3427 σάρκα
1652 3356 1745 3410 τοῦ

192 3472 211 3507 ι
249 3452 487 3525 Χριστοῦ
512 3451 819 3520 οἰκονομίαν
840 3466 853 3480 ο
886 3449 949 3501 δι’
981 3444 1040 3503 οὗ
1062 3448 1123 3501 16
1151 3449 1258 3501 τῶν
1282 3447 1545 3502 θεοσεόῶν
1569 3449 1744 3516 γένος,

194 3562 213 3595 ι
258 3546 336 3607 εις
362 3541 628 3596 υἱοθεσίαν
658 3541 881 3593 καλέσαι
910 3540 1269 3610 προωρίσατο,
1300 3540 1561 3610 πρότερον
1590 3538 1750 3610 θεμε-

197 3653 215 3685 ι
251 3632 446 3697 λιώσας
457 3636 514 3686 έν
526 3634 592 3703 τῇ
610 3630 770 3683 αὐτοῦ
782 3629 1004 3700 διανοίᾳ.
1020 3628 1117 3680 Διὰ
1130 3628 1283 3680 τοῦτο
1302 3629 1331 3680 6
1346 3627 1658 3691 Ἀπόστολος
1672 3627 1749 3698 τῷ

198 3744 216 3778 ι
256 3726 392 3794 ἁγίῳ
407 3724 682 3793 Πνεύματι
704 3721 887 3790 σαφῶς
902 3719 1278 3792 προαγορεύει,
1293 3717 1385 3771 τοῦ
1410 3720 1749 3789 προορισθέν-

199 3833 219 3867 s
256 3833 344 3879 τος
363 3816 489 3868 Υἱοῦ
513 3814 668 3877 Θεοῦ,
690 3813 897 3880 λέγων
912 3831 931 3863 ι
952 3812 1059 3865 Kal
1087 3806 1239 3874 αὖθίς
1257 3824 1418 3880 φησιν
1441 3812 1497 3863 ὲν
1522 3811 1743 3880 ἑτέροις·

201 3926 219 3958 ι
260 3901 428 3969 Οὗτός
449 3908 562 3958 ἐστι
583 3906 707 3973 περὶ
729 3898 788 3956 06
819 3907 847 3956 6
863 3902 1069 3965 Παῦλος
1098 3901 1201 3971 ἔφη
1226 3901 1317 3954 τοῦ
1342 3901 1749 3971 προορισθέντος

204 4016 220 4047 ι
259 3995 387 4049 Υίοῦ
408 3994 561 4048 Θεοῦ.
578 4016 595 4047 ι
621 3996 729 4048 Kal
754 3993 984 4047 ἐνταῦθα
1008 3993 1073 4063 δὴ
1092 3994 1154 4046 οὑ
1175 3996 1271 4064 τὴν
1297 3992 1439 4057 λέξιν
1467 3993 1632 4062 μόνην
1656 3991 1754 4061 τὴν

201 4085 554 4155 άτωστολικὴν
571 4083 950 4155 παρέφθειρεν,
968 4083 1101 4135 6116
1119 4084 1210 4135 καὶ
1226 4082 1325 4153 τὴν
1340 4082 1572 4135 διάνοιαν
1589 4081 1755 4151 αὐτὴν

203 4175 287 4228 διὰ
320 4176 422 4245 τῆς
463 4175 776 4247 προσθήκης
817 4174 928 4244 (76)
971 4176 1069 4242 τῆς
1104 4174 1196 4226 τοῦ
1234 4173 1391 4241 λόγου
1427 4172 1754 4242 προθέσεως.

216 4266 440 4335 ’Δδελφὰ
475 4266 529 4319 δὲ
558 4265 763 4328 τούτοις
791 4266 1064 4336 πράττων.
1100 4264 1199 4326 τῖες
1238 4263 1566 4325 Ψαλιιωδίας
1602 4280 1753 4331 περι-

274 4362 333 4420 »Β
372 4358 469 4414 Ed.
504 4355 696 4421 Paris.,
724 4371 843 4424 pag.
878 4356 962 4408 l2.

1826 558 2162 616 surrectione
2187 558 2406 627 injecta,
2424 557 2621 613 docere
2650 570 2939 628 aggressus
2960 566 3065 622 est,
3091 566 3222 612 ante
3250 556 3401 615 illum

1826 648 2185 710 incarnatum,
2216 646 2316 702 sub
2366 645 2697 714 temporibus
2733 643 3144 715 prophetarum,
3195 646 3403 703 dictum

1826 749 1964 799 esse,
1996 748 2026 787 a
2073 735 2297 790 mortuis
2330 733 2989 804 quemdam-suscitatam.
3040 734 3097 789 In
3133 734 3237 789 hoc
3283 735 3406 803 qui-

1828 825 1948 879 dem
1982 825 2098 893 ipso
2126 825 2343 895 egregie
2377 823 2763 879 halluciuatur.
2796 823 2886 878 Ait
2913 824 3057 878 enim
3086 825 3403 894 prophetam

1827 915 2385 979 Elissummiortuum
2415 916 2649 986 primum
2670 917 2937 972 excitasse
2967 930 2983 969 :
3015 915 3269 985 ignorans
3297 916 3407 970 sci-

1827 1006 1973 1073 licet,
2003 1012 2061 1071 »Β
2097 1007 2262 1062 Etiam
2288 1006 2432 1061 illum
2465 1008 2761 1062 maximum
2782 1048 2798 1073 ,
2824 1005 3016 1061 Elisaeo
3058 1004 3225 1061 fuisse
3257 1006 3408 1075 prlo-

1830 1112 1967 1162 rem,
2004 1109 2057 1151 et
2085 1098 2256 1153 viduae
2285 1097 2453 1153 tilium
2479 1100 2545 1153 de
2575 1098 2803 1153 mortuis
2835 1098 3167 1153 suscitasse:
3200 1099 3347 1167 quod
3372 1110 3409 1153 ο

1832 1188 2147 1243 tertiolibro
2178 1188 2484 1260 Regnorum
2511 1203 2845 1260 cognoscere
2874 1188 3167 1256 poterat".
3187 1187 3409 1258 Ignora-

1829 1280 1923 1334 bot
1953 1290 2134 1335 autem
2170 1280 2271 1335 hoc
2302 1281 2497 1349 ipsum,
2524 1290 2585 1332 ut
2614 1290 2855 1351 apparet,
2882 1294 3005 1335 cum
3038 1279 3262 1335 disertis
3284 1290 3410 1333 ver-

1829 1367 1910 1422 bis
1951 1368 2022 1421 ita
2070 1370 2271 1423 scribat
2312 1387 2330 1420 ι
2369 1369 2481 1423 Non
2516 1368 2645 1440 :[lL
2676 1368 2763 1441 IL]
2808 1368 3145 1423 solummodo
3183 1365 3395 1420 Primo-

1837 1476 1856 1509 ι
1901 1459 2135 1529 genitum
2189 1470 2449 1514 creatura:
2490 1460 2705 1514 noua“
2745 1460 2893 1513 illum
2924 1459 3060 1513 dixit
3092 1455 3406 1527 Apostolus,

1836 1568 1855 1600 ι
1899 1564 2087 1604 verum
2104 1550 2267 1604 etiam
2290 1560 2345 1605 et
2366 1550 2429 1604 de
2451 1552 2671 1605 mortuis
2686 1550 3092 1619 primogenitum
3109 1547 3154 1580 “
3175 1565 3190 1602 :
3209 1562 3312 1602 non
3335 1547 3411 1605 ob

1836 1659 1856 1691 ι
1903 1640 2061 1694 aliam
2094 1651 2242 1696 certe
2271 1656 2511 1708 causam,
2544 1651 2603 1696 ut
2629 1642 2841 1696 videtur
2868 1641 3023 1704 mihi,
3055 1653 3215 1710 quam
3248 1648 3307 1693 ut
3338 1640 3407 1703 is,

1838 1749 1855 1779 ι
1903 1732 1994 1799 qui
2023 1732 2201 1786 omnis
2236 1741 2500 1788 creatum
2544 1731 2933 1802 primogenitus
2962 1732 3181 1794 dicitur,
3211 1728 3411 1784 intelli-

1841 1840 1859 1871 ι
1905 1832 2063 1891 gatur
2084 1831 2136 1876 et
2154 1823 2218 1877 de
2243 1823 2472 1877 mortuis
2496 1837 2617 1878 esse
2640 1824 3048 1891 primogenitus.
3067 1822 3182 1875 Non
3207 1820 3409 1875 etenim

1840 1931 1858 1963 ι
1904 1914 1969 1967 de
2024 1916 2247 1969 mortuis
2294 1924 2419 1969 ante
2482 1914 2615 1968 alios
2661 1928 2847 1968 omnes
2902 1915 3107 1983 primus
3171 1910 3413 1966 surrexit

1841 2021 1859 2053 ι
1902 2002 2147 2058 Christus
2198 2004 2478 2068 Dominus,
2502 2019 2690 2058 verum
2732 2004 2879 2073 prior
2922 2012 3237 2058 surrexerat
3283 2008 3412 2055 ante

1842 2112 1861 2145 ι
1905 2109 2026 2148 eum
2076 2095 2122 2149 is
2154 2110 2316 2165 quem
2368 2096 2631 2165 propheta
2682 2094 2907 2149 Elisaus
2940 2093 3258 2150 suscitabat.
3302 2090 3413 2148 Sed

1842 2204 1860 2235 ι
1910 2195 1965 2238 et
1994 2194 2117 2239 ante
2168 2188 2621 2241 resurrectionem
2668 2186 2785 2256 ejus
2820 2194 2940 2241 erat
2970 2184 3207 2240 Lazarus
3233 2184 3409 2239 susci-

1844 2294 1862 2326 ι
1908 2286 2071 2332 tatus.
2122 2276 2193 2330 Et
2232 2293 2339 2345 quo
2378 2287 2618 2346 tempore
2670 2277 2722 2331 in
2759 2291 2921 2332 cruce
2965 2291 3158 2346 passus
3212 2276 3412 2340 fuerat,

1844 2386 1863 2417 ‹
1914 2366 2206 2421 multorum
2254 2378 2566 2422 sanctorum
2618 2383 2880 2437 corpora,
2915 2369 3007 2437 qui
3041 2367 3415 2423 obdormisce-

1846 2476 1865 2508 ι
1910 2458 2081 2522 bant,
2132 2460 2505 2529 resurgebant.
2558 2477 2577 2511 ι
2632 2458 2785 2526 Quod
2846 2458 3147 2514 inconsulto
3199 2458 3416 2514 videtur

1841 2548 2127 2603 Marcellus
2171 2551 2415 2618 posuisse
2452 2568 2466 2605 :
2500 2565 2726 2618 corpora
2762 2550 2850 2604 illa
2901 2563 3095 2621 nempe
3140 2549 3415 2604 dormien-

1842 2640 1973 2693 tium
2012 2650 2320 2695 sanctorum
2371 2650 2497 2695 ante
2550 2641 2826 2695 Christum
2877 2640 3261 2696 resurrexisse.
3306 2637 3417 2695 Nec

1844 2730 2137 2799 Scriptura;
2166 2732 2488 2785 sententiam
2510 2731 2770 2801 integram
2794 2732 3251 2799 attendebat,qua
3283 2746 3414 2785 con-

1844 2830 1948 2874 stat
1983 2822 2095 2877 baec
2143 2836 2370 2890 corpora
2428 2823 2817 2889 resurrexisse,
2868 2832 3155 2891 postquam
3190 2821 3305 2889 ipse
3350 2822 3419 2876 de

1846 2911 2067 2966 mortuis
2099 2913 2455 2967 resuscitatus
2480 2913 2796 2967 exstitisset.
2831 2911 3069 2967 Ulterius
3098 2921 3151 2966 et
3182 2912 3236 2965 in
3270 2911 3417 2966 dicto

1846 3002 2075 3069 quodam
2111 3002 2425 3071 apostolico,
2469 3003 2745 3057 invenitur
2784 3003 2927 3057 idem
2959 3016 3085 3057 esse
3113 3001 3419 3057 hallucina-

1850 3100 1956 3145 tus.
1994 3090 2219 3145 Divinus
2235 3092 2521 3159 Apostolus
2561 3091 2612 3145 in
2644 3092 2729 3145 illa
2770 3093 2837 3145 ad
2878 3092 3147 3147 Romanos
3174 3092 3244 3145 ita
3284 3092 3422 3147 scri-

1850 3182 1931 3235 bit
1970 3197 1983 3233 :
2017 3180 2302 3250 Separatus
2346 3184 2400 3236 in
2444 3182 2789 3253 Euangelizans
2828 3183 2942 3249 Dei,
2976 3186 3116 3253 quod
3151 3183 3270 3251 jam
3299 3195 3422 3239 ante

1849 3274 2157 3339 promiserat
2201 3288 2292 3341 per
2336 3275 2613 3343 prophetas
2662 3291 2787 3327 suos
2829 3274 2885 3326 in
2918 3272 3213 3335 Scripturis
3251 3289 3427 3328 sacru-

1849 3364 2065 3428 sanctis,
2105 3363 2170 3415 de
2217 3361 2359 3416 Filio
2404 3364 2566 3433 ipsius
2604 3365 2870 3432 unigenito
2902 3380 2928 3417 e
2956 3364 3151 3417 semine
3208 3362 3422 3417 Davidis

1850 3454 2133 3505 secundum
2181 3469 2411 3517 carnem,
2452 3455 2543 3523 qui
2596 3456 2967 3523 designabatur
3008 3452 3184 3508 Filius
3230 3453 3324 3507 Dei
3368 3455 3425 3506 in

1852 3544 2039 3595 virtute
2082 3545 2364 3596 secundum
2413 3547 2659 3613 spiritum
2700 3545 3137 3612 sanctiﬁcationis
3156 3543 3219 3596 ”.
3250 3542 3425 3609 Quam

1856 3632 1942 3686 ille
2002 3634 2361 3696 sententiam,
2393 3649 2499 3702 qua
2547 3642 2725 3688 mente
2774 3634 2977 3695 nescio,
3024 3633 3122 3687 sed
3166 3632 3429 3701 pervertit

1853 3738 2005 3777 sane.
2034 3723 2187 3793 Legit
2210 3724 2351 3779 enim
2392 3726 2443 3779 in
2479 3735 2622 3779 textu
2657 3726 2980 3795 apostolico,
3011 3724 3428 3795 προορισθέντος

1859 3832 1877 3863 ι
1914 3815 2176 3882 praevism
2198 3823 2251 3869 et
2285 3833 2303 3865 ι
2326 3816 2759 3886 praedesignato;
2801 3835 2820 3868 ι
2855 3815 2944 3883 qui
2979 3815 3255 3877 debuerat,
3306 3814 3428 3882 ὁρι-

1856 3906 2091 3970 σθέντος,
2121 3906 2435 3969 constituto,
2477 3916 2528 3960 et
2556 3908 2942 3969 determinato;
2989 3924 3007 3957 ι
3042 3907 3096 3959 in
3126 3920 3247 3959 eum
3275 3919 3427 3958 nem-

1854 4012 1919 4065 pe
1944 3998 2127 4063 linem,
2165 4006 2224 4051 ut
2259 3998 2585 4067 intelligatur
2620 3997 2788 4052 Filius
2828 4012 2981 4062 esse,
3024 4012 3090 4052 eo
3125 3996 3283 4051 modo
3321 4010 3430 4065 quo

1856 4095 1980 4139 sunt
2012 4086 2086 4139 illi
2122 4088 2212 4156 qui
2257 4101 2354 4156 per
2381 4088 2775 4157 praescientiam
2806 4088 3177 4157 designantur.
3205 4084 3285 4137 Ad
3310 4097 3430 4137 ver-

1858 4177 1984 4230 bum
2042 4179 2263 4242 idcirco,
2316 4180 2388 4231 ita
2423 4178 2612 4233 scribit
2645 4199 2657 4233 :
2698 4198 2715 4231 ι
2754 4178 3211 4244 Quemadmodum
3265 4174 3432 4243 igitur

1866 4282 1883 4314 ι
1930 4265 2240 4342 Ecclesiam.
2262 4281 2413 4321 suam
2439 4268 2719 4335 praevisum
2742 4267 3082 4336 omnipotens
3103 4266 3431 4337 designavit,

268 4488 681 4559 "lllReg.xvu,
711 4488 799 4541 ΞΕ.
890 4488 934 4519 ⁸⁸
959 4487 1169 4542 Culoss.
1198 4504 1234 4553 ι,
1264 4486 1354 4544 l5.
1429 4486 1471 4518 ³³
1502 4486 1631 4542 ibid.
1667 4485 1762 4553 l8;
1798 4484 1965 4555 Apoc.
1997 4497 2034 4547 ι,
2076 4482 2129 4536 5.
2204 4482 2248 4513 "
2282 4479 2438 4535 Rom.
2466 4482 2581 4548 1,1.

208 4652 297 4706 nio
323 4661 585 4714 veterum,
612 4659 835 4719 excepto
863 4648 1289 4723 Theophylacto,
1319 4656 1374 4700 et
1407 4647 1744 4723 interpretum

1864 4644 2131 4723 (pulvis-16}.
2166 4642 2777 4723 Μοι-νυίεοπρότερον
2802 4653 2858 4699 et
2892 4643 3032 4698 infra
3061 4642 3162 4714 τὴν
3197 4642 3293 4697 τοῦ
3332 4642 3434 4699 αὐ-

213 4724 592 4783 recentiorum,
623 4731 679 4774 ut
709 4717 1048 4774 ductissilnus
1089 4717 1424 4771 Maldonatus
1456 4718 1634 4776 docet.
1667 4731 1756 4770 co-

212 4793 365 4843 mites
392 4791 600 4842 scilicet
633 4790 898 4842 rescrvari
940 4790 1206 4854 triumpho
1232 4787 1307 4839 illi
1360 4788 1413 4838 in
1459 4785 1611 4839 cmlis
1640 4785 1758 4854 glo-

210 4861 372 4918 rioso,
405 4861 653 4926 quando,
695 4868 750 4909 ut
795 4858 1025 4925 loquitur
1069 4853 1455 4926 Nazianzenus,
1490 4853 1762 4923 παρατρέ-

211 4925 441 4997 χοντες(
471 4927 562 4979 καὶ
611 4927 1125 4996 παραπεμπόμενοι,
1183 4925 1418 4997 ᾅσμασιν
1474 4925 1761 4997 ἐπινικίοις

214 4994 619 5068 ἔπεινηγύριζον.
678 4994 855 5068 Certe,
906 4994 1106 5068 κατέϐη
1159 4994 1352 5068 μόνοςᾷ
1378 4994 1611 5068 lgnatius
1660 4994 1756 5068 ait,

214 5062 467 5136 ἀνέϐη
491 5065 631 5136 μετά
666 5066 942 5117 πλειόνων.
973 5062 1272 5131 Utrumque
1312 5063 1673 5116 Tertullianus
1703 5062 1757 5116 in

217 5134 545 5189 Carminibus
571 5134 641 5196 ai't
674 5151 688 5185 ι

349 5225 502 5285 Illos,
531 5240 632 5277 non
661 5223 887 5276 tumulos
924 5233 1122 5275 certum
1146 5232 1219 5274 est
1248 5221 1490 5289 repetisse
1519 5220 1724 5272 silentes

350 5296 610 5360 Amplius,
636 5305 723 5347 aut
749 5306 899 5346 terra;
932 5294 1143 5344 retineri
1174 5293 1364 5344 viscere
1399 5291 1630 5341 clausos.

220 5405 320 5459 Sed
354 5420 658 5459 mensuram
714 5405 1022 5458 excedimus
1075 5404 1513 5456 Adnotationum.
1542 5401 1764 5453 Videtur

218 5475 421 5544 legend.
442 5476 493 5527 in
516 5474 705 5527 Euseb.
726 5476 799 5526 Οὑ
822 5475 976 5543 μόνον
991 5473 1167 5544 τοίνυν
1186 5472 1282 5543 τῆς
1302 5472 1483 5544 κοινῆς
1513 5471 1760 5544 κτίσεως,

221 5539 345 5621 αξη
373 5554 431 5596 ut
457 5545 683 5621 explicet
729 5539 852 5621 illud
878 5544 1071 5621 πάσης.
1106 5543 1171 5595 Ει
1202 5539 1319 5621 u_iox
1349 5559 1360 5593 ε
1392 5539 1525 5611 ὅπερ
1559 5539 1762 5621 uellam

220 5611 308 5733 :36
704 5615 880 5683 πάσης
936 5609 1157 5675 κτίσεως
1196 5612 1425 5681 εἴρηται,
1460 5609 1762 5679 γνωσθῆναι

285 5699 344 5753 νη
424 5725 467 5753 -,
623 5752 629 5753 ,
921 5751 927 5753 _
1074 5752 1082 5753 ,
1234 5752 1243 5753 ,
1372 5750 1383 5753 _
1426 5750 1435 5753 _
1521 5748 1565 5753 -_

292 5720 596 5821 (iii'v‘lngo
619 5752 754 5821 ὅπερ
777 5762 829 5809 et
862 5751 1040 5823 πάσης
1072 5752 1191 5807 loco
1223 5752 1320 5805 ἀπ.
1356 5750 1474 5805 dcin
1521 5748 1623 5819 Mp.
1667 5764 1758 5819 γρ.

1862 4714 1954 4768 τοῦ
1989 4723 2042 4766 et
2073 4714 2232 4780 ἀφορ.
2267 4714 2345 4775 είς
2373 4714 2431 4765 τὸ
2464 4714 2619 4782 εὐαζγ.

1930 4783 2047 4854 (75),
2074 4782 2341 4850 Ποιήσας
2386 4781 2863 4851 προορισθέντος.
2901 4782 3157 4854 Accusat
3196 4781 3429 4854 Marcel-

1856 4852 1989 4917 lum,
2022 4853 2327 4920 depravatae.
2370 4855 2651 4919 scripturae
2701 4853 3053 4920 apostolicm:
3092 4852 3247 4904 falso.
3292 4853 3431 4907 Nam

1858 4927 1907 4979 in
1925 4928 2219 4979 variantem
2236 4922 2382 4974 ilium
2399 4920 2734 4991 Scripturatn
2752 4922 3114 4988 proculdubio
3137 4922 3426 4979 inciderat.

1855 4994 1929 5049 Ita
1975 4997 2119 5048 enim
2174 4992 2226 5043 in
2260 4992 2485 5044 diversis
2525 4994 2925 5060 exemplaribus
2973 4992 3099 5043 olim
3126 4992 3429 5059 legebatur.

1856 5065 1930 5118 lta
1969 5067 2019 5117 in
2051 5064 2163 5115 suis
2212 5061 2414 5113 invenit
2468 5062 2811 5115 ﬁdelissimus
2851 5060 3113 5122 omnium,
3148 5072 3202 5113 et
3230 5062 3435 5115 doctis-

1857 5136 2026 5187 simus
2075 5142 2227 5185 vetus
2273 5131 2542 5199 Interpres
2605 5144 2816 5189 noster.
2860 5131 2949 5198 qui
3011 5132 3174 5199 vertit
3205 5127 3431 5183 Pra'de-

1856 5206 2109 5265 stiuatus,
2138 5204 2210 5253 ita
2260 5200 2385 5265 legit
2422 5198 2760 5269 Epiphanius
2788 5206 2973 5252 contra
3008 5198 3430 5263 Theodotianos,

1857 5272 1930 5325 ita
1959 5274 2071 5332 alii.
2108 5280 2161 5323 et
2204 5269 2290 5323 hic
2342 5270 2502 5322 etiam
2553 5271 2815 5323 Eusebius
2866 5269 3181 5321 cavillatur.
3207 5298 3277 5309 —
3308 5269 3433 5322 Mox

1857 5341 2013 5409 vulgo
2063 5355 2279 5459 119005.,
2336 5340 2459 5391 dein
2516 5340 2707 5393 ἀποστ.
2742 5341 2797 5391 ὲν
2843 5337 2921 5408 τῷ
2959 5340 3048 5417 if...
3082 5352 3247 5406 porro
3271 5339 3433 5409 vulgo

1859 5411 1967 5459 ὲντ.
1993 5410 2047 5459 δέ
2074 5423 2126 5459 et
2160 5426 2197 5459 υ.
2229 5424 2325 5459 ντιν
2356 5410 2453 5459 ἀπ.
2483 5420 2537 5459 et
2568 5412 2871 5459 ἐπάκουσον
2893 5424 3041 5459 γουν.

1859 5407 1970 5462 ὲντξ
1993 5410 2047 5461 δέ
2074 5407 2126 5461 et
2158 5407 2325 5477 μόνην
2356 5410 2453 5461 ἀπ.
2483 5420 2537 5463 et
2568 5412 2871 5461 ἐπάκουσον
2893 5407 3041 5474 γοῦν.

1934 5480 2041 5560 ς76)
2085 5475 2198 5560 ζξῆς
2252 5475 2357 5560 196
2405 5480 2589 5546 λόγου
2632 5478 2988 5560 προθέσεως.
3031 5479 3098 5529 At
3140 5490 3264 5560 ηερ.
3278 5475 3435 5544 λόγον

1863 5545 2059 5617 adjecit
2084 5548 2366 5602 Marcellus
2385 5587 2399 5611 ,
2427 5545 2523 5601 nec
2550 5561 2635 5602 est
2658 5545 2811 5616 λόγος
2834 5547 3107 5617 πρόθεσις,
3128 5546 3220 5599 sed
3241 5545 3433 5617 6v0pa,

1863 5614 2167 5691 Legendum
2211 5617 2373 5691 igitur
2419 5617 2506 5671 διὰ
2547 5620 2645 5691 τῆς
2679 5614 3014 5689 προσθήκης,
3042 5615 3142 5685 τῆς
3183 5614 3278 5669 τοῦ
3328 5614 3437 5688 πρὸ

1865 5687 2191 5760 προθέσεως.
2223 5688 2272 5741 Μ
