4070 6304
159 331 257 383 741

1293 326 1569 385 CONTRA
1613 322 2041 382 MARCELLUM
2081 321 2212 378 LIB.
2256 324 2298 377 l.

3303 318 3419 381 ‘lﬂ

159 449 453 519 Σολομῶνα
482 451 762 521 προφήτην
792 450 1187 516 ἀποκαλοῦντος
1209 452 1489 513 πολλάκις,
1513 448 1607 501 καὶ
1634 447 1726 507 τὰς

1835 444 2151 513 scripserat,
2179 441 2308 496 nihil
2333 450 2513 497 tamen
2544 442 2726 496 attulit
2753 441 2903 507 novi,
2931 442 3027 498 sed
3057 440 3246 498 lectori
3303 446 3418 499 cui-

164 542 459 613 παροιμίας
493 542 825 615 προφητείας
866 543 1238 611 ὀνομάζοντος.
1292 543 1499 611 Ὠσπερ
1540 536 1631 592 οὖν
1678 540 1735 590 ὲν

157 627 239 696 οἷς
271 652 457 704 φησιν·
500 652 518 684 t
560 633 760 686 Τούτου
809 634 919 703 γὰρ
947 635 1105 705 χάριν
1137 637 1164 687 ὁ
1196 633 1497 702 άγιὼτατος
1522 631 1735 701 προφή-

163 744 180 774 ι
222 742 325 796 της
350 722 625 793 Σολομὼν,
648 722 934 785 δέξασθαί
951 740 1013 775 τε
1036 724 1298 792 στροφὰς
1322 724 1519 792 λόγων
1542 722 1677 789 ἔφη·
1712 740 1728 770 ι

156 816 252 868 καὶ
293 816 480 869 πάλιν·
538 833 557 865 ι
605 813 831 880 Ῥήσεις
876 831 941 867 τε
963 813 1171 883 σοφῶν
1214 816 1313 867 καὶ
1351 814 1667 882 αἰνίγματα
1711 830 1730 862 ι

155 904 257 975 τὴν
314 905 613 975 παροιμίαν
662 903 996 974 προφητείαν
1061 905 1348 975 ὀνομάζει·
1397 904 1491 957 καὶ
1547 898 1729 965 αὖθις·

162 1013 181 1045 ι
224 997 317 1049 Διό
350 1013 439 1066 μοι
472 997 620 1049 δοκεῖ
654 999 682 1050 ὁ
711 996 1020 1065 σοφώτατος
1049 989 1201 1058 οὗτος
1232 996 1518 1067 προφήτης
1550 994 1643 1047 καὶ
1668 991 1736 1045 τὰ

162 1105 181 1139 ι
218 1086 415 1158 πρῶτα
453 1087 672 1156 ῥήματα
702 1086 801 1155 τῆς
846 1086 1181 1157 προφητείας
1231 1083 1614 1156 παροιμιωδῶς
1659 1084 1736 1134 εί-

162 1198 182 1229 ‹
220 1178 468 1249 ρηκέναι.
508 1196 527 1229 ι
565 1176 675 1229 Καὶ
719 1175 970 1246 δεύτερον
998 1175 1074 1239 δὲ,
1124 1175 1217 1228 καὶ
1246 1174 1449 1247 τρίτον,
1484 1175 1577 1226 καὶ
1608 1172 1736 1226 πολ-

154 1268 333 1331 λάκις,
374 1268 451 1331 ὡς
482 1265 635 1336 ῐφην,
665 1266 821 1319 τοῦτο
852 1268 1013 1329 ποιεῖ,
1048 1264 1256 1334 ἀγνοῶν
1288 1266 1379 1318 ὅτι
1416 1264 1734 1332 διαιρέσεις

155 1358 541 1427 χαρισμάτων
576 1357 754 1420 εἰσὶν,
791 1360 841 1409 εί
884 1358 979 1409 καὶ
1026 1357 1090 1411 τὸ
1126 1356 1273 1411 αὐτὸ
1326 1356 1581 1424 πνεῦμα.
1624 1354 1735 1407 Καὶ

154 1450 323 1517 ἄλλῳ
365 1450 485 1519 μὲν
512 1448 737 1501 δίδοται
773 1449 954 1517 λόγος
981 1450 1221 1517 σοφίας,
1258 1450 1397 1502 κατά
1442 1448 1532 1501 τὸν
1578 1446 1734 1499 Ἀπό-

158 1541 362 1607 στολον,
399 1540 565 1605 ἄλλῳ
589 1543 769 1610 λόγος
800 1541 1072 1611 γνώσεως
1106 1541 1256 1605 κατὰ
1284 1540 1350 1593 τὸ
1374 1538 1519 1593 αὐτὸ
1551 1540 1733 1593 πνεῦ-

152 1650 254 1701 μα,
304 1632 485 1701 ἑτέρῳ
529 1633 730 1699 πίστις
768 1634 837 1686 ἐν
881 1632 960 1697 τῷ
1005 1631 1165 1696 αὐτῷ
1207 1634 1515 1701 πνεύματι,
1568 1630 1735 1699 ἄλλῳ

156 1724 507 1793 προφητεία.
554 1723 752 1793 Διόπερ
786 1726 813 1776 ὁ
860 1720 1108 1793 Σολομὼν
1140 1722 1330 1790 σοφίας
1366 1720 1464 1790 μὲν
1498 1719 1733 1789 εἰληφὼς

1840 549 2054 603 cunque
2082 534 2223 587 idem
2253 547 2349 602 per
2380 533 2563 587 omnia
2594 532 2821 587 exhibet
2854 534 3244 589 testimonium.
3276 533 3417 590 Per-

1838 627 1915 695 git
1942 625 2231 694 deinceps,
2280 633 2337 678 et
2365 624 2662 678 introducit
2714 624 2984 679 dicentem
3033 623 3413 689 Servatoretn,

1843 735 1861 767 ι
1898 715 2009 784 Ego
2055 732 2171 771 sum
2215 716 2329 769 dies
2368 730 2382 769 :
2421 733 2439 766 ι
2486 716 2651 768 verba
2708 725 2888 769 autem
2941 715 3106 783 ipsius
3154 716 3221 770 ad
3270 717 3412 770 hunc

1837 805 2053 859 modum
2103 821 2159 861 se
2213 807 2413 860 habent
2450 824 2464 859 :
2508 824 2527 855 ι
2585 806 2721 860 Cum
2782 804 2872 876 [Ἠ.
2928 804 3122 875 XXV.]
3176 808 3413 860 tenebrae

1843 916 1861 949 ι
1900 899 2048 968 prius
2078 897 2388 951 obtinerent
2437 906 2657 965 propter
2691 895 2869 949 cultus
2923 895 3089 949 divini
3120 895 3415 965 ignoratio-

1843 1007 1860 1039 ι
1900 1002 2044 1053 nem,
2064 988 2151 1041 ubi
2194 987 2309 1040 dies
2330 986 2439 1055 jam
2464 994 2608 1039 esset
2626 984 2676 1038 in
2697 986 2998 1055 propinquo
3025 988 3252 1050 oritura,
3274 986 3414 1056 Ego,

1843 1096 1861 1129 ι
1907 1078 2103 1147 inquit,
2133 1078 2250 1133 dies
2279 1093 2419 1132 sum.
2467 1096 2484 1125 ι
2526 1074 2634 1130 Nec
2667 1074 2865 1142 injuria
2919 1076 3158 1142 stellam,
3195 1077 3415 1133 Lucife-

1838 1187 1955 1225 rum
2036 1170 2347 1239 appellavit.
2419 1169 2536 1224 Alio
2587 1168 2839 1239 deinceps
2896 1167 3013 1223 loco
3059 1170 3131 1223 ita
3185 1171 3359 1239 inquit
3394 1189 3409 1203 ο

1838 1259 1930 1332 [Β.
1964 1259 2226 1315 XXXVII.
2256 1260 2327 1315 cf.
2362 1261 2587 1331 pag.8l,
2608 1260 2695 1333 Β.)
2726 1260 3202 1331 «Quandoquidem
3236 1275 3264 1313 a
3287 1276 3413 1317 sus-

1842 1371 1861 1403 ι
1903 1362 2056 1421 cepta
2102 1350 2265 1406 semel
2305 1368 2490 1416 carne,
2516 1352 2765 1407 Cbrisms
2795 1354 2954 1408 simul
2985 1369 3105 1409 esse
3125 1354 3283 1410 Jesus
3308 1367 3412 1410 tm-

1842 1462 1861 1495 ι
1901 1444 2174 1496 nuntiatur
2202 1461 2213 1495 :
2246 1443 2351 1496 vita
2381 1454 2433 1497 et
2457 1443 2562 1507 via,
2600 1454 2762 1513 atque
2796 1444 2932 1499 dies.
2968 1464 2986 1496 ι
3023 1444 3203 1516 Pergit
3224 1462 3408 1516 porro,

1837 1543 1893 1588 et
1928 1534 2142 1586 tandem
2183 1534 2249 1587 ab
2282 1533 2544 1603 Apostolo
2578 1534 2649 1587 ita
2673 1544 2971 1591 mutuatur.
3010 1535 3207 1590 Nostra
3232 1546 3411 1591 autem

1835 1625 2130 1679 Jerusalem
2154 1642 2361 1679 sursum
2398 1636 2494 1679 est.
2539 1626 2677 1692 Quid
2726 1637 2906 1681 autem
2951 1628 3035 1681 his
3067 1629 3269 1684 diutius
3308 1645 3412 1699 ego

1840 1717 2112 1769 immorari
2147 1718 2316 1771 debeo
2334 1718 2357 1769 ?
2374 1716 2556 1771 Cuivis
2577 1719 2772 1771 etenim
2790 1759 2804 1783 ,
2831 1720 2916 1772 cui
2953 1718 3145 1773 saltem
3170 1719 3408 1785 libuerit,

154 1818 399 1886 χάρισμα
424 1814 860 1886 μεμαρτύρηται.
890 1814 998 1869 Καὶ
1030 1814 1211 1867 ἔδωκε
1239 1812 1348 1885 (81)
1380 1813 1488 1882 γὰρ
1515 1813 1726 1878 Κύριος

1832 1809 2065 1875 proclive
2115 1818 2219 1870 est,
2262 1809 2412 1862 hisce
2448 1825 2565 1877 quae
2594 1810 2733 1863 dicta
2764 1820 3069 1879 suntquam
3110 1809 3406 1878 simillima,

157 1903 232 1969 τῷ
259 1903 565 1973 Σολομιῖινι
598 1906 842 1973 σοφίαν,
889 1905 962 1967 ὡς
994 1905 1026 1974 ὴ
1059 1904 1247 1974 Γραφή
1282 1920 1432 1971 φησι,
1470 1905 1566 1955 καὶ
1596 1902 1731 1955 ἐσο-

155 1997 339 2065 φίσθη
390 1995 542 2064 ὑπὲρ
574 1996 803 2060 πάντας
822 1994 1173 2063 ἀνθρώπους
1196 2013 1207 2024 ·
1242 1994 1378 2047 Ούτε
1409 1994 1465 2046 δὲ
1492 1994 1582 2045 τὸν
1618 1991 1730 2061 βίον

157 2086 490 2159 προφητικὸν
521 2085 786 2157 ἐσχηκὼς,
834 2084 958 2138 οὔτε
994 2086 1085 2138 τὸν
1118 2085 1217 2155 τῆς
1250 2084 1583 2155 προφητείας
1626 2100 1727 2152 χα-

157 2173 424 2243 ρακτῆρα,
466 2172 556 2225 τὸν
589 2174 695 2227 ἀπὸ
735 2172 828 2225 τοῦ
880 2172 1022 2226 Τάδε
1049 2172 1211 2242 λέγει
1251 2174 1484 2239 Κύριος,
1527 2172 1635 2223 τῶν
1668 2188 1727 2223 τε

155 2264 523 2334 ὁμοιοτρόπων
558 2262 971 2335 γνωριζόμενον,
1002 2263 1089 2316 διὰ
1140 2263 1249 2315 τῶν
1284 2262 1498 2315 οἰκείων
1531 2262 1729 2332 ἐμφαί-

154 2369 232 2406 νει
256 2352 450 2421 λόγων.
497 2354 555 2406 'U
582 2354 639 2406 δὲ
667 2356 869 2407 τούτων
902 2356 1050 2408 οὐδὲν
1089 2354 1230 2419 ίδὼν,
1265 2354 1452 2426 ὥσπερ
1485 2372 1535 2406 τι
1570 2372 1726 2426 χαρι-

158 2443 376 2513 ζόμενος
403 2444 482 2516 τῷ
510 2446 662 2516 ἀνδρὶ
690 2448 973 2516 προφήτην
998 2446 1158 2500 αὑτὸν
1191 2446 1365 2509 καλεῖ,
1396 2446 1457 2498 ού
1505 2447 1722 2509 συνιεὶς,

156 2535 235 2588 ὅτι
256 2538 303 2589 οἱ
333 2537 609 2608 προφῆται
631 2536 955 2605 περιῆλθον
974 2537 1043 2589 ἐν
1052 2536 1375 2605 μηλωταῖς,
1397 2536 1467 2589 ἐν
1484 2537 1727 2606 αἰγείοις

159 2626 469 2697 δέρμασιν,
486 2630 931 2697 ὑστερούμενοι,
958 2630 1310 2697 θλιϐόμενοι,
1325 2629 1725 2698 κακουχούμε-

156 2733 266 2771 νοι.
301 2719 412 2773 Καὶ
449 2718 548 2783 τὰς
580 2719 884 2790 Παροιμίας
920 2719 977 2772 δὲ
1010 2718 1173 2771 αὐτοῦ
1217 2718 1553 2790 προφητείαν
1585 2719 1723 2772 εἶναι

158 2805 321 2876 λέγει,
369 2810 418 2862 εί
459 2808 705 2880 μηδαμοῦ
742 2809 842 2880 τῆς
887 2810 1037 2873 Θείας
1083 2809 1305 2879 Γραφῆς
1348 2809 1722 2881 διδασκούσης,

157 2899 316 2953 αὑτοῦ
349 2900 408 2953 δὲ
440 2899 535 2954 τοῦ
571 2900 883 2970 σοφωτάτου
917 2902 1012 2955 σὺν
1046 2901 1174 2970 θείῳ
1218 2901 1510 2972 πνεύματι,
1552 2899 1725 2973 ταύτῃ

162 2991 255 3060 μὲν
294 2993 359 3062 τῇ
410 2989 578 3063 βίϐλῳ
623 2992 926 3064 Παροιμίας
964 2992 1073 3062 (82)
1103 2991 1272 3063 ὄνομα
1294 2991 1508 3055 θέντος,
1552 2995 1618 3063 τῇ
1668 2992 1725 3045 δὲ

160 3080 337 3152 ἑτέρᾳ,
364 3079 814 3152 Ἐκκλησιαστής·
842 3083 935 3134 καὶ
954 3084 1018 3151 τῇ
1034 3082 1212 3154 τρίτῃ,
1245 3084 1516 3153 ’ᾼσματα
1536 3082 1726 3151 ἁσμᾴ-

1836 1898 1936 1953 alia
1966 1915 2179 1969 quoque
2209 1901 2427 1956 inﬁnita
2462 1900 2711 1967 colligere
2745 1901 2811 1954 ab
2847 1901 2937 1955 illo
2958 1902 3073 1971 ejus
3095 1916 3279 1971 opere,
3306 1904 3408 1958 ob-

1836 2000 2048 2043 servata
2078 2030 2092 2053 ,
2128 1994 2272 2045 unde
2301 1992 2539 2045 hominis
2588 1991 2856 2045 inscitiam
2892 1991 3407 2048 animadvertamus.

1836 2078 1973 2134 [huc
2005 2096 2217 2151 quoque
2247 2081 2471 2148 factum,
2527 2092 2585 2135 nt
2614 2081 2957 2138 Salomonem
2991 2085 3304 2153 prophetam
3332 2086 3411 2139 in-

1838 2170 2146 2240 digitaverit
2179 2211 2194 2235 ,
2234 2181 2288 2223 ut
2316 2180 2368 2225 et
2410 2172 2694 2239 proverbia
2747 2171 3088 2239 Prophetiam
3142 2187 3249 2226 non
3298 2188 3405 2228 una

1835 2263 1972 2316 vice.
2009 2261 2167 2317 Verbi
2194 2264 2367 2330 gratia
2388 2302 2403 2327 ,
2429 2263 2495 2315 ad
2529 2262 2675 2317 hunc
2700 2264 2915 2315 modum
2967 2264 3043 2316 ait
3071 2280 3086 2315 :
3122 2261 3299 2332 Hujus
3330 2265 3408 2318 rei

1833 2369 1993 2407 causa
2020 2355 2379 2407 sanctissimus
2416 2354 2668 2422 propheta
2699 2352 2953 2407 Salomon
2975 2354 3050 2407 ait
3082 2368 3103 2408 :
3127 2354 3207 2405 Ad
3230 2355 3406 2408 susci-

1831 2446 2074 2511 piendam
2117 2446 2463 2498 eruditionem
2509 2446 2767 2499 doctrinte
2791 2445 3147 2500 “zetiterum
3182 2461 3195 2498 :
3232 2443 3405 2500 Verba

1831 2537 2164 2603 sapientium,
2196 2544 2243 2589 et
2289 2536 2566 2605 (enigmata
2596 2536 2662 2592 ".
2695 2534 2988 2590 Proverbia
3017 2576 3033 2600 ,
3061 2535 3402 2605 prophetiam

1832 2628 2138 2695 appellavit.
2169 2624 2365 2680 lterum
2400 2644 2411 2677 :
2444 2642 2463 2677 ι
2497 2622 2578 2680 Ob
2606 2624 2745 2680 hanc
2768 2640 2987 2680 causam
3011 2625 3225 2681 videtur
3266 2626 3401 2680 mihi

1837 2736 1855 2769 ι
1889 2718 2318 2783 sapientissimus
2340 2718 2427 2771 hic
2457 2718 2719 2786 propheta
2742 2717 2913 2786 prima
2956 2717 3121 2771 verba
3172 2715 3405 2786 prophe-

1836 2828 1855 2860 ι
1898 2810 1982 2863 tite
2029 2824 2141 2863 sua:
2190 2808 2606 2878 proverbialiter
2655 2808 2985 2863 enuntiasse.
3045 2827 3064 2860 ι
3113 2807 3401 2875 Secundo,

1778 2902 1781 2905 ’
1832 2899 1994 2969 igitur
2026 2909 2081 2954 et
2114 2900 2275 2955 tertio
2308 2900 2527 2968 saepius.
2579 2900 2660 2953 uti
2692 2901 2893 2955 dictum
2936 2910 3039 2966 est,
3080 2901 3181 2955 hoc
3205 2899 3273 2953 ab
3309 2899 3404 2954 illo

1831 2988 1903 3042 ita
1930 2990 2126 3043 factum
2157 3000 2260 3043 est.
2293 2989 2511 3060 Ignorat
2533 2990 2747 3043 interim
2770 2990 3112 3044 diversitates
3131 2987 3401 3045 donorum

1830 3092 1977 3144 esse,
2002 3080 2128 3133 licet
2164 3080 2301 3133 idem
2328 3078 2565 3149 Spiritus
2606 3079 2698 3135 sit.
2738 3077 2845 3132 Uni
2868 3080 3076 3147 quidem
3098 3080 3403 3133 conceditur

160 3185 290 3233 των,
323 3171 422 3223 οὐκ
456 3171 629 3234 ἀθεεὶ,
680 3171 799 3225 οὐδὲ
839 3171 1163 3243 ἀνθρωπίνῳ
1206 3171 1450 3242 λογισμῷ
1499 3170 1724 3233 ταύταις

1830 3172 2032 3224 verbum
2091 3171 2362 3237 sapientiae
2389 3210 2404 3232 ,
2457 3168 2755 3223 secundum
2808 3170 2951 3237 quod
2984 3168 3273 3238 Apostolus
3298 3170 3397 3233 ait,

161 3261 532 3326 ἐπιϐάλλοντος
570 3266 688 3327 ταῖς
718 3264 1037 3335 ὲπιγορίαις.
1093 3264 1250 3317 Ἀλλὰ
1282 3264 1377 3317 καὶ
1410 3262 1579 3333 αὐτὴν
1624 3262 1722 3333 τὴν

163 3350 509 3406 θεόπνευστον
558 3353 722 3407 αὑτοῦ
750 3354 995 3426 Τραφὴν,
1048 3355 1113 3407 δι’
1172 3353 1499 3424 Ἑλληνικῶν
1533 3352 1723 3421 πειρᾶ-

160 3458 245 3493 ut
272 3442 379 3513 (83)
416 3444 874 3515 παραδειγμάτων
907 3444 1251 3517 ἑρμηνεύειν,
1282 3446 1381 3496 ούκ
1415 3443 1723 3505 ἐπακούσας

162 3530 364 3585 Παύλου
401 3535 495 3586 τοῦ
546 3534 844 3587 ἀποστόλου
888 3535 1153 3602 λέγοντος·
1214 3533 1401 3603 Ἡμεῖς
1442 3532 1510 3585 δὲ
1556 3534 1627 3586 οὐ
1655 3530 1722 3584 τὸ

162 3622 388 3692 πνεῦμα
429 3623 538 3677 τοῦ
574 3625 803 3694 κόσμου
836 3624 1145 3694 ἐλάϐομεν,
1190 3624 1350 3679 ἀλλὰ
1386 3625 1451 3676 τό
1492 3622 1723 3691 πνεῦμα

165 3711 309 3767 τὸέκ
341 3714 445 3769 τοῦ
475 3715 643 3781 Θεοῦ,
668 3716 768 3769 ἵνα
796 3716 1012 3786 ιδωμεν
1053 3717 1124 3769 τὰ
1154 3716 1274 3770 ὑπὸ
1304 3715 1411 3769 τοῦ
1444 3714 1589 3767 Θεοῦ
1619 3729 1724 3766 κα-

158 3803 433 3868 ρισθέντα
460 3805 632 3875 ἡμῖν·
664 3805 703 3860 d
725 3806 821 3861 καὶ
840 3807 1161 3875 λαλοῦμεν,
1191 3809 1302 3861 οὐκ
1330 3806 1400 3858 ὲν
1428 3803 1724 3869 διδακτοῖς

165 3895 533 3971 ἀνθρωπίνης
580 3900 799 3967 σοφίας
847 3901 1069 3969 λόγοις,
1122 3901 1257 3954 ἀλλ’
1308 3899 1378 3953 ἐν
1428 3897 1726 3963 διδακτοῖς

165 3988 499 4058 Πνεύματος
568 3992 761 4061 ἁγίου,
822 3993 1191 4062 πνευματικὰ
1261 3990 1724 4061 (πνευματικοῖς)

164 4081 603 4149 συγκρίνοντες.
644 4082 910 4152 Ψυχικὸς
954 4082 1022 4135 δὲ
1053 4080 1361 4149 ἄνθρωπος
1388 4082 1459 4133 οὐ
1492 4079 1727 4148 δέχεται

163 4172 234 4227 τὰ
258 4173 360 4227 τοῦ
378 4175 724 4245 Πνεύματος
744 4174 848 4229 τοῦ
872 4173 1038 4239 Θεοῦ,
1056 4173 1247 4243 μωρία
1261 4172 1369 4242 γὰρ
1392 4171 1553 4236 αὐτῷ
1572 4172 1724 4235 ἐστι,

165 4265 258 4319 καί
292 4269 360 4322 οὐ
386 4267 636 4323 δύναται
674 4267 895 4338 γνῶναι
928 4267 1018 4321 ὅτι
1039 4264 1453 4336 πνευματικῶς
1483 4265 1727 4333 ἀνακρί-

232 4376 637 4451 y§_Ed.Paris.,
663 4380 901 4451 patr“.

230 4447 451 4506 "Prov.
478 4466 528 4514 ι,
552 4452 606 4506 5.

714 4446 758 4482 ³⁸
792 4450 920 4506 ibid.
958 4450 1012 4504 6.
1070 4446 1113 4479 ⁸⁷
1145 4449 1311 4505 lCor.
1350 4464 1452 4515 xu,
1479 4448 1564 4503 10.
1641 4448 1687 4480 ³⁸
1714 4448 1779 4503 lll
1814 4447 1946 4518 Reg.
1981 4448 2142 4513 v.12.

1824 3260 1977 3313 alteri
2001 3260 2206 3313 verbum
2234 3259 2611 3328 intelligentiae,
2637 3261 2934 3313 secundum
2967 3259 3215 3314 eumdem
3250 3260 3399 3328 Apo-

1826 3352 2024 3407 stolum
2056 3370 2069 3404 :
2097 3352 2192 3404 alii
2235 3352 2371 3419 ﬁdes
2394 3368 2485 3419 per
2514 3355 2749 3404 eumdem
2781 3350 3021 3417 spiritum
3048 3366 3067 3403 :
3092 3351 3248 3404 alteri
3277 3369 3401 3421 pro-

1825 3444 1998 3511 phetia
2023 3442 2087 3495 ³⁷.
2127 3442 2381 3495 Salomon
2403 3449 2584 3495 autem
2618 3441 2817 3494 donum
2847 3442 3057 3509 accepit
3093 3443 3398 3509 sapientiae,

1826 3546 1883 3589 ut
1908 3536 2196 3602 Scriptura:
2235 3534 2537 3587 testimonio
2587 3534 2966 3601 comprobatur
3005 3547 3020 3586 :
3062 3538 3119 3595 νῙι
3160 3531 3226 3585 Ει
3254 3528 3400 3587 dedit

1825 3624 2079 3679 Dominus
2095 3625 2404 3694 sapientiora
2432 3620 2703 3679 Sulomoni
2736 3624 2804 3689 ³⁸,
2828 3636 2873 3676 et
2899 3634 3009 3678 erat
3033 3625 3269 3679 omnibus
3297 3624 3396 3678 Ito-

1827 3714 2051 3766 minibus
2069 3712 2356 3780 sapientior
2375 3712 2441 3766 ”.
2476 3710 2652 3765 Vitam
2680 3722 2857 3766 autem
2890 3713 3261 3782 propheticam
3288 3727 3399 3767 non

1829 3805 2147 3860 instituebat
2182 3826 2193 3859 :
2234 3818 2408 3873 neque
2449 3805 2555 3859 ullo
2586 3806 2903 3859 charactere
2936 3805 3252 3875 prophetico
3278 3814 3399 3861 erat

1829 3898 2120 3968 insignitus
2153 3917 2165 3952 :
2197 3899 2388 3967 quales
2437 3906 2632 3963 erant,
2690 3896 2819 3951 Hac
2842 3898 2968 3950 dicit
3019 3897 3299 3963 Dominus,
3341 3905 3400 3951 et

1825 3989 1951 4046 huic
1976 3991 2184 4047 similes
2216 4005 2231 4044 :
2267 4003 2427 4060 atque
2474 3990 2576 4045 hoc
2610 4006 2674 4044 ex
2706 3990 2790 4055 iis,
2830 4005 2951 4059 quae
2977 3989 3217 4059 scripsit,
3261 3990 3397 4044 satis

1825 4080 2013 4149 liquet.
2045 4080 2352 4147 Marcellus,
2403 4081 2504 4136 hoc
2550 4082 2773 4135 minime
2804 4080 3223 4145 animadverso.
3270 4093 3397 4138 tan-

1826 4187 1988 4241 quam
2012 4173 2061 4230 ei
2091 4173 2160 4228 de
2201 4189 2297 4228 suo
2343 4172 2559 4244 elargiri
2591 4174 2751 4229 vellet
2780 4173 2981 4242 aliquid
3010 4212 3025 4237 ,
3071 4176 3395 4245 prophetam

1827 4264 1977 4318 illum
2025 4266 2343 4335 indigitabat
2376 4282 2389 4318 :
2424 4266 2645 4320 minime
2673 4267 2890 4320 interim
2943 4270 3233 4335 meminit,
3268 4284 3397 4339 pro-

2254 4450 2298 4480 ”
2330 4446 2392 4502 ΙΙΙ
2420 4448 2551 4519 Reg.
2582 4464 2653 4513 tv,
2684 4450 2773 4503 51.

236 4698 341 4775 (ξι)
364 4699 475 4769 Γάρ
500 4708 561 4775 et
583 4698 657 4762 ὡς
682 4715 791 4775 om.
826 4701 988 4775 vulgo
1018 4744 1033 4767 ,
1074 4702 1196 4757 dein
1249 4703 1407 4773 vulgo
1432 4703 1726 4775 Σολομῶν·
1757 4710 1801 4764 D
1830 4703 2050 4775 omnino
2084 4703 2266 4775 animi,
2305 4704 2458 4775 quasi
2498 4703 2827 4772 prohibitum
2854 4713 2998 4758 esset
3024 4704 3091 4759 ab
3114 4707 3394 4774 Apostolo,

169 4766 585 4845 n.:!nlra_vulgo
610 4773 810 4845 κακόχ.
843 4783 898 4824 et
921 4766 1093 4845 τάςτε
1126 4790 1257 4845 παρ.
1289 4766 1475 4845 αύτοῢ.

237 4838 341 4909 (ετ)
374 4839 713 4920 ,Παροιμίας
759 4838 1238 4920 ονομασθέντοςῖ.
1288 4843 1431 4920 Lege
1482 4844 1721 4920 divisim,

171 4908 1007 4991 παροιμίας.[βριὶρείιπαροίμιαι
1052 4921 1106 4964 et
1160 4915 1332 4991 recepi
1372 4908 1574 4991 vaoua-
1608 4914 1726 4966 θέν-

171 4981 361 5042 τος;εί
397 4980 582 5033 addito
636 4980 727 5031 καὶ
785 4981 995 5033 tolerari
1045 4982 1243 5052 potest]
1288 4980 1488 5054 ὄνομα
1518 4984 1722 5047 θέντος.

174 5045 451 5131 Ιξεξειιόιιηι
493 5062 666 5131 ,ροηο
696 5048 823 5101 illud
842 5052 923 5131 ei;
950 5061 1002 5104 et
1026 5061 1157 5131 tota~
1172 5059 1460 5114 sententia,
1480 5056 1565 5131 ἐἰς
1594 5070 1724 5131 cpn-

174 5119 419 5185 cipienda,
444 5119 962 5198 tag~1e_7:a90tplag
999 5120 1183 5183 αὑτοῦ,
1226 5123 1557 5192 προφητείαν
1590 5120 1725 5176 εἶναι

174 5182 575 5257 λέγειμηδαμου
606 5205 703 5257 της
730 5187 877 5250 θείας
905 5190 1120 5257 Γραφῆς
1147 5191 1528 5257 διδασκούσης·
1562 5194 1723 5245 αὑτοῦ

178 5204 307 5254 Αεγει
332 5204 575 5259 μηοαμου
606 5205 703 5257 της
730 5204 877 5250 usta;
905 5204 1120 5260 ι’ραφης
1147 5204 1528 5263 διδασκούσης·
1562 5204 1720 5245 αυτου

178 5253 332 5335 ,τοῦ
358 5257 694 5335 σοφωτάτου,
716 5258 825 5335 Μσὺν
852 5258 977 5335 θείῳ
1002 5261 1293 5335 Πνεύματι,
1325 5263 1494 5335 ταύτῃ
1520 5264 1720 5335 μὲνλτῇ

178 5313 693 5404 βίϐλῳΙΠαῗροιμίαςξ
712 5327 879 5397 ὄνομα
905 5313 1105 5404 θέντος,
1123 5313 1293 5403 νσέῇῃὸὲ⁷
1322 5313 1723 5404 ὲτὲρᾷ’έὲκκ).ηί

178 5396 402 5476 σιαστήνε
435 5396 584 5463 Quod
613 5396 813 5476 verum
837 5407 937 5476 est.
970 5400 1085 5453 Non
1110 5396 1253 5455 enim
1277 5396 1722 5469 sunt'a'djectitia'e

178 5466 558 5540 inscriptiones,
608 5468 698 5522 sed
739 5466 808 5540 ab
856 5468 1098 5540 ipsumet
1153 5482 1372 5526 auctore
1428 5466 1717 5540 expressae.

178 5528 657 5616 ίΓιιιιιξειειιιιὶᾴιι·ζ
674 5536 768 5616 καὶ
814 5528 913 5616 οὐκ
950 5538 1120 5593 ἀθεεί.
1146 5541 1272 5616 _l_loc
1322 5550 1426 5616 est,
1464 5528 1567 5594 non
1603 5543 1721 5616 sine

178 5606 399 5668 numine,
423 5606 588 5684 χωρὶς
620 5606 755 5693 Θεοῦ
785 5606 1027 5697 γνώμης,
1060 5620 1117 5664 ut
1146 5610 1440 5681 Hesychius
1470 5614 1709 5681 exponit.

176 5666 334 5743 IL:
358 5671 483 5727 Dein
509 5678 664 5743 vulgo
682 5693 757 5738 ως
822 5681 980 5743 ᾼσμα
1010 5680 1065 5743 ᾀ.

240 5706 246 5720 .
273 5700 334 5711 --
359 5696 483 5727 ucm
510 5696 664 5743 vulgo
682 5696 757 5738 ως
804 5696 980 5748 limite.
1010 5696 1065 5749 ᾳ.

240 5739 347 5812 (85)
400 5744 885 5815 Παραδειγμάτων
935 5750 1299 5818 ἑρμηνεύειν.
1361 5750 1580 5809 Morbus
1632 5760 1715 5809 est

1828 4774 1847 4825 Ι
1884 4772 2009 4849 Cor.
2044 4789 2107 4835 ιι,
2145 4771 2230 4833 £2,
2258 4775 2326 4849 ab
2358 4771 2625 4843 {Egyptiis
2648 4789 2716 4849 _ea
2758 4771 3243 4849 mutuoaccipere,
3274 4771 3395 4849 quae

1829 4845 2209 4903 conducerent,
2251 4845 2316 4894 ad
2366 4844 2777 4904 exstrui-udum,
2812 4856 2862 4896 et
2904 4844 3393 4902 adornandnni'ta-

1830 4913 2201 4966 bernaculnm.
2239 4913 2405 4976 Quasi
2441 4916 2665 4980 ipsemet
2700 4912 2916 4972 Paulus,
2946 4932 3046 4966 non
3074 4918 3138 4968 de
3172 4917 3394 4971 Menan-

1829 4985 1947 5055 dro,
1986 4985 2183 5055 Arato,
2231 4983 2567 5049 Epitnenide,
2615 4982 2695 5055 vel
2722 4984 3051 5055 Callimacho
3084 4984 3306 5055 γνώμας
3337 4998 3394 5042 et

1827 5051 2224 5120 ἀποφθέγματα
2275 5063 2630 5105 tnuluarctur.
2665 5050 2826 5115 Quasi
2860 5050 3121 5122 Eusebius
3147 5050 3258 5122 ipSe
3283 5072 3389 5111 non

1829 5122 1966 5191 [oret
2009 5124 2257 5189 scriptor.
2288 5122 2333 5175 si
2372 5124 2491 5188 quis
2518 5124 2653 5174 alius
2686 5121 3105 5191 στρωματώδης,
3134 5121 3222 5191 qui
3253 5124 3392 5178 ἀπὸο

1826 5189 1989 5254 δειξιν
2028 5192 2168 5265 ill-ain
2200 5192 2599 5265 Evatigelicani,
2640 5189 2912 5265 tessellato
2947 5189 3226 5265 illo‘ope—re
3257 5212 3392 5265 προ-

1826 5262 2195 5329 παρασκευῆς,
2235 5263 2655 5315 emendatiorem
2711 5264 2895 5322 multo,
2927 5272 2982 5314 et
3013 5262 3394 5317 διδακτικωτέ-

1828 5348 1923 5400 ραν
1954 5347 2056 5382 ιιοιι
2086 5333 2435 5393 credidisset;
2468 5332 2558 5384 sed
2594 5333 2705 5400 haec
2752 5341 2875 5383 sunt
2907 5329 3177 5395 factionis,
3210 5345 3263 5387 et
3302 5337 3395 5386 ἀν-

1822 5400 2078 5467 τιλογίας.
2133 5400 2292 5455 Certe
2357 5401 2614 5469 quidquid
2670 5399 2930 5471 Eusebius
2990 5404 3392 5471 συκοφαντίζει,

1824 5486 1927 5540 non
1983 5480 2067 5524 est
2118 5471 2168 5522 in
2217 5486 2281 5524 eo
2319 5472 2792 5539 reprehendendus
2813 5470 3290 5540 Marcellumquod
3325 5474 3395 5527 ad

1822 5539 2193 5593 Salomoniaca
2244 5541 2533 5593 Proverbia
2584 5542 2867 5593 saemlares
2911 5541 3134 5604 litteras,
3165 5539 3218 5596 et
3268 5543 3394 5597 ἀνα·

1820 5610 2135 5679 γνώσματα,
2162 5621 2217 5660 ιιι
2247 5620 2425 5675 νοοςιι,
2444 5610 2727 5680 Ἑλληνικὰ
2762 5610 3024 5666 attulerit.
3049 5610 3117 5665 M.
3150 5644 3217 5653 —
3240 5612 3390 5666 Dein.

1821 5682 1976 5753 vulgo
2044 5680 2278 5753 xq‘tﬁel
2309 5696 2417 5739 0m.
2485 5682 2646 5753 vulgo
2707 5684 3119 5748 πνευματικοῖς,
3166 5682 3397 5736 denique

1822 5751 1979 5821 vulgo
2004 5749 2217 5823 γράψας
