4070 6304
148 343 260 401 ’165

1282 331 1568 390 CONTRA
1606 328 2035 389 IABCELLUH
2070 328 2207 385 Ll-B.
2250 328 2291 384 Ι.

3294 332 3402 389 ’148

160 485 181 516 1
221 481 319 529 την
371 435 613 536 Μηδείας
656 461 903 534 ἀνευρεῖν
944 459 1254 532 μάχαιραν,
1309 457 1403 512 καὶ
1450 456 1587 527 αὐτῇ
1637 472 1733 509 τυ-

1844 472 1863 505 1
1905 462 2110 508 terram
2135 465 2335 507 eruens
2356 489 2372 515 ,
2406 449 2557 505 illum
2587 448 2905 521 ledeanum
2931 451 3241 525 detegebat,
3298 468 3410 527 quo

156 562 186 608 <
229 555 461 700 mlta
489 644 571 707 τὸ,
600 642 772 709 ’Ἅλις
815 638 1017 712 δρυὸς,
1048 638 1336 711 σημαίνεις
1362 636 1496 707 φησί
1533 651 1637 700 τις’
1673 635 1733 688 οὐ

164 752 188 785 1
230 735 341 807 γὰρ
370 736 595 790 δυνατὸν
626 737 692 788 εκ
709 731 806 787 τοῦ
828 730 1119 806 προχείρου
1135 727 1460 800 γιγνώσκειν
1474 728 1574 799 τὴν
1596 743 1734 795 παρ-

164 842 189 877 1
228 825 432 897 οιμίαν.
460 826 528 879 Ol
560 825 801 891 παλαιοί,
827 826 907 889 ὡς
929 824 1162 893 ἔφασαν»
1196 820 1303 895 πρὸ
1333 820 1445 890 τῆς
1466 818 1561 873 τοῦ
1587 818 1733 871 σίτου

166 934 190 968 1
230 916 527 987 γεωργίας,
578 913 1105 987 βαλανηφαγοῦντες,
1138 911 1349 982 επειδὴ.
1378 910 1455 975 ὡς
1482 909 1673 980 ᾤοντο,
1705 911 1736 961 ό

162 1026 188 1059 1
232 1008 444 1079 καρπὸς
467 1000 625 1074 οὗτος
652 1009 877 1081 ὕστερον
905 1006 1127 1079 εὑρέθη,
1161 1005 1355 1074 ικείνῳ
1379 1002 1735 1074 προσέχοντες

165 1114 187 1150 1
228 1098 322 1152 τὸν
366 1098 490 1153 νοῦν
529 1100 624 1153 καὶ
660 1102 727 1172 τῇ
773 1097 1046 1171 μεταϐολῇ
1086 1094 1538 1168 προσχαίροντες,
1574 1092 1737 1155 Ἅλις

164 1205 188 1238 1
230 1187 437 1256 δρυὸς,
471 1189 679 1259 ελεγον.
722 1190 831 1249 Καὶ
861 1187 1020 1242 τοῦτο
1058 1186 1158 1258 τὴν
1202 1183 1501 1256 παροιμίαν
1531 1182 1736 1252 ἔφασαν

160 1294 188 1329 1
226 1273 387 1333 εἶναι.
426 1275 591 1345 Αὖθίς
632 1296 692 1333 τε
736 1280 928 1351 ἑτέρας
966 1276 1296 1349 παροιμίας,
1340 1274 1447 1328 ὑπὸ
1472 1273 1738 1327 πλείστων

161 1388 188 1423 1
228 1370 341 1425 τῶν
368 1372 497 1445 παρ’
524 1373 711 1437 αὐτοῖς
737 1371 916 1442 σοφῶν
946 1373 1007 1426 ἰν
1034 1369 1307 1432 πλείστοις
1337 1367 1433 1421 καὶ
1461 1366 1738 1438 διαφόροις

160 1475 188 1512 1
228 1458 455 1531 βιϐλίοις
493 1461 807 1534 είρημένης,
844 1463 965 1516 τίνα
1016 1460 1143 1532 περὶ
1181 1458 1349 1529 αὐτῆς
1378 1458 1735 1529 γεγράφασιν,

156 1569 189 1603 1
226 1552 277 1604 οί
317 1552 420 1617 τὰς
452 1554 749 1624 παροιμίας
794 1550 1125 1625 ἑρμηνεῦσαι
1152 1549 1537 1623 ·προελόμενοι,
1573 1548 1740 1615 ἀναγ-

162 1660 185 1693 1
230 1645 385 1697 καῖον
427 1643 541 1717 (88)
585 1646 644 1698 ὲν
688 1643 765 1715 τῷ
806 1643 1028 1716 παρόντι
1062 1642 1447 1715 μνημονεῦσαι.
1490 1640 1626 1693 Ἀλλ’
1672 1642 1737 1693 ἵν’

161 1751 186 1785 1
223 1734 533 1807 ωγξωμεν
571 1736 866 1808 Ἀστέριον,
914 1736 1008 1789 καὶ
1037 1734 1146 1789 ἀπὸ
1188 1734 1297 1788 τῶν
1341 1732 1538 1799 ἔξωθεν
1578 1733 1739 1787 αὐτὸν

161 1843 183 1877 ι
232 1827 574 1899 μαθημάτων
604 1828 781 1883 είδότα
817 1828 916 1899 μιν
955 1826 1198 1900 ἀκριϐῶς
1225 1828 1287 1880 τὸ
1316 1828 1416 1898 τῆς
1443 1826 1740 1899 παροιμίας

160 1934 184 1968 1
226 1918 521 1990 ιεαίρετον,
542 1920 679 1976 tua
696 1918 775 1991 τῷ
794 1919 1020 1991 παρόντι
1045 1919 1269 1988 ἄγνοιαν
1284 1918 1739 1990 προσποιηθέντα,

159 2026 185 2061 1
229 2007 321 2064 ίνα
354 2010 419 2063 τὸ
461 2008 655 2065 ἑαυτοῦ
692 2010 936 2081 βούλημα
968 2009 1059 2064 διὰ
1083 2010 1182 2079 τῆς
1214 2006 1309 2062 τοῦ
1341 2005 1740 2079 παροιμιώδους

161 2119 184 2153 1
228 2100 396 2172 ῥητοῦ
433 2103 679 2173 χρήσεως
705 2100 942 2165 πιθανῶς
964 2097 1394 2163 κατασκευάζειν
1416 2098 1562 2173 δόξῃ.
1586 2099 1740 2152 Ἔστι

161 2203 184 2237 1
228 2185 309 2253 δι,
342 2188 626 2243 Γλαύκου
656 2188 860 2259 τέχνη·
883 2186 1086 2259 ταύτης
1121 2189 1170 2242 oi
1200 2185 1400 2253 ἐξωθεν
1443 2188 1598 2258 σοφοὶ
1640 2186 1741 2257 τῆς

156 2297 186 2331 1
228 2280 526 2351 παροιμίας
555 2279 1029 2352 μνημονεύσαντες
1051 2281 1323 2352 διαφόρως
1354 2279 1521 2351 αὐτὴν
1545 2276 1743 2351 ἱξηγή-

158 2388 186 2423 1
226 2386 409 2426 σαντο.
456 2372 516 2427 '0
549 2372 651 2444 μὲν
835 2371 1015 2425 αὐτῶν
1052 2388 1138 2436 τις
1170 2370 1273 2440 ἔφη
1294 2411 1310 2434 ,
1352 2369 1592 2424 Γλαῦκόν
1620 2386 1740 2423 τινα

158 2480 184 2514 1
230 2463 571 2535 επιστήμονα
600 2463 795 2535 τέχνης
823 2461 967 2526 τινος
1008 2461 1288 2531 γεγονότα,
1329 2460 1538 2522 πολλῶν
1573 2456 1741 2515 οὖσαν

159 2572 185 2604 1
228 2553 707 2625 θαυμασιωτάτην,
739 2552 1032 2610 ἀπολέσθαι
1068 2554 1184 2625 ἃμα
1206 2552 1341 2623 (88‘)
1371 2553 1564 2624 ἐκείνῳ
1604 2554 1742 2607 κατὰ

164 2664 186 2697 1
232 2645 524 2713 θάλατταν,
554 2647 779 2719 μηδενός
807 2664 894 2701 πω
914 2647 1265 2720 διακηκοότος
1297 2644 1485 2716 αὐτῆς.
1518 2646 1740 2716 Ἕτερος

161 2756 188 2789 1
229 2737 311 2802 δὲ,
462 2739 548 2792 ις’
574 2739 743 2811 ἄκρον
775 2737 1042 2811 μουσικῆς
1072 2738 1361 2809 ὲμτιειρίαν
1384 2737 1740 2809 μαρτυρήσας

161 2845 189 2878 1
229 2825 310 2897 τῷ
357 2820 611 2898 man...
663 2828 790 2892 τοὺς
844 2825 1384 2889 κατασκευασθέντας
1431 2826 1525 2879 ὑπ’
1573 2825 1737 2880 αὐτοῦ

164 2934 189 2967 1
235 2916 453 2981 δίσκους
494 2915 725 2989 χαλκοῦς
767 2931 899 2985 φησι
943 2914 1233 2986 τέσσαρας,
1262 2913 1397 2987 πρὸς
1417 2913 1480 2967 τὸ
1526 2912 1738 2983 ἐμμελῆ

164 3025 190 3058 1
233 3023 358 3061 τινα
387 3007 486 3078 τῆς
530 3006 805 3079 κρούσεως
846 3006 945 3079 τὴν
981 3005 1299 3077 συμφωνίαν
1339 3004 1449 3058 τῶν
1488 3004 1741 3073 φθόγγων

162 3116 190 3150 1
234 3098 543 3153 ἀποτελείνο
582 3098 731 3152 ἐνθεν
763 3116 823 3152 τε
856 3097 1103 3170 εἰρῆσθαι
1130 3098 1229 3171 τὴν
1260 3096 1581 3168 παροιμίαν.
1610 3095 1739 3148 ’Δλ-
1766 3132 1807 3188 C

167 3207 191 3242 1
232 3188 324 3253 λος
369 3189 427 3243 δέ
468 3207 551 3254 τις
602 3190 965 3247 ’Δλυαττικῶν
1012 3188 1369 3260 ἅναθεμάτων
1406 3188 1570 3258 φησὶν
1610 3190 1739 3243 ἀνα-

160 3299 191 3333 1
232 3279 443 3334 κεῖσθαι
490 3280 743 3353 κρατῆρα
790 3282 885 3335 καὶ
942 3281 1344 3353 ὑποκρατήριον
1398 3278 1696 3349 θαυμάσιον
1720 3322 1735 3345 ,

166 3391 191 3425 1
235 3371 477 3425 Γλαύκου
510 3371 643 3425 Χίου
674 3362 917 3443 ποίημα,
948 3371 1174 3442 Ἕτερος
1198 3370 1276 3435 δὲ,
1310 3368 1548 3423 Γλαῦκον
1576 3369 1739 3423 αὑτὸν

162 3481 193 3516 1
228 3463 507 3518 ἀναθεῖναι
532 3466 611 3529 είς
652 3463 885 3533 Δελφοὺς
910 3463 1140 3535 τρίποδα
1178 3461 1433 3534 χαλκοῦν,
1465 3460 1609 3516 οὕτω
1638 3462 1737 3533 δη-

162 3576 191 3609 1
232 3559 637 3630 μιουργήσαντα
678 3558 791 3620 τοίς
832 3555 1051 3627 παχέως
1093 3572 1152 3608 τε
1219 3554 1578 3626 κρουομένου,
1613 3553 1741 3617 τούς

168 3669 191 3702 1
229 3666 291 3703 τε
320 3649 504 3713 πόδας,
550 3648 635 3718 ἐφ’
682 3639 760 3701 ὧν
794 3646 1014 3719 βέσηκε,
1071 3647 1167 3702 καὶ
1209 3648 1303 3699 τὸν
1344 3645 1457 3700 ἀνω
1496 3646 1741 3717 περικεί-

132 3759 193 3795 .1
231 3758 411 3811 μενον,
445 3741 538 3794 καὶ
567 3742 667 3813 τὴν
695 3739 963 3811 στεφάνην
1000 3738 1097 3811 τὴν
1126 3739 1218 3793 ἐπὶ
1253 3739 1347 3793 τοῦ
1372 3738 1615 3810 λέϐητος,
1644 3740 1740 3793 καὶ

158 3852 191 3885 1
228 3832 328 3904 τᾲς
380 3832 603 3904 ῥάϐδους
641 3832 730 3886 διὰ
777 3832 941 3902 μέσου
985 3830 1352 3902 τεταγμένας,
1406 3828 1736 3900 φθέγγεσθαι

168 3940 192 3974 1
429 3925 597 3994 φωνῇ.
632 3923 741 3976 Καὶ
768 3917 924 3985 αὖθις
953 3922 1159 3995 ἔτερος,
1188 3921 1295 3975 ἀπὸ
1324 3920 1564 3973 Γλαύκου
1594 3921 1738 3985 τινὸς

163 4034 193 4068 1
232 4014 481 4082 δόξαντός
521 4033 575 4070 τι
609 4013 767 4068 πλέον
799 4014 1151 4086 πεποιηκέναι
1173 4013 1426 4085 εἰρῆσθαι
1466 4013 1564 4084 τὴν
1598 4031 1738 4085 παρ-

164 4125 192 4158 1
231 4106 437 4178 οιμίαν.

239 4421 265 4456 1
310 4403 471 4474 Ὁρᾷς
491 4401 622 4474 (89),
653 4403 800 4467 ὅπως
826 4402 889 4457 τὸ
912 4402 1169 4475 δυσχερὲς
1194 4403 1296 4475 τῆς
1318 4407 1614 4476 παροιμίας
1644 4407 1738 4459 καὶ

1842 564 1860 596 1
1897 542 2301 600 immolabatur.

1910 652 1929 687 1
1964 634 2035 689 At
2070 632 2199 725 quid
2223 632 2326 689 hoc
2350 626 2624 725 siqult,
2648 632 2857 702 inquiet
2876 614 3196 725 aliiquls,,Ds
3214 650 3411 706 quercu

1843 745 1861 777 1
1900 725 2067 781 satis!
2086 724 2202 780 Non
2229 733 2315 780 est
2343 722 2505 795 σεεμς
2524 724 2697 778 cuivis
2718 724 2912 781 obvius
2938 723 3165 795 hujusce
3192 742 3411 798 prover~

1844 836 1860 867 1
1903 816 1975 872 bii
2023 830 2234 873 sensus.
2271 810 2444 871 Prisci
2485 814 2562 869 illi
2608 816 2903 884 quondam,
2954 826 3080 874 ante
3111 818 3410 891 agricultu—

1846 925 1863 955 1
1911 921 2025 959 ram
2078 906 2450 971 adinventam,
2480 903 2770 977 glandibus
2816 908 3207 975 vescebantur-
3247 908 3410 967 Post-
3488 950 3492 952 ~

1842 1013 2063 1067 1Iquam
2115 1012 2246 1053 vero
2292 996 2475 1069 fruges
2548 998 2799 1068 deinceps
2864 1001 3136 1069 prodiere,
3169 1004 3410 1063 animum

1845 1108 1863 1140 1
1910 1088 2060 1143 hisce
2117 1087 2451 1158 applicantes
2504 1088 2756 1143 dixerunt
2806 1086 3206 1157 oblectati,,De
3253 1110 3414 1165 quer-

1845 1202 1861 1231 1
1906 1198 1970 1234 cu
1996 1182 2145 1233 satis.
2200 1181 2376 1251 Atque
2438 1180 2579 1234 hanc
2630 1195 2750 1236 e551:
2805 1192 3039 1238 mentem
3086 1196 3143 1242 et
3192 1198 3413 1244 senten-

1845 1271 2034 1323 1tiam
2101 1272 2372 1339 proverbii
2440 1271 2746 1341 prodidere.
2820 1258 3077 1329 Necesse
3119 1290 3298 1337 autem
3356 1281 3413 1337 iu

1844 1379 1864 1410 1
1902 1363 2149 1431 praesenti
2206 1361 2507 1429 habemus,
2574 1362 2802 1419 alterius
2860 1364 3137 1435 cujusdam
3191 1385 3416 1439 prover-

1846 1472 1863 1504 1
1905 1455 1973 1509 bii
2030 1454 2355 1509 mentionem
2399 1454 2579 1508 facere
2610 1496 2627 1521 ,
2673 1457 2817 1525 quod
2874 1457 2927 1511 in
2990 1459 3179 1516 multis
3234 1472 3292 1517 et
3340 1464 3419 1519 di-

1850 1564 1867 1595 1
1908 1547 2078 1602 versis
2106 1547 2425 1602 auctoribus
2469 1546 2675 1603 Graecis
2729 1549 3067 1607 l1abetur:et
3093 1555 3223 1623 quid
3250 1558 3415 1614 etiam

1848 1656 1866 1686 1
1906 1638 1971 1691 de
2032 1638 2222 1693 eodem
2296 1638 2371 1693 illi
2441 1642 2721 1694 memoria:
2781 1644 3089 1711 prodidere.
3156 1646 3276 1705 Non
3345 1653 3420 1707 ob

1848 1746 1864 1777 1
1906 1728 2064 1783 aliam
2091 1745 2331 1790 causam,
2369 1745 2529 1800 quam
2579 1742 2637 1785 ut
2685 1733 2960 1789 Asterium
2992 1739 3303 1795 convictum
3334 1751 3421 1797 te-

1849 1839 1867 1870 1
1908 1836 2131 1875 neamus
2158 1839 2173 1875 ι
2201 1822 2315 1891 qui,
2347 1837 2492 1888 cum,
2541 1838 2649 1893 qua
2680 1833 2763 1878 est
2807 1826 3114 1882 eruditione
3155 1831 3420 1899 praeditus

1850 1932 1868 1963 1
1904 1914 2172 1981 saeculari,
2200 1915 2555 1984 proverbialis
2575 1918 2859 1973 sententiae
2884 1922 3254 1988 praestantiam
3288 1940 3416 1983 cum

1849 2022 1866 2053 1
1905 2005 2096 2073 primis
2124 2005 2411 2075 intelligat,
2443 2006 2495 2060 in
2532 2009 2785 2077 praesenti
2820 2020 3002 2066 tamen
3037 2012 3182 2070 illius
3216 2031 3326 2087 pra:
3356 2033 3417 2074 se

1850 2110 1867 2142 1
1910 2092 2013 2146 fert
2044 2095 2439 2165 ignorantiam,
2489 2105 2545 2149 ut
2576 2110 2674 2166 per
2704 2098 2831 2153 dicti
2869 2099 3012 2156 illius
3056 2108 3418 2172 proverbialis

1849 2202 1866 2233 1
1906 2198 2061 2238 usum
2087 2200 2241 2240 suam
2276 2184 2449 2255 ipsius
2470 2187 2807 2243 voluntatem
2846 2200 2903 2260 et
2924 2195 3252 2249 sententiam
3289 2212 3415 2266 pro-

1849 2295 1867 2326 1
1908 2275 2158 2332 babiliter
2183 2286 2432 2333 astruere
2450 2278 2722 2335 videatur.
2748 2279 2849 2337 Est
2873 2294 3052 2339 autem
3078 2285 3228 2353 illud,
3247 2286 3415 2344 Glau-

1849 2384 1867 2417 1
1903 2367 1951 2420 ci
1973 2384 2064 2422 1m
2088 2408 2104 2433 ,
2134 2367 2287 2438 cujus
2314 2382 2439 2424 cum
2466 2371 2814 2427 meminerint
2847 2375 3046 2430 eruditi
3093 2380 3235 2447 apud
3264 2379 3416 2436 Gm-

1847 2476 1866 2509 1
1902 2472 1997 2513 cos
2039 2459 2193 2514 multi
2218 2498 2235 2525 ,
2276 2461 2522 2517 diversas
2553 2462 2859 2519 retulerunt
2908 2465 3410 2538 interpretationes.

1850 2568 1867 2599 1
1908 2555 1968 2614 ιζ(
1996 2548 2097 2606 Est
2132 2552 2278 2607 enim
2302 2552 2394 2620 qui
2442 2552 2621 2618 docet,
2647 2553 2915 2612 Glaucum
2950 2559 3229 2617 exstitisse
3270 2567 3410 2621 artis

1846 2657 1868 2690 1
1904 2638 2183 2709 cujusdam
2212 2640 2453 2697 maxime
2482 2644 2725 2699 omnium
2770 2646 3106 2706 admirandae
3141 2653 3413 2722 peritissi-

1848 2750 1867 2781 1
1906 2746 2072 2799 mum,
2098 2746 2203 2786 una
2225 2747 2346 2788 cum
2373 2741 2494 2789 arte
2529 2751 2627 2790 sua
2658 2735 2968 2803 interiisse,
2997 2741 3135 2797 mari
3162 2744 3416 2802 submer-

1846 2842 1866 2874 1
1902 2838 2019 2877 sum
2044 2863 2060 2887 ,
2089 2822 2221 2879 nulli
2248 2839 2473 2894 prorsus
2502 2825 2778 2897 impertita
2804 2827 3049 2899 ejusdem
3082 2836 3411 2905 cognitione.

1845 2934 1866 2966 1
1900 2915 2052 2971 Alius
2072 2916 2462 2985 peritissimum
2491 2918 2726 2973 musices
2758 2920 3034 2976 exstitisse
3064 2923 3252 2991 docet,
3272 2936 3327 2983 et
3346 2932 3417 2985 ab

1848 3025 1866 3058 1
1906 3020 1971 3064 eo
2009 3007 2190 3063 discos
2242 3022 2412 3063 arcos
2440 3018 2675 3078 quatuor
2700 3008 2908 3068 alabre
2940 3018 3298 3087 compositus,
3356 3031 3419 3076 ut

1846 3117 1866 3149 1
1906 3098 2101 3169 pulsati
2153 3098 2446 3168 quamdam
2497 3099 2875 3171 symphoniam
2930 3118 3067 3161 sono
3128 3123 3419 3169 numeroso

1847 3209 1866 3240 1
1903 3190 2168 3250 ederent;
2229 3199 2395 3260 atque
2463 3190 2590 3247 hinc
2662 3195 3007 3262 proverbium
3071 3212 3413 3271 usurpatum.

1848 3301 1866 3332 1
1905 3278 2165 3346 Tertius,
2223 3284 2365 3336 inter
2437 3282 2580 3337 dona
2641 3282 2915 3355 Halyattis
2986 3288 3125 3360 Lydi
3191 3292 3418 3365 Delphis

1847 3391 1865 3422 1
1905 3372 2147 3428 oblatum
2172 3413 2188 3437 ,
2234 3379 2289 3427 et
2328 3373 2566 3430 mirandi
2608 3372 2792 3446 operis
2847 3380 3167 3439 subcratera
3222 3400 3412 3455 quern-

1844 3484 1866 3516 1
1904 3466 2048 3530 dam,
2115 3463 2305 3520 Glauci
2372 3464 2493 3521 Chii
2577 3482 2737 3537 opus.
2798 3470 3083 3539 Quartus,
3145 3474 3411 3536 Glaucum

1848 3573 1867 3605 1
1905 3556 2078 3625 ipsum
2120 3556 2337 3627 Delphis
2368 3558 2636 3617 obtulisse
2662 3572 2853 3617 narrat
2878 3579 3084 3622 teneam
3117 3568 3411 3639 tripodem,

1848 3665 1865 3698 1
1905 3646 1979 3700 ita
2002 3646 2356 3704 fabrefactum
2380 3691 2396 3715 ,
2435 3661 2495 3706 ut
2536 3649 2710 3722 siquis
2749 3656 3075 3714 crassiorem
3106 3661 3159 3715 in
3192 3663 3412 3719 modum

1845 3757 1863 3788 1
1898 3740 2143 3794 eamdem
2191 3741 2453 3808 pulsaret,
2494 3743 2579 3798 vel
2632 3747 2798 3814 pedes
2833 3749 2884 3803 in
2939 3751 3137 3819 quibus
3189 3756 3411 3825 stabat,

1843 3850 1864 3883 1
1899 3832 1979 3887 vel
2004 3834 2146 3902 quod
2188 3850 2401 3889 sursum
2452 3847 2573 3892 erat
2612 3840 3015 3908 redimiculum,
3041 3843 3128 3900 vel
3155 3863 3414 3907 coronam

1842 3941 1864 3973 1
1898 3924 2057 3979 lebeti
2091 3926 2517 3983 circumductam
2546 3969 2563 3993 ,
2615 3939 2711 3985 aut
2758 3932 3002 4004 virgulas
3051 3951 3151 4007 per
3175 3942 3414 4000 medium

1843 4032 1865 4067 1
1900 4030 2021 4072 sese
2066 4016 2459 4086 distendentes,
2515 4020 2645 4093 lyrae
2721 4039 2912 4081 sonum
2968 4042 3413 4099 repraesentant.

1839 4122 1863 4155 1
1900 4106 2053 4162 Alius
2083 4118 2358 4177 postremo
2386 4112 2741 4179 proverbium
2768 4116 3047 4173 existimat
3085 4125 3359 4193 usurpari,
3382 4141 3414 4181 a

1840 4214 1861 4244 1
1896 4195 2103 4251 Glauco
2148 4198 2381 4265 quodam
2420 4199 2750 4267 deductum,
2783 4204 2875 4272 qui
2925 4204 3155 4262 scientia
3186 4218 3415 4268 caeteros

1838 4305 1860 4335 1
1898 4288 2277 4343 antecellebat.

1914 4419 1933 4451 1
1977 4398 2181 4456 Videtis
2207 4412 2386 4457 autem
2421 4404 2835 4472 proverbiorum
2860 4407 3235 4468 diﬂcultatem
3256 4392 3432 4471 exin-i

160 4513 192 4548 1
220 4494 315 4548 διὰ
344 4494 533 4549 τούτου
575 4494 875 4560 δείκνυται,
904 4494 992 4549 διὰ
1018 4494 1113 4548 τοῦ
1151 4495 1285 4567 μηδὲ
1326 4496 1419 4548 ἐπὶ
1445 4496 1543 4567 τῆς
1570 4496 1737 4569 αὐτῆς

1845 4508 1865 4541 1
1904 4491 1971 4544 de
2004 4490 2138 4559 satis
2167 4490 2417 4558 pateﬁeri
2448 4532 2464 4555 ,
2508 4495 2652 4562 quod
2699 4510 3043 4567 nequaquam
3089 4502 3417 4573 interpretes

169 4606 192 4640 1
232 4588 526 4659 ἑρμηνείας
551 4586 740 4658 στῆναι
780 4587 907 4650 τοὺς
941 4585 1038 4657 τὴν
1085 4586 1381 4656 παροιμίαν
1416 4588 1617 4659 ταύτην
1652 4590 1738 4656 ἐξ·

160 4697 192 4732 1
212 4677 519 4750 ηγήσασθαι
540 4675 911 4748 βουληθέντας.
924 4674 1079 4728 Οὕτω
1095 4675 1421 4747 δυσεύρητόν
1435 4692 1487 4728 τι
1507 4677 1738 4747 πρᾶγμα

162 4787 193 4822 1
227 4768 294 4821 τδ
316 4767 415 4837 τῆς
438 4766 733 4838 παροιμίας
754 4765 849 4819 καὶ
872 4764 1020 4836 παρὰ
1046 4766 1158 4825 τοῖς
1189 4762 1385 4828 ἔξωθεν
1407 4758 1545 4819 εἷναι
1568 4765 1732 4820 δοκεῖ.

166 4880 193 4913 1
232 4859 325 4913 Διὸ
348 4859 441 4913 καί
464 4875 546 4922 τις
570 4857 678 4911 τῶν
706 4857 837 4927 παρ’
861 4856 1045 4919 αὐτοῖς
1071 4854 1269 4925 σοφῶν..
1298 4855 1617 4927 συναγαγὼν
1640 4857 1739 4922 τὰς

241 5037 303 5097 ᾖ
333 5024 432 5083 Ed.
466 5022 663 5088 Parim,
692 5035 815 5091 pag.
838 5020 922 5076 16.
1366 5066 1399 5095 ,

159 5176 489 5262 eruditum;
516 5189 664 5262 recte
693 5186 847 5262 gerat
890 5180 1037 5262 enim
1080 5180 1325 5262 sophista
1364 5180 1723 5262 professione,

1845 4600 1866 4633 1
1910 4582 2069 4651 hujus
2097 4585 2254 4639 unius
2274 4586 2553 4653 proverbii
2590 4588 2732 4641 inter
2772 4604 2835 4644 se
2876 4590 2929 4644 in
2958 4592 3148 4647 eadem
3196 4599 3416 4665 exposi-

1848 4692 1866 4725 1
1906 4675 2060 4728 tione
2093 4677 2457 4731 consentiant.
2489 4676 2643 4733 Adeo
2678 4694 2765 4733 res
2793 4693 2909 4735 erat
2935 4682 3023 4737 illa
3060 4685 3417 4744 inextricabi-

1842 4789 1866 4821 1
1904 4769 1971 4824 lis
2000 4770 2183 4825 habita
2211 4772 2354 4840 apud
2384 4784 2624 4828 exteros.
2654 4772 2921 4839 Quocirca
2960 4779 3100 4833 inter
3140 4796 3234 4835 eos
3274 4799 3417 4839 unus

1849 4881 1869 4915 1
1908 4864 2174 4935 sapientia
2209 4876 2263 4921 et
2286 4866 2593 4923 eruditione
2619 4878 2911 4937 praestans,
2954 4873 3007 4924 in
3047 4888 3219 4926 unum
3244 4875 3415 4931 colle-

1832 5178 1962 5257 κοῦς
1996 5194 2091 5247 pro
2119 5179 2318 5250 χαλκοῦ
2345 5190 2399 5234 et
2430 5182 2567 5253 πρός
2596 5198 2709 5257 (pro
2742 5181 2849 5252 πρό
2877 5191 2931 5237 et
2967 5199 3021 5235 τι
3051 5198 3152 5254 pro
3184 5202 3269 5250 τις
3297 5198 3417 5257 post

162 5266 220 5311 et
252 5263 380 5308 ante
402 5250 908 5321 ,Ghri‘stianismum,
936 5250 1115 5321 ludum
1152 5250 1203 5303 in
1222 5250 1556 5321 Cappadocia
1595 5266 1727 5321 ape-
1832 5250 1943 5314 δοξ.

163 5331 372 5380 ruerat.
401 5320 475 5392 Ill.
492 5352 560 5362 —
579 5320 776 5392 Addidi
800 5334 863 5374 ex
887 5320 1050 5392 codd.
1090 5320 1382 5392 μάχαιραν,
1406 5322 1545 5392 unde
1569 5320 1729 5389 supra

161 5394 283 5464 λὲγ.
300 5392 407 5466 γάρ
423 5391 540 5447 loco
559 5390 694 5462 φασὶ
712 5390 821 5464 γάρ
835 5390 1049 5462 scripsi,
1065 5401 1119 5446 et
1133 5391 1202 5444 τά
1220 5390 1343 5445 ante
1365 5390 1530 5445 τέκνα
1545 5406 1730 5446 arces-

162 5481 293 5519 SIVI.

238 5530 558 5606 (88)_Vulgo
605 5532 919 5606 ἀναγκαίως
972 5542 1029 5586 et
1077 5547 1200 5587 mox
1246 5550 1485 5606 παρασκ.
1540 5544 1727 5588 contra

164 5606 323 5659 codd.
358 5603 630 5657 Posterius
651 5606 755 5657 iam
785 5604 888 5672 Mp.
930 5617 1074 5672 corr.

238 5672 373 5745 (88‘)
408 5672 516 5741 Mp.
561 5689 680 5745 Tp._
706 5671 908 5745 ὲκείνῃ.
955 5671 1077 5745 Mox
1105 5672 1266 5743 vulgo
1290 5689 1392 5745 που
1420 5672 1729 5727 διαδεδωκό-

163 5742 260 5806 τος
305 5754 491 5797 contra
545 5742 704 5797 codd.
759 5742 970 5812 quinm
996 5742 1143 5796 διακ.
1172 5742 1320 5797 dant.
1372 5743 1539 5797 Porro
1573 5748 1730 5797 male

166 5813 323 5887 vulgo
344 5811 554 5885 ἁκρῶν,
575 5814 719 5881 quod
735 5811 805 5868 ex
833 5814 955 5869 cod.
986 5813 1223 5882 correxi,
1246 5828 1313 5870 ex
1334 5827 1440 5883 quo
1461 5813 1580 5869 dein
1600 5812 1731 5884 χαλ-

411 5930 414 5932 ’
446 5931 720 5990 Par-non.
752 5930 870 5990 ιλιι.
908 5927 1137 5989 XXIV.

1910 5318 2021 5387 (89‘
2046 5319 2241 5391 Ὁρᾷς,
2254 5321 2422 5387 »ὅπως
2441 5321 2506 5375 τὸ
2529 5321 2842 5391 δυσχερές.
2874 5322 2997 5379 Hac
3014 5325 3082 5380 de
3097 5326 3415 5390 diﬂicultate

1838 5389 2254 5462 Proverbiorum
2285 5408 2316 5446 a
2344 5408 2428 5445 me
2453 5392 2583 5446 olim
2642 5389 2861 5462 accepta
2894 5396 2977 5448 vir
3017 5397 3200 5453 multis
3236 5404 3415 5458 nomi-

1838 5461 1998 5515 nibus
2044 5461 2400 5524 clarissimus,
2431 5462 2676 5516 Andreas
2726 5461 3008 5529 Schottus,
3042 5464 3270 5523 inseruit
3300 5486 3415 5527 sum

1835 5530 2171 5606 praefationi,
2206 5542 2331 5585 ante
2378 5531 2674 5606 Proverbia
2704 5532 2947 5606 Zenobii,
2989 5534 3329 5606 Diogeniani,
3356 5554 3413 5598 et

1835 5602 2085 5657 aliorum.
2117 5602 2255 5655 Snnt
2305 5612 2483 5655 autem
2542 5602 2641 5654 ista
2672 5604 2877 5664 omnia,
2910 5620 3014 5657 non
3044 5602 3282 5671 Eusebii,
3314 5602 3411 5667 scd

1835 5670 2075 5725 Marcelli
2126 5674 2195 5725 ab
2231 5671 2463 5725 Eusebio
2508 5674 2724 5740 quidem
2755 5674 2919 5725 relata
2948 5690 2959 5724 :
2986 5688 3224 5730 erratum
3266 5670 3348 5734 est
3378 5698 3407 5736 a

1836 5755 1941 5802 me.
1962 5744 2050 5810 qui
2077 5742 2149 5793 illi
2171 5743 2378 5805 optimo
2409 5743 2525 5796 viro
2552 5742 2792 5796 miserim
2828 5753 2884 5797 ut
2915 5744 3238 5801 Eusebiuna.
3260 5748 3312 5804 Μ
3337 5775 3408 5792 οι-

1837 5810 1968 5865 Dein
2004 5813 2160 5881 vulgo
2184 5811 2273 5865 διὰ
2302 5812 2381 5868 τό.

3053 5926 3133 5987 2b
