4070 6304
130 311 257 371 πζ)
1306 314 1588 371 CONTRA
1624 312 2050 370 MARCELLI}!
2090 312 2221 372 LIB.
2261 314 2304 369 Ι.
3330 318 3436 377 750

122 426 450 503 νούμενος,
484 433 665 486 πᾶσαν
699 431 862 485 αὑτοῦ
894 432 993 502 τὴν
1026 430 1241 503 γραφὴν
1274 432 1359 485 ἐπ’
1383 432 1622 504 ὠφελείᾳ
1656 450 1717 486 κα

1822 484 1823 489 η
1860 449 1879 482 ι
1927 434 2052 485 dum
2085 431 2437 497 scripserunt.
2472 448 2489 481 ι
2530 428 2637 486 Sed
2668 439 2721 487 et
2766 430 2928 487 aliter
2966 446 3182 503 quoque
3211 448 3243 489 e
3268 434 3437 493 dictis

125 524 413 595 σωτηρίᾳ
449 524 636 594 ψυχῶν
675 522 753 594 τῷ
792 524 890 594 τῆς
936 523 1244 586 θεοσεὸείας
1295 524 1531 578 ἀνετίθει
1583 524 1717 595 λόγῳ

1857 522 2292 580 animadvertere
2340 523 2487 588 licet,
2516 533 2854 594 quantopere
2886 527 3166 582 aberravit
3204 527 3253 584 is
3281 543 3312 583 a
3336 543 3431 586 ve-

119 615 470 683 γυμνασίου
498 615 543 667 δ’
564 614 749 667 ἕνεκεν
770 616 867 686 τῆς
893 616 999 668 τῶν
1026 616 1463 686 ἐντυγχανόντων
1489 615 1717 679 διανοίας

1855 614 2035 679 ritate,
2077 630 2199 669 cum
2246 614 2477 671 ailirmet
2523 615 2781 680 (iuncos.
2845 618 2912 672 ad
2958 620 3214 675 eumdem
3270 620 3434 691 plane

122 706 463 766 σκοτεινοῖς
493 705 693 776 ἐχρῆτο
720 705 1089 778 προϐλήμασι,
1122 708 1213 760 καὶ
1264 707 1437 774 λόγων
1470 710 1717 777 στροφαῖς

1854 708 2097 773 modum,
2129 720 2237 776 quo
2283 706 2561 773 Salomon,
2599 709 2903 778 scripsisse.
2963 708 3218 765 Salomon
3280 712 3429 767 enim

1851 799 2135 868 sapientia,
2168 814 2289 869 qua:
2320 799 2579 854 divinitus
2607 810 2712 865 est,
2752 800 3039 869 impulsus,
3083 817 3238 857 suam
3290 805 3432 858 scri-

1853 900 2063 959 pturam
2088 890 2421 958 universam,
2454 893 2520 945 ad
2549 890 2839 946 utilitatem
2870 901 2925 947 et
2952 892 3185 949 salutem
3214 896 3429 950 animac

1854 998 1969 1037 rum
2001 984 2190 1051 pietati
2223 983 2565 1040 consecravit
2594 998 2607 1035 :
2636 998 2767 1038 usus
2801 992 2888 1038 est
2915 993 3116 1050 autem,
3163 988 3231 1041 ad
3268 987 3429 1057 inge-

1851 1075 1937 1127 nia
1986 1076 2274 1145 legentium
2324 1074 2651 1139 exercenda,
2691 1073 3048 1130 tenebricosis
3076 1076 3427 1144 problemati-

1849 1165 1971 1229 bus,
1999 1169 2342 1222 serlnunibus
2381 1165 2641 1222 tortuosis
2685 1176 2742 1221 et
2766 1165 2989 1222 vocibus
3013 1182 3112 1235 per
3134 1168 3424 1238 aenigmata

1848 1258 2288 1323 procedentibus.
2321 1258 2574 1313 Testatur
2600 1259 2701 1314 hoc
2736 1259 2912 1329 ipsum
2951 1259 3003 1313 in
3041 1259 3199 1315 initio
3234 1260 3422 1316 statim

1847 1350 1994 1411 libri.
2016 1348 2105 1403 ubi
2141 1352 2252 1404 ait:
2290 1369 2310 1402 ι
2343 1349 2439 1404 His
2464 1351 2663 1405 auditis
2693 1351 2912 1418 sapiens
2935 1350 3236 1420 sapientior
3269 1352 3376 1406 erit
3403 1365 3421 1407 :

1848 1460 1869 1493 s
1918 1442 2225 1513 intelligens
2261 1442 2559 1511 possidebit
2593 1444 3079 1513 gubernationem,
3128 1453 3185 1499 et
3221 1443 3424 1500 obscu-

119 795 225 848 καὶ
255 800 488 864 φωναῖς
509 798 576 852 δι’
602 799 942 868 αἰνιγμάτων
966 800 1483 869 προενηνεγμέναις.
1512 800 1621 852 Kal
1635 800 1752 852 τοῦ-

118 901 187 937 το
219 886 270 938 δ’
304 888 373 939 ἐν
404 888 552 959 ἀρχῇ
577 890 676 959 τῆς
707 889 889 959 βίϐλου
916 887 1251 960 μαρτύρεται
1281 888 1473 957 λέγων·
1496 908 1513 940 ι
1549 890 1668 943 Τῶν
1691 890 1747 944 δὲ

124 994 144 1025 ι
186 977 310 1048 γὰρ
346 978 601 1043 ἀκούσας
644 980 805 1050 σοφὸς
830 980 1137 1052 σοφώτερος
1163 981 1342 1035 ἔσται·
1386 982 1414 1035 ό
1441 981 1498 1034 δὲ
1530 983 1748 1053 νοήμων

125 1090 145 1120 s
189 1070 549 1142 κυϐέρνησιν
577 1074 857 1142 κτήσεται,
891 1074 1074 1144 νοήσει
1094 1091 1151 1127 τε
1185 1074 1500 1146 πτραῢολήν
1531 1091 1744 1128 σκοτει-

124 1182 144 1213 ι
183 1162 304 1216 νῶν
337 1164 549 1233 λόγων,
579 1166 766 1237 ῥήσεις
792 1183 852 1219 τε
882 1166 1061 1235 σοφῶν
1091 1168 1184 1221 καὶ
1210 1169 1529 1239 αἰνίγματα.
1572 1188 1593 1221 s
1631 1169 1743 1222 Kal

122 1254 323 1315 πάλιν,
370 1254 634 1321 δέξασθαι
680 1257 917 1327 στροφὰς
948 1259 1151 1328 λόγων·
1197 1278 1215 1310 ι
1257 1261 1323 1312 Ἀ
1355 1260 1420 1331 δὴ
1442 1261 1535 1313 καὶ
1569 1259 1744 1325 οὕτως

126 1367 145 1398 ι
184 1348 400 1418 ἔχοντα
434 1350 502 1403 ὲκ
537 1349 645 1402 τῶν
676 1350 1068 1421 ἐμφερομένων
1104 1355 1168 1423 τῇ
1206 1350 1371 1421 βίϐλῳ
1404 1352 1742 1423 καταμαθεῖν

126 1460 147 1491 s
185 1441 594 1511 ρᾲδιον,ᾰλλως
604 1443 667 1495 ού
677 1442 985 1512 δυναμένων
997 1443 1273 1513 νοηθῆναι,
1284 1444 1316 1514 ἢ
1334 1444 1572 1497 διιόντων
1586 1444 1742 1515 ήμῶν

126 1549 146 1579 s
183 1532 253 1582 ὲκ
286 1530 399 1599 τῆς
430 1531 723 1601 προχείρου
758 1531 956 1596 λέξεως
983 1534 1076 1585 ἐπὶ
1100 1533 1191 1587 τὸν
1220 1531 1280 1598 ἐξ
1312 1534 1479 1605 αὐτῆς
1508 1534 1717 1606 θεωρούη

1850 1552 1868 1585 σ
1917 1549 2099 1588 rerum
2148 1535 2435 1589 verborum
2486 1536 2772 1605 parabolas
2844 1546 3154 1606 cognoscet,
3205 1537 3423 1606 sapien-

129 1641 149 1673 ι
191 1640 365 1692 μενον
404 1621 537 1677 νοῦν
560 1640 573 1653 ·
615 1618 725 1677 οἷόν
748 1626 863 1677 ἐστι
900 1625 980 1689 τὸ,
1018 1624 1095 1693 Τῇ
1116 1625 1354 1694 ,ϐδέλλῃ
1385 1625 1540 1695 τρεῖς
1562 1630 1713 1697 θυγτι

1850 1643 1868 1675 ι
1918 1635 2028 1679 tum
2050 1640 2269 1695 quoque
2285 1625 2427 1680 dicta
2449 1635 2505 1681 et
2528 1626 2867 1693 auigmata.»
2892 1626 3090 1681 Iterum
3111 1640 3328 1697 quoque
3350 1626 3421 1683 ad

126 1733 144 1764 ι
186 1713 367 1781 τέρος
400 1710 573 1784 ἦσαν
602 1714 901 1785 ἀγαπήσει
922 1716 1321 1785 ἀγαπώμεναι·
1362 1717 1459 1770 καί
1491 1721 1551 1772 αἱ
1578 1720 1717 1787 τρεῖς

1843 1720 2243 1789 percipiendam
2274 1734 2585 1774 sermonum
2634 1720 3039 1792 intelligentiam
3068 1740 3083 1776 :
3129 1740 3151 1774 ι
3179 1721 3246 1778 Ει
3286 1737 3417 1794 pro-

129 1826 146 1857 ι
187 1802 381 1862 αὗται
410 1808 527 1859 οὐκ
554 1806 1015 1876 ἐνεπίμπλασαν
1038 1808 1253 1876 αὐτὴν,
1281 1809 1377 1863 καί
1403 1810 1442 1876 ἠ
1486 1810 1717 1879 τετάρτη

1844 1829 1863 1863 ι
1910 1812 2053 1866 fectu
2089 1813 2202 1866 ha-c
2230 1813 2301 1865 ita
2330 1827 2388 1866 se
2427 1813 2626 1867 habere
2660 1811 2820 1867 facile
2848 1813 3014 1883 liquet
3053 1829 3085 1869 e
3139 1815 3419 1873 contentis

126 1918 146 1949 ς
186 1900 305 1951 οὐκ
334 1898 637 1966 ἠρκέσθη,
662 1898 851 1953 εἰπεῖν
875 1902 1104 1954 ἱκανόν.
1137 1901 1245 1953 Καὶ
1275 1900 1337 1954 Ἠ
1367 1904 1553 1970 σοφία
1581 1904 1717 1968 ᾠκο-

1843 1923 1861 1953 ‹
1907 1903 2168 1971 perillum
2202 1904 2419 1968 librum,
2451 1918 2574 1973 quae
2601 1920 2706 1959 non
2738 1904 2902 1959 aliter
2929 1920 3219 1974 possumus
3250 1905 3417 1963 intel-

130 2008 148 2039 ι
187 1988 477 2058 δόμησεν
496 1989 681 2058 ἑαυτῇ
700 1987 887 2054 οἷκον,
911 1991 1009 2043 καὶ
1024 1989 1445 2063 ὑπήρεισε,(95)
1467 1993 1717 2057 στύλους

1843 2014 1861 2045 σ
1910 1995 2216 2061 ligerc,nisi
2252 1995 2320 2049 ab
2350 2006 2537 2063 aperta
2565 1986 2796 2052 lectione
2829 1997 2895 2049 ad
2937 1997 3261 2051 sententiam
3290 1998 3420 2053 inde

126 2100 146 2131 ί
185 2081 368 2143 ἑπτὰ,
409 2082 647 2151 ἔσφαξε
674 2083 747 2136 τὰ
768 2081 990 2150 ἑαυτῆς
1024 2084 1284 2152 θύματα·
1317 2084 1609 2150 ἐκέρασεν
1645 2087 1717 2150 εἰς

1840 2104 1861 2137 ι
1904 2089 2226 2141 eliciendam
2293 2103 2391 2143 nos
2445 2088 2815 2143 conferamus.
2874 2087 3120 2158 Exempli
3186 2091 3412 2160 gratia:

132 2193 149 2223 ι
195 2173 480 2242 κρατῆρα
500 2174 606 2228 τὸν
635 2174 858 2243 ἑαυτῆς
890 2170 1079 2228 οἶνον.
1106 2176 1213 2227 Kal
1244 2175 1343 2228 ὅσα
1364 2173 1499 2229 ἄλλα
1518 2176 1717 2239 τούτοις

1840 2197 1858 2229 ι
1909 2178 2075 2231 Erant
2122 2178 2358 2231 hirudiui
2396 2189 2500 2233 tres
2548 2179 2678 2247 ﬁlia:
2716 2179 2921 2232 dilectae
2950 2179 3258 2234 admodum.
3283 2177 3416 2236 Istc

128 2285 147 2315 ι
185 2268 584 2337 παραπλήσια,
636 2268 736 2337 οὑχ
782 2267 982 2337 ἑτέρως
1031 2266 1229 2320 δυνατὰ
1277 2265 1535 2331 νοεῖσθαι,
1604 2266 1717 2320 οὕτε

1839 2289 1858 2321 ι
1906 2283 2079 2325 autem
2104 2282 2230 2334 tres,
2256 2272 2404 2325 illam
2427 2288 2752 2343 nequaquam
2774 2271 3130 2336 adimplebant
3155 2286 3176 2326 :
3204 2282 3415 2341 quarta

128 2377 149 2409 s
188 2358 534 2430 προχείρως,
562 2356 685 2412 οὔτε
717 2358 780 2412 ἐκ
798 2376 943 2422 τινος
980 2360 1234 2430 ἱστορίας,
1268 2360 1315 2412 εἰ
1358 2359 1434 2431 μὴ
1461 2360 1600 2413 κατὰ
1628 2361 1717 2430 μό-

1838 2382 1857 2412 s
1904 2380 2021 2417 vero
2047 2379 2149 2417 non
2174 2363 2485 2432 satisﬁebat,
2525 2379 2687 2433 neque
2722 2363 2949 2426 dicebat,
2970 2363 3100 2433 satis
3127 2375 3174 2416 et
3202 2363 3413 2419 abunde

122 2468 147 2500 ι
187 2467 289 2520 νην
319 2451 644 2523 μεταφορὰν
666 2452 759 2505 καὶ
790 2451 1138 2521 ἀναστροφὴν
1161 2452 1259 2521 τῆς
1283 2450 1501 2517 λέξεως.
1542 2471 1561 2501 ι
1593 2452 1657 2503 Al
1680 2452 1717 2505 δ

1836 2472 1855 2504 s
1901 2466 1996 2511 est.
2038 2462 2095 2518 is
2127 2456 2255 2509 Item
2283 2476 2297 2511 :
2340 2454 2619 2523 Sapientia
2646 2458 2742 2509 sibi
2775 2455 2988 2509 domum
3018 2455 3324 2524 (ediﬁcavit,
3358 2466 3412 2510 et

127 2541 443 2595 ὲκτεθεῖσαι
463 2542 571 2596 τῶν
614 2542 879 2615 Ἑλλήνων
924 2544 1221 2614 παροιμίαι
1254 2543 1363 2597 ἀπό
1394 2561 1555 2597 τινων
1581 2546 1717 2598 ίστο-

1833 2562 1851 2594 ι
1899 2548 2186 2600 substruxit
2220 2546 2494 2599 columnas
2523 2553 2742 2614 septem,
2789 2544 3060 2613 sacriﬁcia
3110 2562 3210 2600 sua
3239 2544 3412 2616 jugu-

125 2631 260 2701 ριῶν
318 2632 424 2697 τὰς
465 2633 640 2705 ἀρχὰς
669 2634 943 2705 εἰλήφασι.
980 2635 1053 2688 Τὸ
1089 2635 1219 2707 γὰρ,
1248 2637 1318 2689 Ἦ
1348 2636 1656 2703 τέθνηκεν,
1685 2636 1717 2705 ἢ

1834 2652 1853 2684 ι
1898 2634 2043 2699 tavit,
2076 2637 2251 2689 vinum
2276 2652 2431 2690 suum
2455 2636 2509 2689 in
2535 2647 2739 2689 cratere
2764 2636 3115 2690 commiscuit.
3143 2636 3274 2692 Item
3300 2636 3410 2693 alia

120 2720 404 2775 διδάσκει
457 2721 785 2791 γράμματα,
839 2722 926 2776 διὰ
969 2723 1151 2793 τήνδε,
1185 2722 1369 2792 φησὶν,
1402 2720 1596 2792 ἐλέχθη
1624 2722 1717 2793 τὴν

1832 2744 1850 2777 ι
1899 2742 2002 2781 non
2037 2742 2206 2796 pauca
2236 2728 2394 2799 hujus
2424 2727 2666 2799 generis,
2704 2742 2825 2794 quae
2850 2742 2957 2783 non
2984 2743 3214 2798 possunt
3246 2728 3408 2786 aliter

124 2811 395 2880 ἱστορίαν,
431 2814 527 2866 καὶ
569 2814 637 2866 δι’
672 2815 864 2884 ἑτέραν
892 2813 1053 2867 πάλιν
1087 2813 1385 2883 γενομένην
1414 2812 1612 2884 πρᾶξιν
1640 2812 1717 2875 τὸ,

1832 2836 1849 2868 ι
1898 2818 2307 2886 comprehendi,
2342 2834 2447 2873 non
2478 2820 2545 2873 de
2596 2818 2849 2874 lectionis
2878 2819 3041 2886 facie,
3077 2836 3182 2873 non
3210 2836 3278 2875 ex
3308 2820 3409 2876 ali-

127 2904 233 2965 Αἲξ
260 2905 380 2971 τὴν
399 2905 727 2973 μάχαιραν,
765 2904 1015 2977 εἰρῆσθαι
1037 2921 1049 2934 ο
1086 2904 1179 2956 καὶ
1207 2903 1289 2966 τὸ,
1316 2904 1491 2967 κ”Αλις
1518 2902 1717 2970 δρυὸς,

1832 2927 1849 2959 ι
1894 2922 1997 2973 qua
2038 2908 2291 2972 historia,
2342 2911 2437 2963 sed
2475 2909 2814 2964 solummodo
2862 2924 2959 2979 per
3009 2915 3403 2980 metaphoram,

124 2993 415 3059 ὡσαύτως,
462 2996 553 3049 διὰ
578 2997 639 3049 τὸ
678 2995 1197 3067 βαλανηφαγοῦντάς
1236 3012 1368 3047 ποτε
1410 2994 1717 3048 παύσασθαι

1830 3016 1849 3050 ι
1891 3007 1942 3052 et
1993 2998 2249 3052 dictionis
2299 3000 2734 3053 conversionem.
2778 3020 2796 3051 ι
2832 3000 2903 3053 At
2939 3016 3067 3055 vero
3114 3003 3404 3069 proverbia

120 3084 223 3154 τῆς
250 3087 515 3157 τοιαύτης
536 3087 760 3157 τροφῆς.
798 3088 860 3139 Et
888 3086 945 3139 δὲ
974 3086 1069 3139 καὶ
1093 3084 1334 3148 Γλαῦκός
1365 3102 1468 3149 τις,
1494 3086 1717 3158 ὲπιστή.

1824 3088 2134 3143 Graecorum
2186 3089 2276 3141 illa
2329 3088 2397 3142 ab
2444 3089 2669 3145 historia
2707 3090 2938 3158 quadam
2970 3091 3401 3148 deducebantur.

133 3194 245 3246 μων
284 3179 489 3252 τέχνης
527 3180 670 3243 τινὸς
714 3180 973 3249 γεγονὼς,
1018 3180 1291 3251 διαφόρως
1337 3180 1714 3252 ἐμνημονεύθη

1822 3180 1955 3236 llud
1995 3181 2163 3245 enim,
2198 3178 2292 3235 Vel
2330 3190 2571 3234 mortuus
2614 3191 2712 3247 est,
2758 3181 2836 3235 vel
2879 3184 3029 3237 docet
3055 3184 3295 3247 litteras,
3333 3190 3403 3240 ab

127 3269 274 3341 παρὰ
304 3276 419 3336 τοῖς
458 3272 597 3341 μετὰ
622 3272 794 3326 ταῦτα
822 3272 1226 3343 διαφωνήσασιν
1260 3274 1317 3323 ὲν
1350 3272 1427 3343 τῷ
1458 3275 1586 3344 περὶ
1620 3273 1717 3325 αύ-

1822 3271 2047 3326 historia
2091 3270 2347 3340 quadam,
2381 3270 2632 3325 concedit
2674 3270 2813 3338 ipse,
2839 3270 3119 3324 oriebatur
3152 3288 3167 3325 :
3198 3270 3268 3329 ab
3294 3270 3400 3327 alia

124 3362 214 3414 τοῦ
236 3363 401 3435 λόγῳ,
432 3365 485 3417 τί
516 3364 671 3418 τοῦτο
693 3366 825 3437 πρὸς
845 3364 942 3428 τὰς
977 3362 1364 3426 θεοπνεύστους
1388 3364 1711 3435 παροιμίας;

1823 3363 2044 3425 itidem,
2075 3359 2251 3425 Capra
2295 3360 2656 3430 gladium:et
2705 3358 2849 3412 illius
2903 3361 3078 3424 item,
3136 3357 3282 3415 Salis
3333 3359 3400 3415 de

127 3456 200 3506 υύ
225 3455 334 3526 γὰρ
358 3456 563 3527 ὁμοίως
594 3459 713 3519 ταῖς
746 3455 1082 3525 Ἑλληνικαῖς
1112 3455 1460 3525 παροιμίαις,
1488 3456 1584 3507 καὶ
1627 3449 1713 3509 αὖ·

1822 3472 2035 3525 quercu,
2078 3469 2144 3508 eo
2186 3454 2329 3523 quod
2381 3454 2473 3522 qui
2523 3452 2809 3523 glandibus
2858 3452 2988 3506 olim
3043 3451 3400 3507 vescebantur

127 3561 210 3597 ται
238 3545 300 3598 ἐκ
325 3564 473 3611 τινος
498 3548 738 3619 ἱστορίας
760 3548 858 3619 τὴν
881 3548 1032 3600 λύσιν
1057 3548 1414 3617 ἐπιδέχονται.
1458 3546 1709 3617 ’Ᾱμαθῶς

130 3635 230 3706 ἄρα
260 3638 349 3691 καὶ
388 3640 634 3710 ἀπείρως
656 3641 751 3710 τῆς
773 3640 881 3693 τῶν
906 3639 1066 3693 θείων
1094 3640 1327 3711 Γραφῶν
1358 3638 1587 3709 θεωρίας
1643 3640 1704 3692 ού

132 3727 305 3796 μόνον,
333 3730 470 3783 ἀλλὰ
500 3734 594 3783 καὶ
626 3732 882 3795 ἐναντίως
908 3730 987 3802 τῷ
1029 3731 1354 3801 Ἀποστόλῳ,
1382 3730 1703 3803 Μάρκελλος

128 3820 249 3879 τοὺς
314 3820 584 3892 Ἐλλήνων
634 3822 849 3888 σοφοὺς,
893 3816 1155 3891 τυχόντας
1214 3824 1332 3885 ταῖς
1380 3821 1703 3893 Παροιμίαις

130 3905 452 3978 Σολομῶνος,
490 3910 679 3980 μαθεῖν
701 3912 793 3965 καὶ
821 3911 1062 3982 ζηλῶσαι
1077 3913 1138 3965 τὸ
1165 3913 1502 3984 προφητικὸν
1532 3912 1705 3983 γράμ-

136 4013 224 4064 μα,
258 4002 348 4053 καὶ
402 4003 494 4056 τὸν
534 4003 695 4056 αὑτὸν
730 4004 925 4074 ἐκείνῳ
968 4002 1175 4075 γράψαι
1231 4005 1452 4079 τρόπον,
1488 4005 1701 4075 ἀπεφή-

133 4106 271 4145 νατο.

1816 3547 2020 3601 diutius
2047 3546 2153 3600 illis
2182 3545 2325 3600 vesci
2363 3545 2704 3600 destiterunt.
2737 3543 2890 3612 Quod
2929 3544 2973 3598 si
2997 3541 3234 3600 Glaucus
3253 3542 3401 3615 quis-

1815 3636 1981 3705 piam,
2026 3634 2224 3689 artifex
2272 3634 2470 3704 aliquis
2509 3635 2779 3704 egregius,
2820 3634 3186 3689 diversimode
3228 3634 3295 3690 ab
3328 3633 3399 3691 iis

1813 3728 2113 3790 ferebatur,
2140 3726 2231 3797 qui
2256 3727 2515 3796 deinceps
2537 3728 2588 3780 in
2623 3726 2930 3780 sententias
2962 3728 3030 3781 de
3064 3726 3157 3780 illo
3184 3725 3397 3781 discre-

1810 3830 2003 3892 pantes
2028 3820 2238 3882 abiere,
2264 3819 2394 3887 quid
2422 3820 2525 3873 hoc
2561 3820 2626 3872 ad
2661 3819 2919 3872 divinitus
2955 3817 3215 3887 inspirata
3256 3815 3394 3871 Pro-

1809 3911 2033 3968 verbia?
2054 3909 2237 3979 Neque
2263 3910 2430 3975 enim,
2461 3920 2519 3963 ut
2545 3910 2596 3964 in
2625 3909 2939 3964 Cra-corum
2974 3910 3035 3964 ﬁt
3068 3907 3395 3979 proverbiis,

1810 4004 1879 4060 ab
1902 4002 2124 4060 bistoria
2143 4003 2377 4073 quadam
2397 4002 2486 4057 illa
2509 4002 2830 4057 solutionem
2856 4001 3163 4056 sortiuntur
3182 3996 3336 4056 suam
3375 4014 3394 4054 :

1811 4108 1870 4153 ut
1894 4110 2116 4151 necesse
2144 4094 2215 4149 sit
2239 4093 2574 4158 Marcellum,
2604 4107 2710 4148 non
2741 4092 2917 4147 solum
2942 4091 3193 4162 imperite
3226 4101 3393 4161 atque

134 4188 359 4254 indocte,
424 4193 520 4248 sed
576 4204 769 4249 contra
828 4205 1063 4250 mentem
1108 4194 1352 4265 Apostoli
1398 4194 1699 4251 alIirmasse
1738 4194 2010 4263 sapientes
2049 4190 2387 4255 Cra-corum,
2444 4203 2568 4243 cum
2620 4189 2675 4243 in
2733 4186 3029 4242 Proverbia
3081 4185 3394 4243 Salomonis

138 4280 457 4352 incidissent,
503 4289 571 4342 ad
623 4290 984 4345 imitationem
1021 4291 1354 4359 prophetica:
1381 4291 1762 4359 scripturase
1791 4288 1859 4343 ad
1889 4286 2241 4343 scribendum
2283 4284 2637 4355 applicuisse.

198 4378 407 4435 Τούτων
434 4384 566 4453 ἡμῖν
593 4383 896 4453 εἰρημένων
916 4384 996 4447 είς
1016 4384 1289 4448 ἀπόδειξιν
1307 4382 1402 4438 τοῦ
1431 4385 1566 4455 μηδὲ
1588 4386 1705 4446 ταῖς

1887 4381 1983 4437 His
2006 4383 2057 4435 in
2089 4396 2210 4435 eum
2240 4380 2399 4433 linem
2420 4395 2449 4433 a
2471 4380 2628 4434 nobis
2652 4377 2971 4449 praemissis,
3005 4387 3061 4431 ut
3086 4376 3393 4432 certissime

134 4466 295 4534 θείαις
320 4474 601 4545 νι“ραφαῖς,
652 4475 711 4528 ὃν
752 4474 859 4545 χρὴ
891 4475 1113 4546 τρόπον,
1151 4476 1569 4545 ἐντετυχηκέναι
1612 4475 1703 4529 τὸν

134 4561 308 4632 ἄνδρα,
335 4568 491 4620 καλεί
515 4568 578 4637 δὴ
608 4568 795 4638 καιρὸς
816 4569 909 4621 καὶ
927 4567 1024 4638 τὴν
1047 4568 1149 4637 οὐχ
1180 4568 1307 4637 ὑγιῆ
1338 4567 1438 4638 τῆς
1470 4567 1706 4630 πίστεως

134 4652 284 4707 αὑτοῦ
303 4655 454 4723 δόξαν
474 4660 903 4729 ἐπισκέψασθαι·
930 4660 1007 4723 ὡς
1027 4660 1243 4713 ἐναντία
1264 4657 1625 4729 (94)δοξάξων
1639 4659 1703 4727 τῇ

136 4743 544 4823 ὲιωιλτισιιι.στι›‹εῇ
608 4752 943 4823 διδασκαλίᾳ,
991 4752 1161 4823 αὑτήν
1198 4768 1258 4804 τε
1298 4750 1392 4805 καὶ
1429 4750 1553 4811 τοὺς
1579 4766 1706 4820 προ-

136 4836 356 4905 εστῶτας
384 4844 555 4915 αὐτῆς
586 4844 885 4900 διὲὄαλλεν.

779 4963 936 5016 ΚΕΦ.
972 4963 1045 5017 Δ’.

138 5044 243 5100 Ὀτι
287 5051 393 5117 τήν
432 5072 508 5108 -τε
552 5054 1066 5122 ἐκκλησιαστικὴν
1106 5054 1533 5117 διδασκαλίαν,
1593 5054 1693 5107 καὶ

324 5124 461 5190 τοὺς
504 5123 882 5192 προεστῶτας
910 5124 1099 5193 αὐτῆς
1136 5124 1472 5178 διέϐαλλεν.

201 5204 299 5279 (93)
319 5210 473 5285 Θήσω
490 5214 546 5269 δὲ
568 5215 780 5287 πρῶτα,
794 5208 945 5270 δι’ὧν
962 5219 1075 5279 τοῖς
1094 5214 1268 5287 ὀρθῶς
1289 5215 1383 5268 καὶ
1403 5214 1689 5283 ἐκκλησια-

204 5348 257 5406 ’Β
290 5345 381 5403 Ed.
417 5350 617 5419 Paris,
658 5368 781 5424 pag.
815 5352 906 5407 18.

1810 4484 2073 4544 appareat
2098 4474 2371 4529 hominem
2401 4486 2770 4542 nequaquam,
2802 4471 2871 4524 ita
2902 4480 2966 4525 ut
2985 4471 3247 4541 oportuit,
3272 4484 3393 4522 ver-

1810 4574 1985 4619 satum
2012 4562 2626 4633 inScripturis,tempus
2647 4573 2754 4627 est,
2781 4562 3109 4631 utdeinceps
3139 4562 3299 4615 fidem
3324 4559 3391 4612 il-

1810 4655 1934 4721 lius,
1967 4669 2129 4725 quam
2172 4654 2243 4710 sit
2275 4654 2415 4708 male
2444 4667 2599 4719 sana,
2636 4653 3048 4708 consideremus
3078 4667 3091 4703 :
3123 4662 3177 4705 et
3224 4665 3391 4719 quam

1808 4746 2113 4816 oppositam
2126 4746 2450 4799 sententiam
2469 4754 2683 4799 tueatur
2695 4744 2954 4798 doctrina:
2966 4742 3354 4797 ecclesiastica:
3372 4760 3386 4796 :

1806 4853 1972 4909 quam
2004 4854 2111 4892 una
2149 4851 2273 4893 cum
2310 4837 2554 4905 ejusdem
2584 4836 2929 4892 antistitibus
2959 4847 3206 4892 accusat.

2460 4956 2611 5012 CAP.
2655 4957 2742 5011 IV.

1806 5048 1959 5114 Quod
1986 5063 2104 5101 cum
2143 5049 2437 5169 doctrinm;
2467 5047 2741 5111 Ecclesia’,
2768 5054 2879 5101 tum
2920 5048 3156 5117 ejusdem
3186 5061 3386 5115 prmu-

2437 5136 2489 5169 es
2519 5128 2747 5169 accuset.

2437 5136 2489 5172 (38
2519 5128 2747 5172 accuset.

1870 5218 2008 5267 Ante
2035 5196 2221 5267 omnia
2257 5211 2605 5283 proponenda
2643 5220 2770 5265 sunt
2802 5226 2830 5264 a
2866 5226 2952 5265 me
3000 5210 3112 5275 illa,
3165 5210 3218 5265 in
3259 5208 3388 5279 qui,

198 5476 302 5560 195)
333 5485 499 5562 Vulgo
526 5493 726 5562 στήλας
753 5502 805 5547 et
819 5492 1040 5546 δύναται
1062 5489 1296 5544 νοεῖσθαι
1329 5497 1382 5562 et
1408 5488 1514 5540 τῶν
1539 5488 1681 5540 ἱστο-

1824 5486 1907 5562 edi
1924 5484 2212 5562 Δδιέξαλλεν
2229 5493 2283 5540 et
2310 5485 2367 5562 in
2394 5484 2646 5562 lemmate
2674 5482 2854 5562 addidi
2883 5486 3088 5562 ss_posl
3112 5480 3237 5562 τήν.

144 5559 459 5633 θεωνςεινωνξ
472 5574 527 5618 et
552 5559 639 5616 διὰ
658 5565 755 5633 τὴν
775 5562 855 5626 δέ,
884 5577 932 5618 et
967 5579 1087 5615 mox
1118 5563 1222 5627 Mp.
1250 5560 1419 5633 φασίν
1448 5562 1565 5633 l0r_0
1579 5574 1681 5627 φη-

143 5616 367 5704 ξένζβίοι
399 5616 550 5704 Villio
585 5616 880 5704 γινομένην
892 5616 957 5689 vet
978 5634 1141 5686 αὐταὶ
1171 5616 1235 5684 ὲκ
1258 5616 1313 5686 et
1337 5616 1683 5699 Σολομῶντος

140 5692 190 5739 θ*
328 5686 528 5786 eia?-

203 5758 307 5835 (94)
331 5758 438 5835 Ὣς
453 5758 712 5843 ἐναντίη,
732 5785 861 5839 etc.,
887 5772 1211 5829 διαϐάλλει.
1232 5798 1298 5811 --
1316 5767 1428 5841 Ego
1445 5783 1510 5826 ex
1529 5768 1686 5851 codd.

1861 5556 1976 5625 (95)
2020 5555 2405 5627 Syllaburnhic
2435 5556 2659 5627 esltihet
2698 5553 2910 5627 illorum
2931 5550 3219 5614 Eusebius,
3243 5562 3383 5619 quos

1794 5624 1995 5693 scripto
2026 5624 2122 5679 suo
2150 5627 2225 5679 ait
2268 5624 2578 5678 Marcellum
2610 5624 2941 5693 exagitasse,
2978 5635 3118 5693 quos
3146 5634 3381 5687 genera-

1798 5690 1919 5759 tim,
1947 5695 2104 5765 λόγου
2145 5696 2451 5767 ἀρξάμενος
2500 5690 3045 5767 cotutnentoraverat.
3076 5690 3250 5767 Erant
3266 5703 3382 5767 _an-

1801 5757 1912 5821 ιοιιι
1933 5757 2123 5823 ciuiles
2153 5757 2476 5821 Arianorum
2506 5762 2787 5837 primipili,
2820 5770 2874 5818 et
2918 5759 3169 5817 acerrimi
3194 5757 3381 5816 deiun-
