4070 6304
160 397 270 453 75ἱό

1284 382 1558 440 ευΝτιιΑ
1604 372 2031 432 MARCELLUM
2070 373 2194 427 LIB.
2237 373 2278 427 1.

3302 362 3405 417 754

161 533 180 566 ι
221 512 349 565 Θεὸι
410 510 835 581 παντοκράτορα,
889 506 981 559 καὶ
1021 507 1097 567 είς
1140 504 1232 558 τὸν
1283 504 1411 557 Υίὸν
1440 501 1603 556 αὑτοῦ
1645 500 1734 553 τὸν

1844 498 1974 553 velle
2031 496 2401 551 contradicere
2450 491 2676 561 singulis
2722 490 2989 559 partibus,
3031 503 3150 557 qua;
3210 491 3262 542 in
3300 487 3407 542 fide

161 624 179 655 ι
226 602 494 672 μονογενῆ
516 601 668 663 Θεὸν,
700 600 791 651 τὸν
822 597 1022 668 Κύριον
1058 594 1212 667 ἡμῶν
1247 594 1451 663 Ἰησοῦν
1478 590 1729 663 Χριστὸν,

161 712 183 746 ι
223 695 321 748 καὶ
348 696 427 756 είς
457 693 516 746 τὸ
549 690 770 759 Πνεῦμα
803 689 863 741 τὸ
893 689 1045 758 ἆγιον
1068 705 1081 717 ⁸
1122 706 1139 738 ι
1176 686 1269 740 καί
1316 702 1497 757 φησιν,
1541 688 1605 737 ἐκ
1626 682 1732 735 τῶν

158 787 322 842 θείων
366 784 597 857 Γραφῶν
652 781 1023 853 μεμαθηκέναι
1067 779 1255 833 τοῦτον
1300 778 1390 831 τὸν
1424 778 1521 847 τῆς
1554 775 1734 829 θεοσε-

156 878 314 943 6είας
335 878 552 951 τρόπον.
593 873 733 943 Ἐγὼ
764 874 840 937 δὲ,
874 875 999 926 ὅταν
1033 872 1131 943 μὲν
1159 870 1314 923 τοῦτο
1340 870 1493 941 λέγῃ,
1544 866 1734 921 ἀποδέ-

158 988 326 1042 χομαι
349 969 551 1039 σφόδρα
569 966 636 1019 τὰ
656 966 938 1034 λεγόμενα.
964 962 1155 1025 Κοινὸς
1178 962 1286 1032 γὰρ
1308 954 1463 1022 οὗτος
1481 958 1735 1012 ἁπάντων

160 1062 315 1134 ημῶν
374 1064 473 1129 τῆς
536 1058 843 1120 θεοσεσείας
896 1056 924 1107 ὁ
984 1053 1201 1122 τρόπος·
1274 1051 1587 1105 Πιστεύειν
1648 1050 1735 1113 εις

159 1152 413 1220 Πατέρα,
453 1151 548 1203 καί
592 1149 747 1210 Υίὸν,
795 1147 891 1201 καί
935 1147 1105 1215 ἅγιον
1141 1144 1400 1211 Πνεῦμα.
1443 1142 1608 1195 Ὅταν
1653 1140 1730 1203 δὲ,

159 1243 234 1314 μὴ
256 1243 360 1311 τῆς
386 1240 535 1304 θείας
567 1238 960 1310 ἐστοχασμένος
991 1237 1289 1305 δυνάμεως,
1320 1230 1735 1304 ἀνθρωπικώτε-

158 1352 249 1404 ρον
279 1334 415 1403 ήμῖν
446 1332 533 1386 διά
566 1348 708 1394 τινος
736 1329 980 1399 ἐντέχνου
1017 1328 1267 1398 θεωρίας,
1300 1325 1388 1377 τόν
1423 1342 1480 1377 τε
1515 1324 1735 1394 Πατέρα

159 1426 380 1494 Πατέρα
408 1423 559 1494 λέγῃ,
590 1423 682 1474 καὶ
713 1420 803 1473 τὸν
832 1421 956 1472 Υίὸν
979 1419 1125 1481 Υἰὸν,
1155 1419 1254 1470 οὐκ
1276 1416 1348 1469 ἐτ’
1372 1418 1612 1469 ἐπαινεῖν
1637 1416 1735 1487 τὴν

164 1515 413 1585 τοιαύτην
448 1514 677 1584 θεωρίαν
710 1512 1005 1565 ἀκίνδυνον.
1059 1510 1155 1563 Διὰ
1211 1510 1318 1580 γὰρ
1355 1510 1451 1578 τῆς
1485 1506 1735 1575 τοιαύτης

158 1606 393 1675 θεωρίας
421 1604 517 1675 τὴν
552 1604 644 1655 νῦν
678 1603 858 1664 αὐτοῖς
902 1600 1287 1669 ἐπινοουμένην
1340 1598 1548 1667 αἵρεσιν
1580 1594 1736 1660 αὐξά-

165 1697 340 1749 ιρεσθαι
373 1694 657 1764 συμϐαίνει
678 1710 692 1723 ·
722 1694 909 1762 ὥσπερ
945 1692 1129 1759 σαφῶς
1156 1690 1415 1755 ἐπιδεῖξαι
1448 1688 1627 1758 ῥᾴδιον
1654 1680 1733 1738 οἶ-

162 1806 257 1856 μαι
280 1788 346 1840 ἐκ
375 1786 485 1840 τῶν
515 1784 679 1863 αὐτοῆ
708 1784 899 1851 λόγων.
932 1784 1072 1852 Ἔφη
1109 1782 1215 1850 γὰρ
1248 1781 1483 1847 τὸνμὲν
1500 1776 1736 1844 Πατέρα

159 1879 282 1933 δεῖν
305 1876 543 1945 ἀληθῶς
579 1875 809 1942 Πατέρα
851 1870 1001 1927 εἶναι
1029 1872 1302 1940 νομίζειν,
1334 1871 1428 1923 καὶ
1458 1868 1564 1922 τὸν
1602 1869 1733 1921 flor

158 1968 395 2035 ἀληθῶς
449 1970 616 2022 Υιόν·
664 1968 759 2021 καί
810 1967 877 2020 τὸ
928 1965 1098 2034 ἅγιον
1141 1962 1381 2031 Πνεῦμα
1431 1962 1732 2023 ὡσαύτως.

160 2061 340 2113 Ταῦτα
361 2061 390 2112 ὁ
414 2057 734 2129 Μάρκελλος
765 2058 895 2128 πρὸς
932 2055 1223 2124 Ἀστέριον,
1242 2054 1339 2105 οὐκ
1370 2052 1732 2123 ἀρεσκόμενος

160 2150 234 2221 τῷ
273 2150 364 2203 τὸν
399 2150 619 2219 Πατέρα
661 2149 767 2201 δεῖν
798 2146 1010 2217 ἀληθῶς
1045 2146 1261 2216 Πατέρα
1295 2146 1595 2214 ὁμολογεῖν,
1641 2143 1734 2194 καὶ

161 2242 246 2295 τὸν
276 2243 406 2294 Υίὸν
435 2240 650 2311 ἀληθῶς
700 2238 845 2303 Υίὸν,
895 2240 987 2292 καὶ
1019 2238 1077 2289 τὸ
1118 2239 1268 2304 ἅγιον
1298 2235 1520 2305 Πνεῦμα
1556 2234 1735 2287 ὡσαύ-

160 2351 281 2395 τως.
310 2332 475 2385 Ὅθεν
508 2331 635 2403 ἑξῆς
676 2331 763 2385 διὰ
815 2328 1164 2399 μακροτέρων
1209 2326 1597 2391 ἀνασκευάζειν
1645 2327 1735 2378 τὸν

163 2425 286 2495 περὶ
319 2422 524 2476 τούτων
573 2424 823 2493 πειρᾶται
852 2420 1026 2489 λόγον.
1064 2420 1230 2473 Ψιλὸν
1256 2419 1364 2490 γὰρ
1415 2420 1507 2472 καὶ
1539 2419 1616 2489 τῷ
1646 2419 1737 2471 ἀν-

162 2513 411 2583 θρωπείῳ
440 2512 582 2581 λόγῳ
602 2512 805 2582 ὅμοιον,
830 2511 948 2579 ούχὶ
971 2510 1026 2561 δὲ
1054 2510 1180 2562 Υίὸν
1200 2508 1414 2579 ἀληθῶς
1435 2508 1610 2573 ζῶντα
1644 2507 1736 2559 καὶ

164 2603 462 2672 ὑφεστῶτα,
515 2604 605 2655 τὸν
644 2602 874 2672 Χριστὸν
908 2597 1044 2653 εἶναι
1080 2600 1359 2669 ὁμολογεῖν
1386 2598 1577 2653 ἐθέλει.
1628 2599 1737 2650 Καὶ

162 2694 344 2765 ἐπειδὴ
366 2693 568 2763 ταύτην
592 2687 712 2745 εἷπε
740 2690 1069 2746 ἐπινοεῖσθαι
1104 2689 1197 2743 νῦν
1225 2690 1453 2761 αἵρεσιν,
1476 2688 1733 2751 δεικτέον,

163 2786 233 2849 ὡς
262 2786 489 2857 προῖὼν,
506 2785 807 2856 Ὤριγένους
826 2784 919 2837 τοῦ
948 2782 1112 2835 πάλαι
1130 2782 1507 2852 (2)γενομένου
1531 2782 1739 2852 μέμνη-

162 2893 248 2931 ται
287 2878 364 2940 ὼς
397 2875 777 2947 ὀμοδοξοῦντος
807 2877 917 2939 τοῖς
952 2876 1069 2929 νυνὶ¹
1096 2875 1235 2947 πρὸς
1262 2872 1424 2927 αὑτοῦ
1455 2874 1735 2927 διαϐαλλο-

168 2969 359 3039 μένοις.
403 2967 544 3037 Ἐγὼ
569 2968 625 3021 δὲ
652 2970 745 3022 καὶ
782 2969 1085 3039 Ὠριγένους
1118 2965 1503 3036 παλαιωτέρων
1531 2964 1737 3035 ἀνδρῶν

166 3062 431 3125 πλείστοις
456 3061 601 3125 ὅσοις
626 3062 1097 3131 ἐκκλησιαστικοῖς
1132 3059 1559 3129 συγγράμμασιν
1590 3059 1737 3111 ἐντε-

164 3152 391 3223 τύχηκα,
420 3153 732 3207 ἐπισκόπων
765 3170 825 3205 τε
849 3153 942 3206 καὶ
965 3152 1195 3251 συνόδεον
1221 3150 1528 3214 ἐπιστολαῖς
1556 3150 1741 3221 διαφό-
1768 3197 1809 3251 C

171 3261 294 3313 ροις,
330 3246 605 3317 πρόπαλαι
640 3245 988 3316 γραφείσαις,
1020 3244 1086 3296 δι’
1116 3238 1191 3297 ὧν
1224 3240 1301 3307 εἷς
1340 3244 1431 3296 καὶ
1462 3245 1491 3295 ὁ
1523 3243 1683 3306 αὐτὸς
1712 3245 1739 3295 ὁ

167 3332 260 3402 τῆς
287 3336 521 3398 πίστεως
552 3334 837 3406 χαρακτὴρ
870 3334 1274 3387 ἀποδείκνυται.
1301 3334 1415 3386 Οὐκ
1438 3333 1610 3405 ὀρθῶς
1632 3332 1740 3405 ἄρα

168 3426 513 3497 διαϐέϐληκεν
547 3426 716 3480 εἰπὼν
772 3425 1100 3481 ἐπινοεῖσθαι
1134 3427 1232 3496 τὴν
1260 3425 1353 3479 νῦν
1388 3426 1599 3495 αἵρεσιν
1636 3426 1741 3477 ὑπὸ

168 3516 269 3571 τῶν
292 3518 745 3588 διαϐαλλομένων.
763 3518 918 3572 Μετὰ
938 3517 1109 3572 ταῦτα
1139 3517 1332 3588 μικρὸν
1359 3516 1656 3588 προελθὼν,
1676 3518 1737 3570 οὐ

168 3609 254 3662 τὸν
280 3610 554 3681 Ἀστέριον
582 3609 758 3679 μόνον,
782 3606 917 3663 ἀλλὰ
939 3609 1030 3662 καὶ
1057 3608 1147 3661 τὸν
1168 3608 1339 3679 μέγαν
1355 3607 1613 3660 Εὑσέδιον
1638 3608 1737 3677 (5),

169 3696 227 3755 ού
280 3702 379 3771 τῆς
440 3702 744 3772 ἐπισκοπῆς
798 3700 1045 3754 πλεῖσται
1100 3701 1192 3752 καὶ
1248 3699 1523 3768 διαφανεῖς
1574 3700 1745 3769 ἐπαρ-

171 3791 277 3861 λίαι
322 3810 380 3844 τε
428 3794 523 3845 καὶ
572 3792 754 3854 πόλεις
791 3791 1247 3862 μετεποιήθησαν,
1284 3790 1468 3854 κακῶς
1492 3790 1742 3860 ἀγορεύει

170 3876 345 3934 τοῦτον
373 3882 465 3933 τὸν
489 3881 696 3953 ,τρόπον
716 3897 729 3910 ’
764 3898 782 3932 ι
827 3881 1157 3951 Ὑπομνήσω
1183 3880 1239 3932 δέ
1266 3896 1347 3943 σε,
1372 3872 1446 3934 ὧν
1476 3880 1637 3942 αὐτὸς
1658 3880 1743 3948 γέ-

177 3988 194 4020 (
235 3988 409 4043 γραφε
437 3973 822 4043 συνιστάμενος
849 3975 959 4035 τοῖς
985 3972 1170 4036 κακῶς
1192 3972 1296 4025 ὑπὸ
1326 3972 1585 4025 Εὑσεὸίου
1608 3989 1743 4043 γρα-

177 4080 194 4113 ι
237 4068 398 4132 φεῖσι,
416 4067 505 4119 ἵνα
519 4065 682 4136 γνῷς,
707 4067 788 4118 ὅτι
820 4065 1110 4133 ἀφίσταται
1138 4064 1323 4132 σαφῶς
1350 4064 1451 4134 τῆς
1472 4064 1742 4135 προτέρας

178 4172 196 4203 ι
238 4156 595 4226 ἀπαγγελίας.
632 4157 1020 4229 Γέγραφε’γὰρ
1054 4158 1243 4219 αὑταῖς
1295 4155 1502 4220 λέξεσιν
1540 4155 1737 4219 οὕτως’

244 4368 298 4425 ᾗ
332 4362 428 4417 Ed.
467 4364 666 4425 Paris.,
692 4380 809 4433 pag.
846 4363 936 4416 20.

1839 591 2015 643 minus
2046 597 2189 642 recte
2221 586 2433 640 fuerant
2468 583 2690 637 sancite:
2720 596 2734 636 :
2768 599 2789 632 ι
2834 580 3067 635 Credere
3087 580 3229 633 enim
3256 593 3315 633 se
3351 579 3406 632 in

1841 700 1859 732 ι
1910 683 2072 737 Deum
2106 679 2318 733 Patrem
2347 676 2791 745 omnipotentem,
2823 678 2878 729 et
2920 672 2973 727 in
3001 670 3198 727 Filium
3233 670 3407 741 ipsius

1841 794 1858 825 ι
1908 770 2244 841 unigenitum
2310 768 2499 831 Deum,
2561 764 2849 819 Dominum
2915 772 3162 817 nostrum
3222 761 3407 817 Jesum

1840 884 1858 917 ι
1904 863 2204 925 Christum,
2237 868 2293 915 et
2345 859 2401 914 in
2453 858 2714 928 Spiritum
2762 865 3053 912 sanctum:
3087 873 3106 908 ι
3136 855 3321 924 aitque
3349 868 3409 909 se

1834 958 2081 1011 edoctum
2115 969 2146 1009 e
2174 954 2345 1008 sacris
2385 951 2579 1006 litteris
2606 951 2749 1006 hanc
2782 948 2998 1017 pietatis
3024 946 3251 1003 formam
3270 946 3409 1001 didi-

1837 1045 1991 1105 cisse.
2016 1042 2145 1109 Qum
2176 1044 2255 1097 sic
2290 1043 2355 1097 ab
2394 1041 2485 1095 illo
2509 1039 2677 1107 dicit,
2710 1038 3086 1095 Iubentissimo
3108 1036 3409 1106 amplector

1837 1136 2037 1189 animo.
2076 1134 2168 1188 Est
2194 1134 2337 1188 enim
2366 1131 2672 1187 communis
2701 1131 2818 1185 haec
2848 1130 3093 1184 omnium
3145 1127 3267 1182 ﬁdei
3296 1126 3411 1182 for-

1838 1225 1979 1279 mula
1999 1241 2011 1277 :
2033 1222 2257 1279 Credere
2274 1224 2330 1278 in
2351 1222 2585 1290 Patrem,
2610 1231 2659 1276 et
2678 1218 2905 1287 Filium,
2933 1230 2980 1276 et
3000 1218 3262 1288 Spiritum
3278 1235 3409 1273 san-

1837 1328 1995 1369 εικηι.
2028 1315 2098 1367 At
2133 1314 2447 1377 cumidem,
2474 1312 2773 1382 potentiam
2804 1320 2858 1366 et
2896 1312 3003 1366 vim
3037 1311 3275 1365 divinam
3309 1309 3412 1363 mi-

1839 1408 1982 1461 nime
2022 1406 2333 1469 advertens,
2364 1404 2607 1458 humano
2641 1417 2792 1458 more
2835 1416 2933 1471 per
2984 1401 3411 1472 Speculationem

1836 1497 2123 1568 quamdam
2146 1497 2365 1551 Patrem
2388 1496 2520 1551 dicit
2546 1495 2799 1561 Patrem;
2827 1494 3023 1550 Filium
3048 1494 3273 1561 Filium,
3303 1509 3412 1549 non

1837 1590 2060 1661 perinde
2092 1597 2205 1644 tuto
2229 1588 2452 1643 laudare
2476 1588 2606 1641 mihi
2634 1602 2734 1657 par
2771 1594 2875 1650 est,
2907 1586 3047 1641 hanc
3076 1589 3195 1654 ejus
3221 1583 3411 1655 hujus-

1838 1680 2047 1734 cemodi
2093 1677 2632 1747 contemplationem.
2664 1676 2767 1732 Per
2798 1675 2938 1731 banc
2967 1676 3166 1730 etenim
3199 1675 3417 1731 contin-

1842 1771 1939 1839 git,
1976 1770 2226 1824 haeresim
2258 1768 2329 1823 ab
2361 1768 2467 1823 illis
2509 1768 2858 1823 adinventam
2890 1767 3285 1821 incrementum
3319 1780 3413 1820 su-

1841 1875 2021 1926 mere;
2052 1861 2193 1929 quod
2228 1859 2391 1914 facile
2418 1873 2503 1913 me
2531 1874 2691 1929 posse
2738 1860 3118 1913 demonstrare
3158 1859 3411 1922 arbitror,

1841 1953 2113 2021 productis
2142 1967 2259 2021 qua:
2286 1951 2466 2005 abillo
2498 1952 2639 2006 dicta
2672 1958 2819 2004 sunt.
2853 1949 2943 2022 [Β.
2978 1949 3138 2021 LIX.]
3167 1948 3413 2003 Aﬂirmat

1840 2046 1981 2098 enim
2018 2047 2163 2113 quod
2196 2045 2405 2098 omnino
2436 2045 2505 2098 sit
2546 2060 2751 2098 necesse
2794 2040 3014 2096 Patrem
3047 2043 3288 2109 conﬁteri
3324 2060 3415 2097 ve-

1842 2138 2037 2190 raciter
2087 2154 2198 2191 esse
2230 2135 2444 2190 Patrem
2472 2146 2557 2191 :et
2592 2134 2642 2189 F
2645 2137 2796 2191 ilium
2831 2136 2899 2190 ad
2932 2137 3169 2189 eumdem
3198 2138 3415 2189 modum

1841 2244 1950 2281 esu
1980 2225 2028 2279 F
2032 2228 2181 2281 ilium
2208 2244 2343 2295 vere,
2378 2244 2469 2281 nec
2508 2244 2612 2281 non
2637 2238 2686 2280 et
2722 2225 2978 2295 Spiritum
3006 2238 3269 2281 sanctum.
3292 2227 3414 2283 Hmc

1841 2330 2028 2374 contra
2056 2320 2331 2374 Asterium
2364 2319 2647 2374 Marcellus
2687 2318 2941 2386 allirmat,
2981 2336 3085 2375 non
3125 2328 3415 2375 contentus

1842 2412 2085 2481 posuisse
2140 2413 2192 2465 in
2241 2412 2516 2477 confesso,
2576 2411 2791 2467 Patrem
2844 2413 3241 2481 agnoscendum
3290 2426 3415 2468 esse

1841 2504 2057 2559 Patrem
2090 2505 2380 2567 veraciter,
2406 2504 2603 2559 Filium
2634 2519 2755 2560 esse
2788 2502 3016 2569 Filium,
3064 2513 3117 2559 et
3151 2502 3417 2575 Spiritum

1844 2609 2089 2655 sanctum
2118 2599 2184 2652 ad
2216 2596 2463 2652 eumdem
2495 2599 2735 2652 modum.
2758 2594 2899 2652 Hinc
2931 2596 3133 2651 factum
3167 2606 3225 2650 ut
3255 2596 3413 2650 dein-

1844 2706 1969 2760 ceps
2006 2692 2059 2744 in
2095 2690 2557 2759 consequentibus
2586 2688 2835 2744 refellere
2871 2696 3097 2744 conetur
3146 2689 3289 2743 hanc
3318 2701 3419 2757 po-

1844 2784 2111 2837 sitionem.
2146 2781 2272 2837 Vult
2309 2782 2453 2837 enim
2510 2780 2787 2836 Christum
2841 2782 3243 2851 agnoscendum
3293 2793 3419 2835 esse

1845 2876 2044 2928 nudum
2077 2876 2300 2930 verbum
2336 2883 2391 2930 et
2424 2874 2662 2929 humano
2683 2873 3152 2939 consimillimum,
3182 2887 3290 2927 non
3324 2887 3421 2925 au—

1848 2977 1952 3019 tem
1998 2965 2190 3020 Filium
2233 2981 2353 3022 esse
2388 2966 2483 3023 Dei
2527 2966 2706 3020 vivum
2746 2974 2803 3020 et
2839 2966 3249 3021 subsistentem.
3280 2963 3416 3021 Cum

1845 3072 1975 3111 vero
2003 3058 2069 3111 ah
2100 3058 2188 3111 illo
2218 3058 2421 3112 dictum
2471 3059 2562 3123 sit,
2603 3058 2914 3127 nuperrime
2968 3058 3110 3112 hanc
3165 3058 3416 3113 haeresim

1846 3150 2204 3216 excogitatam
2230 3148 2419 3215 fuisse,
2456 3154 2515 3213 >14
2547 3149 2939 3205 ostendendum
2978 3159 3082 3216 est,
3106 3146 3416 3220 Origenem.

1847 3241 1995 3295 illum
2030 3242 2202 3310 ipsum
2225 3242 2317 3311 qui
2343 3240 2477 3295 vixit
2499 3255 2626 3297 cum
2654 3241 2952 3311 majoribus
2977 3242 3198 3309 nostris,
3221 3243 3287 3295 ab
3318 3242 3421 3296 hoc

1847 3333 1965 3403 ipso
2012 3332 2287 3401 Marcello,
2320 3334 2373 3388 iu
2408 3347 2666 3404 processu
2718 3334 2988 3389 sermonis
3035 3334 3328 3399 introduci,
3364 3344 3421 3387 ut

1845 3425 2089 3479 eamdem
2133 3423 2405 3481 foventem
2456 3427 2731 3494 opinionis
2776 3426 3123 3493 sententiam,
3160 3442 3281 3482 cum
3325 3428 3419 3484 iis.

1844 3530 1981 3583 quos
2012 3526 2253 3572 accusat.
2288 3517 2401 3589 Ego
2438 3529 2620 3575 autem
2670 3520 3061 3592 scriptiouibus
3085 3520 3422 3575 ecclesiasti—

1844 3609 1924 3664 cis
1954 3610 2374 3680 quamplurimis
2403 3612 2678 3680 perlectis,
2716 3615 2785 3669 ab
2816 3613 3051 3685 Origene
3089 3611 3415 3681 antiquiorio

1846 3700 1946 3755 bus
1984 3699 2112 3754 olim
2160 3700 2497 3757 elaboratis:
2527 3710 2582 3757 et
2612 3704 2861 3773 epistolis
2898 3703 3134 3759 diversis
3182 3701 3422 3773 synodo-

1844 3806 1963 3845 rum
2004 3800 2060 3847 et
2112 3793 2498 3861 episcoporum
2531 3796 2753 3851 nomine
2786 3794 3008 3864 scriptis
3035 3811 3049 3847 :
3075 3795 3128 3848 in
3164 3792 3273 3848 illis
3307 3793 3422 3847 sin-

1844 3883 1984 3950 gulis
2036 3885 2286 3940 eumdem
2346 3886 2469 3942 lldei
2520 3888 2836 3944 cbaractera
2874 3902 2971 3956 per
2998 3888 3182 3942 omnia
3236 3885 3426 3956 depre-

1851 3974 2033 4028 hendi.
2068 3973 2138 4031 Ut
2164 3990 2388 4033 necesse
2419 3978 2493 4033 sit
2528 3979 2679 4033 illum
2724 3994 2916 4049 parum
2949 3978 3246 4034 secundum
3280 3978 3424 4031 veri-

1853 4075 2019 4121 tatem
2074 4068 2217 4123 hanc
2277 4071 2681 4125 accusationem
2736 4072 3069 4135 instituisse,
3108 4070 3423 4141 nuperrime

1850 4158 2007 4213 istam
2027 4159 2278 4216 haeresim
2303 4161 2672 4221 adinventam.
2699 4162 3032 4219 Procedente
3054 4177 3215 4233 porro
3237 4160 3425 4232 paula-

179 4542 330 4615 D_eus,
353 4558 515 4615 verus
542 4544 757 4609 quidem
792 4558 897 4615 non
936 4544 1285 4615 ἀΐδιοςβθᾲηε
1318 4543 1737 4615 apnd_Atliana-

1848 4545 2047 4615 ψηφον.
2082 4542 2219 4615 Quid
2250 4542 2315 4596 de
2357 4541 2447 4615 illo
2490 4541 2835 4615 χαλκεντέρῳ
2866 4540 3159 4615 scripserat
3200 4541 3423 4597 Marcel-

180 4612 335 4676 simn,
376 4613 627 4681 inquiunt
654 4614 859 4677 Ariani,
886 4615 931 4664 εί
972 4613 1151 4665 δὲκαὶ
1192 4613 1324 4665 Θεὸν
1363 4612 1612 4681 ἀληθινὸν
1658 4613 1745 4665 λέ-

182 4697 326 4753 γουσι
362 4681 624 4753 τὸν-Υίὸν,
654 4684 713 4735 ού
744 4683 901 4735 λυπεῖ
926 4686 1089 4753 ἡμᾶς·
1117 4683 1404 4752 γενόμενος
1425 4684 1533 4753 γὰρ
1559 4683 1746 4753 ἀληθι-

181 4750 263 4812 νός
292 4752 421 4805 ἐστι.
448 4750 541 4805 Sic
564 4752 641 4805 illi
672 4750 1445 4807 ηθῢυιοηεὲγιηιιεὺιιηινςιΐιυε.
1460 4750 1744 4805 Marcellus

185 4832 418 4893 assuetus
446 4823 658 4893 illorum
696 4824 904 4877 tcchnis
945 4826 1047 4876 hoc
1079 4823 1261 4893 tetigit
1300 4826 1581 4893 :pupngit
1616 4840 1745 4891 ergo

184 4888 268 4961 τὸν
300 4893 504 4961 σαπρόν
537 4891 842 4957 Eusebium,
872 4903 926 4946 et
971 4894 1095 4945 hinc
1122 4888 1211 4945 illa
1254 4888 1743 4945 immanis’calum-

188 4958 267 5011 nia
290 4960 341 5011 in
368 4958 684 5028 eum,quasi
717 4961 910 5015 Filium
945 4962 1035 5015 Dei
1069 4978 1172 5015 non
1202 4976 1389 5015 revera
1408 4963 1604 5016 Filium
1630 4978 1747 5017 cre-

190 5029 329 5106 deret
360 5031 468 5093 ille,
491 5031 586 5106 qui
640 5047 742 5083 non
777 5033 1141 5106 oppugnabat,
1173 5030 1422 5106 ἀληθινὸν
1450 5032 1578 5106 Υἱόν
1612 5034 1742 5085 sim-

190 5098 409 5162 pliciter,
438 5098 532 5153 sed
568 5109 773 5153 tantum
806 5098 1099 5154 secundum
1130 5098 1361 5155 mentem
1389 5104 1741 5165 Arianorum,

191 5169 271 5232 qui
322 5185 505 5222 verum
543 5169 733 5231 Deum,
766 5185 950 5223 verum
1006 5171 1222 5234 Filium,
1248 5186 1430 5223 verum
1483 5173 1739 5234 Verbum,

192 5249 238 5285 et
266 5240 435 5292 omnia
468 5243 537 5293 de
580 5254 646 5293 eo
690 5253 815 5293 vera
862 5240 1190 5309 fatebatuur,
1228 5243 1321 5296 sed
1361 5241 1628 5305 ὑπούλως,
1656 5252 1741 5293 nt-

195 5315 307 5380 pote
328 5323 428 5380 non
459 5322 722 5363 aeternum
767 5313 859 5362 sed
905 5323 1167 5366 creatum.
1209 5326 1315 5364 non
1353 5311 1606 5380 ὁμούσιον
1646 5315 1739 5363 sed

196 5373 515 5449 ἐτερούσιον,
566 5380 633 5431 ad
682 5394 949 5433 summum
1005 5381 1329 5449 ὁμοιούσιον.
1387 5373 1461 5435 Μ.
1512 5411 1583 5421 -——
1627 5380 1747 5433 Mox

199 5440 295 5524 "Mpl
342 5440 511 5524 τύπον
536 5449 902 5524 Ιοεοπρίπον,
946 5440 1067 5503 dein
1097 5454 1257 5521 vulgo
1299 5454 1449 5506 deest
1492 5452 1589 5521 μέν
1628 5461 1752 5520 post

196 5518 382 5587 ῐίιανυῑ
410 5518 543 5587 infra
577 5518 732 5587 vulgo
753 5521 849 5571 Πν.
877 5520 1048 5586 ἅγιον.

263 5584 333 5652 t9.)
381 5584 713 5657 Ὠριγέιτούς
746 5590 851 5642 τοῦ
889 5584 1092 5643 πάλαι.
1144 5588 1262 5643 Jam
1312 5590 1748 5655 antnOrigencm

204 5665 543 5728 recensuerat?
574 5657 837 5712 Eusebius
883 5661 1024 5712 inter
1054 5675 1147 5712 eos
1181 5676 1317 5728 quos
1347 5664 1462 5714 vult
1517 5661 1747 5713 Marcel-

203 5718 303 5800 lum
331 5727 697 5800 proscidissc;
739 5729 827 5783 hic
876 5744 1004 5798 ergo
1040 5732 1105 5782 ad
1138 5718 1378 5783 eamdem
1426 5732 1747 5784 sententiam

206 5794 294 5858 ait,
325 5794 604 5865 Origenem
628 5800 694 5852 ab
720 5815 781 5853 eo
827 5794 1136 5854 accusatum
1179 5803 1337 5855 \cluti
1368 5802 1583 5857 Arionis
1613 5801 1751 5870 σύμ-

1849 4611 1955 4679 ιύε,
1987 4630 2088 4667 non
2127 4614 2311 4681 liquet.
2346 4611 2506 4665 Certe
2532 4611 2859 4665 AthanaSins
2891 4611 3033 4665 illius
3064 4614 3291 4666 advocat
3340 4624 3423 4665 te-

1846 4686 2182 4745 slimonium,
2246 4684 2297 4735 in
2330 4696 2437 4749 quo
2475 4682 2771 4805 διαρρηδην
2804 4682 2931 4735 illud
2952 4683 3289 4762 .Ariauornm
3314 4683 3422 4805 ’.ἕης

1849 4774 2045 4805 magna.
2076 4750 2143 4805 ἦν
2167 4754 2256 4805 ὅτε
2284 4752 2385 4804 οὑκ
2407 4748 2497 4805 ἦν.
2523 4753 2653 4805 relel
2682 4763 2789 4805 Itur
2815 4763 2869 4805 et
2890 4753 3150 4805 relicitur.
3172 4751 3316 4804 M.-—
3364 4771 3422 4805 n—

1849 4774 2045 4826 φισμα,
2076 4750 2143 4824 ἦν
2167 4754 2256 4805 ὅτε
2284 4748 2385 4826 οὐκ
2407 4748 2497 4821 ἦν,
2523 4748 2789 4826 refellitur
2815 4763 2869 4805 et
2890 4750 3150 4826 rejicitur.
3172 4748 3424 4826 M.-_—-Sii-

1850 4821 2038 4894 praui;
2063 4821 2188 4877 ante
2215 4821 2451 4894 προῐώνς
2490 4822 2627 4894 infra
2653 4826 2680 4875 ὀ
2708 4833 2831 4894 ante
2862 4823 3023 4885 αύτός
3058 4822 3216 4890 vulgo
3245 4824 3420 4894 deest.

1942 4898 1993 4948 3i
2042 4894 2153 4948 Τὸν

1919 4896 1993 4966 (5)
2042 4896 2153 4948 Τὸν
2192 4896 2385 4963 μέγαν
2430 4896 2740 4945 Εὑσέϐιον.
2802 4896 3031 4957 Semper
3075 4896 3176 4947 hoc
3218 4896 3423 4961 elogio,

1852 4967 1993 5020 hunc
2024 4965 2344 5024 alastorem;
2387 4963 2476 5015 hic
2510 4978 2639 5016 vero
2682 4972 2903 5031 apparet
2950 4965 3098 5016 illum
3146 4963 3423 5030 designari

1850 5034 2341 5089 Nicomediensem.
2380 5033 2509 5085 Erat
2544 5034 2686 5087 enim
2717 5036 3125 5101 episcopatuum
3161 5032 3423 5096 desultor,

1850 5105 2181 5173 Berytcusis,
2232 5103 2695 5166 Nicomediensis,
2732 5102 3369 5173 Constantiuopolitanus
3408 5122 3421 5155 :

1846 5186 1902 5228 et
1926 5172 1967 5228 si
2005 5182 2148 5229 recte
2181 5174 2421 5235 memini,
2447 5174 2680 5226 atnhitor
2713 5172 2839 5225 olim
2879 5174 3230 5226 Antiochense
3259 5174 3424 5226 sedis.

1848 5244 2009 5310 Quasi
2042 5244 2219 5297 hocin
2245 5258 2310 5297 eo
2338 5242 2494 5296 laude
2526 5242 2703 5296 fuerat
2735 5243 2979 5310 dignum,
3006 5245 3078 5295 ita
3111 5244 3178 5295 ab
3207 5242 3309 5295 hoc
3345 5242 3426 5293 al-

1852 5326 1964 5369 tero
2019 5314 2250 5367 Eusebio
2304 5324 2793 5379 commemoratur;
2824 5314 3094 5378 objectum
3129 5320 3213 5365 est
3238 5311 3288 5365 ei
3323 5312 3426 5364 hoc

1855 5387 2053 5449 ipsum,
2084 5383 2395 5436 ambitiuuis
2423 5384 2663 5443 animali,
2692 5397 2786 5451 per
2815 5381 3253 5451 Constantinum,
3287 5396 3426 5433 tton-

1855 5456 1979 5507 dum
2008 5451 2383 5533 ἀρειανίζοντα
2416 5471 2426 5504 ;
2473 5452 2518 5532 is
2548 5467 2671 5505 eum
2700 5449 2958 5573 depingit
3004 5451 3143 5520 apud
3179 5449 3429 5529 Theodo-

1856 5534 1955 5573 ret.
1984 5527 2219 5573 nondum
2270 5524 2336 5573 ab
2364 5522 2453 5573 liiO
2489 5533 2761 5573 Inescatus
2810 5522 2883 5573 th.
2917 5538 2965 5573 l.
2994 5536 3116 5573 can.
3155 5519 3223 5573 20
3253 5536 3269 5573 :
3307 5522 3429 5573 vrde

1856 5534 1955 5576 ret.
1984 5519 2219 5576 nondum
2270 5524 2336 5575 ab
2364 5522 2453 5575 illo
2489 5523 2761 5577 inescatus
2790 5519 2965 5587 lih.’l,
2994 5519 3116 5590 cap.
3155 5519 3223 5573 20
3253 5536 3269 5584 ;
3307 5520 3429 5590 vide

1855 5593 2134 5659 epistolam
2190 5592 2443 5647 Ecclesiae
2487 5594 2864 5646 Alexandrina:
2912 5589 3342 5661 apud’Athanas.
3372 5589 3429 5661 in

1857 5665 2008 5733 Apol.
2046 5662 2191 5723 Il,de
2208 5665 2326 5733 ejus
2356 5663 2647 5733 desultoria
2682 5660 2993 5733 ambitione.
3016 5660 3430 5733 M.-—Deinvn_l-

1851 5727 1917 5801 go
1950 5727 2022 5789 ὧν
2066 5727 2317 5801 αύτὸξγ.
2369 5732 2810 5803 συνεσταλμένος,
2871 5731 2976 5798 Mp.
3011 5749 3099 5803 γρ.
3142 5728 3429 5783 συνεσταλι

1860 5803 2051 5872 μένως,
2078 5806 2215 5859 idem
2247 5818 2368 5859 mox
2387 5820 2477 5873 γρ.
2506 5802 2830 5871 ἐπαγγελίας
2862 5803 2979 5857 loco
3008 5802 3178 5869 ἀπαγ.

2273 4908 2385 4963 γαν
2430 4893 2740 4945 Εὑσέϐιον.
2802 4893 3031 4957 Semper
3075 4894 3176 4947 hoc
3218 4893 3424 4961 elogio,
