4070 6304
705 365 812 422 750

1332 365 1596 426 ευεεθιι
1633 371 2098 431 CESARLENSIS
2132 371 2283 430 OPP.
2323 372 2505 430 PARS
2543 370 2637 427 IV.
2675 402 2746 414 —
2783 367 3202 428 DOGNA'I'ICA.
3825 363 3917 416 75%

702 475 798 528 sim
828 490 1096 546 srmone,
1121 480 1191 537 ad
1226 483 1370 541 illam
1392 499 1579 544 contra
1608 491 1877 546 Asterium
1911 493 2244 562 calumniam,

2357 511 2378 546 ι
2424 494 2468 546 Τ
2468 493 2498 546 ὸ
2528 493 2637 564 γάρ
2659 491 2945 562 κεφάλαιον
2969 485 3104 542 εἶναι
3131 489 3230 558 τῆς
3254 484 3543 555 ἐπιπολῆς
3567 482 3665 536 ἐπὶ
3688 483 3790 554 τὴν
3807 482 3921 551 βα,-

704 564 918 621 Eusebil
965 585 1182 642 quoque
1219 576 1465 644 adiunxit
1492 584 1890 638 accusationem
1926 601 1942 640 :
1974 583 2120 639 illius
2151 583 2257 640 Eu-

701 656 857 720 senii,
885 671 1044 726 quem
1069 662 1170 716 sibi
1203 667 1550 736 quamplurcs
1582 671 1830 726 civitates
1861 682 1916 727 ct
1945 676 2255 742 provincia.

700 747 1004 834 eademque
1044 751 1376 820 clarissimae,
1407 758 1715 829 episcopum
1760 761 2123 829 postularunt.
2164 761 2252 834 [Β.

702 833 894 908 ΧΧΜ]
927 857 946 890 s
974 838 1254 897 Revocabo
1279 853 1352 909 te,
1381 846 1572 916 inquit,
1605 851 1658 904 in
1685 850 1995 906 memoriam
2047 833 2252 909 eorum.

2360 602 2379 634 ι
2423 581 2521 654 λὴν
2551 582 2628 653 (ὁ)
2649 582 2742 635 τοῦ
2780 581 2990 651 Πατρὸς
3018 580 3327 646 ἀνενεγκεῖν
3363 575 3455 629 τοῦ
3484 574 3615 627 Υίοῦ
3644 573 3747 642 τὴν
3770 572 3921 662 γένε-

2361 691 2381 724 ο
2427 689 2532 737 σιν,
2565 673 2659 726 καὶ
2693 671 2768 744 μὴ
2803 671 2971 734 πάθος
2996 669 3268 737 ἀωφῆναι
3307 667 3401 721 τοῦ
3435 664 3570 720 Θεοῦ
3605 665 3710 733 τὴν
3743 669 3920 732 γονήν.

2361 785 2378 818 t
2425 767 2598 836 Ὅπερ
2611 755 2662 818 οἱ
2679 766 2975 834 σοφώτατοι
2993 762 3069 834 (5)
3091 761 3199 814 τῶν
3215 762 3490 830 Πατέρων,
3508 760 3566 811 ἐν
3580 758 3700 819 τοῖς
3710 755 3924 816 οἰκείοις

2361 879 2379 910 ι
2427 860 2794 928 συντάγμασιν
2839 856 3197 926 ἀπεφήναντο,
3233 850 3592 920 φυλαξάμενοι
3633 847 3746 900 τῶν
3781 847 3925 914 αἱρε-

701 943 719 976 s
769 941 890 1031 qum
915 932 1154 1001 scripsit,
1193 933 1319 990 licet
1342 936 1528 996 timide
1551 942 1894 998 consentiens
1915 944 2121 999 cumiis
2138 960 2244 1014 qua

2361 971 2380 1003 ι
2422 950 2590 1005 τικῶν
2617 949 2713 1021 τὴν
2736 948 3007 1011 ἀσέϐειαν,
3032 945 3082 999 οἳ
3100 944 3417 1014 σωματικήν
3435 959 3556 995 τινα
3575 942 3675 993 καὶ
3700 939 3924 1031 παθητι-

702 1034 721 1066 s
766 1025 966 1091 scripta
1014 1035 1168 1114 erant
1221 1025 1466 1098 improbe
1501 1031 1572 1086 ab
1600 1031 1847 1100 Eusebio,
1877 1045 1933 1088 ut
1963 1049 2244 1106 cognoscat

2361 1063 2377 1094 ι
2424 1043 2526 1114 κὴν
2559 1039 2961 1110 κατεψεύσαντο
2993 1037 3086 1091 τοῦ
3116 1034 3250 1090 Θεοῦ
3298 1035 3398 1106 τὴν
3427 1033 3803 1101 τεκνογονίαν,
3829 1029 3923 1092 τὰς

699 1123 720 1155 ι
764 1121 887 1162 eum
918 1111 1205 1171 manifesto
1236 1131 1266 1170 a
1297 1117 1460 1186 priori
1509 1135 1606 1175 suo
1654 1124 1921 1192 promisso
1974 1127 2251 1182 resiliisse.

703 1213 722 1246 ι
768 1196 1010 1276 Totidem
1028 1204 1171 1258 enim
1205 1210 1384 1263 verbis
1411 1210 1625 1282 reliquit
1653 1215 1906 1285 scriptum
1933 1233 1946 1269 :
1977 1216 2146 1287 Caput
2171 1228 2253 1272 et-

2360 1153 2378 1186 s
2423 1132 2689 1206 προϐολὰς
2719 1129 3151 1202 δογματίζοντες.
3185 1147 3204 1179 a
3232 1127 3339 1181 Καὶ
3368 1127 3505 1198 πρὸς
3521 1124 3730 1186 ταύτας
3748 1124 3808 1176 δέ
3829 1123 3924 1186 τὰς

2355 1223 2556 1293 φωνάς,
2580 1221 2778 1294 πολλὴν
2808 1220 2933 1290 ἑξῆς
2962 1220 3192 1272 ποιεῖται
3215 1214 3312 1286 τὴν
3336 1213 3677 1284 ἀντίρρησιν,
3716 1208 3839 1279 μεθ’
3861 1209 3924 1276 ἢν

701 1307 721 1341 ι
763 1291 906 1380 enim
936 1294 1181 1362 epistola:
1201 1309 1280 1354 est
1304 1301 1458 1367 illud,
1487 1304 1554 1357 ad
1580 1304 1756 1361 Patris
1787 1307 2069 1363 consilium
2094 1318 2149 1363 et
2171 1325 2244 1365 vo

2354 1291 2702 1368 ἐπισυνάπτει
2734 1291 2960 1380 λέγων·
3003 1329 3022 1362 ι
3067 1309 3228 1362 Ὥστε
3262 1303 3624 1376 συνηγορῆσαι
3675 1299 3930 1369 Euaska

699 1397 719 1430 s
766 1379 1022 1440 luntatem
1091 1385 1214 1443 Filii
1264 1393 1661 1460 generationem
1716 1396 2047 1454 referendam
2091 1413 2247 1454 esse:

701 1488 720 1520 ι
766 1474 912 1529 nullo
940 1487 1116 1532 autem
1146 1490 1294 1549 pacto
1335 1480 1428 1538 Dei
1470 1487 1769 1555 genituram
1812 1490 2045 1558 passioui
2087 1492 2254 1546 ascri-

2360 1424 2380 1457 ι
2428 1403 2608 1468 κακῶς
2633 1403 2898 1474 γράψαντι
2922 1400 3239 1471 βουλόμενος
3283 1397 3574 1467 Ἀστέριος,
3608 1391 3832 1462 φύσεώς
3863 1408 3918 1444 τε

2359 1515 2378 1547 ι
2425 1496 2654 1568 Πατρὸς,
2698 1495 2790 1548 καὶ
2830 1493 3043 1562 φύσεως
3066 1491 3359 1560 ἀγεννήτου
3390 1484 3795 1558 μνημονεύσας,
3824 1483 3918 1537 αύ-

700 1583 718 1613 ι
764 1566 1011 1622 bendam.
1039 1572 1210 1640 Atque
1244 1573 1344 1629 boc
1371 1585 1453 1630 est
1489 1577 1616 1633 illud
1645 1581 1785 1648 quod
1815 1581 1868 1635 in
1902 1583 2115 1651 scriptis
2142 1584 2244 1639 suis

2359 1607 2376 1638 s
2419 1589 2510 1650 τὸς
2532 1566 2706 1656 ἐαυτῷ
2731 1585 3029 1655 κατήγορος
3059 1581 3268 1649 γέγονε.
3297 1577 3438 1630 Πολὺ
3469 1576 3576 1647 γὰρ
3610 1573 3828 1644 βέλτιον
3855 1568 3919 1643 ἦν

700 1672 718 1706 ι
767 1659 1164 1726 prudentissimi
1193 1665 1358 1718 nostri
1394 1665 1579 1722 Patres
1605 1672 1948 1726 sanciverunt
1975 1675 2133 1728 :dum
2163 1676 2244 1729 de-

2357 1697 2376 1730 ι
2420 1678 2480 1730 τὸ
2510 1677 2677 1740 πάθος
2707 1675 2800 1729 τοῦ
2829 1676 3090 1746 νοήματος
3118 1670 3395 1730 Εὑσεὸίου,
3419 1669 3493 1732 ὠς
3521 1666 3686 1730 αὐτὸς
3713 1665 3914 1736 γέγρα-

701 1764 721 1799 ι
764 1747 963 1804 clinant
985 1751 1352 1808 hereticorum
1383 1757 1809 1829 impietates,qui
1835 1760 2065 1817 ﬁliorum
2092 1767 2244 1834 passi

2359 1788 2376 1820 ι
2423 1782 2544 1836 φεν,
2581 1769 2638 1822 ἐν
2672 1764 3001 1838 βραχυλογίᾳ
3031 1764 3278 1834 κείμενον
3305 1759 3659 1824 ἀνεξέταστον
3701 1756 3922 1809 καταλιο

699 1861 719 1893 ι
762 1855 855 1897 vas
877 1851 933 1898 et
946 1847 1254 1914 corporales
1273 1852 1644 1918 generationes
1669 1855 1720 1908 in
1748 1851 1858 1908 Deo
1884 1869 1981 1923 per
2014 1855 2244 1910 emissio

2357 1878 2374 1911 t
2421 1863 2563 1923 πεῖν,
2597 1859 2630 1929 ἢ
2662 1858 2886 1930 τοιαύτῃ
2914 1854 3113 1926 θεωρίᾳ
3145 1854 3483 1925 χρησάμενον
3519 1850 3580 1903 τὸ
3609 1847 3922 1918 πανοῦργον

698 1949 718 1982 ι
764 1947 860 1988 nes
885 1937 1415 1994 comminiscuntum
1450 1941 1595 2009 Quas
1618 1957 1795 2009 voces,
1816 1945 1866 1998 itt
1897 1947 2246 2014 sequentibus

701 2021 966 2080 latissime
994 2027 1236 2082 confutat
1264 2045 1277 2083 :
1303 2032 1498 2099 quibus
1526 2033 1792 2089 subnectit
1820 2037 1872 2089 in
1899 2035 2011 2092 haec
2038 2037 2199 2091 verba
2231 2056 2244 2090 :

697 2131 716 2164 s
769 2113 916 2171 Unde
955 2131 1077 2172 cum
1115 2120 1346 2175 Eusebio
1374 2123 1578 2176 erranti
1610 2133 1970 2180 consentanea
1999 2140 2096 2195 per
2124 2142 2243 2180 om-

697 2224 717 2256 ι
765 2207 853 2260 uia
881 2209 1122 2265 Asterius
1147 2215 1409 2280 posuerit,
1444 2214 1632 2282 injecta
1667 2217 1940 2272 mentione
1968 2220 2032 2272 de
2055 2228 2244 2273 natura

693 2315 713 2347 s
760 2295 958 2365 Patris,
993 2310 1044 2354 et
1070 2301 1288 2370 ingeniti
1320 2315 1536 2370 natura,
1573 2304 1686 2374 ipse
1716 2307 1913 2361 suimet
1965 2318 2244 2363 accusator

2355 1970 2374 2002 ι
2421 1949 2513 2003 τοῦ
2540 1949 2862 2021 γράμματος
2895 1949 2972 2009 είς
2995 1946 3108 2014 φῶς
3130 1945 3374 2011 ἀγαγεῖν.
3414 1961 3433 1993 a
3469 1940 3579 1994 Καὶ
3609 1938 3728 2010 μεθ’
3754 1940 3918 2008 ἔτερα

2349 2042 2615 2109 ἐπιλέγει·
2653 2059 2670 2090 ι
2704 2040 2839 2092 Νυνὶ
2866 2038 2922 2090 δὲ
2954 2037 3292 2106 ἐξετάσωμεν
3317 2035 3375 2088 ἓν
3399 2050 3451 2086 τι
3483 2032 3644 2103 ῥητόν
3672 2030 3784 2084 τῶν
3815 2031 3919 2084 ὑπὸ

2352 2152 2370 2184 ι
2428 2131 2700 2203 Ἀστερίου
2716 2129 3053 2200 γραφέντων.
3089 2128 3229 2197 Ἔφη
3263 2125 3370 2196 γὰρ
3392 2119 3565 2186 οὗτος·
3585 2122 3783 2184 ’Δλλος
3820 2121 3917 2191 μὲν

2351 2241 2368 2273 ι
2414 2221 2558 2274 ἐστιν
2593 2223 2622 2274 ό
2648 2219 2859 2289 Πατὴρ,
2889 2219 2919 2269 ὁ
2946 2217 3203 2286 γεννήσας
3235 2215 3294 2280 ἐξ
3325 2212 3488 2266 αὐτοῦ
3527 2213 3615 2266 τὸν
3653 2211 3928 2281 μονογενῆ,

2351 2330 2370 2362 ι
2417 2312 2584 2379 Λόγον
2620 2309 2714 2362 καὶ
2744 2307 3081 2378 πρωτότοκον
3115 2307 3291 2376 πάσης
3314 2303 3562 2366 κτίσεως.
3604 2302 3917 2371 ’Δμφάιερα

693 2404 721 2437 ιη
760 2388 1006 2444 exsistit:
1022 2391 1286 2458 siquidem
1310 2395 1531 2450 omnino
1559 2397 2244 2465 prastitisset,Eusebiau:e

2352 2421 2367 2452 ι
2413 2400 2651 2468 συνάψας
2671 2399 2933 2468 γέγραφε,
2972 2395 3228 2466 μονογενῆ
3255 2394 3349 2447 καὶ
3377 2391 3719 2463 πρωτότοκον
3738 2406 3752 2421 ·
3779 2389 3912 2442 πολ-

693 2493 717 2525 ο
758 2479 1039 2533 sententia:
1065 2482 1394 2548 passionem,
1426 2483 1503 2538 uti
1540 2484 1762 2553 scripsit
1789 2486 1926 2553 ipse,
1955 2486 2246 2556 inexplica-

2348 2511 2366 2544 ι
2410 2491 2508 2560 λῆς
2530 2491 2898 2560 ἐναντιότητος
2939 2489 2996 2542 ἐν
3023 2490 3135 2550 τοῖς
3171 2486 3428 2556 ὀνόμασιν
3473 2483 3639 2551 οὔσης
3678 2483 3919 2546 τούτοις,

692 2582 714 2616 ι
760 2575 867 2621 tam
893 2579 947 2624 et
971 2570 1230 2626 brevitate
1276 2572 1582 2628 conclusam
1619 2577 2050 2644 praetermisisse,
2082 2592 2242 2645 quant

2352 2601 2363 2632 l
2411 2581 2484 2644 ὡς
2507 2580 2623 2634 ἐστι
2651 2580 2830 2652 ῥᾴδιον
2849 2579 2942 2632 καὶ
2967 2581 3080 2641 τοῖς
3112 2577 3315 2648 σφόδρα
3351 2573 3652 2644 δυσμαθέσι
3681 2574 3903 2641 γνῶναι.

692 2674 712 2708 s
759 2671 856 2725 per
887 2660 1258 2729 hujuscemodi
1314 2666 1819 2735 contemplationem
1875 2677 2144 2721 versutum
2179 2667 2243 2721 il-

2347 2691 2364 2726 I
2411 2673 2574 2744 Δῆλον
2594 2671 2701 2744 γὰρ
2721 2673 2800 2725 ὅτι
2816 2673 2844 2724 ό
2866 2669 3192 2740 Μονογενὴς,
3219 2668 3266 2720 εί
3289 2666 3454 2728 ὅντως
3483 2665 3776 2736 μονογενὴς
3801 2666 3908 2736 εἴη,

692 2766 712 2799 s
760 2749 865 2802 lam
896 2751 1241 2821 scriptionem
1262 2753 1316 2809 in
1339 2753 1510 2810 lucem
1544 2755 1852 2826 protulisse.
1885 2775 1904 2808 s
1934 2757 2054 2812 Post
2073 2773 2239 2826 pauca

2352 2779 2366 2814 t
2405 2763 2504 2815 οὐκ
2541 2761 2620 2813 ἔτι
2649 2760 2988 2832 πρωτότοκος
3014 2753 3150 2812 εἶναι
3176 2756 3418 2820 δύναται,
3446 2756 3538 2808 καὶ
3570 2757 3598 2806 ὁ
3632 2755 3915 2825 Πριινεότο-

686 2841 992 2898 subnectit:
1030 2863 1049 2896 ι
1081 2844 1135 2898 In
1195 2850 1446 2915 praesenti
1516 2848 1946 2904 examinabimus
1999 2865 2161 2903 unum
2211 2864 2242 2904 e

2352 2871 2365 2903 ι
2413 2869 2526 2914 κος,
2613 2850 2972 2922 πρωτότοκος,
3008 2850 3070 2903 οὐ
3111 2847 3330 2902 δύναται
3362 2846 3653 2917 μονογενὴς
3679 2841 3842 2898 εἶναι.
3888 2863 3905 2894 ι

691 2947 711 2982 ι
762 2932 944 2987 multis
968 2933 1035 2987 ab
1058 2935 1276 2990 Asterio
1304 2938 1619 3006 positorum.
1643 2939 1731 2993 Ait
1753 2941 1895 2995 enim
1925 2957 1940 2997 :
1967 2940 2114 2994 Alius
2136 2948 2239 3005 est,

690 3039 711 3074 ι
755 3024 920 3087 enim,
937 3025 1026 3092 qui
1051 3025 1222 3094 gignit
1247 3026 1426 3093 Pater,
1450 3029 1516 3082 de
1540 3043 1617 3096 se,
1638 3031 1964 3100 unigenitum
1985 3031 2237 3094 Verbum,

690 3129 711 3164 s
755 3123 809 3169 et
823 3115 1000 3169 omnis
1017 3126 1277 3170 creatura:
1292 3118 1728 3189 primogenitum.
1742 3121 2022 3190 Copulavit
2042 3131 2241 3175 utrum-

2339 2943 2449 2995 Καὶ
2474 2944 2529 2994 ἐν
2553 2941 2760 3004 τούτοις
2790 2941 2846 2994 δέ
2880 2941 2970 2993 τὸν
3007 2941 3281 3010 Ἀστέριον
3313 2939 3550 2991 αἰτιᾶται
3585 2936 3783 3007 μάτην.
3835 2935 3910 2989 Ού

2339 3035 2448 3104 γὰρ
2471 3033 2654 3096 αὑτοῦ,
2686 3032 2820 3088 ἀλλά
2846 3033 2942 3103 τῆς
2970 3031 3120 3094 θείας
3150 3031 3371 3102 Γραφῆς
3416 3028 3711 3098 ἐτύγχανον
3767 3023 3908 3081 εἶναι

2341 3124 2433 3178 τὸν
2456 3123 2580 3176 Υἰὸν
2603 3122 2693 3175 τοῦ
2713 3122 2848 3175 Θεοῦ
2875 3139 3004 3175 ποτε
3035 3122 3132 3192 μὲν
3153 3121 3402 3189 λέγουσαι
3423 3117 3721 3188 μονογενῆ
3747 3118 3907 3183 Πὰν,

690 3222 709 3255 s
755 3219 860 3272 que
889 3206 1219 3275 unigenitum
1259 3184 1312 3262 et
1341 3184 1755 3280 primogenitum
1788 3184 1840 3266 in
1867 3213 2078 3276 eodem,
2121 3227 2241 3267 cum

2352 3213 2478 3266 ποτέ
2501 3212 2558 3266 δέ
2587 3214 2963 3282 Πρωτότωιον
2994 3184 3196 3277 πάσης
3223 3184 3496 3276 κτίσεως,
3515 3184 3718 3278 φωναί(
3743 3204 3910 3270 Αὖθις

690 3313 711 3345 s
757 3307 993 3364 pugnent
1016 3311 1046 3352 e
1075 3297 1340 3354 diametro
1364 3300 1477 3355 haec
1507 3302 1648 3356 inter
1676 3316 1817 3367 sese,
1850 3304 1989 3372 quod
2019 3304 2244 3372 quisque

690 3403 710 3437 s
754 3388 950 3454 poterit
974 3389 1184 3456 negotio
1213 3390 1376 3454 nullo,
1401 3392 1485 3446 vel
1515 3394 1916 3447 indoctissimus
1937 3394 2239 3449 observare.

688 3495 710 3529 s
755 3477 910 3533 Patet
934 3480 1154 3543 etenim,
1182 3480 1548 3549 Unigenitum,
1574 3485 1616 3538 si
1651 3498 1838 3538 revera
1870 3485 2031 3538 fuerit
2059 3486 2244 3556 unige-

2348 3304 2406 3360 δὲ
2455 3304 2709 3363 συνάπτει
2759 3301 2967 3366 τούτοις
3012 3301 3202 3369 λέγων’
3250 3319 3269 3352 ι
3330 3300 3469 3352 Ἀλλ’
3509 3299 3780 3368 ἀφέμενος
3812 3298 3911 3367 τῆς

2354 3415 2372 3448 ι
2413 3394 2644 3465 ἀληθοῦς
2670 3393 2942 3462 γνώσεως,
2969 3392 3069 3463 τὴν
3097 3391 3341 3461 ἔντεχνον
3364 3393 3498 3461 ἡμῖν
3536 3391 3642 3442 καὶ
3677 3388 3768 3442 νῦν
3803 3391 3909 3440 ἀπο

2354 3506 2371 3538 ι
2410 3484 2644 3549 εδείξατο
2673 3484 2904 3554 θεωρίαν
2943 3483 3042 3553 (6).
3080 3483 3192 3536 Ούκ
3221 3482 3357 3552 ἔχων
3386 3481 3495 3550 γὰρ
3515 3483 3580 3534 ἐκ
3608 3480 3716 3532 τῶν
3749 3479 3909 3533 θείων

691 3586 712 3618 s
758 3569 922 3632 nitus,
960 3584 1064 3623 non
1096 3586 1249 3639 posse
1277 3582 1330 3627 et
1363 3573 1780 3642 primogenitum
1805 3572 2238 3637 esse,etPrimo-

2352 3597 2360 3629 l
2392 3578 2430 3629 Γ
2437 3577 2619 3650 ραφῶν
2645 3578 2704 3629 τὸ
2730 3575 2920 3630 ἑαυτοῦ
2942 3575 3347 3629 κατασκευάσαι
3379 3573 3640 3645 βούλημα,
3663 3574 3755 3626 ἐπὶ
3779 3575 3910 3634 τοὺς

690 3677 710 3709 s
755 3661 991 3730 genitum
1022 3676 1254 3730 quoque,
1282 3675 1547 3733 quatenus
1587 3664 1660 3718 sit
1692 3665 2100 3736 primogenitus,
2130 3683 2235 3720 nun

2352 3687 2361 3718 i
2399 3667 2754 3735 σοφωτάτους,
2797 3667 2872 3728 ὡς
2921 3666 3112 3730 οἴεται,
3156 3665 3440 3734 ἀνατρέχει
3488 3663 3757 3732 Πατέρας,
3803 3663 3907 3730 φά-

690 3769 709 3802 s
757 3766 914 3821 posse
943 3753 1271 3822 unigenitum
1293 3769 1433 3808 esse.
1459 3773 1478 3806 ι
1508 3754 1611 3809 Sed
1641 3753 1835 3808 frustra
1862 3755 1947 3809 hic
1967 3756 2236 3809 Asterium

683 3851 925 3897 accusat.
969 3842 1100 3896 Nam
1148 3859 1250 3898 non
1290 3845 1377 3899 ille
1427 3861 1544 3911 sua,
1579 3847 1671 3900 sed
1721 3845 2019 3916 Scriptura:
2049 3846 2240 3900 divina:

686 3934 849 3987 verba
893 3936 1207 4003 usurpabat.
1263 3935 1539 3991 Alﬁrmant
1571 3937 1856 4000 thetenim
1905 3937 1996 3990 Dei
2047 3936 2240 3990 Filium

689 4039 852 4088 nunc,
891 4042 910 4074 ι
948 4025 1285 4092 unigenitum
1315 4046 1332 4078 ι
1365 4041 1483 4081 esse
1517 4042 1532 4080 :
1559 4027 1714 4087 alias,
1740 4045 1758 4076 ι
1784 4037 2044 4080 creaturze
2065 4029 2242 4080 omnis

687 4117 1129 4186 primogenitum.
1167 4138 1186 4170 s
1221 4120 1384 4173 Infert
1407 4120 1663 4188 deinceps
1680 4117 2022 4191 [R.LXXVI]
2050 4137 2063 4172 :
2095 4137 2114 4170 ι
2135 4117 2242 4172 Sed

690 4225 710 4256 ι
755 4207 973 4278 insuper
997 4210 1108 4274 ille,
1127 4213 1425 4279 posthabita
1442 4212 1740 4281 cognitione
1756 4225 1900 4274 vera,
1917 4211 2246 4278 speculatio-

688 4322 712 4361 ι
750 4312 870 4352 nem
901 4302 1187 4369 quamdam
1221 4286 1572 4364 artiﬁciosam
1595 4300 2090 4356 demonstravit.Et
2118 4315 2240 4354 cum

763 4531 822 4587 >14
863 4523 957 4577 Ed.
990 4523 1182 4589 Puris.,
1204 4537 1321 4592 pag.
1349 4523 1439 4576 2i.

2349 3774 2366 3806 t
2405 3772 2548 3808 σκων
2604 3755 2741 3825 ὅπερ
2771 3756 2819 3806 ol
2857 3753 3150 3821 σοφώτατοι
3178 3753 3285 3806 τῶν
3313 3751 3566 3821 Πατὲρων
3597 3753 3652 3802 ἐν
3685 3755 3796 3812 τοῖς
3834 3753 3908 3802 ol-

2349 3865 2367 3896 ι
2408 3847 2572 3909 κείοις
2623 3846 2989 3915 συντάγμασιν
3026 3846 3387 3915 ἀπεφήναντο.
3441 3844 3738 3911 ’Δπόφασιν
3770 3843 3910 3894 ἀπο-

2353 3959 2370 3990 i
2413 3935 2680 4006 πεφάνθαι
2704 3938 2826 3999 τοὺς
2848 3936 3036 3989 ἐαυτοῦ
3064 3936 3311 4004 Πατέρας
3339 3935 3610 4005 Ἀστέριός
3631 3949 3781 4003 φησι,
3814 3935 3908 3986 καὶ

2353 4047 2372 4080 s
2417 4030 2589 4099 δόγμα
2634 4031 2762 4100 περὶ
2810 4029 2945 4082 Θεοῦ
3000 4028 3330 4098 γεγραφέναι
3390 4027 3496 4080 ἀπὸ
3556 4027 3654 4096 τῆς
3706 4026 3908 4088 οἰκείας

2355 4137 2372 4169 ι
2410 4119 2614 4172 ἑαυτῶν
2647 4119 3034 4190 προαιρέσεως.
3069 4118 3142 4170 Τὸ
3174 4116 3280 4189 γάρ
3308 4117 3400 4170 τοῦ
3429 4117 3694 4186 δόγματος
3719 4115 3908 4184 ὄνομα,

2359 4228 2377 4260 ι
2415 4209 2514 4279 τῆς
2539 4208 2879 4280 ἀνθρωπίνης
2905 4209 3087 4279 ἔχεται
3110 4208 3299 4279 βουλῆς
3318 4225 3376 4260 τε
3401 4209 3493 4262 καὶ
3516 4208 3760 4278 γνώμης.
3789 4200 3907 4260 Ὀτι

2356 4318 2374 4351 ι
2410 4300 2468 4353 δέ
2496 4299 2640 4358 τοῦθ’
2690 4299 2860 4364 οὕτως
2891 4300 3024 4371 ἔχει,
3058 4304 3324 4372 μαρτυρεῖ
3362 4301 3460 4372 μὲν
3486 4303 3616 4370 ἡμῖν
3649 4301 3844 4364 ἱκανῶς
3875 4302 3906 4369 ἡ

761 4725 838 4792 ει)
889 4724 1019 4778 Ἐπὶ
1053 4723 1166 4786 τὴν
1183 4723 1440 4789 βουλήν.
1465 4723 1725 4777 Eusebius
1751 4737 1867 4778 cum
1885 4737 1983 4779 suo
2001 4724 2129 4778 Ario
2153 4724 2244 4780 hoc

2356 4743 2539 4794 τεχνον
2580 4724 2778 4779 Asterii
2825 4723 3048 4791 hujusce
3096 4740 3109 4775 :
3161 4723 3734 4794 utpotedsopltisticem
3783 4725 3908 4779 olim

695 4799 917 4852 ιιορώιιι
947 4794 1214 4847 Christum
1250 4808 1367 4862 esse
1399 4794 1488 4846 Dei
1522 4794 1734 4857 Filium,
1765 4808 1870 4848 non
1923 4804 2110 4848 natura
2156 4796 2248 4849 sed
2357 4792 2596 4862 professi.
2641 4794 2744 4848 Sed
2783 4795 2867 4847 hic
2900 4795 3049 4848 deest
3079 4809 3176 4862 vox
3213 4792 3378 4846 αὑτοῦ
3403 4810 3417 4823 ·
3446 4792 3626 4848 Statim
3677 4795 3904 4862 corrige,

699 4865 997 4924 voluntate;
1030 4874 1085 4934 at
1119 4877 1220 4922 non
1246 4861 1546 4924 Marcellus,
1570 4863 1662 4934 sed
1693 4877 1790 4934 nec
1813 4863 1972 4916 Arius
1998 4862 2168 4934 πάθος
2195 4865 2244 4917 in

2357 4861 2624 4934 ἀπόφασιν
2658 4862 3058 4934 ἀποπειρᾶσθαι.
3089 4861 3336 4933 lttlelligit
3377 4872 3580 4934 autem,
3614 4875 3671 4917 ut
3710 4861 3851 4930 μδιεί
3880 4881 3908 4918 e

699 4938 804 4988 Deo
846 4932 1218 4994 adtttittebunt,
1268 4942 1320 4983 et
1355 4948 1498 4994 ntus,
1521 4931 1792 5001 παθητικὴ

696 5005 802 5056 Deo
838 5003 905 5055 ab
955 5001 1223 5071 haereticis
1256 5001 1570 5071 introducta
1621 5003 1928 5071 damnatur;
1977 5001 2245 5071 προϐολάς

691 5075 884 5136 opinor
911 5070 1176 5191 igitelligit,
1213 5068 1300 5123 illa
1322 5070 1627 5138 blaspltetna
1650 5069 1998 5141 deliramenta
2023 5068 2242 5126 'Guosti—

691 5157 898 5191 θυι-11111,
988 5180 1001 5190 .

691 5157 898 5197 1301⁵11111.
931 5157 1001 5191 Μ.

761 5211 839 5278 (5)
879 5211 1061 5276 Ὅπερ
1121 5207 1480 5276 σοφώτατος.
1529 5207 1832 5278 Legendum
1858 5247 1872 5272 ,
1905 5211 1952 5262 οί
1996 5208 2238 5277 σοφώτα-

693 5276 797 5343 τοι,
822 5276 885 5332 ut
915 5281 964 5332 in
1007 5282 1474 5346 praecedentibus;
1509 5280 1594 5330 ubi
1636 5276 1820 5346 eadem
1868 5276 2142 5346 usurpata,
2175 5281 2242 5333 ab

697 5349 924 5418 Eusebio
944 5345 1333 5418 Nicntncdiensi
1361 5349 1627 5418 dicuntur.
1649 5345 1938 5418 Μρ-ιέιίτο
1962 5345 2119 5416 νωςο
2149 5366 2238 5418 γρ.

695 5417 875 5479 κακῶς
900 5430 955 5471 et
996 5420 1022 5469 ό
1060 5418 1202 5467 Ἀστ.
1256 5414 1420 5468 Porro
1477 5416 1541 5467 Β.
1590 5415 1843 5484 γεννητοῦ
1898 5418 2014 5471 loco
2058 5414 2236 5483 ἆγενν.

693 5499 747 5540 et
776 5488 938 5540 αὐτοῦ
968 5487 1082 5539 loco
1111 5485 1288 5554 ἑαυτῷ
1317 5495 1369 5538 et
1395 5485 1552 5553 βάθος
1592 5488 1705 5538 loco
1745 5486 1911 5549 πάθος
1939 5504 2076 5541 corr.
2111 5489 2239 5541 Dein

694 5559 850 5626 vulgo
896 5556 1218 5626 ἐξετάσομεν
1249 5556 1518 5626 υῐγμαθεῖν
1554 5556 1669 5607 iuro
1717 5556 1912 5619 γνῶναι
1951 5578 1963 5610 :
2017 5561 2244 5622 denique

695 5622 852 5697 vulgo
881 5626 1060 5692 ὲτύγχ.
1110 5622 1376 5697 εἶναιγὰρ
1413 5626 1534 5697 Υἱὸν
1576 5642 1624 5674 τ.
1659 5626 1718 5676 Θ.
1753 5642 1811 5681 π,
1862 5645 1916 5697 μ.
1944 5647 2147 5696 [arma
2183 5647 2241 5680 π.

692 5695 740 5749 ὃ.
773 5711 943 5760 πρωϊ.
971 5711 1033 5746 π.
1060 5711 1148 5746 xz.
1183 5694 1433 5760 λέγουσαι
1461 5695 1642 5760 φάναι.

768 5764 845 5832 (6)
894 5764 1250 5827 Ἀπεδείξατο
1269 5765 1511 5832 θεωρίαι·
1563 5764 1876 5835 l’crstringit
1909 5768 2133 5838 Θεωρίαν
2163 5770 2243 5822 ἕν-

1839 4932 2146 5002 τεκνογονὶα
2195 4935 2247 4986 in
2355 4931 3044 5002 sequentibus,Qrigeneni,
3066 4947 3222 5002 quem
3255 4931 3426 4986 videri
3453 4931 3699 5002 volebant
3723 4933 3905 4986 Ariani

2354 5000 2544 5067 secuti,
2580 5014 2639 5055 ut
2670 5013 2723 5054 et
2754 5000 3063 5068 Dionysium
3086 5000 3533 5054 Alexandrinum.
3570 5000 3698 5054 Post
3717 5002 3908 5055 καλού-

2352 5089 2505 5142 μενα,
2540 5073 2837 5126 addendum
2857 5071 3116 5142 δόγματα.
3145 5070 3274 5123 Vult
3298 5071 3574 5142 Marcellus
3623 5072 3906 5124 humanam

2351 5142 2711 5195 tantummodo
2769 5142 3045 5194 scientiam
3081 5141 3310 5193 humana
3360 5141 3783 5208 scita,dogm_ata
3821 5158 3909 5194 no-

2349 5211 2590 5264 minari:
2638 5210 2712 5263 ita
2761 5209 3167 5278 λεπτολογοῦσιν
3233 5211 3481 5279 utrinque
3542 5206 3707 5272 lii—ig
3764 5211 3909 5262 ἐναν-

2347 5281 2491 5343 τίας.
2516 5281 2623 5334 Cur
2653 5280 2828 5333 locum
2875 5281 3115 5349 Apostoli
3154 5295 3219 5333 ex
3257 5296 3293 5333 ll
3331 5280 3397 5332 ad
3427 5279 3624 5349 Epltes.
3672 5279 3764 5344 15,
3795 5296 3910 5349 pro-

2348 5351 2582 5412 duxerit,
2613 5365 2717 5402 non
2752 5350 2942 5418 capio;
2978 5351 3295 5417 intelligam,
3329 5365 3448 5401 cum
3484 5352 3730 5403 defectus
3763 5352 3909 5402 ροιΙιο

2350 5422 2426 5472 cis
2454 5435 2518 5474 ex
2549 5420 2788 5489 Apostoli
2815 5431 3066 5472 contextu
3089 5420 3366 5489 suppletus
3390 5419 3697 5489 fuerit,rér
3727 5422 3909 5488 νόμον

2350 5490 2464 5542 τῶν
2477 5487 2736 5542 ἐντολῶν
2753 5489 2873 5553 τοῖς
2887 5489 3136 5558 δόγμασι
3157 5487 3552 5557 καταργήσας.
3570 5488 3754 5557 Legem
3778 5487 3912 5540 man-

2351 5562 2592 5612 datorum
2629 5561 2681 5611 t'n
2714 5559 3042 5620 dogmatibus
3082 5575 3358 5612 evacuans.
3397 5559 3608 5611 Recitat
3661 5560 3827 5621 enim,
3859 5569 3910 5608 ut

2353 5631 2562 5690 ducent,
2607 5645 2788 5682 vocent
2819 5643 2935 5679 eum
2969 5645 3072 5682 non
3102 5643 3219 5681 esse
3271 5628 3513 5680 humana:
3566 5629 3907 5688 inventionis,

2353 5711 2441 5752 aut
2477 5701 2780 5753 SCIIOLtI'llIIl
2821 5699 3187 5752 tantummodo
3213 5698 3569 5749 sa'euluriutn.
3599 5696 3666 5749 M.
3695 5725 3766 5736 -ν
3793 5697 3906 5751 Mus

2349 5771 2501 5838 vulgo
2531 5766 2939 5837 ἀμνημονεύσας
2965 5777 3016 5822 et
3053 5769 3171 5823 dein
3197 5771 3302 5828 τοῖς
3331 5766 3610 5832 ὤγμασιν.
