4070 6304
294 352 398 413 75.1

1404 349 1682 406 CONTRA
1722 349 2143 406 MARCELLUM
2181 348 2307 403 LIB.
2352 352 2389 400 Ι.

3420 338 3522 394 758

296 486 316 519 ι
357 464 658 536 δογματικὴ
690 464 798 517 τῶν
830 464 1026 533 Ιατρῶν
1058 462 1238 532 τέχνη·
1280 468 1546 534 μαρτυρεῖ
1572 464 1627 517 δὲ
1666 465 1759 516 καὶ
1786 464 1833 516 τέ

1959 481 1975 513 ι
2012 462 2076 515 de
2108 459 2421 527 Scripturis,
2450 456 2500 510 id
2525 454 2664 523 quod
2696 455 2874 517 vellet,
2914 464 3145 521 nequeat
3172 450 3519 515 confirmare.

298 575 317 609 ι
348 559 458 611 τῶν
486 557 783 626 φιλοσόφων
821 554 1123 624 καλούμενα
1160 554 1462 625 (δόγματα).
1502 558 1621 609 ὐτι
1671 558 1726 609 δὲ
1756 555 1847 608 καὶ

298 663 317 696 ι
348 644 421 698 τὰ
452 644 733 715 συγκλήτῳ
752 643 993 709 δόξαντα,
1021 642 1099 695 ἔτι
1131 644 1224 697 καὶ
1245 644 1337 696 νῦν
1356 645 1598 714 δόγματα
1625 647 1850 715 συγκλή-

296 753 317 787 ι
353 752 446 789 του
478 734 711 803 λέγεται,
745 733 931 787 οὐδένα
958 734 1170 801 ἀγνοεῖν
1196 729 1365 803 οἶμαι.
1410 755 1428 784 ι
1464 736 1571 788 Καὶ
1596 735 1765 788 ταῦτα
1792 736 1847 788 δὲ

287 826 1077 899 όΜάρκελλος,ἀμνημονήσας
1111 825 1209 895 τῆς
1244 825 1604 895 ἀποπολικῆς
1642 826 1843 895 φωνῆς,

286 917 324 987 ἧ
358 934 489 988 φησι
515 916 643 987 περὶ
670 916 765 969 τοῦ
797 915 1065 986 Σωτῆρος,
1103 915 1208 969 τὸν
1231 917 1416 985 νόμον
1444 916 1559 970 τῶν
1585 917 1847 971 ἐντολῶν

282 1006 413 1073 τοῖς
441 1006 691 1077 δόγμασι
726 1006 1123 1076 καταργήσας,
1177 1007 1419 1079 προήχθη
1453 1011 1643 1062 εἰπεῖν.
1688 1009 1846 1063 Ἀλλὰ

284 1095 384 1149 καὶ
404 1096 669 1166 μέμφεται
690 1094 767 1166 τῷ
784 1095 890 1149 δεῖν
908 1096 1132 1148 ἕπεσθαι
1156 1098 1264 1158 τοῖς
1279 1097 1544 1166 Πατράσι,
1568 1096 1667 1165 τῆς
1696 1098 1845 1161 θείας

282 1183 596 1255 φασκοόσης
624 1184 863 1255 Γραφῆς·
901 1182 1311 1251 Ἐπερώτησον
1333 1184 1438 1237 τὸν
1457 1184 1680 1252 πατέρα
1703 1199 1841 1246 σου,

279 1272 385 1327 καὶ
409 1273 721 1345 damn-ehi
748 1290 865 1328 σοι’
902 1274 1042 1340 τοὺς
1070 1274 1508 1342 πρεσϐυτέρους
1526 1290 1693 1337 σου,
1746 1276 1843 1329 καὶ

278 1362 490 1431 ἐροῦσι
524 1379 640 1417 σοι’
675 1364 791 1429 καὶ,
812 1364 912 1431 Μὴ
932 1365 1167 1433 μέταιρε
1186 1364 1316 1432 ὅρια
1334 1363 1555 1429 ultima,
1578 1364 1616 1418 ἁ
1644 1364 1844 1419 ἔθεντο

278 1455 336 1507 οι
370 1453 627 1522 Πατέρες
658 1471 795 1510 σου.
824 1453 938 1509 Εἶτ’
964 1457 1287 1523 ἀγανακτῶν
1329 1457 1409 1509 δτι
1452 1457 1708 1510 Παυλῖνον
1745 1475 1845 1526 μα-

278 1545 471 1617 κάριον
499 1548 858 1613 ἀπεκάλεσεν,
909 1548 1041 1620 ὁμοῦ
1074 1566 1132 1602 τε
1165 1538 1346 1614 κακῶς
1392 1549 1649 1603 Εὐσεϐίου
1683 1550 1844 1603 πάλιν

281 1637 654 1707 μνημονεύων,
690 1639 829 1692 οὕτω
857 1642 1086 1710 γράφει·
1130 1660 1147 1691 ι
1184 1641 1551 1712 Συνηγορῆσαι
1580 1641 1687 1713 γὰρ
1717 1642 1841 1711 βου-

282 1742 304 1775 ι
340 1724 524 1796 ληθεὶς
566 1726 643 1797 τῷ
686 1726 783 1797 τὴν
827 1726 1111 1797 ἐπιστολὴν
1157 1726 1339 1790 κακῶς
1368 1727 1635 1799 γράψαντι
1673 1727 1841 1780 Εὐσε-

281 1833 303 1868 t
343 1816 464 1887 ϐίῳ,
510 1817 723 1887 πρῶτον
753 1818 828 1887 (7)
866 1818 984 1888 μὲν,
1011 1818 1071 1870 οὐ
1104 1818 1495 1881 διδασκαλικῶς
1530 1818 1840 1884 ἀναπτύξας

282 1925 303 1957 ι
344 1908 430 1976 ἔφ’
542 1909 602 1963 τὸ
642 1909 815 1979 δόγμα
844 1910 941 1981 τὴν
974 1910 1258 1981 ἐπιστολὴν
1292 1910 1607 1977 συνέταξεν
1642 1912 1701 1963 οὐ
1732 1912 1839 1983 γὰρ

280 2014 301 2048 ι
339 1996 475 2067 πρὸς
510 1998 608 2069 τὴν
648 1999 992 2070 Ἐκκλησίαν,
1020 2000 1139 2053 οὐδὲ
1179 2000 1315 2071 πρὸς
1354 2001 1478 2064 τοὺς
1515 2000 1839 2069 ἀγνοοῦντας

278 2105 299 2137 ι
338 2087 546 2154 ἐγίνετο
568 2088 626 2141 τὸ
653 2089 904 2159 γράμμα,
928 2088 1061 2143 ἀλλά
1094 2089 1228 2161 πρὸς
1256 2090 1346 2143 τδν
1409 2090 1674 2161 μακάριον
1701 2092 1842 2146 Παυ-

278 2194 299 2227 ι
343 2175 502 2229 λῖνον·
541 2178 806 2248 μακάριον
855 2180 1017 2233 αὑτὸν
1060 2179 1147 2233 διὰ
1190 2179 1347 2233 τοῦτο
1386 2181 1573 2245 εἰπὼν,
1618 2183 1699 2235 ὅτι
1742 2184 1837 2253 τὴν

278 2285 300 2320 ι
334 2268 504 2341 αὐτὴν
521 2266 665 2339 εἶχεν
686 2271 944 2342 ’Δοτερίῳ
962 2271 1135 2337 δόξαν.
1160 2271 1369 2325 Οὐκοῦν
1394 2274 1688 2344 ἐπειδήπερ
1713 2277 1838 2339 τοὺς

276 2378 297 2412 ι
342 2362 681 2431 σοφωτάτους
708 2364 959 2435 Πατέρας
984 2365 1258 2434 ’Δστερίου
1279 2365 1694 2436 μεμαθήκαμεν,
1721 2370 1838 2421 ἀκό-

273 2468 296 2502 c
339 2451 525 2506 λουθον
569 2452 829 2525 ἡγοῦμαι,
865 2454 1045 2522 λέγειν
1088 2455 1297 2507 καὶτὸν
1338 2456 1603 2509 Παυλίνου
1637 2475 1696 2510 τε
1744 2461 1836 2512 καὶ

273 2558 296 2591 ι
338 2540 446 2593 τῶν
473 2541 646 2596 ἄλλων
688 2544 979 2614 γενόμενον
1020 2542 1356 2597 διδάσκαλον.
1416 2545 1547 2597 ’Λπδ
1593 2528 1835 2617 γὰρ’τῆς

273 2648 295 2681 ε
335 2630 599 2684 Παυλῖνον
633 2633 941 2703 ἐπιστολῆς,
983 2636 1011 2687 ό
1044 2634 1292 2688 κάκείνου
1326 2634 1639 2697 διδάσκαλος
1676 2654 1834 2705 γεγο-

274 2739 295 2771 ι
333 2719 439 2784 νὼς
476 2719 693 2793 εὔδηλος
727 2723 920 2790 γένοιτ’
964 2723 1028 2777 ἂν
1072 2727 1219 2794 ἡμῖν.
1257 2744 1275 2775 ›
1324 2726 1431 2777 Καὶ
1471 2725 1671 2795 μεταξύ
1716 2743 1835 2780 τινα

265 2810 461 2877 είπὼν,
488 2811 581 2865 τὸν
608 2813 767 2866 αὐτὸν
793 2810 947 2877 αὖθις
971 2813 1262 2877 διαϐάλλει,
1288 2816 1361 2878 ὡς
1384 2818 1483 2869 οὐκ
1510 2817 1685 2887 ὀρθῶς
1709 2820 1837 2872 ἀπο-

263 2901 557 2972 δεξάμενον
584 2904 675 2957 τὸν
701 2906 973 2976 Ὤριγένη,
998 2906 1170 2975 λέγων
1206 2906 1375 2971 οὕτως
1401 2925 1413 2937 ·
1450 2928 1467 2959 ι
1511 2910 1623 2962 Οὐκ
1660 2910 1835 2978 Εὐαγ-

271 3011 292 3043 ι
336 2993 554 3065 γελικῆς
593 2997 1023 3069 ὑπομιμνήσκων
1063 3000 1405 3063 διδασκαλίας
1442 3001 1590 3055 ταῦτ’
1630 3002 1831 3074 ἔγραψε

271 3102 293 3134 ι
339 3084 615 3149 Παυλῖνος,
638 3088 912 3157 ὁμολογῶν
937 3089 992 3141 δὲ
1019 3090 1193 3153 ὲνίους
1224 3092 1322 3162 μὲν
1346 3093 1437 3160 ἀφ’
1462 3092 1669 3146 ἑαυτῶν
1692 3092 1834 3147 οὕτω
1860 3115 1902 3173 C

271 3191 292 3223 ι
339 3173 636 3227 κινεῖσθαι·
686 3176 859 3240 ἐνίους
900 3177 954 3231 δὲ
989 3180 1053 3231 ὲκ
1098 3180 1202 3232 τῶν
1245 3181 1685 3251 ἀναγνωσμάτων
1725 3182 1831 3237 τῶν

273 3281 293 3315 ι
340 3266 747 3335 προειρημένων
784 3268 989 3337 ἀνδρῶν
1016 3269 1201 3324 τοῦτον
1238 3267 1402 3341 ἦχθαι
1434 3273 1526 3325 τὸν
1554 3276 1770 3343 τρόπον.
1806 3296 1824 3328 ι

152 3394 153 3401 η
263 3349 402 3407 Εἶτα
446 3356 613 3419 τέλος,
656 3357 844 3429 ὥσπερ
885 3360 1005 3413 τινὰ
1059 3362 1321 3432 κορωνίδα
1359 3365 1456 3433 τῆς
1506 3366 1828 3431 ἀποδείξεως

262 3444 487 3511 ἀπάγων
524 3447 588 3499 ἐκ
627 3446 736 3499 τῶν
780 3450 1083 3519 Ὠριγένους
1129 3452 1305 3521 ῥητῶν
1350 3453 1445 3523 (8),
1494 3455 1592 3525 τῆς
1634 3455 1827 3509 ἑαυτοῦ

262 3534 581 3605 ὑπέγραψεν
610 3539 915 3611 ἐπιστολῆς,
952 3542 1027 3605 ὡς
1062 3542 1258 3611 μᾶλλον
1292 3546 1474 3597 πεῖσαι
1507 3546 1822 3615 δυναμένου,

260 3625 416 3695 παρὰ
446 3627 571 3689 τοὺς
602 3628 989 3696 εὐαγγελιστάς
1021 3633 1111 3684 καὶ
1140 3635 1264 3695 τοὺς
1295 3634 1639 3698 ἀποστόλους.
1672 3638 1823 3689 Ἐστι

258 3711 323 3767 δδ
350 3713 417 3767 τὰ
450 3714 589 3785 ῥητὰ
620 3717 805 3772 ταῦτα·
850 3739 867 3770 ι
911 3722 1050 3791 Ὅρα
1096 3722 1499 3777 ὲπαναλαόόντα
1542 3728 1667 3795 περὶ
1715 3728 1826 3781 Παο

264 3820 288 3855 ι
336 3805 479 3875 τρὸς,
515 3808 607 3859 καὶ
648 3808 799 3872 Υίοῦ,
836 3812 929 3864 καὶ
976 3813 1127 3880 ἁγίου
1164 3814 1496 3885 Πνεύματος,
1533 3817 1683 3883 ὀλίγα
1720 3819 1827 3870 τῶν

262 3909 287 3946 ι
334 3894 449 3947 τότε
494 3898 1007 3970 παραλελειμμένων
1059 3903 1364 3970 διεξελθεῖν.
1423 3908 1557 3977 Περὶ
1592 3908 1821 3979 Πατρὸς,

263 4001 286 4035 ε
328 3982 400 4048 ὡς
431 3986 731 4058 ἀδιαίρετος
760 3988 833 4041 ὣν
867 3990 959 4043 καὶ
988 3991 1278 4064 ἀμέριστος
1305 3995 1435 4047 Υἱοῦ
1467 3995 1671 4065 γίνεται
1709 3998 1821 4051 Πα-

262 4092 285 4125 t
326 4076 447 4147 τήρ*
499 4078 559 4130 οὐ
599 4079 883 4149 προϐαλὼν
934 4084 1116 4151 αὐτὸν,
1161 4086 1237 4148 ὡς
1285 4087 1485 4140 οῖονταί
1539 4104 1699 4151 τινες.
1762 4090 1823 4141 El

260 4183 286 4219 ε
324 4166 429 4237 γὰρ
463 4168 751 4240 πρόϐλημά
788 4172 864 4243 (9)
917 4175 1061 4227 ἐστιν
1109 4179 1137 4229 ό
1182 4178 1308 4240 Υἱὸς
1342 4178 1437 4231 τοῦ
1479 4179 1691 4251 Πατρδς
1732 4181 1826 4234 καὶ

336 4349 531 4422 ξξ-Εό.
569 4350 763 4414 Paris...
788 4367 910 4422 pag.
940 4352 1030 4405 2‘2.

1953 570 1970 601 ι
2013 552 2077 603 ad
2107 549 2560 618 sapientissimos,
2580 548 2654 600 uti
2684 556 2852 610 retur,
2871 544 3058 599 Patres
3078 544 3340 611 confugit,
3369 554 3424 598 et
3449 543 3522 597 in-

1952 658 1970 691 ι
2003 639 2121 709 quit
2150 639 2289 707 quod
2317 636 2701 708 sapientissimi
2730 649 2761 689 e
2791 633 3045 688 Patribus
3075 634 3125 687 in
3156 632 3375 701 scriptis
3408 633 3522 686 suis

1952 748 1969 780 ι
2006 730 2405 785 coucluserunt.
2421 728 2763 783 Conclusisse
2778 740 2906 781 suos
2922 722 3115 780 Patres
3133 724 3379 779 Asterius
3401 738 3521 792 pro-

1952 841 1967 871 ι
2006 821 2105 887 dit,
2142 832 2196 876 et
2226 820 2551 875 sententiam
2587 820 2651 873 de
2682 818 2791 873 Deo
2821 816 3109 885 protulisse
3146 830 3209 870 ex
3243 830 3341 870 suo
3370 816 3517 883 ipso-

1952 935 1969 967 ι
2004 933 2118 970 rum
2136 918 2320 971 animo
2343 916 2662 971 derivatam.
2685 911 2959 983 Dogmatis
2976 910 3121 966 enim
3142 926 3271 972 vox.
3290 923 3396 978 qua
3422 910 3521 963 uti-

1950 1027 1967 1056 ι
2004 1016 2090 1060 tur
2134 1005 2241 1079 ille,
2270 1008 2339 1063 ab
2361 1006 2599 1060 humana
2621 1002 2899 1057 voluntate
2932 1010 2987 1057 et
3013 1000 3265 1071 opinione
3296 1000 3516 1069 pendet.

1949 1118 1967 1149 ι
1997 1098 2148 1165 Quod
2163 1100 2296 1154 satis
2312 1086 2724 1165 docetars,qua:
2736 1093 2935 1148 dicitur
2949 1092 3273 1163 dogmatica,
3289 1089 3519 1145 medico-

1949 1206 1967 1237 ι
2004 1201 2151 1252 rum;
2173 1186 2368 1241 docent
2385 1194 2565 1240 autem
2581 1192 2635 1238 et
2650 1197 2770 1252 quae
2794 1182 3052 1237 dicuntur
3069 1179 3516 1249 philosophorum

1950 1296 1966 1327 ι
2006 1278 2277 1347 dogmata.
2323 1274 2507 1343 Neque
2537 1273 2689 1338 latet,
2722 1272 2937 1341 opinor,
2967 1270 3227 1340 aliquem,
3260 1283 3291 1322 a
3322 1276 3514 1323 senatu

1950 1389 1968 1421 ι
2008 1371 2173 1433 edita,
2191 1367 2485 1422 etiamnum
2510 1364 2760 1435 dogmata
2777 1371 2999 1417 senatus
3027 1359 3318 1415 nominari.
3347 1376 3366 1410 ι
3388 1357 3514 1413 Haec

1944 1460 2253 1526 Marcellus,
2290 1472 2481 1529 parum
2515 1470 2721 1510 memor
2748 1452 3028 1524 apostolici
3056 1453 3183 1508 dicti
3224 1452 3291 1505 de
3315 1449 3515 1505 Serva-

1944 1562 2085 1616 tore,
2116 1550 2300 1620 Legem
2327 1548 2698 1602 mandatorum
2723 1546 2945 1600 decretis
2970 1560 3087 1599 cum
3116 1556 3411 1597 evacuauet
3444 1540 3509 1594 “.

1943 1642 2123 1714 Pergit
2148 1652 2345 1706 autem,
2368 1651 2422 1694 et
2452 1638 2746 1708 Scriptura
2767 1638 2939 1691 dicam
2977 1635 3247 1699 inscribit,
3271 1649 3390 1703 qua:
3418 1634 3515 1687 do-

1943 1745 2030 1788 cet
2066 1732 2367 1802 sequendos
2397 1744 2519 1785 esse
2551 1730 2739 1783 Patres
2772 1748 2783 1782 :
2818 1727 3093 1796 Interroga
3116 1734 3315 1793 patrem
3340 1734 3509 1790 tuam,

1872 1796 1912 1851 Β
1941 1834 1988 1877 et
2012 1796 2343 1877 annuntiabit
2372 1820 2504 1886 tibi;
2536 1823 2766 1876 seniores
2796 1828 2846 1874 et
2870 1819 3160 1873 narrabant
3194 1818 3287 1869 tibi
3320 1816 3397 1879 “;
3434 1823 3509 1880 et,

1944 1910 2210 1965 Terminat
2240 1910 2481 1978 antiquos
2516 1925 2579 1963 ne
2606 1909 3015 1981 transgreditor,
3043 1922 3172 1975 quos
3219 1904 3398 1958 Patres
3430 1906 3511 1959 tui

1937 2016 2153 2068 posuere
2184 2001 2272 2054 ⁸⁵⁸.
2294 2000 2493 2055 Audito
2526 1998 2717 2053 deinde
2750 1997 3031 2051 Paulinum
3082 1997 3287 2050 beatum
3326 1995 3510 2065 appel-

1939 2092 2058 2159 lari,
2092 2092 2442 2163 indignatur:
2473 2100 2527 2146 et
2562 2089 2777 2145 Eusebii
2830 2091 3025 2143 iterum
3091 2088 3339 2143 meminit
3383 2102 3506 2141 cum

1937 2184 2262 2240 contumelia
2294 2185 2538 2240 scribens
2564 2182 2653 2255 [Β.
2684 2180 2977 2253 LXXVII]:
3010 2200 3028 2232 ι
3064 2179 3385 2235 Consentire
3413 2192 3509 2232 vo-

1945 2295 1962 2326 c
2003 2276 2119 2330 lens
2150 2280 2274 2329 cum
2302 2274 2557 2340 Eusebio,
2593 2275 2687 2343 qui
2746 2274 2891 2326 illam
2942 2272 3159 2341 impiam
3206 2270 3509 2338 scripserat

1943 2384 1961 2416 ι
2000 2366 2282 2435 epistolam
2316 2387 2329 2420 :
2363 2363 2614 2434 inprimis
2669 2378 2856 2431 parum
2892 2360 3365 2432 magisterialiter,
3414 2368 3507 2414 aut

1941 2474 1960 2505 ι
2000 2455 2065 2509 ad
2093 2454 2395 2509 docendum
2445 2461 2571 2520 apte
2604 2452 2861 2520 loquitur,
2895 2452 2985 2521 qui
3022 2451 3215 2518 dogma
3251 2463 3356 2503 non
3404 2463 3505 2502 ηο·

1942 2564 1959 2595 ι
1998 2545 2166 2598 minat
2197 2544 2349 2611 cujus
2378 2544 2551 2614 gratia
2583 2542 2727 2596 illam
2757 2542 2977 2610 scripsit
3016 2540 3299 2609 epistolam
3331 2556 3347 2593 :
3377 2553 3500 2593 cum

1941 2653 1959 2685 ι
2001 2648 2107 2687 non
2134 2634 2201 2687 ad
2228 2633 2521 2689 Ecclesiam
2558 2633 2691 2687 illud
2720 2634 2979 2701 scriptum
3002 2673 3015 2696 ,
3053 2645 3227 2701 neque
3250 2630 3317 2684 ad
3348 2630 3502 2697 igno-

1941 2743 1958 2774 ι
1997 2733 2181 2778 rantes
2233 2724 2555 2793 dirigeretur
2632 2724 2725 2777 sed
2781 2724 2850 2776 ad
2907 2723 3123 2775 beatum
3180 2720 3497 2784 Paulinum,

1941 2835 1958 2866 ι
2000 2829 2160 2885 quem
2207 2814 2425 2869 beatum
2485 2815 2687 2869 dixisse
2734 2816 2853 2870 ideo
2880 2824 3047 2884 patet.
3080 2814 3222 2882 quod
3256 2812 3499 2866 eamdem

1940 2924 1958 2957 ι
2001 2920 2121 2960 cum
2154 2905 2368 2960 Asterio
2392 2907 2716 2960 sententiam
2760 2905 2962 2959 foveat.
3026 2904 3317 2972 Postquam
3369 2915 3501 2956 vero

1941 3015 1959 3047 ι
1992 2996 2421 3064 sapientissimos
2462 2996 2661 3051 Asterii
2702 2995 2887 3050 Patres
2912 2995 3281 3059 didicerimus,
3310 3006 3501 3046 conse-

1941 3104 1959 3137 ι
1989 3100 2161 3154 quens
2192 3099 2310 3139 esse
2332 3084 2590 3148 arbitror,
2617 3095 2673 3137 ut
2704 3100 2827 3139 cum
2866 3084 3104 3149 Paulini,
3135 3093 3245 3136 tum
3268 3082 3497 3135 aliorum

1941 3197 1958 3229 ι
1989 3180 2237 3233 doctores
2280 3177 2639 3231 nominemus.
2693 3175 2823 3229 Nam
2850 3191 2948 3245 per
2974 3154 3253 3245 epistolam
3291 3173 3497 3228 Paulini

1938 3290 1956 3320 ι
1991 3270 2161 3334 illam,
2192 3269 2398 3337 patebit
2433 3269 2559 3335 quis
2606 3278 2727 3321 erat
2779 3267 2924 3323 illius
2958 3266 3297 3321 informatur.
3338 3286 3355 3316 ι
3395 3265 3495 3321 Ubi

1934 3360 2139 3413 interea
2168 3359 2273 3411 alia
2305 3360 2548 3427 qumdam
2573 3373 2694 3412 cum
2732 3358 3156 3423 interseruisset,
3194 3365 3343 3410 taxat
3374 3372 3496 3409 eum

1933 3454 2131 3519 denuo,
2158 3454 2310 3522 quasi
2336 3454 2473 3508 male
2496 3453 2995 3521 cepissetOrigenis
3027 3451 3499 3520 mentem.Loqui-

1932 3553 2022 3599 tur
2059 3556 2236 3600 autem
2268 3548 2344 3600 sic
2377 3546 2465 3619 [Β.
2499 3545 2715 3618 XXXII]
2753 3565 2766 3601 :
2804 3565 2822 3598 ι
2850 3546 3215 3616 δοτίρεὶιιιῖεο
3246 3544 3498 3600 Paulinus

1937 3654 1954 3684 ι
1993 3634 2186 3703 injecta
2202 3636 2417 3703 quidem
2438 3636 2774 3706 Evangelicaa
2804 3638 3062 3691 doctrinae
3085 3635 3374 3700 mentione,
3400 3634 3497 3688 sed

1935 3744 1951 3775 ι
1989 3725 2185 3779 fatetur
2215 3728 2472 3795 quosdam
2505 3738 2652 3781 motu
2707 3742 2805 3781 suo
2855 3728 3095 3795 proprio.
3137 3725 3395 3794 quosdam
3428 3725 3495 3778 de

1935 3836 1953 3867 ι
1995 3818 2223 3872 lectione
2264 3820 2642 3886 prazdicmrum
2698 3821 2975 3875 hominum
2999 3821 3065 3873 ad
3090 3820 3232 3873 hanc
3265 3815 3494 3871 formam

1937 3926 1956 3958 ι
1993 3908 2353 3964 descendisse.
2392 3929 2409 3960 ι
2444 3912 2522 3964 Ad
2550 3921 2852 3964 extremum
2877 3910 3023 3964 velut
3052 3910 3141 3978 qui
3178 3907 3492 3963 coronidem

1933 4014 2231 4071 apponeret
2276 4006 2744 4070 demonstrationi,
2800 4007 2865 4059 de
2901 4005 3059 4060 dictis
3105 4004 3445 4074 Origeuiauis
3476 4042 3490 4066 .

1931 4093 2175 4161 quaedam
2210 4099 2267 4156 ιι(
2320 4095 2639 4163 subscripsit
2680 4110 2789 4149 suae
2839 4096 3117 4164 epistolze:
3170 4094 3323 4163 quasi
3372 4092 3492 4161 plus

1932 4182 2021 4236 illa
2060 4194 2302 4262 possent,
2332 4199 2490 4252 quam
2527 4184 2870 4252 evangelista:
2910 4192 2965 4239 et
3006 4184 3261 4253 apostoli.
3320 4180 3491 4236 Verba

332 4416 377 4452 ⁵³
400 4419 595 4490 Ephes.
627 4435 688 4486 ιι,
719 4416 806 4477 15ζ
858 4416 927 4453 ’⁸⁸
947 4423 1097 4477 Deut.
1119 4439 1290 4490 xxx",
1310 4423 1361 4477 7.
1429 4424 1496 4456 δι’
1520 4424 1680 4482 Prov.
1715 4442 1854 4492 xm,
1884 4426 1972 4481 28.

329 4598 408 4669 (τ)
443 4598 681 4670 πρῶτον
726 4601 841 4670 μὲν

255 4668 520 4730 Mareelli,
554 4671 619 4723 de
649 4668 861 4726 Asteria
900 4672 1322 4726 Eusebianorum
1370 4668 1629 4729 advocato
1664 4674 1816 4727 illum

254 4738 579 4804 incusantis,
610 4742 749 4805 quod
787 4740 1075 4795 Eusebium
1118 4758 1222 4795 non
1272 4746 1532 4797 laxaverit
1571 4746 1636 4799 de
1683 4758 1816 4798 voce

252 4809 514 4879 dogmatis
553 4819 827 4879 usurpata,
856 4826 1014 4879 quam
1040 4827 1067 4863 a
1102 4812 1273 4867 sacris
1302 4810 1387 4864 ille
1418 4812 1647 4866 alienam
1679 4814 1813 4866 ima-

252 4876 564 4944 ginabatur.
599 4876 924 4946 Legendum,
963 4879 1066 4949 ἔφη
1101 4880 1173 4950 τὸ,
1194 4881 1387 4950 δόγμα.
1416 4879 1508 4935 Illa
1536 4897 1665 4936 vero
1698 4897 1817 4950 quae

253 4955 584 5013 sequuntur,
633 4962 736 5000 non
787 4950 1087 5019 cohaerent,
1129 4949 1339 5005 videtur
1391 4950 1583 5019 aliquis
1641 4949 1816 5006 hiatus

254 5028 419 5069 esse:
456 5030 579 5067 nam
626 5024 752 5070 sunt
785 5018 950 5082 ipsius
996 5018 1205 5072 Eusebii
1260 5019 1346 5072 illa
1394 5022 1459 5071 ad
1484 5018 1806 5075 Marcellum

255 5086 629 5151 respondentis
666 5086 766 5138 hoc
798 5086 910 5139 fere
942 5102 1097 5140 sensu
1125 5108 1135 5141 :
1165 5088 1409 5149 Frustra,
1436 5090 1501 5143 de
1540 5106 1670 5144 voce
1709 5091 1806 5142 do-

250 5165 425 5228 gmate
442 5155 689 5228 cavillari
722 5154 1055 5228 Marcellum,
1094 5173 1214 5228 cum
1265 5168 1495 5218 constet.
1534 5159 1679 5213 illum
1716 5160 1805 5228 qui

252 5221 861 5297 ἐπιστολὴνλσυνέταξεν,
878 5227 937 5278 οὐ
957 5226 1090 5297 πρὸς
1102 5221 1197 5295 τὴν
1214 5228 1661 5297 Ἐκκλησίαν,ειο.
1684 5221 1810 5282 86τὶ-

252 5290 443 5357 psisse,
465 5294 556 5346 sed
586 5296 651 5346 ad
684 5290 1197 5356 Paulinumfvirui'n
1230 5290 1517 5351 eruditum.
1539 5298 1807 5352 M.—Mox

252 5361 409 5433 yulgo
427 5360 507 5431 τῷ
548 5376 673 5417 ante
694 5364 854 5433 _'Ao~:.
899 5366 1020 5419 add.
1065 5365 1205 5418 Loco
1251 5367 1407 5429 δόξαν
1443 5367 1544 5433 Μρ.
1585 5369 1644 5419 τὸ
1682 5370 1812 5421 αὐτὸ

248 5428 446 5506 δόγμα.
475 5428 640 5486 Porro
665 5428 802 5506 εἶναι
835 5447 957 5486 ante
986 5435 1221 5504 ἡγοῦμαι
1254 5428 1421 5491 delevi
1456 5456 1469 5495 ;
1497 5428 1627 5490 ἰιεὶιι
1658 5441 1813 5506 vulgo

248 5501 555 5571 γενομένων
580 5511 633 5557 et
659 5502 753 5555 τοῦ
777 5514 901 5557 ante
931 5501 1213 5557 Παυλίνου.

318 5590 394 5659 (8)
439 5583 779 5659 Ὠριγένους
800 5592 1017 5657 ῥητῶν.
1068 5594 1231 5647 Forte
1271 5596 1348 5649 sic
1393 5598 1642 5651 restitues
1691 5600 1810 5651 τινὰ

246 5663 306 5731 τῇ
342 5661 541 5733 ἑαυτοῦ
565 5662 873 5733 ἐπέγραψεν
892 5664 1169 5733 ἐπιστολῇ.
1201 5665 1262 5718 Ει
1280 5668 1436 5732 paulo
1459 5669 1602 5733 prius
1630 5686 1641 5719 :
1672 5668 1807 5727 ἔνια,

240 5747 339 5803 PI'O
364 5731 552 5796 ἐνίοις.
573 5731 753 5786 οιὲνια
781 5731 854 5784 δὲ.
890 5731 1143 5799 Quaedam
1173 5752 1200 5788 ιι
1233 5731 1288 5790 se
1308 5731 1807 5805 iui'eutn,qutotl.uu

888 4603 959 4656 οὐ
1008 4601 1465 4669 διδασκαλικῶς.
1518 4604 1643 4659 Haec
1692 4614 1817 4658 sunt

1934 4604 1987 4659 ib
2016 4603 2239 4658 aliorum
2273 4603 2499 4658 lectione
2524 4611 2761 4656 mntuata
2787 4619 2797 4653 :
2826 4604 3004 4657 statim
3034 4601 3119 4655 ubi
3149 4602 3345 4656 iterum
3368 4605 3489 4659 Ori—

1918 4674 2071 4743 genis
2104 4675 2305 4743 mentio
2324 4682 2375 4743 et
2408 4675 2695 4743 incusatio,
2728 4674 3006 4743 legendum
3048 4671 3125 4743 μὴ
3156 4672 3306 4743 παρὰ
3354 4673 3484 4738 τῶν,

1916 4741 2048 4805 etc.,
2072 4742 2185 4794 ἀλλ’
2211 4742 2387 4811 ἑαυτῷ
2421 4741 2665 4803 δεδωκὼς
2697 4742 2757 4794 τὸ
2791 4741 3057 4794 πλεῖστον
3076 4742 3332 4811 δευτέραν
3356 4744 3488 4795 ὑπό-

1916 4828 2103 4865 στασιν
2129 4812 2482 4882 διῃτήσασθαι
2492 4811 2589 4883 τοῦ
2609 4811 2803 4879 Λόγου,
2839 4812 2911 4883 μὴ
2944 4812 3150 4881 μαθὼν,
3179 4811 3383 4881 τολμᾷ;
3414 4814 3484 4866 ita

1914 4883 2056 4936 enim
2086 4884 2427 4936 scribendum
2470 4882 2553 4934 illa
2593 4883 2887 4942 insinuant.
2918 4898 3038 4949 qua;
3068 4892 3482 4949 praecesserunt,

1918 4952 1981 5005 de
2006 4950 2255 5034 Origene,
2292 4967 2322 5005 e
2370 4966 2467 5005 suo
2494 4952 2742 5034 'ce‘rebro
2781 4950 3110 5034 scripsisse”:
3144 4959 3198 5003 et
3214 4951 3314 5034 _vix
3358 4952 3485 5005 edo-

1918 5030 2066 5089 ctum
2092 5020 2400 5089 Scripturas
2442 5042 2453 5074 :
2487 5022 2781 5073 ὑπόστασιν
2814 5035 2943 5073 vero
2977 5020 3345 5079 scribendum.
3372 5036 3482 5073 non

1916 5088 2166 5142 ὑπόθεσιν
2218 5088 2410 5144 docent
2464 5091 2550 5143 illa
2587 5106 2704 5155 qua:
2735 5105 2856 5142 mox
2904 5101 3231 5157 sequuntur.
3265 5090 3483 5159 μάλισθ’

1912 5160 1991 5230 ότι
2036 5159 2112 5229 τῷ
2131 5161 2254 5230 ίΥίῷ
2295 5160 2525 5212 δέδωκεν
2575 5160 2889 5212 ὑπόστασιν.
2926 5159 3047 5212 "ate
3089 5162 3232 5230 enim
3282 5161 3483 5230 dicitur

1916 5229 2079 5281 fuisse
2128 5228 2359 5282 Marcelli
2390 5230 2881 5299 ilizeresistFilium
2910 5230 2983 5297 μὴ
3019 5231 3076 5281 ὲν
3113 5229 3217 5299 ίδίᾳ
3242 5228 3478 5299 δποστάσ

1916 5315 1993 5349 σει
2034 5300 2354 5353 substitisse.
2389 5297 2540 5352 Unde
2574 5300 2629 5351 S.
2667 5298 2891 5350 Basilius
2918 5299 2970 5350 in
3002 5297 3223 5363 epistola
3260 5298 3350 5357 52,
3381 5299 3477 5361 ait,

1916 5368 2061 5420 illum
2093 5370 2171 5429 είς
2207 5367 2437 5436 ὓπαρξιν
2470 5369 2569 5437 τῆς
2595 5367 2686 5419 τοῦ
2710 5366 3047 5437 Μονογενοῦς
3080 5367 3331 5436 θεότητος
3355 5369 3479 5417 ἀσε-

1914 5436 2057 5498 6εῑν;
2094 5453 2253 5504 quam
2286 5436 2533 5490 lueresim
2560 5440 2754 5507 ubique
2796 5436 3092 5507 illi'objecit
3116 5436 3473 5491 Euscbius.M.

1912 5534 1983 5542 —
2007 5507 2131 5559 Dein
2154 5510 2217 5576 τῇ
2240 5537 2306 5545 -
2330 5507 2583 5577 ἐπιστολῇ
2612 5504 2755 5561 coni.
2794 5504 2839 5558 Β

1984 5600 2061 5669 (9)
2107 5600 2273 5670 Vulgo
2298 5602 2610 5672 προϐολή·οι
2638 5601 2759 5654 dein
2798 5599 3166 5672 προϐάλλοντα
3191 5609 3243 5650 ct
3278 5583 3475 5672 γέγρα-

1914 5688 2000 5735 (ps,
2038 5667 2353 5739 παράξιιῠι
2386 5672 2485 5738 Mp.
2522 5667 2637 5739 γρ.,
2668 5672 2740 5739 μή
2765 5667 2899 5730 πῶς,
2946 5679 2999 5721 et
3040 5669 3296 5739 δέδωκας.
3335 5667 3475 5724 Infra

1920 5740 1979 5793 ll.
2012 5738 2199 5809 μαθεῖν
2226 5742 2349 5808 deL,
2382 5743 2499 5795 dein
2538 5738 2691 5809 \"ulgu
2730 5744 2877 5807 ὲπιφ.
2914 5739 2989 5809 τῷ
3025 5738 3291 5809 Ὠριγένη.
