4070 6304
688 344 793 400 759

1324 339 1591 395 EUSEBII
1631 337 2106 396 CASSARIENSIS
2142 339 2293 398 OPP.
2335 340 2513 396 PARS
2553 342 2636 397 IV.
2679 373 2747 384 —-
2786 342 3195 399 DOGMATICA.

3803 341 3910 398 τας

690 468 869 515 autem
893 465 953 514 se
976 461 1052 516 Ita
1079 456 1312 512 habent:
1347 477 1364 508 ι
1393 456 1628 528 Tempus
1661 469 1836 514 autem
1869 469 1976 523 est,
2001 468 2233 529 utpauca

2344 478 2362 510 ι
2405 462 2565 530 γεννᾷ
2594 462 2691 531 μὲν
2712 459 2770 528 ἐξ
2791 459 2952 515 αὑτοῦ
2977 462 3134 514 ὁποῖα
3152 461 3220 514 τά
3249 477 3355 514 των
3387 459 3540 524 ζώων
3559 459 3720 529 γεννή
3731 475 3912 528 ματα»

697 571 714 602 s
751 549 820 606 de
845 548 1222 620 prsetermlssis
1250 557 1577 612 attexamus,
1607 561 1728 616 qua:
1777 549 1842 602 ad
1875 548 2088 602 Patrem
2121 562 2238 616 spe-

696 664 717 690 ο
747 647 911 703 ctant,
925 647 982 694 et
997 637 1210 703 Filium,
1227 647 1283 694 et
1298 638 1551 706 Spiritum
1565 648 1830 692 sanctum.
1847 638 1920 693 De
1937 638 2090 693 Patre
2105 639 2236 704 hac,

697 753 715 779 ι
749 730 893 800 quod
945 729 1287 786 indivisibilis
1316 744 1436 784 cum
1469 730 1696 784 exsistat
1729 743 1828 783 nec
1883 729 2198 786 dividendus
2221 773 2237 798 ,

694 842 715 870 ι
755 820 876 876 Filii
935 830 1111 876 tamen
1143 821 1304 876 Pater
1359 821 1463 884 sit;
1517 835 1620 874 non
1669 821 1919 875 emittens
1974 821 2144 882 illum,
2182 831 2240 874 ut

693 933 712 962 ι
755 928 861 968 non
907 927 1063 968 nemo
1112 911 1298 967 voluit.
1351 910 1482 966 Nam
1519 912 1566 968 si
1610 911 1780 967 Filius
1812 905 1989 966 Patris
2041 914 2122 966 sui
2169 914 2240 967 sit

692 1023 709 1052 ε
747 1003 987 1069 enimio,
1017 1013 1070 1057 et
1091 1001 1143 1057 si
1169 1002 1317 1057 illum
1352 1004 1417 1058 de
1449 1004 1625 1072 seipse
1657 1002 1863 1070 genuit,
1887 1003 1950 1056 ad
1977 1018 2097 1058 eum
2127 1017 2240 1057 mo-

691 1115 716 1145 e
754 1097 878 1151 dum
911 1109 1016 1164 quo
1068 1095 1134 1149 de
1166 1107 1225 1149 se
1279 1094 1529 1148 animalia
1588 1095 1842 1164 gignunt,
1894 1107 2112 1148 necesse
2158 1106 2241 1149 est

692 1205 710 1234 ι
747 1194 805 1239 ut
858 1197 1051 1255 corpus
1105 1183 1198 1241 ille
1262 1183 1332 1239 sit
1388 1184 1480 1253 qui
1532 1186 1750 1250 emittit,
1804 1193 1914 1239 tum
1974 1185 2136 1238 etiam
2184 1195 2240 1239 et

693 1296 712 1327 ε
752 1275 842 1332 ille
893 1279 983 1346 qui
1040 1277 1319 1332 emittitur.
1377 1296 1396 1328 ι
1459 1275 1591 1330 Tum
1641 1286 1922 1346 postquam
1983 1277 2049 1331 de
2106 1275 2233 1332 Ori-

688 1368 929 1434 genianis
981 1369 1081 1423 ista
1153 1368 1390 1438 quaedam
1442 1369 1827 1423 interseruerat
1863 1409 1880 1434 ,
1942 1366 2102 1422 inl'ert
2173 1368 2238 1421 ad

691 1461 834 1514 hunc
875 1462 1088 1515 modum
1137 1480 1150 1514 :
1200 1479 1220 1511 ι
1262 1457 1491 1528 Scripsit
1528 1459 1790 1531 Origenes
1833 1477 1936 1516 non
1977 1477 2006 1516 a
2042 1462 2239 1516 sanctis

692 1569 720 1602 ο
757 1551 1030 1622 prophetis
1060 1561 1112 1604 et
1145 1551 1422 1620 apostolis,
1463 1553 1529 1608 de
1576 1553 1876 1608 aeternitate
1933 1551 2092 1607 Verbi
2142 1569 2238 1607 cu-

693 1657 717 1691 s
745 1642 896 1707 piens
941 1639 1184 1704 edoceri;
1228 1641 1322 1695 sed
1365 1657 1484 1695 cum
1531 1642 1632 1697 sibi
1681 1643 1779 1710 ipsi
1813 1642 1930 1712 plus
1964 1644 2129 1698 nimio
2159 1644 2240 1698 in-

695 1749 713 1780 c
747 1729 1007 1799 dulgeret,
1036 1744 1202 1786 ausus
1228 1739 1312 1785 est
1339 1733 1628 1786 secundam
1670 1733 1955 1801 quamdam
1989 1733 2239 1802 byposta-

693 1840 717 1870 ο
751 1822 833 1874 sin
863 1820 1023 1876 Verbi
1065 1825 1414 1879 constituere.
1445 1845 1463 1877 ι
1493 1825 1566 1879 Ita
1591 1825 1760 1880 illisce
1790 1838 1910 1892 qua
1940 1823 2239 1878 rectissime

689 1912 758 1965 ab
779 1907 1008 1981 Origene
1031 1913 1173 1968 dicta
1195 1925 1341 1980 sunt,
1361 1930 1466 1969 non
1498 1916 1662 1970 licere
1676 1913 1881 1969 scilicet
1903 1913 2235 1984 corporalem

687 2004 973 2071 quamdam
991 2014 1047 2058 et
1073 2005 1340 2073 passivam
1367 2006 1770 2074 generationem
1794 2005 2089 2059 divinitatis
2115 2003 2234 2058 Filii

688 2091 781 2147 Dei
809 2094 1164 2161 comminisci,
1215 2110 1310 2163 per
1357 2096 1457 2149 ista
1489 2095 1846 2161 contradicit,
1893 2106 1946 2148 et
1989 2096 2237 2162 inprimis

684 2184 827 2254 quod
868 2185 1177 2256 hypostasin
1201 2189 1528 2242 concesserit
1570 2187 1730 2241 Filio.
1761 2187 1922 2242 Addit
1950 2186 2234 2259 Origenein

687 2274 983 2329 maledictis
1015 2275 1295 2344 impetens.
1322 2288 1376 2331 et
1406 2287 1550 2332 recte
1575 2277 1643 2331 ab
1672 2278 1766 2332 illo
1797 2280 1985 2348 positis
2017 2289 2235 2331 contra-

685 2365 911 2421 dicens:
950 2384 969 2418 ι
1003 2367 1283 2436 Origenes,
1314 2369 1506 2437 inquit,
1546 2369 1672 2424 dum
1710 2370 1822 2423 haec
1867 2369 2082 2437 scriptis
2125 2369 2236 2422 suis

692 2472 713 2504 ο
747 2456 984 2522 mandat,
1012 2458 1242 2526 propriis
1270 2459 1382 2513 suis
1420 2459 1588 2512 utitur
1621 2460 2013 2514 assertionibus
2042 2477 2053 2510 :
2090 2459 2139 2511 id
2174 2458 2237 2510 li-

689 2563 709 2594 ε
749 2555 876 2613 quet
929 2557 1134 2612 autem,
1170 2553 1312 2617 quod
1348 2564 1453 2604 non
1506 2564 1608 2603 una
1654 2559 1858 2603 tantum
1916 2550 2069 2613 vice,
2107 2565 2236 2602 suas

689 2653 709 2688 ι
743 2637 911 2705 ipsius
927 2639 1187 2694 subvertit
1212 2643 1541 2696 assertiones
1561 2657 1574 2705 ;
1595 2654 1930 2711 consequens
1948 2651 2123 2694 autem
2152 2651 2236 2694 est

689 2749 706 2778 ε
745 2729 832 2783 illa
883 2730 970 2784 hic
1020 2732 1140 2786 ideo
1197 2746 1641 2798 commemorare,
1684 2747 1803 2800 quas
1858 2734 1985 2787 alibi
2017 2735 2083 2786 de
2125 2734 2234 2788 Deo

688 2838 708 2870 s
735 2821 882 2875 dicit.
913 2839 935 2873 ι
974 2823 1052 2874 Ad
1088 2823 1200 2876 hac
1230 2824 1395 2877 verba
1423 2835 1602 2877 autem
1632 2824 1860 2879 scribit:
1892 2843 1910 2874 ι
1944 2822 2060 2878 Non
2092 2826 2232 2880 enim

687 2930 704 2960 ι
744 2912 1096 2981 ίιιεωμὶιοεθο
1123 2914 1281 2970 Pater
1307 2915 1466 2980 Deus,
1485 2929 1549 2969 eo
1573 2915 1736 2984 quod,
1758 2926 1816 2970 ut
1836 2919 1974 2971 inter
1988 2918 2234 2974 homines

688 3020 705 3051 ι
752 3002 868 3056 lieri
904 3001 1060 3063 solet.
1100 3003 1259 3059 Pater
1297 3020 1416 3060 esse
1457 3008 1795 3075 nequiverat.
1842 3006 1974 3061 Nam
2021 3010 2063 3062 si
2097 3023 2238 3062 sem-

688 3111 707 3144 ε
741 3108 834 3159 per
869 3093 1142 3164 perfectus
1192 3097 1464 3152 exstiterit
1513 3097 1682 3164 Deus,
1716 3109 1771 3152 et
1808 3109 2069 3168 potestate
2107 3116 2233 3169 pras-

689 3203 707 3234 ι
748 3184 912 3249 ditus,
948 3193 1008 3239 ut
1047 3186 1342 3250 llatPater,
1382 3198 1436 3241 et
1468 3189 1514 3241 si
1572 3197 1791 3256 praestet
1843 3199 1900 3243 ut
1957 3193 2028 3244 sit
2075 3191 2233 3246 Pater

689 3291 708 3324 ι
739 3273 1104 3341 hujuscemodi
1131 3274 1272 3341 Filii,
1301 3280 1428 3330 dum
1462 3277 1798 3342 remdill‘ert,
1824 3292 1882 3333 se
1909 3287 2056 3333 tanto
2095 3281 2230 3336 bono

690 3383 711 3414 «
742 3367 942 3432 privat,
970 3373 1028 3418 ut
1056 3379 1160 3418 non
1187 3366 1259 3419 sit
1297 3365 1421 3419 Filii
1467 3364 1645 3420 Pater.
1680 3367 1831 3433 Quod
1881 3368 2017 3423 idem
2069 3380 2124 3424 et
2167 3371 2233 3425 de

687 3473 708 3506 s
749 3455 951 3523 Spiritu
975 3465 1164 3510 sancto
1190 3457 1387 3525 poterit
1405 3455 1677 3510 amrmari.
1707 3475 1724 3508 μ
1747 3457 1846 3524 Qui
1880 3459 2076 3512 factum
2096 3461 2230 3526 ideo,

683 3557 744 3602 nt
774 3562 894 3603 cum
918 3547 1180 3617 Origenes
1211 3550 1284 3603 ita
1316 3548 1618 3618 scripserit,
1647 3549 1856 3611 beatus,
1895 3550 1967 3604 illi
1993 3561 2051 3604 ut
2084 3553 2233 3607 vide-

685 3651 790 3703 tur,
816 3639 1070 3696 Paulinus
1099 3641 1491 3696 existimaverit
1519 3656 1624 3695 non
1648 3655 1770 3696 esse
1811 3642 2024 3710 quidem
2060 3644 2110 3696 in
2147 3652 2233 3697 tu-

682 3741 794 3785 tum
835 3731 937 3786 hoc
957 3731 1227 3786 occultare
1258 3745 1273 3784 :
1302 3735 1369 3786 ad
1419 3747 1544 3787 suas
1575 3741 1752 3786 tamen
1792 3732 2073 3799 opiniones
2103 3748 2235 3788 con-

681 3823 975 3877 lirmandas
1010 3838 1136 3877 usus
1170 3821 1332 3878 fuerit
1361 3823 1647 3878 contrariis
1667 3839 1681 3888 ;
1703 3824 1767 3877 de
1798 3824 1993 3892 quibus
2025 3839 2092 3880 ne
2112 3822 2236 3878 Ori-

682 3927 843 3982 genes
872 3924 1019 3968 certe
1048 3914 1164 3981 ipse
1191 3915 1486 3968 reddiderit
1516 3914 1778 3969 rationem
1803 3914 1828 3967 ‘I
1858 3913 2115 3968 Mentitus
2148 3926 2234 3970 est

683 4009 860 4055 autem
886 4000 942 4056 in
981 4001 1100 4057 istis
1120 4000 1422 4068 Hareellus,
1451 4000 1755 4074 Origenem,
1777 4005 1934 4072 quasi
1967 4005 2068 4058 sibi
2104 4020 2234 4058 con-

681 4091 846 4145 traria
875 4101 1136 4158 tueretur,
1163 4109 1284 4148 cum
1327 4109 1433 4148 non
1474 4093 1735 4162 intelligat
1789 4095 1936 4148 illum
1968 4111 2064 4165 per
2087 4097 2234 4164 prio-

681 4197 792 4236 rem
830 4197 981 4236 suam
1031 4185 1452 4254 propositionem
1509 4186 1796 4250 docuisse,
1856 4186 2070 4242 Patrem
2113 4190 2233 4243 sine

679 4286 902 4344 corpore
928 4285 982 4329 et
1005 4279 1149 4329 omni
1177 4291 1428 4345 passione
1454 4286 1668 4332 exstare
1690 4293 1703 4339 ;
1736 4293 1832 4346 per
1857 4282 2090 4334 secundo
2109 4281 2231 4336 loco

680 4367 937 4432 positam,
967 4366 1160 4422 Filium
1189 4385 1366 4433 suum,
1399 4385 1505 4424 non
1542 4371 1593 4424 in
1619 4379 1858 4440 tempore
1874 4373 2111 4440 quidem,
2136 4375 2228 4429 sed

2346 567 2364 600 ι
2404 551 2613 623 ἀνάγκη
2645 552 2803 624 σῶμα
2845 549 2982 607 εἶναι
3019 553 3107 605 τὸν
3135 552 3472 622 προϐαλόντα
3503 551 3594 603 καὶ
3629 550 3721 604 τὸν
3773 566 3914 632 προ-

2345 663 2362 694 ‹
2403 642 2750 713 ϐεϐλημένον.
2785 663 2804 697 ι
2834 641 2944 698 Εἶθ’
2971 645 3098 716 έξῆς
3125 645 3263 716 μετά
3278 645 3378 715 τὴν
3405 644 3516 697 τῶν
3557 640 3915 712 Ὦριγενειιῖιν

2339 734 2530 804 φωνῶν
2576 735 2891 807 παράθεσιν,
2929 737 3176 808 ἐπιφέρει
3217 735 3411 804 λέγων·
3468 752 3486 786 ι
3520 733 3698 786 Ταῦτα
3752 732 3913 801 Ὦρι-

2345 845 2364 878 ⁸
2398 827 2559 898 γένης
2589 827 2852 899 γέγραφε,
2885 828 2958 900 μὴ
2988 828 3135 900 παρά
3166 827 3273 881 τῶν
3311 826 3471 898 ἱερῶν
3506 825 3804 898 προφητῶν
3848 838 3912 876 τε

2347 935 2364 968 ι
2399 919 2493 970 καὶ
2523 919 2833 973 ἀποστόλων
2863 921 3108 991 περὶτῆς
3131 919 3429 990 ἀῖδιότητος
3453 917 3546 972 τοῦ
3582 918 3758 986 Λόγου
3803 932 3914 986 μα·

2347 1028 2364 1059 ι
2405 1009 2515 1063 θεῖν
2559 1009 2837 1080 βουληθείς
2858 1030 2870 1041 ·
2899 1011 3013 1065 ἀλλ’
3045 1010 3220 1081 ἑαυτῷ
3255 1009 3500 1074 δεδωκὰκ
3537 1010 3740 1073 πλεθον,
3783 1006 3916 1060 δευ-

2348 1117 2366 1149 ι
2403 1100 2564 1168 τέραν
2621 1100 2875 1154 ὑπόθεσιν
2943 1101 3303 1173 διηγήσασθαι
3330 1100 3426 1154 τοῦ
3477 1101 3649 1167 Λόγου
3698 1099 3917 1170 μαθεῖν

2347 1210 2364 1240 ι
2406 1191 2594 1262 τολμᾷ.
2628 1210 2647 1242 r
2679 1191 2790 1244 Καὶ
2812 1193 3020 1256 τούτοις
3040 1193 3096 1246 δὲ
3121 1194 3232 1256 τοῖς
3257 1191 3362 1246 ὑπὸ
3399 1191 3696 1262 ὀριγένους
3718 1189 3918 1261 ὀρθῶς

2340 1280 2666 1350 είρήμένοις,
2717 1282 2845 1351 περὶ
2881 1280 2974 1333 τοῦ
3023 1282 3095 1352 μὴ
3125 1281 3235 1335 δεῖν
3279 1282 3590 1352 σωματικήν
3633 1296 3759 1333 τινα
3811 1279 3921 1332 καὶ

2340 1372 2645 1443 παθητικὴν
2673 1369 3074 1442 ὑπολαμϐάνειν
3105 1373 3203 1442 τῆς
3231 1371 3478 1444 θεότητος
3500 1371 3589 1425 τοῦ
3613 1371 3746 1424 Υἱοῦ
3779 1371 3920 1439 γιν-

2340 1478 2494 1531 νησιν
2558 1461 2857 1530 ἀντιλέγει,
2939 1461 3150 1530 μάλισθ’
3211 1463 3294 1517 δτι
3351 1462 3431 1534 τῷ
3505 1462 3616 1532 Υίῷ
3662 1461 3922 1515 δέδωκεν

2339 1553 2653 1616 ὑπόστασιν,
2681 1555 2773 1606 καὶ
2798 1553 3067 1625 ἐπιφέρει,
3109 1546 3218 1606 τὸν
3251 1554 3499 1624 Ὠριγένη
3528 1553 3684 1605 πάλιν
3710 1552 3922 1614 κακῶς

2339 1642 2529 1712 λέγων,
2554 1648 2667 1709 τοῖς
2693 1662 2752 1698 τε
2777 1647 2866 1698 ὑπ’
2895 1643 3057 1697 αὐτοῦ
3079 1643 3254 1714 ὀρθῶς
3271 1647 3558 1716 γραφεῖσιν
3582 1645 3920 1712 ἀντιλέγων,

2340 1734 2398 1785 ὲν
2446 1733 2676 1798 τούτοις·
2735 1753 2754 1785 ι
2795 1735 2916 1787 Ὅτι
2959 1735 3029 1789 τά
3075 1734 3296 1788 τοιαῦτα
3332 1736 3557 1806 γράφων
3618 1734 3923 1805 Ὠριγένης

2349 1843 2367 1875 ι
2409 1824 2558 1887 ίδίοις
2585 1826 2783 1896 ἐχρῆτο
2818 1824 3067 1896 δόγμασι,
3090 1824 3247 1895 δῆλον
3275 1826 3367 1893 ἀφ’
3396 1818 3470 1879 ὧν
3497 1827 3590 1878 καὶ
3609 1825 3676 1877 τά
3701 1808 3922 1879 ἑαυτοῦ

2348 1937 2365 1968 ι
2401 1916 2693 1987 ἀνατρέπει
2728 1917 3004 1980 πολλάκιςο
3039 1918 3096 1969 ὲν
3137 1917 3265 1985 γοῦν
3296 1917 3466 1988 ἑτέρῳ
3514 1917 3692 1988 χωρίῳ
3741 1917 3924 1970 ἅτινα

2347 2031 2366 2061 ι
2404 2010 2533 2080 περὶ
2573 2009 2707 2062 Θεοῦ
2752 2009 2918 2078 λέγει,
2969 2010 3256 2064 ἀκόλουθόν
3290 2011 3438 2063 ἐστιν
3486 2009 3826 2078 ὑπομνῆσαι.
3896 2027 3917 2059 ι

2343 2102 2544 2171 Γράφει
2572 2100 2629 2153 δὲ
2660 2100 2850 2163 οὕτως·
2897 2118 2916 2152 ι
2951 2101 3026 2154 Οὐ
3059 2101 3166 2172 γὰρ
3188 2102 3218 2154 6
3258 2099 3391 2163 Θεὸς
3417 2098 3602 2169 Πατὴρ
3633 2093 3776 2150 εἶναι
3809 2097 3921 2167 ἦρ-

2349 2211 2365 2242 ι
2402 2191 2550 2257 ξατο,
2577 2191 2937 2262 κωλυόμενος,
2964 2193 3040 2256 ὡς
3066 2194 3116 2245 oi
3138 2190 3409 2263 γινόμενοι
3437 2189 3664 2260 πατέρες
3687 2187 3920 2259 ἀνθρω-

2348 2302 2365 2332 ι
2403 2301 2512 2348 ποι,
2533 2281 2637 2336 ὑπὸ
2657 2282 2750 2337 τοῦ
2783 2283 2856 2354 μὴ
2877 2282 3134 2338 δύνασθαί
3159 2300 3244 2336 πω
3266 2282 3374 2352 (10)
3399 2282 3632 2351 πατέρες
3650 2277 3820 2333 εἶναι.
3853 2281 3924 2333 El

2348 2393 2365 2424 ι
2401 2373 2508 2446 γάρ
2530 2374 2617 2428 ἀεὶ
2642 2374 2844 2439 τέλειος
2865 2377 2893 2428 6
2917 2374 3071 2439 Θεὸς,
3101 2374 3196 2429 καὶ
3221 2373 3480 2445 πάρεστιν
3506 2373 3649 2444 αὑτῷ
3673 2372 3925 2444 δύναμις

2347 2487 2364 2518 ι
2401 2467 2494 2521 τοῦ
2532 2468 2750 2540 Πατέρα
2782 2468 2944 2522 αὑτὸν
2991 2463 3153 2534 εῖναι,
3195 2470 3289 2523 καὶ
3334 2467 3496 2522 καλὸν
3549 2466 3705 2518 αὑτὸν
3766 2460 3923 2518 εἶναι

2347 2578 2364 2608 ι
2402 2557 2620 2628 Πατέρα
2644 2557 2881 2612 τοιούτου
2901 2557 3058 2622 Υίοῢ,
3079 2558 3456 2624 ἀναϐάλλεται,
3491 2558 3584 2611 καὶ
3612 2556 3704 2609 τοῦ
3732 2555 3925 2608 καλοῦ

2347 2669 2364 2699 ι
2402 2650 2590 2703 ἑαυτὸν
2624 2649 2923 2719 πηρίσκει,
2973 2651 3067 2705 καὶ
3093 2650 3168 2716 ὡς
3195 2649 3336 2704 ἔστιν
3379 2652 3573 2712 εἰπεῖν,
3619 2648 3677 2711 se
3707 2643 3774 2701 οὗ
3827 2647 3924 2701 δύ-

2345 2757 2364 2787 ι
2404 2755 2559 2792 ναται
2603 2738 2790 2810 Πατὴρ
2830 2735 2965 2792 εἶναι
3011 2738 3158 2794 Υίοῦ.
3221 2739 3296 2792 Τὸ
3338 2736 3470 2791 αὐτὸ
3514 2737 3764 2808 μέντοιγε
3819 2738 3928 2788 καὶ

2345 2847 2362 2877 ι
2404 2829 2532 2902 περὶ
2578 2829 2673 2884 τοῦ
2704 2831 2860 2898 ἁγίου
2902 2830 3215 2902 Πνεύματος
3260 2828 3500 2882 λεκτέον.
3542 2847 3560 2880 ι
3611 2828 3734 2890 Πῶς
3791 2823 3921 2888 οὖν,

2353 2920 2656 2990 Ὠριγένους
2699 2923 2791 2975 καὶ
2832 2920 2988 2974 τοῦτο
3032 2921 3359 2993 γράψαντος,
3390 2923 3419 2974 6
3459 2921 3740 2991 μακάριος,
3785 2922 3922 2973 κατ’

2338 3011 2520 3076 αὑτὸν,
2549 3011 2811 3076 Παυλῖνος
2835 3011 2994 3065 τοῦτο
3029 3011 3126 3082 μὲν
3163 3011 3579 3082 ἀποκρύψασθαι
3611 3013 3709 3064 οὐκ
3746 3012 3928 3064 ἀκίν-

2261 3142 2304 3200 C
2337 3100 2491 3154 δυνον
2519 3101 2758 3171 ἐνόμισε,
2811 3099 3114 3172 χρήσασθαι
3159 3101 3216 3154 δὲ
3262 3102 3343 3165 είς
3391 3100 3726 3171 κατασκευὴν
3799 3103 3924 3156 τῶν

2339 3191 2515 3264 ἑαυτῷ
2545 3192 2844 3247 δοκούντων
2889 3194 3002 3256 τοῖς
3036 3191 3297 3256 ἐναντίοις
3330 3192 3466 3265 (il),
3494 3193 3568 3256 ὡς
3595 3193 3712 3246 οὐδὲ
3733 3193 3925 3248 αὑτὸν

2336 3285 2401 3337 ἂν
2440 3285 2706 3356 Ὠριγένη,
2734 3283 2789 3337 sl
2819 3301 2872 3337 τι
2906 3285 2997 3338 τὸν
3023 3283 3180 3354 λόγον
3207 3284 3498 3340 ἀποδοῦναι
3528 3285 3751 3338 δυνατὸν
3783 3282 3920 3358 Ira;

2351 3375 2436 3428 'Ev
2473 3375 2680 3438 τούτοις
2714 3377 2743 3428 6
2772 3373 3108 3446 Μάρκελλος,
3151 3373 3366 3428 ἐναντία
3412 3375 3575 3444 φάναι
3618 3373 3770 3444 αὐτῷ
3821 3375 3926 3429 τὸν

2349 3465 2596 3537 Ὦριγένη
2625 3464 2811 3530 είπὼν,
2842 3465 3229 3535 κατεψεύσατο,
3260 3465 3335 3537 μὴ
3362 3464 3603 3537 δυνηθεὶς
3638 3467 3924 3532 συνιέναι,

2337 3557 2411 3620 ὠς
2440 3557 2528 3611 διὰ
2562 3558 2660 3628 μὲν
2685 3560 2785 3627 τῆς
2814 3558 3084 3629 προτέρας
3131 3557 3485 3630 παραθέσεως
3516 3558 3577 3611 τὸ
3608 3557 3926 3626 ἀσώματον

2338 3649 2433 3702 καὶ
2459 3648 2665 3711 ἀπαθὲς
2695 3649 2788 3703 τοῦ
2817 3649 3028 3722 Πατρὸς
3068 3648 3278 3720 ἐδήλου,
3307 3649 3394 3703 διά
3423 3649 3480 3703 δὲ
3509 3649 3608 3719 τῆς
3639 3649 3927 3722 δευτέρας

2339 3738 2398 3790 τὸ
2432 3739 2504 3810 μὴ
2555 3740 2748 3810 χρόνῳ,
2782 3739 2886 3810 πρὸ
2924 3739 3138 3793 πάντων
3181 3739 3240 3792 δὲ
3275 3739 3484 3794 αἰώνων
3511 3739 3598 3792 τὸν
3643 3741 3775 3793 Υἱὺν
3813 3758 3924 3808 γε-

2338 3829 2676 3898 γεννηκέναι.
2703 3824 2866 3894 Αὖθις
2893 3829 2949 3883 δὲ
2979 3829 3096 3900 μεθ’
3125 3831 3287 3903 ἔτερα
3309 3832 3438 3902 ’περὶ⁸
3465 3830 3575 3884 τοῦ-
3593 3831 3925 3901 Ὠριγένους

2337 3923 2365 3973 ὁ
2395 3920 2555 3982 αὐτὸς
2582 3919 2754 3973 ταῦτα
2778 3920 2978 3990 γράφει
3003 3937 3016 3951 ο
3047 3939 3064 3971 ι
3098 3920 3312 3985 Καίτοι,
3337 3923 3386 3974 εί
3409 3921 3490 3974 δεῖ
3511 3921 3734 3992 τάληθὲς
3775 3925 3923 3995 περὶ

2345 4029 2363 4061 ι
2409 4009 2712 4082 Ὠριγένους
2735 4011 2927 4076 εἰπεῖν,
2961 4010 3118 4064 τοῦτο
3150 4012 3414 4084 προσήκει
3439 4011 3640 4080 λέγειν,
3665 4011 3745 4064 ὅτι
3775 4013 3921 4086 ἄρτι

2343 4119 2363 4152 ι
2398 4101 2506 4154 τῶν
2535 4100 2673 4154 κατά
2700 4100 3014 4171 φιλοσοφίαν
3035 4101 3274 4165 ἀποστὰς
3306 4101 3655 4173 μαθημάτων,
3677 4102 3773 4155 καὶ
3791 4108 3924 4169 τοῖς

2344 4212 2362 4244 ι
2391 4192 2554 4256 θείοις
2565 4193 2818 4263 ὁμιλῆσαι
2830 4193 3182 4266 προελόμενος
3196 4193 3395 4262 λόγοις,
3413 4193 3517 4264 πρὸ
3529 4193 3623 4262 τῆς
3636 4195 3924 4264 ἀκριϐοῦς

2343 4304 2361 4335 ι
2399 4283 2505 4338 τῶν
2528 4284 2756 4355 Γραφῶν
2777 4284 3147 4356 καταλήψεως,
3170 4283 3258 4338 διὰ
3272 4285 3333 4338 τὸ
3356 4284 3489 4338 πολὺ
3509 4286 3601 4339 καὶ
3617 4285 3923 4356 φιλότιμον

2343 4395 2361 4426 ι
2400 4376 2496 4446 τῆς
2522 4374 2714 4439 ἔξωθεν
2738 4375 3090 4437 παιδεύσεως,
3105 4373 3296 4428 θᾶττον
3316 4375 3410 4428 τοῦ
3430 4375 3634 4439 δέοντος
3655 4373 3924 4446 ἀρξάμε-

682 4464 805 4509 ante
843 4458 1034 4512 secula
1061 4461 1240 4513 omnia
1271 4462 1646 4528 progenuisse.
1699 4462 1828 4516 Post
1861 4464 2112 4530 deinceps
2163 4465 2230 4519 de

2341 4485 2358 4518 ι
2399 4467 2847 4538 ωςὺπογράφειν,
2865 4467 2969 4551 ὐῑπδ
2979 4465 3086 4519 τῶν
3099 4465 3199 4536 τῆς
3218 4465 3530 4534 φιλοσοφίας
3548 4465 3811 4536 παρήχθη
3830 4467 3924 4520 λό-

684 4544 914 4616 Origene
951 4553 1009 4610 ›Ῑ‹
1056 4550 1194 4604 idem
1231 4551 1425 4604 iterum
1485 4551 1673 4605 scribit
1725 4551 1841 4623 [Β.
1881 4551 2134 4606 LXXVIII
2164 4555 2222 4625 ἰε

686 4654 704 4686 ι
750 4635 900 4703 Quod
924 4639 968 4692 si
1003 4653 1186 4692 verum
1227 4639 1384 4695 fateri
1409 4642 1473 4695 de
1497 4641 1728 4713 Origene
1759 4643 2067 4708 debeamus,
2098 4645 2230 4700 illud,

751 4779 810 4837 >14
841 4772 939 4828 Ed.
967 4773 1165 4839 Paris.,
1197 4790 1318 4844 pag.
1358 4776 1448 4832 25.

2339 4577 2357 4609 ι
2398 4575 2527 4626 γων,
2554 4558 2647 4618 καί
2672 4576 2793 4613 τινα
2815 4559 2882 4612 δι’
2904 4558 3100 4623 αὐτοὺς
3130 4557 3192 4610 οὐ
3226 4556 3404 4621 καλῶς
3432 4557 3690 4630 γέγραφε.
3726 4557 3920 4628 Δῆλον

2340 4668 2359 4699 ι
2395 4649 2452 4702 δέ
2485 4666 2499 4681 ·
2546 4647 2625 4702 ἔτι
2660 4648 2769 4720 γὰρ
2816 4647 2925 4702 τῶν
2975 4646 3068 4700 τοῦ
3128 4646 3410 4710 Πλάτωνος
3457 4646 3568 4718 (12)
3612 4648 3921 4719 μεμνημέ-

748 4913 860 4984 (IO)
1037 4913 1332 4990 δύνασᾴαι
1363 4930 1454 4967 πω
1497 4919 1760 4990 πατέρες.
1796 4917 1893 4973 Vel
1925 4919 2114 4990 Πατὴρ
2144 4915 2220 4972 εῖ-

677 5002 760 5037 ναι
787 4993 842 5036 υι
869 4983 1147 5057 ad‘lieujn‘
1165 4983 1459 5057 referatur,
1490 4996 1582 5038 aut
1601 4983 2030 5055 distinguendum
2063 4983 2221 5057 post,

678 5071 782 5119 πω,
816 5061 938 5105 ante
961 5051 1337 5117 ἀναὸἀλλεται,
1363 5055 1512 5108 deest
1538 5057 1604 5108 εἶ’
1625 5057 1738 5110 dele
1759 5051 1851 5111 iui
1874 5068 1995 5113 ante
2012 5051 2221 5120 ἑαυτόν,

675 5134 729 5194 et
765 5131 887 5194 ante
918 5122 990 5184 ὡς
1009 5192 1017 5194 ν
1034 5122 1137 5194 δίς
1154 5123 1296 5176 -Μοι
1319 5124 1472 5194 volgo
1487 5125 1579 5176 τοῦ
1600 5144 1647 5181 τ.
1667 5127 1822 5194 Tim");
1845 5129 1966 5182 dein
1991 5130 2042 5180 τί
2066 5129 2223 5183 ἀναδ.

680 5193 765 5262 Β..
788 5191 910 5244 dein
933 5192 1090 5262 vulgo
1111 5193 1299 5246 ἑαυτὸν
1322 5193 1413 5245 τοῦ
1439 5211 1515 5257 κ.,
1551 5211 1707 5262 porro
1731 5197 1792 5250 Β.
1809 5191 1954 5252 ἐἶναι
1985 5198 2136 5262 Υἱοῦ,
2163 5200 2225 5251 οὐ

677 5261 878 5336 γίνεται
917 5259 1104 5336 Πατήρ
1132 5279 1146 5327 ;
1179 5263 1408 5336 denique
1456 5259 1614 5336 vulgo
1661 5267 1892 5336 ἐνόμιζε.
1937 5259 2132 5322 Ροττο
2160 5269 2226 5322 ad

689 5332 856 5406 ὀρ-ιγ.
883 5329 1131 5406 «ξηρή-ς.
1159 5345 1257 5406 0p._
1277 5329 1467 5406 ed._c_ie
1491 5329 1676 5406 laA'Bue
1709 5329 1896 5406 t.'I,Vp.
1923 5338 2012 5392 45.

767 5403 854 5471 II)
899 5400 1025 5465 Τοῖς
1056 5401 1494 5477 ἐναντίομιςΝυΙι
1524 5403 1798 5458 Paulinum
1819 5400 1881 5462 ea
1908 5410 1974 5461 ab
1995 5406 2225 5477 Origene

677 5481 994 5548 mutuatum,
1034 5487 1152 5548 quae.
1196 5473 1298 5548 sibi
1347 5477 1800 5548 contradicerent,
1842 5491 1897 5531 et
1940 5478 2059 5531 aliis
2095 5473 2226 5530 alibi

2394 5478 2502 5548 (I2)
2543 5473 2665 5548 Ἔτι
2696 5473 2805 5546 γὰρ
2835 5474 2952 5548 τῷν⁹
2981 5476 3100 5548 τοῦλ
3126 5475 3463 5541 Πλάτωνος.
3499 5474 3909 5548 Ορίηοι--δῆλον

678 5542 1012 5618 dogmatibus
1061 5540 1595 5618 Origettianis,‘a_deo
1647 5556 1704 5598 ut
1753 5561 1819 5600 ne
1851 5548 1965 5610 ipse
2003 5549 2221 5616 quidem

2339 5549 2378 5602 ῑέ
2401 5540 2534 5601 ἐστιν
2573 5547 2681 5600 τῶν
2703 5540 2953 5618 ’γάρλῶὖ
2994 5546 3278 5618 Πλάτωνος
3309 5540 3672 5618 μεμνημένος,
3693 5540 3906 5602 Verum

676 5609 930 5686 Origenes
978 5625 1059 5686 e_a_
1091 5609 1303 5686 posset,
1332 5614 1600 5686 redivivus
1641 5618 1986 5686 reconciiiaie
2005 5609 2217 5683 {legen-
2323 5629 2406 5672 est
2434 5619 2574 5683 quod
2600 5609 2810 5672 cens'ui't
2834 5617 3114 5672 Marcellus
3137 5619 3203 5670 de
3223 5609 3614 5686 Ori‘ge'iie.'éum
3639 5617 3706 5667 de
3732 5621 3906 5670 scho-

673 5677 805 5756 (Inn'i
827 5677 1101 5756 ςγδι)ιῖον
1124 5680 1241 5756 ούδὲ
1263 5680 1337 5756 ᾖν
1365 5682 1525 5756 αὐτὸν
1557 5685 1806 5755 Ὠριγένη
1833 5677 2049 5739 tame»;
2069 5677 2223 5754 λόγον

2348 5691 2390 5742 is
2440 5677 2751 5750 Platonicis,
2777 5701 3005 5756 quarum
3051 5686 3225 5741 sacris
3271 5677 3390 5741 er'at
3419 5700 3526 5740 non
3567 5684 3757 5756 IAeViter
3793 5688 3904 5739 ini-

673 5748 980 5818 ἀποδοῦναι,
1010 5749 1229 5831 δυνατὸν
1260 5748 1347 5822 ἦν.
1373 5753 1516 5811 Sane
1542 5748 1755 5811 videtur
1793 5748 1848 5812 et
1897 5748 2229 5813 Athanasius

2339 5762 2508 5824 Liatus,
2524 5760 2619 5813 sed
2645 5768 2700 5812 ut
2726 5748 2776 5811 in
2796 5748 3048 5828 'margine
3068 5757 3314 5823 habetur,
3335 5754 3706 5827 μεμυημένος,
3723 5759 3902 5813 multa

2323 4919 2390 4973 de
2420 4913 2871 4988 Origeneeadem
2923 4918 3221 4988 censuisse,
3252 4930 3389 4988 eum
3418 4915 3472 4970 in
3511 4913 3650 4988 libro
3685 4913 3761 4988 De
3813 4919 3920 4972 de-

2322 4990 2472 5042 cretis
2499 4983 2709 5041 concilii
2739 4983 2948 5056 Meneni
2978 4987 3180 5056 scribat
3204 5004 3218 5038 :
3243 4986 3312 5056 ’ᾼ
3339 4985 3436 5056 μὲν
3463 4983 3570 5054 γὰρ
3590 4985 3673 5056 ᾡς
3713 4985 3915 5056 ζητῶν

2325 5059 2416 5110 καὶ
2439 5056 2728 5128 γυμνάζων
2767 5053 2969 5126 ἔγραψε
2987 5095 3003 5119 ,
3027 5055 3216 5138 ταῦτα,
3242 5053 3322 5176 μη
3341 5053 3415 5118 ὡς
3454 5053 3616 5108 αὑτοῦ
3642 5053 3919 5136 φρονοῦν-

2325 5145 2413 5176 τος
2444 5126 2685 5176 λεγέσθω
2711 5141 2813 5176 τις.
2844 5125 2977 5176 ἀλλά
3003 5142 3112 5176 των
3135 5125 3270 5176 πρὸς
3326 5141 3408 5176 οιν
3428 5124 3910 5176 φιλονεικούντων,

2325 5145 2413 5192 τος
2444 5124 2685 5197 λεγέσθω
2711 5124 2977 5197 τιςηάλλά
3003 5125 3112 5197 τῷν
3135 5124 3270 5197 πρὸς
3295 5124 3408 5197 ἔριν
3428 5124 3913 5197 φιλονειξιούντων,

2329 5200 2386 5250 ὲν
2417 5198 2494 5267 τῷ
2520 5193 2709 5266 ζητεῖν
2746 5193 2934 5267 eum,
2963 5195 3158 5267 όρίζων
3181 5193 3562 5267 ἀποφαίνοιτο.
3613 5194 3704 5267 Sic
3745 5210 3913 5252 enim

2327 5259 2620 5338 lgegetidaet
2641 5259 3019 5338 distinguenda:
3042 5259 3186 5338 sunt.
3316 5259 3386 5305 ί·-
3417 5265 3480 5318 R.
3502 5259 3580 5338 ὧν
3597 5263 3703 5316 οὐδ’
3729 5268 3916 5338 αὐτὸν

2324 5333 2490 5390 ἃνἾ).
2517 5337 2723 5404 εἴποιμι
2742 5353 2794 5388 τ.
2819 5334 2869 5388 λ.
2893 5336 3048 5389 ἀποδ.
3073 5335 3356 5398 δύνασθαι,
3383 5340 3474 5404 qui
3500 5333 3635 5387 infra
3659 5336 3914 5404 γράφειν

2327 5407 2445 5461 loco
2474 5407 2834 5476 ὑπογράφειν.
