4070 6304
302 378 411 440 765

1452 386 1731 443 CONTRA
1770 384 2199 444 MARCELLUM
2236 386 2364 443 LIB.
2406 385 2446 441 I.

3463 387 3571 443 766

301 495 623 565 τριάκοντα
662 500 761 554 καὶ
798 500 1076 556 διακόσια
1110 502 1235 569 ἐτη,
1270 500 1368 553 καὶ
1408 501 1701 569 ἐγέννησε
1742 500 1871 553 κατι

2000 517 2021 551 ι
2054 510 2227 570 guunt
2257 514 2423 569 quam
2455 497 2676 568 impiam
2709 505 2925 553 tueatur
2955 496 3002 553 is
3041 496 3334 554 deodeitate
3356 497 3571 568 Opinio-

304 585 420 656 τὴν
448 589 620 645 ἰδέαν
657 592 846 646 αὐτοῦ
878 594 975 645 και
1011 593 1161 646 κατὰ
1193 592 1307 660 τὴν
1326 593 1531 648 εἰκόνα
1558 591 1764 655 αὑτοῦ,
1789 592 1888 646 καὶ

302 677 658 750 ἐπωνόμασε
684 681 749 734 τὸ
766 681 952 753 ὄνομα
965 683 1150 737 αὐτοῦ
1165 684 1308 749 Σήθ.
1328 684 1436 735 Καὶ
1450 682 1578 753 περὶ
1594 683 1688 751 τῆς
1705 681 1890 750 θεότη-

304 783 401 832 τος
427 768 482 822 δὲ
510 768 604 823 τοῦ
641 768 771 823 Υίοῦ
811 773 841 824 ό
885 771 1203 834 ’Δπόστολος
1236 770 1494 832 διδάσκει,
1532 769 1735 838 λέγων·
1783 771 1889 833 Ὃς

302 859 380 912 ἐν
405 859 607 928 μορφῇ
642 860 792 915 Θεοῦ
814 856 1099 931 ὑπάρχων
1128 862 1242 929 οὐχ
1277 858 1591 929 ἁρπαγμὸν
1615 856 1887 929 ἡγήσατο

301 946 376 1001 τὸ
402 944 553 1001 εἶναι
581 949 688 1003 ισα
718 949 861 1016 Θεῷ,
895 952 1034 1007 ἀλλ’
1074 950 1290 1004 ἑαυτὸν
1313 949 1573 1004 ἐκένωσε
1592 965 1604 979 ·
1653 948 1749 1001 καὶ
1782 948 1885 1001 πά-

300 1040 389 1094 λιν
412 1057 424 1072 ·
464 1042 568 1107 ’ος
595 1038 681 1095 ὢν
709 1044 1074 1112 ἀπαύγασμα
1105 1040 1213 1110 τῆς
1243 1042 1428 1111 δόξης
1454 1042 1552 1096 καί
1581 1041 1885 1111 χαρακτὴρ

302 1130 415 1201 τῆς
436 1134 851 1201 ὑποστάσεως.
882 1136 992 1189 Καὶ
1013 1136 1071 1189 ὲν
1093 1136 1300 1207 ἑτέροις
1327 1135 1383 1188 δὲ
1406 1134 1642 1205 εἴρηταν
1680 1135 1885 1190 Ἆπαύ-

298 1239 505 1294 τασμα
531 1226 642 1295 γάρ
664 1228 794 1281 ἐστι
814 1226 1011 1296 φωτὸς
1025 1227 1242 1290 ἀϊδίου,
1272 1228 1372 1281 καί
1391 1227 1713 1294 εῑσοπτρον
1737 1226 1882 1291 ἀκη-

293 1314 556 1369 λίδωτον
591 1316 700 1385 τῆς
737 1317 843 1372 τοῦ
895 1317 1041 1373 Θεοῦ
1075 1318 1395 1387 ἐνεργείας,
1426 1317 1523 1371 καί
1550 1316 1727 1371 είκὼν
1772 1314 1881 1383 τῆς

295 1406 666 1476 ἀγαθότητος
698 1408 902 1465 αὐτοῦ’
945 1404 1101 1471 αὖθις
1131 1408 1187 1461 δὲ
1227 1410 1255 1460 ὁ
1297 1407 1644 1470 ’Λπόστολοςσ
1691 1408 1882 1460 Ἀπεκ-

296 1496 626 1568 δυσὰμενοι
654 1498 760 1552 τὸν
783 1499 1045 1555 παλαιὸν
1069 1498 1401 1567 ἄνθρωπον,
1433 1498 1530 1552 καὶ
1555 1497 1878 1567 ἐνδυσάμε-

296 1604 395 1642 νοι
414 1592 521 1643 τὸν
554 1589 715 1655 νέον,
746 1590 854 1643 τὸν
878 1591 1392 1660 ἀνακαινούμενον
1418 1592 1503 1655 είς
1528 1589 1875 1657 ἐπίγνωσιν,

1998 612 2018 644 ι
2057 608 2200 648 nem.
2227 593 2361 647 Nam
2394 592 2486 661 qui
2514 598 2695 662 potest
2732 588 2865 645 illud
2899 588 3042 655 fieri,
3070 596 3130 643 ut
3160 588 3253 659 qui
3304 588 3570 645 Dominus

1996 703 2016 736 ι
2047 696 2101 740 et
2133 685 2273 742 Deus
2296 694 2458 739 natus
2492 694 2597 747 est,
2628 683 2770 751 quod
2796 690 2912 737 erat
2939 681 3008 737 ab
3039 681 3133 735 illo
3163 681 3218 735 in
3250 681 3565 759 preceden-

1995 796 2014 827 ι
2061 778 2203 831 tibus
2263 777 2520 845 positum,
2576 774 2670 829 Dei
2733 774 2914 843 imago
2958 771 3268 827 diceretur?
3293 770 3452 824 Aliud
3484 779 3570 825 est

1994 881 2013 914 ι
2055 864 2255 932 quippe
2287 864 2425 916 Deus
2458 881 2472 916 :
2504 870 2557 916 el
2586 862 2763 929 imago
2790 860 2887 915 Dei
2919 859 3085 913 aliud.
3106 858 3247 929 Ergo
3268 859 3359 928 qui
3390 859 3569 927 imago

1991 972 2011 1005 ι
2040 962 2170 1017 est,
2208 968 2314 1007 non
2358 961 2441 1007 est
2471 954 2517 1007 is
2547 953 2732 1021 utique
2783 950 3044 1007 Dominus
3096 958 3193 1003 aut
3238 949 3413 1005 Deus:
3470 951 3568 1005 sed

1992 1063 2011 1098 ι
2057 1044 2269 1099 Domini
2299 1044 2499 1111 imago,
2533 1053 2698 1113 atque
2731 1042 2849 1099 Dei.
2895 1040 3051 1108 Quod
3107 1040 3153 1096 si
3183 1039 3448 1095 Dominus
3478 1053 3569 1093 re-

1990 1156 2009 1189 ι
2050 1151 2176 1191 vera
2211 1137 2280 1190 sit
2308 1147 2362 1190 et
2390 1134 2555 1199 Deus,
2583 1150 2688 1190 non
2713 1142 2894 1204 potest
2913 1146 3039 1189 esse
3067 1133 3246 1203 imago
3274 1131 3366 1187 Dei
3398 1140 3566 1202 atque

1990 1245 2008 1279 ι
2038 1226 2270 1281 Domini.
2312 1246 2329 1278 ι
2366 1225 2489 1281 llam
2522 1224 3076 1282 inconsideratissime
3104 1223 3184 1280 sic
3226 1222 3295 1278 ab
3323 1222 3414 1277 illo
3444 1232 3562 1278 sta-

1983 1329 2238 1373 tuuntur:
2292 1319 2515 1373 minime
2561 1327 2743 1372 autem
2802 1314 3091 1381 intellexit,
3158 1327 3315 1384 posse
3364 1312 3562 1368 Filium

1986 1413 2044 1470 >14
2076 1407 2201 1472 dici,
2232 1408 2408 1461 vivam
2457 1407 2749 1476 imaginem
2792 1405 2976 1460 Patris
3023 1405 3105 1459 sui
3134 1444 3151 1468 ,
3200 1419 3323 1458 cum
3354 1404 3429 1458 sit
3463 1418 3565 1458 suo

1984 1495 2129 1550 Patri
2164 1512 2325 1565 quam
2361 1496 2694 1551 simillimus.
2745 1494 2859 1550 Hoc
2897 1507 2952 1551 et
2997 1494 3280 1563 Scriptura
3334 1502 3566 1549 testatur

1983 1589 2231 1658 inquiens
2264 1607 2277 1642 :
2324 1585 2460 1642 Vixit
2508 1600 2683 1641 autem
2717 1588 2884 1641 Adam
2908 1588 3161 1640 ducentos
3189 1602 3358 1639 annos
3393 1596 3441 1639 et
3476 1587 3566 1638 tri-

295 1681 428 1732 xat’
454 1680 657 1734 εἰκόνα
686 1680 790 1735 τοῦ
820 1682 1161 1747 κτίσαντος,
1196 1682 1391 1750 λέγων,
1423 1679 1582 1749 δῆλός
1616 1681 1782 1743 ἐστιν,
1815 1680 1871 1731 οὐ

1979 1681 2144 1749 ginta,
2174 1692 2219 1734 et
2260 1684 2435 1751 genuit
2460 1682 2746 1735 secundum
2779 1681 3061 1749 imaginem
3083 1690 3131 1732 et
3158 1678 3563 1731 similitudinem

295 1768 398 1840 τὴν
440 1770 617 1840 σάρκα
653 1769 902 1841 εἰρῆσθαι
940 1769 1205 1823 διδάσκων
1247 1772 1346 1839 τὴν
1381 1769 1564 1822 εἰκόνα
1613 1763 1751 1821 εἶναι
1783 1766 1871 1819 τοῦ

1980 1790 2129 1826 suam
2180 1773 2374 1841 ﬁlium,
2428 1789 2648 1843 eumque
2706 1774 2995 1826 nominavit
3046 1770 3171 1826 Selii
3212 1773 3278 1824 ".
3312 1772 3386 1825 De
3435 1769 3560 1823 Filii

293 1839 454 1914 Θεοῦ.
482 1839 739 1924 Μεταϐάς
763 1839 824 1913 δὲ
854 1858 1009 1925 αὖθις
1033 1862 1349 1932 Μάρκελλος
1372 1861 1464 1913 ἐπὶ
1496 1862 1621 1923 τοὺς
1650 1859 1871 1911 ἐπισκό-

1979 1873 2157 1917 autem
2181 1839 2474 1919 divinitate
2501 1839 2791 1933 Apostolus
2827 1864 3007 1928 docet,
3050 1864 3274 1917 dicens:
3309 1862 3411 1926 Qui
3444 1878 3564 1914 cum

291 1966 452 2016 πους,
486 1944 589 2005 ὧδε
629 1950 859 2022 γράφειο
900 1972 919 2004 ι
989 1952 1118 2007 ’1δού
1167 1952 1277 2025 γάρ
1306 1953 1368 2005 τὸ
1412 1952 1555 2006 κατὰ
1601 1952 1871 2021 Ἀστέριον

1979 1958 2030 2008 in
2068 1955 2241 2022 [arma
2277 1953 2371 2008 Dei
2408 1956 2698 2019 exsisteret,
2719 1971 2822 2006 non
2857 1955 3033 2023 utique
3062 1956 3303 2021 rapinam
3334 1953 3566 2005 arbitra-

296 2059 319 2093 ε
364 2043 509 2113 ἡμᾶς
543 2042 653 2113 (18)
692 2044 752 2096 οὐ
784 2043 1035 2097 τοσοῦτον
1073 2044 1252 2104 λυπεῖ,
1287 2044 1337 2095 εί
1365 2041 1589 2095 τοιαῦτα
1623 2040 1870 2113 προήχθη

1979 2053 2060 2096 tus
2093 2055 2166 2097 est
2186 2086 2200 2109 ,
2224 2060 2332 2097 esse
2348 2061 2401 2097 sc
2427 2045 2679 2113 aequalem
2711 2043 2860 2097 Deo:
2889 2043 2979 2096 sed
3014 2043 3347 2108 semetipsum
3381 2042 3566 2095 exina-

295 2152 316 2184 ι
360 2132 615 2203 γράφειν,
638 2132 753 2186 ἀλλ’
778 2134 858 2187 ὅτι
885 2134 977 2186 καί
1007 2151 1150 2197 τινες
1176 2133 1284 2186 τῶν
1311 2133 1639 2204 προεστάναι
1656 2132 1871 2185 δοκούν-

1979 2136 2102 2187 nivit
2139 2135 2219 2199 ul;
2252 2144 2306 2188 et
2343 2136 2535 2189 iterum
2572 2150 2586 2185 :
2613 2133 2746 2188 Cum
2768 2144 2895 2188 esset
2924 2134 3110 2203 gloria:
3135 2134 3558 2201 resplendescen-

292 2243 313 2275 ι
358 2240 465 2277 των
483 2224 581 2295 τῆς
618 2223 964 2293 Ἐκκλησίας,
982 2226 1081 2295 τῆς
1108 2223 1206 2294 μὲν
1224 2222 1590 2292 άποστολικῆς
1617 2222 1871 2275 ἐπιλαθό-

1979 2226 2051 2278 tia
2103 2236 2149 2277 et
2177 2227 2466 2290 emanatio,
2496 2237 2545 2280 et
2572 2228 2849 2280 character
2888 2226 3186 2295 [typostasis
3216 2226 3284 2276 δν.
3333 2224 3399 2278 Ει
3430 2224 3562 2277 alibi

289 2328 314 2363 α
361 2326 511 2381 μενοι
531 2311 899 2382 παραδόσεως,
931 2312 999 2365 τὰ
1020 2312 1077 2365 δὲ
1110 2310 1309 2378 ἔξωθεν
1340 2311 1448 2367 τῶν
1487 2312 1646 2365 θείων
1679 2328 1869 2385 προτι-

1979 2317 2171 2371 dicitur
2206 2334 2220 2369 :
2254 2315 2409 2371 Lucis
2446 2319 2635 2371 etenim
2654 2328 2866 2374 caterua:
2898 2328 2971 2371 est
2995 2317 3283 2381 emanatio,
3303 2327 3350 2369 et
3378 2331 3563 2383 specu-

292 2420 316 2453 σ
364 2402 652 2473 μήσαντες,
679 2402 901 2457 τοιαῦτά
923 2420 1041 2456 τινα
1070 2403 1277 2475 γράψαι
1300 2420 1359 2456 τε
1380 2404 1474 2457 καὶ
1495 2403 1701 2471 διδάξαι
1724 2405 1871 2458 ὲτόλ-

1979 2406 2081 2460 lum
2129 2406 2525 2460 immaculatum
2562 2407 2659 2461 Dei
2691 2408 3030 2475 operationis,
3074 2414 3124 2459 et
3168 2407 3344 2474 imago
3392 2405 3561 2473 ipsius

290 2509 314 2544 ε
362 2507 563 2563 μησαν,
614 2492 650 2546 ἃ
700 2492 849 2545 οὐδὲν
891 2492 1110 2548 ἔλαττον
1155 2494 1256 2564 τῆς
1298 2494 1407 2548 τῶν
1454 2496 1870 2567 προειρημένων

1979 2499 2219 2553 bonitatis
2246 2501 2333 2565 '°;
2376 2508 2429 2554 et
2465 2501 2758 2569 Apostolus
2790 2499 2966 2553 adhuc
3001 2517 3012 2551 :
3055 2497 3303 2551 Devertiti
3342 2505 3563 2551 veterem

290 2602 315 2638 ε
357 2584 538 2657 ῑχεται
564 2586 791 2658 πλάνης.
834 2607 851 2640 ι
885 2588 995 2641 Καὶ
1034 2588 1151 2659 μεθ’
1181 2589 1345 2661 ἔτερα
1370 2590 1635 2658 ἐπιλέγειο
1674 2609 1692 2643 ι
1754 2591 1870 2643 Ἐν-

1979 2591 2251 2655 hominem,
2283 2600 2331 2645 et
2363 2607 2553 2644 novum
2579 2591 2753 2643 induti
2781 2593 2873 2658 qui
2904 2600 3192 2644 renovatur
3224 2589 3277 2642 in
3301 2585 3564 2657 cognitio-'-

288 2694 312 2729 ι
356 2676 532 2747 τυχὼν
555 2677 666 2748 γὰρ
693 2679 1005 2750 Ναρκίσσου
1038 2678 1133 2733 τοῦ
1163 2681 1499 2749 Νερωνιάδος
1528 2683 1868 2753 προεστῶτος

1979 2697 2107 2745 nem,
2153 2680 2441 2735 secundum
2474 2682 2754 2751 imaginem
2783 2680 3091 2736 Conditoris
3120 2683 3188 2731 ιί.
3254 2679 3385 2747 Quae
3435 2694 3563 2735 cum

286 2786 313 2821 ι
356 2769 632 2840 ιπιστολῇ,
657 2771 722 2841 ἢν
744 2772 987 2842 γέγραφε
1012 2774 1148 2844 πρὸς
1177 2774 1423 2845 Χρηστόν
1454 2774 1565 2845 (I9)
1593 2792 1734 2840 τινα,
1776 2776 1867 2829 καὶ

1979 2771 2135 2837 dicat,
2204 2773 2337 2827 satis
2389 2781 2541 2842 patet
2601 2788 2706 2827 non
2772 2774 3007 2828 voluisse
3059 2774 3212 2827 illum
3260 2772 3565 2843 intelligere

286 2878 313 2914 ι
356 2861 670 2932 Εὐφρόνιον,
696 2864 788 2916 καὶ
815 2864 1093 2929 Εὐσέϐιον,
1120 2865 1195 2927 ὡς
1233 2866 1409 2918 Ὀσίου
1436 2865 1533 2919 τοῦ
1566 2866 1865 2920 ἐπισκόπου

1979 2877 2188 2918 carnem
2220 2877 2342 2917 esse
2378 2861 2673 2927 imaginem
2704 2863 2819 2919 Dei.
2854 2862 3150 2917 Trausiens
3184 2863 3313 2917 hinc
3341 2861 3565 2917 Marcel-

290 2967 315 3003 s
356 2951 726 3023 ιρωτήσαντος
758 2954 941 3018 αὐτὸν,
969 2956 1040 3018 εί,
1069 2953 1257 3027 ὥσπερ
1285 2954 1542 3019 Εὐσέόιος
1566 2958 1594 3009 ὁ
1621 2957 1721 3027 τῆς
1752 2957 1867 3013 Πα-

1979 2952 2051 3006 ius
2074 2954 2140 3005 ad
2163 2952 2447 3020 episcopos
2480 2951 2553 3008 ita
2582 2952 2770 3006 scribit
2810 2951 2905 3021 [ιι.
2939 2950 3257 3023 LXXXVII]
3294 2972 3308 3007 :
3352 2971 3371 3002 ι
3420 2951 3563 3007 Ecce

290 3061 313 3094 ι
358 3043 633 3114 λαιστίνης
659 3044 751 3098 δύο
779 3045 967 3108 οὐσίας
1001 3041 1140 3099 εἷναί
1187 3063 1370 3116 φησιν,
1402 3045 1544 3100 οὕτω
1585 3049 1679 3103 καὶ
1703 3048 1865 3113 αὐτὸς

1979 3062 1993 3097 ι
2032 3058 2181 3107 vero,
2216 3059 2319 3098 non
2354 3056 2463 3098 tam
2510 3045 2710 3098 Asterii
2744 3060 2907 3099 causa
2952 3059 3053 3100 nos
3086 3058 3323 3099 maerore
3371 3042 3557 3105 allicit,

288 3153 314 3189 ι
355 3135 526 3205 λέγοι.
551 3138 762 3206 Ἔγνων
788 3138 949 3192 αὐτὸν
970 3137 1079 3208 (20)
1097 3137 1205 3191 ἀπὸ
1238 3137 1343 3191 τῶν
1359 3139 1697 3210 γραφέντων,
1718 3143 1866 3211 τρεῖς

1979 3137 2079 3192 ιιιί
2134 3134 2500 3191 talia.litteris
2533 3136 2844 3200 mandavit,
2896 3150 3059 3206 quam
3115 3136 3258 3205 quod
3312 3134 3558 3188 nonnulli

288 3247 314 3282 ε
355 3224 493 3284 εἶναι
520 3229 795 3283 πιστεύειν
824 3230 1011 3294 οὐσίας
1054 3231 1497 3302 ἀποκρινόμενον.
1536 3251 1555 3283 ›
1590 3231 1754 3285 Ταῦτ’
1785 3235 1864 3286 εί-

1979 3252 1995 3284 ι
2042 3232 2131 3302 qui
2153 3246 2385 3301 praeesse
2404 3230 2655 3284 videntur
2672 3228 2953 3295 Ecclesiae,
2979 3229 3288 3298 apostolica:
3316 3228 3563 3282 traditio-

284 3319 430 3384 πὼν,
456 3320 567 3374 ἀπὸ
601 3319 694 3373 τοῦ
728 3320 1039 3393 Ναρκίσσου
1068 3324 1159 3375 ἐπὶ
1194 3322 1285 3375 τὸν
1322 3321 1580 3375 Εὐσέϐιον
1613 3323 1867 3393 μεταϐαί-

282 3428 389 3477 νει,
429 3411 771 3483 κατηγορῶν,
806 3412 888 3464 δτι
914 3410 1005 3464 τόν
1035 3412 1204 3481 Λόγον
1236 3412 1332 3465 τοῦ
1366 3410 1532 3477 Θεοῦ,
1567 3413 1698 3467 Θεὸν
1728 3410 1865 3467 εἶναι

280 3502 556 3572 ὁμολογεῖ.
607 3503 814 3574 Γράφει
844 3502 902 3555 δὲ
935 3503 1028 3556 καὶ
1055 3502 1183 3573 περὶ
1216 3503 1380 3555 αὐτοῦ
1431 3502 1604 3555 ταῦτα
1630 3521 1642 3533 ·
1695 3523 1713 3554 ι
1751 3506 1865 3557 Διε-

292 3615 315 3644 ο
355 3591 466 3645 λεῖν
493 3594 605 3664 γὰρ
626 3593 718 3645 τὸν
742 3593 913 3661 Λόγον
948 3591 1043 3645 τοῦ
1069 3592 1203 3645 Θεοῦ
1232 3592 1527 3664 τολμήσας,
1555 3593 1649 3646 καὶ
1679 3594 1867 3665 ἕτερον

291 3704 317 3739 ι
355 3687 489 3740 Θεὸν
520 3687 612 3739 τὸν
656 3685 829 3753 Λόγον
868 3685 1151 3754 ὀνομάσαι,
1200 3684 1358 3754 οὐσίᾳ
1401 3702 1460 3737 τε
1502 3686 1596 3737 καὶ
1640 3685 1865 3756 δυνάμει

292 3799 317 3832 ε
354 3778 619 3832 διεστῶτα
666 3777 760 3831 τοῦ
792 3778 1036 3849 Πατρὸς,
1070 3777 1147 3839 είς
1195 3778 1324 3846 ὅσην
1373 3775 1723 3849 βλασφημίαν
1772 3780 1865 3831 ὲκ-

294 3891 317 3924 s
355 3872 662 3935 πέπτωκεν,
696 3871 869 3924 ἔνεστι
899 3870 1084 3938 σαφῶς
1112 3869 1206 3923 ἀπ’
1231 3870 1409 3923 αὐτῶν
1438 3870 1545 3924 τῶν
1572 3872 1662 3924 ὐπ’
1703 3872 1866 3924 αὐτοῦ

293 3979 317 4013 s
356 3962 676 4032 γραφέντων
720 3960 897 4032 ῥητῶν
947 3961 1142 4032 ῥᾳδίως
1187 3959 1496 4031 μανθάνειν.
1554 3980 1572 4011 ι
1616 3962 1864 4033 Γέγραφε

285 4052 347 4106 δὲ
380 4054 567 4117 αὐταῖς
588 4053 794 4117 λέξεσιν
820 4052 995 4115 οὕτως
1014 4069 1025 4082 ·
1061 4071 1079 4102 ι
1118 4052 1193 4104 υύ
1227 4053 1289 4121 δή
1317 4070 1418 4104 που
1442 4052 1500 4104 δὲ
1525 4054 1559 4122 ἡ
1587 4052 1750 4105 εἰκὼν
1773 4054 1867 4107 καὶ

291 4168 311 4197 ι
352 4146 413 4200 τὺ
447 4140 508 4201 οὗ
560 4148 707 4199 ἔστιν
756 4148 789 4216 ή
829 4145 1011 4208 εἰκὼν,
1048 4145 1104 4198 ἓν
1155 4146 1245 4199 καὶ
1289 4145 1486 4199 ταύτὸν
1530 4147 1860 4199 ἐπινοεῖται·

1974 3340 1993 3372 ι
2039 3320 2128 3373 nis
2160 3319 2337 3383 obliti,
2370 3327 2426 3373 et
2457 3319 2738 3374 saecularia
2768 3319 2966 3373 divinis
2996 3318 3371 3389 praeferentes,
3407 3318 3559 3387 ejus-

1973 3430 1991 3461 ι
2034 3411 2240 3466 cemotli
2270 3411 2515 3480 quasdam
2549 3410 2793 3464 scribere
2824 3419 2878 3464 et
2908 3410 3105 3465 docere
3147 3410 3325 3479 palam
3358 3409 3562 3464 fuerint

1975 3519 1993 3553 ι
2041 3504 2181 3566 ausi,
2222 3517 2341 3571 qute
2364 3516 2472 3556 non
2504 3502 2684 3556 minus
2719 3516 2881 3569 quam
2906 3500 3268 3569 praecedentia
3313 3515 3558 3556 errorem

1973 3613 1990 3643 ι
2041 3594 2336 3662 implicant.
2368 3612 2385 3645 ι
2410 3593 2612 3648 Deinde
2634 3593 2913 3664 subiungit
2948 3602 3069 3663 post
3096 3593 3350 3647 nonnulla
3378 3592 3559 3646 inter-

1960 3687 2143 3756 jecta:
2185 3687 2393 3740 «Incidi
2433 3686 2725 3753 aliquando
2774 3686 2827 3740 in
2886 3685 3170 3754 epistolam
3218 3701 3248 3739 a
3303 3683 3558 3739 Narcisso

1973 3800 1991 3832 ι
2038 3779 2297 3848 scriptam
2329 3778 2651 3833 Neroniadis
2677 3780 2951 3848 episcopo,
2980 3794 3143 3847 quam
3166 3778 3229 3830 ad
3262 3776 3555 3831 Cbrestum

1973 3891 1991 3925 ι
2038 3872 2327 3941 quemdam
2366 3872 2563 3927 direxit
2592 3881 2647 3924 et
2677 3871 3046 3939 Euphronium
3074 3911 3089 3935 ,
3125 3879 3180 3925 et
3227 3869 3555 3932 Eusebium,

1974 3984 1991 4017 ι
2040 3965 2194 4035 quasi
2223 3965 2503 4033 proposita
2537 3964 2638 4033 ipsi
2665 3964 2733 4018 ab
2759 3962 2922 4017 Hosio
2952 3961 3206 4031 episcopo
3236 3959 3557 4026 quaestione,

1974 4074 1991 4108 ι
2040 4065 2221 4110 utrum
2270 4057 2421 4126 ipse,
2477 4056 2638 4109 veluti
2695 4054 2962 4109 Eusebius
3025 4043 3372 4116 Palaestinus,
3426 4053 3559 4107 duas

1974 4165 1992 4198 ι
2039 4148 2372 4202 substantias
2402 4146 2686 4201 fateretur.
2709 4145 2859 4200 Hanc
2886 4146 2975 4199 ubi
3006 4145 3264 4215 legeram,
3308 4146 3557 4198 animad-

294 4257 315 4290 ι
352 4237 487 4291 ἀλλὰ
514 4238 608 4291 δύο
639 4238 736 4307 μὲν
767 4237 967 4300 οὐσίαι,
1005 4238 1096 4291 καὶ
1135 4237 1225 4289 δύο
1262 4237 1559 4307 πράγματα
1581 4277 1595 4300 ,
1637 4239 1730 4290 καὶ
1775 4239 1867 4291 δύο

1979 4256 1993 4289 ι
2043 4239 2184 4292 verti
2254 4249 2308 4294 et
2344 4239 2518 4308 ipsum
2559 4239 2765 4307 scripto
2805 4238 2895 4292 illo
2929 4252 3029 4291 suo
3081 4248 3191 4291 tres
3221 4237 3559 4291 Substantias

293 4347 313 4379 ι
350 4326 643 4397 δυνάμεις,
684 4319 758 4380 ὧν
798 4327 893 4378 καὶ
954 4324 1207 4379 τοσαῦται
1254 4324 1635 4396 προσηγορίαι.
1686 4344 1704 4375 ι
1756 4324 1866 4377 Καὶ

1979 4349 1991 4381 ι
2038 4330 2259 4385 omnino
2297 4330 2571 4385 confiteri.
2599 4348 2617 4381 ›
2660 4329 2785 4384 Haec
2815 4330 2905 4383 ubi
2942 4330 3097 4396 dixit,
3127 4344 3155 4380 a
3186 4327 3443 4383 Narcisso
3491 4329 3558 4381 ad

284 4415 463 4470 ταῦτα
522 4416 597 4480 ὡς
658 4416 837 4479 καλῶς
901 4415 1200 4469 διαϐάλλων
1271 4415 1594 4486 προστίθησι
1653 4416 1860 4484 λέγων·

1979 4420 2259 4476 Eusebium
2314 4420 2666 4485 transcendit,
2713 4434 2944 4488 eumque
2997 4429 3219 4475 accusat
3270 4434 3336 4474 eo
3382 4420 3559 4472 nomi-

294 4525 315 4559 ι
355 4507 480 4571 Πῶς
515 4503 607 4561 οὖν
637 4508 695 4560 οὐ
728 4506 825 4578 τὴν
854 4506 1024 4577 αὐτὴν
1054 4501 1195 4561 οὗτοι
1237 4510 1349 4569 τοῖς
1376 4507 1572 4571 ἔξωθεν
1599 4509 1861 4577 κακίστην

1979 4528 2055 4578 ιε,
2117 4512 2259 4581 quod
2301 4510 2533 4567 Verbum
2589 4511 2684 4567 Dei
2744 4512 3067 4581 profiteatur
3110 4510 3301 4564 Deum.
3359 4508 3561 4564 Scribit

294 4615 315 4649 ι
353 4595 472 4649 ὁδὸν
518 4597 847 4667 τραπέντας,
884 4596 954 4650 τὰ
994 4596 1131 4650 αὐτὰ
1171 4596 1376 4663 διδάξαι
1424 4616 1485 4651 τε
1519 4601 1613 4652 καὶ
1656 4600 1861 4670 γράψαι

1979 4611 2148 4658 autem
2183 4603 2248 4656 ad
2272 4603 2417 4658 hunc
2452 4603 2670 4659 modum
2706 4621 2720 4656 :
2769 4600 2862 4675 [IL
2888 4600 3104 4674 LXXII]
3143 4618 3161 4652 ι
3186 4600 3425 4656 Verbum
3461 4595 3557 4652 Dei

358 4738 419 4795 ›Ι‹
458 4733 556 4787 Ed.
587 4732 788 4799 Paris.,
811 4750 933 4799 pag.
959 4736 1050 4789 25.

361 4750 788 4868 τέ’ξὶΪεῖἚῖ
811 4750 1125 4876 ἫῬῗζῗῐιυ.
1168 4822 1233 4874 ιι,
1270 4807 1323 4873 6,
1357 4808 1409 4863 7.
1486 4808 1529 4842 ιθ
1561 4808 1727 4866 Hebr.
1753 4828 1791 4880 ι,
1835 4813 1889 4867 5.

364 4937 478 5064 (I8)
509 4940 602 5020 ,Οὐ
630 4940 923 4995 τοσοῦτον
972 4941 1129 5011 ἡμᾶς
1174 4943 1374 4999 λυπεῖ.
1430 4943 1690 5008 Scilicet,
1743 4947 1870 5014 quia

364 5022 412 5062 at
471 5024 642 5064 arcus.
694 5026 833 5064 bene
869 5027 1109 5064 uaaauus
1145 5014 1231 5064 hic
1280 5015 1546 5064 Asterius.
1601 5014 1731 5064 Nam
1785 5018 1870 5064 hic

290 5010 412 5067 erat
449 5010 665 5081 laicus,
694 5026 833 5079 pene
869 5010 1109 5081 paganus
1145 5014 1231 5066 hic
1280 5015 1546 5068 Asterius.
1601 5014 1731 5068 Nam
1763 5010 1872 5069 'bic

289 5080 883 5153 manifestedocetur,
936 5080 1041 5135 non
1102 5084 1269 5137 fuisse
1321 5083 1470 5153 illum
1533 5087 1865 5153 episcopum.

289 5148 463 5204 Porro
492 5165 558 5203 ex
597 5150 680 5203 his
730 5167 847 5217 qua:
891 5164 1214 5220 sequuntur,
1252 5148 1653 5209 manifestarius
1704 5148 1869 5209 luere-

290 5221 431 5275 ticus
458 5220 877 5286 deprehenditur
902 5220 1208 5285 Marcellus,
1240 5225 1281 5277 si
1311 5238 1433 5276 vere
1461 5226 1701 5278 retulerit
1728 5226 1870 5278 illius

288 5290 433 5367 dicta
474 5290 779 5367 scriptaque
810 5291 1085 5367 Eusebius.
1109 5293 1178 5345 M.
1197 5324 1267 5367 —A—
1291 5293 1423 5367 Dein
1449 5294 1605 5363 vulgo
1637 5296 1868 5367 γράφειν

288 5370 346 5414 et
373 5360 473 5434 τῆς
504 5360 777 5434 «ἥττοσι-ει
803 5376 910 5417 om.
938 5363 1046 5433 γάρ
1082 5362 1488 5434 ριιδιᾷὲντυχιῦν.

373 5377 473 5484 τινὸς
504 5377 698 5411 αποστ.
723 5377 777 5413 et
803 5377 910 5417 om.
938 5377 1046 5433 γαρ
1082 5377 1203 5429 post
1232 5377 1488 5434 εντυχων.

367 5429 412 5496 (ι
462 5434 479 5497 )
521 5430 677 5504 Πρός
705 5432 980 5498 Χρηστόν
1011 5450 1162 5486 τινα.
1201 5432 1331 5486 Erat
1374 5434 1711 5500 Euphronius
1752 5437 1864 5504 epi-

292 5514 489 5568 sc0pus
535 5502 924 5571 Antiot-benus,
975 5518 1257 5558 successor
1296 5504 1531 5558 Flaccilli
1566 5526 1577 5558 :
1624 5506 1758 5571 ejus,
1788 5502 1857 5560 ad

292 5585 452 5640 quem
504 5579 617 5625 tres
669 5570 832 5624 hosce
882 5576 1208 5640 posteriores
1262 5590 1390 5627 suos
1442 5574 1606 5628 libros
1656 5570 1851 5628 contra

289 5638 637 5701 Marcellum,
696 5642 841 5693 misit
887 5638 1165 5697 Eusebius
1227 5644 1536 5709 dedicatos;
1592 5644 1853 5699 Cbrestus

288 5724 419 5764 vero
446 5712 732 5780 episcopus
763 5712 1032 5779 Nysseuus
1066 5714 1115 5766 in
1151 5716 1323 5767 locum
1357 5714 1684 5782 Tbeoguitlis
1714 5716 1849 5782 pulsi

290 5795 321 5837 a
351 5783 703 5839 Constantino
725 5824 737 5848 ,
766 5792 815 5837 et
846 5782 969 5837 ulitu
1002 5786 1223 5853 δεῖν)δὶιί
1254 5802 1279 5837 a
1317 5785 1543 5840 c0ucilio
1575 5808 1581 5840 :
1616 5788 1705 5842 sed
1735 5803 1853 5841 cum

1966 4813 2011 4850 ιο
2044 4811 2173 4880 Sap.
2206 4827 2275 4865 vu
2300 4852 2314 4876 ,
2347 4811 2437 4867 26.
2516 4814 2557 4844 ³¹
2589 4812 2704 4867 Col.
2743 4827 2826 4874 ιιι,
2852 4810 2905 4877 9,
2935 4811 3023 4866 10.

1978 4947 2227 5001 videatur
2276 4948 2363 5000 hic
2393 4947 2649 5009 Arianus,
2697 4955 2750 5000 et
2781 4948 2846 5001 de
2874 4960 2939 5000 eo
2985 4955 3243 5014 tanquam
3290 4960 3385 5014 per
3430 4960 3557 5001 con-

1976 5024 2239 5137 temptam
2278 5018 2529 5086 loquatur
2565 5016 2872 5079 Marcellus,
2910 5017 3126 5083 opinor,
3158 5015 3319 5068 alium
3356 5016 3422 5069 ab
3452 5016 3557 5071 isto

1976 5100 2041 5137 vu
2072 5097 2106 5137 ι.
2147 5124 2156 5137 .
2201 5127 2212 5137 .

1972 5087 2106 5139 vult.
2145 5087 2212 5138 Μ.

2044 5156 2157 5227 (20)
2203 5158 2430 5223 Ἔγνων
2463 5157 2665 5209 αὐτόν.
2719 5156 2980 5225 Loquitur
3034 5156 3315 5227 Marcellus
3338 5156 3417 5227 tle
3451 5156 3559 5209 Eu-

1970 5226 2147 5290 sebio,
2170 5236 2221 5279 et
2262 5242 2446 5278 verum
2475 5237 2576 5290 est,
2609 5227 2808 5279 fatetur
2841 5237 2947 5280 tres
2977 5226 3185 5290 οὐσίας,
3216 5227 3309 5279 sed
3335 5226 3555 5289 Filium,

1973 5306 2030 5350 et
2078 5298 2336 5365 Spiritum
2388 5310 2635 5350 sanctum
2691 5308 2905 5351 creatas
2961 5297 3315 5350 substantias.
3362 5296 3557 5348 Filium

1974 5366 2135 5419 Patre
2176 5367 2463 5425 minorem,
2518 5367 2777 5434 Spiritum
2831 5378 3074 5420 sanctum
3106 5366 3260 5426 Filio,
3313 5368 3455 5417 hunc
3504 5366 3554 5419 in

1972 5445 2235 5504 tempore,
2286 5436 2429 5488 illum
2467 5448 2590 5488 ante
2631 5450 2893 5503 tempora,
2926 5438 3016 5489 sed
3053 5449 3330 5497 creatum;
3367 5436 3553 5487 statim

1972 5515 2190 5559 accusat
2217 5522 2337 5559 eum
2370 5505 2652 5559 Marcellus
2674 5508 2737 5558 de
2766 5510 2863 5560 hoc
2893 5510 3009 5575 ipso
3036 5506 3369 5574 blasplietno,
3396 5506 3555 5575 οὐσίᾳ

1968 5578 2061 5629 καὶ
2082 5576 2306 5647 δυνάμει
2335 5576 2596 5628 διεστῶτα
2617 5575 2709 5627 τοῦ
2734 5578 2962 5646 Πατρός.
2985 5575 3089 5629 Nec
3116 5575 3365 5647 aniolitur
3386 5576 3538 5647 Ense

1970 5648 2091 5700 bius
2124 5644 2260 5698 hanc
2289 5649 2710 5715 accusatioumu.
2746 5647 2811 5698 Μ.
2844 5644 2908 5684 4—
2945 5649 3067 5699 Deiu
3106 5645 3265 5715 vulgo
3305 5644 3410 5697 ἀπὸ
3445 5644 3547 5696 τῶι.

1969 5717 2057 5768 ὑπ’
2100 5716 2259 5769 αὐτοῦ
2288 5731 2337 5771 Cl.
2360 5710 2430 5768 ὧν
2459 5718 2548 5768 καὶ
2577 5734 2687 5769 τος.
2711 5730 2761 5770 ct
2792 5718 3111 5785 τραπόντας.
