  <div class='ocr_page' id='page_1' title='image "/cluster/home/n/w/nwhite01/storage/ocr_20150623/24/pst.000005712083/402.png"; bbox 0 0 4070 6304; ppageno 0'>
   <div class='ocr_carea' id='block_1_1' title="bbox 217 370 326 428">
    <p class='ocr_par' dir='ltr' id='par_1_1' title="bbox 217 370 326 428">
     <span class='ocr_line' id='line_1_1' title="bbox 217 370 326 428; baseline 0.037 -4"><span class='ocrx_word' id='word_1_1' title='bbox 217 370 326 428; x_wconf 76' lang='lat'><strong>769</strong></span> 
     </span>
    </p>
   </div>
   <div class='ocr_carea' id='block_1_2' title="bbox 1335 363 2334 424">
    <p class='ocr_par' dir='ltr' id='par_1_2' title="bbox 1335 363 2334 424">
     <span class='ocr_line' id='line_1_2' title="bbox 1335 363 2334 424; baseline -0.007 -1"><span class='ocrx_word' id='word_1_2' title='bbox 1335 367 1618 423; x_wconf 78' lang='lat' dir='ltr'><strong>CONTRA</strong></span> <span class='ocrx_word' id='word_1_3' title='bbox 1654 363 2080 424; x_wconf 71' lang='lat' dir='ltr'><strong>MARCELLUM</strong></span> <span class='ocrx_word' id='word_1_4' title='bbox 2121 363 2251 419; x_wconf 86' lang='lat' dir='ltr'><strong>LIB.</strong></span> <span class='ocrx_word' id='word_1_5' title='bbox 2280 386 2334 417; x_wconf 53' lang='grc' dir='ltr'>ί.</span> 
     </span>
    </p>
   </div>
   <div class='ocr_carea' id='block_1_3' title="bbox 3367 365 3472 421">
    <p class='ocr_par' dir='ltr' id='par_1_3' title="bbox 3367 365 3472 421">
     <span class='ocr_line' id='line_1_3' title="bbox 3367 365 3472 421; baseline 0.038 -4"><span class='ocrx_word' id='word_1_6' title='bbox 3367 365 3472 421; x_wconf 82' lang='lat'><strong>770</strong></span> 
     </span>
    </p>
   </div>
   <div class='ocr_carea' id='block_1_4' title="bbox 210 477 1792 567">
    <p class='ocr_par' dir='ltr' id='par_1_4' title="bbox 210 482 1789 558">
     <span class='ocr_line' id='line_1_4' title="bbox 210 482 1789 558; baseline -0.005 -17"><span class='ocrx_word' id='word_1_7' title='bbox 210 488 447 558; x_wconf 75' lang='grc' dir='ltr'>πικρῶς,</span> <span class='ocrx_word' id='word_1_8' title='bbox 478 489 555 556; x_wconf 85' lang='grc' dir='ltr'>τῷ</span> <span class='ocrx_word' id='word_1_9' title='bbox 583 486 748 556; x_wconf 75' lang='grc' dir='ltr'>μηδὲν</span> <span class='ocrx_word' id='word_1_10' title='bbox 773 486 1015 555; x_wconf 75' lang='grc' dir='ltr'><strong>εἰρηκότι</strong></span> <span class='ocrx_word' id='word_1_11' title='bbox 1044 482 1248 546; x_wconf 88' lang='grc' dir='ltr'>πλεῖον,</span> <span class='ocrx_word' id='word_1_12' title='bbox 1276 483 1352 546; x_wconf 84' lang='grc' dir='ltr'>ὡς</span> <span class='ocrx_word' id='word_1_13' title='bbox 1380 483 1540 545; x_wconf 77' lang='grc' dir='ltr'>αὐτὸς</span> <span class='ocrx_word' id='word_1_14' title='bbox 1566 483 1789 552; x_wconf 86' lang='grc' dir='ltr'>γράφει,</span> 
     </span>
    </p>
   </div>
   <div class='ocr_carea' id='block_1_5' title="bbox 1895 477 3474 567">
    <p class='ocr_par' dir='ltr' id='par_1_5' title="bbox 1895 477 3474 548">
     <span class='ocr_line' id='line_1_5' title="bbox 1895 477 3474 548; baseline 0 -13"><span class='ocrx_word' id='word_1_15' title='bbox 1895 480 2173 545; x_wconf 83' lang='lat' dir='ltr'><strong>transiret,</strong></span> <span class='ocrx_word' id='word_1_16' title='bbox 2204 482 2273 545; x_wconf 70' lang='lat' dir='ltr'><strong>,in</strong></span> <span class='ocrx_word' id='word_1_17' title='bbox 2300 478 2529 534; x_wconf 78' lang='lat' dir='ltr'><strong>ecclesia</strong></span> <span class='ocrx_word' id='word_1_18' title='bbox 2553 477 2976 533; x_wconf 89' lang='lat' dir='ltr'><strong>concionaretur</strong></span> <span class='ocrx_word' id='word_1_19' title='bbox 3004 495 3017 533; x_wconf 89' lang='lat'><strong>:</strong></span> <span class='ocrx_word' id='word_1_20' title='bbox 3046 480 3191 548; x_wconf 90' lang='lat' dir='ltr'><strong>quod</strong></span> <span class='ocrx_word' id='word_1_21' title='bbox 3225 494 3285 535; x_wconf 81' lang='lat' dir='ltr'><strong>se</strong></span> <span class='ocrx_word' id='word_1_22' title='bbox 3312 479 3474 535; x_wconf 81' lang='lat' dir='ltr'><strong>fando</strong></span> 
     </span>
    </p>
   </div>
   <div class='ocr_carea' id='block_1_6' title="bbox 209 574 1791 651">
    <p class='ocr_par' dir='ltr' id='par_1_6' title="bbox 209 574 1791 651">
     <span class='ocr_line' id='line_1_6' title="bbox 209 574 1791 651; baseline -0.004 -20"><span class='ocrx_word' id='word_1_23' title='bbox 209 580 250 651; x_wconf 72' lang='grc' dir='ltr'><strong>ἢ</strong></span> <span class='ocrx_word' id='word_1_24' title='bbox 283 578 344 631; x_wconf 60' lang='lat' dir='ltr'><strong>es</strong></span> <span class='ocrx_word' id='word_1_25' title='bbox 373 577 726 630; x_wconf 86' lang='grc' dir='ltr'>άποστολικὸν</span> <span class='ocrx_word' id='word_1_26' title='bbox 761 578 944 647; x_wconf 74' lang='grc' dir='ltr'>ῥητόν.</span> <span class='ocrx_word' id='word_1_27' title='bbox 979 576 1087 628; x_wconf 80' lang='grc' dir='ltr'><strong>Καὶ</strong></span> <span class='ocrx_word' id='word_1_28' title='bbox 1122 575 1217 628; x_wconf 91' lang='grc' dir='ltr'><strong>νῦν</strong></span> <span class='ocrx_word' id='word_1_29' title='bbox 1260 574 1363 645; x_wconf 84' lang='grc' dir='ltr'>μὲν</span> <span class='ocrx_word' id='word_1_30' title='bbox 1398 574 1491 625; x_wconf 88' lang='grc' dir='ltr'><strong>δύο</strong></span> <span class='ocrx_word' id='word_1_31' title='bbox 1520 574 1675 637; x_wconf 70' lang='grc' dir='ltr'>θεοὺς</span> <span class='ocrx_word' id='word_1_32' title='bbox 1705 574 1791 625; x_wconf 86' lang='grc' dir='ltr'>λέ-</span> 
     </span>
    </p>
   </div>
   <div class='ocr_carea' id='block_1_7' title="bbox 210 663 1789 737">
    <p class='ocr_par' dir='ltr' id='par_1_7' title="bbox 210 663 1789 737">
     <span class='ocr_line' id='line_1_7' title="bbox 210 663 1789 737; baseline -0.003 -15"><span class='ocrx_word' id='word_1_33' title='bbox 210 686 337 737; x_wconf 86' lang='grc' dir='ltr'>γειν</span> <span class='ocrx_word' id='word_1_34' title='bbox 361 669 450 722; x_wconf 81' lang='grc' dir='ltr'>τὸν</span> <span class='ocrx_word' id='word_1_35' title='bbox 480 667 735 720; x_wconf 85' lang='grc' dir='ltr'>Εὑσέϐιον</span> <span class='ocrx_word' id='word_1_36' title='bbox 769 666 1039 737; x_wconf 73' lang='grc' dir='ltr'>ὁμολογεῖ,</span> <span class='ocrx_word' id='word_1_37' title='bbox 1070 666 1147 727; x_wconf 84' lang='grc' dir='ltr'><strong>ὡς</strong></span> <span class='ocrx_word' id='word_1_38' title='bbox 1166 666 1233 719; x_wconf 78' lang='grc' dir='ltr'><strong>ἀν</strong></span> <span class='ocrx_word' id='word_1_39' title='bbox 1254 666 1346 719; x_wconf 90' lang='grc' dir='ltr'>τὸν</span> <span class='ocrx_word' id='word_1_40' title='bbox 1373 666 1500 719; x_wconf 80' lang='grc' dir='ltr'>Υίδν</span> <span class='ocrx_word' id='word_1_41' title='bbox 1524 664 1617 717; x_wconf 92' lang='grc' dir='ltr'><strong>τοῦ</strong></span> <span class='ocrx_word' id='word_1_42' title='bbox 1654 663 1789 717; x_wconf 84' lang='grc' dir='ltr'>Θεοῦ</span> 
     </span>
    </p>
   </div>
   <div class='ocr_carea' id='block_1_8' title="bbox 210 755 1787 828">
    <p class='ocr_par' dir='ltr' id='par_1_8' title="bbox 210 755 1787 828">
     <span class='ocr_line' id='line_1_8' title="bbox 210 755 1787 828; baseline 0.001 -19"><span class='ocrx_word' id='word_1_43' title='bbox 210 757 566 827; x_wconf 79' lang='grc' dir='ltr'>θεολογοῦντα</span> <span class='ocrx_word' id='word_1_44' title='bbox 600 758 695 809; x_wconf 83' lang='grc' dir='ltr'><strong>σὺν</strong></span> <span class='ocrx_word' id='word_1_45' title='bbox 727 757 807 826; x_wconf 82' lang='grc' dir='ltr'>τῷ</span> <span class='ocrx_word' id='word_1_46' title='bbox 842 758 1047 828; x_wconf 83' lang='grc' dir='ltr'>Πατρί’</span> <span class='ocrx_word' id='word_1_47' title='bbox 1084 755 1287 826; x_wconf 86' lang='grc' dir='ltr'>προῖὼν</span> <span class='ocrx_word' id='word_1_48' title='bbox 1318 757 1363 810; x_wconf 81' lang='grc' dir='ltr'>δ’</span> <span class='ocrx_word' id='word_1_49' title='bbox 1401 758 1459 810; x_wconf 75' lang='grc' dir='ltr'>ὲν</span> <span class='ocrx_word' id='word_1_50' title='bbox 1494 759 1606 819; x_wconf 88' lang='grc' dir='ltr'>τοῖς</span> <span class='ocrx_word' id='word_1_51' title='bbox 1639 756 1787 826; x_wconf 78' lang='grc' dir='ltr'>ἑξῆς,</span> 
     </span>
    </p>
   </div>
   <div class='ocr_carea' id='block_1_9' title="bbox 208 844 1789 921">
    <p class='ocr_par' dir='ltr' id='par_1_9' title="bbox 208 844 1789 921">
     <span class='ocr_line' id='line_1_9' title="bbox 208 844 1789 921; baseline -0.001 -18"><span class='ocrx_word' id='word_1_52' title='bbox 208 850 405 921; x_wconf 80' lang='grc' dir='ltr'>ὥσπερ</span> <span class='ocrx_word' id='word_1_53' title='bbox 436 847 858 918; x_wconf 79' lang='grc' dir='ltr'><strong>ἐπιλελησμένος</strong></span> <span class='ocrx_word' id='word_1_54' title='bbox 902 844 977 903; x_wconf 85' lang='grc' dir='ltr'>ὧν</span> <span class='ocrx_word' id='word_1_55' title='bbox 1021 849 1254 903; x_wconf 73' lang='grc' dir='ltr'>ἐνταῦθα</span> <span class='ocrx_word' id='word_1_56' title='bbox 1285 849 1630 921; x_wconf 80' lang='grc' dir='ltr'><strong>κατηγόρηκε</strong></span> <span class='ocrx_word' id='word_1_57' title='bbox 1650 887 1665 912; x_wconf 92' lang='grc'><strong>,</strong></span> <span class='ocrx_word' id='word_1_58' title='bbox 1698 848 1789 902; x_wconf 82' lang='grc' dir='ltr'>τὸν</span> 
     </span>
    </p>
   </div>
   <div class='ocr_carea' id='block_1_10' title="bbox 209 938 1790 1009">
    <p class='ocr_par' dir='ltr' id='par_1_10' title="bbox 209 938 1790 1009">
     <span class='ocr_line' id='line_1_10' title="bbox 209 938 1790 1009; baseline -0.001 -16"><span class='ocrx_word' id='word_1_59' title='bbox 209 940 377 993; x_wconf 84' lang='grc' dir='ltr'>αὐτὸν</span> <span class='ocrx_word' id='word_1_60' title='bbox 419 940 673 1007; x_wconf 84' lang='grc' dir='ltr'>πειρᾶται</span> <span class='ocrx_word' id='word_1_61' title='bbox 713 938 1016 993; x_wconf 89' lang='grc' dir='ltr'>διαϐάλλειν</span> <span class='ocrx_word' id='word_1_62' title='bbox 1061 939 1137 1001; x_wconf 83' lang='grc' dir='ltr'>ὡς</span> <span class='ocrx_word' id='word_1_63' title='bbox 1173 938 1327 1007; x_wconf 79' lang='grc' dir='ltr'>ψιλὸν</span> <span class='ocrx_word' id='word_1_64' title='bbox 1370 939 1655 1009; x_wconf 75' lang='grc' dir='ltr'>ἄνθρωπον</span> <span class='ocrx_word' id='word_1_65' title='bbox 1700 940 1790 992; x_wconf 84' lang='grc' dir='ltr'>τὸν</span> 
     </span>
    </p>
   </div>
   <div class='ocr_carea' id='block_1_11' title="bbox 205 1028 1788 1102">
    <p class='ocr_par' dir='ltr' id='par_1_11' title="bbox 205 1028 1788 1102">
     <span class='ocr_line' id='line_1_11' title="bbox 205 1028 1788 1102; baseline -0.001 -19"><span class='ocrx_word' id='word_1_66' title='bbox 205 1030 447 1101; x_wconf 82' lang='grc' dir='ltr'>Χριστὸν</span> <span class='ocrx_word' id='word_1_67' title='bbox 462 1028 600 1083; x_wconf 84' lang='grc' dir='ltr'>εἶναι</span> <span class='ocrx_word' id='word_1_68' title='bbox 625 1029 1045 1101; x_wconf 59' lang='grc' dir='ltr'>λέγοντακἙξῆς</span> <span class='ocrx_word' id='word_1_69' title='bbox 1060 1030 1117 1083; x_wconf 78' lang='grc' dir='ltr'>δὲ</span> <span class='ocrx_word' id='word_1_70' title='bbox 1132 1032 1244 1094; x_wconf 85' lang='grc' dir='ltr'>τοῖς</span> <span class='ocrx_word' id='word_1_71' title='bbox 1264 1030 1645 1102; x_wconf 81' lang='grc' dir='ltr'><strong>προκειμένοις</strong></span> <span class='ocrx_word' id='word_1_72' title='bbox 1667 1030 1788 1082; x_wconf 75' lang='grc' dir='ltr'>ἑπι-</span> 
     </span>
    </p>
   </div>
   <div class='ocr_carea' id='block_1_12' title="bbox 208 1119 1788 1191">
    <p class='ocr_par' dir='ltr' id='par_1_12' title="bbox 208 1119 1788 1191">
     <span class='ocr_line' id='line_1_12' title="bbox 208 1119 1788 1191; baseline -0.002 -17"><span class='ocrx_word' id='word_1_73' title='bbox 208 1122 475 1174; x_wconf 82' lang='grc' dir='ltr'>συνάπτει</span> <span class='ocrx_word' id='word_1_74' title='bbox 494 1121 693 1190; x_wconf 83' lang='grc' dir='ltr'>πολλήν</span> <span class='ocrx_word' id='word_1_75' title='bbox 712 1138 831 1173; x_wconf 89' lang='grc' dir='ltr'>τινα</span> <span class='ocrx_word' id='word_1_76' title='bbox 854 1123 948 1174; x_wconf 74' lang='grc' dir='ltr'>καὶ</span> <span class='ocrx_word' id='word_1_77' title='bbox 966 1119 1184 1191; x_wconf 82' lang='grc' dir='ltr'>μακράν</span> <span class='ocrx_word' id='word_1_78' title='bbox 1200 1120 1487 1191; x_wconf 81' lang='grc' dir='ltr'><strong>φλυαρίαν,</strong></span> <span class='ocrx_word' id='word_1_79' title='bbox 1504 1120 1572 1173; x_wconf 90' lang='grc' dir='ltr'><strong>τά</strong></span> <span class='ocrx_word' id='word_1_80' title='bbox 1586 1137 1645 1173; x_wconf 89' lang='grc' dir='ltr'><strong>τε</strong></span> <span class='ocrx_word' id='word_1_81' title='bbox 1661 1120 1788 1173; x_wconf 92' lang='grc' dir='ltr'>ὄντα</span> 
     </span>
    </p>
   </div>
   <div class='ocr_carea' id='block_1_13' title="bbox 206 1199 1790 1282">
    <p class='ocr_par' dir='ltr' id='par_1_13' title="bbox 206 1199 1790 1282">
     <span class='ocr_line' id='line_1_13' title="bbox 206 1199 1790 1282; baseline -0.001 -18"><span class='ocrx_word' id='word_1_82' title='bbox 206 1212 282 1265; x_wconf 90' lang='grc' dir='ltr'><strong>τά</strong></span> <span class='ocrx_word' id='word_1_83' title='bbox 298 1228 356 1265; x_wconf 87' lang='grc' dir='ltr'><strong>τε</strong></span> <span class='ocrx_word' id='word_1_84' title='bbox 374 1211 446 1282; x_wconf 81' lang='grc' dir='ltr'>μὴ</span> <span class='ocrx_word' id='word_1_85' title='bbox 461 1211 591 1265; x_wconf 89' lang='grc' dir='ltr'>ὄντα</span> <span class='ocrx_word' id='word_1_86' title='bbox 603 1210 779 1281; x_wconf 76' lang='grc' dir='ltr'>ἑαυτῷ</span> <span class='ocrx_word' id='word_1_87' title='bbox 793 1199 1193 1281; x_wconf 59' lang='grc' dir='ltr'><strong>συνέίρωνβέἱ)⁸</strong></span> <span class='ocrx_word' id='word_1_88' title='bbox 1217 1212 1498 1281; x_wconf 74' lang='grc' dir='ltr'>μονονουχὶ</span> <span class='ocrx_word' id='word_1_89' title='bbox 1513 1210 1653 1263; x_wconf 85' lang='grc' dir='ltr'><strong>κατά</strong></span> <span class='ocrx_word' id='word_1_90' title='bbox 1666 1212 1790 1274; x_wconf 83' lang='grc' dir='ltr'>τοὺς</span> 
     </span>
    </p>
   </div>
   <div class='ocr_carea' id='block_1_14' title="bbox 208 1294 1791 1373">
    <p class='ocr_par' dir='ltr' id='par_1_14' title="bbox 208 1294 1791 1373">
     <span class='ocr_line' id='line_1_14' title="bbox 208 1294 1791 1373; baseline -0.001 -18"><span class='ocrx_word' id='word_1_91' title='bbox 208 1304 513 1373; x_wconf 81' lang='grc' dir='ltr'>φήσαντας.</span> <span class='ocrx_word' id='word_1_92' title='bbox 546 1302 621 1355; x_wconf 85' lang='grc' dir='ltr'><em>Τὰ</em></span> <span class='ocrx_word' id='word_1_93' title='bbox 641 1302 813 1370; x_wconf 68' lang='grc' dir='ltr'>χείλη</span> <span class='ocrx_word' id='word_1_94' title='bbox 840 1301 1007 1371; x_wconf 77' lang='grc' dir='ltr'><strong>ἡμῶν</strong></span> <span class='ocrx_word' id='word_1_95' title='bbox 1028 1302 1164 1369; x_wconf 80' lang='grc' dir='ltr'>παρ’</span> <span class='ocrx_word' id='word_1_96' title='bbox 1186 1294 1330 1371; x_wconf 71' lang='grc' dir='ltr'>ἡμῖν</span> <span class='ocrx_word' id='word_1_97' title='bbox 1343 1302 1495 1365; x_wconf 78' lang='grc' dir='ltr'>ἐστι,</span> <span class='ocrx_word' id='word_1_98' title='bbox 1518 1300 1791 1370; x_wconf 77' lang='grc' dir='ltr'>τίςήμῶν</span> 
     </span>
    </p>
   </div>
   <div class='ocr_carea' id='block_1_15' title="bbox 206 1384 1790 1463">
    <p class='ocr_par' dir='ltr' id='par_1_15' title="bbox 206 1384 1790 1463">
     <span class='ocr_line' id='line_1_15' title="bbox 206 1384 1790 1463; baseline 0 -20"><span class='ocrx_word' id='word_1_99' title='bbox 206 1391 421 1457; x_wconf 73' lang='grc' dir='ltr'>κύριός</span> <span class='ocrx_word' id='word_1_100' title='bbox 466 1390 629 1452; x_wconf 70' lang='lat' dir='ltr'><strong>ean;</strong></span> <span class='ocrx_word' id='word_1_101' title='bbox 682 1390 761 1441; x_wconf 88' lang='grc' dir='ltr'><strong>Δι’</strong></span> <span class='ocrx_word' id='word_1_102' title='bbox 792 1384 865 1443; x_wconf 82' lang='grc' dir='ltr'>ὧν</span> <span class='ocrx_word' id='word_1_103' title='bbox 905 1390 1210 1451; x_wconf 84' lang='grc' dir='ltr'>δείκνυται.</span> <span class='ocrx_word' id='word_1_104' title='bbox 1258 1390 1440 1455; x_wconf 84' lang='grc' dir='ltr'>καθὼς</span> <span class='ocrx_word' id='word_1_105' title='bbox 1492 1391 1790 1463; x_wconf 83' lang='grc' dir='ltr'>ἀρχόμενος</span> 
     </span>
    </p>
   </div>
   <div class='ocr_carea' id='block_1_16' title="bbox 204 1480 1791 1554">
    <p class='ocr_par' dir='ltr' id='par_1_16' title="bbox 204 1480 1791 1554">
     <span class='ocr_line' id='line_1_16' title="bbox 204 1480 1791 1554; baseline 0.002 -21"><span class='ocrx_word' id='word_1_106' title='bbox 204 1480 351 1551; x_wconf 72' lang='grc' dir='ltr'>ἔφην</span> <span class='ocrx_word' id='word_1_107' title='bbox 393 1480 485 1534; x_wconf 89' lang='grc' dir='ltr'><strong>τοῦ</strong></span> <span class='ocrx_word' id='word_1_108' title='bbox 534 1481 981 1551; x_wconf 80' lang='grc' dir='ltr'>συγγράμματος,</span> <span class='ocrx_word' id='word_1_109' title='bbox 1030 1481 1089 1546; x_wconf 76' lang='grc' dir='ltr'><strong>ἐξ</strong></span> <span class='ocrx_word' id='word_1_110' title='bbox 1115 1481 1558 1553; x_wconf 82' lang='grc' dir='ltr'>ὑπερϐαλλούσης</span> <span class='ocrx_word' id='word_1_111' title='bbox 1590 1482 1791 1554; x_wconf 76' lang='grc' dir='ltr'>ἔχθρας</span> 
     </span>
    </p>
   </div>
   <div class='ocr_carea' id='block_1_17' title="bbox 206 1574 1789 1645">
    <p class='ocr_par' dir='ltr' id='par_1_17' title="bbox 206 1574 1789 1645">
     <span class='ocr_line' id='line_1_17' title="bbox 206 1574 1789 1645; baseline 0.002 -21"><span class='ocrx_word' id='word_1_112' title='bbox 206 1590 271 1625; x_wconf 88' lang='grc' dir='ltr'><strong>τε</strong></span> <span class='ocrx_word' id='word_1_113' title='bbox 309 1574 400 1626; x_wconf 81' lang='grc' dir='ltr'>καὶ</span> <span class='ocrx_word' id='word_1_114' title='bbox 433 1575 784 1644; x_wconf 73' lang='grc' dir='ltr'>μισαδελφίας</span> <span class='ocrx_word' id='word_1_115' title='bbox 816 1575 1156 1644; x_wconf 77' lang='grc' dir='ltr'><strong>ἐπιπηδήσας</strong></span> <span class='ocrx_word' id='word_1_116' title='bbox 1183 1576 1489 1645; x_wconf 72' lang='grc' dir='ltr'>τῇιγραφῇ.</span> <span class='ocrx_word' id='word_1_117' title='bbox 1531 1574 1789 1637; x_wconf 84' lang='grc' dir='ltr'>Μεταϐἀς</span> 
     </span>
    </p>
   </div>
   <div class='ocr_carea' id='block_1_18' title="bbox 204 1662 1789 1737">
    <p class='ocr_par' dir='ltr' id='par_1_18' title="bbox 204 1662 1789 1737">
     <span class='ocr_line' id='line_1_18' title="bbox 204 1662 1789 1737; baseline 0 -20"><span class='ocrx_word' id='word_1_118' title='bbox 204 1664 254 1717; x_wconf 76' lang='grc' dir='ltr'>δ’</span> <span class='ocrx_word' id='word_1_119' title='bbox 305 1666 368 1718; x_wconf 82' lang='grc' dir='ltr'>ὲκ</span> <span class='ocrx_word' id='word_1_120' title='bbox 415 1666 637 1730; x_wconf 87' lang='grc' dir='ltr'>τούτων,</span> <span class='ocrx_word' id='word_1_121' title='bbox 694 1668 963 1737; x_wconf 79' lang='grc' dir='ltr'>Ἀστέριον</span> <span class='ocrx_word' id='word_1_122' title='bbox 1020 1662 1174 1729; x_wconf 81' lang='grc' dir='ltr'>αὖθις</span> <span class='ocrx_word' id='word_1_123' title='bbox 1224 1665 1509 1735; x_wconf 80' lang='grc' dir='ltr'>τραγῳδεῖ,</span> <span class='ocrx_word' id='word_1_124' title='bbox 1574 1665 1789 1736; x_wconf 82' lang='grc' dir='ltr'>μακρὰν</span> 
     </span>
    </p>
   </div>
   <div class='ocr_carea' id='block_1_19' title="bbox 208 1756 1787 1828">
    <p class='ocr_par' dir='ltr' id='par_1_19' title="bbox 208 1756 1787 1828">
     <span class='ocr_line' id='line_1_19' title="bbox 208 1756 1787 1828; baseline -0.001 -20"><span class='ocrx_word' id='word_1_125' title='bbox 208 1757 513 1810; x_wconf 77' lang='grc' dir='ltr'>ἀποτείνων</span> <span class='ocrx_word' id='word_1_126' title='bbox 551 1759 647 1811; x_wconf 75' lang='grc' dir='ltr'>καὶ</span> <span class='ocrx_word' id='word_1_127' title='bbox 690 1759 818 1828; x_wconf 76' lang='grc' dir='ltr'>περὶ</span> <span class='ocrx_word' id='word_1_128' title='bbox 862 1756 1027 1809; x_wconf 86' lang='grc' dir='ltr'>αὐτοῦ</span> <span class='ocrx_word' id='word_1_129' title='bbox 1057 1757 1330 1827; x_wconf 74' lang='grc' dir='ltr'>διήγησιν,</span> <span class='ocrx_word' id='word_1_130' title='bbox 1377 1757 1523 1818; x_wconf 81' lang='grc' dir='ltr'>ὅπως</span> <span class='ocrx_word' id='word_1_131' title='bbox 1556 1772 1616 1808; x_wconf 90' lang='grc' dir='ltr'><strong>τε</strong></span> <span class='ocrx_word' id='word_1_132' title='bbox 1649 1757 1787 1808; x_wconf 87' lang='grc' dir='ltr'>ἀπο-</span> 
     </span>
    </p>
   </div>
   <div class='ocr_carea' id='block_1_20' title="bbox 205 1846 1863 1921">
    <p class='ocr_par' dir='ltr' id='par_1_20' title="bbox 205 1846 1863 1921">
     <span class='ocr_line' id='line_1_20' title="bbox 205 1846 1863 1921; baseline 0 -21"><span class='ocrx_word' id='word_1_133' title='bbox 205 1847 377 1919; x_wconf 83' lang='grc' dir='ltr'>δημεῖ</span> <span class='ocrx_word' id='word_1_134' title='bbox 406 1849 539 1917; x_wconf 77' lang='grc'>(26),</span> <span class='ocrx_word' id='word_1_135' title='bbox 572 1852 667 1902; x_wconf 77' lang='grc' dir='ltr'><strong>καὶ</strong></span> <span class='ocrx_word' id='word_1_136' title='bbox 700 1852 811 1913; x_wconf 87' lang='grc' dir='ltr'>ποῖ,</span> <span class='ocrx_word' id='word_1_137' title='bbox 855 1849 948 1902; x_wconf 86' lang='grc' dir='ltr'><strong>καί</strong></span> <span class='ocrx_word' id='word_1_138' title='bbox 971 1849 1130 1912; x_wconf 87' lang='grc' dir='ltr'>πότε,</span> <span class='ocrx_word' id='word_1_139' title='bbox 1176 1848 1270 1901; x_wconf 77' lang='grc' dir='ltr'>καὶ</span> <span class='ocrx_word' id='word_1_140' title='bbox 1301 1847 1440 1918; x_wconf 82' lang='grc' dir='ltr'>πρὸς</span> <span class='ocrx_word' id='word_1_141' title='bbox 1467 1846 1638 1909; x_wconf 87' lang='grc' dir='ltr'>τίνας.</span> <span class='ocrx_word' id='word_1_142' title='bbox 1680 1847 1789 1900; x_wconf 80' lang='lat' dir='ltr'><strong><em>Kal</em></strong></span> <span class='ocrx_word' id='word_1_143' title='bbox 1821 1867 1863 1921; x_wconf 77' lang='grc' dir='ltr'><strong>Β</strong></span> 
     </span>
    </p>
   </div>
   <div class='ocr_carea' id='block_1_21' title="bbox 204 1934 1785 2009">
    <p class='ocr_par' dir='ltr' id='par_1_21' title="bbox 204 1934 1785 2009">
     <span class='ocr_line' id='line_1_21' title="bbox 204 1934 1785 2009; baseline 0.001 -21"><span class='ocrx_word' id='word_1_144' title='bbox 204 1936 401 1989; x_wconf 82' lang='grc' dir='ltr'>τ)ύτου</span> <span class='ocrx_word' id='word_1_145' title='bbox 433 1937 489 1990; x_wconf 87' lang='grc' dir='ltr'>δὲ</span> <span class='ocrx_word' id='word_1_146' title='bbox 524 1938 824 2009; x_wconf 82' lang='grc' dir='ltr'>ἀφέμενος,</span> <span class='ocrx_word' id='word_1_147' title='bbox 855 1934 1007 2000; x_wconf 85' lang='grc' dir='ltr'>αὖθις</span> <span class='ocrx_word' id='word_1_148' title='bbox 1054 1936 1147 1989; x_wconf 65' lang='grc' dir='ltr'><strong>ἐπὶ</strong></span> <span class='ocrx_word' id='word_1_149' title='bbox 1184 1935 1276 1989; x_wconf 82' lang='grc' dir='ltr'>τὸν</span> <span class='ocrx_word' id='word_1_150' title='bbox 1312 1936 1405 1989; x_wconf 89' lang='grc' dir='ltr'><strong>τοῦ</strong></span> <span class='ocrx_word' id='word_1_151' title='bbox 1439 1936 1573 1989; x_wconf 89' lang='grc' dir='ltr'>Θεοῦ</span> <span class='ocrx_word' id='word_1_152' title='bbox 1616 1936 1785 2006; x_wconf 79' lang='grc' dir='ltr'>ἄνδρα</span> 
     </span>
    </p>
   </div>
   <div class='ocr_carea' id='block_1_22' title="bbox 208 2028 1780 2100">
    <p class='ocr_par' dir='ltr' id='par_1_22' title="bbox 208 2028 1780 2100">
     <span class='ocr_line' id='line_1_22' title="bbox 208 2028 1780 2100; baseline -0.001 -20"><span class='ocrx_word' id='word_1_153' title='bbox 208 2030 476 2081; x_wconf 82' lang='grc' dir='ltr'>Παυλῖνον</span> <span class='ocrx_word' id='word_1_154' title='bbox 514 2029 798 2100; x_wconf 86' lang='grc' dir='ltr'>τρέπεται,</span> <span class='ocrx_word' id='word_1_155' title='bbox 831 2029 1004 2083; x_wconf 88' lang='grc' dir='ltr'>ταῦτα</span> <span class='ocrx_word' id='word_1_156' title='bbox 1037 2028 1265 2099; x_wconf 78' lang='grc' dir='ltr'>γράφων</span> <span class='ocrx_word' id='word_1_157' title='bbox 1311 2028 1496 2091; x_wconf 85' lang='grc' dir='ltr'>αὐτοῖς</span> <span class='ocrx_word' id='word_1_158' title='bbox 1540 2030 1780 2099; x_wconf 80' lang='grc' dir='ltr'>ῥήμασι·</span> 
     </span>
    </p>
   </div>
   <div class='ocr_carea' id='block_1_23' title="bbox 212 2118 1786 2192">
    <p class='ocr_par' dir='ltr' id='par_1_23' title="bbox 212 2118 1786 2192">
     <span class='ocr_line' id='line_1_23' title="bbox 212 2118 1786 2192; baseline 0.001 -22"><span class='ocrx_word' id='word_1_159' title='bbox 212 2138 232 2169; x_wconf 75' lang='grc' dir='ltr'><strong>ι</strong></span> <span class='ocrx_word' id='word_1_160' title='bbox 270 2118 493 2183; x_wconf 83' lang='grc' dir='ltr'>Τούτοις</span> <span class='ocrx_word' id='word_1_161' title='bbox 517 2120 573 2173; x_wconf 83' lang='grc' dir='ltr'>δὲ</span> <span class='ocrx_word' id='word_1_162' title='bbox 605 2123 718 2182; x_wconf 83' lang='grc' dir='ltr'>τοῖς</span> <span class='ocrx_word' id='word_1_163' title='bbox 750 2122 933 2192; x_wconf 80' lang='grc' dir='ltr'>ῥητοῖς</span> <span class='ocrx_word' id='word_1_164' title='bbox 963 2121 1056 2174; x_wconf 83' lang='grc' dir='ltr'>καὶ</span> <span class='ocrx_word' id='word_1_165' title='bbox 1092 2121 1121 2172; x_wconf 85' lang='grc' dir='ltr'><strong>ὁ</strong></span> <span class='ocrx_word' id='word_1_166' title='bbox 1149 2120 1342 2172; x_wconf 88' lang='grc' dir='ltr'>τούτου</span> <span class='ocrx_word' id='word_1_167' title='bbox 1378 2118 1560 2191; x_wconf 80' lang='grc' dir='ltr'>πατὴρ</span> <span class='ocrx_word' id='word_1_168' title='bbox 1606 2118 1786 2171; x_wconf 85' lang='grc' dir='ltr'>πειθό-</span> 
     </span>
    </p>
   </div>
   <div class='ocr_carea' id='block_1_24' title="bbox 212 2206 1786 2278">
    <p class='ocr_par' dir='ltr' id='par_1_24' title="bbox 212 2206 1786 2278">
     <span class='ocr_line' id='line_1_24' title="bbox 212 2206 1786 2278; baseline 0.005 -24"><span class='ocrx_word' id='word_1_169' title='bbox 212 2223 232 2254; x_wconf 76' lang='grc' dir='ltr'><strong>ι</strong></span> <span class='ocrx_word' id='word_1_170' title='bbox 279 2220 458 2275; x_wconf 83' lang='grc' dir='ltr'>μενος,</span> <span class='ocrx_word' id='word_1_171' title='bbox 484 2206 764 2270; x_wconf 79' lang='grc' dir='ltr'>Παυλῖνος,</span> <span class='ocrx_word' id='word_1_172' title='bbox 800 2206 970 2261; x_wconf 86' lang='grc' dir='ltr'>ταῦτα</span> <span class='ocrx_word' id='word_1_173' title='bbox 1006 2207 1183 2276; x_wconf 89' lang='grc' dir='ltr'>λέγειν</span> <span class='ocrx_word' id='word_1_174' title='bbox 1215 2224 1276 2260; x_wconf 86' lang='grc' dir='ltr'><strong>τε</strong></span> <span class='ocrx_word' id='word_1_175' title='bbox 1308 2208 1404 2261; x_wconf 80' lang='grc' dir='ltr'>καὶ</span> <span class='ocrx_word' id='word_1_176' title='bbox 1432 2208 1666 2278; x_wconf 77' lang='grc' dir='ltr'>γράφειν</span> <span class='ocrx_word' id='word_1_177' title='bbox 1686 2209 1786 2262; x_wconf 85' lang='grc' dir='ltr'>οὐκ</span> 
     </span>
    </p>
   </div>
   <div class='ocr_carea' id='block_1_25' title="bbox 214 2294 1784 2371">
    <p class='ocr_par' dir='ltr' id='par_1_25' title="bbox 214 2294 1784 2371">
     <span class='ocr_line' id='line_1_25' title="bbox 214 2294 1784 2371; baseline 0.006 -27"><span class='ocrx_word' id='word_1_178' title='bbox 214 2312 235 2343; x_wconf 78' lang='grc' dir='ltr'><strong>ι</strong></span> <span class='ocrx_word' id='word_1_179' title='bbox 276 2294 445 2357; x_wconf 69' lang='grc' dir='ltr'>ὀκνεῖ,</span> <span class='ocrx_word' id='word_1_180' title='bbox 474 2298 604 2349; x_wconf 79' lang='grc' dir='ltr'>ποτὲ</span> <span class='ocrx_word' id='word_1_181' title='bbox 644 2298 742 2367; x_wconf 73' lang='grc' dir='ltr'>μὲν</span> <span class='ocrx_word' id='word_1_182' title='bbox 771 2297 1021 2370; x_wconf 86' lang='grc' dir='ltr'>δεύτερον</span> <span class='ocrx_word' id='word_1_183' title='bbox 1045 2299 1177 2352; x_wconf 81' lang='grc' dir='ltr'>Θεὸν</span> <span class='ocrx_word' id='word_1_184' title='bbox 1204 2299 1379 2368; x_wconf 76' lang='grc' dir='ltr'>λέγων</span> <span class='ocrx_word' id='word_1_185' title='bbox 1408 2299 1501 2353; x_wconf 83' lang='grc' dir='ltr'>τὸν</span> <span class='ocrx_word' id='word_1_186' title='bbox 1528 2298 1784 2371; x_wconf 78' lang='grc' dir='ltr'>Χριστὸν,</span> 
     </span>
    </p>
   </div>
   <div class='ocr_carea' id='block_1_26' title="bbox 214 2384 1782 2467">
    <p class='ocr_par' dir='ltr' id='par_1_26' title="bbox 214 2384 1782 2467">
     <span class='ocr_line' id='line_1_26' title="bbox 214 2384 1782 2467; baseline 0.007 -32"><span class='ocrx_word' id='word_1_187' title='bbox 214 2401 235 2433; x_wconf 78' lang='grc' dir='ltr'><strong>ι</strong></span> <span class='ocrx_word' id='word_1_188' title='bbox 281 2386 377 2438; x_wconf 77' lang='grc' dir='ltr'>καὶ</span> <span class='ocrx_word' id='word_1_189' title='bbox 418 2384 605 2440; x_wconf 90' lang='grc' dir='ltr'>τοῦτον</span> <span class='ocrx_word' id='word_1_190' title='bbox 659 2387 1148 2463; x_wconf 57' lang='grc' dir='ltr'>ἀνθρωπικώτερον</span> <span class='ocrx_word' id='word_1_191' title='bbox 1208 2391 1567 2467; x_wconf 81' lang='grc' dir='ltr'>γεγεννῆσθαι</span> <span class='ocrx_word' id='word_1_192' title='bbox 1618 2391 1782 2447; x_wconf 76' lang='grc' dir='ltr'>Θεόν’</span> 
     </span>
    </p>
   </div>
   <div class='ocr_carea' id='block_1_27' title="bbox 214 2476 1788 2555">
    <p class='ocr_par' dir='ltr' id='par_1_27' title="bbox 214 2476 1788 2555">
     <span class='ocr_line' id='line_1_27' title="bbox 214 2476 1788 2555; baseline 0.008 -31"><span class='ocrx_word' id='word_1_193' title='bbox 214 2494 235 2524; x_wconf 81' lang='grc' dir='ltr'><strong>ι</strong></span> <span class='ocrx_word' id='word_1_194' title='bbox 284 2477 411 2529; x_wconf 72' lang='grc' dir='ltr'>ποτὲ</span> <span class='ocrx_word' id='word_1_195' title='bbox 439 2476 497 2530; x_wconf 86' lang='grc' dir='ltr'>δὲ</span> <span class='ocrx_word' id='word_1_196' title='bbox 524 2477 618 2531; x_wconf 77' lang='grc' dir='ltr'>καὶ</span> <span class='ocrx_word' id='word_1_197' title='bbox 651 2480 853 2549; x_wconf 82' lang='grc' dir='ltr'>κτίσμα</span> <span class='ocrx_word' id='word_1_198' title='bbox 883 2482 1044 2535; x_wconf 84' lang='grc' dir='ltr'>αὐτὸν</span> <span class='ocrx_word' id='word_1_199' title='bbox 1070 2478 1208 2535; x_wconf 76' lang='grc' dir='ltr'>εἶναι</span> <span class='ocrx_word' id='word_1_200' title='bbox 1248 2482 1630 2555; x_wconf 77' lang='grc' dir='ltr'>διοριζόμενος.</span> <span class='ocrx_word' id='word_1_201' title='bbox 1666 2485 1788 2537; x_wconf 80' lang='grc' dir='ltr'>’Ὁτι</span> 
     </span>
    </p>
   </div>
   <div class='ocr_carea' id='block_1_28' title="bbox 215 2566 1788 2645">
    <p class='ocr_par' dir='ltr' id='par_1_28' title="bbox 215 2566 1788 2645">
     <span class='ocr_line' id='line_1_28' title="bbox 215 2566 1788 2645; baseline 0.007 -28"><span class='ocrx_word' id='word_1_202' title='bbox 215 2583 236 2617; x_wconf 79' lang='lat' dir='ltr'><strong>s</strong></span> <span class='ocrx_word' id='word_1_203' title='bbox 281 2566 340 2619; x_wconf 71' lang='grc' dir='ltr'>δὲ</span> <span class='ocrx_word' id='word_1_204' title='bbox 377 2566 521 2622; x_wconf 80' lang='grc' dir='ltr'>τοῦθ’</span> <span class='ocrx_word' id='word_1_205' title='bbox 550 2568 723 2633; x_wconf 80' lang='grc' dir='ltr'>οὕτως</span> <span class='ocrx_word' id='word_1_206' title='bbox 764 2570 911 2640; x_wconf 78' lang='grc' dir='ltr'>εχει,</span> <span class='ocrx_word' id='word_1_207' title='bbox 955 2573 1051 2625; x_wconf 76' lang='grc' dir='ltr'>καὶ</span> <span class='ocrx_word' id='word_1_208' title='bbox 1102 2572 1239 2644; x_wconf 78' lang='grc' dir='ltr'>πρὸς</span> <span class='ocrx_word' id='word_1_209' title='bbox 1283 2574 1433 2644; x_wconf 76' lang='grc' dir='ltr'>ἡμᾶς</span> <span class='ocrx_word' id='word_1_210' title='bbox 1478 2591 1639 2640; x_wconf 82' lang='grc' dir='ltr'>ποτε,</span> <span class='ocrx_word' id='word_1_211' title='bbox 1689 2575 1788 2645; x_wconf 81' lang='grc' dir='ltr'>τὴν</span> 
     </span>
    </p>
   </div>
   <div class='ocr_carea' id='block_1_29' title="bbox 216 2656 1783 2732">
    <p class='ocr_par' dir='ltr' id='par_1_29' title="bbox 216 2656 1783 2732">
     <span class='ocr_line' id='line_1_29' title="bbox 216 2656 1783 2732; baseline 0.005 -25"><span class='ocrx_word' id='word_1_212' title='bbox 216 2674 237 2707; x_wconf 81' lang='grc' dir='ltr'><strong>ι</strong></span> <span class='ocrx_word' id='word_1_213' title='bbox 279 2656 547 2727; x_wconf 84' lang='grc' dir='ltr'>’Δγκύραν</span> <span class='ocrx_word' id='word_1_214' title='bbox 573 2657 743 2721; x_wconf 86' lang='grc' dir='ltr'>διῖὼν,</span> <span class='ocrx_word' id='word_1_215' title='bbox 768 2659 970 2730; x_wconf 78' lang='grc' dir='ltr'>κτίσμα</span> <span class='ocrx_word' id='word_1_216' title='bbox 987 2660 1126 2714; x_wconf 89' lang='grc' dir='ltr'>εῖναι</span> <span class='ocrx_word' id='word_1_217' title='bbox 1141 2661 1233 2715; x_wconf 82' lang='grc' dir='ltr'>τὸν</span> <span class='ocrx_word' id='word_1_218' title='bbox 1260 2660 1490 2732; x_wconf 69' lang='grc' dir='ltr'>Χριστὸν</span> <span class='ocrx_word' id='word_1_219' title='bbox 1506 2662 1731 2731; x_wconf 74' lang='grc' dir='ltr'>ἔφασκε.</span> <span class='ocrx_word' id='word_1_220' title='bbox 1763 2682 1783 2715; x_wconf 78' lang='grc' dir='ltr'><strong>ι</strong></span> 
     </span>
    </p>
   </div>
   <div class='ocr_carea' id='block_1_30' title="bbox 210 2746 1785 2825">
    <p class='ocr_par' dir='ltr' id='par_1_30' title="bbox 210 2746 1785 2825">
     <span class='ocr_line' id='line_1_30' title="bbox 210 2746 1785 2825; baseline 0.009 -27"><span class='ocrx_word' id='word_1_221' title='bbox 210 2746 330 2799; x_wconf 80' lang='lat' dir='ltr'><strong>Kal</strong></span> <span class='ocrx_word' id='word_1_222' title='bbox 363 2748 523 2801; x_wconf 89' lang='grc' dir='ltr'>πάλιν</span> <span class='ocrx_word' id='word_1_223' title='bbox 566 2748 876 2819; x_wconf 86' lang='grc' dir='ltr'>μυθολογῶν</span> <span class='ocrx_word' id='word_1_224' title='bbox 907 2751 1173 2822; x_wconf 81' lang='grc' dir='ltr'>διελέχθαι</span> <span class='ocrx_word' id='word_1_225' title='bbox 1209 2753 1289 2824; x_wconf 85' lang='grc' dir='ltr'>τῷ</span> <span class='ocrx_word' id='word_1_226' title='bbox 1322 2754 1573 2825; x_wconf 86' lang='grc' dir='ltr'>Παυλίνῳ</span> <span class='ocrx_word' id='word_1_227' title='bbox 1601 2756 1785 2823; x_wconf 86' lang='grc' dir='ltr'>φησίν.</span> 
     </span>
    </p>
   </div>
   <div class='ocr_carea' id='block_1_31' title="bbox 215 2840 1790 2914">
    <p class='ocr_par' dir='ltr' id='par_1_31' title="bbox 215 2840 1790 2914">
     <span class='ocr_line' id='line_1_31' title="bbox 215 2840 1790 2914; baseline 0.004 -22"><span class='ocrx_word' id='word_1_228' title='bbox 215 2840 451 2893; x_wconf 79' lang='grc' dir='ltr'>Ἔπειτα</span> <span class='ocrx_word' id='word_1_229' title='bbox 486 2840 758 2895; x_wconf 89' lang='grc' dir='ltr'>διαϐάλλει</span> <span class='ocrx_word' id='word_1_230' title='bbox 789 2842 880 2895; x_wconf 87' lang='grc' dir='ltr'>τὸν</span> <span class='ocrx_word' id='word_1_231' title='bbox 924 2845 1212 2914; x_wconf 83' lang='grc' dir='ltr'>μακάριον,</span> <span class='ocrx_word' id='word_1_232' title='bbox 1247 2844 1324 2907; x_wconf 83' lang='grc' dir='ltr'><strong>ὡς</strong></span> <span class='ocrx_word' id='word_1_233' title='bbox 1370 2844 1523 2908; x_wconf 86' lang='grc' dir='ltr'>θεοὺς</span> <span class='ocrx_word' id='word_1_234' title='bbox 1562 2844 1790 2909; x_wconf 83' lang='grc' dir='ltr'>πολλοὺς</span> 
     </span>
    </p>
   </div>
   <div class='ocr_carea' id='block_1_32' title="bbox 209 2931 1790 3006">
    <p class='ocr_par' dir='ltr' id='par_1_32' title="bbox 209 2931 1790 3006">
     <span class='ocr_line' id='line_1_32' title="bbox 209 2931 1790 3006; baseline 0.003 -23"><span class='ocrx_word' id='word_1_235' title='bbox 209 2931 506 3002; x_wconf 76' lang='grc' dir='ltr'>εἰρηκότα,</span> <span class='ocrx_word' id='word_1_236' title='bbox 542 2933 636 2986; x_wconf 77' lang='grc' dir='ltr'>καὶ</span> <span class='ocrx_word' id='word_1_237' title='bbox 686 2933 995 2987; x_wconf 88' lang='grc' dir='ltr'>καταλιπὼν</span> <span class='ocrx_word' id='word_1_238' title='bbox 1028 2934 1121 2988; x_wconf 79' lang='grc' dir='ltr'>τὸν</span> <span class='ocrx_word' id='word_1_239' title='bbox 1165 2935 1449 3001; x_wconf 85' lang='grc' dir='ltr'>Παυλῖνον,</span> <span class='ocrx_word' id='word_1_240' title='bbox 1501 2936 1664 2991; x_wconf 88' lang='grc' dir='ltr'>πάλιν</span> <span class='ocrx_word' id='word_1_241' title='bbox 1712 2934 1790 3006; x_wconf 83' lang='grc' dir='ltr'>τῷ</span> 
     </span>
    </p>
   </div>
   <div class='ocr_carea' id='block_1_33' title="bbox 212 3024 1792 3098">
    <p class='ocr_par' dir='ltr' id='par_1_33' title="bbox 212 3024 1792 3098">
     <span class='ocr_line' id='line_1_33' title="bbox 212 3024 1792 3098; baseline 0.003 -21"><span class='ocrx_word' id='word_1_242' title='bbox 212 3024 463 3097; x_wconf 81' lang='grc' dir='ltr'>Εὐσεϐίφ</span> <span class='ocrx_word' id='word_1_243' title='bbox 493 3026 738 3098; x_wconf 72' lang='grc' dir='ltr'>σχολάζει</span> <span class='ocrx_word' id='word_1_244' title='bbox 795 3028 1018 3097; x_wconf 82' lang='grc' dir='ltr'>φάσκων</span> <span class='ocrx_word' id='word_1_245' title='bbox 1037 3046 1050 3060; x_wconf 89' lang='grc'><strong>·</strong></span> <span class='ocrx_word' id='word_1_246' title='bbox 1087 3049 1106 3082; x_wconf 83' lang='grc' dir='ltr'><strong>ι</strong></span> <span class='ocrx_word' id='word_1_247' title='bbox 1142 3028 1299 3083; x_wconf 79' lang='grc' dir='ltr'>Οὕτω</span> <span class='ocrx_word' id='word_1_248' title='bbox 1325 3028 1381 3083; x_wconf 79' lang='grc' dir='ltr'>δὲ</span> <span class='ocrx_word' id='word_1_249' title='bbox 1412 3028 1509 3083; x_wconf 75' lang='grc' dir='ltr'>καὶ</span> <span class='ocrx_word' id='word_1_250' title='bbox 1532 3029 1792 3091; x_wconf 82' lang='grc' dir='ltr'>Εὐσέϐιος</span> 
     </span>
    </p>
   </div>
   <div class='ocr_carea' id='block_1_34' title="bbox 216 3116 1792 3193">
    <p class='ocr_par' dir='ltr' id='par_1_34' title="bbox 216 3116 1792 3193">
     <span class='ocr_line' id='line_1_34' title="bbox 216 3116 1792 3193; baseline 0.004 -25"><span class='ocrx_word' id='word_1_251' title='bbox 216 3135 238 3167; x_wconf 76' lang='grc' dir='ltr'><strong>ι</strong></span> <span class='ocrx_word' id='word_1_252' title='bbox 282 3116 311 3169; x_wconf 80' lang='grc' dir='ltr'><strong>ό</strong></span> <span class='ocrx_word' id='word_1_253' title='bbox 346 3116 446 3187; x_wconf 84' lang='grc' dir='ltr'>τῆς</span> <span class='ocrx_word' id='word_1_254' title='bbox 484 3118 817 3191; x_wconf 83' lang='grc' dir='ltr'>Καισαρείας</span> <span class='ocrx_word' id='word_1_255' title='bbox 846 3122 1090 3193; x_wconf 82' lang='grc' dir='ltr'>γέγραφε</span> <span class='ocrx_word' id='word_1_256' title='bbox 1130 3122 1223 3176; x_wconf 75' lang='grc' dir='ltr'>καὶ</span> <span class='ocrx_word' id='word_1_257' title='bbox 1261 3121 1444 3187; x_wconf 83' lang='grc' dir='ltr'>αὐτὸς,</span> <span class='ocrx_word' id='word_1_258' title='bbox 1489 3121 1588 3192; x_wconf 79' lang='grc' dir='ltr'>τὴν</span> <span class='ocrx_word' id='word_1_259' title='bbox 1623 3121 1792 3193; x_wconf 80' lang='grc' dir='ltr'>αὐτὴν</span> 
     </span>
    </p>
   </div>
   <div class='ocr_carea' id='block_1_35' title="bbox 1893 568 3476 638">
    <p class='ocr_par' dir='ltr' id='par_1_35' title="bbox 1893 568 3476 638">
     <span class='ocr_line' id='line_1_35' title="bbox 1893 568 3476 638; baseline 0.002 -13"><span class='ocrx_word' id='word_1_260' title='bbox 1893 572 2166 626; x_wconf 73' lang='lat' dir='ltr'><strong>audivisse</strong></span> <span class='ocrx_word' id='word_1_261' title='bbox 2201 568 2466 636; x_wconf 84' lang='lat' dir='ltr'><strong>aﬁirmat,</strong></span> <span class='ocrx_word' id='word_1_262' title='bbox 2526 578 2691 638; x_wconf 90' lang='lat' dir='ltr'><strong>atque</strong></span> <span class='ocrx_word' id='word_1_263' title='bbox 2734 583 2803 623; x_wconf 75' lang='lat' dir='ltr'><strong>ex</strong></span> <span class='ocrx_word' id='word_1_264' title='bbox 2860 569 3229 638; x_wconf 76' lang='lat' dir='ltr'><strong>indignatione</strong></span> <span class='ocrx_word' id='word_1_265' title='bbox 3284 573 3476 628; x_wconf 78' lang='lat' dir='ltr'><strong>scribit</strong></span> 
     </span>
    </p>
   </div>
   <div class='ocr_carea' id='block_1_36' title="bbox 1898 659 3471 733">
    <p class='ocr_par' dir='ltr' id='par_1_36' title="bbox 1898 659 3471 733">
     <span class='ocr_line' id='line_1_36' title="bbox 1898 659 3471 733; baseline 0.002 -19"><span class='ocrx_word' id='word_1_266' title='bbox 1898 662 1998 733; x_wconf 71' lang='grc' dir='ltr'><strong>[Β.</strong></span> <span class='ocrx_word' id='word_1_267' title='bbox 2038 659 2283 733; x_wconf 74' lang='lat' dir='ltr'>LXXIII]</span> <span class='ocrx_word' id='word_1_268' title='bbox 2316 680 2329 715; x_wconf 89' lang='lat'><strong>:</strong></span> <span class='ocrx_word' id='word_1_269' title='bbox 2369 678 2388 711; x_wconf 80' lang='grc' dir='ltr'><strong>ι</strong></span> <span class='ocrx_word' id='word_1_270' title='bbox 2423 660 2713 731; x_wconf 75' lang='lat' dir='ltr'><strong>Apostolus</strong></span> <span class='ocrx_word' id='word_1_271' title='bbox 2750 659 3055 727; x_wconf 75' lang='lat' dir='ltr'><strong>huiusmodi</strong></span> <span class='ocrx_word' id='word_1_272' title='bbox 3102 660 3471 717; x_wconf 84' lang='lat' dir='ltr'><strong>testimoniqu</strong></span> 
     </span>
    </p>
   </div>
   <div class='ocr_carea' id='block_1_37' title="bbox 1903 750 3472 823">
    <p class='ocr_par' dir='ltr' id='par_1_37' title="bbox 1903 750 3472 823">
     <span class='ocr_line' id='line_1_37' title="bbox 1903 750 3472 823; baseline 0.004 -22"><span class='ocrx_word' id='word_1_273' title='bbox 1903 770 1920 801; x_wconf 77' lang='grc' dir='ltr'><strong>ι</strong></span> <span class='ocrx_word' id='word_1_274' title='bbox 1967 751 2279 806; x_wconf 73' lang='lat' dir='ltr'><strong>Galatarum</strong></span> <span class='ocrx_word' id='word_1_275' title='bbox 2313 751 2436 806; x_wconf 90' lang='lat' dir='ltr'><strong>ﬁdei</strong></span> <span class='ocrx_word' id='word_1_276' title='bbox 2466 751 2715 819; x_wconf 89' lang='lat' dir='ltr'><strong>perhibet</strong></span> <span class='ocrx_word' id='word_1_277' title='bbox 2743 767 2759 805; x_wconf 87' lang='lat'><strong>:</strong></span> <span class='ocrx_word' id='word_1_278' title='bbox 2792 750 3057 805; x_wconf 82' lang='lat' dir='ltr'><strong>Eusebius</strong></span> <span class='ocrx_word' id='word_1_279' title='bbox 3087 762 3270 805; x_wconf 87' lang='lat' dir='ltr'><strong>autem</strong></span> <span class='ocrx_word' id='word_1_280' title='bbox 3295 792 3311 817; x_wconf 93' lang='lat'><strong>,</strong></span> <span class='ocrx_word' id='word_1_281' title='bbox 3347 769 3472 823; x_wconf 86' lang='lat' dir='ltr'><strong>per-</strong></span> 
     </span>
    </p>
   </div>
   <div class='ocr_carea' id='block_1_38' title="bbox 1895 840 3475 911">
    <p class='ocr_par' dir='ltr' id='par_1_38' title="bbox 1895 840 3475 911">
     <span class='ocr_line' id='line_1_38' title="bbox 1895 840 3475 911; baseline 0.004 -21"><span class='ocrx_word' id='word_1_282' title='bbox 1895 857 1916 890; x_wconf 78' lang='grc' dir='ltr'><strong>ι</strong></span> <span class='ocrx_word' id='word_1_283' title='bbox 1965 855 2120 894; x_wconf 88' lang='lat' dir='ltr'><strong>verso</strong></span> <span class='ocrx_word' id='word_1_284' title='bbox 2141 855 2304 895; x_wconf 87' lang='lat' dir='ltr'><strong>sensu</strong></span> <span class='ocrx_word' id='word_1_285' title='bbox 2333 840 2649 909; x_wconf 88' lang='lat' dir='ltr'><strong>apostolico,</strong></span> <span class='ocrx_word' id='word_1_286' title='bbox 2676 854 2787 909; x_wconf 92' lang='lat' dir='ltr'><strong>quo</strong></span> <span class='ocrx_word' id='word_1_287' title='bbox 2814 840 3037 911; x_wconf 82' lang='lat' dir='ltr'><strong>scripsit</strong></span> <span class='ocrx_word' id='word_1_288' title='bbox 3072 858 3085 896; x_wconf 92' lang='lat'><strong>:</strong></span> <span class='ocrx_word' id='word_1_289' title='bbox 3113 840 3475 911; x_wconf 78' lang='lat' dir='ltr'><strong>Filioli,quos</strong></span> 
     </span>
    </p>
   </div>
   <div class='ocr_carea' id='block_1_39' title="bbox 1898 928 3474 998">
    <p class='ocr_par' dir='ltr' id='par_1_39' title="bbox 1898 928 3474 998">
     <span class='ocr_line' id='line_1_39' title="bbox 1898 928 3474 998; baseline 0.004 -18"><span class='ocrx_word' id='word_1_290' title='bbox 1898 948 1915 980; x_wconf 84' lang='grc' dir='ltr'><strong>ι</strong></span> <span class='ocrx_word' id='word_1_291' title='bbox 1963 932 2157 984; x_wconf 82' lang='lat' dir='ltr'><strong>iterum</strong></span> <span class='ocrx_word' id='word_1_292' title='bbox 2189 932 2457 998; x_wconf 88' lang='lat' dir='ltr'><strong>parturio,</strong></span> <span class='ocrx_word' id='word_1_293' title='bbox 2504 931 2677 985; x_wconf 84' lang='lat' dir='ltr'><strong>donec</strong></span> <span class='ocrx_word' id='word_1_294' title='bbox 2712 928 3029 985; x_wconf 76' lang='lat' dir='ltr'><strong>eﬁ‘ormetur</strong></span> <span class='ocrx_word' id='word_1_295' title='bbox 3061 933 3113 983; x_wconf 92' lang='lat' dir='ltr'><strong>in</strong></span> <span class='ocrx_word' id='word_1_296' title='bbox 3141 929 3291 985; x_wconf 91' lang='lat' dir='ltr'><strong>vobis</strong></span> <span class='ocrx_word' id='word_1_297' title='bbox 3320 931 3474 986; x_wconf 83' lang='lat' dir='ltr'><strong>Chri-</strong></span> 
     </span>
    </p>
   </div>
   <div class='ocr_carea' id='block_1_40' title="bbox 1897 1020 3475 1086">
    <p class='ocr_par' dir='ltr' id='par_1_40' title="bbox 1897 1020 3475 1086">
     <span class='ocr_line' id='line_1_40' title="bbox 1897 1020 3475 1086; baseline 0.003 -15"><span class='ocrx_word' id='word_1_298' title='bbox 1897 1040 1913 1071; x_wconf 84' lang='grc' dir='ltr'><strong>ι</strong></span> <span class='ocrx_word' id='word_1_299' title='bbox 1962 1031 2099 1086; x_wconf 86' lang='lat' dir='ltr'><strong>stus,</strong></span> <span class='ocrx_word' id='word_1_300' title='bbox 2128 1020 2338 1081; x_wconf 68' lang='lat' dir='ltr'><strong>Galatia</strong></span> <span class='ocrx_word' id='word_1_301' title='bbox 2366 1022 2700 1077; x_wconf 82' lang='lat' dir='ltr'><strong>obtrectatus</strong></span> <span class='ocrx_word' id='word_1_302' title='bbox 2742 1030 2869 1086; x_wconf 88' lang='lat' dir='ltr'><strong>est,</strong></span> <span class='ocrx_word' id='word_1_303' title='bbox 2924 1030 2981 1073; x_wconf 91' lang='lat' dir='ltr'><strong>ut</strong></span> <span class='ocrx_word' id='word_1_304' title='bbox 3030 1022 3209 1075; x_wconf 89' lang='lat' dir='ltr'><strong>minus</strong></span> <span class='ocrx_word' id='word_1_305' title='bbox 3238 1031 3381 1077; x_wconf 86' lang='lat' dir='ltr'><strong>recte</strong></span> <span class='ocrx_word' id='word_1_306' title='bbox 3407 1024 3475 1076; x_wconf 89' lang='lat' dir='ltr'><strong>de</strong></span> 
     </span>
    </p>
   </div>
   <div class='ocr_carea' id='block_1_41' title="bbox 1896 1110 3476 1180">
    <p class='ocr_par' dir='ltr' id='par_1_41' title="bbox 1896 1110 3476 1180">
     <span class='ocr_line' id='line_1_41' title="bbox 1896 1110 3476 1180; baseline 0.004 -20"><span class='ocrx_word' id='word_1_307' title='bbox 1896 1128 1915 1160; x_wconf 82' lang='grc' dir='ltr'><strong>ι</strong></span> <span class='ocrx_word' id='word_1_308' title='bbox 1962 1111 2070 1163; x_wconf 88' lang='lat' dir='ltr'><strong>Deo</strong></span> <span class='ocrx_word' id='word_1_309' title='bbox 2132 1111 2516 1165; x_wconf 88' lang='lat' dir='ltr'><strong>sentientibus.</strong></span> <span class='ocrx_word' id='word_1_310' title='bbox 2560 1130 2580 1162; x_wconf 78' lang='grc' dir='ltr'><strong>ι</strong></span> <span class='ocrx_word' id='word_1_311' title='bbox 2635 1110 2804 1166; x_wconf 86' lang='lat' dir='ltr'><strong>.Certe</strong></span> <span class='ocrx_word' id='word_1_312' title='bbox 2877 1111 3129 1180; x_wconf 87' lang='lat' dir='ltr'><strong>inquiens</strong></span> <span class='ocrx_word' id='word_1_313' title='bbox 3187 1114 3476 1180; x_wconf 85' lang='lat' dir='ltr'><strong>parturivit</strong></span> 
     </span>
    </p>
   </div>
   <div class='ocr_carea' id='block_1_42' title="bbox 1892 1203 3473 1272">
    <p class='ocr_par' dir='ltr' id='par_1_42' title="bbox 1892 1203 3473 1272">
     <span class='ocr_line' id='line_1_42' title="bbox 1892 1203 3473 1272; baseline 0.004 -19"><span class='ocrx_word' id='word_1_314' title='bbox 1892 1204 2147 1256; x_wconf 89' lang='lat' dir='ltr'><strong>acerbum</strong></span> <span class='ocrx_word' id='word_1_315' title='bbox 2181 1204 2465 1271; x_wconf 83' lang='lat' dir='ltr'><strong>quemdam</strong></span> <span class='ocrx_word' id='word_1_316' title='bbox 2503 1214 2559 1256; x_wconf 83' lang='lat' dir='ltr'><strong>et</strong></span> <span class='ocrx_word' id='word_1_317' title='bbox 2604 1203 3046 1256; x_wconf 82' lang='lat' dir='ltr'><strong>molestissimum</strong></span> <span class='ocrx_word' id='word_1_318' title='bbox 3096 1216 3313 1272; x_wconf 67' lang='lat' dir='ltr'><strong>partum</strong></span> <span class='ocrx_word' id='word_1_319' title='bbox 3363 1216 3473 1259; x_wconf 91' lang='lat' dir='ltr'><strong>tum</strong></span> 
     </span>
    </p>
   </div>
   <div class='ocr_carea' id='block_1_43' title="bbox 1891 1292 3477 1365">
    <p class='ocr_par' dir='ltr' id='par_1_43' title="bbox 1891 1292 3477 1365">
     <span class='ocr_line' id='line_1_43' title="bbox 1891 1292 3477 1365; baseline 0.004 -20"><span class='ocrx_word' id='word_1_320' title='bbox 1891 1308 2011 1345; x_wconf 88' lang='lat' dir='ltr'><strong>cum</strong></span> <span class='ocrx_word' id='word_1_321' title='bbox 2064 1294 2357 1347; x_wconf 76' lang='lat' dir='ltr'><strong>resciverat</strong></span> <span class='ocrx_word' id='word_1_322' title='bbox 2384 1292 2631 1359; x_wconf 84' lang='lat' dir='ltr'><strong>Galatas,</strong></span> <span class='ocrx_word' id='word_1_323' title='bbox 2678 1309 2783 1349; x_wconf 89' lang='lat' dir='ltr'><strong>non</strong></span> <span class='ocrx_word' id='word_1_324' title='bbox 2816 1295 2911 1357; x_wconf 90' lang='lat' dir='ltr'><strong>ita,</strong></span> <span class='ocrx_word' id='word_1_325' title='bbox 2965 1307 3022 1349; x_wconf 92' lang='lat' dir='ltr'><strong>ut</strong></span> <span class='ocrx_word' id='word_1_326' title='bbox 3068 1296 3203 1365; x_wconf 85' lang='lat' dir='ltr'><strong>ipse,</strong></span> <span class='ocrx_word' id='word_1_327' title='bbox 3256 1296 3322 1350; x_wconf 90' lang='lat' dir='ltr'><strong>de</strong></span> <span class='ocrx_word' id='word_1_328' title='bbox 3370 1297 3477 1352; x_wconf 87' lang='lat' dir='ltr'><strong>ﬁde</strong></span> 
     </span>
    </p>
   </div>
   <div class='ocr_carea' id='block_1_44' title="bbox 1890 1384 3474 1454">
    <p class='ocr_par' dir='ltr' id='par_1_44' title="bbox 1890 1384 3474 1454">
     <span class='ocr_line' id='line_1_44' title="bbox 1890 1384 3474 1454; baseline 0.006 -19"><span class='ocrx_word' id='word_1_329' title='bbox 1890 1384 2185 1437; x_wconf 68' lang='lat' dir='ltr'><strong>statuisse:</strong></span> <span class='ocrx_word' id='word_1_330' title='bbox 2226 1389 2285 1447; x_wconf 68' lang='lat'><strong>&gt;14</strong></span> <span class='ocrx_word' id='word_1_331' title='bbox 2332 1400 2440 1439; x_wconf 90' lang='lat' dir='ltr'><strong>non</strong></span> <span class='ocrx_word' id='word_1_332' title='bbox 2502 1385 2639 1439; x_wconf 87' lang='lat' dir='ltr'><strong>duas</strong></span> <span class='ocrx_word' id='word_1_333' title='bbox 2696 1386 3033 1441; x_wconf 82' lang='lat' dir='ltr'><strong>substantias</strong></span> <span class='ocrx_word' id='word_1_334' title='bbox 3092 1388 3419 1444; x_wconf 88' lang='lat' dir='ltr'><strong>conﬁtentes</strong></span> <span class='ocrx_word' id='word_1_335' title='bbox 3455 1428 3474 1454; x_wconf 91' lang='lat'><strong>,</strong></span> 
     </span>
    </p>
   </div>
   <div class='ocr_carea' id='block_1_45' title="bbox 1892 1464 3477 1547">
    <p class='ocr_par' dir='ltr' id='par_1_45' title="bbox 1892 1464 3477 1547">
     <span class='ocr_line' id='line_1_45' title="bbox 1892 1464 3477 1547; baseline 0.006 -23"><span class='ocrx_word' id='word_1_336' title='bbox 1892 1488 1996 1525; x_wconf 93' lang='lat' dir='ltr'><strong>non</strong></span> <span class='ocrx_word' id='word_1_337' title='bbox 2020 1489 2105 1528; x_wconf 87' lang='lat' dir='ltr'><strong>res</strong></span> <span class='ocrx_word' id='word_1_338' title='bbox 2142 1476 2273 1530; x_wconf 87' lang='lat' dir='ltr'><strong>duas</strong></span> <span class='ocrx_word' id='word_1_339' title='bbox 2301 1486 2353 1529; x_wconf 92' lang='lat' dir='ltr'><strong>et</strong></span> <span class='ocrx_word' id='word_1_340' title='bbox 2376 1464 2667 1545; x_wconf 82' lang='lat' dir='ltr'><strong>potentias,</strong></span> <span class='ocrx_word' id='word_1_341' title='bbox 2709 1492 2814 1532; x_wconf 81' lang='lat' dir='ltr'><strong>non</strong></span> <span class='ocrx_word' id='word_1_342' title='bbox 2852 1478 2985 1541; x_wconf 84' lang='lat' dir='ltr'><strong>duos</strong></span> <span class='ocrx_word' id='word_1_343' title='bbox 3020 1478 3151 1533; x_wconf 87' lang='lat' dir='ltr'><strong>deos</strong></span> <span class='ocrx_word' id='word_1_344' title='bbox 3178 1493 3477 1547; x_wconf 84' lang='lat' dir='ltr'><strong>agnoscen-</strong></span> 
     </span>
    </p>
   </div>
   <div class='ocr_carea' id='block_1_46' title="bbox 1892 1565 3477 1638">
    <p class='ocr_par' dir='ltr' id='par_1_46' title="bbox 1892 1565 3477 1638">
     <span class='ocr_line' id='line_1_46' title="bbox 1892 1565 3477 1638; baseline 0.005 -20"><span class='ocrx_word' id='word_1_345' title='bbox 1892 1574 1991 1620; x_wconf 88' lang='lat' dir='ltr'><strong>tes.</strong></span> <span class='ocrx_word' id='word_1_346' title='bbox 2018 1565 2151 1620; x_wconf 87' lang='lat' dir='ltr'><strong>Nota</strong></span> <span class='ocrx_word' id='word_1_347' title='bbox 2182 1568 2310 1620; x_wconf 87' lang='lat' dir='ltr'><strong>mihi</strong></span> <span class='ocrx_word' id='word_1_348' title='bbox 2352 1579 2536 1624; x_wconf 89' lang='lat' dir='ltr'><strong>autem</strong></span> <span class='ocrx_word' id='word_1_349' title='bbox 2568 1579 2771 1638; x_wconf 88' lang='lat' dir='ltr'><strong>quanto</strong></span> <span class='ocrx_word' id='word_1_350' title='bbox 2798 1584 2921 1623; x_wconf 91' lang='lat' dir='ltr'><strong>cum</strong></span> <span class='ocrx_word' id='word_1_351' title='bbox 2953 1570 3076 1625; x_wconf 90' lang='lat' dir='ltr'><strong>felle</strong></span> <span class='ocrx_word' id='word_1_352' title='bbox 3102 1580 3156 1625; x_wconf 91' lang='lat' dir='ltr'><strong>et</strong></span> <span class='ocrx_word' id='word_1_353' title='bbox 3178 1571 3477 1627; x_wconf 77' lang='lat' dir='ltr'><strong>acerbitate</strong></span> 
     </span>
    </p>
   </div>
   <div class='ocr_carea' id='block_1_47' title="bbox 1890 1656 3473 1730">
    <p class='ocr_par' dir='ltr' id='par_1_47' title="bbox 1890 1656 3473 1730">
     <span class='ocr_line' id='line_1_47' title="bbox 1890 1656 3473 1730; baseline 0.005 -23"><span class='ocrx_word' id='word_1_354' title='bbox 1890 1656 2223 1709; x_wconf 89' lang='lat' dir='ltr'><strong>convicietur</strong></span> <span class='ocrx_word' id='word_1_355' title='bbox 2253 1658 2325 1723; x_wconf 89' lang='lat' dir='ltr'><strong>ei,</strong></span> <span class='ocrx_word' id='word_1_356' title='bbox 2363 1659 2454 1727; x_wconf 90' lang='lat' dir='ltr'><strong>qui</strong></span> <span class='ocrx_word' id='word_1_357' title='bbox 2499 1660 2638 1713; x_wconf 88' lang='lat' dir='ltr'><strong>nihil</strong></span> <span class='ocrx_word' id='word_1_358' title='bbox 2683 1675 2908 1728; x_wconf 85' lang='lat' dir='ltr'><strong>prorsus</strong></span> <span class='ocrx_word' id='word_1_359' title='bbox 2948 1661 3000 1714; x_wconf 92' lang='lat' dir='ltr'><strong>in</strong></span> <span class='ocrx_word' id='word_1_360' title='bbox 3024 1663 3227 1730; x_wconf 82' lang='lat' dir='ltr'><strong>scripta</strong></span> <span class='ocrx_word' id='word_1_361' title='bbox 3268 1662 3473 1729; x_wconf 91' lang='lat' dir='ltr'><strong>retulit,</strong></span> 
     </span>
    </p>
   </div>
   <div class='ocr_carea' id='block_1_48' title="bbox 1890 1748 3475 1824">
    <p class='ocr_par' dir='ltr' id='par_1_48' title="bbox 1890 1748 3475 1824">
     <span class='ocr_line' id='line_1_48' title="bbox 1890 1748 3475 1824; baseline 0.006 -24"><span class='ocrx_word' id='word_1_362' title='bbox 1890 1756 2086 1815; x_wconf 63' lang='lat' dir='ltr'><strong>prater</strong></span> <span class='ocrx_word' id='word_1_363' title='bbox 2154 1748 2295 1801; x_wconf 85' lang='lat' dir='ltr'><strong>nuda</strong></span> <span class='ocrx_word' id='word_1_364' title='bbox 2361 1749 2743 1819; x_wconf 84' lang='lat' dir='ltr'><strong>ipsissitnaque</strong></span> <span class='ocrx_word' id='word_1_365' title='bbox 2786 1752 3030 1820; x_wconf 79' lang='lat' dir='ltr'><strong>Apostoii</strong></span> <span class='ocrx_word' id='word_1_366' title='bbox 3081 1754 3268 1818; x_wconf 87' lang='lat' dir='ltr'><strong>verba,</strong></span> <span class='ocrx_word' id='word_1_367' title='bbox 3315 1755 3475 1824; x_wconf 84' lang='lat' dir='ltr'><strong>idque</strong></span> 
     </span>
    </p>
   </div>
   <div class='ocr_carea' id='block_1_49' title="bbox 1891 1838 3478 1913">
    <p class='ocr_par' dir='ltr' id='par_1_49' title="bbox 1891 1838 3478 1913">
     <span class='ocr_line' id='line_1_49' title="bbox 1891 1838 3478 1913; baseline 0.007 -22"><span class='ocrx_word' id='word_1_368' title='bbox 1891 1838 2053 1891; x_wconf 88' lang='lat' dir='ltr'><strong>etiam</strong></span> <span class='ocrx_word' id='word_1_369' title='bbox 2086 1840 2201 1906; x_wconf 89' lang='lat' dir='ltr'><strong>ipso</strong></span> <span class='ocrx_word' id='word_1_370' title='bbox 2230 1838 2448 1894; x_wconf 80' lang='lat' dir='ltr'><strong>favente</strong></span> <span class='ocrx_word' id='word_1_371' title='bbox 2472 1852 2813 1897; x_wconf 85' lang='lat' dir='ltr'><strong>accusatore.</strong></span> <span class='ocrx_word' id='word_1_372' title='bbox 2840 1842 2907 1896; x_wconf 83' lang='lat' dir='ltr'><strong>Et</strong></span> <span class='ocrx_word' id='word_1_373' title='bbox 2937 1844 3115 1898; x_wconf 83' lang='lat' dir='ltr'><strong>adimo</strong></span> <span class='ocrx_word' id='word_1_374' title='bbox 3144 1846 3237 1913; x_wconf 92' lang='lat' dir='ltr'><strong>qui</strong></span> <span class='ocrx_word' id='word_1_375' title='bbox 3271 1844 3478 1902; x_wconf 89' lang='lat' dir='ltr'><strong>fatetur</strong></span> 
     </span>
    </p>
   </div>
   <div class='ocr_carea' id='block_1_50' title="bbox 1890 1929 3472 2007">
    <p class='ocr_par' dir='ltr' id='par_1_50' title="bbox 1890 1929 3472 2007">
     <span class='ocr_line' id='line_1_50' title="bbox 1890 1929 3472 2007; baseline 0.006 -25"><span class='ocrx_word' id='word_1_376' title='bbox 1890 1929 1993 1983; x_wconf 90' lang='lat' dir='ltr'><strong>hoc</strong></span> <span class='ocrx_word' id='word_1_377' title='bbox 2022 1931 2076 1983; x_wconf 89' lang='lat' dir='ltr'><strong>in</strong></span> <span class='ocrx_word' id='word_1_378' title='bbox 2105 1932 2227 1985; x_wconf 92' lang='lat' dir='ltr'><strong>loco</strong></span> <span class='ocrx_word' id='word_1_379' title='bbox 2262 1930 2556 1987; x_wconf 85' lang='lat' dir='ltr'><strong>Eusebium</strong></span> <span class='ocrx_word' id='word_1_380' title='bbox 2606 1935 2744 1988; x_wconf 88' lang='lat' dir='ltr'><strong>duos</strong></span> <span class='ocrx_word' id='word_1_381' title='bbox 2791 1934 2923 1988; x_wconf 86' lang='lat' dir='ltr'><strong>deos</strong></span> <span class='ocrx_word' id='word_1_382' title='bbox 2975 1937 3239 2004; x_wconf 88' lang='lat' dir='ltr'><strong>proﬁteri,</strong></span> <span class='ocrx_word' id='word_1_383' title='bbox 3280 1948 3472 2007; x_wconf 84' lang='lat' dir='ltr'><strong>utputa</strong></span> 
     </span>
    </p>
   </div>
   <div class='ocr_carea' id='block_1_51' title="bbox 1886 2020 3471 2095">
    <p class='ocr_par' dir='ltr' id='par_1_51' title="bbox 1886 2020 3471 2095">
     <span class='ocr_line' id='line_1_51' title="bbox 1886 2020 3471 2095; baseline 0.006 -21"><span class='ocrx_word' id='word_1_384' title='bbox 1886 2020 1977 2089; x_wconf 89' lang='lat' dir='ltr'><strong>qui</strong></span> <span class='ocrx_word' id='word_1_385' title='bbox 2023 2036 2145 2076; x_wconf 90' lang='lat' dir='ltr'><strong>cum</strong></span> <span class='ocrx_word' id='word_1_386' title='bbox 2174 2021 2338 2077; x_wconf 81' lang='lat' dir='ltr'><strong>Patre</strong></span> <span class='ocrx_word' id='word_1_387' title='bbox 2384 2039 2502 2090; x_wconf 91' lang='lat' dir='ltr'><strong>suo,</strong></span> <span class='ocrx_word' id='word_1_388' title='bbox 2558 2039 2661 2078; x_wconf 88' lang='lat' dir='ltr'><strong>una</strong></span> <span class='ocrx_word' id='word_1_389' title='bbox 2720 2034 2776 2080; x_wconf 91' lang='lat' dir='ltr'><strong>et</strong></span> <span class='ocrx_word' id='word_1_390' title='bbox 2803 2025 3002 2080; x_wconf 86' lang='lat' dir='ltr'><strong>Filium</strong></span> <span class='ocrx_word' id='word_1_391' title='bbox 3053 2041 3270 2095; x_wconf 88' lang='lat' dir='ltr'><strong>quoque</strong></span> <span class='ocrx_word' id='word_1_392' title='bbox 3300 2026 3471 2083; x_wconf 87' lang='lat' dir='ltr'><strong>Deum</strong></span> 
     </span>
    </p>
   </div>
   <div class='ocr_carea' id='block_1_52' title="bbox 1887 2118 3472 2189">
    <p class='ocr_par' dir='ltr' id='par_1_52' title="bbox 1887 2118 3472 2189">
     <span class='ocr_line' id='line_1_52' title="bbox 1887 2118 3472 2189; baseline 0.007 -24"><span class='ocrx_word' id='word_1_393' title='bbox 1887 2122 2146 2181; x_wconf 74' lang='lat' dir='ltr'><strong>agnoscat</strong></span> <span class='ocrx_word' id='word_1_394' title='bbox 2172 2127 2316 2179; x_wconf 88' lang='lat' dir='ltr'><strong>esse,</strong></span> <span class='ocrx_word' id='word_1_395' title='bbox 2345 2118 2575 2186; x_wconf 56' lang='lat' dir='ltr'><strong>pergens</strong></span> <span class='ocrx_word' id='word_1_396' title='bbox 2608 2132 2773 2187; x_wconf 90' lang='lat' dir='ltr'><strong>porro</strong></span> <span class='ocrx_word' id='word_1_397' title='bbox 2796 2118 2849 2172; x_wconf 91' lang='lat' dir='ltr'><strong>in</strong></span> <span class='ocrx_word' id='word_1_398' title='bbox 2882 2120 3268 2189; x_wconf 89' lang='lat' dir='ltr'><strong>sequentibus,</strong></span> <span class='ocrx_word' id='word_1_399' title='bbox 3304 2122 3472 2177; x_wconf 89' lang='lat' dir='ltr'><strong>veluti</strong></span> 
     </span>
    </p>
   </div>
   <div class='ocr_carea' id='block_1_53' title="bbox 1886 2202 3477 2274">
    <p class='ocr_par' dir='ltr' id='par_1_53' title="bbox 1886 2202 3477 2274">
     <span class='ocr_line' id='line_1_53' title="bbox 1886 2202 3477 2274; baseline 0.009 -19"><span class='ocrx_word' id='word_1_400' title='bbox 1886 2202 1969 2255; x_wconf 91' lang='lat' dir='ltr'><strong>sui</strong></span> <span class='ocrx_word' id='word_1_401' title='bbox 2010 2203 2231 2269; x_wconf 83' lang='lat' dir='ltr'><strong>oblitus,</strong></span> <span class='ocrx_word' id='word_1_402' title='bbox 2280 2215 2337 2261; x_wconf 89' lang='lat' dir='ltr'><strong>et</strong></span> <span class='ocrx_word' id='word_1_403' title='bbox 2397 2209 2789 2274; x_wconf 82' lang='lat' dir='ltr'><strong>accusationis,</strong></span> <span class='ocrx_word' id='word_1_404' title='bbox 2827 2220 3060 2265; x_wconf 83' lang='lat' dir='ltr'><strong>conatur</strong></span> <span class='ocrx_word' id='word_1_405' title='bbox 3105 2211 3357 2267; x_wconf 89' lang='lat' dir='ltr'><strong>eumdem</strong></span> <span class='ocrx_word' id='word_1_406' title='bbox 3418 2222 3477 2269; x_wconf 84' lang='lat' dir='ltr'><strong>et</strong></span> 
     </span>
    </p>
   </div>
   <div class='ocr_carea' id='block_1_54' title="bbox 1888 2293 3476 2366">
    <p class='ocr_par' dir='ltr' id='par_1_54' title="bbox 1888 2293 3476 2366">
     <span class='ocr_line' id='line_1_54' title="bbox 1888 2293 3476 2366; baseline 0.006 -18"><span class='ocrx_word' id='word_1_407' title='bbox 1888 2293 2230 2361; x_wconf 84' lang='lat' dir='ltr'><strong>calumniari,</strong></span> <span class='ocrx_word' id='word_1_408' title='bbox 2254 2297 2400 2366; x_wconf 90' lang='lat' dir='ltr'><strong>quod</strong></span> <span class='ocrx_word' id='word_1_409' title='bbox 2435 2299 2639 2353; x_wconf 91' lang='lat' dir='ltr'><strong>nudum</strong></span> <span class='ocrx_word' id='word_1_410' title='bbox 2674 2311 2882 2355; x_wconf 88' lang='lat' dir='ltr'><strong>tantum</strong></span> <span class='ocrx_word' id='word_1_411' title='bbox 2933 2302 3205 2359; x_wconf 86' lang='lat' dir='ltr'><strong>hominem</strong></span> <span class='ocrx_word' id='word_1_412' title='bbox 3241 2302 3476 2360; x_wconf 84' lang='lat' dir='ltr'><strong>aﬁlrmet</strong></span> 
     </span>
    </p>
   </div>
   <div class='ocr_carea' id='block_1_55' title="bbox 1887 2388 3476 2471">
    <p class='ocr_par' dir='ltr' id='par_1_55' title="bbox 1887 2388 3476 2471">
     <span class='ocr_line' id='line_1_55' title="bbox 1887 2388 3476 2471; baseline 0.007 -28"><span class='ocrx_word' id='word_1_413' title='bbox 1887 2402 2007 2444; x_wconf 82' lang='lat' dir='ltr'><strong>esse</strong></span> <span class='ocrx_word' id='word_1_414' title='bbox 2057 2388 2362 2471; x_wconf 58' lang='lat' dir='ltr'><strong>Christum.</strong></span> <span class='ocrx_word' id='word_1_415' title='bbox 2401 2392 2710 2449; x_wconf 81' lang='lat' dir='ltr'><strong>Antedictis</strong></span> <span class='ocrx_word' id='word_1_416' title='bbox 2751 2396 2995 2449; x_wconf 84' lang='lat' dir='ltr'><strong>annectit</strong></span> <span class='ocrx_word' id='word_1_417' title='bbox 3031 2396 3084 2450; x_wconf 88' lang='lat' dir='ltr'><strong>in</strong></span> <span class='ocrx_word' id='word_1_418' title='bbox 3117 2397 3476 2465; x_wconf 79' lang='lat' dir='ltr'><strong>sequentibus</strong></span> 
     </span>
    </p>
   </div>
   <div class='ocr_carea' id='block_1_56' title="bbox 1888 2479 3471 2557">
    <p class='ocr_par' dir='ltr' id='par_1_56' title="bbox 1888 2479 3471 2557">
     <span class='ocr_line' id='line_1_56' title="bbox 1888 2479 3471 2557; baseline 0.008 -25"><span class='ocrx_word' id='word_1_419' title='bbox 1888 2479 2241 2550; x_wconf 89' lang='lat' dir='ltr'><strong>multiplicem</strong></span> <span class='ocrx_word' id='word_1_420' title='bbox 2282 2494 2337 2538; x_wconf 90' lang='lat' dir='ltr'><strong>et</strong></span> <span class='ocrx_word' id='word_1_421' title='bbox 2376 2482 2593 2555; x_wconf 87' lang='lat' dir='ltr'><strong>longam</strong></span> <span class='ocrx_word' id='word_1_422' title='bbox 2638 2486 2929 2555; x_wconf 81' lang='lat' dir='ltr'><strong>quamdam</strong></span> <span class='ocrx_word' id='word_1_423' title='bbox 2984 2487 3471 2557; x_wconf 83' lang='lat' dir='ltr'><strong>vaniloquentiam,</strong></span> 
     </span>
    </p>
   </div>
   <div class='ocr_carea' id='block_1_57' title="bbox 1888 2570 3473 2645">
    <p class='ocr_par' dir='ltr' id='par_1_57' title="bbox 1888 2570 3473 2645">
     <span class='ocr_line' id='line_1_57' title="bbox 1888 2570 3473 2645; baseline 0.006 -22"><span class='ocrx_word' id='word_1_424' title='bbox 1888 2570 2034 2626; x_wconf 89' lang='lat' dir='ltr'><strong>entia</strong></span> <span class='ocrx_word' id='word_1_425' title='bbox 2066 2580 2121 2627; x_wconf 91' lang='lat' dir='ltr'><strong>et</strong></span> <span class='ocrx_word' id='word_1_426' title='bbox 2145 2586 2250 2627; x_wconf 89' lang='lat' dir='ltr'><strong>non</strong></span> <span class='ocrx_word' id='word_1_427' title='bbox 2268 2574 2412 2628; x_wconf 84' lang='lat' dir='ltr'><strong>entia</strong></span> <span class='ocrx_word' id='word_1_428' title='bbox 2439 2576 2804 2645; x_wconf 82' lang='lat' dir='ltr'><strong>aggregsndo,</strong></span> <span class='ocrx_word' id='word_1_429' title='bbox 2834 2586 3041 2631; x_wconf 86' lang='lat' dir='ltr'><strong>tantum</strong></span> <span class='ocrx_word' id='word_1_430' title='bbox 3060 2592 3166 2631; x_wconf 90' lang='lat' dir='ltr'><strong>non</strong></span> <span class='ocrx_word' id='word_1_431' title='bbox 3198 2579 3265 2631; x_wconf 86' lang='lat' dir='ltr'><strong>ad</strong></span> <span class='ocrx_word' id='word_1_432' title='bbox 3282 2592 3473 2633; x_wconf 90' lang='lat' dir='ltr'><strong>eorum</strong></span> 
     </span>
    </p>
   </div>
   <div class='ocr_carea' id='block_1_58' title="bbox 1890 2664 3473 2737">
    <p class='ocr_par' dir='ltr' id='par_1_58' title="bbox 1890 2664 3473 2737">
     <span class='ocr_line' id='line_1_58' title="bbox 1890 2664 3473 2737; baseline 0.005 -22"><span class='ocrx_word' id='word_1_433' title='bbox 1890 2676 2093 2717; x_wconf 86' lang='lat' dir='ltr'><strong>morem</strong></span> <span class='ocrx_word' id='word_1_434' title='bbox 2120 2664 2211 2733; x_wconf 85' lang='lat' dir='ltr'><strong>qui</strong></span> <span class='ocrx_word' id='word_1_435' title='bbox 2236 2664 2389 2718; x_wconf 91' lang='lat' dir='ltr'><strong>aiunt</strong></span> <span class='ocrx_word' id='word_1_436' title='bbox 2415 2684 2429 2718; x_wconf 93' lang='lat'><strong>:</strong></span> <span class='ocrx_word' id='word_1_437' title='bbox 2451 2664 2617 2720; x_wconf 83' lang='lat' dir='ltr'><strong>Labia</strong></span> <span class='ocrx_word' id='word_1_438' title='bbox 2638 2678 2817 2720; x_wconf 83' lang='lat' dir='ltr'><strong>nostra</strong></span> <span class='ocrx_word' id='word_1_439' title='bbox 2843 2684 2998 2734; x_wconf 80' lang='lat' dir='ltr'><strong>penes</strong></span> <span class='ocrx_word' id='word_1_440' title='bbox 3019 2683 3114 2721; x_wconf 82' lang='lat' dir='ltr'><strong>nos</strong></span> <span class='ocrx_word' id='word_1_441' title='bbox 3137 2670 3277 2737; x_wconf 86' lang='lat' dir='ltr'><strong>ipsos</strong></span> <span class='ocrx_word' id='word_1_442' title='bbox 3306 2679 3430 2723; x_wconf 81' lang='lat' dir='ltr'><strong>sunt</strong></span> <span class='ocrx_word' id='word_1_443' title='bbox 3454 2684 3473 2723; x_wconf 82' lang='lat'><strong>.&#39;</strong></span> 
     </span>
    </p>
   </div>
   <div class='ocr_carea' id='block_1_59' title="bbox 1888 2757 3475 2835">
    <p class='ocr_par' dir='ltr' id='par_1_59' title="bbox 1888 2757 3475 2835">
     <span class='ocr_line' id='line_1_59' title="bbox 1888 2757 3475 2835; baseline 0.007 -28"><span class='ocrx_word' id='word_1_444' title='bbox 1888 2758 2062 2825; x_wconf 71' lang='lat' dir='ltr'><strong>ecquis</strong></span> <span class='ocrx_word' id='word_1_445' title='bbox 2108 2757 2274 2810; x_wconf 79' lang='lat' dir='ltr'><strong>nostri</strong></span> <span class='ocrx_word' id='word_1_446' title='bbox 2318 2758 2625 2811; x_wconf 78' lang='lat' dir='ltr'><strong>dominatur</strong></span> <span class='ocrx_word' id='word_1_447' title='bbox 2660 2759 2752 2813; x_wconf 68' lang='grc' dir='ltr'>ιη</span> <span class='ocrx_word' id='word_1_448' title='bbox 2810 2759 2947 2816; x_wconf 78' lang='lat' dir='ltr'><strong>Hinc</strong></span> <span class='ocrx_word' id='word_1_449' title='bbox 3010 2770 3269 2831; x_wconf 80' lang='lat' dir='ltr'><strong>apparet,</strong></span> <span class='ocrx_word' id='word_1_450' title='bbox 3330 2765 3475 2835; x_wconf 84' lang='lat' dir='ltr'><strong>quod</strong></span> 
     </span>
    </p>
   </div>
   <div class='ocr_carea' id='block_1_60' title="bbox 1891 2849 3475 2923">
    <p class='ocr_par' dir='ltr' id='par_1_60' title="bbox 1891 2849 3475 2923">
     <span class='ocr_line' id='line_1_60' title="bbox 1891 2849 3475 2923; baseline 0.007 -24"><span class='ocrx_word' id='word_1_451' title='bbox 1891 2849 2111 2901; x_wconf 90' lang='lat' dir='ltr'><strong>memini</strong></span> <span class='ocrx_word' id='word_1_452' title='bbox 2139 2850 2431 2918; x_wconf 90' lang='lat' dir='ltr'><strong>scripsisse</strong></span> <span class='ocrx_word' id='word_1_453' title='bbox 2482 2863 2569 2905; x_wconf 90' lang='lat' dir='ltr'><strong>me</strong></span> <span class='ocrx_word' id='word_1_454' title='bbox 2602 2850 2673 2905; x_wconf 88' lang='lat' dir='ltr'><strong>ab</strong></span> <span class='ocrx_word' id='word_1_455' title='bbox 2710 2851 2869 2907; x_wconf 90' lang='lat' dir='ltr'><strong>initio</strong></span> <span class='ocrx_word' id='word_1_456' title='bbox 2911 2855 3123 2923; x_wconf 90' lang='lat' dir='ltr'><strong>operis,</strong></span> <span class='ocrx_word' id='word_1_457' title='bbox 3180 2854 3249 2909; x_wconf 83' lang='lat' dir='ltr'><strong>ab</strong></span> <span class='ocrx_word' id='word_1_458' title='bbox 3286 2854 3475 2910; x_wconf 88' lang='lat' dir='ltr'><strong>hostili</strong></span> 
     </span>
    </p>
   </div>
   <div class='ocr_carea' id='block_1_61' title="bbox 1890 2939 3476 3016">
    <p class='ocr_par' dir='ltr' id='par_1_61' title="bbox 1890 2939 3476 3016">
     <span class='ocr_line' id='line_1_61' title="bbox 1890 2939 3476 3016; baseline 0.008 -24"><span class='ocrx_word' id='word_1_459' title='bbox 1890 2939 2171 2995; x_wconf 87' lang='lat' dir='ltr'><strong>inimicitia</strong></span> <span class='ocrx_word' id='word_1_460' title='bbox 2194 2950 2249 2996; x_wconf 88' lang='lat' dir='ltr'><strong>et</strong></span> <span class='ocrx_word' id='word_1_461' title='bbox 2279 2941 2521 2996; x_wconf 87' lang='lat' dir='ltr'><strong>fraterno</strong></span> <span class='ocrx_word' id='word_1_462' title='bbox 2542 2944 2666 2997; x_wconf 90' lang='lat' dir='ltr'><strong>odio</strong></span> <span class='ocrx_word' id='word_1_463' title='bbox 2696 2946 2762 2997; x_wconf 91' lang='lat' dir='ltr'><strong>ad</strong></span> <span class='ocrx_word' id='word_1_464' title='bbox 2783 2945 3128 3000; x_wconf 87' lang='lat' dir='ltr'><strong>scribendum</strong></span> <span class='ocrx_word' id='word_1_465' title='bbox 3158 2948 3476 3016; x_wconf 84' lang='lat' dir='ltr'><strong>prosiluisse</strong></span> 
     </span>
    </p>
   </div>
   <div class='ocr_carea' id='block_1_62' title="bbox 1890 3027 3474 3098">
    <p class='ocr_par' dir='ltr' id='par_1_62' title="bbox 1890 3027 3474 3098">
     <span class='ocr_line' id='line_1_62' title="bbox 1890 3027 3474 3098; baseline 0.008 -16"><span class='ocrx_word' id='word_1_466' title='bbox 1890 3027 2224 3085; x_wconf 80' lang='lat' dir='ltr'><strong>Marcellum.</strong></span> <span class='ocrx_word' id='word_1_467' title='bbox 2262 3029 2399 3084; x_wconf 86' lang='lat' dir='ltr'><strong>IIinc</strong></span> <span class='ocrx_word' id='word_1_468' title='bbox 2432 3032 2711 3098; x_wconf 72' lang='lat' dir='ltr'><strong>digresws</strong></span> <span class='ocrx_word' id='word_1_469' title='bbox 2741 3034 2795 3087; x_wconf 93' lang='lat' dir='ltr'><strong>in</strong></span> <span class='ocrx_word' id='word_1_470' title='bbox 2831 3035 3108 3088; x_wconf 81' lang='lat' dir='ltr'><strong>Asterium</strong></span> <span class='ocrx_word' id='word_1_471' title='bbox 3140 3038 3317 3093; x_wconf 88' lang='lat' dir='ltr'><strong>denuo</strong></span> <span class='ocrx_word' id='word_1_472' title='bbox 3360 3049 3474 3093; x_wconf 87' lang='lat' dir='ltr'><strong>tra-</strong></span> 
     </span>
    </p>
   </div>
   <div class='ocr_carea' id='block_1_63' title="bbox 1892 3110 3570 3193">
    <p class='ocr_par' dir='ltr' id='par_1_63' title="bbox 1892 3110 3570 3193">
     <span class='ocr_line' id='line_1_63' title="bbox 1892 3110 3570 3193; baseline 0.008 -20"><span class='ocrx_word' id='word_1_473' title='bbox 1892 3121 2013 3190; x_wconf 84' lang='lat' dir='ltr'><strong>gice</strong></span> <span class='ocrx_word' id='word_1_474' title='bbox 2061 3122 2412 3191; x_wconf 87' lang='lat' dir='ltr'><strong>ampullatur,</strong></span> <span class='ocrx_word' id='word_1_475' title='bbox 2470 3124 2606 3178; x_wconf 90' lang='lat' dir='ltr'><strong>bene</strong></span> <span class='ocrx_word' id='word_1_476' title='bbox 2640 3123 2856 3193; x_wconf 92' lang='lat' dir='ltr'><strong>longam</strong></span> <span class='ocrx_word' id='word_1_477' title='bbox 2912 3125 2979 3180; x_wconf 87' lang='lat' dir='ltr'><strong>de</strong></span> <span class='ocrx_word' id='word_1_478' title='bbox 3032 3126 3123 3181; x_wconf 92' lang='lat' dir='ltr'><strong>illo</strong></span> <span class='ocrx_word' id='word_1_479' title='bbox 3184 3130 3477 3188; x_wconf 86' lang='lat' dir='ltr'><strong>instituens</strong></span> <span class='ocrx_word' id='word_1_480' title='bbox 3566 3110 3570 3114; x_wconf 30' lang='grc'>’</span> 
     </span>
    </p>
   </div>
   <div class='ocr_carea' id='block_1_64' title="bbox 218 3205 1792 3288">
    <p class='ocr_par' dir='ltr' id='par_1_64' title="bbox 218 3205 1791 3283">
     <span class='ocr_line' id='line_1_64' title="bbox 218 3205 1791 3283; baseline 0.005 -26"><span class='ocrx_word' id='word_1_481' title='bbox 218 3224 239 3256; x_wconf 81' lang='lat' dir='ltr'><strong>s</strong></span> <span class='ocrx_word' id='word_1_482' title='bbox 283 3205 419 3276; x_wconf 69' lang='grc' dir='ltr'>ἔχων</span> <span class='ocrx_word' id='word_1_483' title='bbox 446 3208 695 3279; x_wconf 79' lang='grc' dir='ltr'>Παυλίνῳ</span> <span class='ocrx_word' id='word_1_484' title='bbox 715 3226 774 3262; x_wconf 90' lang='grc' dir='ltr'><strong>τε</strong></span> <span class='ocrx_word' id='word_1_485' title='bbox 798 3211 891 3265; x_wconf 78' lang='grc' dir='ltr'>καὶ</span> <span class='ocrx_word' id='word_1_486' title='bbox 919 3214 1030 3275; x_wconf 86' lang='grc' dir='ltr'>τοῖς</span> <span class='ocrx_word' id='word_1_487' title='bbox 1058 3208 1256 3275; x_wconf 79' lang='grc' dir='ltr'>ἔξωθεν</span> <span class='ocrx_word' id='word_1_488' title='bbox 1288 3211 1419 3283; x_wconf 74' lang='grc' dir='ltr'>περὶ</span> <span class='ocrx_word' id='word_1_489' title='bbox 1446 3210 1581 3264; x_wconf 88' lang='grc' dir='ltr'>Θεοῦ</span> <span class='ocrx_word' id='word_1_490' title='bbox 1614 3210 1791 3278; x_wconf 79' lang='grc' dir='ltr'>δόξαν.</span> 
     </span>
    </p>
   </div>
   <div class='ocr_carea' id='block_1_65' title="bbox 1895 3205 3476 3288">
    <p class='ocr_par' dir='ltr' id='par_1_65' title="bbox 1897 3208 3476 3288">
     <span class='ocr_line' id='line_1_65' title="bbox 1897 3208 3476 3288; baseline 0.008 -25"><span class='ocrx_word' id='word_1_491' title='bbox 1897 3212 2288 3265; x_wconf 88' lang='lat' dir='ltr'><strong>narrationem.</strong></span> <span class='ocrx_word' id='word_1_492' title='bbox 2314 3208 2510 3265; x_wconf 83' lang='lat' dir='ltr'><strong>Narrat</strong></span> <span class='ocrx_word' id='word_1_493' title='bbox 2533 3217 2803 3280; x_wconf 80' lang='lat' dir='ltr'><strong>qttOInodo</strong></span> <span class='ocrx_word' id='word_1_494' title='bbox 2834 3216 3036 3282; x_wconf 89' lang='lat' dir='ltr'><strong>passim</strong></span> <span class='ocrx_word' id='word_1_495' title='bbox 3072 3221 3476 3288; x_wconf 73' lang='lat' dir='ltr'><strong>peregrinetur,</strong></span> 
     </span>
    </p>
   </div>
   <div class='ocr_carea' id='block_1_66' title="bbox 217 3298 1793 3373">
    <p class='ocr_par' dir='ltr' id='par_1_66' title="bbox 217 3298 1793 3373">
     <span class='ocr_line' id='line_1_66' title="bbox 217 3298 1793 3373; baseline 0.006 -25"><span class='ocrx_word' id='word_1_496' title='bbox 217 3316 239 3348; x_wconf 77' lang='grc' dir='ltr'><strong>ι</strong></span> <span class='ocrx_word' id='word_1_497' title='bbox 284 3298 529 3369; x_wconf 76' lang='grc' dir='ltr'>Γέγραφε</span> <span class='ocrx_word' id='word_1_498' title='bbox 560 3301 688 3372; x_wconf 89' lang='grc' dir='ltr'><strong>γάρ,</strong></span> <span class='ocrx_word' id='word_1_499' title='bbox 718 3302 815 3372; x_wconf 81' lang='grc' dir='ltr'>οὐχ</span> <span class='ocrx_word' id='word_1_500' title='bbox 855 3301 930 3365; x_wconf 83' lang='grc' dir='ltr'>ὡς</span> <span class='ocrx_word' id='word_1_501' title='bbox 960 3302 1112 3366; x_wconf 89' lang='grc' dir='ltr'>ὄντος</span> <span class='ocrx_word' id='word_1_502' title='bbox 1145 3304 1307 3373; x_wconf 84' lang='grc' dir='ltr'>μόνου</span> <span class='ocrx_word' id='word_1_503' title='bbox 1336 3302 1491 3367; x_wconf 84' lang='grc' dir='ltr'>Θεοῦ,</span> <span class='ocrx_word' id='word_1_504' title='bbox 1526 3303 1639 3358; x_wconf 79' lang='grc' dir='ltr'>ἀλλ’</span> <span class='ocrx_word' id='word_1_505' title='bbox 1674 3304 1793 3366; x_wconf 78' lang='grc' dir='ltr'>ἑνὸς</span> 
     </span>
    </p>
   </div>
   <div class='ocr_carea' id='block_1_67' title="bbox 222 3390 1791 3485">
    <p class='ocr_par' dir='ltr' id='par_1_67' title="bbox 222 3390 1791 3485">
     <span class='ocr_line' id='line_1_67' title="bbox 222 3390 1791 3485; baseline 0.006 -43"><span class='ocrx_word' id='word_1_506' title='bbox 222 3407 241 3441; x_wconf 86' lang='lat' dir='ltr'><strong>t</strong></span> <span class='ocrx_word' id='word_1_507' title='bbox 282 3390 429 3456; x_wconf 80' lang='grc' dir='ltr'>ὄντος</span> <span class='ocrx_word' id='word_1_508' title='bbox 456 3392 551 3445; x_wconf 90' lang='grc' dir='ltr'><strong>τοῦ</strong></span> <span class='ocrx_word' id='word_1_509' title='bbox 586 3396 748 3466; x_wconf 81' lang='grc' dir='ltr'>μόνου</span> <span class='ocrx_word' id='word_1_510' title='bbox 781 3394 1036 3465; x_wconf 78' lang='grc' dir='ltr'>ἀληθινοῦ</span> <span class='ocrx_word' id='word_1_511' title='bbox 1081 3394 1240 3449; x_wconf 85' lang='grc' dir='ltr'>Θεοῦ.</span> <span class='ocrx_word' id='word_1_512' title='bbox 1276 3395 1438 3450; x_wconf 83' lang='grc' dir='ltr'>Ὅθεν</span> <span class='ocrx_word' id='word_1_513' title='bbox 1468 3396 1649 3485; x_wconf 52' lang='grc' dir='ltr'>τοίνυν</span> <span class='ocrx_word' id='word_1_514' title='bbox 1684 3415 1791 3468; x_wconf 86' lang='grc' dir='ltr'>μα·-</span> 
     </span>
    </p>
   </div>
   <div class='ocr_carea' id='block_1_68' title="bbox 221 3482 1794 3560">
    <p class='ocr_par' dir='ltr' id='par_1_68' title="bbox 221 3482 1794 3560">
     <span class='ocr_line' id='line_1_68' title="bbox 221 3482 1794 3560; baseline 0.006 -27"><span class='ocrx_word' id='word_1_515' title='bbox 221 3499 244 3532; x_wconf 79' lang='lat' dir='ltr'><strong>s</strong></span> <span class='ocrx_word' id='word_1_516' title='bbox 286 3482 392 3536; x_wconf 85' lang='grc' dir='ltr'>θὼν</span> <span class='ocrx_word' id='word_1_517' title='bbox 436 3486 529 3537; x_wconf 77' lang='grc' dir='ltr'>καὶ</span> <span class='ocrx_word' id='word_1_518' title='bbox 562 3487 592 3539; x_wconf 84' lang='grc' dir='ltr'><strong>ό</strong></span> <span class='ocrx_word' id='word_1_519' title='bbox 650 3486 926 3557; x_wconf 65' lang='grc' dir='ltr'>Ἀστερίου</span> <span class='ocrx_word' id='word_1_520' title='bbox 973 3488 1155 3558; x_wconf 82' lang='grc' dir='ltr'>πατὴρ</span> <span class='ocrx_word' id='word_1_521' title='bbox 1199 3488 1463 3551; x_wconf 87' lang='grc' dir='ltr'>Παυλῖνος</span> <span class='ocrx_word' id='word_1_522' title='bbox 1499 3482 1794 3560; x_wconf 84' lang='grc' dir='ltr'>νεωτέρους</span> 
     </span>
    </p>
   </div>
   <div class='ocr_carea' id='block_1_69' title="bbox 218 3573 1797 3649">
    <p class='ocr_par' dir='ltr' id='par_1_69' title="bbox 218 3573 1797 3649">
     <span class='ocr_line' id='line_1_69' title="bbox 218 3573 1797 3649; baseline 0.007 -25"><span class='ocrx_word' id='word_1_523' title='bbox 218 3592 239 3624; x_wconf 85' lang='lat' dir='ltr'><strong>s</strong></span> <span class='ocrx_word' id='word_1_524' title='bbox 284 3573 437 3640; x_wconf 80' lang='grc' dir='ltr'>θεοὺς</span> <span class='ocrx_word' id='word_1_525' title='bbox 477 3575 615 3631; x_wconf 84' lang='grc' dir='ltr'>εἶναι</span> <span class='ocrx_word' id='word_1_526' title='bbox 645 3578 799 3649; x_wconf 78' lang='grc' dir='ltr'>ᾤετο,</span> <span class='ocrx_word' id='word_1_527' title='bbox 832 3599 850 3632; x_wconf 74' lang='grc' dir='ltr'><strong>ι</strong></span> <span class='ocrx_word' id='word_1_528' title='bbox 880 3580 988 3633; x_wconf 84' lang='lat' dir='ltr'><strong>Kal</strong></span> <span class='ocrx_word' id='word_1_529' title='bbox 1021 3581 1079 3633; x_wconf 75' lang='grc' dir='ltr'>ἔν</span> <span class='ocrx_word' id='word_1_530' title='bbox 1111 3579 1320 3643; x_wconf 85' lang='grc' dir='ltr'>τούτοις</span> <span class='ocrx_word' id='word_1_531' title='bbox 1348 3580 1403 3634; x_wconf 77' lang='grc' dir='ltr'>δὲ</span> <span class='ocrx_word' id='word_1_532' title='bbox 1430 3583 1505 3644; x_wconf 82' lang='grc' dir='ltr'>ὡς</span> <span class='ocrx_word' id='word_1_533' title='bbox 1534 3579 1672 3634; x_wconf 86' lang='grc' dir='ltr'>θεῶν</span> <span class='ocrx_word' id='word_1_534' title='bbox 1710 3580 1797 3635; x_wconf 78' lang='grc' dir='ltr'>δό-</span> 
     </span>
    </p>
   </div>
   <div class='ocr_carea' id='block_1_70' title="bbox 213 3662 1795 3741">
    <p class='ocr_par' dir='ltr' id='par_1_70' title="bbox 213 3662 1795 3741">
     <span class='ocr_line' id='line_1_70' title="bbox 213 3662 1795 3741; baseline 0.003 -23"><span class='ocrx_word' id='word_1_535' title='bbox 213 3662 315 3730; x_wconf 77' lang='grc' dir='ltr'><strong>ξας</strong></span> <span class='ocrx_word' id='word_1_536' title='bbox 370 3667 687 3736; x_wconf 87' lang='grc' dir='ltr'>εἰσάγοντας</span> <span class='ocrx_word' id='word_1_537' title='bbox 743 3670 1005 3734; x_wconf 81' lang='grc' dir='ltr'>αἰτιᾶται,</span> <span class='ocrx_word' id='word_1_538' title='bbox 1064 3670 1395 3741; x_wconf 81' lang='grc' dir='ltr'>ἀρνούμενος</span> <span class='ocrx_word' id='word_1_539' title='bbox 1462 3671 1624 3734; x_wconf 83' lang='grc' dir='ltr'>αὐτὸς</span> <span class='ocrx_word' id='word_1_540' title='bbox 1696 3669 1795 3741; x_wconf 80' lang='grc' dir='ltr'>τὴν</span> 
     </span>
    </p>
   </div>
   <div class='ocr_carea' id='block_1_71' title="bbox 212 3755 1793 3835">
    <p class='ocr_par' dir='ltr' id='par_1_71' title="bbox 212 3755 1793 3835">
     <span class='ocr_line' id='line_1_71' title="bbox 212 3755 1793 3835; baseline 0.005 -26"><span class='ocrx_word' id='word_1_541' title='bbox 212 3755 444 3828; x_wconf 75' lang='grc' dir='ltr'>θεότητα</span> <span class='ocrx_word' id='word_1_542' title='bbox 485 3758 576 3813; x_wconf 91' lang='grc' dir='ltr'><strong>τοῦ</strong></span> <span class='ocrx_word' id='word_1_543' title='bbox 628 3760 779 3815; x_wconf 82' lang='grc' dir='ltr'>Υίοῦ·</span> <span class='ocrx_word' id='word_1_544' title='bbox 835 3763 931 3815; x_wconf 75' lang='grc' dir='ltr'><strong>καί</strong></span> <span class='ocrx_word' id='word_1_545' title='bbox 968 3763 1344 3835; x_wconf 83' lang='grc' dir='ltr'>παραθέμενος</span> <span class='ocrx_word' id='word_1_546' title='bbox 1384 3763 1485 3835; x_wconf 75' lang='grc' dir='ltr'>τὴν</span> <span class='ocrx_word' id='word_1_547' title='bbox 1534 3763 1793 3817; x_wconf 78' lang='grc' dir='ltr'>Εὑσεϐίου</span> 
     </span>
    </p>
   </div>
   <div class='ocr_carea' id='block_1_72' title="bbox 210 3847 1797 3927">
    <p class='ocr_par' dir='ltr' id='par_1_72' title="bbox 210 3847 1797 3927">
     <span class='ocr_line' id='line_1_72' title="bbox 210 3847 1797 3927; baseline 0.005 -26"><span class='ocrx_word' id='word_1_548' title='bbox 210 3847 380 3915; x_wconf 81' lang='grc' dir='ltr'>λέξιν,</span> <span class='ocrx_word' id='word_1_549' title='bbox 414 3851 675 3922; x_wconf 89' lang='grc' dir='ltr'>συνίησιν,</span> <span class='ocrx_word' id='word_1_550' title='bbox 710 3854 786 3917; x_wconf 82' lang='grc' dir='ltr'>ὠς</span> <span class='ocrx_word' id='word_1_551' title='bbox 822 3854 922 3907; x_wconf 83' lang='grc' dir='ltr'>οὐκ</span> <span class='ocrx_word' id='word_1_552' title='bbox 946 3872 1014 3926; x_wconf 88' lang='grc' dir='ltr'><strong>ην</strong></span> <span class='ocrx_word' id='word_1_553' title='bbox 1043 3854 1207 3909; x_wconf 86' lang='grc' dir='ltr'>αὑτοῦ</span> <span class='ocrx_word' id='word_1_554' title='bbox 1249 3856 1283 3925; x_wconf 81' lang='grc' dir='ltr'>ὴ</span> <span class='ocrx_word' id='word_1_555' title='bbox 1314 3854 1407 3909; x_wconf 77' lang='grc' dir='ltr'>τὸν</span> <span class='ocrx_word' id='word_1_556' title='bbox 1444 3856 1666 3927; x_wconf 83' lang='grc' dir='ltr'>Πατέρα</span> <span class='ocrx_word' id='word_1_557' title='bbox 1701 3856 1797 3927; x_wconf 90' lang='grc' dir='ltr'>μό-</span> 
     </span>
    </p>
   </div>
   <div class='ocr_carea' id='block_1_73' title="bbox 213 3941 1795 4019">
    <p class='ocr_par' dir='ltr' id='par_1_73' title="bbox 213 3941 1795 4019">
     <span class='ocr_line' id='line_1_73' title="bbox 213 3941 1795 4019; baseline 0.005 -26"><span class='ocrx_word' id='word_1_558' title='bbox 213 3956 305 3993; x_wconf 86' lang='grc' dir='ltr'><strong>νον</strong></span> <span class='ocrx_word' id='word_1_559' title='bbox 336 3941 584 4013; x_wconf 86' lang='grc' dir='ltr'>ἀληθινὸν</span> <span class='ocrx_word' id='word_1_560' title='bbox 613 3944 744 3997; x_wconf 78' lang='grc' dir='ltr'>Θεὸν</span> <span class='ocrx_word' id='word_1_561' title='bbox 781 3945 1106 3999; x_wconf 78' lang='grc' dir='ltr'>διδάσκουσα</span> <span class='ocrx_word' id='word_1_562' title='bbox 1136 3946 1310 4017; x_wconf 79' lang='grc' dir='ltr'>φωνὴ,</span> <span class='ocrx_word' id='word_1_563' title='bbox 1338 3946 1432 4000; x_wconf 88' lang='grc' dir='ltr'><strong>τοῦ</strong></span> <span class='ocrx_word' id='word_1_564' title='bbox 1459 3946 1795 4019; x_wconf 69' lang='grc' dir='ltr'>δὲιΣωτῆρος</span> 
     </span>
    </p>
   </div>
   <div class='ocr_carea' id='block_1_74' title="bbox 214 4029 1797 4106">
    <p class='ocr_par' dir='ltr' id='par_1_74' title="bbox 214 4029 1797 4106">
     <span class='ocr_line' id='line_1_74' title="bbox 214 4029 1797 4106; baseline 0.006 -25"><span class='ocrx_word' id='word_1_565' title='bbox 214 4029 373 4099; x_wconf 80' lang='grc' dir='ltr'>ἡμῶν</span> <span class='ocrx_word' id='word_1_566' title='bbox 400 4032 701 4102; x_wconf 83' lang='grc' dir='ltr'>εἰρηκότος,</span> <span class='ocrx_word' id='word_1_567' title='bbox 730 4035 832 4088; x_wconf 81' lang='grc' dir='ltr'><strong>ἵνα</strong></span> <span class='ocrx_word' id='word_1_568' title='bbox 854 4034 1196 4104; x_wconf 75' lang='grc' dir='ltr'>γινώσκωσι</span> <span class='ocrx_word' id='word_1_569' title='bbox 1218 4052 1292 4090; x_wconf 83' lang='grc' dir='ltr'><strong>σε</strong></span> <span class='ocrx_word' id='word_1_570' title='bbox 1314 4038 1422 4090; x_wconf 79' lang='grc' dir='ltr'><strong>τὸν</strong></span> <span class='ocrx_word' id='word_1_571' title='bbox 1440 4038 1635 4106; x_wconf 82' lang='grc' dir='ltr'>μόνον</span> <span class='ocrx_word' id='word_1_572' title='bbox 1658 4038 1797 4105; x_wconf 70' lang='grc' dir='ltr'>ἀλη-</span> 
     </span>
    </p>
   </div>
   <div class='ocr_carea' id='block_1_75' title="bbox 212 4122 1792 4201">
    <p class='ocr_par' dir='ltr' id='par_1_75' title="bbox 212 4122 1792 4201">
     <span class='ocr_line' id='line_1_75' title="bbox 212 4122 1792 4201; baseline 0.005 -26"><span class='ocrx_word' id='word_1_573' title='bbox 212 4122 386 4176; x_wconf 80' lang='grc' dir='ltr'>θινὸν</span> <span class='ocrx_word' id='word_1_574' title='bbox 445 4126 620 4178; x_wconf 82' lang='grc' dir='ltr'><strong>Θεόν·</strong></span> <span class='ocrx_word' id='word_1_575' title='bbox 672 4127 766 4179; x_wconf 82' lang='grc' dir='ltr'>καὶ</span> <span class='ocrx_word' id='word_1_576' title='bbox 832 4127 952 4197; x_wconf 83' lang='grc' dir='ltr'>μεθ’</span> <span class='ocrx_word' id='word_1_577' title='bbox 1001 4129 1163 4201; x_wconf 76' lang='grc' dir='ltr'>ἔτερα</span> <span class='ocrx_word' id='word_1_578' title='bbox 1220 4127 1543 4200; x_wconf 88' lang='grc' dir='ltr'>προστίθησι</span> <span class='ocrx_word' id='word_1_579' title='bbox 1600 4128 1792 4197; x_wconf 79' lang='grc' dir='ltr'>λέγων’</span> 
     </span>
    </p>
   </div>
   <div class='ocr_carea' id='block_1_76' title="bbox 220 4214 1796 4291">
    <p class='ocr_par' dir='ltr' id='par_1_76' title="bbox 220 4214 1796 4291">
     <span class='ocr_line' id='line_1_76' title="bbox 220 4214 1796 4291; baseline 0.006 -27"><span class='ocrx_word' id='word_1_580' title='bbox 220 4234 240 4263; x_wconf 79' lang='grc' dir='ltr'><strong>ι</strong></span> <span class='ocrx_word' id='word_1_581' title='bbox 293 4214 638 4269; x_wconf 47' lang='grc' dir='ltr'>Ἐπείλπόθεν</span> <span class='ocrx_word' id='word_1_582' title='bbox 672 4220 802 4289; x_wconf 79' lang='grc' dir='ltr'>ἡμῖν</span> <span class='ocrx_word' id='word_1_583' title='bbox 844 4220 908 4271; x_wconf 84' lang='grc' dir='ltr'>ὲκ</span> <span class='ocrx_word' id='word_1_584' title='bbox 939 4218 1049 4272; x_wconf 83' lang='grc' dir='ltr'><strong>τῶν</strong></span> <span class='ocrx_word' id='word_1_585' title='bbox 1083 4219 1243 4274; x_wconf 88' lang='grc' dir='ltr'>θείων</span> <span class='ocrx_word' id='word_1_586' title='bbox 1273 4220 1595 4291; x_wconf 84' lang='grc' dir='ltr'>δυνήσονται</span> <span class='ocrx_word' id='word_1_587' title='bbox 1626 4220 1796 4287; x_wconf 83' lang='grc' dir='ltr'>δεῖξαι</span> 
     </span>
    </p>
   </div>
   <div class='ocr_carea' id='block_1_77' title="bbox 220 4305 1797 4384">
    <p class='ocr_par' dir='ltr' id='par_1_77' title="bbox 220 4305 1797 4384">
     <span class='ocr_line' id='line_1_77' title="bbox 220 4305 1797 4384; baseline 0.013 -27"><span class='ocrx_word' id='word_1_588' title='bbox 220 4325 240 4357; x_wconf 78' lang='grc' dir='ltr'><strong>ι</strong></span> <span class='ocrx_word' id='word_1_589' title='bbox 288 4307 496 4378; x_wconf 77' lang='grc' dir='ltr'>ῥητῶν,</span> <span class='ocrx_word' id='word_1_590' title='bbox 550 4310 633 4362; x_wconf 83' lang='grc' dir='ltr'>ὅτι</span> <span class='ocrx_word' id='word_1_591' title='bbox 668 4306 747 4374; x_wconf 76' lang='grc' dir='ltr'>εἷς</span> <span class='ocrx_word' id='word_1_592' title='bbox 796 4312 893 4381; x_wconf 84' lang='grc' dir='ltr'>μὲν</span> <span class='ocrx_word' id='word_1_593' title='bbox 930 4311 1243 4384; x_wconf 84' lang='grc' dir='ltr'>ἀγέννητος,</span> <span class='ocrx_word' id='word_1_594' title='bbox 1285 4305 1365 4375; x_wconf 77' lang='grc' dir='ltr'>εἷς</span> <span class='ocrx_word' id='word_1_595' title='bbox 1411 4312 1469 4365; x_wconf 76' lang='grc' dir='ltr'>δὲ</span> <span class='ocrx_word' id='word_1_596' title='bbox 1517 4312 1797 4381; x_wconf 75' lang='grc' dir='ltr'>γεννητὸς.</span> 
     </span>
    </p>
   </div>
   <div class='ocr_carea' id='block_1_78' title="bbox 220 4397 1795 4473">
    <p class='ocr_par' dir='ltr' id='par_1_78' title="bbox 220 4397 1795 4473">
     <span class='ocr_line' id='line_1_78' title="bbox 220 4397 1795 4473; baseline 0.005 -26"><span class='ocrx_word' id='word_1_597' title='bbox 220 4416 240 4447; x_wconf 80' lang='grc' dir='ltr'><strong>ι</strong></span> <span class='ocrx_word' id='word_1_598' title='bbox 280 4397 355 4461; x_wconf 81' lang='grc' dir='ltr'>ὡς</span> <span class='ocrx_word' id='word_1_599' title='bbox 395 4400 545 4453; x_wconf 82' lang='grc' dir='ltr'>αὐτοὶ</span> <span class='ocrx_word' id='word_1_600' title='bbox 582 4402 938 4473; x_wconf 83' lang='grc' dir='ltr'>γεγεννῆσθαι</span> <span class='ocrx_word' id='word_1_601' title='bbox 982 4404 1145 4456; x_wconf 78' lang='grc' dir='ltr'>αὑτὸν</span> <span class='ocrx_word' id='word_1_602' title='bbox 1178 4402 1637 4469; x_wconf 77' lang='grc' dir='ltr'>πεπιστεύκασιν;</span> <span class='ocrx_word' id='word_1_603' title='bbox 1672 4402 1795 4456; x_wconf 74' lang='grc' dir='ltr'>οὔτε</span> 
     </span>
    </p>
   </div>
   <div class='ocr_carea' id='block_1_79' title="bbox 220 4491 1793 4566">
    <p class='ocr_par' dir='ltr' id='par_1_79' title="bbox 220 4491 1793 4566">
     <span class='ocr_line' id='line_1_79' title="bbox 220 4491 1793 4566; baseline 0.004 -25"><span class='ocrx_word' id='word_1_604' title='bbox 220 4509 242 4540; x_wconf 80' lang='lat' dir='ltr'><strong>s</strong></span> <span class='ocrx_word' id='word_1_605' title='bbox 285 4491 594 4563; x_wconf 75' lang='grc' dir='ltr'>προφητῶν,</span> <span class='ocrx_word' id='word_1_606' title='bbox 629 4492 751 4547; x_wconf 74' lang='grc' dir='ltr'>οὔτε</span> <span class='ocrx_word' id='word_1_607' title='bbox 790 4494 1210 4563; x_wconf 84' lang='grc' dir='ltr'>εύαγγελιστῶν,</span> <span class='ocrx_word' id='word_1_608' title='bbox 1255 4494 1289 4565; x_wconf 74' lang='grc' dir='ltr'>ἢ</span> <span class='ocrx_word' id='word_1_609' title='bbox 1324 4494 1635 4548; x_wconf 80' lang='grc' dir='ltr'>ἀποστόλων</span> <span class='ocrx_word' id='word_1_610' title='bbox 1683 4494 1793 4566; x_wconf 72' lang='lat'><strong>(27)</strong></span> 
     </span>
    </p>
   </div>
   <div class='ocr_carea' id='block_1_80' title="bbox 222 4580 1792 4658">
    <p class='ocr_par' dir='ltr' id='par_1_80' title="bbox 222 4580 1792 4658">
     <span class='ocr_line' id='line_1_80' title="bbox 222 4580 1792 4658; baseline 0.005 -26"><span class='ocrx_word' id='word_1_611' title='bbox 222 4600 242 4633; x_wconf 80' lang='grc' dir='ltr'><strong>ι</strong></span> <span class='ocrx_word' id='word_1_612' title='bbox 279 4580 425 4635; x_wconf 90' lang='grc' dir='ltr'>τοῦτ’</span> <span class='ocrx_word' id='word_1_613' title='bbox 462 4585 777 4655; x_wconf 86' lang='grc' dir='ltr'>εἰρηκότων.</span> <span class='ocrx_word' id='word_1_614' title='bbox 822 4604 841 4636; x_wconf 75' lang='grc' dir='ltr'><strong>ι</strong></span> <span class='ocrx_word' id='word_1_615' title='bbox 877 4583 990 4639; x_wconf 77' lang='grc' dir='ltr'><strong>Εἶθ’</strong></span> <span class='ocrx_word' id='word_1_616' title='bbox 1019 4586 1208 4657; x_wconf 84' lang='grc' dir='ltr'>ὥσπερ</span> <span class='ocrx_word' id='word_1_617' title='bbox 1238 4586 1296 4639; x_wconf 75' lang='grc' dir='ltr'>ὲν</span> <span class='ocrx_word' id='word_1_618' title='bbox 1326 4585 1509 4649; x_wconf 78' lang='grc' dir='ltr'>ἄθλοις</span> <span class='ocrx_word' id='word_1_619' title='bbox 1548 4588 1792 4658; x_wconf 83' lang='grc' dir='ltr'>ἀπογρα-</span> 
     </span>
    </p>
   </div>
   <div class='ocr_carea' id='block_1_81' title="bbox 213 4673 1793 4751">
    <p class='ocr_par' dir='ltr' id='par_1_81' title="bbox 213 4673 1793 4751">
     <span class='ocr_line' id='line_1_81' title="bbox 213 4673 1793 4751; baseline 0.003 -23"><span class='ocrx_word' id='word_1_620' title='bbox 213 4673 476 4745; x_wconf 79' lang='grc' dir='ltr'>ψάμενος,</span> <span class='ocrx_word' id='word_1_621' title='bbox 498 4678 632 4748; x_wconf 85' lang='grc' dir='ltr'>ὀμοῦ</span> <span class='ocrx_word' id='word_1_622' title='bbox 665 4680 796 4749; x_wconf 78' lang='grc' dir='ltr'>πρὸς</span> <span class='ocrx_word' id='word_1_623' title='bbox 818 4680 1060 4743; x_wconf 75' lang='grc' dir='ltr'>ἅπαντας</span> <span class='ocrx_word' id='word_1_624' title='bbox 1086 4678 1594 4751; x_wconf 85' lang='grc' dir='ltr'>διαπληκτίσασθαι,</span> <span class='ocrx_word' id='word_1_625' title='bbox 1628 4696 1793 4751; x_wconf 82' lang='grc' dir='ltr'>μετα-</span> 
     </span>
    </p>
   </div>
   <div class='ocr_carea' id='block_1_82' title="bbox 216 4766 1793 4845">
    <p class='ocr_par' dir='ltr' id='par_1_82' title="bbox 216 4766 1793 4845">
     <span class='ocr_line' id='line_1_82' title="bbox 216 4766 1793 4845; baseline 0.004 -25"><span class='ocrx_word' id='word_1_626' title='bbox 216 4766 393 4821; x_wconf 83' lang='grc' dir='ltr'>ϐαίνει</span> <span class='ocrx_word' id='word_1_627' title='bbox 426 4771 515 4823; x_wconf 75' lang='grc' dir='ltr'><strong>ἐπὶ</strong></span> <span class='ocrx_word' id='word_1_628' title='bbox 546 4772 636 4824; x_wconf 74' lang='grc' dir='ltr'><strong>τὸν</strong></span> <span class='ocrx_word' id='word_1_629' title='bbox 669 4773 997 4845; x_wconf 86' lang='grc' dir='ltr'>Νάρκισσον,</span> <span class='ocrx_word' id='word_1_630' title='bbox 1032 4772 1126 4826; x_wconf 87' lang='grc' dir='ltr'><strong>καί</strong></span> <span class='ocrx_word' id='word_1_631' title='bbox 1174 4788 1373 4843; x_wconf 81' lang='grc' dir='ltr'>φησιν’</span> <span class='ocrx_word' id='word_1_632' title='bbox 1420 4791 1438 4824; x_wconf 83' lang='grc' dir='ltr'><strong>ι</strong></span> <span class='ocrx_word' id='word_1_633' title='bbox 1478 4772 1640 4825; x_wconf 81' lang='grc' dir='ltr'>Ὥστε</span> <span class='ocrx_word' id='word_1_634' title='bbox 1692 4770 1793 4827; x_wconf 79' lang='grc' dir='ltr'>κᾶν</span> 
     </span>
    </p>
   </div>
   <div class='ocr_carea' id='block_1_83' title="bbox 222 4860 1795 4936">
    <p class='ocr_par' dir='ltr' id='par_1_83' title="bbox 222 4860 1795 4936">
     <span class='ocr_line' id='line_1_83' title="bbox 222 4860 1795 4936; baseline 0.002 -23"><span class='ocrx_word' id='word_1_635' title='bbox 222 4878 245 4912; x_wconf 79' lang='lat' dir='ltr'><strong>s</strong></span> <span class='ocrx_word' id='word_1_636' title='bbox 285 4863 461 4915; x_wconf 69' lang='grc' dir='ltr'>ἐκεῖνό</span> <span class='ocrx_word' id='word_1_637' title='bbox 482 4880 566 4927; x_wconf 86' lang='grc' dir='ltr'><strong>τις</strong></span> <span class='ocrx_word' id='word_1_638' title='bbox 594 4864 763 4933; x_wconf 77' lang='grc' dir='ltr'>λέγοι,</span> <span class='ocrx_word' id='word_1_639' title='bbox 786 4866 1210 4931; x_wconf 79' lang='grc' dir='ltr'>κατασκευάζων</span> <span class='ocrx_word' id='word_1_640' title='bbox 1240 4864 1455 4936; x_wconf 72' lang='grc' dir='ltr'>πρῶτον</span> <span class='ocrx_word' id='word_1_641' title='bbox 1479 4860 1618 4919; x_wconf 75' lang='grc' dir='ltr'>εἶναι</span> <span class='ocrx_word' id='word_1_642' title='bbox 1640 4864 1795 4929; x_wconf 86' lang='grc' dir='ltr'>Θεὸν,</span> 
     </span>
    </p>
   </div>
   <div class='ocr_carea' id='block_1_84' title="bbox 224 4955 1796 5029">
    <p class='ocr_par' dir='ltr' id='par_1_84' title="bbox 224 4955 1796 5029">
     <span class='ocr_line' id='line_1_84' title="bbox 224 4955 1796 5029; baseline 0.001 -21"><span class='ocrx_word' id='word_1_643' title='bbox 224 4973 245 5008; x_wconf 80' lang='grc' dir='ltr'><strong>ι</strong></span> <span class='ocrx_word' id='word_1_644' title='bbox 286 4957 380 5010; x_wconf 77' lang='grc' dir='ltr'>καὶ</span> <span class='ocrx_word' id='word_1_645' title='bbox 419 4955 695 5027; x_wconf 83' lang='grc' dir='ltr'>δεύτερον,</span> <span class='ocrx_word' id='word_1_646' title='bbox 748 4959 823 5022; x_wconf 87' lang='grc' dir='ltr'>ὼς</span> <span class='ocrx_word' id='word_1_647' title='bbox 868 4960 1179 5029; x_wconf 81' lang='grc' dir='ltr'>Νάρκισσος</span> <span class='ocrx_word' id='word_1_648' title='bbox 1229 4958 1418 5023; x_wconf 82' lang='grc' dir='ltr'>αὑταῖς</span> <span class='ocrx_word' id='word_1_649' title='bbox 1470 4956 1649 5023; x_wconf 75' lang='grc' dir='ltr'>λέξεσι</span> <span class='ocrx_word' id='word_1_650' title='bbox 1701 4956 1796 5026; x_wconf 79' lang='grc' dir='ltr'>γέ-</span> 
     </span>
    </p>
   </div>
   <div class='ocr_carea' id='block_1_85' title="bbox 296 5139 1475 5210">
    <p class='ocr_par' dir='ltr' id='par_1_85' title="bbox 296 5139 1475 5210">
     <span class='ocr_line' id='line_1_85' title="bbox 296 5139 1475 5210; baseline -0.001 -13"><span class='ocrx_word' id='word_1_651' title='bbox 296 5148 356 5206; x_wconf 75' lang='grc' dir='ltr'><strong>›Ῑ4</strong></span> <span class='ocrx_word' id='word_1_652' title='bbox 391 5141 489 5197; x_wconf 86' lang='lat' dir='ltr'><strong>Ed.</strong></span> <span class='ocrx_word' id='word_1_653' title='bbox 520 5139 721 5205; x_wconf 83' lang='lat' dir='ltr'><strong>Paris.,</strong></span> <span class='ocrx_word' id='word_1_654' title='bbox 748 5156 867 5210; x_wconf 86' lang='lat' dir='ltr'><strong>pag.</strong></span> <span class='ocrx_word' id='word_1_655' title='bbox 903 5140 994 5194; x_wconf 71' lang='lat'><strong>27.</strong></span> <span class='ocrx_word' id='word_1_656' title='bbox 1091 5142 1137 5172; x_wconf 84' lang='grc'><strong><em>⁵⁵</em></strong></span> <span class='ocrx_word' id='word_1_657' title='bbox 1156 5140 1297 5196; x_wconf 81' lang='lat' dir='ltr'><strong>Psal.</strong></span> <span class='ocrx_word' id='word_1_658' title='bbox 1320 5157 1393 5205; x_wconf 80' lang='lat' dir='ltr'><strong>xi,</strong></span> <span class='ocrx_word' id='word_1_659' title='bbox 1420 5140 1475 5195; x_wconf 84' lang='lat'><strong>5.</strong></span> 
     </span>
    </p>
   </div>
   <div class='ocr_carea' id='block_1_86' title="bbox 294 5300 1787 5372">
    <p class='ocr_par' dir='ltr' id='par_1_86' title="bbox 294 5300 1787 5372">
     <span class='ocr_line' id='line_1_86' title="bbox 294 5300 1787 5372; baseline -0.002 -16"><span class='ocrx_word' id='word_1_660' title='bbox 294 5300 406 5372; x_wconf 75' lang='lat'><strong>(25)</strong></span> <span class='ocrx_word' id='word_1_661' title='bbox 438 5300 657 5366; x_wconf 78' lang='grc' dir='ltr'>Ἑαυεῷ</span> <span class='ocrx_word' id='word_1_662' title='bbox 712 5300 1028 5367; x_wconf 81' lang='grc' dir='ltr'>συνείρων.</span> <span class='ocrx_word' id='word_1_663' title='bbox 1076 5300 1239 5356; x_wconf 85' lang='lat' dir='ltr'><strong>Forte</strong></span> <span class='ocrx_word' id='word_1_664' title='bbox 1294 5301 1374 5365; x_wconf 88' lang='grc' dir='ltr'><strong>εἰς</strong></span> <span class='ocrx_word' id='word_1_665' title='bbox 1424 5300 1557 5355; x_wconf 80' lang='grc' dir='ltr'>αὐτὸ</span> <span class='ocrx_word' id='word_1_666' title='bbox 1607 5301 1787 5355; x_wconf 77' lang='grc' dir='ltr'>συνεί·</span> 
     </span>
    </p>
   </div>
   <div class='ocr_carea' id='block_1_87' title="bbox 226 5372 1065 5445">
    <p class='ocr_par' dir='ltr' id='par_1_87' title="bbox 226 5372 1065 5445">
     <span class='ocr_line' id='line_1_87' title="bbox 226 5372 1065 5445; baseline -0.004 -19"><span class='ocrx_word' id='word_1_667' title='bbox 226 5372 550 5445; x_wconf 42' lang='grc' dir='ltr'>ρωνηκη-</span> <span class='ocrx_word' id='word_1_668' title='bbox 568 5372 686 5425; x_wconf 78' lang='lat' dir='ltr'><strong>Mux</strong></span> <span class='ocrx_word' id='word_1_669' title='bbox 716 5372 1065 5445; x_wconf 42' lang='lat' dir='ltr'><strong>vulgatam}.</strong></span> 
     </span>
    </p>
   </div>
   <div class='ocr_carea' id='block_1_88' title="bbox 296 5440 1789 5515">
    <p class='ocr_par' dir='ltr' id='par_1_88' title="bbox 296 5440 1789 5515">
     <span class='ocr_line' id='line_1_88' title="bbox 296 5440 1789 5515; baseline -0.001 -19"><span class='ocrx_word' id='word_1_670' title='bbox 296 5443 407 5515; x_wconf 71' lang='lat'><strong>(26)</strong></span> <span class='ocrx_word' id='word_1_671' title='bbox 448 5443 639 5509; x_wconf 79' lang='grc' dir='ltr'>Ὅπως</span> <span class='ocrx_word' id='word_1_672' title='bbox 664 5458 727 5494; x_wconf 80' lang='grc' dir='ltr'><strong>τε</strong></span> <span class='ocrx_word' id='word_1_673' title='bbox 746 5440 1057 5515; x_wconf 78' lang='grc' dir='ltr'>ἀποδῃμεῐ.</span> <span class='ocrx_word' id='word_1_674' title='bbox 1089 5442 1202 5494; x_wconf 82' lang='lat' dir='ltr'><strong>Hoc</strong></span> <span class='ocrx_word' id='word_1_675' title='bbox 1224 5450 1305 5493; x_wconf 86' lang='lat' dir='ltr'><strong>est</strong></span> <span class='ocrx_word' id='word_1_676' title='bbox 1336 5440 1480 5515; x_wconf 88' lang='lat' dir='ltr'><strong>quod</strong></span> <span class='ocrx_word' id='word_1_677' title='bbox 1508 5440 1643 5505; x_wconf 83' lang='lat' dir='ltr'><strong>dixi,</strong></span> <span class='ocrx_word' id='word_1_678' title='bbox 1667 5457 1789 5515; x_wconf 82' lang='lat' dir='ltr'><strong>eur-</strong></span> 
     </span>
    </p>
   </div>
   <div class='ocr_carea' id='block_1_89' title="bbox 222 5512 1790 5584">
    <p class='ocr_par' dir='ltr' id='par_1_89' title="bbox 222 5512 1790 5584">
     <span class='ocr_line' id='line_1_89' title="bbox 222 5512 1790 5584; baseline -0.001 -16"><span class='ocrx_word' id='word_1_679' title='bbox 222 5512 415 5579; x_wconf 63' lang='lat' dir='ltr'><strong>suam</strong></span> <span class='ocrx_word' id='word_1_680' title='bbox 443 5515 710 5565; x_wconf 75' lang='lat' dir='ltr'><strong>Asterium</strong></span> <span class='ocrx_word' id='word_1_681' title='bbox 740 5527 753 5584; x_wconf 70' lang='grc' dir='ltr'>ξ</span> <span class='ocrx_word' id='word_1_682' title='bbox 788 5512 987 5584; x_wconf 75' lang='grc' dir='ltr'>ῥεμϐόν</span> <span class='ocrx_word' id='word_1_683' title='bbox 1020 5514 1520 5584; x_wconf 19' lang='grc' dir='ltr'>ειγπεριφοιτητήν,</span> <span class='ocrx_word' id='word_1_684' title='bbox 1549 5514 1689 5584; x_wconf 85' lang='lat' dir='ltr'><strong>quod</strong></span> <span class='ocrx_word' id='word_1_685' title='bbox 1726 5520 1790 5566; x_wconf 80' lang='lat' dir='ltr'><strong>de</strong></span> 
     </span>
    </p>
   </div>
   <div class='ocr_carea' id='block_1_90' title="bbox 221 5582 1792 5653">
    <p class='ocr_par' dir='ltr' id='par_1_90' title="bbox 221 5582 1792 5653">
     <span class='ocr_line' id='line_1_90' title="bbox 221 5582 1792 5653; baseline -0.002 -17"><span class='ocrx_word' id='word_1_686' title='bbox 221 5584 315 5641; x_wconf 89' lang='lat' dir='ltr'><strong>illo</strong></span> <span class='ocrx_word' id='word_1_687' title='bbox 352 5582 1031 5653; x_wconf 64' lang='lat' dir='ltr'><strong>AthanasiusobServavit.</strong></span> <span class='ocrx_word' id='word_1_688' title='bbox 1077 5583 1411 5653; x_wconf 74' lang='grc' dir='ltr'>Περιήρχετο</span> <span class='ocrx_word' id='word_1_689' title='bbox 1445 5582 1544 5644; x_wconf 83' lang='grc' dir='ltr'><strong>τὰς</strong></span> <span class='ocrx_word' id='word_1_690' title='bbox 1596 5583 1651 5634; x_wconf 80' lang='grc' dir='ltr'>ὲν</span> <span class='ocrx_word' id='word_1_691' title='bbox 1694 5584 1792 5653; x_wconf 59' lang='grc' dir='ltr'><strong>Συς</strong></span> 
     </span>
    </p>
   </div>
   <div class='ocr_carea' id='block_1_91' title="bbox 224 5651 1791 5727">
    <p class='ocr_par' dir='ltr' id='par_1_91' title="bbox 224 5651 1791 5727">
     <span class='ocr_line' id='line_1_91' title="bbox 224 5651 1791 5727; baseline -0.001 -22"><span class='ocrx_word' id='word_1_692' title='bbox 224 5654 353 5727; x_wconf 69' lang='lat' dir='ltr'><strong>pia,</strong></span> <span class='ocrx_word' id='word_1_693' title='bbox 397 5652 617 5727; x_wconf 69' lang='grc' dir='ltr'>καὶτὰς</span> <span class='ocrx_word' id='word_1_694' title='bbox 665 5651 826 5716; x_wconf 80' lang='grc' dir='ltr'>ἄλλας</span> <span class='ocrx_word' id='word_1_695' title='bbox 854 5651 1189 5727; x_wconf 53' lang='grc' dir='ltr'>ἐκκλησίας,</span> <span class='ocrx_word' id='word_1_696' title='bbox 1232 5651 1337 5705; x_wconf 77' lang='lat' dir='ltr'><strong>etc.</strong></span> <span class='ocrx_word' id='word_1_697' title='bbox 1396 5651 1791 5727; x_wconf 58' lang='lat' dir='ltr'><strong>lterunn,_§aoﬁ</strong></span> 
     </span>
    </p>
   </div>
   <div class='ocr_carea' id='block_1_92' title="bbox 221 5722 1792 5797">
    <p class='ocr_par' dir='ltr' id='par_1_92' title="bbox 221 5722 1792 5797">
     <span class='ocr_line' id='line_1_92' title="bbox 221 5722 1792 5797; baseline -0.001 -21"><span class='ocrx_word' id='word_1_698' title='bbox 221 5722 361 5797; x_wconf 69' lang='grc' dir='ltr'>ἀνῇρ</span> <span class='ocrx_word' id='word_1_699' title='bbox 395 5725 647 5779; x_wconf 74' lang='lat' dir='ltr'><strong>Paulinus</strong></span> <span class='ocrx_word' id='word_1_700' title='bbox 667 5724 975 5797; x_wconf 40' lang='grc' dir='ltr'><strong>(Μενίππης</strong></span> <span class='ocrx_word' id='word_1_701' title='bbox 1015 5725 1373 5797; x_wconf 66' lang='lat' dir='ltr'><strong>malusquam</strong></span> <span class='ocrx_word' id='word_1_702' title='bbox 1404 5722 1699 5797; x_wconf 44' lang='lat' dir='ltr'><strong>cmteriLM.</strong></span> <span class='ocrx_word' id='word_1_703' title='bbox 1724 5753 1792 5762; x_wconf 95' lang='lat'><strong><em>—</em></strong></span> 
     </span>
    </p>
   </div>
   <div class='ocr_carea' id='block_1_93' title="bbox 222 5792 1797 5865">
    <p class='ocr_par' dir='ltr' id='par_1_93' title="bbox 222 5792 1797 5865">
     <span class='ocr_line' id='line_1_93' title="bbox 222 5792 1797 5865; baseline -0.004 -14"><span class='ocrx_word' id='word_1_704' title='bbox 222 5792 357 5851; x_wconf 71' lang='lat' dir='ltr'><strong>Infia</strong></span> <span class='ocrx_word' id='word_1_705' title='bbox 406 5796 565 5865; x_wconf 82' lang='lat' dir='ltr'><strong>vulgo</strong></span> <span class='ocrx_word' id='word_1_706' title='bbox 612 5808 733 5861; x_wconf 84' lang='grc' dir='ltr'>γεγ.</span> <span class='ocrx_word' id='word_1_707' title='bbox 773 5792 903 5846; x_wconf 68' lang='grc' dir='ltr'>Θεὸν</span> <span class='ocrx_word' id='word_1_708' title='bbox 937 5811 995 5845; x_wconf 87' lang='grc' dir='ltr'>π.</span> <span class='ocrx_word' id='word_1_709' title='bbox 1026 5792 1080 5845; x_wconf 76' lang='grc' dir='ltr'>δὲ</span> <span class='ocrx_word' id='word_1_710' title='bbox 1126 5793 1218 5845; x_wconf 78' lang='grc' dir='ltr'>καὶ</span> <span class='ocrx_word' id='word_1_711' title='bbox 1265 5808 1349 5844; x_wconf 88' lang='grc' dir='ltr'><strong>κτ.</strong></span> <span class='ocrx_word' id='word_1_712' title='bbox 1376 5806 1431 5847; x_wconf 88' lang='lat' dir='ltr'><strong>et</strong></span> <span class='ocrx_word' id='word_1_713' title='bbox 1468 5792 1544 5855; x_wconf 82' lang='grc' dir='ltr'>ὡς</span> <span class='ocrx_word' id='word_1_714' title='bbox 1583 5792 1713 5855; x_wconf 77' lang='grc' dir='ltr'>Θεὸς</span> <span class='ocrx_word' id='word_1_715' title='bbox 1744 5807 1797 5847; x_wconf 77' lang='lat' dir='ltr'><strong>et</strong></span> 
     </span>
    </p>
   </div>
   <div class='ocr_carea' id='block_1_94' title="bbox 1894 3302 3476 3372">
    <p class='ocr_par' dir='ltr' id='par_1_94' title="bbox 1894 3302 3476 3372">
     <span class='ocr_line' id='line_1_94' title="bbox 1894 3302 3476 3372; baseline 0.008 -18"><span class='ocrx_word' id='word_1_716' title='bbox 1894 3302 2005 3365; x_wconf 90' lang='lat' dir='ltr'><strong>ubi,</strong></span> <span class='ocrx_word' id='word_1_717' title='bbox 2032 3302 2267 3372; x_wconf 82' lang='lat' dir='ltr'><strong>quando.</strong></span> <span class='ocrx_word' id='word_1_718' title='bbox 2317 3313 2370 3357; x_wconf 89' lang='lat' dir='ltr'><strong>et</strong></span> <span class='ocrx_word' id='word_1_719' title='bbox 2412 3304 2477 3356; x_wconf 87' lang='lat' dir='ltr'><strong>ad</strong></span> <span class='ocrx_word' id='word_1_720' title='bbox 2520 3318 2655 3371; x_wconf 91' lang='lat' dir='ltr'><strong>quos</strong></span> <span class='ocrx_word' id='word_1_721' title='bbox 2703 3304 2817 3359; x_wconf 90' lang='lat' dir='ltr'><strong>itet.</strong></span> <span class='ocrx_word' id='word_1_722' title='bbox 2859 3304 3093 3361; x_wconf 88' lang='lat' dir='ltr'><strong>Dimisso</strong></span> <span class='ocrx_word' id='word_1_723' title='bbox 3126 3309 3193 3362; x_wconf 88' lang='lat' dir='ltr'><strong>de</strong></span> <span class='ocrx_word' id='word_1_724' title='bbox 3225 3312 3476 3366; x_wconf 84' lang='lat' dir='ltr'><strong>manibus</strong></span> 
     </span>
    </p>
   </div>
   <div class='ocr_carea' id='block_1_95' title="bbox 1896 3392 3523 3461">
    <p class='ocr_par' dir='ltr' id='par_1_95' title="bbox 1896 3392 3523 3461">
     <span class='ocr_line' id='line_1_95' title="bbox 1896 3392 3523 3461; baseline 0.007 -16"><span class='ocrx_word' id='word_1_725' title='bbox 1896 3392 2087 3446; x_wconf 86' lang='lat' dir='ltr'><strong>iterum</strong></span> <span class='ocrx_word' id='word_1_726' title='bbox 2112 3393 2223 3457; x_wconf 92' lang='lat' dir='ltr'><strong>illo,</strong></span> <span class='ocrx_word' id='word_1_727' title='bbox 2250 3394 2300 3446; x_wconf 93' lang='lat' dir='ltr'><strong>in</strong></span> <span class='ocrx_word' id='word_1_728' title='bbox 2322 3394 2600 3447; x_wconf 84' lang='lat' dir='ltr'><strong>Paulinum</strong></span> <span class='ocrx_word' id='word_1_729' title='bbox 2620 3395 2795 3449; x_wconf 90' lang='lat' dir='ltr'><strong>denuo</strong></span> <span class='ocrx_word' id='word_1_730' title='bbox 2819 3398 3175 3461; x_wconf 82' lang='lat' dir='ltr'><strong>convertitur,</strong></span> <span class='ocrx_word' id='word_1_731' title='bbox 3197 3400 3471 3455; x_wconf 88' lang='lat' dir='ltr'><strong>hominem</strong></span> <span class='ocrx_word' id='word_1_732' title='bbox 3516 3452 3523 3456; x_wconf 88' lang='lat'><strong>.</strong></span> 
     </span>
    </p>
   </div>
   <div class='ocr_carea' id='block_1_96' title="bbox 1896 3481 3476 3559">
    <p class='ocr_par' dir='ltr' id='par_1_96' title="bbox 1896 3481 3476 3559">
     <span class='ocr_line' id='line_1_96' title="bbox 1896 3481 3476 3559; baseline 0.006 -23"><span class='ocrx_word' id='word_1_733' title='bbox 1896 3481 2010 3546; x_wconf 85' lang='lat' dir='ltr'><strong>Dei,</strong></span> <span class='ocrx_word' id='word_1_734' title='bbox 2043 3482 2228 3538; x_wconf 83' lang='lat' dir='ltr'><strong>verbis</strong></span> <span class='ocrx_word' id='word_1_735' title='bbox 2270 3484 2488 3537; x_wconf 87' lang='lat' dir='ltr'><strong>totidem</strong></span> <span class='ocrx_word' id='word_1_736' title='bbox 2522 3483 2879 3555; x_wconf 81' lang='lat' dir='ltr'><strong>scribens[R.</strong></span> <span class='ocrx_word' id='word_1_737' title='bbox 2910 3486 3152 3559; x_wconf 76' lang='lat' dir='ltr'>XXXIII]</span> <span class='ocrx_word' id='word_1_738' title='bbox 3193 3506 3207 3543; x_wconf 90' lang='lat'><strong>:</strong></span> <span class='ocrx_word' id='word_1_739' title='bbox 3248 3508 3266 3539; x_wconf 76' lang='grc' dir='ltr'><strong>ι</strong></span> <span class='ocrx_word' id='word_1_740' title='bbox 3313 3490 3476 3545; x_wconf 88' lang='lat' dir='ltr'><strong>Dictis</strong></span> 
     </span>
    </p>
   </div>
   <div class='ocr_carea' id='block_1_97' title="bbox 1900 3574 3476 3645">
    <p class='ocr_par' dir='ltr' id='par_1_97' title="bbox 1900 3574 3476 3645">
     <span class='ocr_line' id='line_1_97' title="bbox 1900 3574 3476 3645; baseline 0.007 -21"><span class='ocrx_word' id='word_1_741' title='bbox 1900 3590 1920 3623; x_wconf 78' lang='grc' dir='ltr'><strong>ι</strong></span> <span class='ocrx_word' id='word_1_742' title='bbox 1962 3574 2110 3628; x_wconf 88' lang='lat' dir='ltr'><strong>hisce</strong></span> <span class='ocrx_word' id='word_1_743' title='bbox 2136 3576 2327 3629; x_wconf 90' lang='lat' dir='ltr'><strong>ductus</strong></span> <span class='ocrx_word' id='word_1_744' title='bbox 2354 3576 2583 3645; x_wconf 86' lang='lat' dir='ltr'><strong>ethujus</strong></span> <span class='ocrx_word' id='word_1_745' title='bbox 2609 3584 2780 3643; x_wconf 88' lang='lat' dir='ltr'><strong>pater,</strong></span> <span class='ocrx_word' id='word_1_746' title='bbox 2814 3576 3091 3645; x_wconf 85' lang='lat' dir='ltr'><strong>Paulinus,</strong></span> <span class='ocrx_word' id='word_1_747' title='bbox 3128 3595 3233 3634; x_wconf 92' lang='lat' dir='ltr'><strong>non</strong></span> <span class='ocrx_word' id='word_1_748' title='bbox 3259 3593 3476 3635; x_wconf 86' lang='lat' dir='ltr'><strong>veretur</strong></span> 
     </span>
    </p>
   </div>
   <div class='ocr_carea' id='block_1_98' title="bbox 1902 3666 3473 3737">
    <p class='ocr_par' dir='ltr' id='par_1_98' title="bbox 1902 3666 3473 3737">
     <span class='ocr_line' id='line_1_98' title="bbox 1902 3666 3473 3737; baseline 0.009 -22"><span class='ocrx_word' id='word_1_749' title='bbox 1902 3683 1921 3715; x_wconf 75' lang='grc' dir='ltr'><strong>ι</strong></span> <span class='ocrx_word' id='word_1_750' title='bbox 1966 3666 2193 3721; x_wconf 89' lang='lat' dir='ltr'><strong>dictiset</strong></span> <span class='ocrx_word' id='word_1_751' title='bbox 2213 3668 2426 3737; x_wconf 87' lang='lat' dir='ltr'><strong>scriptis</strong></span> <span class='ocrx_word' id='word_1_752' title='bbox 2450 3669 2690 3737; x_wconf 86' lang='lat' dir='ltr'><strong>proﬁteri</strong></span> <span class='ocrx_word' id='word_1_753' title='bbox 2723 3671 3282 3727; x_wconf 86' lang='lat' dir='ltr'><strong>interdumChristum</strong></span> <span class='ocrx_word' id='word_1_754' title='bbox 3304 3672 3473 3729; x_wconf 89' lang='lat' dir='ltr'><strong>Deum</strong></span> 
     </span>
    </p>
   </div>
   <div class='ocr_carea' id='block_1_99' title="bbox 1902 3758 3473 3832">
    <p class='ocr_par' dir='ltr' id='par_1_99' title="bbox 1902 3758 3473 3832">
     <span class='ocr_line' id='line_1_99' title="bbox 1902 3758 3473 3832; baseline 0.008 -24"><span class='ocrx_word' id='word_1_755' title='bbox 1902 3774 1921 3808; x_wconf 83' lang='grc' dir='ltr'><strong>ι</strong></span> <span class='ocrx_word' id='word_1_756' title='bbox 1967 3772 2089 3812; x_wconf 88' lang='lat' dir='ltr'><strong>esse</strong></span> <span class='ocrx_word' id='word_1_757' title='bbox 2142 3758 2335 3813; x_wconf 89' lang='lat' dir='ltr'><strong>ordine</strong></span> <span class='ocrx_word' id='word_1_758' title='bbox 2404 3761 2741 3825; x_wconf 84' lang='lat' dir='ltr'><strong>secundum;</strong></span> <span class='ocrx_word' id='word_1_759' title='bbox 2814 3763 3175 3832; x_wconf 77' lang='lat' dir='ltr'><strong>eamdemque</strong></span> <span class='ocrx_word' id='word_1_760' title='bbox 3236 3766 3473 3821; x_wconf 87' lang='lat' dir='ltr'><strong>humano</strong></span> 
     </span>
    </p>
   </div>
   <div class='ocr_carea' id='block_1_100' title="bbox 1900 3847 3474 3921">
    <p class='ocr_par' dir='ltr' id='par_1_100' title="bbox 1900 3847 3474 3921">
     <span class='ocr_line' id='line_1_100' title="bbox 1900 3847 3474 3921; baseline 0.008 -22"><span class='ocrx_word' id='word_1_761' title='bbox 1900 3864 1921 3899; x_wconf 77' lang='grc' dir='ltr'><strong>ι</strong></span> <span class='ocrx_word' id='word_1_762' title='bbox 1967 3864 2115 3902; x_wconf 91' lang='lat' dir='ltr'><strong>more</strong></span> <span class='ocrx_word' id='word_1_763' title='bbox 2143 3847 2309 3903; x_wconf 88' lang='lat' dir='ltr'><strong>Deum</strong></span> <span class='ocrx_word' id='word_1_764' title='bbox 2334 3853 2569 3921; x_wconf 88' lang='lat' dir='ltr'><strong>genitum</strong></span> <span class='ocrx_word' id='word_1_765' title='bbox 2603 3870 2615 3905; x_wconf 91' lang='lat'><strong>:</strong></span> <span class='ocrx_word' id='word_1_766' title='bbox 2648 3855 2919 3907; x_wconf 88' lang='lat' dir='ltr'><strong>interdum</strong></span> <span class='ocrx_word' id='word_1_767' title='bbox 2964 3871 3091 3909; x_wconf 88' lang='lat' dir='ltr'><strong>vero</strong></span> <span class='ocrx_word' id='word_1_768' title='bbox 3138 3857 3474 3912; x_wconf 86' lang='lat' dir='ltr'><strong>determinat</strong></span> 
     </span>
    </p>
   </div>
   <div class='ocr_carea' id='block_1_101' title="bbox 1902 3940 3472 4015">
    <p class='ocr_par' dir='ltr' id='par_1_101' title="bbox 1902 3940 3472 4015">
     <span class='ocr_line' id='line_1_101' title="bbox 1902 3940 3472 4015; baseline 0.01 -24"><span class='ocrx_word' id='word_1_769' title='bbox 1902 3957 1920 3991; x_wconf 85' lang='grc' dir='ltr'><strong>ι</strong></span> <span class='ocrx_word' id='word_1_770' title='bbox 1968 3940 2113 3995; x_wconf 90' lang='lat' dir='ltr'><strong>illum</strong></span> <span class='ocrx_word' id='word_1_771' title='bbox 2139 3957 2259 3997; x_wconf 88' lang='lat' dir='ltr'><strong>esse</strong></span> <span class='ocrx_word' id='word_1_772' title='bbox 2288 3952 2610 3999; x_wconf 90' lang='lat' dir='ltr'><strong>creaturam.</strong></span> <span class='ocrx_word' id='word_1_773' title='bbox 2646 3946 2811 4015; x_wconf 82' lang='lat' dir='ltr'><strong>quue</strong></span> <span class='ocrx_word' id='word_1_774' title='bbox 2867 3948 2940 4001; x_wconf 88' lang='lat' dir='ltr'><strong>ita</strong></span> <span class='ocrx_word' id='word_1_775' title='bbox 2989 3959 3047 4001; x_wconf 91' lang='lat' dir='ltr'><strong>ut</strong></span> <span class='ocrx_word' id='word_1_776' title='bbox 3076 3963 3198 4004; x_wconf 84' lang='lat' dir='ltr'><strong>esse</strong></span> <span class='ocrx_word' id='word_1_777' title='bbox 3234 3962 3472 4013; x_wconf 87' lang='lat' dir='ltr'><strong>constet.</strong></span> 
     </span>
    </p>
   </div>
   <div class='ocr_carea' id='block_1_102' title="bbox 1901 4034 3473 4106">
    <p class='ocr_par' dir='ltr' id='par_1_102' title="bbox 1901 4034 3473 4106">
     <span class='ocr_line' id='line_1_102' title="bbox 1901 4034 3473 4106; baseline 0.009 -23"><span class='ocrx_word' id='word_1_778' title='bbox 1901 4048 1921 4083; x_wconf 82' lang='grc' dir='ltr'><strong>ι</strong></span> <span class='ocrx_word' id='word_1_779' title='bbox 1975 4034 2251 4086; x_wconf 85' lang='lat' dir='ltr'><strong>sciendum</strong></span> <span class='ocrx_word' id='word_1_780' title='bbox 2293 4044 2377 4088; x_wconf 88' lang='lat' dir='ltr'><strong>est</strong></span> <span class='ocrx_word' id='word_1_781' title='bbox 2404 4035 2552 4089; x_wconf 90' lang='lat' dir='ltr'><strong>illum</strong></span> <span class='ocrx_word' id='word_1_782' title='bbox 2587 4037 2816 4106; x_wconf 74' lang='lat' dir='ltr'><strong>Ancyrae</strong></span> <span class='ocrx_word' id='word_1_783' title='bbox 2849 4039 3126 4093; x_wconf 86' lang='lat' dir='ltr'><strong>uobiscum</strong></span> <span class='ocrx_word' id='word_1_784' title='bbox 3164 4054 3473 4097; x_wconf 86' lang='lat' dir='ltr'><strong>versantem</strong></span> 
     </span>
    </p>
   </div>
   <div class='ocr_carea' id='block_1_103' title="bbox 1902 4122 3468 4197">
    <p class='ocr_par' dir='ltr' id='par_1_103' title="bbox 1902 4122 3468 4197">
     <span class='ocr_line' id='line_1_103' title="bbox 1902 4122 3468 4197; baseline 0.009 -23"><span class='ocrx_word' id='word_1_785' title='bbox 1902 4140 1921 4174; x_wconf 77' lang='grc' dir='ltr'><strong>ι</strong></span> <span class='ocrx_word' id='word_1_786' title='bbox 1963 4122 2292 4191; x_wconf 88' lang='lat' dir='ltr'><strong>aliquando,</strong></span> <span class='ocrx_word' id='word_1_787' title='bbox 2344 4125 2619 4181; x_wconf 86' lang='lat' dir='ltr'><strong>Christum</strong></span> <span class='ocrx_word' id='word_1_788' title='bbox 2675 4130 3002 4197; x_wconf 69' lang='lat' dir='ltr'><strong>praedicasse</strong></span> <span class='ocrx_word' id='word_1_789' title='bbox 3049 4144 3362 4187; x_wconf 85' lang='lat' dir='ltr'><strong>creaturam</strong></span> <span class='ocrx_word' id='word_1_790' title='bbox 3400 4154 3411 4189; x_wconf 89' lang='lat'><strong>:</strong></span> <span class='ocrx_word' id='word_1_791' title='bbox 3446 4155 3468 4188; x_wconf 79' lang='grc' dir='ltr'><strong>ι</strong></span> 
     </span>
    </p>
   </div>
   <div class='ocr_carea' id='block_1_104' title="bbox 1896 4218 3475 4288">
    <p class='ocr_par' dir='ltr' id='par_1_104' title="bbox 1896 4218 3475 4288">
     <span class='ocr_line' id='line_1_104' title="bbox 1896 4218 3475 4288; baseline 0.004 -15"><span class='ocrx_word' id='word_1_792' title='bbox 1896 4231 2064 4287; x_wconf 83' lang='lat' dir='ltr'><strong>seque</strong></span> <span class='ocrx_word' id='word_1_793' title='bbox 2100 4233 2220 4273; x_wconf 90' lang='lat' dir='ltr'><strong>cum</strong></span> <span class='ocrx_word' id='word_1_794' title='bbox 2251 4232 2316 4272; x_wconf 92' lang='lat' dir='ltr'><strong>eo</strong></span> <span class='ocrx_word' id='word_1_795' title='bbox 2347 4218 2534 4274; x_wconf 85' lang='lat' dir='ltr'><strong>iniisse</strong></span> <span class='ocrx_word' id='word_1_796' title='bbox 2579 4220 2997 4288; x_wconf 84' lang='lat' dir='ltr'><strong>disputationem</strong></span> <span class='ocrx_word' id='word_1_797' title='bbox 3035 4225 3316 4279; x_wconf 89' lang='lat' dir='ltr'><strong>mentitur.</strong></span> <span class='ocrx_word' id='word_1_798' title='bbox 3368 4227 3475 4280; x_wconf 79' lang='lat' dir='ltr'><strong>Ac-</strong></span> 
     </span>
    </p>
   </div>
   <div class='ocr_carea' id='block_1_105' title="bbox 1898 4309 3474 4384">
    <p class='ocr_par' dir='ltr' id='par_1_105' title="bbox 1898 4309 3474 4384">
     <span class='ocr_line' id='line_1_105' title="bbox 1898 4309 3474 4384; baseline 0.004 -20"><span class='ocrx_word' id='word_1_799' title='bbox 1898 4318 2057 4365; x_wconf 86' lang='lat' dir='ltr'><strong>cusat</strong></span> <span class='ocrx_word' id='word_1_800' title='bbox 2084 4309 2306 4378; x_wconf 88' lang='lat' dir='ltr'><strong>insuper</strong></span> <span class='ocrx_word' id='word_1_801' title='bbox 2338 4309 2483 4365; x_wconf 87' lang='lat' dir='ltr'><strong>hunc</strong></span> <span class='ocrx_word' id='word_1_802' title='bbox 2515 4309 2731 4365; x_wconf 90' lang='lat' dir='ltr'><strong>beatum</strong></span> <span class='ocrx_word' id='word_1_803' title='bbox 2760 4313 2966 4379; x_wconf 89' lang='lat' dir='ltr'><strong>virum,</strong></span> <span class='ocrx_word' id='word_1_804' title='bbox 2993 4315 3147 4384; x_wconf 84' lang='lat' dir='ltr'><strong>quasi</strong></span> <span class='ocrx_word' id='word_1_805' title='bbox 3174 4317 3307 4370; x_wconf 91' lang='lat' dir='ltr'><strong>deos</strong></span> <span class='ocrx_word' id='word_1_806' title='bbox 3338 4318 3474 4370; x_wconf 90' lang='lat' dir='ltr'><strong>mul-</strong></span> 
     </span>
    </p>
   </div>
   <div class='ocr_carea' id='block_1_106' title="bbox 1900 4400 3474 4470">
    <p class='ocr_par' dir='ltr' id='par_1_106' title="bbox 1900 4400 3474 4470">
     <span class='ocr_line' id='line_1_106' title="bbox 1900 4400 3474 4470; baseline 0.007 -17"><span class='ocrx_word' id='word_1_807' title='bbox 1900 4408 1985 4454; x_wconf 89' lang='lat' dir='ltr'><strong>tos</strong></span> <span class='ocrx_word' id='word_1_808' title='bbox 2017 4402 2315 4456; x_wconf 89' lang='lat' dir='ltr'><strong>statuisset.</strong></span> <span class='ocrx_word' id='word_1_809' title='bbox 2351 4400 2559 4456; x_wconf 80' lang='lat' dir='ltr'><strong>Relicto</strong></span> <span class='ocrx_word' id='word_1_810' title='bbox 2586 4404 2799 4457; x_wconf 89' lang='lat' dir='ltr'><strong>demum</strong></span> <span class='ocrx_word' id='word_1_811' title='bbox 2824 4402 3067 4470; x_wconf 87' lang='lat' dir='ltr'><strong>Paulino,</strong></span> <span class='ocrx_word' id='word_1_812' title='bbox 3095 4406 3291 4462; x_wconf 90' lang='lat' dir='ltr'><strong>iterum</strong></span> <span class='ocrx_word' id='word_1_813' title='bbox 3314 4420 3474 4463; x_wconf 82' lang='lat' dir='ltr'><strong>vacat</strong></span> 
     </span>
    </p>
   </div>
   <div class='ocr_carea' id='block_1_107' title="bbox 1899 4491 3471 4571">
    <p class='ocr_par' dir='ltr' id='par_1_107' title="bbox 1899 4491 3471 4571">
     <span class='ocr_line' id='line_1_107' title="bbox 1899 4491 3471 4571; baseline 0.006 -24"><span class='ocrx_word' id='word_1_814' title='bbox 1899 4491 2128 4548; x_wconf 80' lang='lat' dir='ltr'><strong>Eusebio</strong></span> <span class='ocrx_word' id='word_1_815' title='bbox 2143 4494 2485 4564; x_wconf 78' lang='lat' dir='ltr'><strong>exagitanda,</strong></span> <span class='ocrx_word' id='word_1_816' title='bbox 2507 4495 2754 4564; x_wconf 88' lang='lat' dir='ltr'><strong>inquiens</strong></span> <span class='ocrx_word' id='word_1_817' title='bbox 2767 4495 2852 4567; x_wconf 73' lang='grc' dir='ltr'><strong>[Β.</strong></span> <span class='ocrx_word' id='word_1_818' title='bbox 2876 4496 3117 4571; x_wconf 80' lang='lat' dir='ltr'><strong>LXXIV]</strong></span> <span class='ocrx_word' id='word_1_819' title='bbox 3135 4518 3179 4554; x_wconf 76' lang='grc' dir='ltr'><strong>ει</strong></span> <span class='ocrx_word' id='word_1_820' title='bbox 3194 4501 3307 4554; x_wconf 83' lang='lat' dir='ltr'><strong>Hoc</strong></span> <span class='ocrx_word' id='word_1_821' title='bbox 3331 4502 3471 4556; x_wconf 86' lang='lat' dir='ltr'><strong>itleut</strong></span> 
     </span>
    </p>
   </div>
   <div class='ocr_carea' id='block_1_108' title="bbox 1909 4587 3473 4655">
    <p class='ocr_par' dir='ltr' id='par_1_108' title="bbox 1909 4587 3473 4655">
     <span class='ocr_line' id='line_1_108' title="bbox 1909 4587 3473 4655; baseline 0.009 -20"><span class='ocrx_word' id='word_1_822' title='bbox 1909 4602 1927 4635; x_wconf 83' lang='grc' dir='ltr'><strong>ι</strong></span> <span class='ocrx_word' id='word_1_823' title='bbox 1970 4587 2188 4653; x_wconf 88' lang='lat' dir='ltr'><strong>scripsit</strong></span> <span class='ocrx_word' id='word_1_824' title='bbox 2216 4597 2271 4639; x_wconf 92' lang='lat' dir='ltr'><strong>et</strong></span> <span class='ocrx_word' id='word_1_825' title='bbox 2301 4588 2563 4642; x_wconf 77' lang='lat' dir='ltr'><strong>Eusebius</strong></span> <span class='ocrx_word' id='word_1_826' title='bbox 2586 4588 2957 4655; x_wconf 66' lang='lat' dir='ltr'><strong>Caesariensis,</strong></span> <span class='ocrx_word' id='word_1_827' title='bbox 3003 4594 3249 4647; x_wconf 87' lang='lat' dir='ltr'><strong>eamdem</strong></span> <span class='ocrx_word' id='word_1_828' title='bbox 3285 4594 3473 4649; x_wconf 90' lang='lat' dir='ltr'><strong>fovens</strong></span> 
     </span>
    </p>
   </div>
   <div class='ocr_carea' id='block_1_109' title="bbox 1903 4676 3467 4754">
    <p class='ocr_par' dir='ltr' id='par_1_109' title="bbox 1903 4676 3467 4754">
     <span class='ocr_line' id='line_1_109' title="bbox 1903 4676 3467 4754; baseline 0.008 -27"><span class='ocrx_word' id='word_1_829' title='bbox 1903 4694 1924 4727; x_wconf 81' lang='grc' dir='ltr'><strong>ι</strong></span> <span class='ocrx_word' id='word_1_830' title='bbox 1970 4692 2093 4731; x_wconf 89' lang='lat' dir='ltr'><strong>cum</strong></span> <span class='ocrx_word' id='word_1_831' title='bbox 2131 4676 2354 4732; x_wconf 89' lang='lat' dir='ltr'><strong>Paulino</strong></span> <span class='ocrx_word' id='word_1_832' title='bbox 2386 4689 2440 4733; x_wconf 90' lang='lat' dir='ltr'><strong>et</strong></span> <span class='ocrx_word' id='word_1_833' title='bbox 2467 4693 2496 4732; x_wconf 89' lang='lat' dir='ltr'><strong>a</strong></span> <span class='ocrx_word' id='word_1_834' title='bbox 2537 4680 2640 4733; x_wconf 85' lang='lat' dir='ltr'><strong>ﬁde</strong></span> <span class='ocrx_word' id='word_1_835' title='bbox 2681 4681 2875 4735; x_wconf 87' lang='lat' dir='ltr'><strong>alienis</strong></span> <span class='ocrx_word' id='word_1_836' title='bbox 2904 4682 2970 4736; x_wconf 93' lang='lat' dir='ltr'><strong>de</strong></span> <span class='ocrx_word' id='word_1_837' title='bbox 2996 4682 3103 4737; x_wconf 89' lang='lat' dir='ltr'><strong>Deo</strong></span> <span class='ocrx_word' id='word_1_838' title='bbox 3137 4684 3467 4754; x_wconf 88' lang='lat' dir='ltr'><strong>opinionem.</strong></span> 
     </span>
    </p>
   </div>
   <div class='ocr_carea' id='block_1_110' title="bbox 1905 4766 3470 4843">
    <p class='ocr_par' dir='ltr' id='par_1_110' title="bbox 1905 4766 3470 4843">
     <span class='ocr_line' id='line_1_110' title="bbox 1905 4766 3470 4843; baseline 0.009 -24"><span class='ocrx_word' id='word_1_839' title='bbox 1905 4784 1924 4818; x_wconf 81' lang='grc' dir='ltr'><strong>ι</strong></span> <span class='ocrx_word' id='word_1_840' title='bbox 1972 4766 2205 4837; x_wconf 84' lang='lat' dir='ltr'><strong>Scripsit</strong></span> <span class='ocrx_word' id='word_1_841' title='bbox 2252 4770 2431 4834; x_wconf 92' lang='lat' dir='ltr'><strong>enim,</strong></span> <span class='ocrx_word' id='word_1_842' title='bbox 2469 4786 2574 4825; x_wconf 92' lang='lat' dir='ltr'><strong>nou</strong></span> <span class='ocrx_word' id='word_1_843' title='bbox 2622 4774 2775 4841; x_wconf 83' lang='lat' dir='ltr'><strong>quasi</strong></span> <span class='ocrx_word' id='word_1_844' title='bbox 2825 4784 2968 4827; x_wconf 88' lang='lat' dir='ltr'><strong>esset</strong></span> <span class='ocrx_word' id='word_1_845' title='bbox 2995 4774 3144 4829; x_wconf 88' lang='lat' dir='ltr'><strong>solus</strong></span> <span class='ocrx_word' id='word_1_846' title='bbox 3180 4777 3342 4843; x_wconf 89' lang='lat' dir='ltr'><strong>Deus,</strong></span> <span class='ocrx_word' id='word_1_847' title='bbox 3377 4780 3470 4833; x_wconf 85' lang='lat' dir='ltr'><strong>sed</strong></span> 
     </span>
    </p>
   </div>
   <div class='ocr_carea' id='block_1_111' title="bbox 1906 4866 3475 4925">
    <p class='ocr_par' dir='ltr' id='par_1_111' title="bbox 1906 4866 3475 4925">
     <span class='ocr_line' id='line_1_111' title="bbox 1906 4866 3475 4925; baseline 0.009 -14"><span class='ocrx_word' id='word_1_848' title='bbox 1906 4877 1925 4911; x_wconf 79' lang='grc' dir='ltr'><strong>ι</strong></span> <span class='ocrx_word' id='word_1_849' title='bbox 1974 4877 2113 4917; x_wconf 89' lang='lat' dir='ltr'><strong>unus</strong></span> <span class='ocrx_word' id='word_1_850' title='bbox 2163 4871 2309 4917; x_wconf 86' lang='lat' dir='ltr'><strong>esset</strong></span> <span class='ocrx_word' id='word_1_851' title='bbox 2353 4878 2516 4919; x_wconf 84' lang='lat' dir='ltr'><strong>verus</strong></span> <span class='ocrx_word' id='word_1_852' title='bbox 2548 4866 2696 4922; x_wconf 88' lang='lat' dir='ltr'><strong>solus</strong></span> <span class='ocrx_word' id='word_1_853' title='bbox 2734 4867 2891 4921; x_wconf 89' lang='lat' dir='ltr'><strong>Deus.</strong></span> <span class='ocrx_word' id='word_1_854' title='bbox 2949 4866 3101 4923; x_wconf 89' lang='lat' dir='ltr'><strong>Unde</strong></span> <span class='ocrx_word' id='word_1_855' title='bbox 3143 4868 3367 4923; x_wconf 83' lang='lat' dir='ltr'><strong>edoctus</strong></span> <span class='ocrx_word' id='word_1_856' title='bbox 3417 4883 3475 4925; x_wconf 90' lang='lat' dir='ltr'><strong>et</strong></span> 
     </span>
    </p>
   </div>
   <div class='ocr_carea' id='block_1_112' title="bbox 1905 4956 3475 5032">
    <p class='ocr_par' dir='ltr' id='par_1_112' title="bbox 1905 4956 3475 5032">
     <span class='ocr_line' id='line_1_112' title="bbox 1905 4956 3475 5032; baseline 0.008 -25"><span class='ocrx_word' id='word_1_857' title='bbox 1905 4974 1924 5007; x_wconf 81' lang='grc' dir='ltr'><strong>ι</strong></span> <span class='ocrx_word' id='word_1_858' title='bbox 1972 4956 2168 5011; x_wconf 79' lang='lat' dir='ltr'><strong>Asterii</strong></span> <span class='ocrx_word' id='word_1_859' title='bbox 2208 4966 2358 5026; x_wconf 86' lang='lat' dir='ltr'><strong>pater</strong></span> <span class='ocrx_word' id='word_1_860' title='bbox 2397 4956 2673 5025; x_wconf 85' lang='lat' dir='ltr'><strong>Paulinus,</strong></span> <span class='ocrx_word' id='word_1_861' title='bbox 2722 4957 2969 5027; x_wconf 88' lang='lat' dir='ltr'><strong>juniores</strong></span> <span class='ocrx_word' id='word_1_862' title='bbox 3019 4963 3286 5032; x_wconf 84' lang='lat' dir='ltr'><strong>quosdam</strong></span> <span class='ocrx_word' id='word_1_863' title='bbox 3343 4965 3475 5019; x_wconf 76' lang='lat' dir='ltr'><strong>deos</strong></span> 
     </span>
    </p>
   </div>
   <div class='ocr_carea' id='block_1_113' title="bbox 1896 5294 3271 5369">
    <p class='ocr_par' dir='ltr' id='par_1_113' title="bbox 1896 5294 3271 5369">
     <span class='ocr_line' id='line_1_113' title="bbox 1896 5294 3271 5369; baseline 0 -18"><span class='ocrx_word' id='word_1_864' title='bbox 1896 5296 2067 5351; x_wconf 87' lang='grc' dir='ltr'>Παυλ.</span> <span class='ocrx_word' id='word_1_865' title='bbox 2094 5313 2161 5369; x_wconf 64' lang='grc' dir='ltr'><strong>τε⁵</strong></span> <span class='ocrx_word' id='word_1_866' title='bbox 2182 5294 2320 5365; x_wconf 77' lang='grc' dir='ltr'>ἔχων</span> <span class='ocrx_word' id='word_1_867' title='bbox 2344 5306 2397 5369; x_wconf 84' lang='lat' dir='ltr'><strong>et</strong></span> <span class='ocrx_word' id='word_1_868' title='bbox 2423 5296 2573 5361; x_wconf 87' lang='grc' dir='ltr'>ὄντος</span> <span class='ocrx_word' id='word_1_869' title='bbox 2605 5298 2764 5369; x_wconf 83' lang='grc' dir='ltr'>μόνου</span> <span class='ocrx_word' id='word_1_870' title='bbox 2793 5299 2886 5352; x_wconf 92' lang='grc' dir='ltr'><strong>τοῦ</strong></span> <span class='ocrx_word' id='word_1_871' title='bbox 2913 5310 2967 5353; x_wconf 90' lang='lat' dir='ltr'><strong>et</strong></span> <span class='ocrx_word' id='word_1_872' title='bbox 2994 5300 3089 5353; x_wconf 78' lang='grc' dir='ltr'><strong>καὶ</strong></span> <span class='ocrx_word' id='word_1_873' title='bbox 3126 5299 3271 5351; x_wconf 84' lang='grc' dir='ltr'>Ἀστ.</span> 
     </span>
    </p>
   </div>
   <div class='ocr_carea' id='block_1_114' title="bbox 1968 5364 3473 5491">
    <p class='ocr_par' dir='ltr' id='par_1_114' title="bbox 1968 5364 3473 5491">
     <span class='ocr_line' id='line_1_114' title="bbox 1968 5364 3473 5487; baseline 0.001 -67"><span class='ocrx_word' id='word_1_874' title='bbox 1968 5369 2079 5437; x_wconf 73' lang='lat'><strong>(&#39;27)</strong></span> <span class='ocrx_word' id='word_1_875' title='bbox 2121 5364 2291 5487; x_wconf 43' lang='lat' dir='ltr'><strong>Vult-0</strong></span> <span class='ocrx_word' id='word_1_876' title='bbox 2340 5367 2371 5437; x_wconf 78' lang='grc' dir='ltr'>ἢ</span> <span class='ocrx_word' id='word_1_877' title='bbox 2416 5364 2617 5420; x_wconf 65' lang='grc' dir='ltr'>ἀποστξ</span> <span class='ocrx_word' id='word_1_878' title='bbox 2642 5384 2695 5422; x_wconf 91' lang='lat' dir='ltr'><strong>et</strong></span> <span class='ocrx_word' id='word_1_879' title='bbox 2744 5368 3181 5442; x_wconf 86' lang='grc' dir='ltr'>ἀπληκτίσασθαι</span> <span class='ocrx_word' id='word_1_880' title='bbox 3229 5381 3277 5421; x_wconf 82' lang='lat' dir='ltr'><strong>et</strong></span> <span class='ocrx_word' id='word_1_881' title='bbox 3330 5368 3473 5421; x_wconf 80' lang='grc' dir='ltr'>ὥστε</span> 
     </span>
     <span class='ocr_line' id='line_1_115' title="bbox 1970 5436 3470 5491; baseline 0.001 -2"><span class='ocrx_word' id='word_1_882' title='bbox 1970 5456 1998 5489; x_wconf 94' lang='grc' dir='ltr'><strong>ν</strong></span> <span class='ocrx_word' id='word_1_883' title='bbox 2032 5439 2075 5488; x_wconf 79' lang='grc' dir='ltr'>ὲ.</span> <span class='ocrx_word' id='word_1_884' title='bbox 2103 5453 2152 5489; x_wconf 89' lang='grc' dir='ltr'><strong>τ.</strong></span> <span class='ocrx_word' id='word_1_885' title='bbox 2182 5437 2210 5487; x_wconf 92' lang='grc' dir='ltr'><strong>λ</strong></span> <span class='ocrx_word' id='word_1_886' title='bbox 2243 5453 2326 5491; x_wconf 92' lang='grc' dir='ltr'><strong>γοι</strong></span> <span class='ocrx_word' id='word_1_887' title='bbox 2357 5436 2506 5491; x_wconf 79' lang='grc' dir='ltr'>(ὥστ’</span> <span class='ocrx_word' id='word_1_888' title='bbox 2534 5442 2633 5491; x_wconf 81' lang='grc' dir='ltr'>οὐκ</span> <span class='ocrx_word' id='word_1_889' title='bbox 2670 5440 2736 5491; x_wconf 81' lang='grc' dir='ltr'>ἄν</span> <span class='ocrx_word' id='word_1_890' title='bbox 2774 5440 2895 5491; x_wconf 81' lang='lat' dir='ltr'><strong>R.l:</strong></span> <span class='ocrx_word' id='word_1_891' title='bbox 2946 5457 3107 5491; x_wconf 80' lang='lat' dir='ltr'><strong>porro</strong></span> <span class='ocrx_word' id='word_1_892' title='bbox 3162 5439 3314 5491; x_wconf 76' lang='lat' dir='ltr'><strong>vuluo</strong></span> <span class='ocrx_word' id='word_1_893' title='bbox 3365 5441 3470 5491; x_wconf 85' lang='grc' dir='ltr'>είκ.</span> 
     </span>
    </p>
   </div>
   <div class='ocr_carea' id='block_1_115' title="bbox 1896 5437 3474 5586">
    <p class='ocr_par' dir='ltr' id='par_1_115' title="bbox 1896 5437 3474 5586">
     <span class='ocr_line' id='line_1_116' title="bbox 1900 5437 3470 5517; baseline 0.001 -28"><span class='ocrx_word' id='word_1_894' title='bbox 1900 5438 1998 5508; x_wconf 80' lang='grc' dir='ltr'>μὲν</span> <span class='ocrx_word' id='word_1_895' title='bbox 2032 5439 2075 5488; x_wconf 78' lang='grc' dir='ltr'>ὲ.</span> <span class='ocrx_word' id='word_1_896' title='bbox 2103 5453 2152 5489; x_wconf 91' lang='grc' dir='ltr'><strong>τ.</strong></span> <span class='ocrx_word' id='word_1_897' title='bbox 2182 5437 2326 5504; x_wconf 84' lang='grc' dir='ltr'>λέγοι</span> <span class='ocrx_word' id='word_1_898' title='bbox 2357 5437 2506 5505; x_wconf 65' lang='grc' dir='ltr'>(ὥστ’</span> <span class='ocrx_word' id='word_1_899' title='bbox 2534 5442 2633 5491; x_wconf 80' lang='grc' dir='ltr'>οὐκ</span> <span class='ocrx_word' id='word_1_900' title='bbox 2670 5440 2736 5492; x_wconf 81' lang='grc' dir='ltr'>ἄν</span> <span class='ocrx_word' id='word_1_901' title='bbox 2774 5437 2895 5511; x_wconf 62' lang='grc' dir='ltr'>Β.)ξ</span> <span class='ocrx_word' id='word_1_902' title='bbox 2944 5457 3107 5510; x_wconf 85' lang='lat' dir='ltr'><strong>porro</strong></span> <span class='ocrx_word' id='word_1_903' title='bbox 3162 5439 3314 5505; x_wconf 73' lang='lat' dir='ltr'><strong>vulgo</strong></span> <span class='ocrx_word' id='word_1_904' title='bbox 3365 5441 3470 5517; x_wconf 58' lang='grc' dir='ltr'><strong>εἰκζ</strong></span> 
     </span>
     <span class='ocr_line' id='line_1_117' title="bbox 1896 5506 3474 5586; baseline 0.001 -27"><span class='ocrx_word' id='word_1_905' title='bbox 1896 5508 1991 5586; x_wconf 58' lang='grc' dir='ltr'>τὴν</span> <span class='ocrx_word' id='word_1_906' title='bbox 2024 5506 2251 5586; x_wconf 74' lang='grc' dir='ltr'>ἡμετέρ.</span> <span class='ocrx_word' id='word_1_907' title='bbox 2298 5521 2349 5586; x_wconf 76' lang='lat' dir='ltr'><strong>et</strong></span> <span class='ocrx_word' id='word_1_908' title='bbox 2399 5511 2549 5586; x_wconf 57' lang='lat' dir='ltr'><strong>uncis</strong></span> <span class='ocrx_word' id='word_1_909' title='bbox 2594 5513 2795 5586; x_wconf 60' lang='lat' dir='ltr'><strong>influsa</strong></span> <span class='ocrx_word' id='word_1_910' title='bbox 2828 5528 2979 5586; x_wconf 53' lang='grc' dir='ltr'>οηιῇ</span> <span class='ocrx_word' id='word_1_911' title='bbox 3019 5526 3139 5562; x_wconf 79' lang='lat' dir='ltr'><strong>mox</strong></span> <span class='ocrx_word' id='word_1_912' title='bbox 3191 5512 3353 5586; x_wconf 64' lang='lat' dir='ltr'><strong>vulgo</strong></span> <span class='ocrx_word' id='word_1_913' title='bbox 3376 5526 3474 5586; x_wconf 85' lang='grc' dir='ltr'><strong>του</strong></span> 
     </span>
    </p>
   </div>
   <div class='ocr_carea' id='block_1_116' title="bbox 1898 5577 3475 5700">
    <p class='ocr_par' dir='ltr' id='par_1_116' title="bbox 1898 5577 3475 5700">
     <span class='ocr_line' id='line_1_118' title="bbox 1898 5577 3475 5650; baseline 0 -19"><span class='ocrx_word' id='word_1_914' title='bbox 1898 5577 2027 5631; x_wconf 72' lang='grc' dir='ltr'>Εὖσ.</span> <span class='ocrx_word' id='word_1_915' title='bbox 2060 5577 2219 5629; x_wconf 84' lang='grc' dir='ltr'>πάλιν</span> <span class='ocrx_word' id='word_1_916' title='bbox 2244 5588 2293 5629; x_wconf 86' lang='lat' dir='ltr'><strong>et</strong></span> <span class='ocrx_word' id='word_1_917' title='bbox 2318 5579 2617 5647; x_wconf 69' lang='grc' dir='ltr'>ἀπεκοῆσαι</span> <span class='ocrx_word' id='word_1_918' title='bbox 2640 5581 2785 5650; x_wconf 85' lang='grc' dir='ltr'>βούλ.</span> <span class='ocrx_word' id='word_1_919' title='bbox 2813 5594 2861 5633; x_wconf 88' lang='lat' dir='ltr'><strong>et</strong></span> <span class='ocrx_word' id='word_1_920' title='bbox 2897 5580 3143 5649; x_wconf 60' lang='lat' dir='ltr'><strong>sﬁfxeev&#39;</strong></span> <span class='ocrx_word' id='word_1_921' title='bbox 3172 5581 3293 5630; x_wconf 85' lang='lat' dir='ltr'><strong>dein</strong></span> <span class='ocrx_word' id='word_1_922' title='bbox 3321 5582 3475 5647; x_wconf 76' lang='lat' dir='ltr'><strong>vulgo</strong></span> 
     </span>
     <span class='ocr_line' id='line_1_119' title="bbox 1899 5618 3475 5700; baseline -0.002 0"><span class='ocrx_word' id='word_1_923' title='bbox 1899 5646 2019 5700; x_wconf 72' lang='grc' dir='ltr'>εἶτα</span> <span class='ocrx_word' id='word_1_924' title='bbox 2057 5647 2152 5700; x_wconf 76' lang='grc' dir='ltr'>μὲν</span> <span class='ocrx_word' id='word_1_925' title='bbox 2190 5664 2239 5699; x_wconf 91' lang='grc' dir='ltr'>τ.</span> <span class='ocrx_word' id='word_1_926' title='bbox 2264 5647 2357 5700; x_wconf 73' lang='grc' dir='ltr'>ἕνα</span> <span class='ocrx_word' id='word_1_927' title='bbox 2393 5650 2453 5699; x_wconf 92' lang='grc' dir='ltr'>Θ.</span> <span class='ocrx_word' id='word_1_928' title='bbox 2482 5663 2534 5700; x_wconf 89' lang='lat' dir='ltr'><strong>et</strong></span> <span class='ocrx_word' id='word_1_929' title='bbox 2576 5653 2823 5700; x_wconf 74' lang='grc' dir='ltr'>κάκεῖνος</span> <span class='ocrx_word' id='word_1_930' title='bbox 2868 5663 2913 5700; x_wconf 75' lang='lat' dir='ltr'><strong>et</strong></span> <span class='ocrx_word' id='word_1_931' title='bbox 2962 5618 2990 5700; x_wconf 67' lang='grc' dir='ltr'><strong>ό</strong></span> <span class='ocrx_word' id='word_1_932' title='bbox 3039 5650 3135 5700; x_wconf 65' lang='grc' dir='ltr'><strong>τὴν</strong></span> <span class='ocrx_word' id='word_1_933' title='bbox 3177 5648 3335 5700; x_wconf 79' lang='grc' dir='ltr'>ἐλπ..</span> <span class='ocrx_word' id='word_1_934' title='bbox 3383 5656 3475 5698; x_wconf 68' lang='lat' dir='ltr'><strong>ile-</strong></span> 
     </span>
    </p>
   </div>
   <div class='ocr_carea' id='block_1_117' title="bbox 1899 5646 3477 5802">
    <p class='ocr_par' dir='ltr' id='par_1_117' title="bbox 1899 5646 3477 5791">
     <span class='ocr_line' id='line_1_120' title="bbox 1899 5646 3475 5723; baseline -0.003 -22"><span class='ocrx_word' id='word_1_935' title='bbox 1899 5646 2019 5701; x_wconf 76' lang='grc' dir='ltr'>εἷτα</span> <span class='ocrx_word' id='word_1_936' title='bbox 2056 5647 2152 5716; x_wconf 81' lang='grc' dir='ltr'>μὲν</span> <span class='ocrx_word' id='word_1_937' title='bbox 2190 5664 2239 5699; x_wconf 91' lang='grc' dir='ltr'><strong>τ.</strong></span> <span class='ocrx_word' id='word_1_938' title='bbox 2264 5647 2357 5700; x_wconf 73' lang='grc' dir='ltr'>ἕνα</span> <span class='ocrx_word' id='word_1_939' title='bbox 2393 5650 2453 5699; x_wconf 94' lang='grc' dir='ltr'><strong>Θ.</strong></span> <span class='ocrx_word' id='word_1_940' title='bbox 2482 5646 2534 5700; x_wconf 86' lang='lat' dir='ltr'><strong>et</strong></span> <span class='ocrx_word' id='word_1_941' title='bbox 2576 5646 2823 5711; x_wconf 75' lang='grc' dir='ltr'>κάκεῖνος</span> <span class='ocrx_word' id='word_1_942' title='bbox 2868 5663 2913 5702; x_wconf 86' lang='lat' dir='ltr'><strong>el</strong></span> <span class='ocrx_word' id='word_1_943' title='bbox 2962 5646 3135 5720; x_wconf 61' lang='grc' dir='ltr'>θ’τὴν</span> <span class='ocrx_word' id='word_1_944' title='bbox 3177 5648 3297 5701; x_wconf 77' lang='grc' dir='ltr'>ἐλπ.</span> <span class='ocrx_word' id='word_1_945' title='bbox 3321 5688 3335 5713; x_wconf 86' lang='grc'><strong>,</strong></span> <span class='ocrx_word' id='word_1_946' title='bbox 3383 5646 3475 5723; x_wconf 55' lang='grc' dir='ltr'>«ἰξε-</span> 
     </span>
     <span class='ocr_line' id='line_1_121' title="bbox 1901 5718 3477 5791; baseline 0.001 -20"><span class='ocrx_word' id='word_1_947' title='bbox 1901 5736 2061 5786; x_wconf 85' lang='lat' dir='ltr'><strong>mque</strong></span> <span class='ocrx_word' id='word_1_948' title='bbox 2122 5718 2274 5787; x_wconf 66' lang='lat' dir='ltr'><strong>vulgo</strong></span> <span class='ocrx_word' id='word_1_949' title='bbox 2325 5720 2706 5788; x_wconf 83' lang='grc' dir='ltr'>ὁμολογοῦντι,</span> <span class='ocrx_word' id='word_1_950' title='bbox 2764 5721 3115 5791; x_wconf 66' lang='grc' dir='ltr'>μεμψάμενός</span> <span class='ocrx_word' id='word_1_951' title='bbox 3167 5736 3230 5787; x_wconf 84' lang='grc' dir='ltr'><strong>γε</strong></span> <span class='ocrx_word' id='word_1_952' title='bbox 3276 5730 3327 5771; x_wconf 85' lang='lat' dir='ltr'><strong>et</strong></span> <span class='ocrx_word' id='word_1_953' title='bbox 3380 5736 3477 5773; x_wconf 90' lang='grc' dir='ltr'><strong>νυν</strong></span> 
     </span>
    </p>
   </div>
   <div class='ocr_carea' id='block_1_118' title="bbox 1900 5807 2081 5841">
    <p class='ocr_par' dir='ltr' id='par_1_118' title="bbox 1900 5807 2081 5841">
     <span class='ocr_line' id='line_1_122' title="bbox 1900 5807 2081 5841; baseline -0.011 0"><span class='ocrx_word' id='word_1_954' title='bbox 1900 5807 1999 5841; x_wconf 87' lang='grc' dir='ltr'><strong>αυτ</strong></span> <span class='ocrx_word' id='word_1_955' title='bbox 2014 5807 2081 5840; x_wconf 57' lang='grc' dir='ltr'>μν.</span> 
     </span>
    </p>
   </div>
  </div>
