4070 6304
660 357 756 412 ῗῚΙ

1318 347 1584 406 EUSEBII
1621 341 2084 402 CESARIENSIS
2116 337 2196 396 0P

2305 336 2484 396 PARS
2521 336 2608 392 IV.
2649 365 2718 378 —
2755 335 3171 392 DOGIIATICA.

3774 335 3867 394 π,

661 492 681 524 ι
727 473 1021 526 arbitratus
1056 477 1139 522 est
1160 479 1302 521 esse.
1330 483 1349 518 ι
1379 463 1548 531 Quos,
1575 463 1735 517 veluti
1778 462 1845 516 de
1872 459 1974 515 diis
2005 455 2196 527 opinio-

2317 473 2335 506 t
2376 470 2603 525 γραφεν.
2631 452 2798 507 υὺδὶν
2836 451 2943 524 7&9
2975 453 3485 524 συγχωρεῖόλὲγων·
3522 453 3864 526 Ποιήσωμεν

657 579 754 618 nes
792 561 1198 635 introducentes
1226 567 1462 619 accusat,
1493 570 1614 610 cum
1640 553 1758 608 Filii
1785 553 2034 606 deitatem
2056 556 2210 618 neget

657 654 792 720 ipse.
833 649 933 716 Qui
963 650 1006 703 si
1041 647 1201 702 verba
1256 645 1553 700 Eusebiana
1585 655 1882 712 proponere
1930 639 2206 701 voluisset.

657 739 1008 794 intellexisset
1039 735 1222 804 procul
1252 733 1414 786 dubio
1445 744 1548 785 non
1579 730 1668 783 illa
1688 741 1828 792 esse,
1845 741 1966 796 qua:
1994 727 2205 780 Patrem

655 828 827 882 solum
853 842 1038 881 verum
1053 825 1216 879 Deum
1237 822 1562 888 docuissent,
1584 835 1704 876 cum
1723 834 1752 872 a
1771 817 2060 874 Servatnre
2082 831 2206 886 pro-

654 917 821 972 latum
841 918 909 972 sit
938 916 1088 980 Illud,
1104 923 1158 968 at
1179 927 1228 968 te
1251 921 1560 983 cognoscant
1577 909 1746 964 solum
1769 923 1941 963 verum
1960 907 2120 961 Deam
2138 905 2205 960 ⁸⁸.

653 1009 786 1064 Post
831 1006 1088 1063 nonnulla
1139 1003 1406 1059 subnectit
1468 1001 1719 1070 inquiens
1778 998 1869 1072 [Β.
1926 996 2135 1070 XXVII]
2189 1015 2201 1050 :

660 1118 679 1151 ι
727 1098 966 1168 Namque
1009 1096 1152 1150 unde
1207 1094 1300 1150 Ille
1338 1092 1495 1148 nobis
1528 1093 1897 1146 demonstrare
1943 1089 2141 1158 poterit
2174 1103 2206 1142 e

659 1209 678 1242 ι
726 1186 1021 1258 Seripturis
1051 1185 1258 1247 sacris,
1295 1198 1460 1236 unum
1513 1194 1633 1236 esse
1676 1181 1967 1251 ingenitum
1992 1217 2008 1243 ,
2040 1194 2202 1235 unum

659 1298 678 1331 ι
724 1281 849 1333 item
877 1276 1112 1348 genitum
1143 1280 1200 1338 ᾖε
1226 1274 1312 1345 (eo
1338 1272 1498 1327 modo
1525 1271 1780 1326 nimirum
1805 1283 1914 1340 quo
1939 1283 2060 1325 esse
2081 1284 2202 1325 eum

658 1392 677 1424 ι
722 1375 954 1443 genitum
982 1373 1082 1443 ipsi
1111 1371 1448 1437 autumant),
1471 1384 1592 1425 cum
1622 1369 2004 1438 prophetarum
2029 1367 2202 1421 uullus

658 1480 678 1513 ι
723 1473 816 1515 aut
850 1462 1321 1532 evangelistarum,
1349 1459 1530 1514 nullus
1559 1458 1920 1529 apostolorum
1966 1458 2018 1512 id
2061 1457 2205 1512 alllr-

657 1572 676 1604 s
724 1554 893 1608 metis
926 1553 1200 1621 Deinceps,
1243 1566 1348 1605 non
1372 1565 1533 1605 secus
1557 1564 1718 1619 quam
1746 1550 1835 1618 qui
1873 1549 1926 1602 in
1954 1547 2203 1603 certami-

651 1643 810 1700 nibus
836 1641 1183 1707 describitur,
1220 1641 1287 1696 ad
1323 1654 1538 1695 manum
1581 1654 1700 1694 cum
1738 1639 1986 1693 omnibus
2009 1652 2200 1693 conse-

651 1737 892 1795 rendam,
925 1730 1133 1787 confert
1158 1745 1215 1786 se
1239 1732 1304 1784 ad
1347 1729 1654 1785 Narcissum
1680 1738 1733 1784 et
1764 1725 1959 1800 ait[ll.
1992 1725 2194 1799 LXX]:

654 1839 674 1872 s
719 1820 851 1886 Quis
881 1829 1057 1874 autem
1107 1819 1238 1873 illud
1279 1818 1536 1884 aﬂirmat,
1577 1818 1767 1872 nedum
1800 1819 2108 1880 contendit,
2149 1825 2208 1872 ut

651 1931 674 1964 ι
719 1910 1002 1967 Narcissus
1034 1912 1251 1966 disertis
1289 1909 1471 1964 verbis
1521 1910 1750 1976 asserit,
1807 1910 2040 1978 primum
2087 1923 2206 1964 esse

655 2003 675 2052 ι
723 1999 910 2064 Deum,
957 2009 1011 2053 et
1041 2001 1360 2053 secundum.
1407 1995 1522 2052 Non
1569 2006 1719 2052 certe
1760 1996 2045 2053 conllrmat
2101 1998 2204 2052 hoc

657 2110 678 2143 ι
723 2093 866 2159 quod
895 2090 1115 2154 dicitur,
1145 2090 1294 2154 illud,
1340 2087 1623 2143 Faciamus
1668 2091 1928 2143 hominem
1962 2091 2028 2142 ad
2067 2091 2202 2141 ima.

657 2199 676 2231 ι
720 2185 887 2248 ginem
941 2187 1171 2232 nostram
1223 2189 1272 2233 et
1313 2180 1704 2234 similitudinem
1754 2179 1821 2210 “°
1873 2179 2014 2249 (ipse
2054 2179 2198 2232 enim

652 2269 906 2325 Dominus
956 2279 1204 2335 testatur,
1235 2279 1291 2324 et
1340 2271 1533 2340 partim
1578 2271 1876 2325 audivimus
1927 2285 1956 2323 a
2001 2273 2204 2325 sanctis

651 2362 961 2430 Scripturis,
987 2362 1109 2431 quia
1156 2363 1271 2430 ipse
1306 2363 1574 2431 ipsiusque
1614 2361 1774 2415 Pater
1814 2362 1919 2414 duo
1965 2371 2109 2418 sunt.
2147 2362 2202 2414 Si

649 2467 782 2522 ergo
809 2452 1092 2507 Narcissus
1115 2452 1317 2506 idcirco
1346 2452 1472 2506 velit
1496 2451 1686 2505 Filium
1716 2465 1745 2504 a
1784 2448 1942 2503 Patre
1966 2451 2201 2518 potentia

650 2541 923 2607 dividere,
974 2543 1183 2596 noverit
1227 2542 1351 2610 quia
1407 2540 1494 2594 ille
1540 2540 1629 2608 qui
1680 2539 1896 2605 scripsit
1949 2539 2202 2606 propheta

654 2633 806 2702 quasi
842 2634 978 2688 Deus
1016 2633 1210 2686 dixerit
1248 2649 1262 2684 :
1312 2630 1595 2685 Faciamus
1620 2632 1874 2684 hominem
1909 2633 1978 2682 ad
2020 2629 2204 2699 imagi-

654 2742 673 2774 s
716 2739 828 2778 nent
878 2733 1109 2777 nostram
1159 2733 1205 2777 et
1257 2722 1690 2791 similitudinem),
1755 2723 1868 2790 ipse
1897 2721 2019 2774 ait:
2064 2738 2082 2771 ι
2131 2719 2197 2774 Et

659 2833 679 2867 ι
720 2815 841 2885 fecit
911 2815 1172 2868 hominem
1231 2805 1387 2868 De‘us.
1455 2833 1473 2864 ι
1531 2813 1736 2868 Relicto
1794 2811 2082 2878 Narcisso,
2145 2815 2198 2868 in

651 2907 916 2960 Asterium
950 2905 1140 2960 scribit
1171 2904 1263 2976 (Il.
1301 2902 1483 2976 LXIII]
1526 2921 1589 2957 τι
1634 2904 1807 2959 Unum
1857 2915 2017 2972 atque
2059 2906 2196 2959 idem

652 3013 670 3045 ι
708 3009 825 3049 esse
841 2998 1147 3063 pronuntiat
1167 2996 1430 3058 Asterius,
1450 2995 1662 3049 Patrem
1686 2995 2017 3049 solummodo
2041 3008 2200 3065 atque

653 3099 671 3131 t
714 3080 901 3136 Filium
958 3082 1010 3135 in
1061 3097 1127 3137 eo
1172 3081 1312 3152 quod
1369 3099 1463 3153 per
1509 3084 1688 3137 oumia
1750 3086 2092 3138 consentiant
2142 3095 2264 3179 etc

653 3188 671 3219 s
717 3172 1065 3240 conspirent;
1135 3173 1211 3225 ait
1248 3175 1393 3226 enim
1437 3191 1450 3226 :
1503 3171 1729 3242 Propter
1788 3177 2191 3229 exactissimam

653 3277 672 3309 t
723 3259 864 3314 illam
931 3262 1338 3315 consonantiam
1397 3266 1449 3314 in
1511 3263 1760 3317 omnibus
1816 3265 1975 3318 dictis
2035 3274 2194 3332 atque

653 3367 672 3400 t
718 3349 891 3414 Iactis,
946 3351 1140 3405 dicitur
1167 3368 1182 3405 :
1212 3349 1319 3420 Ego
1351 3361 1397 3404 et
1440 3347 1600 3403 Pater
1644 3367 1803 3404 unum
1837 3367 2012 3404 sumus
2063 3353 2128 3406 ".
2169 3371 2187 3404 ο

647 3441 912 3497 luvebitur
952 3443 1142 3496 deinde
1193 3443 1244 3495 in
1297 3441 1582 3497 Eusebium
1633 3445 1704 3495 ita
1734 3442 1821 3513 [Β.
1857 3441 2141 3515 LXXXIX]
2175 3460 2189 3498 :

650 3553 670 3586 ι
718 3533 1058 3589 Servatorem
1098 3535 1368 3589 hominem
1403 3535 1568 3590 fuisse
1604 3535 1798 3590 docet:
1835 3536 1992 3605 idque
2029 3536 2193 3605 liquet

648 3643 667 3677 ι
718 3627 770 3680 in
815 3641 880 3680 eo
925 3625 1066 3693 quod
1118 3627 1406 3681 vaferrime
1460 3628 1780 3681 sententiam
1842 3628 2200 3697 apostolicam

646 3735 665 3768 ι
713 3718 946 3772 traducit
975 3717 1240 3772 Eusebius
1273 3718 1340 3772 ad
1367 3732 1516 3772 suam
1547 3718 1877 3773 voluntatem
1913 3719 2186 3773 constabi-

645 3823 667 3859 ι
713 3807 965 3862 liendam.
1002 3807 1174 3863 Veluti
1197 3809 1339 3863 enim
1364 3809 1454 3876 qui
1477 3808 1587 3878 jam
1617 3810 1816 3862 dudum
1840 3812 2186 3878 parturierat,

647 3915 669 3950 ι
718 3909 773 3951 ut
816 3899 868 3951 in
910 3898 1080 3953 lueem
1123 3899 1512 3967 blasphemiam
1541 3900 1864 3952 horrendam
1897 3902 2187 3969 productu-

647 4008 665 4040 ι
715 4004 824 4051 rus,
848 3989 921 4042 ita
951 3990 1016 4043 de
1054 4004 1150 4044 suo
1181 3992 1395 4057 proprio
1424 3989 1673 4043 thesauro
1701 3988 1884 4043 eﬂ‘udit
1906 3991 2186 4058 malitiam,

645 4096 665 4130 ι
701 4079 852 4148 juxta
875 4080 1074 4134 dictum
1090 4079 1413 4135 Servatoris.
1433 4081 1673 4149 Namque
1689 4091 2001 4137 ostensurus
2019 4065 2206 4137 ltomi-.

643 4186 663 4220 s
713 4184 832 4223 nem
871 4171 1041 4224 solum
1105 4171 1447 4228 Servatorem
1504 4173 1807 4239 exstitisse,
1865 4190 1970 4229 non
2030 4177 2188 4231 aliter

645 4277 665 4310 ι
709 4275 866 4328 quam
894 4261 985 4330 qui
1015 4263 1329 4331 mysterium
1352 4261 1723 4318 absconditum
1752 4266 1994 4334 Apostoli
2022 4268 2190 4321 maui-

643 4369 663 4401 ι
713 4352 1002 4408 lestaturus
1030 4365 1168 4419 erat,
1197 4357 1283 4425 ,ita
1335 4355 1550 4426 inquit:
1583 4357 1916 4428 Quapropter
1962 4361 2189 4430 apertis.

2316 564 2334 596 t
2375 545 2686 613 ἇνθρὼπον
2711 545 3050 598 κατέικόνα
3075 545 3367 614 ἡμετέραν
3388 544 3484 599 καὶ
3505 545 3639 601 καθ’
3668 551 3858 617 ὁμοίω

2314 653 2333 686 ι
2373 651 2479 688 σιν
2491 635 2593 703 (ﬁt
2612 635 2711 704 μὲν
2727 634 2889 698 αὐτὸς
2904 635 2996 689 καὶ
3006 637 3036 687 ό
3051 633 3240 707 Πατὴρ
3250 636 3411 689 αὐτοῦ
3424 636 3518 690 δύο
3528 638 3688 701 εῑσὶν,
3706 639 3868 693 αὑτοῦ

2313 745 2332 777 t
2373 724 2468 778 τοῦ
2514 725 2720 794 Κυρίου
2756 723 3151 794 μαρτυροῦντος
3205 726 3299 779 καὶ
3344 725 3454 781 τῶν
3509 727 3686 796 ἁγίων
3735 729 3867 800 Γρα-

2313 835 2332 870 s
2373 817 2488 886 φῶν
2520 817 2584 870 ὲκ
2617 817 2816 888 μέρους
2852 817 3182 888 ἠκούσαμεν.
3231 817 3294 871 Et
3334 819 3512 871 τοίνυν
3557 819 3865 891 Νάρκισσος

2312 928 2330 960 ι
2367 909 2454 962 διὰ
2492 909 2650 962 τοῦτο
2679 908 2908 979 διαιρεῖν
2941 907 3166 979 δυνάμει
3193 909 3284 961 τὸν
3313 909 3482 978 Λόγον
3511 911 3608 965 τοῦ
3656 912 3862 983 Πατρὺς

2312 1021 2329 1050 s
2368 1001 2567 1065 ιθέλοι,
2593 1001 2784 1070 γνώτω
2809 1001 2890 1055 δτι
2914 1001 3176 1073 ὀγράψας
3201 1004 3703 1074 προφήτηςὰτοῦ
3732 1004 3862 1059 Θωῦ

2310 1116 2329 1149 ι
2369 1098 2675 1168 εἰρηκότοςο
2723 1096 3072 1168 Ποιήσωμεν
3121 1098 3432 1165 ἄνθρωπον
3477 1099 3603 1151 κατ’
3665 1100 3865 1153 διιόντι

2311 1207 2329 1239 ι
2369 1188 2657 1258 ἡμετέραν
2709 1187 2809 1241 καί
2859 1188 2988 1244 καθ’
3038 1189 3358 1258 ὁμοίωσιν),
3388 1189 3546 1252 αὐτὸς
3586 1191 3860 1262 γέγραφ’

2310 1298 2327 1328 ι
2366 1279 2475 1332 Καὶ
2500 1277 2786 1344 ἐποίησεν
2812 1278 3011 1346 eam
3033 1278 3138 1333 τὸν
3168 1279 3493 1348 ἄνθρωπον.
3525 1299 3546 1332 ι
3565 1281 3680 1334 Καὶ
3702 1298 3862 1353 μετα-

2303 1367 2404 1431 ϐὰς
2427 1367 2533 1421 άπὸ
2560 1369 2869 1440 Ναρκίσσου
2903 1370 2998 1423 ἐπὶ
3018 1370 3110 1424 τὸν
3139 1371 3430 1442 Ἀστέριον,
3450 1370 3621 1425 ταῦτα
3643 1374 3861 1444 γράφει·

2309 1475 2326 1508 t
2373 1458 2468 1510 Ἐν
2517 1459 2624 1530 7&9
2662 1455 2801 1512 εἶναι
2837 1461 2931 1513 καὶ
2974 1461 3170 1515 ταύτὸν
3217 1464 3486 1535 ’Δστέριος
3527 1463 3675 1518 κατὰ
3709 1464 3862 1518 τοῦτο

2308 1565 2326 1598 t
2368 1549 2683 1620 ἀπεφήνατο
2716 1550 2873 1621 μόνον
2909 1551 2999 1604 τὸν
3049 1552 3267 1622 Πατέρα
3302 1555 3398 1608 καὶ
3429 1555 3518 1608 τὺν
3557 1555 3704 1620 my,
3742 1555 3861 1609 καθ’

2307 1656 2325 1688 ι
2364 1638 2393 1690 ὃ
2422 1641 2480 1692 ὲν
2509 1641 2642 1692 πᾶσι
2671 1641 3068 1711 συμφωνοῦσιν.
3103 1643 3258 1697 Οὕτω
3299 1647 3408 1716 7&9
3452 1645 3586 1717 ἔφη·
3628 1648 3742 1701 Καὶ
3780 1647 3864 1702 διὰ

2307 1747 2325 1778 t
2367 1729 2466 1800 τὴν
2499 1731 2558 1783 ἐν
2586 1733 2720 1784 πᾶσι
2741 1730 2915 1801 λόγοις
2957 1750 3015 1786 τε
3045 1735 3142 1787 καὶ
3187 1734 3366 1806 ἔργοις
3404 1737 3602 1808 άκριὸἧ
3638 1754 3863 1808 συμφω-

2236 1801 2278 1858 B
2311 1837 2330 1870 ι
2366 1821 2502 1885 νίαν,
2547 1822 2691 1890 Ἐγὼ
2716 1824 2813 1877 καί
2853 1827 2886 1878 ὀ
2913 1825 3114 1893 Πατὴρ
3252 1801 3457 1896 ἐσμεν.
3479 1801 3518 1880 Is
3554 1801 3664 1884 K-al
3697 1801 3864 1883 ἐάσε-

2305 1909 2420 1964 6ίου
2453 1911 2611 1964 πάλιν
2635 1910 3164 1985 καθάπτεται.λέγων
3186 1933 3200 1946 ·
3231 1934 3250 1967 t
3287 1919 3602 1989 Ἄνθρωπον
3631 1919 3741 1991 7&9
3770 1918 3861 1973 τὸν

2311 2022 2328 2054 ι
2370 2003 2596 2075 Σωτῆρα
2633 2001 2769 2059 εἶναι
2803 2004 3066 2074 βούλεται.
3110 2008 3275 2080 Δῆλον
3303 2009 3360 2063 δὲ
3400 2012 3492 2078 ἀφ’
3520 2005 3596 2065 ὧν
3626 2013 3862 2084 πανούρ-

2309 2114 2326 2146 ι
2365 2113 2475 2164 γως
2525 2097 2593 2150 τά
2627 2097 2720 2150 τοῦ
2755 2100 3071 2155 ’Δποστόλου
3121 2102 3259 2172 ῥητὰ
3307 2103 3563 2168 Εὐσέϐιος
3611 2105 3750 2177 πρὸς
3803 2105 3862 2160 ab

2309 2205 2328 2236 ι
2366 2187 2556 2242 ἑαυτοῦ
2598 2190 2895 2260 μετήνεγκε
2937 2191 3199 2264 βούλημα.
3255 2195 3341 2259 Ὠς
3375 2195 3483 2266 7&9
3522 2199 3587 2249 ὲκ
3627 2197 3862 2263 παλαιάς

2309 2297 2327 2329 ι
2367 2295 2507 2342 τινος
2525 2279 2730 2344 ὠδῖνος,
2753 2282 3012 2353 μεγίστην
3035 2284 3340 2356 ἀποκυῆσαι
3363 2285 3680 2357 βουλόμενος
3703 2288 3863 2358 βλασο

2308 2386 2326 2418 ι
2365 2369 2593 2440 φημίαν,
2629 2370 2841 2440 ἐξέχεεν
2887 2373 2995 2426 άπὸ
3031 2374 3124 2428 τοῦ
3194 2375 3321 2428 ἰδίου
3374 2376 3671 2448 Θησαυροῦ,
3721 2379 3863 2433 κατὰ

2308 2481 2326 2513 t
2365 2463 2461 2533 τὴν
2491 2465 2584 2518 τοῦ
2631 2465 2880 2534 Σωτῆρος
2928 2467 3105 2538 ῥῆσιν,
3138 2467 3198 2521 τὸ
3239 2467 3491 2540 πονηρόν.
3540 2469 3862 2541 ’Ἄνθρωπον

2307 2569 2325 2602 t
2364 2551 2471 2624 7&9
2515 2553 2671 2624 μόνον
2711 2555 2802 2608 τὸν
2833 2555 3056 2626 Σωτῆρα
3083 2555 3250 2621 δεῖξαι
3280 2546 3615 2628 βουλόμενος,
3661 2559 3739 2622 ὡς
3771 2559 3865 2629 μέ-

2307 2660 2325 2694 t
2363 2661 2543 2711 γιστον
2582 2647 2714 2715 ἡμῖν
2761 2646 3066 2718 ἀπόρρητον
3095 2648 3188 2702 τοῦ
3231 2651 3549 2703 ’Δποστόλου
3590 2651 3861 2707 ἀνακαλύ-

2306 2752 2323 2784 t
2366 2750 2512 2786 πτων
2557 2737 2871 2808 μυστήριον,
2896 2739 3068 2803 οὕτως
3094 2739 3219 2811 ἔφη’
3252 2743 3344 2795 Διδ
3369 2745 3681 2812 σαφέστατα
3712 2744 3807 2799 καὶ
3830 2747 3861 2799 ό

2305 2845 2322 2878 ι
2362 2826 2501 2890 Θεῖος
2544 2827 2888 2892 Ἀπόστολος,
2916 2832 3014 2902 τὴν
3037 2833 3340 2904 ἀπόρρητον
3372 2837 3500 2904 ἡμῖν
3539 2838 3632 2888 καὶ
3668 2855 3861 2907 μυστι-

2304 2933 2321 2966 t
2361 2917 2461 2986 κὴν
2499 2920 3133 2990 παραδιδοὺςβεολογίαν,
3175 2924 3274 2994 βοᾷ
3297 2925 3388 2977 καὶ
3413 2925 3718 2998 κέκραγεν·
3754 2923 3861 2994 Εἷς

2304 3025 2322 3056 t
2368 3011 2400 3060 ό
2418 3010 2577 3076 Θεός.
2598 3005 2728 3064 Εἶτα
2754 3013 2890 3081 μετὰ
2908 3014 2999 3067 τὸν
3017 3014 3112 3068 ἕνα
3126 3013 3256 3068 Θεόν
3280 3032 3350 3086 φη
3359 3033 3459 3069 σιν·
3489 3014 3593 3082 Εἷς
3602 3021 3857 3088 μεσίτης

2303 3113 2322 3146 t
2363 3096 2508 3150 Θεοῦ
2531 3100 2627 3152 καὶ
2649 3101 2984 3169 ἀνθρώπων,
3011 3103 3314 3172 ἅνθρωπος
3326 3105 3560 3174 Ἰησοῦς
3578 3109 3858 3177 Χριστός.

2305 3206 2322 3238 ι
2363 3189 2423 3240 El
2463 3191 2639 3243 τοίνυν
2683 3191 2962 3264 ἄνθρωπον
3007 3194 3168 3247 αὐτὸν
3218 3193 3354 3250 εἶναι
3380 3215 3543 3269 φησι,
3612 3203 3680 3271 τῇ
3717 3201 3860 3257 κατὰ

2304 3299 2321 3330 t
2364 3281 2537 3352 σάρκα
2587 3282 2745 3335 αὐτοῦ
2803 3284 2939 3357 μόνῃ
2979 3287 3255 3356 προσέχων
3297 3289 3594 3361 οἰκονομία,
3639 3293 3858 3357 πάντως

2304 3391 2322 3422 ι
2359 3376 2574 3428 κάκεῖνο
2603 3377 2947 3446 συνομολογεϊ
2971 3379 3032 3432 τό
3063 3381 3195 3451 μηδὲ
3232 3381 3374 3452 ἔχειν
3405 3381 3593 3435 ἐλπίδα
3638 3385 3728 3436 ἐπ’
3764 3383 3859 3437 αὑ-

2301 3482 2319 3512 ι
2357 3465 2467 3517 τόν.
2505 3467 2958 3536 Ἐπικατάρατος
2983 3470 3088 3542 γὰρ
3109 3470 3431 3540 ἄνθρωπος,
3481 3476 3510 3527 ὁ
3569 3477 3859 3546 προφήτης

2303 3572 2320 3603 ι
2355 3555 2616 3626 Ἱερεμίας
2637 3558 2758 3629 ἔφη,
2788 3559 2856 3622 ὃς
2875 3560 3209 3628 τὴνὲλπίδα
3231 3563 3354 3632 ἔχει
3375 3565 3466 3617 ἐπ’
3483 3565 3851 3636 ἄνθρωπον-,ι

2306 3644 2466 3714 ὐρᾷς
2497 3647 2642 3708 ὅπως
2682 3649 2714 3715 ἡ
2763 3649 2927 3702 κακία
2964 3651 3275 3719 τυφλώττει.
3311 3652 3494 3708 Ταῦτα
3519 3655 3651 3723 γοῦν
3693 3657 3856 3720 αὐτὸς

2298 3739 2646 3808 μαρτυρήσας
2673 3738 2804 3793 Θεὸν
2845 3741 3184 3810 ὁμολογοῦντι
3222 3745 3310 3798 τὸν
3333 3745 3479 3810 Υίὸν,
3508 3748 3856 3819 μεμφόμενός

2293 3841 2353 3876 τε
2389 3829 2481 3880 ἐπὶ
2508 3829 2700 3898 τούτῳ,
2733 3831 2808 3894 ὡς
2832 3832 2960 3886 Θεὸν
2984 3835 3140 3906 οὐσίᾳ
3177 3837 3266 3888 καὶ
3307 3837 3532 3907 δυνάμει
3568 3840 3854 3907 ὑφεστῶτα

2293 3920 2383 3972 τὸν
2411 3919 2504 3972 τοῦ
2550 3921 2683 3974 Θεοῦ
2721 3924 2888 3991 Λόγον
2919 3925 3206 3993 είσάγοντι,
3247 3926 3341 3980 νῦν
3386 3929 3474 3982 τὸν
3501 3930 3663 3983 αὐτὸν
3694 3947 3853 3984 συκο-

2296 4014 2500 4078 φαντεῖ,
2534 4012 2609 4075 ὼς
2647 4012 2796 4080 ψιλὸν
2837 4014 3118 4084 ἄνθρωπον
3159 4016 3381 4085 λέγοντα
3421 4015 3558 4072 εἷναι
3596 4021 3686 4073 τὸν
3722 4024 3851 4094 Χρι-

2295 4101 2436 4166 στὸν,
2469 4103 2750 4173 προφανῶς
2778 4106 3273 4178 καταψευδόμενος,
3311 4109 3366 4162 ἐν
3413 4127 3469 4163 τε
3514 4106 3596 4176 οἷς
3640 4113 3849 4184 εἴρηκε,

2294 4192 2386 4245 καὶ
2434 4193 2489 4245 ὲν
2529 4188 2610 4257 οἷς
2654 4193 2779 4264 ἑξῆς
2829 4196 3022 4267 ἐπάγει
3059 4195 3212 4262 αὖθις
3267 4199 3395 4271 περὶ
3434 4202 3598 4254 αὑτοῦ
3647 4202 3844 4272 λέγων·

2299 4299 2318 4331 ι
2370 4282 2507 4334 Ἀλλ’
2541 4286 2570 4337 ό
2599 4286 3005 4357 προειρημένος,
3046 4288 3248 4359 βραχέα
3279 4291 3387 4342 τῶν
3433 4292 3604 4358 ἁγίων
3641 4312 3850 4365 προφηο

2299 4390 2317 4422 t
2355 4373 2461 4426 τῶν
2497 4375 2781 4442 φροντίσας
2799 4417 2813 4441 ,
2836 4377 2912 4440 ὡς
2949 4379 3253 4450 ἀπόρρητόν
3282 4398 3402 4434 τινα
3431 4383 3524 4433 καὶ
3556 4382 3846 4438 λανθάνον-

643 4460 660 4492 t
708 4442 842 4496 sitne
869 4444 1081 4499 divinus
1110 4446 1399 4515 Apostolus
1423 4449 1789 4505 absconditam
1824 4461 1876 4506 et
1905 4455 2184 4524 mysticam

2300 4481 2313 4513 t
2356 4481 2454 4518 σαν
2480 4464 2572 4518 τοῦ
2618 4467 2934 4521 ’Δποστόλου
2978 4442 3252 4538 θεολογίαν
3290 4472 3678 4544 ἐξηγούμενος·
3748 4473 3846 4545 Εἰς

643 4549 663 4583 t
711 4534 864 4588 nobis
898 4534 1218 4606 theologiam
1259 4538 1622 4606 revelaturus,
1666 4542 1862 4598 clamat
1902 4554 1957 4598 et
1995 4545 2189 4601 vocife-

643 4641 661 4674 ι
711 4635 886 4678 ratur:
908 4623 1052 4679 Unus
1089 4637 1164 4681 est
1200 4628 1337 4683 Deus
1359 4630 1425 4685 ⁸⁸.
1453 4630 1520 4684 Et
1536 4640 1813 4700 postquam
1835 4633 1998 4689 Deum
2021 4651 2184 4691 unum

643 4733 661 4765 ι
706 4729 827 4770 esse
874 4716 1325 4786 conlirmaverat,
1386 4720 1731 4776 Hediatorem
1756 4739 1968 4795 quoque
2021 4744 2182 4781 unum

643 4821 662 4856 ι
711 4803 804 4859 Dei
825 4814 977 4876 atque
1001 4809 1264 4863 hominum
1293 4812 1572 4865 constituit
1601 4813 1668 4879 ⁸⁹,
1698 4815 1967 4872 hominem
1999 4818 2181 4873 Jesunt

641 4913 661 4946 ι
705 4896 996 4953 Christum.
1061 4899 1212 4966 Quod
1272 4903 1319 4958 si
1369 4917 1497 4974 ergo
1553 4906 1820 4961 hominem
1867 4908 1986 4963 ideo
2037 4908 2181 4962 illum

641 5007 660 5040 ι
699 4989 947 5058 appellet,
982 4993 1121 5060 quod
1149 4995 1439 5064 respiceret
1457 5012 1602 5063 eam,
1638 5013 1754 5067 quae
1784 5009 1864 5056 est
1888 5002 2181 5057 secundum

641 5097 660 5131 ι
704 5094 946 5147 carnem,
977 5086 1357 5152 mconomiam,
1384 5103 1489 5143 non
1515 5098 1690 5157 potest
1727 5091 1842 5146 ﬁeri
1870 5093 1997 5162 quin
2025 5093 2182 5148 simul

640 5186 658 5218 ι
703 5171 1013 5247 proﬁteatur
1039 5171 1149 5240 ille,
1177 5187 1325 5243 spem
1365 5189 1424 5230 se
1466 5176 1663 5231 nullam
1695 5179 1748 5232 in
1778 5193 1843 5234 eo
1875 5181 2161 5236 collocare.

705 5279 896 5356 ξφα.
927 5279 1292 5356 Paris.,pag.,
1323 5285 1411 5356 28.

699 5349 744 5380 "
771 5347 924 5404 Joan.
958 5365 1088 5418 xvtt,
1114 5347 1178 5408 "5'.
1215 5347 1317 5388 ⁷⁸⁸·
1352 5354 1484 5412 Gen.
1512 5372 1554 5421 l,
1581 5358 1671 5412 26.
1737 5359 1782 5392 "
1808 5359 1962 5416 Joan.
1986 5377 2044 5427 ι,
2075 5362 2162 5417 50.

703 5460 813 5542 με)
848 5461 1026 5542 Vulgo.
1048 5466 1270 5542 ἐκεῖνος,
1291 5470 1402 5542 _ed.
1439 5487 1494 5540 p.
1533 5474 1584 5527 iu
1618 5489 1760 5528 corr.
1803 5480 2009 5542 ἐκεῖνος
2049 5496 2172 5534 mox

703 5480 813 5528 tu)
859 5480 1019 5586 Vllth
1048 5480 1270 5534 εκεινος,
1314 5480 1402 5524 ed.
1439 5487 1494 5540 p.
1533 5480 1584 5527 iu
1618 5489 1760 5528 corr.
1803 5480 2009 5542 ἐκεῖνος
2049 5496 2170 5534 mox

629 5529 940 5621 vulgarium
961 5535 1054 5621 τίς
1075 5553 1107 5621 ξ.
1122 5537 1245 5592 dein
1288 5536 1395 5621 μρ.
1422 5557 1513 5621 γρ.
1546 5542 1731 5597 τούτου
1762 5545 1900 5621 (loco
1932 5549 2170 5621 ⁸τοιξτων,

630 5603 1044 5688 etiugra‘a't’nou
1071 5606 1215 5688 (loco
1243 5603 1475 5688 αὐεῶνῖξ
1500 5627 1688 5688 _porro
1715 5603 1876 5688 vulgo
1895 5687 1901 5688 ί
1919 5617 2086 5688 γβούλη

628 5636 1475 5742 ἕρδ”ῥᾉέλῖίιένᾍᾙνῗῖἓῗέί
1498 5636 2182 5758 ωνῗὲἷιυοιῖἕᾟῗάἶῗίέῖιὲῗῆ

2302 4571 2320 4602 t
2356 4552 2517 4619 Θεὸς,
2552 4554 2675 4626 ἔφη,
2695 4551 2783 4622 εἷς
2813 4559 2912 4611 καί
2933 4561 3184 4627 μεσίτης
3209 4562 3355 4616 Θεοῦ
3375 4563 3473 4616 καὶ
3504 4565 3844 4632 ἀνθρώπων,

2297 4660 2316 4692 ι
2343 4637 2644 4712 ἄνθρωπος
2660 4647 2894 4713 Ἰησοῦς
2910 4652 3178 4718 Χριστός.
3203 4671 3222 4703 s
3241 4653 3348 4706 Καὶ
3361 4655 3389 4707 ό
3403 4653 3576 4707 ταῦτα
3609 4657 3843 4726 γράψας,

2291 4733 2380 4785 xal.
2414 4734 2613 4805 σφόδρα
2645 4737 2734 4789 ἐπὶ
2785 4737 2862 4807 τῷ
2917 4741 3215 4811 μεμνῆσθαι
3258 4742 3364 4796 τῶν
3398 4743 3624 4814 Γραφῶν
3681 4763 3846 4816 μεγα-

2288 4821 2516 4893 λαυχῶν,
2550 4828 2648 4878 οὐκ
2680 4827 2977 4899 ἐνενόησεν,
3007 4831 3087 4884 ὅτι
3117 4833 3150 4883 ό
3177 4831 3334 4886 τοῦτο
3364 4834 3578 4904 γράψας
3604 4835 3842 4904 άγιὼταὸ

2287 4930 2377 4977 τος
2416 4917 2729 4982 ’Λπόστολος
2776 4920 2868 4973 καὶ
2902 4922 3072 4975 ἐκεῖνο
3105 4923 3216 4993 (28)
3262 4925 3565 4996 γέγραφεν·
3627 4930 3728 4994 Ὃς
3777 4928 3844 4981 ἐν

2281 5005 2479 5074 μορφῇ
2508 5008 2654 5061 Θεοῦ
2679 5010 2978 5080 ὑπάρχων,
3008 5016 3119 5083 οὐχ
3147 5015 3457 5086 ἁρπαγμὸν
3478 5018 3751 5088 ἡγήσατο
3779 5020 3842 5074 τὸ

2285 5095 2434 5148 εἶναι
2481 5098 2584 5152 ἶσα
2631 5098 2774 5165 Θεῷ,
2817 5101 2950 5154 ἀλλ’
2989 5103 3284 5158 ἐκένωσεν
3312 5105 3528 5162 ἑαυτὸν
3545 5149 3560 5170 ,
3600 5109 3840 5178 μορφὴν

2269 5183 2490 5241 δούλου
2532 5190 2752 5256 λαϐὼν,
2781 5191 2850 5244 ἐν
2887 5191 3198 5263 ὁμοιώματι
3241 5199 3554 5268 ἀνθρώπου
3596 5204 3836 5272 γενόμε-

2241 5363 2284 5397 ¹³
2312 5364 2328 5418 1
2362 5365 2499 5423 Tim.
2533 5385 2592 5435 tt,
2619 5370 2671 5425 5.
2747 5372 2791 5405 "
2817 5373 2942 5430 ibid.

2273 5493 2325 5537 et
2343 5480 2543 5568 _ei’9p.ov
2567 5498 2631 5568 et.
2645 5489 2752 5568 τῷν
2778 5491 3035 5568 ῥημάτων
3088 5499 3206 5568 loco
3234 5499 3532 5568 ῥηματίων
3564 5513 3621 5557 et
3658 5498 3742 5568 εἷς
3783 5503 3838 5558 δδ

2273 5557 2462 5645 falis.
2483 5569 2537 5645 et
2565 5559 2632 5611 δι’
2661 5557 2916 5645 αὐτοῦἐε
2953 5563 3051 5628 τὰς
3083 5566 3141 5620 ὲν
3185 5557 3337 5639 αὐτῆ
3374 5581 3428 5626 et
3467 5557 3839 5645 πεποιημέναξ

2236 5638 2238 5640 '
2272 5621 2308 5676 ἃ
2330 5624 2384 5678 δὲ
2397 5621 2551 5681 ’κατὰ
2576 5646 2633 5682 π.
2661 5631 2860 5701 τρόπον
2887 5631 2933 5687 δ.
