4070 6304
162 371 272 427 173

1269 360 1552 417 CONTRA
1595 357 2019 415 MARCELLI]!
2060 359 2188 413 LIB.
2232 361 2274 416 1.

3299 367 3410 419 ‘1‘

156 504 276 555 νος
323 487 417 541 καί
465 486 725 555 σχήματι
768 481 1027 550 εὑρεθείς
1076 482 1155 546 ὡς
1200 480 1527 547 ἅνθρωπος.
1576 477 1728 546 Ὁρᾷς

1840 494 1858 526 ι
1909 475 2149 544 Namque
2214 477 2522 531 maledictus
2585 476 2777 541 homo,
2820 476 3087 533 Jeremias
3145 479 3405 547 propheta

157 581 338 643 ὅπως,
363 578 551 650 ὥσπερ
577 574 807 647 προϊδὼν
852 573 932 643 τῷ
975 571 1243 642 πνεύματι
1270 571 1369 638 τὴν
1394 585 1597 622 τουτων
1631 585 1729 620 κα-

156 669 432 742 κουργίαν
471 670 500 721 ό
534 666 673 736 ἱερὸς
714 662 1051 725 Ἀπόστολος,
1079 660 1251 723 οὕτως
1286 662 1345 713 ιν
1372 656 1542 729 ἑτέρῳ
1578 658 1731 728 μέρει

154 761 249 826 τὸ,
271 761 352 827 ὡς
374 758 703 824 ἄνθρωπος,
728 753 951 825 ἔγραψε,
973 753 1066 806 καὶ
1087 751 1157 804 ἐν
1179 748 1492 818 ὁμοιώματι
1513 747 1734 813 ἀνθρώ-

154 864 286 903 που
334 848 669 916 γενόμενος,
720 843 805 897 ἵνα
850 842 1031 913 παύση
1079 840 1258 893 αὐτῶν
1312 840 1413 908 τὴν
1464 837 1732 906 τοσαύτην

157 936 532 1007 βλασφημίαν.
572 935 680 987 Καὶ
720 933 838 1003 μεθ’
867 933 1029 1003 ἕτερα
1058 930 1151 984 τὸν
1197 929 1360 983 αὐτόν
1409 932 1733 997 συκοφαντεῖ

154 1022 268 1081 ὧδέ
301 1042 415 1088 πως
437 1042 450 1055 ·
490 1044 509 1075 ι
543 1024 665 1086 Πῶς
692 1020 784 1076 οὖν
816 1023 1024 1083 τούτοις
1059 1021 1132 1091 μὴ
1168 1018 1419 1091 προσχὼν
1452 1018 1728 1082 Εὐσέϐιος,

164 1136 185 1168 ι
234 1116 395 1187 μόνον
420 1114 701 1185 ἄνθρωπον
728 1113 817 1165 τὸν
854 1112 1077 1181 Σωτῆρα
1101 1104 1241 1164 εἶναι
1270 1109 1549 1179 βούλεται;
1584 1128 1603 1161 ι
1655 1110 1730 1162 Οὐ

156 1205 415 1276 φανερῶς
454 1205 551 1275 μὲν
580 1204 738 1257 τοῦτο
764 1203 942 1270 λέγειν
965 1200 1199 1271 τολμῶν,
1246 1199 1404 1253 τοῦτο
1446 1200 1504 1253 δὲ
1550 1199 1731 1270 βουλό-

159 1312 326 1365 μενος
356 1292 459 1347 ὑπὸ
485 1293 591 1345 τῶν
624 1292 768 1345 ίδίων
791 1292 1070 1360 ὲλέγχεται
1099 1288 1326 1359 ῥήσεων.
1365 1288 1475 1341 Καὶ
1501 1290 1529 1341 ό
1562 1288 1731 1341 ταῦτα

156 1385 333 1438 εἰπὼν
357 1385 445 1437 τὸν
474 1383 631 1436 αὐτὸν
654 1381 1052 1451 κατεμέμφετο,
1082 1380 1157 1443 ὡς
1180 1379 1313 1433 Θεὸν
1330 1378 1731 1449 ἀναγορεύοντα

156 1478 257 1531 τὸν
282 1478 428 1540 Υίὸν,
464 1476 688 1547 γράφων
740 1471 880 1526 οὕτω
898 1488 911 1502 ·
954 1472 1155 1525 Διελεῐν
1184 1471 1292 1543 γὰρ
1321 1472 1413 1524 τὸν
1437 1471 1607 1539 Λόγον
1634 1469 1727 1523 τοῦ

156 1568 300 1621 Θεοῦ
326 1568 619 1638 τολμήσας,
661 1565 753 1618 καὶ
790 1563 974 1634 ἓτερον
1000 1563 1132 1615 Θεὸν
1167 1561 1260 1615 τὸν
1304 1560 1478 1629 Λόγον
1526 1560 1725 1629 ὀνομά-

161 1679 288 1727 σας,
326 1660 480 1731 οὐσίᾳ
510 1676 568 1711 τε
603 1660 694 1711 καὶ
725 1655 949 1726 δυνάμει
976 1653 1236 1708 διεστῶτα
1266 1653 1360 1705 τοῦ
1389 1652 1620 1722 Πατρὸς,
1647 1652 1727 1713 είς

157 1756 297 1824 ὅσην
326 1749 669 1823 βλασφημίαν
700 1747 1051 1801 ἐκπέπτωκεν
1074 1760 1089 1811 ;

1841 587 1858 617 ι
1907 568 2074 631 ait",
2123 571 2212 638 qui
2260 572 2313 622 in
2366 571 2573 624 homine
2621 570 2956 625 eollocanerit
2992 586 3134 641 spem
3167 588 3338 627 suam.
3382 592 3403 626 ι

1843 657 2002 715 Vides
2028 668 2087 712 ut
2107 661 2347 714 obcaecat
2372 662 2614 715 homines
2637 661 2866 717 malitia.
2888 660 3022 715 Nam
3044 662 3134 732 qui
3165 666 3408 718 testiino-

1838 751 1984 801 nium
2020 748 2124 803 tale
2157 749 2505 818 perhibuerat
2531 749 2698 804 Deum
2736 748 2934 805 Filium
2961 752 3280 808 conﬁtenti:
3315 757 3406 820 qui

1838 839 2263 908 reprehenderat
2297 854 2419 893 eum
2468 855 2496 892 a
2544 855 2652 908 quo
2703 840 2792 895 Dei
2844 840 3079 897 Verbum
3118 843 3258 897 Dens
3289 855 3410 899 esse

1841 929 2122 985 dicebatur
2138 932 2444 984 substantia
2475 933 2775 985 subsistens
2803 942 2856 986 et
2874 933 3149 1003 potentia;
3180 934 3244 994 is.
3266 933 3406 987 idem

1838 1034 2006 1085 nunc,
2029 1019 2279 1074 eumdem
2318 1020 2439 1077 ideo
2469 1033 2713 1089 accusat,
2741 1022 2895 1090 quasi
2937 1022 3027 1091 qui
3057 1026 3256 1077 nudum
3284 1040 3409 1079 esse

1838 1108 2112 1163 hominem
2158 1109 2436 1165 Christum
2467 1113 2681 1167 dixerat
2709 1129 2724 1166 :
2754 1112 3097 1181 apertissime
3124 1115 3405 1178 mentitus,

1839 1209 1949 1253 tum
1984 1200 2037 1253 in
2068 1200 2187 1256 istis
2223 1202 2294 1256 ita
2327 1202 2540 1270 positis,
2575 1213 2687 1256 tum
2728 1204 2781 1256 in
2824 1202 2930 1257 illis
2978 1218 3099 1271 qua:
3151 1206 3409 1274 deinceps

1837 1290 2077 1344 annectit
2110 1290 2401 1363 dicens[ll.
2430 1291 2583 1364 XC]:
2614 1291 2846 1346 «Verum
2878 1307 3041 1363 supra
3074 1294 3406 1359 nominatus,

1842 1396 1860 1429 s
1881 1394 2004 1435 cum
2025 1394 2129 1435 non
2146 1382 2324 1451 magni
2347 1380 2548 1437 laceret
2565 1384 2936 1438 sanctissimos
2952 1384 3267 1453 prophetas,
3290 1396 3411 1439 tau-

1840 1489 1860 1522 s
1889 1486 2048 1541 quam
2066 1472 2156 1541 qui
2181 1462 2549 1527 absconditam
2580 1474 2725 1528 illam
2744 1484 2797 1529 et
2818 1463 3144 1530 ineh‘abilem
3162 1476 3408 1544 Apostoli

1841 1578 1860 1613 ι
1896 1561 2215 1629 theologiam
2244 1563 2716 1632 interpretaretur,
2735 1563 2907 1631 Unus,
2929 1566 3123 1637 inquit,
3147 1567 3289 1623 Deus
3306 1579 3405 1633 est,

1839 1670 1858 1703 ι
1892 1667 2028 1705 unus
2057 1651 2320 1722 Deiatque
2336 1654 2600 1708 hominum
2629 1658 2890 1711 mediator
2915 1660 3068 1712 homo
3086 1657 3121 1712 J
3126 1674 3244 1714 esus
3262 1658 3409 1713 Chri-

1756 1737 1801 1792 B
1832 1760 1851 1793 ι
1887 1744 2080 1797 stus“.
2105 1761 2125 1795 ι
2150 1743 2342 1809 ζώεις
2360 1747 2450 1815 qui
2470 1747 2709 1816 scripsit,
2728 1759 2783 1803 et
2804 1749 3154 1805 vehementer
3168 1750 3270 1805 sibi
3298 1750 3407 1820 ipsi

158 1844 384 1912 placuit,
402 1842 553 1910 quasi
573 1840 884 1909 Scripturas
904 1849 1091 1890 omnes
1108 1834 1365 1889 memoria
1389 1842 1598 1898 tenens,
1626 1846 1964 1902 nequaquam
1997 1843 2176 1889 tamen
2199 1837 2478 1905 cogitavit,
2498 1840 2745 1893 eumdem
2768 1839 2860 1907 qui
2894 1840 2997 1895 hoc
3020 1840 3241 1909 scripsit
3265 1840 3407 1896 divi-

159 1951 293 1988 num
324 1933 659 2002 Apostolum,
688 1941 743 1985 et
776 1928 907 1983 illud
938 1928 989 1981 in
1014 1926 1219 1994 scripta
1250 1925 1497 1981 retulisse
1527 1943 1541 1978 :
1572 1926 1817 1989 Quicum
1847 1926 1901 1979 in
1928 1926 2099 1994 forma
2132 1926 2227 1981 Dei
2254 1928 2548 1995 exsisteret,
2579 1945 2679 1983 non
2708 1929 2998 1983 arbitratus
3036 1942 3110 1984 est
3143 1932 3403 1997 rapinam.

156 2046 271 2083 esse
295 2026 543 2095 aqualem
572 2024 698 2085 Deo,
715 2023 801 2075 sed
820 2020 1103 2076 exinanivit
1128 2018 1456 2085 semetipsum
1476 2028 1744 2085 assumpta
1767 2020 1901 2071 servi
1920 2018 2180 2085 forma,in
2204 2020 2603 2074 similitudinem
2619 2022 2846 2075 hominis
2868 2024 3140 2086 exsistens,
3157 2034 3203 2076 et
3224 2022 3405 2092 ﬁgura

158 2127 394 2186 repertus
418 2125 667 2184 tanquam
696 2112 845 2166 homo
864 2112 932 2165 “.
960 2108 1123 2164 Vides
1152 2118 1208 2163 ut
1229 2117 1449 2163 sanctus
1470 2108 1557 2162 hic
1586 2109 1891 2177 Apostolus,
1924 2110 2088 2165 veluti
2116 2112 2206 2180 qui
2230 2112 2423 2181 spiritu
2456 2112 2685 2166 istorum
2713 2112 3117 2183 improbitatem
3150 2114 3403 2184 provide-

159 2217 268 2270 ret,
289 2206 435 2269 alibi,
468 2213 629 2273 atque
657 2202 761 2256 alia
780 2205 830 2255 in
861 2211 1012 2271 parte
1038 2201 1111 2254 ita
1144 2200 1402 2269 scriptum
1429 2199 1661 2268 reliquit,
1695 2210 1942 2271 tanquam
1964 2202 2140 2269 homo,
2160 2214 2214 2258 et
2235 2205 2288 2258 in
2321 2204 2719 2257 similitudinem
2738 2205 2965 2258 hominis
2990 2207 3273 2267 exsistens,
3292 2219 3402 2274 quo

160 2309 375 2355 tantam
404 2301 597 2355 horum
644 2297 1030 2364 blasphemiam
1070 2310 1417 2367 compescere
1466 2306 1666 2363 posset.
1715 2294 1845 2351 Post
1896 2298 1999 2350 alia
2040 2300 2289 2353 eumdem
2327 2299 2691 2354 calumniatur
2742 2300 2847 2354 isto
2891 2301 3050 2354 modo
3088 2298 3178 2371 [Β.
3213 2297 3349 2370 XCI]
3382 2315 3398 2353 :

163 2413 182 2446 s
230 2395 513 2462 Quomodo
540 2394 700 2463 igitur
731 2391 953 2453 factum,
986 2398 1043 2444 ut
1072 2391 1332 2445 Eusebius
1367 2405 1486 2445 cum
1522 2392 1587 2444 ad
1617 2394 1715 2444 ista
1750 2407 1855 2447 non
1894 2396 2217 2460 attenderet,
2260 2394 2608 2449 Servatorem
2639 2402 2884 2447 nostrum
2916 2392 3090 2447 solum
3124 2393 3397 2447 hominem

162 2509 182 2541 ι
233 2499 452 2545 exstare
484 2487 857 2544 contendat?»
891 2485 1005 2540 Non
1043 2486 1145 2539 hoc
1170 2485 1387 2553 quidem
1418 2500 1583 2539 ausus
1626 2496 1709 2539 est
1746 2498 1931 2553 aperte
1993 2486 2239 2556 profari:
2301 2498 2357 2543 at
2403 2489 2504 2542 hoc
2569 2487 2808 2543 voluisse
2852 2489 3133 2543 convictus
3186 2479 3400 2543 tenetur

159 2587 278 2639 suis
330 2584 496 2655 ipsius
556 2583 753 2637 verbis.
806 2580 867 2633 Et
914 2579 1287 2643 nihilominus,
1345 2580 1435 2646 qui
1472 2580 1553 2634 sic
1591 2596 1711 2633 eum
1753 2593 1994 2646 accusat,
2026 2583 2371 2651 reprehendit
2422 2582 2575 2640 illum
2602 2595 2839 2651 quoque,
2882 2583 3024 2651 quod
3053 2580 3247 2636 Filium
3275 2596 3402 2637 esse

161 2676 333 2730 Deum
358 2682 666 2728 asseveret:
697 2671 937 2725 dividere
967 2668 1181 2737 quidem
1214 2668 1306 2721 Dei
1339 2668 1576 2722 Verbum
1616 2685 1798 2734 ausus,
1857 2682 1911 2726 et
1952 2672 2185 2726 Verbum
2252 2672 2417 2727 Deum
2483 2672 2714 2728 alterum
2773 2672 3077 2739 nominans,
3145 2672 3398 2728 substan-

163 2771 237 2823 tia
267 2779 322 2822 et
350 2766 586 2835 potentia
619 2781 647 2817 a
687 2762 847 2817 Patre
886 2760 1244 2827 diil’erentem,
1279 2762 1331 2814 in
1367 2772 1624 2831 quantam
1660 2764 1848 2818 incidit
1875 2765 2311 2834 blasphemiam?

234 2858 485 2911 Τοσαῦτα
528 2856 619 2909 καὶ
661 2854 862 2907 τούτων
893 2853 971 2905 έτι
1007 2852 1201 2924 μακρῷ
1222 2853 1439 2906 πλείονα
1473 2856 1532 2906 οὐ
1587 2856 1725 2909 κατά

1895 2858 2066 2911 Totet
2086 2858 2231 2920 talia,
2254 2866 2308 2911 et
2333 2857 2487 2927 longe
2514 2857 2691 2911 adhuc
2715 2855 2868 2926 plura
2900 2871 3004 2912 non
3040 2856 3092 2911 in
3118 2857 3261 2913 solos
3280 2858 3397 2929 epi-

166 2952 345 3022 μόνων
392 2948 499 3002 τῶν
552 2946 881 3008 ἐπισκόπων,
928 2943 1060 2997 ἀλλὰ
1094 2944 1361 2997 καὶκατὰ
1404 2946 1501 3013 τῆς
1547 2946 1728 3013 ὑγιοῦς

1832 2965 2024 3019 scapos
2058 2966 2182 3005 cum
2222 2950 2454 3003 eﬂutivit
2497 2950 2805 3013 Marcellus,
2840 2951 2935 3005 sed
2970 2950 3022 3003 in
3063 2950 3235 3019 ipsam
3257 2966 3396 3021 quo-

162 3044 259 3095 atat
287 3039 735 3110 ἑκκλησιαστικῆς
763 3038 995 3101 πίστεως
1048 3036 1341 3105 ἐκθέμενος
1391 3036 1727 3107 Μάρκελλος,

159 3132 318 3203 δῆλος
341 3131 407 3201 ἂν
434 3131 520 3200 εἴη
549 3130 736 3192 ὁποίας
760 3129 919 3192 αὐτὸς
946 3128 1154 3199 ὑπῆρχε
1184 3127 1569 3198 προαιρέσεως.
1608 3128 1731 3181 Ὅτι

161 3224 205 3277 δ’
242 3225 392 3278 οὐδὲν
418 3224 517 3293 τῆς
545 3222 798 3293 ἀληθείας
834 3221 991 3290 ἔμελε
1014 3220 1090 3289 τῷ
1121 3220 1292 3290 ἀνδρὶ,
1326 3220 1515 3289 μάθοις
1546 3220 1610 3274 ἂν
1638 3221 1729 3274 αύ-

160 3319 283 3379 ταῖς
313 3314 546 3385 ἐντυχὼν
578 3316 693 3376 ταῖς
728 3312 833 3364 τῶν
862 3312 1174 3365 ἐπισκόπων
1203 3311 1532 3377 ἐπιστολαῖς,
1564 3314 1620 3363 ὲν
1641 3307 1729 3374 αἷς

164 3411 415 3480 εὑρήσεις
442 3409 602 3461 αὑτὸν
628 3409 687 3458 τὸ
728 3406 824 3475 μὲν
863 3406 968 3457 πᾶν
1010 3403 1169 3473 σῶμα
1202 3403 1303 3471 τῆς
1343 3401 1579 3465 διανοίας
1624 3404 1731 3457 τῶν

162 3500 361 3564 λέξεων
389 3494 865 3569 ἀκρωτηριάζοντα
886 3512 897 3523 ·
955 3496 1047 3547 καὶ
1076 3495 1166 3547 τὸν
1208 3494 1307 3563 μὲν
1336 3494 1511 3546 πάντα
1544 3494 1731 3563 εἱρμὸν

164 3590 602 3661 ἀποκρύπτοντα,
652 3588 932 3659 ῥηματίων
961 3586 1016 3639 δὲ
1053 3585 1603 3657 ἀντιλαμϐανόμενον,
1636 3586 1731 3637 καὶ⁵

162 3682 368 3735 τούτων
390 3680 707 3751 κακούργως
744 3679 1057 3749 ποιούμενον
1094 3678 1190 3747 τὴν
1211 3676 1483 3745 διαϐολήν.
1525 3676 1731 3729 Αὐτίκα

163 3773 295 3843 γοῦν
326 3774 649 3840 συκοφαντεί
670 3770 759 3823 τὸν
794 3769 1047 3823 Εὑσέϐιον
1078 3770 1141 3821 ὲκ
1175 3767 1267 3821 τοῦ
1298 3766 1625 3838 προφανοῦς,
1656 3766 1731 3829 ὡς

163 3865 317 3934 ψιλὸν
346 3862 627 3933 ἄνθρωπον
668 3861 759 3913 τὸν
788 3859 1020 3930 Χριστὸν
1053 3860 1337 3929 είρηκότα’
1392 3856 1578 3926 ἐπειδὴ
1634 3856 1731 3925 τῆς

164 3955 522 4023 ἀποστολικῆς
545 3952 725 4021 φωνῆς
754 3954 810 4003 ὲν
836 3954 903 4021 τῇ
934 3949 1122 4003 ἑαυτοῦ
1150 3948 1403 4017 ἐπιστολῇ
1436 3947 1529 4016 τὴν
1551 3945 1729 4016 παρά-

165 4048 312 4101 θεσιν
345 4046 652 4113 πεποίηται,
706 4044 773 4096 δι’
816 4038 881 4111 ἧς
926 4042 1085 4105 αὐτὸς
1136 4038 1285 4093 εἶπεν
1327 4042 1355 4092 ό
1380 4038 1726 4101 Ἀπόστολος·

165 4135 272 4204 Εἲς
297 4137 404 4207 γὰρ
427 4140 459 4192 ό
497 4138 659 4201 Dedi,"
693 4129 779 4199 εἵς
815 4134 883 4186 δὲ
916 4132 1015 4186 καὶ
1046 4133 1297 4201 μεσίτης
1325 4131 1470 4184 Θεοῦ
1502 4129 1601 4182 καὶ
1626 4129 1729 4182 ἁν-

1829 3057 1933 3109 que
1948 3055 2133 3096 sanam
2160 3050 2214 3094 et
2240 3040 2665 3095 ecclesiasticam
2694 3038 2875 3103 ﬁdem,
2898 3038 3193 3095 manifeste
3216 3040 3395 3096 decla-

1830 3142 1916 3187 rat
1942 3147 2051 3202 quo
2076 3132 2260 3185 animo
2292 3131 2547 3200 praeditus
2573 3139 2628 3184 et
2657 3129 2935 3184 voluntate
2957 3129 3155 3186 fuerat.
3182 3128 3395 3188 Nullam

1834 3239 1959 3279 vero
1991 3240 2176 3278 curam
2216 3223 2291 3276 illi
2334 3222 2581 3277 veritatis
2620 3220 2789 3277 fuisse
2830 3222 3041 3278 discere
3088 3226 3315 3293 poteris,
3348 3226 3397 3281 si

1832 3318 1883 3369 in
1910 3316 2055 3385 ipsas
2086 3314 2374 3384 aliquando
2402 3315 2782 3383 episcoporum
2806 3314 3063 3382 epistolas
3091 3314 3350 3371 incideris
3374 3334 3389 3371 ι

1830 3407 2074 3462 invenies
2102 3406 2305 3461 etenim
2348 3404 2521 3468 illum,
2566 3418 2765 3472 corpus
2818 3406 3152 3474 universum,
3201 3424 3396 3466 sensus

1829 3509 1883 3552 et
1910 3498 2193 3552 sententiae
2231 3511 2421 3550 earum
2467 3495 2809 3551 delumbasse
2860 3498 3079 3561 seriem,
3121 3500 3393 3555 dictorum

1830 3591 1935 3642 vim
1966 3588 2309 3643 occultasse:
2334 3587 2496 3641 verba
2533 3588 2854 3656 arripuisse.
2895 3600 2949 3643 et
2993 3601 3213 3660 arrepta
3250 3593 3396 3650 satis

1832 3680 2074 3748 improbe
2112 3679 2498 3733 calumniasse.
2540 3677 2832 3733 Eusebium
2872 3693 3059 3751 aperte
3106 3684 3394 3742 calumniis

1830 3765 2061 3834 impetit,
2088 3766 2242 3835 quasi
2267 3767 2472 3820 diceret
2504 3766 2776 3821 Christum
2824 3782 2943 3825 esse
2975 3774 3176 3827 nudum
3211 3775 3391 3829 homi-

1830 3872 1975 3920 nem,
2008 3859 2129 3911 ideo
2160 3858 2390 3927 qttod'in
2427 3859 2657 3928 epistola
2689 3875 2785 3915 sua
2816 3862 3139 3916 sententiam
3172 3875 3393 3933 aposto-

1830 3950 1987 4004 licam
2016 3960 2323 4017 usurparat,
2364 3964 2524 4019 quam
2574 3952 2655 4005 sic
2686 3953 2862 4020 posuit
2888 3953 3179 4023 Apostolus
3202 3973 3217 4009 :
3240 3954 3391 4012 (Inus

1828 4041 2011 4097 etenim
2039 4040 2179 4095 Deus
2202 4052 2316 4094 est:
2346 4058 2480 4094 unus
2509 4043 2767 4097 mediator
2791 4042 2889 4097 Dei
2920 4055 3075 4114 atque
3096 4047 3389 4117 hominum,

1830 4133 1980 4185 homo
2002 4132 2156 4186 Iesus
2181 4132 2421 4187 Christus
2448 4133 2513 4186 “.
2542 4132 2655 4189 Hoc
2686 4133 2906 4189 eﬂatum
2942 4137 3142 4193 idcirco
3175 4150 3392 4209 aposto-

165 4229 429 4296 θρώπων,
445 4227 742 4295 ἄνθρωπος
763 4223 1001 4292 Ἰησοῦς
1016 4219 1503 4289 Χριστός.Ταύτην
1527 4221 1623 4289 μὲν
1638 4214 1728 4272 οὖν

1831 4223 2013 4288 licum,
2050 4233 2302 4292 tanquam
2335 4224 2699 4280 Eusebianum
2729 4238 2990 4282 accusat:
3030 4244 3129 4284 nec
3157 4232 3401 4287 advertit

164 4320 265 4389 τὴν
304 4318 661 4388 ἀτωστολικὴν
690 4314 855 4380 λέξιν,
888 4314 1087 4367 ὡσανεὶ
1107 4311 1365 4365 Εύσεϐίου
1394 4306 1579 4375 οὖσαν,
1615 4311 1727 4363 δια-

167 4411 417 4480 ϐέϐληκε·
457 4411 531 4480 μὴ
559 4410 758 4471 συνιεὶς
785 4410 813 4462 ὁ
840 4406 1164 4477 σοφώτατος,
1194 4406 1273 4459 ὅτι
1305 4405 1393 4457 τὸν
1412 4404 1728 4458 Ἀπόστολον

168 4501 435 4565 διέϐαλλε,
460 4501 556 4565 τὰς
578 4500 634 4553 δὲ
665 4498 828 4553 αὑτοῦ
858 4498 1059 4567 φωνὰς,
1091 4497 1189 4560 τὰς
1209 4500 1266 4550 ὲν
1298 4498 1364 4567 τῇ
1393 4496 1529 4565 αὐτῇ
1566 4511 1728 4565 φερο-

172 4592 339 4663 μένας
386 4592 661 4663 δπιστολῇ,
690 4590 787 4654 τάς
817 4606 874 4643 τε
911 4591 967 4642 ὲν
1012 4591 1123 4650 τοῖς
1155 4588 1358 4651 λοιποῖς
1398 4587 1559 4640 αὑτοῦ
1606 4604 1731 4655 συγ-

170 4686 475 4756 γράμμασι,
500 4688 612 4748 τοῖς
632 4686 710 4747 εἰς
729 4683 825 4746 τὰς
854 4683 1002 4746 Θείας
1026 4682 1245 4752 Γραφάς
1278 4680 1672 4749 πεπονημένοις
1694 4678 1730 4732 ἃ

168 4774 231 4845 δὴ
253 4772 394 4826 κατά
421 4773 593 4826 πάντα
623 4772 782 4825 τόπον
800 4770 1113 4835 διαδίδοται,
1137 4770 1313 4839 σιωπῇ
1351 4767 1695 4838 παραδέδωκε
1713 4785 1727 4798 ο

171 4865 383 4936 κρὺιιας
410 4868 473 4935 τῇ
500 4867 675 4935 σιωπῇ
702 4863 739 4917 ἃ
764 4864 838 4935 μὴ
874 4863 985 4934 (29)
1032 4862 1407 4931 συκοφαντεῖν.
1441 4859 1525 4943 Τὸ.
1544 4860 1725 4929 ὅμοιον

170 4956 214 5011 δ’
257 4956 322 5009 ἂν
353 4954 498 5027 εὖροι
519 4971 600 5017 τις
626 4954 786 5007 αὐτὸν
832 4953 1166 5023 πεποιηκότα
1200 4952 1293 5005 καὶ¹
1344 4950 1569 5003 ἐπὶτῶν
1615 4949 1725 5002 λοι-

172 5046 312 5113 πῶν,
346 5038 419 5100 ὧν
445 5043 759 5114 διαϐέϐληκε
802 5045 1140 5115 γραμμάτων
1160 5060 1171 5072 ·
1223 5042 1258 5095 ἃ
1294 5041 1379 5110 δὴ,
1411 5040 1569 5108 λόγου
1594 5057 1727 5110 συμ-

177 5138 370 5209 μετρίᾳ
398 5136 715 5207 φειδόμενοι,
740 5138 849 5197 τοῖς
876 5134 1114 5187 ἐθέλουσι
1159 5134 1254 5204 τὴν
1288 5131 1489 5185 τούτων
1524 5131 1723 5201 ἀκριϐῆ

176 5227 441 5281 ποιεῖσθαι
504 5225 792 5294 διάγνωσιν
847 5223 1332 5293 παραχωρήσομεν,
1409 5218 1724 5281 σπεύδοντες

174 5319 324 5372 αὐτοὶ
347 5317 442 5389 τὴν
479 5318 647 5388 αὐτὴν
689 5314 1002 5387 Μαρκέλλω
1038 5316 1162 5384 περὶ
1180 5312 1272 5366 τοῦ
1296 5311 1423 5364 Υίοῦ
1457 5310 1550 5363 τοῦ
1589 5308 1721 5363 Θεοῦ

177 5409 497 5478 ξενοφωνίαν
518 5409 619 5479 ήδη
646 5408 827 5461 λοιπὸν
875 5404 1235 5473 ἀποκαλύψαι,
1266 5404 1341 5466 ὡς
1387 5402 1452 5455 ἂν
1498 5402 1726 5471 φανερὶν

1831 4317 1914 4367 vir
1942 4316 2196 4384 prudens,
2232 4316 2549 4384 Apostolum
2590 4318 2657 4372 ab
2690 4332 2755 4374 eo
2791 4329 3125 4383 accusatum,
3170 4333 3391 4391 propter

1833 4405 1932 4459 has
1961 4419 2123 4461 voces
2156 4407 2361 4475 positas
2399 4407 2451 4459 in
2487 4408 2711 4476 epistola
2740 4408 2850 4475 illa,
2880 4420 2935 4463 et
2970 4410 3099 4466 alibi
3131 4416 3185 4466 in
3218 4413 3393 4483 Operi-

1834 4494 1933 4547 bus
1962 4492 2199 4560 ejusdem
2230 4493 2370 4559 aliis,
2401 4509 2523 4563 quae
2546 4496 2599 4549 in
2636 4511 2819 4551 sacras
2849 4497 3160 4567 Scripturas
3190 4516 3390 4556 exara-

1834 4584 1949 4649 vit;
1977 4599 2097 4654 qua:
2134 4586 2335 4655 ubique
2386 4600 2441 4641 et
2479 4591 2681 4656 passim
2732 4592 3181 4660 depradicantur,
3218 4600 3278 4659 ᾖ
3315 4598 3391 4651 si-

1824 4674 1992 4731 lentio
2043 4677 2299 4743 involvit;
2348 4678 2440 4733 illa
2491 4680 2728 4735 reticens
2751 4697 2870 4751 qua:
2915 4684 3235 4739 calumniari
3283 4702 3387 4741 non

1826 4777 2055 4836 poterat.
2098 4768 2410 4824 Consitnilia
2464 4783 2807 4841 perpetrasse
2856 4774 3003 4829 illum
3052 4776 3178 4831 licet
3202 4780 3391 4833 obser~

1826 4874 1955 4914 vare
1987 4860 2039 4913 in
2064 4861 2274 4915 caeteris
2297 4876 2515 4931 quoque
2565 4865 2785 4933 scriptis
2816 4882 2936 4937 qua:
2970 4878 3208 4925 accusat.
3235 4869 3387 4935 Quae,

1828 4964 1896 5003 ne
1920 4951 2095 5004 oratio
2116 4962 2397 5007 excrescat
2422 4953 2474 5007 in
2506 4954 2853 5020 immensum,
2890 4957 2993 5012 illis
3022 4959 3391 5025 permittimus

1826 5043 2222 5108 cognoscenda,
2252 5044 2453 5111 quibus
2492 5046 2702 5100 libitum
2730 5058 2813 5102 est
2846 5050 3093 5103 exactius
3126 5064 3188 5105 ea
3240 5053 3392 5106 inve-

1830 5130 2033 5199 stigare
2062 5149 2073 5184 :
2101 5146 2167 5186 eo
2213 5136 2603 5189 contendentes
2646 5138 2783 5205 ipsi,
2815 5149 2875 5191 ut
2914 5137 3151 5193 Marcelli
3183 5141 3392 5193 novita-

1831 5229 1937 5274 tem
1970 5222 2038 5277 de
2082 5223 2174 5276 Dei
2214 5223 2355 5278 Filio
2393 5225 2701 5280 inusitatam
2746 5228 2798 5281 in
2846 5238 3093 5297 apertum
3149 5228 3389 5298 profera-

1833 5328 1971 5377 mus,
2008 5313 2078 5367 ita
2120 5324 2177 5369 ut
2228 5316 2531 5387 intelligant
2578 5320 2820 5374 universi
2872 5326 3193 5391 perspicue,
3227 5336 3386 5391 quam

1834 5404 2156 5459 sententiam
2189 5404 2399 5463 fovebat
2429 5408 2475 5465 is
2502 5408 2569 5465 de
2594 5408 2731 5465 Filio
2766 5409 2882 5465 Del.

157 5504 381 5574 qier
404 5506 512 5565 τοῖς
532 5504 713 5564 πᾶσιν,
737 5503 882 5564 ὅπως
908 5500 1066 5561 αὐτὸς
1090 5498 1303 5568 ἐφρόνει
1325 5496 1450 5567 περὶ
1482 5494 1574 5546 τοῦ
1599 5492 1726 5545 Υίοῦ
1758 5492 1851 5546 τοῦ
1878 5494 2031 5548 Θεοῦ.

248 5601 307 5658 is
345 5593 441 5649 Ed.
472 5592 670 5656 Paris.,
703 5608 838 5663 pag.
863 5592 1048 5663 29-30.

245 5664 292 5697 ⁸⁸
326 5663 438 5719 Jer.
463 5678 597 5729 xvn,
624 5664 677 5718 5.
705 5660 719 5663 ⁷
750 5663 793 5694 ⁶¹
825 5661 843 5715 l
877 5661 1083 5723 'I‘im.tt,
1114 5660 1166 5714 5.

244 5752 358 5825 (I9)
393 5754 490 5823 Μὴ
516 5750 614 5828 ἦν,
644 5763 736 5809 aut
765 5752 888 5824 ἐξῆν
921 5752 1286 5821 συκοφαντεῖν.

1240 5662 1285 5690 τ’
1321 5655 1551 5726 Philipp.
1583 5670 1642 5723 ll,
1675 5657 1727 5719 6,
1758 5655 1812 5709 7.

1888 5654 1935 5685 °'
1966 5655 1979 5707 I
2011 5652 2151 5708 Tim.
2183 5670 2241 5721 tt,
2272 5657 2321 5711 5.
