4070 6304
183 373 292 434 7T!

1300 363 1579 423 CONTRA
1618 355 2041 418 IARCELLUI
2082 356 2207 412 LIB.
2251 356 2315 412 ll.

3289 353 3413 411 778'

178 487 486 559 ἅνθρωπος,
514 488 648 559 μήτε
672 483 831 552 εἶναι,
852 487 984 558 μήτε
1002 484 1420 557 προῦφεστάναι,
1450 483 1587 555 μήτε
1610 480 1734 541 ὅλως

1845 473 1913 529 sti
1940 472 2192 529 Ecclesia:
2221 471 2468 543 przesedlt
2494 485 2512 525 :
2541 485 2734 541 nempe
2773 471 2823 528 is
2869 472 2961 542 qui
2991 470 3165 539 palam
3196 480 3415 524 assere-‘

178 575 403 631 πώποτε
432 577 559 629 Υίδν
588 575 829 645 ὑπάρξαι
859 575 936 646 τῷ
962 574 1100 645 Θεῷ,
1133 574 1239 645 πρὸ
1262 573 1355 626 τοῦ
1379 571 1634 643 τεχθῆναι
1657 570 1745 624 διὰ

177 667 281 738 τῆς
306 667 602 738 Παρθένον.
630 665 895 730 δοξάζων
943 666 1104 718 αὑτὸν
1132 665 1188 718 δι
1230 664 1388 735 μόνον
1409 660 1547 716 εἶναι
1573 661 1746 729 Λόγον

177 756 426 825 φάσκων,
462 756 683 825 συμφυᾶ
718 753 797 825 τῷ
824 753 963 825 Θεῷ,
991 752 1173 816 ἀϊδίως
1217 752 1363 822 αὑτῷ
1400 750 1624 805 συνόντα
1651 750 1745 804 καὶ

175 846 477 915 ἡνωμένον,
524 839 636 908 οἷος
686 843 752 899 ἀν
802 844 886 915 εἴη
915 844 1009 897 καὶ
1045 846 1075 896 ό
1133 844 1191 895 ιν
1242 841 1513 913 ἀνθρώπῳ
1566 840 1741 908 λόγος.

176 935 368 1005 Τούτῳ
407 935 512 1006 γάρ
544 935 704 999 αὐτὸς
746 934 941 1006 χρῆται
989 933 1069 1003 τῷ
1113 934 1533 1006 παραδείγματι,
1574 933 1744 1000 Λόγον

174 1018 321 1078 εἶναι
345 1026 523 1094 φήσας
548 1024 694 1078 ἔνδον
716 1028 774 1079 ὲν
809 1024 957 1095 αὑτῷ
980 1024 1059 1093 τῷ
1094 1024 1233 1095 Θεῷ,
1268 1025 1398 1078 ποτε
1426 1024 1523 1094 μὲν
1549 1022 1746 1094 ἡσυχά-

175 1114 363 1176 ζοντα,
386 1114 514 1167 ποτε
541 1115 597 1167 δὲ
628 1115 973 1185 σημαντικῶς
988 1115 1327 1187 ἐνεργοῦντα,
1357 1115 1490 1187 μόνῃ
1514 1130 1573 1167 τε
1594 1115 1745 1185 ἐνερ-

176 1204 305 1273 γείᾳ
331 1204 585 1275 προϊόντα
611 1205 706 1257 τοῦ
736 1206 947 1276 Πατρός
968 1222 981 1235 ·
1001 1206 1077 1269 ὡς
1108 1204 1175 1260 ἂν
1196 1206 1289 1259 καὶ
1320 1207 1477 1277 ἡμεῖς
1502 1222 1555 1259 τι
1580 1221 1747 1277 προσ-

169 1295 482 1365 τάττοντες,
515 1298 572 1349 ἑν
606 1296 684 1367 τῷ
723 1297 901 1365 λέγειν
934 1314 990 1349 τι
1043 1298 1135 1351 καὶ
1182 1297 1382 1361 λαλεῖν,
1429 1298 1745 1369 ένεργήσαι-

175 1401 302 1455 μεν.
339 1386 460 1439 Ὅτι
486 1387 532 1439 δ’
564 1388 664 1439 οὐκ
691 1387 756 1440 ἀν
780 1403 865 1450 τις
891 1387 1032 1441 οὕτω
1058 1404 1122 1455 γε
1148 1389 1290 1442 εἴποι
1313 1388 1438 1442 Υἱὸν
1469 1383 1607 1441 εῖναι
1653 1389 1743 1441 τὸν

172 1476 519 1545 σημαντικὸν.
539 1476 631 1530 καὶ
654 1478 1001 1548 ἐνεργητικὸν
1020 1479 1213 1547 Λόγον,
1241 1479 1403 1533 παντί
1444 1497 1521 1550 τῳ
1561 1479 1739 1550 δῆλον.

184 1565 244 1619 '0
270 1567 328 1619 δὲ
358 1565 512 1619 τοῦτο
535 1566 656 1630 δοὺς
686 1568 779 1620 ἰπὶ
801 1568 895 1621 τοῦ
924 1568 1081 1633 Θεοῦ,
1122 1570 1221 1627 οὐκ
1240 1565 1333 1623 οἷδ’
1360 1570 1505 1633 ὅπως
1528 1570 1620 1623 τὸν
1667 1570 1741 1641 μή

175 1655 466 1723 ὑφεστῶτα
523 1656 693 1723 Λόγον
710 1657 822 1728 (35)
852 1660 952 1728 τήν
1002 1658 1178 1732 σάρκα
1226 1658 1591 1729 ἀνειληφέναι,
1648 1660 1742 1713 καὶ

175 1746 468 1815 ἐνεργῆσαι
500 1746 559 1798 ὲν
583 1747 718 1817 αὐτῇ
748 1764 879 1817 φησι
899 1765 912 1778 ⁸
948 1750 1040 1801 καὶ
1061 1748 1181 1801 τότε
1216 1748 1449 1819 Χριστὸν
1470 1747 1737 1817 γενέσθαι,

1843 563 1960 627 bat,
1989 562 2186 618 Filium
2228 576 2567 632 nequaquam
2601 563 2686 617 vel
2720 560 2888 618 fuisse
2936 563 3047 617 Deo
3077 560 3162 615 vel
3195 574 3406 630 preex-

1842 654 2070 719 stitisse,
2124 654 2436 724 priusquam
2503 651 2571 708 de
2615 650 2839 722 Virgine
2885 659 3217 706 nasceretur.
3266 648 3407 703 Tan~

1844 746 2121 800 tummodo
2168 755 2349 799 autem
2396 743 2633 800 Verbum
2685 758 2806 799 esse
2831 742 2981 799 illum
3024 742 3248 804 diceret,
3290 739 3405 795 Deo

1843 836 2214 904 congenitum,
2244 836 2313 889 ab
2368 843 2572 890 mterno
2623 834 2979 897 coexsistens.
3024 840 3080 887 et
3124 830 3400 886 counitum

1843 924 1975 985 Deo.
2008 931 2066 977 ut
2094 932 2220 992 puta
2264 922 2315 975 in
2344 922 2562 977 homine
2585 922 2807 977 verbum
2835 920 3038 976 assolet
3067 920 3397 973 humanum:

1845 1014 1946 1068 hoc
1979 1012 2179 1066 etenim
2214 1012 2385 1065 utitur
2414 1011 2701 1080 exemplo:
2734 1010 2970 1065 Verbum
3006 1008 3278 1061 aﬂlrmans
3312 1005 3403 1060 in-

1845 1113 1931 1157 tus
1954 1104 2007 1157 in
2040 1102 2149 1157 Deo
2190 1102 2311 1172 ipso
2340 1101 2641 1164 exstitisse,
2678 1100 2962 1170 quiescens
2996 1097 3289 1160 interdum,
3324 1094 3401 1149 si-

1842 1192 2143 1262 gniﬁcative
2194 1204 2573 1259 nonnunquam
2640 1204 2898 1258 operans,
2938 1188 3251 1257 Operatione
3308 1185 3400 1239 illa

1842 1297 1936 1338 sua
1968 1282 2078 1338 sola
2105 1284 2170 1337 de
2202 1282 2362 1337 Patre
2386 1296 2483 1336 suo
2513 1281 2723 1353 exiens,
2743 1278 3193 1351 quemadmodum
3218 1286 3273 1332 et
3302 1292 3400 1329 nos

1844 1373 2059 1442 operari
2090 1376 2324 1427 solemus
2349 1372 2666 1435 scribendo,
2696 1371 2946 1436 dicendo,
2995 1369 3283 1439 loquendo.
3330 1369 3401 1420 At

1839 1468 2113 1521 enimvero
2142 1469 2265 1536 quis
2302 1482 2409 1523 non
2469 1466 2743 1536 intelligit,
2777 1481 2882 1521 non
2912 1479 3030 1519 esse
3053 1462 3395 1517 statuendum

1838 1556 1905 1611 de
1937 1552 2093 1622 Filio,
2132 1558 2284 1611 illum
2312 1557 2377 1612 ad
2414 1557 2574 1611 istum
2604 1558 2776 1611 solum
2826 1558 3042 1610 modum
3077 1553 3396 1624 signiﬁcati-

1838 1663 1963 1701 vum
2000 1647 2231 1702 Verbum
2274 1658 2331 1703 et
2361 1648 2695 1716 operativum
2736 1646 2891 1701 esse?
2940 1644 3152 1712 Quique
3189 1645 3291 1711 hoc
3327 1643 3399 1696 ad

1843 1738 1981 1791 hanc
2028 1736 2257 1792 formam
2308 1738 2363 1792 in
2413 1737 2520 1792 Deo
2575 1736 3026 1798 comminiscitur,
3074 1732 3257 1789 nescio
3290 1746 3401 1800 quo

172 1805 527 1905 xut'lrioo6v,
562 1840 653 1891 καὶ
688 1805 930 1907 ﬁdet-Ma,
962 1840 1054 1892 καὶ
1101 1805 1285 1892 είκόνά
1325 1839 1418 1892 τοῦ
1458 1805 1613 1904 Θεοῦ,

1845 1838 1999 1897 pacto
2031 1826 2262 1883 afﬁrmet
2317 1827 2552 1882 Verbum
2592 1828 2813 1883 minime
2843 1826 3145 1880 subsistens
3184 1838 3398 1877 assum-

169 1928 474 1996 ἀγαπητὸν,
494 1929 587 1981 καὶ
604 1929 730 1981 Υίὸν
759 1930 1164 2001 δεδοξασμένον,
1196 1931 1289 1984 καὶ
1312 1931 1376 2001 δὴ
1403 1932 1494 1983 καὶ
1520 1931 1739 2003 Πρωτό-

168 2036 329 2072 τοκον
354 2021 531 2089 πάσης
555 2020 800 2084 κτίσεως,
836 2022 908 2092 μή
938 2022 1068 2076 ὄντα
1107 2023 1392 2093 πρότερον,
1430 2022 1552 2075 τότε
1594 2023 1742 2090 γενέ-

170 2108 321 2174 σθαι,
360 2111 558 2181 καίπερ
588 2112 684 2181 οὐχ
736 2112 1047 2179 ὑφεστῶταο
1101 2112 1161 2164 τὸ
1201 2112 1258 2164 δὲ
1308 2110 1603 2183 παράδοξον
1643 2111 1737 2165 τοῦ

167 2200 367 2267 Λόγου,
396 2200 657 2271 ἄρξασθαί
684 2218 745 2269 γε
772 2202 879 2254 ἀπὸ
906 2203 1269 2273 τετρακοσίων
1293 2202 1413 2255 οὐδὲ
1444 2202 1579 2255 ὅλων
1602 2201 1738 2255 ἑτῶν

168 2290 379 2343 τούτων
404 2291 683 2343 ἁπάντων·
715 2293 806 2345 καὶ
864 2292 1023 2345 πάλιν
1070 2292 1255 2347 τοῦτον
1292 2293 1501 2363 ἀθρόως
1539 2294 1739 2364 παυθῆ-

171 2377 366 2430 σεσθαι
395 2378 529 2448 μετά
558 2379 650 2432 τὸν
674 2380 773 2449 τῆς
812 2380 1044 2451 κρίσεως
1088 2382 1276 2452 καιρὸν
1303 2380 1395 2433 τοῦ
1440 2381 1537 2451 μὲν
1563 2382 1734 2449 Λόγου

167 2468 449 2538 ήνωμένου
480 2469 557 2538 τῷ
591 2470 729 2540 Θεῷ,
779 2471 854 2534 ὡς
884 2471 1048 2542 μηδὲν
1083 2472 1266 2542 ἕτερον
1298 2468 1433 2525 εἶναι
1477 2472 1614 2542 πλὴν
1639 2473 1734 2527 τοῦ

166 2556 327 2623 Θεοῦ,
356 2558 453 2628 τῆς
483 2560 540 2611 δὲ
570 2560 789 2631 σαρκὸς,
817 2554 887 2631 ἧς
910 2560 1215 2629 ἀνείληφεν,
1248 2562 1453 2631 ἐρήμου
1487 2562 1736 2614 καταλει-

168 2646 517 2717 φθησομένης
552 2648 657 2701 ὑπὸ
683 2648 778 2702 τοῦ
824 2651 1022 2717 Λόγου,
1046 2649 1121 2713 ὼς
1174 2651 1309 2719 μήτε
1356 2651 1448 2702 τὸν
1487 2651 1612 2703 Υἱὸν
1640 2649 1733 2703 τοῦ

165 2736 303 2789 Θεοῦ
352 2756 477 2791 ποτε
506 2740 819 2808 ὑφεστάναι,
855 2742 991 2811 μήτε
1027 2740 1117 2792 τὸν
1143 2739 1270 2793 Υἰὸν
1297 2740 1389 2793 τοῦ
1427 2740 1731 2812 ἀνθρώπου,

170 2828 235 2880 ὃν
286 2828 563 2899 ἀνείληφε.
616 2831 724 2883 Καὶ
767 2831 823 2883 δὲ
874 2833 951 2893 είς
989 2829 1145 2883 τοῦτο
1195 2831 1344 2894 τέλος
1374 2832 1734 2901 καταστρέφει

168 2914 359 2987 ὥσπερ
389 2918 806 2987 κεκωφωμένος.
844 2920 936 2971 καὶ
966 2920 1105 2989 μήτε
1128 2919 1221 2973 τοῦ
1245 2922 1475 2989 ἀγγέλου
1502 2922 1736 2991 Γαϐριὴλ

170 3004 417 3069 ἀκούων,
472 3006 951 3078 εὐαγγελιζομένου
1002 3009 1100 3079 τὴν
1150 3008 1407 3065 Θεοτόκον
1456 3013 1640 3079 σαφῶς
1674 3030 1733 3064 τε

170 3098 260 3151 καὶ
292 3097 582 3168 διαρρήδην
610 3099 734 3168 περὶ
761 3100 855 3153 τοῦ
893 3102 950 3167 εξ
992 3102 1162 3171 αὐτῆς
1186 3102 1604 3172 τεχθησομένου,
1638 3104 1729 3155 καὶ

169 3187 234 3239 ὲκ
279 3188 589 3257 σπέρματος
640 3190 799 3242 Δαὸὶδ
848 3194 987 3246 κατά
1035 3194 1213 3264 σάρκα
1250 3193 1727 3264 προελευσομένου,

172 3275 498 3342 φάσκοντος
538 3277 680 3330 Ἰδοὺ
720 3278 1017 3347 συλλήψει
1057 3280 1127 3332 ἐν
1171 3283 1403 3350 γαστρὶ,
1451 3284 1546 3334 καὶ
1588 3283 1730 3351 τέξῃ

172 3369 326 3429 υίὸν,
384 3370 481 3421 καί
541 3373 818 3435 καλέσεις
860 3372 922 3423 τὸ
983 3372 1167 3440 ὄνομα
1226 3374 1411 3427 αὑτοῦ
1472 3375 1724 3441 Ἰησοῦν.

174 3455 363 3525 Οὗτος
384 3459 553 3513 ἔσται
576 3462 781 3530 μέγας,
823 3462 919 3515 καί
957 3463 1083 3529 υίὸς
1122 3464 1398 3532 Ὑψίστου
1432 3468 1730 3534 κληθήσε-

171 3566 290 3602 rcu'
321 3551 421 3603 καὶ
470 3550 646 3603 δώσει
690 3550 849 3616 αὐτῷ
879 3554 1091 3620 Κύριος
1129 3558 1162 3608 ὁ
1200 3554 1343 3621 Θεὸς
1382 3556 1489 3608 τὸν
1520 3560 1733 3625 θρόνον

170 3640 346 3693 dum
379 3641 485 3695 τοῦ
512 3642 725 3709 πατρὸς
752 3645 956 3707 αὐτοῦ,
1010 3645 1106 3709 καὶ
1128 3646 1485 3709 ,ϐασιλεύσει
1513 3648 1610 3700 ἐπί
1627 3649 1733 3701 τὸν

169 3723 335 3782 οἷκον
365 3728 563 3782 Ἰακὼϐ
595 3733 681 3795 είς
724 3731 864 3797 τοὺς
890 3730 1126 3798 αἰῶνας,
1151 3734 1249 3786 καί
1274 3731 1382 3801 τῆς
1412 3735 1731 3801 βασιλείας

168 3818 354 3873 αὐτοῦ
390 3821 501 3872 οὐκ
535 3820 703 3873 ἔσται
730 3821 919 3887 τέλος.
954 3824 1105 3893 Μήτε
1136 3824 1330 3894 Δανιὴλ
1370 3823 1462 3876 τοῦ
1498 3825 1731 3894 μεγάλου

171 3910 447 3981 προφήτου
470 3910 567 3973 τὰς
595 3911 775 3979 φωνὰς
817 3913 1036 3975 συνιείς,
1062 3913 1201 3966 αὺτά
1245 3914 1412 3966 ταῦτα
1442 3915 1731 3985 σφραγιζο-

172 3999 355 4068 μένου,
384 4001 453 4053 δι’
484 3996 557 4053 ὧν
588 4003 643 4053 ὲν
672 4002 797 4072 Θείῳ
827 4003 1103 4073 Πνεῦματι
1126 4003 1373 4072 διεφώνει
1398 4005 1585 4073 λέγων·
1620 4007 1728 4059 Καὶ

171 4089 295 4143 ίδοὺ
335 4093 487 4159 μετὰ
528 4092 645 4145 τῶν
680 4094 947 4161 νεφελῶν
977 4095 1086 4163 (54)
1122 4095 1225 4148 τοῦ
1256 4097 1512 4162 οὐρανοῦ
1540 4136 1554 4160 ,
1598 4098 1729 4161 Υἱὸς

169 4179 480 4248 ἀνθρώπου
496 4184 815 4251 ἐρχόμενος
844 4182 944 4253 ἦν,
964 4186 1060 4239 καὶ
1092 4185 1201 4250 ἕως
1217 4185 1321 4239 τοῦ
1336 4187 1596 4239 Παλαιοῦ
1613 4186 1729 4240 τῶν

168 4270 399 4338 ἡμερῶν
432 4274 687 4339 ἔφθασε,
715 4276 811 4327 καί
865 4276 1205 4344 ἔμπροσθεν
1253 4277 1437 4330 αὑτοῦ
1473 4292 1730 4344 προσην-

172 4360 334 4428 έχθη.
377 4362 488 4415 Καὶ
530 4363 687 4428 αὐτῷ
732 4366 908 4432 ἐδόθη
938 4366 1115 4435 ἀρχὴ,
1152 4366 1249 4418 καὶ
1280 4368 1318 4433 ἠ
1364 4366 1521 4435 τιμὴ,
1562 4369 1655 4419 καί
1686 4370 1725 4435 ἠ

1837 1924 2009 1987 psisse
2036 1933 2277 1985 carnem,
2306 1928 2361 1972 et
2394 1918 2446 1972 in
2487 1917 2574 1971 illa
2601 1927 2873 1986 assumpta
2907 1918 2976 1970 ita
3009 1923 3308 1984 operatum.
3334 1912 3403 1965 Et

1838 2016 1964 2063 tunc
1994 2010 2227 2076 primum
2264 2008 2536 2063 Christum
2582 2008 2859 2063 exstitisse
2884 2047 2901 2072 ,
2944 2006 3148 2067 Jesum,
3194 2017 3397 2073 regem.

1836 2099 2125 2169 imaginem
2182 2100 2297 2167 Dei,
2334 2101 2613 2162 dilectum.
2663 2100 2830 2153 lilium
2874 2096 3254 2167 gloriﬁcatum,
3294 2091 3402 2158 pri-

1837 2194 2167 2259 niogenitum
2200 2192 2377 2247 omnis
2404 2200 2691 2254 creature,
2726 2205 2849 2244 cum
2894 2202 2998 2241 non
3034 2193 3181 2241 esset
3224 2186 3396 2253 prius,

1836 2295 1935 2333 nec
1965 2290 2120 2335 antea
2154 2283 2377 2337 omnino
2404 2282 2714 2336 exsisteret.
2746 2278 3020 2349 Imprimis
3063 2276 3398 2347 paradoxum

1836 2372 1964 2425 illud
2001 2382 2102 2435 est,
2132 2362 2423 2441 incozpisse
2446 2375 2548 2427 hoc
2574 2372 2828 2433 Verbum,
2861 2386 2966 2425 non
2992 2370 3060 2424 ab
3090 2368 3248 2422 annis
3274 2366 3400 2420 hinc

1838 2472 1983 2516 retro
2015 2463 2420 2533 quadringentis
2453 2462 2767 2530 completis:
2793 2470 2846 2516 et
2875 2459 3031 2515 simul
3061 2461 3111 2513 in
3149 2457 3397 2511 eamdem

1835 2568 1940 2608 non
1988 2555 2361 2609 exsistentiam
2405 2554 2814 2618 revolvendum,
2873 2564 2995 2622 post
3038 2548 3225 2619 iudicii
3256 2556 3395 2604 tem-

1834 2661 1953 2714 pus,
1992 2647 2167 2700 Verbo
2208 2648 2426 2715 quidem
2474 2646 2583 2701 Deo
2633 2648 2849 2701 demum
2903 2646 3150 2711 adunito,
3214 2645 3285 2697 ita
3338 2655 3398 2697 ut

1834 2745 2027 2802 praeter
2050 2734 2212 2788 Deum
2248 2734 2379 2788 nihil
2408 2734 2696 2803 quidquam
2728 2733 2986 2795 exsistat;
3022 2745 3206 2794 carne,
3229 2744 3395 2797 quam

1834 2827 2147 2893 assumpsit,
2177 2824 2416 2879 desolata
2457 2834 2512 2879 et
2546 2825 2801 2879 destituta
2831 2838 2861 2877 a
2891 2822 3088 2886 Verbo,
3113 2821 3184 2873 ita
3214 2827 3273 2873 ut
3299 2832 3395 2870 ne-

1833 2930 1937 2985 que
1966 2915 2134 2969 Filius
2164 2916 2358 2984 aliquis
2386 2915 2479 2970 Dei
2509 2916 2811 2983 subsistat,
2847 2930 2945 2969 nec
2967 2914 3136 2969 Filius
3162 2912 3397 2967 hominis

1833 3020 1990 3074 quem
2023 3007 2335 3073 assumpsit.
2362 3006 2437 3059 Eo
2461 3016 2638 3060 autem
2670 3007 2883 3060 tandem
2914 3007 3196 3061 descendit
3238 3006 3390 3072 ahje-

1833 3094 2047 3161 ctionis,
2075 3095 2453 3149 utGabrielem
2482 3111 2585 3149 non
2614 3096 2799 3150 audiat
2830 3096 3243 3165 archangelum,
3274 3095 3398 3150 Dci-

1833 3202 1972 3255 para:
2003 3188 2285 3240 manifeste
2313 3197 2367 3240 et
2392 3188 2678 3257 perspicue
2703 3188 3133 3256 annuntiantem,
3167 3190 3232 3245 de
3260 3191 3397 3244 Filio

1831 3291 1897 3330 ex
1924 3277 2012 3330 illa
2041 3278 2366 3346 generando,
2392 3287 2445 3331 et
2476 3279 2542 3332 de
2579 3280 2784 3333 semine
2812 3279 3050 3341 Doridis.
3098 3284 3393 3335 secundum

1833 3383 2047 3421 carnem
2083 3370 2429 3434 descensuro,
2456 3384 2577 3423 cum
2608 3371 2680 3422 ita
2712 3370 2951 3438 inquiat:
2981 3370 3114 3425 Ecce
3134 3372 3394 3438 concipies

1830 3458 1885 3509 in
1910 3465 2057 3509 utero
2087 3466 2198 3518 tuo,
2227 3470 2274 3509 et
2313 3474 2485 3523 partes
2512 3456 2705 3524 ﬁlium,
2748 3468 2795 3509 et
2832 3459 3035 3511 vocabis
3066 3475 3249 3513 nomen
3275 3461 3391 3528 ejus

1830 3547 2034 3600 Iesum.
2086 3546 2188 3600 Hic
2235 3548 2331 3601 erit
2359 3565 2600 3616 magnus,
2629 3557 2677 3601 et
2716 3548 2859 3616 ﬁlius
2890 3550 3148 3603 Altissimi
3185 3552 3394 3604 uocabi-

1832 3644 1954 3687 tur:
1998 3646 2047 3690 et
2100 3638 2243 3689 dabit
2289 3638 2367 3689 illi
2408 3638 2663 3691 Dominus
2707 3638 2846 3691 Deus
2894 3641 3134 3692 thronum
3175 3640 3391 3694 Dauidis

1830 3729 1994 3796 patris
2025 3729 2129 3794 sui,
2169 3739 2216 3782 et
2268 3732 2499 3799 regnabit
2538 3747 2695 3796 super
2724 3730 2932 3783 domum
2966 3729 3131 3783 Jacob
3164 3732 3217 3783 in
3242 3742 3392 3786 mter-

1833 3836 1977 3883 num,
2008 3831 2052 3873 et
2083 3822 2226 3889 regni
2259 3822 2401 3874 illius
2443 3839 2543 3888 non
2581 3832 2678 3875 erit
2704 3821 2826 3889 ﬁnis
2854 3821 2919 3873 “.
2971 3823 3077 3875 Sed
3107 3839 3203 3876 nec
3229 3838 3390 3877 voces

1831 3910 2097 3964 intellexit
2129 3912 2305 3981 magni
2362 3913 2503 3966 illius
2557 3913 2695 3965 vatis
2754 3913 3009 3978 Danielis,
3058 3913 3148 3981 qui
3196 3914 3386 3968 eadem

1831 4002 1943 4071 ipsa
1976 4005 2335 4073 consignavit,
2360 4004 2484 4057 dum
2518 4005 2710 4072 spiritu
2741 4004 2831 4059 Dei
2858 4004 3071 4059 amatus
3114 4004 3382 4075 profatur.

1830 4094 2119 4162 inquiens:
2154 4094 2222 4148 Et
2261 4111 2375 4147 ecce
2396 4111 2513 4147 cum
2545 4096 2765 4149 nubibus
2802 4096 2915 4148 caeli
2957 4095 3128 4150 Filius
3156 4100 3384 4151 hominis

1828 4184 2153 4248 adveniebat,
2188 4196 2235 4237 et
2274 4200 2434 4251 usque
2481 4186 2553 4237 ad
2570 4182 2858 4253 Antiquum
2901 4192 2958 4248 >14
2990 4187 3192 4240 dierum
3213 4205 3389 4254 perve-

1830 4276 1923 4339 nit,
1958 4286 2005 4329 et
2031 4275 2235 4328 delatus
2274 4284 2349 4327 est
2382 4286 2503 4327 ante
2544 4286 2872 4342 conspectum
2904 4277 3037 4345 ejus.
3070 4275 3183 4346 Ipsi
3212 4290 3386 4332 autem

1827 4366 2053 4418 dabatur
2077 4366 2421 4432 principatus,
2451 4375 2499 4417 et
2531 4365 2713 4430 honor,
2740 4374 2788 4419 et
2811 4382 3022 4434 regnum
3040 4383 3060 4422 :
3086 4377 3135 4421 et
3160 4371 3384 4424 servient

170 4450 449 4511 βασιλεία
472 4469 484 4481 ·
536 4452 637 4505 καὶ
671 4452 892 4520 πάντες
938 4460 991 4508 ol
1029 4456 1187 4519 λαοί,
1219 4457 1424 4524 φυλαί,
1455 4456 1724 4525 γλῶσσαι

1834 4453 1906 4506 illi
1930 4469 2105 4506 omnes
2146 4453 2348 4519 pepuli,
2388 4453 2576 4518 tribus,
2614 4452 2826 4522 lingula.
2873 4451 3115 4511 Potestas
3137 4459 3278 4511 illius
3307 4472 3382 4514 est

168 4541 320 4606 αὐτῷ
363 4543 828 4597 δουλεύσουσιν.
885 4547 953 4600 Ἠ
986 4546 1235 4610 ἐξουσία
1270 4547 1451 4600 αὑτοῦ
1474 4547 1722 4609 ἐξουσία

169 4633 425 4699 αίώνιος,
474 4635 604 4699 ἥτις
636 4638 707 4687 οὐ
742 4639 1167 4702 παρελεύσεται
1187 4653 1200 4666 ο
1249 4638 1346 4689 καὶ
1378 4639 1416 4703 η
1440 4638 1723 4699 ,βασιλεία

170 4725 349 4778 αὑτοῦ
372 4727 443 4779 οὐ
463 4723 948 4792 διαφθαρήσεται.
984 4726 1121 4778 Ἀλλ’
1144 4726 1261 4778 οὐδὲ
1290 4727 1515 4788 Ἡσαΐας
1554 4727 1721 4779 αὑτὸν

171 4812 345 4867 ἔπεισε
373 4816 500 4885 περὶ
535 4817 632 4884 τῆς
656 4817 1008 4887 ἀτελευτήτου
1040 4817 1309 4884 βασιλείας
1336 4816 1428 4868 τοῦ
1461 4817 1589 4869 Υἱοῦ
1623 4818 1716 4870 τοῦ

1826 4551 2050 4609 potestas
2101 4552 2315 4603 (eterna,
2357 4558 2473 4611 qua
2504 4559 2605 4595 non
2649 4543 2979 4609 pertransibit
3019 4560 3038 4598 :
3092 4556 3139 4599 et
3170 4563 3383 4617 regnum

1827 4633 1971 4685 illius
2001 4650 2102 4687 nun
2131 4634 2360 4685 interibit
2386 4633 2447 4685 ⁸⁸.
2483 4632 2588 4686 Sed
2638 4647 2737 4687 nec
2779 4632 2932 4687 illum
2961 4633 3131 4691 Isaias
3160 4638 3229 4691 de
3258 4652 3383 4692 sen-

1828 4728 1991 4780 tentia
2022 4727 2262 4792 deduxit,
2285 4726 2374 4794 qui
2402 4725 2469 4779 dc
2497 4739 2662 4795 regno
2685 4724 2804 4780 Filii
2837 4726 2929 4780 Dei
2960 4728 3378 4792 interminabili,

1826 4820 1893 4873 ad
1926 4820 2085 4871 istum
2124 4819 2341 4871 modum
2371 4821 2600 4874 scribit:
2634 4819 2775 4873 Puer
2797 4818 2941 4872 nobis
2968 4828 3122 4873 natus
3145 4829 3255 4873 est:
3288 4820 3384 4873 Fi-

172 4904 318 4970 Θεοῦ,
342 4900 440 4959 ὧδε
463 4908 555 4959 καὶ
577 4908 737 4970 αὐτὸς
759 4908 1045 4969 θεσπίζων,
1077 4909 1179 4969 ὅτι,
1199 4908 1440 4961 Παιδίον
1466 4908 1715 4977 ἐγενήθη

1834 4908 1926 4962 lius
1952 4925 2153 4978 quoque
2173 4910 2329 4961 datus
2352 4919 2427 4962 est
2472 4911 2642 4975 nobis,
2673 4910 2824 4978 cujus
2856 4911 3182 4979 principatus
3226 4928 3383 4979 super

171 4997 337 5065 ἡμῖν·
373 5000 502 5063 υίὸς
543 5000 638 5051 καί
680 4998 855 5066 ἐδόθη
894 5000 1043 5067 ἡμῖν
1073 4996 1143 5053 οὗ
1179 5000 1216 5064 ἡ
1260 5000 1413 5067 ἁρχὴ
1460 5001 1569 5068 (35)
1616 5001 1714 5053 ἐπὶ

1834 5002 2063 5051 humeros
2095 5000 2246 5067 ejus:
2269 5000 2537 5054 vocabitur
2580 5001 2793 5068 insuper
2830 5017 3015 5055 nomen
3042 5002 3173 5071 ejus,
3201 5003 3380 5073 magni

244 5118 298 5174 ιιι
342 5112 438 5165 Ed.
473 5111 669 5176 Paris.,
700 5128 819 5182 pag.
852 5114 940 5166 55.
1016 5113 1063 5143 ⁸⁸
1088 5112 1218 5168 Luc.
1256 5128 1294 5177 ι,
1321 5114 1505 5168 51-55.
1584 5116 1627 5147 ⁸⁸
1662 5115 1734 5169 Da

1834 5130 1923 5177 vn,
1962 5115 2050 5180 l5,
2084 5114 2168 5171 M.

243 5280 348 5347 (33)
395 5281 505 5333 Τὸν
531 5276 614 5345 μὴ
664 5273 973 5344 ὑφεστῶτα
991 5278 1199 5343 Λόγον.
1238 5277 1357 5329 Hmc
1388 5287 1470 5330 est
1504 5292 1713 5330 summa

1834 5278 2007 5331 ζλασαν
2031 5286 2085 5329 et
2119 5277 2213 5329 καὶ
2242 5277 2403 5329 αὑτὸν
2438 5278 2555 5347 μέν,
2594 5277 2822 5345 denique
2853 5279 3067 5347 ἐκείνην
3091 5278 3291 5347 ὲπαγγ.
3324 5292 3380 5335 ct

174 5353 525 5417 accusationis
579 5348 909 5409 Eusebi-ause,
944 5348 1006 5396 de
1053 5362 1176 5412 qua,
1210 5348 1261 5399 in
1298 5348 1401 5399 illis
1430 5348 1497 5400 de
1541 5348 1717 5401 Theo—
1812 5348 1918 5417 γὰρ
1953 5348 2138 5417 ἁγίων,

178 5415 344 5553 ιοῗὲήέ)
371 5418 486 5539 12'01
516 5485 641 5538 ἰδοὺ
662 5484 807 5553 μετὰ
836 5482 950 5535 τῶν
972 5484 1251 5551 νεφελῶν.
1280 5484 1450 5537 Locus
1474 5495 1549 5536 est
1583 5485 1712 5537 Dan.

1886 5411 2009 5483 {35i
2038 5411 2117 5468 Οὗ
2153 5418 2189 5482 η
2220 5415 2397 5483 ἀρχή.
2445 5415 2615 5469 Locus
2646 5426 2721 5469 est
2755 5416 2855 5470 lsa.
2906 5432 2979 5477 ix,
3013 5418 3065 5483 6,
3101 5419 3151 5470 in
3190 5416 3329 5470 LXX
3358 5438 3369 5470 :

1819 5497 1935 5553 post
1968 5485 2118 5551 ἀρχή
2157 5487 2414 5551 sequitur,
2442 5486 2724 5553 ὲγενήθης
2753 5487 2843 5539 sed
2868 5488 3077 5538 variant
3112 5489 3177 5538 ibi
3212 5491 3373 5541 etiam

174 5568 263 5637 fit,
288 5557 376 5619 l7;
405 5559 538 5623 lnge,
573 5556 664 5605 καὶ
684 5556 758 5632 dav;
777 5554 901 5631 Υἱρς
918 5555 1541 5637 ,ἀνθρώπουξρχόμενοφ

1834 5556 2049 5637 :ndices.
2084 5556 2274 5637 bliatim
2311 5555 2361 5605 in
2405 5554 2784 5637 LX‘Xdegiiur,
2815 5556 2941 5637 ego
2986 5557 3092 5637 γὰρ
3129 5556 3378 5637 εἰρήνην

178 5623 305 5693 luira
346 5619 500 5692 vulgo
531 5643 580 5677 τ.
618 5624 741 5675 Υἱοῦ
776 5623 867 5675 τοῦ
907 5619 1189 5693 ἀνθρώπου
1219 5619 1331 5675 ὦδέ
1354 5619 1402 5675 at
1439 5624 1528 5674 ἐπὶ
1559 5623 1709 5692 ὤμου
1809 5622 2064 5693 ἐπὶζτοὺς
2088 5623 2511 5691 ἄρχοντας,καί
2538 5619 2765 5693 ὑγίειαν
2792 5624 2969 5688 αὐτῷ,
2992 5619 3095 5677 ’καί
3117 5619 3370 5692 μεγάλη.

173 5692 279 5761 τοῦ.
313 5694 475 5747 Porrn
515 5694 617 5759 Mp.
662 5692 1177 5761 ἀντιλαμϐάνεσθαι,
1227 5696 1344 5745 dein
1402 5694 1549 5745 ἔσται
1593 5696 1708 5747 loco

1834 5698 1877 5746 )l
1902 5692 2015 5761 μὲν
2046 5694 2130 5761 μὴ
2164 5693 2447 5760 προεῖναι.
2490 5696 2563 5747 lto
2598 5698 2740 5748 varie
2772 5695 2939 5746 illusit
2982 5697 3223 5748 Ιιιιιιιδηιιτ
3266 5697 3375 5746 frn-

175 5758 397 5818 ἅσεσῦαι.
437 5756 577 5816 υυίιί
618 5764 773 5833 vulgo
806 5756 870 5815 δέ
907 5756 965 5813 οὗ
1003 5764 1137 5832 ὁμοῦ
1180 5776 1231 5817 et
1267 5764 1617 5833 ὡμολόγησαν
1656 5773 1709 5818 et

1834 5756 2025 5832 ;ilitati,
2046 5756 2152 5833 per
2182 5756 2414 5818 nefarios
2439 5781 2565 5819 suos
2602 5766 2915 5819 emissarios
2938 5804 2951 5828 ,
3008 5764 3193 5817 Sutau.
3248 5765 3379 5832 Ἔτ-

486 5858 750 5916 Ρλτιιοι..
798 5857 913 5917 Gtt.
963 5858 1191 5918 XXIV.

2986 5860 3065 5917 25
