4070 6304
192 371 286 423 731

1301 362 1576 418 CONTRA
1619 355 2042 414 MARCELLUM
2085 356 2210 409 Llll.
2254 355 2316 409 ll.

3307 344 3422 403 73?.
3469 382 3471 384 -

187 485 625 554 προσδοκώμενος
651 484 817 534 εἰσέτι
861 481 953 533 νῦν
977 481 1226 552 Χριστὸς,
1261 480 1318 530 ὃν
1362 477 1743 545 Ἡλειμμένον

1847 488 1950 526 non
1987 473 2110 525 talis
2149 481 2438 538 tantusque
2492 477 2643 524 vates
2695 466 2902 522 Isaias:
2950 479 3058 520 non
3113 465 3416 533 propheta:

187 575 372 627 καλεῖν
405 573 674 635 εἰώθασιν,
718 573 910 641 ἀγήρω
965 573 1062 641 τὴν
1117 569 1394 638 βασιλείαν
1441 570 1532 620 καὶ
1584 567 1744 618 Θάνα-

184 680 274 718 τον
297 664 438 728 ἕξειν
466 663 578 732 (36)
612 662 910 724 ὲλπίζεται.
978 661 1134 714 Ἀλλὰ
1184 660 1276 712 καὶ
1305 659 1508 712 τούτων
1555 659 1743 724 γέγονε

187 754 382 824 χείρων
399 756 426 807 ὁ
451 753 544 807 καὶ
570 754 648 816 εἰς
670 752 767 822 τὴν
806 752 978 822 ἀρχὴν
1005 751 1138 821 ὁμοῦ
1173 751 1266 803 καὶ
1287 752 1365 813 είς
1385 750 1445 802 τὸ
1472 749 1622 810 τέλος
1652 746 1743 798 τοῦ

189 846 314 898 Υίσῦ
327 844 458 897 Θεοῦ
471 844 734 913 ἁσεὸἧσαι
746 844 1100 914 τολμήσας,δν
1113 841 1382 903 οὑδάὑτὸς
1397 842 1424 892 ὁ
1440 840 1578 902 Θείος
1597 840 1650 890 Ἀ
1659 839 1746 890 πο·

189 934 368 996 στῦλος
408 931 823 1002 κατεδυσώπησε
867 932 941 1003 μὴ
973 931 1193 985 τοιαῦτα
1222 930 1454 992 ἀσεϐεῖν,
1491 929 1744 996 ἄντικρυς

186 1023 376 1089 λέγων,
397 1021 616 1086 Πιστὸς
633 1023 664 1074 ό
689 1021 889 1088 λόγος·
908 1021 960 1070 εὶ
979 1019 1089 1087 τὰρ
1116 1017 1623 1083 συναπεθάνομεν,
1647 1013 1743 1066 καὶ

185 1110 545 1180 συζήσομεν,
566 1113 617 1164 εί
633 1109 1024 1178 ὑπομένομεν,
1044 1108 1136 1160 καὶ
1159 1107 1742 1176 συμϐασιλεύσομεν,

185 1203 279 1258 καὶ
317 1202 679 1272 κληρονόμους
710 1202 808 1272 μὲν
842 1202 986 1270 ἡμᾶς
1013 1199 1227 1252 ἔσεσθαι
1250 1199 1341 1251 τοῦ
1363 1196 1520 1259 Θεοῦ,
1547 1197 1605 1249 οὐ
1643 1197 1744 1264 μὴν

183 1295 304 1365 δίχα
338 1294 431 1348 τοῦ
475 1293 730 1363 Χριστοῦ.
774 1293 1136 1359 κληρονόμοι
1175 1308 1316 1360 γαρ,
1357 1291 1517 1359 φησὶ,
1567 1286 1742 1346 Θεοῦ.

185 1384 664 1452 συγ-κληρονόμοι
686 1381 752 1433 δὲ
782 1382 886 1433 τοῦ
904 1379 1177 1448 Χριστοῦ·
1207 1381 1371 1446 εἴπερ
1393 1376 1746 1446 συμπάσχο-

180 1491 316 1544 per,
343 1474 445 1525 ἵνα
494 1473 593 1526 καὶ
636 1469 1158 1538 συνδοξασθῶμεν.
1212 1469 1322 1522 Καὶ
1352 1468 1539 1522 πάλιν·
1573 1471 1638 1519 El
1681 1467 1748 1518 δὲ

184 1562 575 1630 ἀπεθάνομεν,
609 1563 762 1632 φησὶ,
794 1561 915 1614 σὺν
944 1559 1194 1627 Χριστῷ,
1227 1559 1616 1625 πιστεύομεν.
1660 1556 1746 1607 ὅτι

185 1655 281 1708 καὶ
312 1651 652 1722 συζήσομεν
676 1651 860 1716 αὐτῷ,
891 1651 1114 1714 ειδότες
1151 1651 1238 1702 ὅτι
1265 1649 1516 1716 Χριστὸς
1540 1688 1554 1709 ,
1587 1648 1748 1714 ἐγερ-

185 1743 308 1808 θεὶς
357 1744 426 1796 ἐκ
456 1740 704 1809 νεκρῶν,
752 1743 863 1796 οὐκ
919 1741 1004 1794 ἔτι
1053 1739 1421 1798 ἀποθνήσκει
1443 1757 1455 1769 ·
1493 1737 1746 1804 θάνατος

183 1833 370 1888 αὑτοῦ
391 1835 501 1887 οὐκ
531 1835 618 1887 ἐτι
649 1832 964 1899 κυριεύσει·
995 1833 1088 1884 καὶ
1107 1827 1277 1893 αὖθις·
1300 1831 1370 1884 Τὸ
1393 1829 1460 1882 δὲ
1489 1830 1748 1899 χάρισμα

183 1924 290 1978 τοῦ
320 1924 466 1978 Θεοῦ
491 1922 602 1992 ζωὴ
629 1924 861 1989 αἰώνιος
877 1924 948 1976 ἐν
969 1921 1198 1991 Χριστῷ
1232 1921 1424 1989 Ἰησοῦ
1457 1921 1534 1985 τῷ
1553 1923 1746 1987 Κυρίῳ

186 2014 376 2082 ἡμῶν.
409 2014 613 2069 Οὐκοῦν
646 2018 678 2084 ἡ
718 2014 934 2078 αἰώνιος
967 2015 1079 2085 ζωὴ
1104 2015 1202 2068 οὐκ
1234 2013 1407 2076 ἄλλως
1438 2015 1566 2083 ἡμῖν
1593 2030 1748 2083 πορι-

186 2105 445 2176 σθήσεται
472 2106 505 2176 ἢ
532 2109 589 2159 ὲν
626 2105 847 2176 Χριστῷ
890 2104 1065 2174 Ἰησοῦ
1104 2104 1180 2174 τῷ
1214 2105 1400 2176 Κυρίῳ
1427 2104 1584 2174 ἡμῶν
1608 2121 1619 2132 ·
1653 2103 1748 2157 καὶ

185 2199 218 2268 ἡ
249 2197 406 2261 ἐλπὶς
428 2198 585 2268 ήμῶν
601 2199 697 2268 οὐχ
726 2197 912 2260 ἁπλῶς
927 2197 1109 2268 ζῆσαι,
1134 2196 1269 2252 ἀλλὰ
1291 2197 1388 2249 σὺν
1417 2196 1563 2265 αὐτῷ
1591 2196 1746 2260 δοξα-

183 2288 399 2360 σθῆναι,
432 2289 526 2343 καὶ
579 2291 674 2342 σὺν
698 2289 846 2359 αὐτῷ
877 2289 1301 2360 κληρονομῆσαι,
1338 2290 1430 2342 καὶ
1478 2289 1572 2340 σὺν
1600 2287 1746 2355 αὐτῷ

186 2379 504 2450 βασιλεῦσαι
527 2396 540 2410 ·
571 2381 746 2434 πάντα
779 2382 887 2451 γὰρ
911 2383 1038 2452 ἡμῖν
1059 2383 1124 2433 ἐκ
1152 2381 1252 2450 τῆς
1274 2379 1437 2433 αὑτοῦ
1466 2379 1747 2441 κοινωνίας

183 2469 455 2541 ὑπάρξει·
498 2471 527 2524 ὃ
563 2471 800 2525 διδάσκει
867 2474 897 2525 ὁ
964 2472 1124 2534 αὐτὸς
1180 2472 1390 2542 φήσας·
1446 2469 1664 2533 Πιστὸς
1713 2472 1746 2522 ό

185 2560 354 2628 Θεὸς,
370 2561 442 2615 δι’
460 2559 531 2618 οὖ
543 2563 834 2629 ἐκλήθητε
849 2565 935 2629 είς
951 2562 1265 2616 κοινωνίαν
1285 2562 1387 2615 τοῦ
1415 2562 1546 2614 Υίοῦ
1563 2559 1746 2613 αὑτοῦ

193 2651 401 2718 Ἰησοῦ
415 2653 668 2720 Χριστοῦ
683 2652 789 2706 τοῦ
807 2652 1022 2719 Κυρίου
1036 2651 1221 2720 ἡμῶν.
1240 2651 1334 2713 Τίς
1354 2651 1409 2702 δὲ
1425 2651 1457 2716 ἠ
1475 2649 1743 2713 κοινωνία,

182 2740 503 2812 παρίστησι,
530 2743 623 2795 καὶ
655 2744 959 2812 συνήγειρε,
980 2741 1150 2810 λέγων
1166 2757 1178 2771 ·
1204 2743 1311 2795 Kal
1347 2739 1747 2794 συνεκάθισεν

181 2838 252 2885 ἐν
278 2832 409 2898 τοῖς
447 2833 841 2901 ἐπουρανίοις,
887 2834 954 2886 ἐν
981 2833 1210 2901 Χριστῷ
1263 2832 1483 2900 Ἰησοῦ,
1514 2832 1614 2885 ἵνα
1651 2832 1747 2884 ἐν-

181 2923 452 2991 δείξηται
492 2924 563 2977 ἐν
611 2925 734 2990 τοῖς
780 2924 952 2978 αὶῶσι
1003 2925 1127 2989 τοῖς
1191 2923 1610 2993 ἐπερχομένοις
1681 2921 1746 2975 τὸ

180 3018 564 3087 ὑπερϐάλλον
601 3019 858 3084 πλοῦτος
886 3017 996 3085 τῆς
1025 3017 1261 3086 χάριτος
1294 3017 1362 3069 ἐν
1391 3019 1746 3087 χρηστότητι

181 3113 273 3178 ἐρ’
294 3109 452 3179 ἡμᾶς
470 3111 537 3162 ἐν
566 3109 793 3177 Χριστῷ
825 3110 1045 3176 Ἰησοῦ.
1087 3109 1144 3162 Ὀ
1174 3109 1220 3160 δ’
1249 3109 1408 3172 αὐτὸς
1444 3107 1536 3159 καὶ
1576 3106 1746 3159 ταῦτα

1853 580 1969 618 rum
2022 576 2309 617 consessus
2357 561 2686 630 persuadere
2725 561 2852 614 huic
2903 560 3107 614 homini
3170 570 3418 627 potuere,

1849 667 1956 722 quo
2010 653 2187 704 minus
2233 650 2348 704 haec
2391 651 2684 714 scriberet,
2734 658 2790 703 et
2825 650 3160 718 opinaretur.
3212 647 3321 699 lmo
3349 660 3417 700 ne

1847 745 2063 814 quidem
2093 743 2260 798 Judaei
2294 743 2419 812 ipsi,
2455 745 2596 812 apud
2645 757 2803 812 quos.
2842 742 2932 808 qui
2976 742 3154 796 adhuc
3194 740 3414 809 quidem

1846 845 2191 904 exspectatur
2213 833 2483 898 Christus,
2511 849 2670 900 quem
2693 834 2764 886 illi
2786 830 3120 886 Elimmenon
3138 831 3419 900 appellare

1847 930 2046 992 solent,
2078 928 2315 982 creditur
2359 926 2648 980 habiturus
2684 939 2906 992 regnum
2952 939 3055 978 non
3089 923 3410 984 desiturum,

1847 1029 1940 1072 aut
1965 1030 2190 1072 tnortem
2225 1019 2339 1086 ipse
2374 1017 2646 1071 obiturus.
2700 1015 2883 1084 Longe
2908 1015 3124 1082 quidem
3158 1014 3278 1068 istis
3312 1013 3412 1066 de-

1850 1107 2016 1164 terior
2049 1117 2130 1162 est
2159 1109 2249 1176 qui
2295 1125 2399 1162 non
2436 1118 2652 1162 veretur
2683 1108 3014 1174 impietatem
3047 1104 3253 1166 fovere.
3289 1119 3411 1158 cum

1847 1183 1914 1254 de
1945 1200 2098 1252 initio
2129 1198 2216 1252 Dei
2247 1198 2387 1260 Filii,
2409 1209 2519 1251 tum
2550 1198 2618 1251 de
2645 1197 2771 1251 (ine.
2799 1197 2969 1262 Quem
2999 1212 3104 1250 non
3129 1195 3301 1264 potuit
3330 1195 3416 1246 di-

1848 1291 2004 1344 vinus
2033 1290 2322 1358 Apostolus
2349 1286 2646 1350 inﬂectere,
2681 1300 2749 1340 ne
2775 1301 2838 1339 eo
2872 1299 3046 1353 usque
3087 1299 3414 1354 prorumpe-

1849 1390 1933 1434 ret
1960 1381 2288 1447 impietatis,
2330 1381 2455 1432 dum
2491 1379 2565 1430 ita
2599 1377 2877 1445 loquitur:
2902 1375 3102 1429 Fidelis
3136 1377 3218 1428 llic
3245 1391 3415 1428 sermo

1846 1480 1942 1532 est,
1977 1471 2022 1523 si
2053 1487 2168 1522 cum
2227 1470 2320 1522 illo
2369 1470 2573 1521 mortui
2616 1470 2803 1533 simus,
2847 1484 2954 1520 una
2987 1484 3104 1519 cum
3144 1467 3238 1520 illo
3276 1467 3416 1520 vivs-

1847 1579 1960 1614 mus
1991 1578 2010 1614 :
2033 1561 2411 1630 sisuﬂ'eramus
2437 1573 2482 1614 et
2512 1560 2964 1630 conregnabimus,
2991 1560 3058 1613 °'.
3082 1559 3147 1612 Et
3171 1557 3417 1613 haeredes

1846 1655 2060 1718 quidem
2119 1668 2218 1707 nos
2270 1653 2478 1707 futuros
2534 1653 2626 1707 Dei
2675 1654 2855 1717 docet,
2912 1667 3018 1705 non
3068 1662 3249 1704 tamen
3293 1651 3413 1704 sine

1846 1744 2081 1799 Christo.
2121 1743 2390 1809 eredes,
2444 1743 2639 1812 inquit,
2707 1742 2843 1797 Dei:
2897 1742 3193 1796 coheredes
3237 1752 3414 1794 autem

1777 1835 2069 1911 “Christi,
2127 1837 2173 1889 si
2231 1837 2635 1904 compatiuntur,
2683 1846 2738 1887 ut
2793 1851 2996 1904 quoque
3052 1834 3415 1903 congloriﬁce-

1849 1940 1968 1976 mur
1986 1925 2052 1976 ’°.
2081 1924 2147 1978 Ει
2184 1940 2408 1978 rursus:
2448 1923 2511 1979 Si
2562 1926 2757 1977 mortui
2804 1941 3009 1988 sumus,
3048 1924 3244 1992 inquit,
3293 1941 3414 1978 cum

1849 2013 2078 2080 Christo,
2137 2016 2399 2068 credimus
2449 2014 2588 2084 quod
2644 2016 2866 2068 vivemus
2924 2033 3031 2068 una
3088 2031 3205 2068 cum
3261 2016 3411 2081 illo;

1847 2105 2067 2158 scientes
2093 2107 2232 2175 quod
2273 2105 2517 2160 Christus
2575 2106 2640 2158 de
2685 2107 2907 2160 mortuis
2949 2108 3255 2170 suscitatus,
3306 2125 3413 2161 non

1848 2196 2068 2250 ulterius
2100 2198 2341 2260 moritur,
2401 2213 2541 2250 mors
2605 2198 2775 2251 adhuc
2822 2198 2901 2250 illi
2952 2215 3057 2254 non
3113 2200 3414 2253 dominabi-

1848 2295 1936 2338 tur
1967 2287 2010 2317 ⁷¹
2034 2304 2048 2340 :
2075 2300 2129 2341 et
2164 2288 2358 2340 iterum
2388 2307 2400 2340 :
2428 2288 2636 2341 Donum
2683 2304 2797 2341 vero
2829 2287 2924 2342 Dei
2954 2301 3029 2342 est
3059 2291 3165 2343 vita
3191 2301 3407 2347 eterna.

1847 2378 1902 2430 in
1958 2376 2087 2431 Jesu
2133 2376 2342 2432 Christo
2392 2378 2618 2431 Domino
2674 2389 2853 2431 nostra
2899 2380 2966 2432 ".
3018 2378 3187 2434 Vitam
3247 2382 3412 2449 igitur

1846 2479 2103 2524 aeternam
2134 2486 2240 2524 non
2272 2470 2488 2524 aliunde
2512 2485 2927 2540 consequemur,
2948 2485 3106 2539 quam
3131 2487 3227 2541 per
3248 2470 3412 2526 Chri-

1846 2568 1984 2612 stum
2023 2559 2206 2612 Jesum
2237 2559 2515 2613 Dominum
2550 2570 2811 2614 nostrum.
2841 2560 2906 2614 Et
2939 2576 3062 2630 Spes
3087 2561 3174 2615 illa
3206 2577 3304 2616 nos
3328 2561 3412 2618 fo—

1845 2657 1954 2713 vet,
1991 2662 2094 2701 non
2139 2649 2310 2702 solum
2335 2650 2474 2716 quod
2506 2649 2766 2712 vivemus,
2798 2649 2891 2704 sed
2926 2652 3067 2718 quod
3088 2652 3250 2705 etiam
3284 2667 3408 2704 cunt

1847 2737 1937 2790 illo
1965 2751 2067 2790 una
2095 2737 2535 2806 glorificabimur,
2575 2748 2632 2791 et
2673 2738 3048 2793 [nereditatem
3077 2755 3181 2794 una
3212 2755 3409 2794 conse-

1847 2842 2092 2896 quemur,
2127 2836 2182 2880 et
2225 2843 2344 2880 cum
2378 2843 2442 2882 eo
2490 2828 2646 2881 simul
2697 2829 3174 2899 conregnabimus.
3215 2830 3410 2886 Omnia

1846 2919 1986 2972 enim
2013 2927 2196 2973 nostra
2243 2919 2398 2972 nobis
2443 2919 2761 2984 proveniunt
2803 2921 2870 2973 ab
2913 2919 3024 2985 illa,
3057 2935 3217 2989 quam
3244 2923 3411 2976 hahe-

1847 3026 1965 3064 mus
1989 3025 2110 3066 cum
2139 3027 2225 3075 eo,
2256 3013 2666 3066 communione:
2692 3015 2833 3080 quod
2866 3013 3022 3067 docet
3051 3016 3166 3083 ipse
3209 3015 3410 3070 Paulus

1848 3105 1936 3159 ubi
1968 3106 2072 3159 ait:
2107 3105 2307 3159 Fidelis
2361 3105 2496 3160 Deus
2544 3117 2642 3169 est,
2672 3124 2764 3175 per
2790 3124 2939 3177 quem
2978 3112 3146 3163 vocati
3184 3112 3309 3164 estis
3339 3112 3411 3165 ad

182 3200 313 3269 περὶ
340 3199 436 3251 τοῦ
475 3200 722 3269 Σωτῆρος
757 3198 1000 3252 ἐδίδασκε
1035 3197 1287 3266 φάσκων·
1333 3199 1397 3250 ’0
1426 3197 1515 3260 δὲ,
1554 3196 1652 3249 διὰ
1677 3195 1742 3249 τὸ

1846 3197 2257 3250 communionem
2308 3195 2441 3249 Filii
2477 3199 2580 3259 sui,
2631 3196 2760 3250 Jesu
2810 3198 3005 3252 Christi
3062 3200 3270 3254 Domini
3313 3219 3409 3255 no-

174 3291 385 3359 ίιένειν
410 3291 596 3344 αὑτὸν
621 3294 706 3357 είς
732 3291 836 3343 τὸν
853 3289 1056 3352 αἰῶνα,
1081 3289 1460 3356 ἀπαράϐατον
1477 3289 1600 3356 ἔχει
1629 3287 1741 3354 τὴν

180 3384 544 3451 ἱερωσύνην·
587 3382 724 3436 ὅθεν
753 3382 849 3434 καὶ
891 3378 1094 3440 σώζειν
1117 3383 1202 3444 είς
1226 3379 1292 3432 τὸ
1322 3379 1614 3444 παντελὲς
1639 3379 1740 3432 δύο

180 3491 354 3528 ναται
376 3473 518 3539 τοὺς
533 3474 889 3540 προσιόντας
914 3471 986 3523 δι’
1004 3471 1187 3524 αὐτοῦ
1216 3467 1294 3535 τῷ
1328 3469 1468 3534 Θεῷ,
1489 3470 1744 3522 πάντοτε

179 3565 314 3629 ζῶν,
348 3568 436 3631 εὶς
457 3564 522 3618 τὸ
544 3563 930 3633 ἐντυγχάνειν
957 3562 1107 3630 ὑπὲρ
1136 3561 1350 3616 αὐτῶν.
1379 3562 1452 3614 Οὐ
1477 3560 1580 3630 μὴν
1610 3560 1744 3613 ἀλλὰ

180 3657 276 3708 καὶ
332 3656 427 3707 τὸν
469 3654 795 3723 Μελχισεδὲκ
853 3655 932 3715 είς
984 3653 1046 3705 τὸ
1079 3652 1320 3722 διηνεκὲς
1363 3651 1512 3720 ἱερέα
1565 3651 1744 3718 μένειν

178 3745 352 3812 ἔλεγε,
407 3743 495 3796 διὰ
551 3744 614 3794 τὸ
684 3741 1112 3812 ἁφομοιούμενον
1157 3736 1296 3794 εἶναι
1341 3739 1418 3809 τῷ
1464 3739 1577 3808 Υίῴ
1641 3738 1735 3791 τοῦ

177 3834 336 3887 Θεοῦ.
380 3835 520 3887 Ἀλλ’
558 3835 640 3886 ὅτι
699 3833 796 3908 μὲν
835 3834 1046 3894 τούτοις
1093 3832 1296 3885 ἅπασιν
1341 3832 1370 3882 ὁ
1424 3829 1740 3899 Μάρκελλος

175 3927 442 3982 τάναντία-
483 3927 711 3996 γράφειν
735 3926 934 3995 ἐτόλμα
966 3924 1154 3994 μικρὸν
1187 3923 1408 3993 ὕστερον
1433 3921 1741 3991 παρατεθή-

177 4035 354 4082 σεται,
383 4019 499 4070 νυνὶ
525 4018 580 4069 δὲ
603 4019 746 4079 ὅπως
773 4017 984 4084 ἐφρόνει
1011 4013 1249 4083 περὶτοῦ
1283 4014 1415 4084 μηδὲ
1440 4015 1538 4084 τὴν
1566 4013 1737 4082 ἀρχὴν

174 4103 337 4162 εἶναι·
383 4107 506 4177 μηδ’
538 4106 828 4176 ὑφεστάναι
866 4107 953 4158 τὸν
976 4105 1066 4158 τοῦ
1091 4105 1223 4157 Θεοῦ
1253 4104 1400 4170 Υἱὸν,
1424 4102 1740 4172 Θεασώμεοα

174 4198 340 4268 πρότε
350 4214 459 4266 ρον.

1847 3289 1942 3341 stri
1967 3289 2032 3340 ⁷³.
2067 3287 2325 3354 Quaenam
2356 3303 2485 3342 vero
2517 3288 2603 3342 illa
2644 3289 2713 3343 sit
2745 3292 3056 3344 communio
3113 3291 3290 3345 docet.
3339 3290 3407 3344 Et

1846 3381 2133 3440 suscitavit.
2188 3379 2281 3443 ait,
2313 3389 2360 3432 et
2397 3381 2576 3432 sedere
2628 3379 2748 3447 fecit
2801 3380 2948 3432 illum
2979 3399 3010 3432 a
3047 3381 3266 3447 dextris,
3300 3399 3409 3436 una

1846 3487 2018 3524 secum
2043 3471 2096 3522 in
2142 3471 2430 3523 caelestibus
2465 3472 2518 3523 in
2547 3469 2755 3524 Christo
2789 3470 2940 3534 Jesu,
2979 3483 3034 3524 ut
3084 3475 3322 3526 ostendat
3352 3475 3408 3526 in

1845 3561 2072 3611 venturis
2106 3558 2227 3610 olim
2251 3559 2461 3610 swculis
2494 3561 2971 3624 superabundautes
3017 3560 3231 3613 divitias
3276 3577 3404 3630 gra-o

1845 3652 1956 3708 tite.
1986 3649 2040 3698 in
2080 3647 2306 3699 bonitate
2334 3663 2457 3714 erga
2486 3663 2578 3698 nos
2611 3648 2664 3699 in
2694 3647 2904 3699 Clu-isto
2930 3645 3059 3700 Iesu
3089 3649 3154 3702 ⁷³.
3182 3648 3321 3702 Idem
3351 3662 3408 3703 et

1848 3741 1911 3791 de
1944 3738 2231 3791 Servatore
2258 3738 2444 3789 eadem
2483 3738 2665 3790 docuit
2713 3738 2800 3790 ubi
2848 3739 3060 3805 inquit:
3096 3739 3217 3803 Qui,
3266 3746 3406 3809 quod

1846 3838 2052 3882 maneat
2080 3831 2132 3881 in
2169 3839 2446 3893 aitet-num,
2478 3830 2800 3882 immutabile
2831 3830 2981 3882 habet
3015 3834 3364 3884 sacerdotium
3385 3849 3408 3886 :

1846 3925 1980 3976 unde
2003 3935 2048 3976 et
2073 3940 2279 3978 servare
2303 3941 2477 3978 omnes
2521 3933 2686 3991 potest
2711 3927 2799 3992 qui
2841 3929 3095 3979 accedunt
3127 3944 3217 3993 per
3254 3927 3403 3979 illum

1846 4019 1913 4066 ad
1941 4015 2124 4079 Deum,
2162 4033 2365 4084 semper
2395 4020 2586 4078 vivens,
2611 4020 2665 4069 in
2685 4034 2802 4070 eum
2827 4018 3005 4084 ﬁnem,
3040 4028 3094 4068 ut
3123 4033 3217 4082 pro
3251 4018 3404 4070 nobis

1844 4106 2128 4158 intercedat
2164 4106 2230 4157 ⁷⁵.
2280 4111 2338 4168 μΙη
2382 4106 2519 4171 Quin
2570 4115 2625 4160 et
2682 4105 3042 4160 Melcliisedec
3091 4120 3400 4160 mansurum

1848 4194 2183 4247 sacerdmem
2211 4195 2261 4246 in
2288 4204 2545 4248 aeternum
2578 4195 2881 4260 conﬁrmat,
2919 4209 2983 4257 eo
3015 4197 3154 4262 quod
3190 4196 3403 4250 assimi-

177 4287 316 4342 letur
348 4287 488 4341 Filio
522 4286 635 4342 Dei.
671 4285 828 4340 Hisce
862 4297 1037 4340 tamen
1073 4285 1321 4339 omnibus
1344 4300 1529 4338 ausum
1573 4285 1734 4336 fuisse
1774 4282 2081 4337 Marcellum
2139 4287 2410 4338 contraria
2472 4287 2628 4353 plane
2678 4287 2934 4339 mandare
2984 4285 3198 4347 litteris,
3244 4286 3402 4354 paulo

171 4391 292 4448 post
323 4390 658 4447 proponetur
680 4381 980 4445 cuicunque
1026 4378 1357 4430 intuendum.
1395 4376 1447 4428 lu
1487 4376 1732 4445 praesenti
1771 4385 1947 4428 autem
1981 4377 2387 4445 despiciendam
2449 4377 2605 4430 nobis
2657 4379 2810 4444 prius
2841 4388 2944 4442 est,
2992 4391 3153 4445 quam
3187 4376 3403 4431 fovebat

169 4471 262 4527 ille
286 4469 640 4535 sententiam,
674 4471 740 4524 de
769 4471 903 4524 Filio
938 4469 1029 4524 Dei
1066 4486 1167 4522 non
1203 4468 1498 4522 exsistente
1540 4468 1606 4521 ab
1639 4468 1790 4521 initio
1832 4484 1931 4521 nec
1970 4471 2162 4522 sortito
2204 4470 2633 4523 subsistentium.

282 4677 342 4734 »14
391 4671 491 4724 Ed.
520 4669 850 4735 Paris..pag.
888 4670 974 4723 55.
1022 4669 1159 4740 fill
1203 4669 1342 4740 Tim.
1380 4687 1438 4730 ll,
1480 4672 1559 4729 Η,
1596 4672 1673 4724 19..
1752 4676 1797 4703 ⁷⁰
1833 4675 1983 4727 llum.
2018 4691 2129 4740 vm,
2174 4677 2257 4731 l7.

171 4739 409 4795 τηεογ.
447 4755 484 4803 ι,
510 4742 562 4794 9.
636 4740 680 4770 “
705 4741 896 4808 Lpbes.
932 4739 1062 4804 ",6,
1099 4739 1149 4790 7.
1229 4741 1273 4770 ’³
1303 4738 1464 4792 Hebr.
1497 4757 1583 4796 vn.
1621 4742 1712 4800 28.
1736 4744 1828 4796 ‘25.

2367 4680 2408 4708 ⁷¹
2439 4679 2592 4731 Rom.
2635 4695 2708 4743 νι,
2731 4679 2785 4742 8,
2810 4681 2862 4733 9.
2940 4681 2984 4709 "
3016 4678 3211 4748 Ephes.
3244 4694 3304 4745 II,
3339 4678 3394 4734 8.

240 5074 354 5141 (56)
395 5070 508 5126 Kal
544 5069 798 5149 θάνατον
832 5069 1010 5134 ἕξειν.
1031 5071 1178 5153 “lino
1205 5069 1504 5153 ῥῦάνατον,
1544 5088 1731 5140 nempe

1843 5076 2064 5145 κρίσεως
2118 5077 2338 5146 μέτοχον
2373 5076 2754 5153 ..ἀποκαλοῦσμ
2805 5078 2870 5130 Et
2916 5079 2995 5153 sit:
3039 5080 3139 5153 huc
3187 5080 3303 5134 loco
3343 5083 3393 5137 ἱ)

174 5138 423 5211 regnum.
457 5141 769 5211 utrequirit
790 5154 1007 5211 sensus.
1029 5141 1093 5193 Et
1117 5138 1281 5193 Judaei
1314 5156 1411 5193 suo
1437 5138 1727 5194 etiamnum

170 5208 491 5278 exspectato
518 5208 723 5262 MeSsize
763 5210 1142 5273 attribuebant,
1168 5225 1324 5276 quem
1362 5211 1627 5263 hominem
1663 5215 1729 5265 dc

171 5281 395 5350 boriiine
428 5278 776 5350 temporalem
817 5278 1128 5345 principem,
1164 5280 1298 5346 μετὰ
1335 5280 1573 5350 μεγάλης
1603 5299 1729 5348 φαν-

168 5349 361 5410 τασίας
393 5362 447 5402 et
479 5347 755 5416 δυνάμεως
786 5357 1148 5415 regnaturum.
1178 5351 1243 5400 ub
1265 5347 1372 5400 Elia
1397 5347 1724 5416 ungendum,

169 5420 249 5470 sui
286 5421 626 5483 ignorantem
662 5429 786 5486 ante
833 5419 1179 5470 unctionem:
1223 5420 1343 5472 aliis
1393 5421 1738 5486 incognitum.

1838 5158 1982 5225 textu
2019 5161 2247 5225 quoque
2281 5147 2654 5209 scribendum;
2705 5157 2771 5225 et.
2800 5163 2895 5225 pro
2930 5148 3020 5201 illo
3060 5150 3395 5225 Elimmenon

1836 5213 2161 5286 inversione
2210 5213 2435 5268 Unctum
2471 5231 2682 5283 repone.
2735 5213 2954 5271 Erudite
3003 5229 3182 5271 autem
3215 5230 3267 5272 et
3311 5224 3397 5286 pie

1835 5285 2069 5350 disputat
2096 5284 2160 5336 ad
2182 5287 2337 5337 linem
2368 5287 2611 5354 rapitis,
2657 5287 2720 5338 de
2763 5298 2961 5339 aiterna
3003 5284 3393 5354 ,sulisistentia,

1834 5368 1998 5422 regno
2044 5364 2303 5422 perpetuo
2355 5353 2474 5406 Filii
2511 5355 2598 5408 Dei
2631 5354 2910 5416 Eusebius,
2940 5360 3077 5424 quad
3110 5358 3395 5413 Marcellus

1828 5425 1910 5475 vel
1935 5425 2167 5494 sustulit,
2193 5424 2274 5494 uel
2294 5425 2575 5476 sustulisse
2598 5428 2663 5475 ab
2690 5439 2753 5476 eo
2769 5426 3032 5494 signetur.
3062 5426 3202 5478 M.—
3223 5429 3394 5494 Supra

170 5487 698 5565 debla.terattt._Yide
725 5485 920 5538 Justiti.
953 5487 1456 5565 Mutyce-inﬂatum
1480 5485 1722 5565 ,Ιιι-άαςιιηι

1843 5494 1984 5565 ιιιιεο
2011 5491 2328 5560 ὴλιμμένον.
2373 5494 2496 5565 dein
2540 5495 2695 5560 vulgo
2722 5485 2935 5556 καὶνεῐς
2964 5513 3013 5548 τ.
3038 5498 3090 5549 ἁ,
3118 5496 3252 5565 ὁμοῦ
3283 5485 3392 5549 diu.

170 5555 525 5625 Tryphonem.
552 5556 820 5617 Nusquam
850 5571 972 5607 vero
999 5558 1212 5608 tuemini
1241 5558 1449 5623 legisse,
1480 5574 1506 5609 a
1532 5556 1728 5610 .ludmis

1829 5561 1993 5634 Puero
2019 5565 2172 5634 vulgo
2202 5561 2609 5634 συμπάσχωμεν
2634 5574 2682 5614 el
2723 5563 2906 5625 ἁπλῶς
2933 5564 3087 5634 ζήσει
3121 5561 3171 5615 ct
3283 5567 3390 5634 γὰρ

169 5624 425 5703 Mes-siam
463 5640 618 5678 suum
657 5625 988 5705 Eliuiurenou
1036 5627 1390 5705 appellaturi),
1441 5628 1540 5679 nisi
1589 5628 1724 5692 apud

1843 5631 2018 5698 jyubv;
2065 5633 2207 5705 tlt'lll_
2242 5624 2383 5705 360w.
2429 5624 2701 5701 συνίστησι
2752 5645 2805 5685 et
2859 5624 3043 5705 σονήξα
3087 5638 3247 5703 φησὶν
3295 5624 3394 5690 διὰ

170 5696 343 5761 ipsum
385 5697 528 5746 hunc
563 5705 801 5745 nostrum
839 5694 1028 5746 Euseb.
1061 5696 1149 5745 lib.
1181 5711 1228 5746 Iv
1266 5698 1613 5748 Demonstrat.
1649 5713 1723 5748 ev.

1828 5717 2005 5774 συνεκ.
2035 5699 2323 5774 ἐβᾷεξιῶν.
2361 5731 2425 5739 —
2461 5699 2770 5772 l’utilo’post
2802 5706 2956 5768 vulgo
2977 5699 3367 5774 ’τὸνῦπερὸἐλ

165 5778 289 5835 pug.
319 5764 445 5834 110,
471 5765 667 5832 Διόπερ
691 5764 918 5832 Χριστὸν
944 5766 1032 5817 καὶ
1066 5765 1413 5835 Ἠλειμμένον
1442 5767 1530 5818 τὸν
1561 5768 1724 5834 αὐτῆς
1826 5769 1982 5822 λοντοι
2023 5770 2264 5821 πλοῦτον.
