  <div class='ocr_page' id='page_1' title='image "/cluster/home/n/w/nwhite01/storage/ocr_20150623/24/pst.000005712083/410.png"; bbox 0 0 4070 6304; ppageno 0'>
   <div class='ocr_carea' id='block_1_1' title="bbox 204 400 315 459">
    <p class='ocr_par' dir='ltr' id='par_1_1' title="bbox 204 400 315 459">
     <span class='ocr_line' id='line_1_1' title="bbox 204 400 315 459; baseline 0 0"><span class='ocrx_word' id='word_1_1' title='bbox 204 400 315 459; x_wconf 73' lang='lat'><strong>783</strong></span> 
     </span>
    </p>
   </div>
   <div class='ocr_carea' id='block_1_2' title="bbox 1298 390 2311 453">
    <p class='ocr_par' dir='ltr' id='par_1_2' title="bbox 1298 390 2311 453">
     <span class='ocr_line' id='line_1_2' title="bbox 1298 390 2311 453; baseline -0.007 0"><span class='ocrx_word' id='word_1_2' title='bbox 1298 395 1576 453; x_wconf 72' lang='lat' dir='ltr'><strong>CONTRA</strong></span> <span class='ocrx_word' id='word_1_3' title='bbox 1614 391 2036 450; x_wconf 72' lang='grc' dir='ltr'>ιιΑιιοΕιιυιι</span> <span class='ocrx_word' id='word_1_4' title='bbox 2074 391 2205 447; x_wconf 82' lang='lat' dir='ltr'><strong>LIB.</strong></span> <span class='ocrx_word' id='word_1_5' title='bbox 2244 390 2311 447; x_wconf 80' lang='lat' dir='ltr'><strong>ll.</strong></span> 
     </span>
    </p>
   </div>
   <div class='ocr_carea' id='block_1_3' title="bbox 3319 386 3427 445">
    <p class='ocr_par' dir='ltr' id='par_1_3' title="bbox 3319 386 3427 445">
     <span class='ocr_line' id='line_1_3' title="bbox 3319 386 3427 445; baseline 0.019 -2"><span class='ocrx_word' id='word_1_6' title='bbox 3319 386 3427 445; x_wconf 78' lang='lat'><strong>786</strong></span> 
     </span>
    </p>
   </div>
   <div class='ocr_carea' id='block_1_4' title="bbox 208 499 1769 584">
    <p class='ocr_par' dir='ltr' id='par_1_4' title="bbox 208 508 1769 584">
     <span class='ocr_line' id='line_1_4' title="bbox 208 508 1769 584; baseline -0.005 -17"><span class='ocrx_word' id='word_1_7' title='bbox 208 534 229 567; x_wconf 77' lang='grc' dir='ltr'><strong>ι</strong></span> <span class='ocrx_word' id='word_1_8' title='bbox 269 513 511 584; x_wconf 73' lang='grc' dir='ltr'>γίγνεται</span> <span class='ocrx_word' id='word_1_9' title='bbox 545 512 777 584; x_wconf 87' lang='grc' dir='ltr'>Πατρός.</span> <span class='ocrx_word' id='word_1_10' title='bbox 814 510 1052 583; x_wconf 83' lang='grc' dir='ltr'>Θάτερον</span> <span class='ocrx_word' id='word_1_11' title='bbox 1072 509 1115 564; x_wconf 74' lang='grc' dir='ltr'><strong>δ’</strong></span> <span class='ocrx_word' id='word_1_12' title='bbox 1136 510 1237 563; x_wconf 87' lang='grc' dir='ltr'>οὐκ</span> <span class='ocrx_word' id='word_1_13' title='bbox 1264 509 1344 563; x_wconf 76' lang='grc' dir='ltr'>ἔτι</span> <span class='ocrx_word' id='word_1_14' title='bbox 1367 509 1538 578; x_wconf 84' lang='grc' dir='ltr'>ὑγιῶς</span> <span class='ocrx_word' id='word_1_15' title='bbox 1552 508 1658 562; x_wconf 71' lang='grc' dir='ltr'>οὐδ’</span> <span class='ocrx_word' id='word_1_16' title='bbox 1683 508 1769 561; x_wconf 84' lang='grc' dir='ltr'><strong>εὑ-</strong></span> 
     </span>
    </p>
   </div>
   <div class='ocr_carea' id='block_1_5' title="bbox 1857 499 3425 584">
    <p class='ocr_par' dir='ltr' id='par_1_5' title="bbox 1876 499 3425 573">
     <span class='ocr_line' id='line_1_5' title="bbox 1876 499 3425 573; baseline -0.001 -15"><span class='ocrx_word' id='word_1_17' title='bbox 1876 526 1896 558; x_wconf 77' lang='grc' dir='ltr'><strong>ι</strong></span> <span class='ocrx_word' id='word_1_18' title='bbox 1918 505 2030 563; x_wconf 85' lang='lat' dir='ltr'><strong>Deo</strong></span> <span class='ocrx_word' id='word_1_19' title='bbox 2062 504 2327 560; x_wconf 74' lang='lat' dir='ltr'><strong>videbitur</strong></span> <span class='ocrx_word' id='word_1_20' title='bbox 2350 518 2491 560; x_wconf 82' lang='lat' dir='ltr'><strong>esse.</strong></span> <span class='ocrx_word' id='word_1_21' title='bbox 2519 505 2672 573; x_wconf 92' lang='lat' dir='ltr'><strong>Quod</strong></span> <span class='ocrx_word' id='word_1_22' title='bbox 2699 503 2745 559; x_wconf 91' lang='lat' dir='ltr'><strong>si</strong></span> <span class='ocrx_word' id='word_1_23' title='bbox 2774 501 2865 558; x_wconf 84' lang='lat' dir='ltr'><strong>illa</strong></span> <span class='ocrx_word' id='word_1_24' title='bbox 2888 499 3110 566; x_wconf 85' lang='lat' dir='ltr'><strong>additio,</strong></span> <span class='ocrx_word' id='word_1_25' title='bbox 3129 504 3425 556; x_wconf 84' lang='lat' dir='ltr'><strong>secundum</strong></span> 
     </span>
    </p>
   </div>
   <div class='ocr_carea' id='block_1_6' title="bbox 208 593 1760 672">
    <p class='ocr_par' dir='ltr' id='par_1_6' title="bbox 208 593 1760 672">
     <span class='ocr_line' id='line_1_6' title="bbox 208 593 1760 672; baseline -0.003 -19"><span class='ocrx_word' id='word_1_26' title='bbox 208 622 228 653; x_wconf 74' lang='grc' dir='ltr'><strong>ι</strong></span> <span class='ocrx_word' id='word_1_27' title='bbox 275 600 446 665; x_wconf 75' lang='grc' dir='ltr'>σιϐὦς</span> <span class='ocrx_word' id='word_1_28' title='bbox 473 601 621 670; x_wconf 82' lang='grc' dir='ltr'>αύτῷ</span> <span class='ocrx_word' id='word_1_29' title='bbox 644 599 1031 672; x_wconf 79' lang='grc' dir='ltr'>παρείληπται.</span> <span class='ocrx_word' id='word_1_30' title='bbox 1071 598 1145 652; x_wconf 83' lang='grc' dir='ltr'>Τὸ</span> <span class='ocrx_word' id='word_1_31' title='bbox 1182 598 1290 670; x_wconf 87' lang='grc' dir='ltr'><strong>γὰρ</strong></span> <span class='ocrx_word' id='word_1_32' title='bbox 1320 598 1395 669; x_wconf 81' lang='grc' dir='ltr'>μὴ</span> <span class='ocrx_word' id='word_1_33' title='bbox 1426 598 1596 665; x_wconf 84' lang='grc' dir='ltr'>Λόγον</span> <span class='ocrx_word' id='word_1_34' title='bbox 1622 593 1760 650; x_wconf 74' lang='grc' dir='ltr'>εἶναι</span> 
     </span>
    </p>
   </div>
   <div class='ocr_carea' id='block_1_7' title="bbox 209 682 1763 764">
    <p class='ocr_par' dir='ltr' id='par_1_7' title="bbox 209 682 1763 764">
     <span class='ocr_line' id='line_1_7' title="bbox 209 682 1763 764; baseline -0.003 -19"><span class='ocrx_word' id='word_1_35' title='bbox 209 710 229 745; x_wconf 78' lang='grc' dir='ltr'><strong>ι</strong></span> <span class='ocrx_word' id='word_1_36' title='bbox 255 694 421 764; x_wconf 67' lang='grc' dir='ltr'>φῆσαι</span> <span class='ocrx_word' id='word_1_37' title='bbox 451 692 543 745; x_wconf 88' lang='grc' dir='ltr'><strong>τὸν</strong></span> <span class='ocrx_word' id='word_1_38' title='bbox 570 689 630 755; x_wconf 72' lang='grc' dir='ltr'><strong>ἐξ</strong></span> <span class='ocrx_word' id='word_1_39' title='bbox 657 691 819 744; x_wconf 82' lang='grc' dir='ltr'>αὐτοῦ</span> <span class='ocrx_word' id='word_1_40' title='bbox 842 690 1188 763; x_wconf 74' lang='grc' dir='ltr'><strong>προελθόντα,</strong></span> <span class='ocrx_word' id='word_1_41' title='bbox 1208 689 1300 743; x_wconf 71' lang='grc' dir='ltr'><strong>καὶ</strong></span> <span class='ocrx_word' id='word_1_42' title='bbox 1311 689 1497 743; x_wconf 82' lang='grc' dir='ltr'>τοῦτον</span> <span class='ocrx_word' id='word_1_43' title='bbox 1513 682 1652 742; x_wconf 77' lang='lat' dir='ltr'><strong>elvat</strong></span> <span class='ocrx_word' id='word_1_44' title='bbox 1671 688 1763 741; x_wconf 87' lang='grc' dir='ltr'><strong>τὸν</strong></span> 
     </span>
    </p>
   </div>
   <div class='ocr_carea' id='block_1_8' title="bbox 207 780 1761 855">
    <p class='ocr_par' dir='ltr' id='par_1_8' title="bbox 207 780 1761 855">
     <span class='ocr_line' id='line_1_8' title="bbox 207 780 1761 855; baseline -0.003 -19"><span class='ocrx_word' id='word_1_45' title='bbox 207 801 228 836; x_wconf 77' lang='grc' dir='ltr'><strong>ι</strong></span> <span class='ocrx_word' id='word_1_46' title='bbox 252 784 351 854; x_wconf 83' lang='grc' dir='ltr'>τῆς</span> <span class='ocrx_word' id='word_1_47' title='bbox 367 783 671 852; x_wconf 78' lang='grc' dir='ltr'>γεννήσεως</span> <span class='ocrx_word' id='word_1_48' title='bbox 686 782 862 853; x_wconf 79' lang='grc' dir='ltr'>ἀληθῆ</span> <span class='ocrx_word' id='word_1_49' title='bbox 877 782 1089 855; x_wconf 76' lang='grc' dir='ltr'>τρόπον,</span> <span class='ocrx_word' id='word_1_50' title='bbox 1108 780 1220 835; x_wconf 81' lang='grc' dir='ltr'>ἀλλ’</span> <span class='ocrx_word' id='word_1_51' title='bbox 1235 780 1419 844; x_wconf 83' lang='grc' dir='ltr'>ἁπλῶς</span> <span class='ocrx_word' id='word_1_52' title='bbox 1434 780 1563 833; x_wconf 85' lang='grc' dir='ltr'>Υίὸν</span> <span class='ocrx_word' id='word_1_53' title='bbox 1581 780 1761 851; x_wconf 88' lang='grc' dir='ltr'>μόνον,</span> 
     </span>
    </p>
   </div>
   <div class='ocr_carea' id='block_1_9' title="bbox 204 872 1765 945">
    <p class='ocr_par' dir='ltr' id='par_1_9' title="bbox 204 872 1765 945">
     <span class='ocr_line' id='line_1_9' title="bbox 204 872 1765 945; baseline -0.003 -17"><span class='ocrx_word' id='word_1_54' title='bbox 204 890 227 928; x_wconf 85' lang='lat' dir='ltr'><strong>s</strong></span> <span class='ocrx_word' id='word_1_55' title='bbox 264 873 498 945; x_wconf 67' lang='grc' dir='ltr'>ἔμφασίν</span> <span class='ocrx_word' id='word_1_56' title='bbox 518 891 638 927; x_wconf 88' lang='grc' dir='ltr'>τινα</span> <span class='ocrx_word' id='word_1_57' title='bbox 657 877 767 937; x_wconf 81' lang='grc' dir='ltr'>τοῖς</span> <span class='ocrx_word' id='word_1_58' title='bbox 785 873 1069 929; x_wconf 82' lang='grc' dir='ltr'>ἀκούουσιν</span> <span class='ocrx_word' id='word_1_59' title='bbox 1089 872 1429 945; x_wconf 77' lang='grc' dir='ltr'><strong>ἀνθρωπίνης</strong></span> <span class='ocrx_word' id='word_1_60' title='bbox 1442 873 1615 944; x_wconf 78' lang='grc' dir='ltr'>ὅψεως</span> <span class='ocrx_word' id='word_1_61' title='bbox 1627 888 1765 942; x_wconf 86' lang='grc' dir='ltr'>παρ-</span> 
     </span>
    </p>
   </div>
   <div class='ocr_carea' id='block_1_10' title="bbox 207 963 1761 1036">
    <p class='ocr_par' dir='ltr' id='par_1_10' title="bbox 207 963 1761 1036">
     <span class='ocr_line' id='line_1_10' title="bbox 207 963 1761 1036; baseline -0.001 -18"><span class='ocrx_word' id='word_1_62' title='bbox 207 984 227 1018; x_wconf 81' lang='lat' dir='ltr'><strong>s</strong></span> <span class='ocrx_word' id='word_1_63' title='bbox 262 967 407 1036; x_wconf 59' lang='grc' dir='ltr'>ἔχειν</span> <span class='ocrx_word' id='word_1_64' title='bbox 436 965 615 1022; x_wconf 71' lang='grc' dir='ltr'><strong>εἴωθε.</strong></span> <span class='ocrx_word' id='word_1_65' title='bbox 652 985 671 1018; x_wconf 84' lang='grc' dir='ltr'><strong>ι</strong></span> <span class='ocrx_word' id='word_1_66' title='bbox 704 967 814 1021; x_wconf 76' lang='lat' dir='ltr'><strong>Kal</strong></span> <span class='ocrx_word' id='word_1_67' title='bbox 836 968 893 1020; x_wconf 66' lang='lat' dir='ltr'><strong>iv</strong></span> <span class='ocrx_word' id='word_1_68' title='bbox 925 964 1135 1029; x_wconf 83' lang='grc' dir='ltr'><strong>τούτοις</strong></span> <span class='ocrx_word' id='word_1_69' title='bbox 1158 966 1254 1036; x_wconf 70' lang='grc' dir='ltr'>μὲν</span> <span class='ocrx_word' id='word_1_70' title='bbox 1274 967 1450 1035; x_wconf 74' lang='grc' dir='ltr'>γυμνῇ</span> <span class='ocrx_word' id='word_1_71' title='bbox 1470 967 1536 1035; x_wconf 74' lang='grc' dir='ltr'>τῇ</span> <span class='ocrx_word' id='word_1_72' title='bbox 1553 963 1761 1033; x_wconf 79' lang='grc' dir='ltr'><strong>κεφαλῇ</strong></span> 
     </span>
    </p>
   </div>
   <div class='ocr_carea' id='block_1_11' title="bbox 198 1052 1764 1129">
    <p class='ocr_par' dir='ltr' id='par_1_11' title="bbox 198 1052 1764 1129">
     <span class='ocr_line' id='line_1_11' title="bbox 198 1052 1764 1129; baseline -0.002 -20"><span class='ocrx_word' id='word_1_73' title='bbox 198 1054 293 1109; x_wconf 78' lang='grc' dir='ltr'><strong>τὸν</strong></span> <span class='ocrx_word' id='word_1_74' title='bbox 323 1054 421 1126; x_wconf 66' lang='grc' dir='ltr'>μὲν</span> <span class='ocrx_word' id='word_1_75' title='bbox 452 1054 581 1108; x_wconf 83' lang='grc' dir='ltr'>Υἰὸν</span> <span class='ocrx_word' id='word_1_76' title='bbox 613 1056 905 1129; x_wconf 75' lang='grc' dir='ltr'>ἠρνήσατο,</span> <span class='ocrx_word' id='word_1_77' title='bbox 931 1054 1085 1124; x_wconf 81' lang='grc' dir='ltr'>ψιλὸν</span> <span class='ocrx_word' id='word_1_78' title='bbox 1112 1055 1169 1108; x_wconf 82' lang='grc' dir='ltr'><strong>δὲ</strong></span> <span class='ocrx_word' id='word_1_79' title='bbox 1197 1054 1394 1123; x_wconf 87' lang='grc' dir='ltr'>Λόγον,</span> <span class='ocrx_word' id='word_1_80' title='bbox 1419 1053 1607 1125; x_wconf 80' lang='grc' dir='ltr'>ὥσπερ</span> <span class='ocrx_word' id='word_1_81' title='bbox 1641 1052 1764 1106; x_wconf 80' lang='grc' dir='ltr'>τινὰ</span> 
     </span>
    </p>
   </div>
   <div class='ocr_carea' id='block_1_12' title="bbox 202 1137 1762 1218">
    <p class='ocr_par' dir='ltr' id='par_1_12' title="bbox 202 1137 1762 1218">
     <span class='ocr_line' id='line_1_12' title="bbox 202 1137 1762 1218; baseline -0.001 -18"><span class='ocrx_word' id='word_1_82' title='bbox 202 1147 596 1218; x_wconf 76' lang='grc' dir='ltr'><strong>προστακτικὸν</strong></span> <span class='ocrx_word' id='word_1_83' title='bbox 612 1148 722 1200; x_wconf 86' lang='grc' dir='ltr'><strong>τῶν</strong></span> <span class='ocrx_word' id='word_1_84' title='bbox 738 1146 1004 1217; x_wconf 73' lang='grc' dir='ltr'><strong>ποιητέων</strong></span> <span class='ocrx_word' id='word_1_85' title='bbox 1020 1145 1435 1215; x_wconf 77' lang='grc' dir='ltr'>είσάγων,δῆλός</span> <span class='ocrx_word' id='word_1_86' title='bbox 1449 1147 1595 1199; x_wconf 71' lang='grc' dir='ltr'>ἐστιν</span> <span class='ocrx_word' id='word_1_87' title='bbox 1613 1143 1673 1210; x_wconf 72' lang='grc' dir='ltr'><strong>ἐξ</strong></span> <span class='ocrx_word' id='word_1_88' title='bbox 1686 1137 1762 1198; x_wconf 81' lang='grc' dir='ltr'>ὧν</span> 
     </span>
    </p>
   </div>
   <div class='ocr_carea' id='block_1_13' title="bbox 198 1236 1763 1309">
    <p class='ocr_par' dir='ltr' id='par_1_13' title="bbox 198 1236 1763 1309">
     <span class='ocr_line' id='line_1_13' title="bbox 198 1236 1763 1309; baseline -0.001 -18"><span class='ocrx_word' id='word_1_89' title='bbox 198 1237 452 1309; x_wconf 70' lang='grc' dir='ltr'>ιπιφέρει</span> <span class='ocrx_word' id='word_1_90' title='bbox 470 1237 672 1306; x_wconf 73' lang='grc' dir='ltr'>λέγων·</span> <span class='ocrx_word' id='word_1_91' title='bbox 700 1256 720 1290; x_wconf 76' lang='grc' dir='ltr'><strong>ι</strong></span> <span class='ocrx_word' id='word_1_92' title='bbox 753 1239 849 1291; x_wconf 82' lang='grc' dir='ltr'><strong>’⁵ον</strong></span> <span class='ocrx_word' id='word_1_93' title='bbox 864 1236 1006 1291; x_wconf 75' lang='grc' dir='ltr'>οὕτω</span> <span class='ocrx_word' id='word_1_94' title='bbox 1020 1239 1187 1291; x_wconf 77' lang='grc' dir='ltr'>πᾶσαι</span> <span class='ocrx_word' id='word_1_95' title='bbox 1212 1239 1269 1291; x_wconf 86' lang='lat' dir='ltr'><strong>al</strong></span> <span class='ocrx_word' id='word_1_96' title='bbox 1284 1238 1422 1292; x_wconf 82' lang='grc' dir='ltr'>θεῖαι</span> <span class='ocrx_word' id='word_1_97' title='bbox 1437 1238 1763 1309; x_wconf 79' lang='grc' dir='ltr'>κηρύττουσι</span> 
     </span>
    </p>
   </div>
   <div class='ocr_carea' id='block_1_14' title="bbox 198 1326 1764 1400">
    <p class='ocr_par' dir='ltr' id='par_1_14' title="bbox 198 1326 1764 1400">
     <span class='ocr_line' id='line_1_14' title="bbox 198 1326 1764 1400; baseline 0.002 -19"><span class='ocrx_word' id='word_1_98' title='bbox 198 1328 430 1400; x_wconf 79' lang='grc' dir='ltr'>Γραφαί.</span> <span class='ocrx_word' id='word_1_99' title='bbox 463 1329 623 1382; x_wconf 75' lang='grc' dir='ltr'><strong>Δαόὶδ</strong></span> <span class='ocrx_word' id='word_1_100' title='bbox 651 1328 748 1399; x_wconf 76' lang='grc' dir='ltr'>μὲν</span> <span class='ocrx_word' id='word_1_101' title='bbox 776 1326 882 1400; x_wconf 81' lang='grc' dir='ltr'>γὰρ</span> <span class='ocrx_word' id='word_1_102' title='bbox 904 1328 1031 1399; x_wconf 73' lang='grc' dir='ltr'>περὶ</span> <span class='ocrx_word' id='word_1_103' title='bbox 1064 1328 1227 1382; x_wconf 81' lang='grc' dir='ltr'>αὑτοῦ</span> <span class='ocrx_word' id='word_1_104' title='bbox 1261 1329 1408 1395; x_wconf 76' lang='grc' dir='ltr'>λέγει</span> <span class='ocrx_word' id='word_1_105' title='bbox 1437 1346 1450 1359; x_wconf 82' lang='lat'><strong><em>°</em></strong></span> <span class='ocrx_word' id='word_1_106' title='bbox 1482 1328 1566 1395; x_wconf 82' lang='grc' dir='ltr'><strong>Τῷ</strong></span> <span class='ocrx_word' id='word_1_107' title='bbox 1596 1330 1764 1397; x_wconf 84' lang='grc' dir='ltr'><strong>Λότῳ</strong></span> 
     </span>
    </p>
   </div>
   <div class='ocr_carea' id='block_1_15' title="bbox 196 1416 1762 1489">
    <p class='ocr_par' dir='ltr' id='par_1_15' title="bbox 196 1416 1762 1489">
     <span class='ocr_line' id='line_1_15' title="bbox 196 1416 1762 1489; baseline -0.001 -14"><span class='ocrx_word' id='word_1_108' title='bbox 196 1421 418 1488; x_wconf 82' lang='grc' dir='ltr'><em>Κυρίου</em></span> <span class='ocrx_word' id='word_1_109' title='bbox 439 1423 492 1474; x_wconf 82' lang='grc' dir='ltr'><em>οι</em></span> <span class='ocrx_word' id='word_1_110' title='bbox 512 1420 751 1489; x_wconf 73' lang='grc' dir='ltr'><em>οὐρανοὶ</em></span> <span class='ocrx_word' id='word_1_111' title='bbox 766 1418 1215 1487; x_wconf 77' lang='grc' dir='ltr'><strong>ἐστερεώθησαν</strong></span> <span class='ocrx_word' id='word_1_112' title='bbox 1237 1436 1250 1449; x_wconf 89' lang='grc'><strong>·</strong></span> <span class='ocrx_word' id='word_1_113' title='bbox 1277 1416 1431 1483; x_wconf 81' lang='grc' dir='ltr'>αὖθις</span> <span class='ocrx_word' id='word_1_114' title='bbox 1459 1418 1537 1485; x_wconf 71' lang='grc' dir='ltr'>δὲ,</span> <span class='ocrx_word' id='word_1_115' title='bbox 1570 1419 1762 1486; x_wconf 81' lang='grc' dir='ltr'>Αὐτὸς</span> 
     </span>
    </p>
   </div>
   <div class='ocr_carea' id='block_1_16' title="bbox 194 1508 1756 1579">
    <p class='ocr_par' dir='ltr' id='par_1_16' title="bbox 194 1508 1756 1579">
     <span class='ocr_line' id='line_1_16' title="bbox 194 1508 1756 1579; baseline 0.003 -18"><span class='ocrx_word' id='word_1_116' title='bbox 194 1508 593 1574; x_wconf 59' lang='lat' dir='ltr'><strong>ill-(uocatus?</strong></span> <span class='ocrx_word' id='word_1_117' title='bbox 610 1510 715 1563; x_wconf 79' lang='grc' dir='ltr'>τὸν</span> <span class='ocrx_word' id='word_1_118' title='bbox 733 1511 925 1579; x_wconf 81' lang='grc' dir='ltr'><em>Λόγον</em></span> <span class='ocrx_word' id='word_1_119' title='bbox 941 1508 1128 1564; x_wconf 84' lang='grc' dir='ltr'><em>αὐτοῦ</em></span> <span class='ocrx_word' id='word_1_120' title='bbox 1150 1510 1247 1563; x_wconf 76' lang='grc' dir='ltr'><strong>καὶ</strong></span> <span class='ocrx_word' id='word_1_121' title='bbox 1270 1510 1497 1564; x_wconf 79' lang='grc' dir='ltr'>ίιίσεται</span> <span class='ocrx_word' id='word_1_122' title='bbox 1518 1512 1756 1577; x_wconf 83' lang='grc' dir='ltr'>αὐτούς·</span> 
     </span>
    </p>
   </div>
   <div class='ocr_carea' id='block_1_17' title="bbox 195 1599 1763 1672">
    <p class='ocr_par' dir='ltr' id='par_1_17' title="bbox 195 1599 1763 1672">
     <span class='ocr_line' id='line_1_17' title="bbox 195 1599 1763 1672; baseline 0.003 -19"><span class='ocrx_word' id='word_1_123' title='bbox 195 1599 446 1671; x_wconf 82' lang='grc' dir='ltr'>Σολομὼν</span> <span class='ocrx_word' id='word_1_124' title='bbox 461 1600 536 1654; x_wconf 78' lang='grc' dir='ltr'><strong>δέ·</strong></span> <span class='ocrx_word' id='word_1_125' title='bbox 566 1601 991 1671; x_wconf 78' lang='grc' dir='ltr'>Ζητήσουσίμε</span> <span class='ocrx_word' id='word_1_126' title='bbox 1017 1602 1207 1666; x_wconf 76' lang='grc' dir='ltr'>κακοὶ,</span> <span class='ocrx_word' id='word_1_127' title='bbox 1227 1602 1323 1656; x_wconf 72' lang='grc' dir='ltr'><strong>καὶ</strong></span> <span class='ocrx_word' id='word_1_128' title='bbox 1344 1605 1457 1672; x_wconf 83' lang='grc' dir='ltr'><strong>οὐχ</strong></span> <span class='ocrx_word' id='word_1_129' title='bbox 1480 1603 1763 1672; x_wconf 80' lang='grc' dir='ltr'><strong>εὐρήσου·</strong></span> 
     </span>
    </p>
   </div>
   <div class='ocr_carea' id='block_1_18' title="bbox 193 1695 1760 1766">
    <p class='ocr_par' dir='ltr' id='par_1_18' title="bbox 193 1695 1760 1766">
     <span class='ocr_line' id='line_1_18' title="bbox 193 1695 1760 1766; baseline 0.003 -19"><span class='ocrx_word' id='word_1_130' title='bbox 193 1708 323 1748; x_wconf 73' lang='grc' dir='ltr'>σιν.</span> <span class='ocrx_word' id='word_1_131' title='bbox 352 1695 687 1763; x_wconf 75' lang='grc' dir='ltr'>Ἐμίσησάν</span> <span class='ocrx_word' id='word_1_132' title='bbox 706 1696 815 1765; x_wconf 85' lang='grc' dir='ltr'><strong>γὰρ</strong></span> <span class='ocrx_word' id='word_1_133' title='bbox 836 1696 1075 1764; x_wconf 72' lang='grc' dir='ltr'><em>σοφίανο</em></span> <span class='ocrx_word' id='word_1_134' title='bbox 1110 1695 1217 1749; x_wconf 81' lang='grc' dir='ltr'>τὸν</span> <span class='ocrx_word' id='word_1_135' title='bbox 1235 1695 1303 1748; x_wconf 79' lang='grc' dir='ltr'><strong>δὲ</strong></span> <span class='ocrx_word' id='word_1_136' title='bbox 1328 1697 1521 1766; x_wconf 77' lang='grc' dir='ltr'><em>Λόγον</em></span> <span class='ocrx_word' id='word_1_137' title='bbox 1539 1698 1760 1766; x_wconf 81' lang='grc' dir='ltr'><strong>Κυρίου</strong></span> 
     </span>
    </p>
   </div>
   <div class='ocr_carea' id='block_1_19' title="bbox 194 1786 1759 1855">
    <p class='ocr_par' dir='ltr' id='par_1_19' title="bbox 194 1786 1759 1855">
     <span class='ocr_line' id='line_1_19' title="bbox 194 1786 1759 1855; baseline 0.003 -18"><span class='ocrx_word' id='word_1_138' title='bbox 194 1786 271 1838; x_wconf 78' lang='grc' dir='ltr'><em>οὐ</em></span> <span class='ocrx_word' id='word_1_139' title='bbox 295 1786 663 1852; x_wconf 70' lang='grc' dir='ltr'><strong>προείλοντο.</strong></span> <span class='ocrx_word' id='word_1_140' title='bbox 696 1786 922 1850; x_wconf 74' lang='grc' dir='ltr'>Ἡσαΐας</span> <span class='ocrx_word' id='word_1_141' title='bbox 949 1804 1030 1850; x_wconf 85' lang='grc' dir='ltr'>τε,</span> <span class='ocrx_word' id='word_1_142' title='bbox 1066 1787 1160 1839; x_wconf 84' lang='grc' dir='ltr'>Ἐκ</span> <span class='ocrx_word' id='word_1_143' title='bbox 1190 1786 1297 1855; x_wconf 76' lang='grc' dir='ltr'><em>γὰρ</em></span> <span class='ocrx_word' id='word_1_144' title='bbox 1326 1786 1478 1841; x_wconf 78' lang='grc' dir='ltr'><strong>Σιὼν</strong></span> <span class='ocrx_word' id='word_1_145' title='bbox 1518 1786 1759 1853; x_wconf 74' lang='grc' dir='ltr'><strong>ἐξελεύ-</strong></span> 
     </span>
    </p>
   </div>
   <div class='ocr_carea' id='block_1_20' title="bbox 193 1875 1762 1947">
    <p class='ocr_par' dir='ltr' id='par_1_20' title="bbox 193 1875 1762 1947">
     <span class='ocr_line' id='line_1_20' title="bbox 193 1875 1762 1947; baseline 0.004 -20"><span class='ocrx_word' id='word_1_146' title='bbox 193 1888 384 1940; x_wconf 79' lang='grc' dir='ltr'>σεται,</span> <span class='ocrx_word' id='word_1_147' title='bbox 417 1875 541 1946; x_wconf 77' lang='grc' dir='ltr'>ἔφη,</span> <span class='ocrx_word' id='word_1_148' title='bbox 572 1876 755 1943; x_wconf 80' lang='grc' dir='ltr'><em>νόμος</em></span> <span class='ocrx_word' id='word_1_149' title='bbox 794 1876 889 1929; x_wconf 76' lang='grc' dir='ltr'><strong>καὶ</strong></span> <span class='ocrx_word' id='word_1_150' title='bbox 911 1877 1101 1945; x_wconf 86' lang='grc' dir='ltr'><em>Λόγος</em></span> <span class='ocrx_word' id='word_1_151' title='bbox 1128 1876 1347 1944; x_wconf 78' lang='grc' dir='ltr'><strong>Κυρίου</strong></span> <span class='ocrx_word' id='word_1_152' title='bbox 1367 1877 1437 1941; x_wconf 81' lang='grc' dir='ltr'><strong>ἐξ</strong></span> <span class='ocrx_word' id='word_1_153' title='bbox 1466 1878 1762 1947; x_wconf 79' lang='grc' dir='ltr'><em>Ἰερουσα-</em></span> 
     </span>
    </p>
   </div>
   <div class='ocr_carea' id='block_1_21' title="bbox 190 1961 1756 2039">
    <p class='ocr_par' dir='ltr' id='par_1_21' title="bbox 190 1961 1756 2039">
     <span class='ocr_line' id='line_1_21' title="bbox 190 1961 1756 2039; baseline 0.004 -22"><span class='ocrx_word' id='word_1_154' title='bbox 190 1962 339 2034; x_wconf 67' lang='grc' dir='ltr'><strong>λήμ.</strong></span> <span class='ocrx_word' id='word_1_155' title='bbox 390 1966 499 2018; x_wconf 82' lang='lat' dir='ltr'><strong>Kal</strong></span> <span class='ocrx_word' id='word_1_156' title='bbox 546 1961 700 2029; x_wconf 83' lang='grc' dir='ltr'>αὖθις</span> <span class='ocrx_word' id='word_1_157' title='bbox 742 1966 1035 2038; x_wconf 80' lang='grc' dir='ltr'><strong>Ἱερεμίας·</strong></span> <span class='ocrx_word' id='word_1_158' title='bbox 1085 1968 1508 2039; x_wconf 81' lang='grc' dir='ltr'><strong>ᾙσχύνθησαν</strong></span> <span class='ocrx_word' id='word_1_159' title='bbox 1548 1971 1756 2039; x_wconf 72' lang='grc' dir='ltr'>σοφοί,</span> 
     </span>
    </p>
   </div>
   <div class='ocr_carea' id='block_1_22' title="bbox 1878 592 3430 665">
    <p class='ocr_par' dir='ltr' id='par_1_22' title="bbox 1878 592 3430 665">
     <span class='ocr_line' id='line_1_22' title="bbox 1878 592 3430 665; baseline -0.003 -15"><span class='ocrx_word' id='word_1_160' title='bbox 1878 618 1895 650; x_wconf 82' lang='grc' dir='ltr'><strong>ι</strong></span> <span class='ocrx_word' id='word_1_161' title='bbox 1926 612 2145 653; x_wconf 85' lang='lat' dir='ltr'><strong>carnem</strong></span> <span class='ocrx_word' id='word_1_162' title='bbox 2175 596 2496 665; x_wconf 87' lang='lat' dir='ltr'><strong>disquisitio,</strong></span> <span class='ocrx_word' id='word_1_163' title='bbox 2514 598 2580 652; x_wconf 88' lang='lat' dir='ltr'><strong>de</strong></span> <span class='ocrx_word' id='word_1_164' title='bbox 2598 598 2883 651; x_wconf 81' lang='lat' dir='ltr'><strong>Servstore</strong></span> <span class='ocrx_word' id='word_1_165' title='bbox 2903 592 3206 663; x_wconf 85' lang='lat' dir='ltr'><strong>adjiciatur,</strong></span> <span class='ocrx_word' id='word_1_166' title='bbox 3233 608 3430 661; x_wconf 80' lang='lat' dir='ltr'><strong>Opera-</strong></span> 
     </span>
    </p>
   </div>
   <div class='ocr_carea' id='block_1_23' title="bbox 1874 684 3430 750">
    <p class='ocr_par' dir='ltr' id='par_1_23' title="bbox 1874 684 3430 750">
     <span class='ocr_line' id='line_1_23' title="bbox 1874 684 3430 750; baseline -0.001 -9"><span class='ocrx_word' id='word_1_167' title='bbox 1874 709 1892 741; x_wconf 76' lang='grc' dir='ltr'><strong>ι</strong></span> <span class='ocrx_word' id='word_1_168' title='bbox 1918 690 2064 744; x_wconf 91' lang='lat' dir='ltr'><strong>tione</strong></span> <span class='ocrx_word' id='word_1_169' title='bbox 2081 688 2332 743; x_wconf 72' lang='lat' dir='ltr'><strong>divinitas</strong></span> <span class='ocrx_word' id='word_1_170' title='bbox 2375 688 2490 743; x_wconf 85' lang='lat' dir='ltr'><strong>sola</strong></span> <span class='ocrx_word' id='word_1_171' title='bbox 2532 686 2805 743; x_wconf 79' lang='lat' dir='ltr'><strong>videbitur</strong></span> <span class='ocrx_word' id='word_1_172' title='bbox 2841 684 3076 750; x_wconf 73' lang='lat' dir='ltr'><strong>dilatari,</strong></span> <span class='ocrx_word' id='word_1_173' title='bbox 3128 693 3188 736; x_wconf 94' lang='lat' dir='ltr'><strong>ut</strong></span> <span class='ocrx_word' id='word_1_174' title='bbox 3227 684 3430 739; x_wconf 89' lang='lat' dir='ltr'><strong>merito</strong></span> 
     </span>
    </p>
   </div>
   <div class='ocr_carea' id='block_1_24' title="bbox 1872 772 3428 848">
    <p class='ocr_par' dir='ltr' id='par_1_24' title="bbox 1872 772 3428 848">
     <span class='ocr_line' id='line_1_24' title="bbox 1872 772 3428 848; baseline -0.003 -16"><span class='ocrx_word' id='word_1_175' title='bbox 1872 800 1890 832; x_wconf 75' lang='grc' dir='ltr'><strong>ι</strong></span> <span class='ocrx_word' id='word_1_176' title='bbox 1914 779 2127 848; x_wconf 86' lang='lat' dir='ltr'><strong>quidem</strong></span> <span class='ocrx_word' id='word_1_177' title='bbox 2152 779 2331 833; x_wconf 86' lang='lat' dir='ltr'><strong>unitas</strong></span> <span class='ocrx_word' id='word_1_178' title='bbox 2352 773 3225 834; x_wconf 71' lang='lat' dir='ltr'><strong>sitindivisibilis.iVehementius</strong></span> <span class='ocrx_word' id='word_1_179' title='bbox 3248 772 3428 827; x_wconf 88' lang='lat' dir='ltr'><strong>adhuc</strong></span> 
     </span>
    </p>
   </div>
   <div class='ocr_carea' id='block_1_25' title="bbox 1867 864 3427 936">
    <p class='ocr_par' dir='ltr' id='par_1_25' title="bbox 1867 864 3427 936">
     <span class='ocr_line' id='line_1_25' title="bbox 1867 864 3427 936; baseline -0.006 -9"><span class='ocrx_word' id='word_1_180' title='bbox 1867 873 1966 927; x_wconf 86' lang='lat' dir='ltr'><strong>hoc</strong></span> <span class='ocrx_word' id='word_1_181' title='bbox 2000 871 2138 927; x_wconf 88' lang='lat' dir='ltr'><strong>idem</strong></span> <span class='ocrx_word' id='word_1_182' title='bbox 2169 880 2395 925; x_wconf 91' lang='lat' dir='ltr'><strong>conatur</strong></span> <span class='ocrx_word' id='word_1_183' title='bbox 2420 880 2663 925; x_wconf 80' lang='lat' dir='ltr'><strong>astruere</strong></span> <span class='ocrx_word' id='word_1_184' title='bbox 2722 870 2774 923; x_wconf 89' lang='lat' dir='ltr'><strong>in</strong></span> <span class='ocrx_word' id='word_1_185' title='bbox 2807 868 2872 922; x_wconf 88' lang='lat' dir='ltr'><strong>iis</strong></span> <span class='ocrx_word' id='word_1_186' title='bbox 2907 880 3033 936; x_wconf 72' lang='lat' dir='ltr'><strong>quae</strong></span> <span class='ocrx_word' id='word_1_187' title='bbox 3070 864 3325 932; x_wconf 83' lang='lat' dir='ltr'><strong>deinceps</strong></span> <span class='ocrx_word' id='word_1_188' title='bbox 3350 864 3427 918; x_wconf 87' lang='lat' dir='ltr'><strong>ita</strong></span> 
     </span>
    </p>
   </div>
   <div class='ocr_carea' id='block_1_26' title="bbox 1863 955 3423 1035">
    <p class='ocr_par' dir='ltr' id='par_1_26' title="bbox 1863 955 3423 1035">
     <span class='ocr_line' id='line_1_26' title="bbox 1863 955 3423 1035; baseline -0.007 -17"><span class='ocrx_word' id='word_1_189' title='bbox 1863 962 2050 1018; x_wconf 84' lang='lat' dir='ltr'><strong>scribit</strong></span> <span class='ocrx_word' id='word_1_190' title='bbox 2080 981 2092 1016; x_wconf 94' lang='lat'><strong>:</strong></span> <span class='ocrx_word' id='word_1_191' title='bbox 2120 960 2141 1035; x_wconf 96' lang='lat'>[</span> <span class='ocrx_word' id='word_1_192' title='bbox 2169 961 2234 1016; x_wconf 79' lang='lat' dir='ltr'><strong>il.</strong></span> <span class='ocrx_word' id='word_1_193' title='bbox 2265 960 2458 1027; x_wconf 79' lang='lat' dir='ltr'><strong>XXXI,</strong></span> <span class='ocrx_word' id='word_1_194' title='bbox 2478 960 2602 1016; x_wconf 88' lang='lat' dir='ltr'><strong>coll.</strong></span> <span class='ocrx_word' id='word_1_195' title='bbox 2630 975 2685 1030; x_wconf 90' lang='lat' dir='ltr'><strong>p.</strong></span> <span class='ocrx_word' id='word_1_196' title='bbox 2720 958 2845 1024; x_wconf 73' lang='grc'>112,</span> <span class='ocrx_word' id='word_1_197' title='bbox 2882 958 2928 1012; x_wconf 88' lang='grc' dir='ltr'>Λ</span> <span class='ocrx_word' id='word_1_198' title='bbox 2952 956 2972 1029; x_wconf 76' lang='grc' dir='ltr'>Ῑ</span> <span class='ocrx_word' id='word_1_199' title='bbox 2995 955 3177 1010; x_wconf 69' lang='lat' dir='ltr'><strong>Dicere</strong></span> <span class='ocrx_word' id='word_1_200' title='bbox 3204 955 3423 1016; x_wconf 84' lang='lat' dir='ltr'><strong>idcirco,</strong></span> 
     </span>
    </p>
   </div>
   <div class='ocr_carea' id='block_1_27' title="bbox 1862 1050 3428 1122">
    <p class='ocr_par' dir='ltr' id='par_1_27' title="bbox 1862 1050 3428 1122">
     <span class='ocr_line' id='line_1_27' title="bbox 1862 1050 3428 1122; baseline -0.003 -17"><span class='ocrx_word' id='word_1_201' title='bbox 1862 1053 2012 1107; x_wconf 80' lang='lat' dir='ltr'><strong>illum</strong></span> <span class='ocrx_word' id='word_1_202' title='bbox 2035 1063 2155 1106; x_wconf 97' lang='lat' dir='ltr'><strong>ante</strong></span> <span class='ocrx_word' id='word_1_203' title='bbox 2172 1052 2369 1107; x_wconf 62' lang='lat' dir='ltr'><strong>saecula</strong></span> <span class='ocrx_word' id='word_1_204' title='bbox 2388 1061 2691 1122; x_wconf 85' lang='lat' dir='ltr'><strong>generatum</strong></span> <span class='ocrx_word' id='word_1_205' title='bbox 2722 1051 2907 1121; x_wconf 80' lang='lat' dir='ltr'><strong>fuisse,</strong></span> <span class='ocrx_word' id='word_1_206' title='bbox 2934 1050 3135 1104; x_wconf 73' lang='lat' dir='ltr'><strong>videtur</strong></span> <span class='ocrx_word' id='word_1_207' title='bbox 3163 1050 3227 1103; x_wconf 89' lang='lat' dir='ltr'><strong>de</strong></span> <span class='ocrx_word' id='word_1_208' title='bbox 3249 1065 3428 1103; x_wconf 89' lang='lat' dir='ltr'><strong>neces-</strong></span> 
     </span>
    </p>
   </div>
   <div class='ocr_carea' id='block_1_28' title="bbox 1861 1140 3427 1214">
    <p class='ocr_par' dir='ltr' id='par_1_28' title="bbox 1861 1140 3427 1214">
     <span class='ocr_line' id='line_1_28' title="bbox 1861 1140 3427 1214; baseline -0.004 -15"><span class='ocrx_word' id='word_1_209' title='bbox 1861 1144 2004 1199; x_wconf 83' lang='lat' dir='ltr'><strong>saria</strong></span> <span class='ocrx_word' id='word_1_210' title='bbox 2046 1145 2152 1197; x_wconf 87' lang='lat' dir='ltr'><strong>dici</strong></span> <span class='ocrx_word' id='word_1_211' title='bbox 2202 1144 2589 1214; x_wconf 71' lang='lat' dir='ltr'><strong>consequentia.</strong></span> <span class='ocrx_word' id='word_1_212' title='bbox 2620 1140 2760 1196; x_wconf 90' lang='lat' dir='ltr'><strong>Nam</strong></span> <span class='ocrx_word' id='word_1_213' title='bbox 2806 1142 2945 1211; x_wconf 85' lang='lat' dir='ltr'><strong>quod</strong></span> <span class='ocrx_word' id='word_1_214' title='bbox 2988 1140 3242 1209; x_wconf 78' lang='lat' dir='ltr'><strong>procedit,</strong></span> <span class='ocrx_word' id='word_1_215' title='bbox 3280 1140 3427 1210; x_wconf 87' lang='lat' dir='ltr'><strong>geni-</strong></span> 
     </span>
    </p>
   </div>
   <div class='ocr_carea' id='block_1_29' title="bbox 1862 1231 3425 1301">
    <p class='ocr_par' dir='ltr' id='par_1_29' title="bbox 1862 1231 3425 1301">
     <span class='ocr_line' id='line_1_29' title="bbox 1862 1231 3425 1301; baseline -0.004 -13"><span class='ocrx_word' id='word_1_216' title='bbox 1862 1243 1973 1288; x_wconf 81' lang='lat' dir='ltr'><strong>tum</strong></span> <span class='ocrx_word' id='word_1_217' title='bbox 2009 1243 2105 1299; x_wconf 90' lang='lat' dir='ltr'><strong>est,</strong></span> <span class='ocrx_word' id='word_1_218' title='bbox 2147 1234 2314 1301; x_wconf 86' lang='lat' dir='ltr'><strong>patris</strong></span> <span class='ocrx_word' id='word_1_219' title='bbox 2363 1251 2394 1287; x_wconf 89' lang='lat' dir='ltr'><strong>a</strong></span> <span class='ocrx_word' id='word_1_220' title='bbox 2436 1248 2539 1300; x_wconf 80' lang='lat' dir='ltr'><strong>quo</strong></span> <span class='ocrx_word' id='word_1_221' title='bbox 2590 1233 2717 1289; x_wconf 66' lang='lat' dir='ltr'><strong>exit.</strong></span> <span class='ocrx_word' id='word_1_222' title='bbox 2777 1231 3106 1285; x_wconf 75' lang='lat' dir='ltr'><strong>Alterutrum</strong></span> <span class='ocrx_word' id='word_1_223' title='bbox 3152 1246 3255 1284; x_wconf 88' lang='lat' dir='ltr'><strong>non</strong></span> <span class='ocrx_word' id='word_1_224' title='bbox 3293 1246 3425 1283; x_wconf 84' lang='lat' dir='ltr'><strong>sano</strong></span> 
     </span>
    </p>
   </div>
   <div class='ocr_carea' id='block_1_30' title="bbox 1861 1319 3422 1393">
    <p class='ocr_par' dir='ltr' id='par_1_30' title="bbox 1861 1319 3422 1393">
     <span class='ocr_line' id='line_1_30' title="bbox 1861 1319 3422 1393; baseline -0.003 -16"><span class='ocrx_word' id='word_1_225' title='bbox 1861 1326 2037 1390; x_wconf 85' lang='lat' dir='ltr'><strong>modo,</strong></span> <span class='ocrx_word' id='word_1_226' title='bbox 2098 1340 2191 1377; x_wconf 86' lang='lat' dir='ltr'><strong>nec</strong></span> <span class='ocrx_word' id='word_1_227' title='bbox 2237 1327 2517 1393; x_wconf 85' lang='lat' dir='ltr'><strong>conjuncta</strong></span> <span class='ocrx_word' id='word_1_228' title='bbox 2564 1340 2681 1377; x_wconf 88' lang='lat' dir='ltr'><strong>cum</strong></span> <span class='ocrx_word' id='word_1_229' title='bbox 2720 1324 2908 1392; x_wconf 88' lang='lat' dir='ltr'><strong>pietate</strong></span> <span class='ocrx_word' id='word_1_230' title='bbox 2934 1323 2999 1375; x_wconf 84' lang='lat' dir='ltr'><strong>ab</strong></span> <span class='ocrx_word' id='word_1_231' title='bbox 3032 1320 3124 1373; x_wconf 89' lang='lat' dir='ltr'><strong>illo</strong></span> <span class='ocrx_word' id='word_1_232' title='bbox 3176 1319 3422 1375; x_wconf 85' lang='lat' dir='ltr'><strong>sumitur.</strong></span> 
     </span>
    </p>
   </div>
   <div class='ocr_carea' id='block_1_31' title="bbox 1865 1410 3426 1489">
    <p class='ocr_par' dir='ltr' id='par_1_31' title="bbox 1865 1410 3426 1489">
     <span class='ocr_line' id='line_1_31' title="bbox 1865 1410 3426 1489; baseline -0.003 -21"><span class='ocrx_word' id='word_1_233' title='bbox 1865 1410 1989 1468; x_wconf 82' lang='lat' dir='ltr'><strong>Non</strong></span> <span class='ocrx_word' id='word_1_234' title='bbox 2013 1413 2148 1467; x_wconf 88' lang='lat' dir='ltr'><strong>enim</strong></span> <span class='ocrx_word' id='word_1_235' title='bbox 2174 1414 2383 1489; x_wconf 58' lang='lat' dir='ltr'><strong>verbum</strong></span> <span class='ocrx_word' id='word_1_236' title='bbox 2415 1430 2525 1467; x_wconf 85' lang='lat' dir='ltr'><strong>esse</strong></span> <span class='ocrx_word' id='word_1_237' title='bbox 2553 1413 2710 1477; x_wconf 89' lang='lat' dir='ltr'><strong>illud,</strong></span> <span class='ocrx_word' id='word_1_238' title='bbox 2732 1414 2925 1479; x_wconf 80' lang='lat' dir='ltr'><strong>dicere,</strong></span> <span class='ocrx_word' id='word_1_239' title='bbox 2955 1416 3096 1482; x_wconf 87' lang='lat' dir='ltr'><strong>quod</strong></span> <span class='ocrx_word' id='word_1_240' title='bbox 3123 1412 3186 1465; x_wconf 92' lang='lat' dir='ltr'><strong>ab</strong></span> <span class='ocrx_word' id='word_1_241' title='bbox 3212 1427 3271 1465; x_wconf 92' lang='lat' dir='ltr'><strong>eo</strong></span> <span class='ocrx_word' id='word_1_242' title='bbox 3300 1426 3426 1480; x_wconf 60' lang='lat' dir='ltr'><strong>pro.</strong></span> 
     </span>
    </p>
   </div>
   <div class='ocr_carea' id='block_1_32' title="bbox 1862 1501 3427 1573">
    <p class='ocr_par' dir='ltr' id='par_1_32' title="bbox 1862 1501 3427 1573">
     <span class='ocr_line' id='line_1_32' title="bbox 1862 1501 3427 1573; baseline 0 -18"><span class='ocrx_word' id='word_1_243' title='bbox 1862 1501 2032 1555; x_wconf 81' lang='lat' dir='ltr'><strong>cedit:</strong></span> <span class='ocrx_word' id='word_1_244' title='bbox 2062 1512 2109 1555; x_wconf 88' lang='lat' dir='ltr'><strong>et</strong></span> <span class='ocrx_word' id='word_1_245' title='bbox 2132 1503 2270 1555; x_wconf 78' lang='lat' dir='ltr'><strong>hunc</strong></span> <span class='ocrx_word' id='word_1_246' title='bbox 2302 1519 2411 1558; x_wconf 87' lang='lat' dir='ltr'><strong>esse</strong></span> <span class='ocrx_word' id='word_1_247' title='bbox 2435 1504 2781 1573; x_wconf 72' lang='lat' dir='ltr'><strong>generationis</strong></span> <span class='ocrx_word' id='word_1_248' title='bbox 2823 1519 2999 1557; x_wconf 82' lang='lat' dir='ltr'><strong>verum</strong></span> <span class='ocrx_word' id='word_1_249' title='bbox 3052 1504 3264 1556; x_wconf 84' lang='lat' dir='ltr'><strong>modum</strong></span> <span class='ocrx_word' id='word_1_250' title='bbox 3286 1518 3305 1555; x_wconf 92' lang='lat'><em>:</em></span> <span class='ocrx_word' id='word_1_251' title='bbox 3334 1501 3427 1555; x_wconf 85' lang='lat' dir='ltr'><strong>sed</strong></span> 
     </span>
    </p>
   </div>
   <div class='ocr_carea' id='block_1_33' title="bbox 1861 1590 3425 1662">
    <p class='ocr_par' dir='ltr' id='par_1_33' title="bbox 1861 1590 3425 1662">
     <span class='ocr_line' id='line_1_33' title="bbox 1861 1590 3425 1662; baseline -0.004 -13"><span class='ocrx_word' id='word_1_252' title='bbox 1861 1593 2167 1661; x_wconf 68' lang='lat' dir='ltr'><strong>simpliciter</strong></span> <span class='ocrx_word' id='word_1_253' title='bbox 2191 1590 2240 1645; x_wconf 60' lang='grc' dir='ltr'>ιε</span> <span class='ocrx_word' id='word_1_254' title='bbox 2246 1592 2394 1646; x_wconf 88' lang='lat' dir='ltr'><strong>ilium</strong></span> <span class='ocrx_word' id='word_1_255' title='bbox 2420 1592 2615 1656; x_wconf 81' lang='lat' dir='ltr'><strong>solum,</strong></span> <span class='ocrx_word' id='word_1_256' title='bbox 2652 1592 2781 1646; x_wconf 80' lang='lat' dir='ltr'><strong>solet</strong></span> <span class='ocrx_word' id='word_1_257' title='bbox 2814 1592 3025 1661; x_wconf 81' lang='lat' dir='ltr'><strong>quidem</strong></span> <span class='ocrx_word' id='word_1_258' title='bbox 3071 1593 3139 1647; x_wconf 87' lang='lat' dir='ltr'><strong>iis</strong></span> <span class='ocrx_word' id='word_1_259' title='bbox 3168 1593 3256 1662; x_wconf 88' lang='lat' dir='ltr'><strong>qui</strong></span> <span class='ocrx_word' id='word_1_260' title='bbox 3290 1591 3425 1644; x_wconf 80' lang='lat' dir='ltr'><strong>illud</strong></span> 
     </span>
    </p>
   </div>
   <div class='ocr_carea' id='block_1_34' title="bbox 1861 1684 3426 1752">
    <p class='ocr_par' dir='ltr' id='par_1_34' title="bbox 1861 1684 3426 1752">
     <span class='ocr_line' id='line_1_34' title="bbox 1861 1684 3426 1752; baseline -0.001 -14"><span class='ocrx_word' id='word_1_261' title='bbox 1861 1686 2084 1739; x_wconf 81' lang='lat' dir='ltr'><strong>audiunt</strong></span> <span class='ocrx_word' id='word_1_262' title='bbox 2111 1685 2383 1752; x_wconf 79' lang='lat' dir='ltr'><strong>emphasin</strong></span> <span class='ocrx_word' id='word_1_263' title='bbox 2411 1685 2696 1749; x_wconf 79' lang='lat' dir='ltr'><strong>quamdam</strong></span> <span class='ocrx_word' id='word_1_264' title='bbox 2723 1696 2768 1738; x_wconf 91' lang='lat' dir='ltr'><strong>et</strong></span> <span class='ocrx_word' id='word_1_265' title='bbox 2794 1686 3158 1752; x_wconf 82' lang='lat' dir='ltr'><strong>apparentiam</strong></span> <span class='ocrx_word' id='word_1_266' title='bbox 3184 1684 3426 1738; x_wconf 75' lang='lat' dir='ltr'><strong>exhibere</strong></span> 
     </span>
    </p>
   </div>
   <div class='ocr_carea' id='block_1_35' title="bbox 1859 1774 3427 1847">
    <p class='ocr_par' dir='ltr' id='par_1_35' title="bbox 1859 1774 3427 1847">
     <span class='ocr_line' id='line_1_35' title="bbox 1859 1774 3427 1847; baseline 0.001 -18"><span class='ocrx_word' id='word_1_267' title='bbox 1859 1777 2105 1829; x_wconf 73' lang='lat' dir='ltr'><strong>humana</strong></span> <span class='ocrx_word' id='word_1_268' title='bbox 2137 1776 2376 1829; x_wconf 79' lang='lat' dir='ltr'><strong>visionis.</strong></span> <span class='ocrx_word' id='word_1_269' title='bbox 2419 1774 2476 1830; x_wconf 86' lang='lat' dir='ltr'><strong>In</strong></span> <span class='ocrx_word' id='word_1_270' title='bbox 2534 1776 2673 1840; x_wconf 82' lang='lat' dir='ltr'><strong>istis,</strong></span> <span class='ocrx_word' id='word_1_271' title='bbox 2718 1776 2836 1831; x_wconf 86' lang='lat' dir='ltr'><strong>sine</strong></span> <span class='ocrx_word' id='word_1_272' title='bbox 2866 1776 3013 1830; x_wconf 89' lang='lat' dir='ltr'><strong>omni</strong></span> <span class='ocrx_word' id='word_1_273' title='bbox 3058 1776 3427 1847; x_wconf 78' lang='lat' dir='ltr'><strong>integumento</strong></span> 
     </span>
    </p>
   </div>
   <div class='ocr_carea' id='block_1_36' title="bbox 1860 1864 3429 1943">
    <p class='ocr_par' dir='ltr' id='par_1_36' title="bbox 1860 1864 3429 1943">
     <span class='ocr_line' id='line_1_36' title="bbox 1860 1864 3429 1943; baseline 0 -25"><span class='ocrx_word' id='word_1_274' title='bbox 1860 1865 2075 1935; x_wconf 74' lang='lat' dir='ltr'><strong>negavit</strong></span> <span class='ocrx_word' id='word_1_275' title='bbox 2104 1864 2296 1932; x_wconf 80' lang='lat' dir='ltr'><strong>illium,</strong></span> <span class='ocrx_word' id='word_1_276' title='bbox 2326 1866 2574 1920; x_wconf 89' lang='lat' dir='ltr'><strong>eumdem</strong></span> <span class='ocrx_word' id='word_1_277' title='bbox 2603 1881 2730 1921; x_wconf 90' lang='lat' dir='ltr'><strong>vero</strong></span> <span class='ocrx_word' id='word_1_278' title='bbox 2765 1875 2981 1921; x_wconf 85' lang='lat' dir='ltr'><strong>constat</strong></span> <span class='ocrx_word' id='word_1_279' title='bbox 3008 1865 3158 1919; x_wconf 87' lang='lat' dir='ltr'><strong>illum</strong></span> <span class='ocrx_word' id='word_1_280' title='bbox 3183 1866 3429 1943; x_wconf 73' lang='lat' dir='ltr'><strong>introdu—</strong></span> 
     </span>
    </p>
   </div>
   <div class='ocr_carea' id='block_1_37' title="bbox 1860 1956 3424 2021">
    <p class='ocr_par' dir='ltr' id='par_1_37' title="bbox 1860 1956 3424 2021">
     <span class='ocr_line' id='line_1_37' title="bbox 1860 1956 3424 2021; baseline 0.001 -10"><span class='ocrx_word' id='word_1_281' title='bbox 1860 1968 1984 2011; x_wconf 84' lang='lat' dir='ltr'><strong>cere</strong></span> <span class='ocrx_word' id='word_1_282' title='bbox 2021 1956 2219 2010; x_wconf 88' lang='lat' dir='ltr'><strong>nudum</strong></span> <span class='ocrx_word' id='word_1_283' title='bbox 2270 1965 2480 2011; x_wconf 88' lang='lat' dir='ltr'><strong>tantum</strong></span> <span class='ocrx_word' id='word_1_284' title='bbox 2529 1956 2785 2021; x_wconf 74' lang='lat' dir='ltr'><strong>Verbum,</strong></span> <span class='ocrx_word' id='word_1_285' title='bbox 2832 1956 3198 2012; x_wconf 77' lang='lat' dir='ltr'><strong>faciendarum</strong></span> <span class='ocrx_word' id='word_1_286' title='bbox 3243 1972 3424 2012; x_wconf 89' lang='lat' dir='ltr'><strong>rerum</strong></span> 
     </span>
    </p>
   </div>
   <div class='ocr_carea' id='block_1_38' title="bbox 191 2046 1769 2131">
    <p class='ocr_par' dir='ltr' id='par_1_38' title="bbox 191 2052 1757 2131">
     <span class='ocr_line' id='line_1_38' title="bbox 191 2052 1757 2131; baseline 0.006 -27"><span class='ocrx_word' id='word_1_287' title='bbox 191 2052 981 2122; x_wconf 74' lang='grc' dir='ltr'>φησὶ,καὶέκτοήθησαν,και</span> <span class='ocrx_word' id='word_1_288' title='bbox 1012 2055 1307 2119; x_wconf 67' lang='grc' dir='ltr'>ἑάλωσαν,</span> <span class='ocrx_word' id='word_1_289' title='bbox 1336 2055 1425 2109; x_wconf 86' lang='grc' dir='ltr'>ὅτι</span> <span class='ocrx_word' id='word_1_290' title='bbox 1444 2058 1550 2111; x_wconf 81' lang='grc' dir='ltr'>τὸν</span> <span class='ocrx_word' id='word_1_291' title='bbox 1563 2060 1757 2131; x_wconf 75' lang='grc' dir='ltr'><em>Λόγον</em></span> 
     </span>
    </p>
   </div>
   <div class='ocr_carea' id='block_1_39' title="bbox 1857 2046 3423 2131">
    <p class='ocr_par' dir='ltr' id='par_1_39' title="bbox 1860 2046 3423 2120">
     <span class='ocr_line' id='line_1_39' title="bbox 1860 2046 3423 2120; baseline 0.003 -21"><span class='ocrx_word' id='word_1_292' title='bbox 1860 2046 2251 2102; x_wconf 89' lang='lat' dir='ltr'><strong>mandatorium</strong></span> <span class='ocrx_word' id='word_1_293' title='bbox 2273 2066 2286 2102; x_wconf 90' lang='lat'><strong>:</strong></span> <span class='ocrx_word' id='word_1_294' title='bbox 2308 2049 2359 2102; x_wconf 87' lang='lat' dir='ltr'><strong>id</strong></span> <span class='ocrx_word' id='word_1_295' title='bbox 2387 2049 2528 2117; x_wconf 83' lang='lat' dir='ltr'><strong>quod</strong></span> <span class='ocrx_word' id='word_1_296' title='bbox 2556 2048 2727 2119; x_wconf 87' lang='lat' dir='ltr'><strong>liquet</strong></span> <span class='ocrx_word' id='word_1_297' title='bbox 2750 2065 2819 2104; x_wconf 76' lang='lat' dir='ltr'><strong>ex</strong></span> <span class='ocrx_word' id='word_1_298' title='bbox 2838 2050 3064 2120; x_wconf 85' lang='lat' dir='ltr'><strong>adjectis</strong></span> <span class='ocrx_word' id='word_1_299' title='bbox 3085 2065 3101 2104; x_wconf 89' lang='lat'><strong>:</strong></span> <span class='ocrx_word' id='word_1_300' title='bbox 3125 2069 3141 2100; x_wconf 81' lang='grc' dir='ltr'><strong>ι</strong></span> <span class='ocrx_word' id='word_1_301' title='bbox 3166 2047 3337 2115; x_wconf 85' lang='lat' dir='ltr'><strong>Quem</strong></span> <span class='ocrx_word' id='word_1_302' title='bbox 3356 2051 3423 2103; x_wconf 86' lang='lat' dir='ltr'><strong>ad</strong></span> 
     </span>
    </p>
   </div>
   <div class='ocr_carea' id='block_1_40' title="bbox 191 2142 1757 2223">
    <p class='ocr_par' dir='ltr' id='par_1_40' title="bbox 191 2142 1757 2223">
     <span class='ocr_line' id='line_1_40' title="bbox 191 2142 1757 2223; baseline 0.004 -25"><span class='ocrx_word' id='word_1_303' title='bbox 191 2142 304 2198; x_wconf 77' lang='grc' dir='ltr'><strong>τοῦ</strong></span> <span class='ocrx_word' id='word_1_304' title='bbox 331 2145 550 2211; x_wconf 79' lang='grc' dir='ltr'><strong>Κυρίου</strong></span> <span class='ocrx_word' id='word_1_305' title='bbox 602 2145 1072 2215; x_wconf 75' lang='grc' dir='ltr'><strong>ἀπεδοκίμασαν·</strong></span> <span class='ocrx_word' id='word_1_306' title='bbox 1139 2147 1232 2201; x_wconf 81' lang='grc' dir='ltr'><strong>καὶ</strong></span> <span class='ocrx_word' id='word_1_307' title='bbox 1288 2147 1444 2219; x_wconf 80' lang='grc' dir='ltr'>Ὠσηὲ</span> <span class='ocrx_word' id='word_1_308' title='bbox 1484 2152 1513 2203; x_wconf 88' lang='lat' dir='ltr'><strong>b</strong></span> <span class='ocrx_word' id='word_1_309' title='bbox 1544 2153 1757 2223; x_wconf 82' lang='grc' dir='ltr'>προφή-</span> 
     </span>
    </p>
   </div>
   <div class='ocr_carea' id='block_1_41' title="bbox 186 2236 1760 2311">
    <p class='ocr_par' dir='ltr' id='par_1_41' title="bbox 186 2236 1760 2311">
     <span class='ocr_line' id='line_1_41' title="bbox 186 2236 1760 2311; baseline 0.006 -22"><span class='ocrx_word' id='word_1_310' title='bbox 186 2251 295 2306; x_wconf 81' lang='grc' dir='ltr'><strong>της</strong></span> <span class='ocrx_word' id='word_1_311' title='bbox 316 2253 331 2267; x_wconf 68' lang='grc'><strong><em>⁸</em></strong></span> <span class='ocrx_word' id='word_1_312' title='bbox 378 2236 709 2305; x_wconf 75' lang='grc' dir='ltr'>Ἐμίσησάν</span> <span class='ocrx_word' id='word_1_313' title='bbox 726 2237 796 2291; x_wconf 75' lang='grc' dir='ltr'><strong>ἐν</strong></span> <span class='ocrx_word' id='word_1_314' title='bbox 821 2240 1042 2304; x_wconf 73' lang='grc' dir='ltr'>πύλαις</span> <span class='ocrx_word' id='word_1_315' title='bbox 1069 2237 1413 2309; x_wconf 71' lang='grc' dir='ltr'><strong>ἐλέγχοντα,</strong></span> <span class='ocrx_word' id='word_1_316' title='bbox 1438 2241 1536 2294; x_wconf 79' lang='grc' dir='ltr'><strong>καὶ</strong></span> <span class='ocrx_word' id='word_1_317' title='bbox 1569 2242 1760 2311; x_wconf 69' lang='grc' dir='ltr'><strong>Λάγον¹</strong></span> 
     </span>
    </p>
   </div>
   <div class='ocr_carea' id='block_1_42' title="bbox 186 2323 1758 2401">
    <p class='ocr_par' dir='ltr' id='par_1_42' title="bbox 186 2323 1758 2401">
     <span class='ocr_line' id='line_1_42' title="bbox 186 2323 1758 2401; baseline 0.003 -22"><span class='ocrx_word' id='word_1_318' title='bbox 186 2323 365 2380; x_wconf 71' lang='grc' dir='ltr'><em>ὅσιον</em></span> <span class='ocrx_word' id='word_1_319' title='bbox 398 2326 810 2392; x_wconf 72' lang='grc' dir='ltr'><strong>ἐϐδελύξαντο.</strong></span> <span class='ocrx_word' id='word_1_320' title='bbox 844 2329 1082 2399; x_wconf 79' lang='grc' dir='ltr'><strong>Μιχαίας</strong></span> <span class='ocrx_word' id='word_1_321' title='bbox 1134 2346 1191 2382; x_wconf 75' lang='grc' dir='ltr'>τε</span> <span class='ocrx_word' id='word_1_322' title='bbox 1219 2330 1419 2401; x_wconf 87' lang='grc' dir='ltr'>ὁμοίως</span> <span class='ocrx_word' id='word_1_323' title='bbox 1455 2333 1548 2384; x_wconf 72' lang='grc' dir='ltr'>καὶ</span> <span class='ocrx_word' id='word_1_324' title='bbox 1596 2332 1758 2397; x_wconf 83' lang='grc' dir='ltr'>αὐτὸς</span> 
     </span>
    </p>
   </div>
   <div class='ocr_carea' id='block_1_43' title="bbox 186 2417 1757 2494">
    <p class='ocr_par' dir='ltr' id='par_1_43' title="bbox 186 2417 1757 2494">
     <span class='ocr_line' id='line_1_43' title="bbox 186 2417 1757 2494; baseline 0.006 -24"><span class='ocrx_word' id='word_1_325' title='bbox 186 2418 321 2488; x_wconf 65' lang='grc' dir='ltr'><strong>αρὶ</strong></span> <span class='ocrx_word' id='word_1_326' title='bbox 333 2417 425 2471; x_wconf 81' lang='grc' dir='ltr'>τοῦ</span> <span class='ocrx_word' id='word_1_327' title='bbox 437 2419 610 2488; x_wconf 87' lang='grc' dir='ltr'>Λόγου</span> <span class='ocrx_word' id='word_1_328' title='bbox 637 2421 987 2491; x_wconf 86' lang='grc' dir='ltr'>μνημονεύων</span> <span class='ocrx_word' id='word_1_329' title='bbox 1007 2421 1131 2492; x_wconf 74' lang='grc' dir='ltr'>ἔφη’</span> <span class='ocrx_word' id='word_1_330' title='bbox 1148 2422 1560 2487; x_wconf 75' lang='grc' dir='ltr'><strong>Ἐξελεύσεται</strong></span> <span class='ocrx_word' id='word_1_331' title='bbox 1577 2424 1757 2494; x_wconf 77' lang='grc' dir='ltr'><em>νόμος</em></span> 
     </span>
    </p>
   </div>
   <div class='ocr_carea' id='block_1_44' title="bbox 184 2509 1757 2584">
    <p class='ocr_par' dir='ltr' id='par_1_44' title="bbox 184 2509 1757 2584">
     <span class='ocr_line' id='line_1_44' title="bbox 184 2509 1757 2584; baseline 0.003 -20"><span class='ocrx_word' id='word_1_332' title='bbox 184 2509 491 2577; x_wconf 67' lang='grc' dir='ltr'><em>ασίΛόγος</em></span> <span class='ocrx_word' id='word_1_333' title='bbox 511 2512 729 2579; x_wconf 79' lang='grc' dir='ltr'><strong>Κυρίου</strong></span> <span class='ocrx_word' id='word_1_334' title='bbox 765 2511 835 2577; x_wconf 78' lang='grc' dir='ltr'><strong>ἐξ</strong></span> <span class='ocrx_word' id='word_1_335' title='bbox 867 2513 1278 2584; x_wconf 66' lang='grc' dir='ltr'><strong>Ἰερουσαλήμ.</strong></span> <span class='ocrx_word' id='word_1_336' title='bbox 1308 2533 1327 2566; x_wconf 83' lang='grc' dir='ltr'><strong>ι</strong></span> <span class='ocrx_word' id='word_1_337' title='bbox 1358 2515 1605 2570; x_wconf 81' lang='grc' dir='ltr'><strong>Τοσαῦτα</strong></span> <span class='ocrx_word' id='word_1_338' title='bbox 1633 2534 1757 2569; x_wconf 89' lang='grc' dir='ltr'>συν-</span> 
     </span>
    </p>
   </div>
   <div class='ocr_carea' id='block_1_45' title="bbox 186 2597 1753 2678">
    <p class='ocr_par' dir='ltr' id='par_1_45' title="bbox 186 2597 1753 2678">
     <span class='ocr_line' id='line_1_45' title="bbox 186 2597 1753 2678; baseline 0.004 -26"><span class='ocrx_word' id='word_1_339' title='bbox 186 2597 340 2669; x_wconf 70' lang='grc' dir='ltr'>άγων</span> <span class='ocrx_word' id='word_1_340' title='bbox 360 2601 487 2671; x_wconf 74' lang='grc' dir='ltr'>περὶ</span> <span class='ocrx_word' id='word_1_341' title='bbox 510 2601 609 2654; x_wconf 75' lang='grc' dir='ltr'>τοῦ</span> <span class='ocrx_word' id='word_1_342' title='bbox 631 2603 1031 2672; x_wconf 63' lang='grc' dir='ltr'>προστατικοῦ</span> <span class='ocrx_word' id='word_1_343' title='bbox 1048 2605 1218 2672; x_wconf 88' lang='grc' dir='ltr'>Λόγου</span> <span class='ocrx_word' id='word_1_344' title='bbox 1244 2604 1381 2676; x_wconf 76' lang='grc' dir='ltr'>ῥητὰ</span> <span class='ocrx_word' id='word_1_345' title='bbox 1414 2605 1753 2678; x_wconf 85' lang='grc' dir='ltr'>Μάρκελλος,</span> 
     </span>
    </p>
   </div>
   <div class='ocr_carea' id='block_1_46' title="bbox 180 2687 1754 2765">
    <p class='ocr_par' dir='ltr' id='par_1_46' title="bbox 180 2687 1754 2765">
     <span class='ocr_line' id='line_1_46' title="bbox 180 2687 1754 2765; baseline 0.001 -22"><span class='ocrx_word' id='word_1_346' title='bbox 180 2690 426 2744; x_wconf 67' lang='grc' dir='ltr'><strong>⁴τοιοῦτόν</strong></span> <span class='ocrx_word' id='word_1_347' title='bbox 445 2708 566 2745; x_wconf 88' lang='grc' dir='ltr'>τινα</span> <span class='ocrx_word' id='word_1_348' title='bbox 588 2687 725 2746; x_wconf 77' lang='grc' dir='ltr'>εἷναί</span> <span class='ocrx_word' id='word_1_349' title='bbox 753 2709 884 2763; x_wconf 83' lang='grc' dir='ltr'>φησι</span> <span class='ocrx_word' id='word_1_350' title='bbox 908 2692 999 2747; x_wconf 75' lang='grc' dir='ltr'>καὶ</span> <span class='ocrx_word' id='word_1_351' title='bbox 1022 2693 1112 2747; x_wconf 87' lang='grc' dir='ltr'><strong>τὸν</strong></span> <span class='ocrx_word' id='word_1_352' title='bbox 1129 2694 1185 2746; x_wconf 84' lang='grc' dir='ltr'>ὲν</span> <span class='ocrx_word' id='word_1_353' title='bbox 1208 2696 1347 2765; x_wconf 77' lang='grc' dir='ltr'>ἀρχῇ</span> <span class='ocrx_word' id='word_1_354' title='bbox 1372 2694 1507 2764; x_wconf 87' lang='grc' dir='ltr'>πρὸς</span> <span class='ocrx_word' id='word_1_355' title='bbox 1520 2693 1610 2747; x_wconf 87' lang='grc' dir='ltr'><strong>τὸν</strong></span> <span class='ocrx_word' id='word_1_356' title='bbox 1624 2693 1754 2747; x_wconf 84' lang='grc' dir='ltr'>Θεὸν</span> 
     </span>
    </p>
   </div>
   <div class='ocr_carea' id='block_1_47' title="bbox 181 2780 1755 2855">
    <p class='ocr_par' dir='ltr' id='par_1_47' title="bbox 181 2780 1755 2855">
     <span class='ocr_line' id='line_1_47' title="bbox 181 2780 1755 2855; baseline 0.002 -21"><span class='ocrx_word' id='word_1_357' title='bbox 181 2780 322 2835; x_wconf 76' lang='grc' dir='ltr'>Θεὸν</span> <span class='ocrx_word' id='word_1_358' title='bbox 352 2782 541 2850; x_wconf 86' lang='grc' dir='ltr'>Λόγον.</span> <span class='ocrx_word' id='word_1_359' title='bbox 574 2782 663 2836; x_wconf 87' lang='grc' dir='ltr'>Διὸ</span> <span class='ocrx_word' id='word_1_360' title='bbox 694 2784 885 2851; x_wconf 79' lang='grc' dir='ltr'>ἐπάγει</span> <span class='ocrx_word' id='word_1_361' title='bbox 937 2783 1191 2853; x_wconf 60' lang='grc' dir='ltr'>φάσκων</span> <span class='ocrx_word' id='word_1_362' title='bbox 1228 2804 1245 2835; x_wconf 76' lang='grc' dir='ltr'><strong>ι</strong></span> <span class='ocrx_word' id='word_1_363' title='bbox 1290 2785 1349 2838; x_wconf 85' lang='lat'><strong>&#39;0</strong></span> <span class='ocrx_word' id='word_1_364' title='bbox 1382 2784 1428 2837; x_wconf 75' lang='grc' dir='ltr'><strong>δ’</strong></span> <span class='ocrx_word' id='word_1_365' title='bbox 1460 2784 1601 2855; x_wconf 77' lang='grc' dir='ltr'>ἱερὸς</span> <span class='ocrx_word' id='word_1_366' title='bbox 1622 2785 1755 2839; x_wconf 84' lang='grc' dir='ltr'>άπό-</span> 
     </span>
    </p>
   </div>
   <div class='ocr_carea' id='block_1_48' title="bbox 190 2871 1755 2946">
    <p class='ocr_par' dir='ltr' id='par_1_48' title="bbox 190 2871 1755 2946">
     <span class='ocr_line' id='line_1_48' title="bbox 190 2871 1755 2946; baseline 0.001 -22"><span class='ocrx_word' id='word_1_367' title='bbox 190 2892 212 2923; x_wconf 77' lang='grc' dir='ltr'><strong>ι</strong></span> <span class='ocrx_word' id='word_1_368' title='bbox 258 2871 439 2935; x_wconf 82' lang='grc' dir='ltr'>στολός</span> <span class='ocrx_word' id='word_1_369' title='bbox 468 2888 529 2925; x_wconf 82' lang='grc' dir='ltr'>τε</span> <span class='ocrx_word' id='word_1_370' title='bbox 560 2873 653 2926; x_wconf 76' lang='grc' dir='ltr'><strong>καὶ</strong></span> <span class='ocrx_word' id='word_1_371' title='bbox 686 2872 929 2945; x_wconf 79' lang='grc' dir='ltr'>μαθητὴς</span> <span class='ocrx_word' id='word_1_372' title='bbox 959 2874 1053 2927; x_wconf 80' lang='grc' dir='ltr'>τοῦ</span> <span class='ocrx_word' id='word_1_373' title='bbox 1085 2873 1289 2946; x_wconf 82' lang='grc' dir='ltr'><strong>Κυρίου</strong></span> <span class='ocrx_word' id='word_1_374' title='bbox 1327 2873 1577 2944; x_wconf 87' lang='grc' dir='ltr'>Ἰωάννης</span> <span class='ocrx_word' id='word_1_375' title='bbox 1600 2912 1615 2938; x_wconf 93' lang='grc'><strong>,</strong></span> <span class='ocrx_word' id='word_1_376' title='bbox 1661 2890 1755 2926; x_wconf 90' lang='grc' dir='ltr'><strong>σα-</strong></span> 
     </span>
    </p>
   </div>
   <div class='ocr_carea' id='block_1_49' title="bbox 187 2962 1756 3036">
    <p class='ocr_par' dir='ltr' id='par_1_49' title="bbox 187 2962 1756 3036">
     <span class='ocr_line' id='line_1_49' title="bbox 187 2962 1756 3036; baseline 0.002 -22"><span class='ocrx_word' id='word_1_377' title='bbox 187 2980 212 3014; x_wconf 78' lang='lat' dir='ltr'><strong>s</strong></span> <span class='ocrx_word' id='word_1_378' title='bbox 252 2962 367 3033; x_wconf 76' lang='grc' dir='ltr'><strong>φῶς</strong></span> <span class='ocrx_word' id='word_1_379' title='bbox 396 2963 488 3016; x_wconf 80' lang='grc' dir='ltr'><strong>καὶ</strong></span> <span class='ocrx_word' id='word_1_380' title='bbox 514 2962 805 3036; x_wconf 77' lang='grc' dir='ltr'>διαρρήδην</span> <span class='ocrx_word' id='word_1_381' title='bbox 836 2966 895 3017; x_wconf 79' lang='grc' dir='ltr'>ὲν</span> <span class='ocrx_word' id='word_1_382' title='bbox 920 2966 1061 3036; x_wconf 80' lang='grc' dir='ltr'><strong>ἀρχῇ</strong></span> <span class='ocrx_word' id='word_1_383' title='bbox 1102 2964 1195 3018; x_wconf 79' lang='grc' dir='ltr'>τοῦ</span> <span class='ocrx_word' id='word_1_384' title='bbox 1238 2964 1568 3033; x_wconf 83' lang='grc' dir='ltr'>Εύαγγελίου</span> <span class='ocrx_word' id='word_1_385' title='bbox 1618 2963 1756 3017; x_wconf 80' lang='grc' dir='ltr'>διδά-</span> 
     </span>
    </p>
   </div>
   <div class='ocr_carea' id='block_1_50' title="bbox 187 3053 1753 3127">
    <p class='ocr_par' dir='ltr' id='par_1_50' title="bbox 187 3053 1753 3127">
     <span class='ocr_line' id='line_1_50' title="bbox 187 3053 1753 3127; baseline -0.001 -20"><span class='ocrx_word' id='word_1_386' title='bbox 187 3071 211 3107; x_wconf 80' lang='lat' dir='ltr'><strong>s</strong></span> <span class='ocrx_word' id='word_1_387' title='bbox 247 3070 411 3120; x_wconf 79' lang='grc' dir='ltr'>σκων,</span> <span class='ocrx_word' id='word_1_388' title='bbox 471 3053 548 3119; x_wconf 84' lang='grc' dir='ltr'><strong>ὡς</strong></span> <span class='ocrx_word' id='word_1_389' title='bbox 601 3055 958 3126; x_wconf 75' lang='grc' dir='ltr'><strong>ἀγνοούμενον</strong></span> <span class='ocrx_word' id='word_1_390' title='bbox 1012 3058 1069 3109; x_wconf 80' lang='grc' dir='ltr'>ὲν</span> <span class='ocrx_word' id='word_1_391' title='bbox 1129 3054 1431 3127; x_wconf 82' lang='grc' dir='ltr'>ἀνθρώποις</span> <span class='ocrx_word' id='word_1_392' title='bbox 1492 3054 1753 3125; x_wconf 85' lang='grc' dir='ltr'>πρότερον</span> 
     </span>
    </p>
   </div>
   <div class='ocr_carea' id='block_1_51' title="bbox 188 3143 1753 3217">
    <p class='ocr_par' dir='ltr' id='par_1_51' title="bbox 188 3143 1753 3217">
     <span class='ocr_line' id='line_1_51' title="bbox 188 3143 1753 3217; baseline -0.001 -17"><span class='ocrx_word' id='word_1_393' title='bbox 188 3164 211 3200; x_wconf 80' lang='lat' dir='ltr'><strong>s</strong></span> <span class='ocrx_word' id='word_1_394' title='bbox 255 3145 424 3215; x_wconf 82' lang='grc' dir='ltr'>Λόγον</span> <span class='ocrx_word' id='word_1_395' title='bbox 454 3147 614 3200; x_wconf 84' lang='grc' dir='ltr'>αὐτὸν</span> <span class='ocrx_word' id='word_1_396' title='bbox 642 3145 737 3200; x_wconf 88' lang='grc' dir='ltr'>τοῦ</span> <span class='ocrx_word' id='word_1_397' title='bbox 766 3147 1203 3217; x_wconf 82' lang='grc' dir='ltr'>παντοκράτορος</span> <span class='ocrx_word' id='word_1_398' title='bbox 1241 3143 1541 3217; x_wconf 74' lang='grc' dir='ltr'>ὀνομάζων,</span> <span class='ocrx_word' id='word_1_399' title='bbox 1580 3144 1753 3209; x_wconf 77' lang='grc' dir='ltr'>οὕτως</span> 
     </span>
    </p>
   </div>
   <div class='ocr_carea' id='block_1_52' title="bbox 185 3233 1755 3309">
    <p class='ocr_par' dir='ltr' id='par_1_52' title="bbox 185 3233 1755 3309">
     <span class='ocr_line' id='line_1_52' title="bbox 185 3233 1755 3309; baseline 0.001 -19"><span class='ocrx_word' id='word_1_400' title='bbox 185 3255 209 3290; x_wconf 83' lang='lat' dir='ltr'><strong>s</strong></span> <span class='ocrx_word' id='word_1_401' title='bbox 240 3236 383 3309; x_wconf 73' lang='grc' dir='ltr'><strong>ιφην</strong></span> <span class='ocrx_word' id='word_1_402' title='bbox 433 3238 528 3291; x_wconf 83' lang='grc' dir='ltr'><em>Ἐν</em></span> <span class='ocrx_word' id='word_1_403' title='bbox 583 3236 741 3308; x_wconf 77' lang='grc' dir='ltr'><strong>ἀρχῇ</strong></span> <span class='ocrx_word' id='word_1_404' title='bbox 784 3234 867 3308; x_wconf 77' lang='grc' dir='ltr'><strong>ἦν</strong></span> <span class='ocrx_word' id='word_1_405' title='bbox 903 3242 935 3292; x_wconf 88' lang='grc' dir='ltr'><em>ό</em></span> <span class='ocrx_word' id='word_1_406' title='bbox 971 3238 1179 3307; x_wconf 86' lang='grc' dir='ltr'><em>Λόγος,</em></span> <span class='ocrx_word' id='word_1_407' title='bbox 1230 3237 1329 3290; x_wconf 75' lang='grc' dir='ltr'>καί</span> <span class='ocrx_word' id='word_1_408' title='bbox 1379 3240 1413 3291; x_wconf 91' lang='grc' dir='ltr'><em>ό</em></span> <span class='ocrx_word' id='word_1_409' title='bbox 1464 3238 1653 3307; x_wconf 81' lang='grc' dir='ltr'><em>Λόγος</em></span> <span class='ocrx_word' id='word_1_410' title='bbox 1675 3233 1755 3305; x_wconf 81' lang='grc' dir='ltr'><strong>ἦν</strong></span> 
     </span>
    </p>
   </div>
   <div class='ocr_carea' id='block_1_53' title="bbox 1864 2136 3424 2212">
    <p class='ocr_par' dir='ltr' id='par_1_53' title="bbox 1864 2136 3424 2212">
     <span class='ocr_line' id='line_1_53' title="bbox 1864 2136 3424 2212; baseline 0.004 -25"><span class='ocrx_word' id='word_1_411' title='bbox 1864 2154 1882 2187; x_wconf 79' lang='grc' dir='ltr'><strong>ι</strong></span> <span class='ocrx_word' id='word_1_412' title='bbox 1909 2136 2049 2191; x_wconf 87' lang='lat' dir='ltr'><strong>hunc</strong></span> <span class='ocrx_word' id='word_1_413' title='bbox 2081 2138 2295 2193; x_wconf 86' lang='lat' dir='ltr'><strong>modum</strong></span> <span class='ocrx_word' id='word_1_414' title='bbox 2343 2153 2529 2195; x_wconf 87' lang='lat' dir='ltr'><strong>omnes</strong></span> <span class='ocrx_word' id='word_1_415' title='bbox 2574 2138 2866 2209; x_wconf 74' lang='lat' dir='ltr'><strong>Scriptum</strong></span> <span class='ocrx_word' id='word_1_416' title='bbox 2904 2141 3229 2212; x_wconf 69' lang='lat' dir='ltr'><strong>praedicant:</strong></span> <span class='ocrx_word' id='word_1_417' title='bbox 3254 2139 3424 2194; x_wconf 83' lang='lat' dir='ltr'><strong>David</strong></span> 
     </span>
    </p>
   </div>
   <div class='ocr_carea' id='block_1_54' title="bbox 1865 2228 3425 2301">
    <p class='ocr_par' dir='ltr' id='par_1_54' title="bbox 1865 2228 3425 2301">
     <span class='ocr_line' id='line_1_54' title="bbox 1865 2228 3425 2301; baseline 0.003 -20"><span class='ocrx_word' id='word_1_418' title='bbox 1865 2248 1883 2281; x_wconf 88' lang='grc'><strong><em>‹</em></strong></span> <span class='ocrx_word' id='word_1_419' title='bbox 1905 2228 2165 2298; x_wconf 82' lang='lat' dir='ltr'><strong>siquidem</strong></span> <span class='ocrx_word' id='word_1_420' title='bbox 2206 2230 2273 2283; x_wconf 90' lang='lat' dir='ltr'><strong>de</strong></span> <span class='ocrx_word' id='word_1_421' title='bbox 2297 2230 2387 2286; x_wconf 92' lang='lat' dir='ltr'><strong>illo</strong></span> <span class='ocrx_word' id='word_1_422' title='bbox 2415 2231 2587 2301; x_wconf 82' lang='lat' dir='ltr'><strong>inquit</strong></span> <span class='ocrx_word' id='word_1_423' title='bbox 2612 2233 2681 2299; x_wconf 83' lang='lat'><strong>&quot;,</strong></span> <span class='ocrx_word' id='word_1_424' title='bbox 2734 2230 2896 2287; x_wconf 85' lang='lat' dir='ltr'><strong>Verbo</strong></span> <span class='ocrx_word' id='word_1_425' title='bbox 2927 2232 3170 2295; x_wconf 61' lang='lat' dir='ltr'><strong>Dtﬂnini,</strong></span> <span class='ocrx_word' id='word_1_426' title='bbox 3200 2233 3425 2285; x_wconf 81' lang='lat' dir='ltr'><strong>stabiliti</strong></span> 
     </span>
    </p>
   </div>
   <div class='ocr_carea' id='block_1_55' title="bbox 1864 2322 3421 2393">
    <p class='ocr_par' dir='ltr' id='par_1_55' title="bbox 1864 2322 3421 2393">
     <span class='ocr_line' id='line_1_55' title="bbox 1864 2322 3421 2393; baseline 0.002 -20"><span class='ocrx_word' id='word_1_427' title='bbox 1864 2340 1883 2373; x_wconf 77' lang='grc' dir='ltr'><strong>ι</strong></span> <span class='ocrx_word' id='word_1_428' title='bbox 1906 2334 2027 2377; x_wconf 86' lang='lat' dir='ltr'><strong>sunt</strong></span> <span class='ocrx_word' id='word_1_429' title='bbox 2061 2324 2213 2377; x_wconf 70' lang='lat' dir='ltr'><strong>ccli:</strong></span> <span class='ocrx_word' id='word_1_430' title='bbox 2234 2333 2290 2377; x_wconf 91' lang='lat' dir='ltr'><strong>et</strong></span> <span class='ocrx_word' id='word_1_431' title='bbox 2327 2325 2583 2389; x_wconf 84' lang='lat' dir='ltr'><strong>secundo,</strong></span> <span class='ocrx_word' id='word_1_432' title='bbox 2614 2322 2734 2393; x_wconf 83' lang='lat' dir='ltr'><strong>Ipse</strong></span> <span class='ocrx_word' id='word_1_433' title='bbox 2761 2326 2954 2378; x_wconf 85' lang='lat' dir='ltr'><strong>emittet</strong></span> <span class='ocrx_word' id='word_1_434' title='bbox 2988 2324 3213 2387; x_wconf 80' lang='lat' dir='ltr'><strong>verbum,</strong></span> <span class='ocrx_word' id='word_1_435' title='bbox 3251 2333 3298 2377; x_wconf 91' lang='lat' dir='ltr'><strong>et</strong></span> <span class='ocrx_word' id='word_1_436' title='bbox 3333 2339 3421 2377; x_wconf 75' lang='lat' dir='ltr'><strong>sa—</strong></span> 
     </span>
    </p>
   </div>
   <div class='ocr_carea' id='block_1_56' title="bbox 1865 2413 3423 2483">
    <p class='ocr_par' dir='ltr' id='par_1_56' title="bbox 1865 2413 3423 2483">
     <span class='ocr_line' id='line_1_56' title="bbox 1865 2413 3423 2483; baseline 0.002 -17"><span class='ocrx_word' id='word_1_437' title='bbox 1865 2433 1883 2465; x_wconf 81' lang='grc' dir='ltr'><strong>ι</strong></span> <span class='ocrx_word' id='word_1_438' title='bbox 1910 2416 2052 2468; x_wconf 78' lang='lat' dir='ltr'><strong>nabil</strong></span> <span class='ocrx_word' id='word_1_439' title='bbox 2088 2431 2175 2469; x_wconf 89' lang='lat' dir='ltr'><strong>eos</strong></span> <span class='ocrx_word' id='word_1_440' title='bbox 2197 2415 2264 2470; x_wconf 81' lang='grc'><strong>⁸⁸.</strong></span> <span class='ocrx_word' id='word_1_441' title='bbox 2290 2414 2545 2470; x_wconf 83' lang='lat' dir='ltr'><strong>Salomon</strong></span> <span class='ocrx_word' id='word_1_442' title='bbox 2582 2427 2797 2470; x_wconf 88' lang='lat' dir='ltr'><strong>autem:</strong></span> <span class='ocrx_word' id='word_1_443' title='bbox 2844 2413 3090 2480; x_wconf 69' lang='lat' dir='ltr'><strong>Quarent</strong></span> <span class='ocrx_word' id='word_1_444' title='bbox 3128 2430 3209 2468; x_wconf 90' lang='lat' dir='ltr'><strong>me</strong></span> <span class='ocrx_word' id='word_1_445' title='bbox 3254 2414 3423 2483; x_wconf 77' lang='lat' dir='ltr'><strong>impii,</strong></span> 
     </span>
    </p>
   </div>
   <div class='ocr_carea' id='block_1_57' title="bbox 1864 2504 3425 2573">
    <p class='ocr_par' dir='ltr' id='par_1_57' title="bbox 1864 2504 3425 2573">
     <span class='ocr_line' id='line_1_57' title="bbox 1864 2504 3425 2573; baseline 0.003 -18"><span class='ocrx_word' id='word_1_446' title='bbox 1864 2524 1881 2555; x_wconf 81' lang='grc' dir='ltr'><strong>ι</strong></span> <span class='ocrx_word' id='word_1_447' title='bbox 1907 2521 1997 2558; x_wconf 87' lang='lat' dir='ltr'><strong>nec</strong></span> <span class='ocrx_word' id='word_1_448' title='bbox 2034 2506 2312 2560; x_wconf 81' lang='lat' dir='ltr'><strong>invenient.</strong></span> <span class='ocrx_word' id='word_1_449' title='bbox 2351 2504 2485 2559; x_wconf 85' lang='lat' dir='ltr'><strong>Odia</strong></span> <span class='ocrx_word' id='word_1_450' title='bbox 2509 2505 2698 2559; x_wconf 88' lang='lat' dir='ltr'><strong>etenim</strong></span> <span class='ocrx_word' id='word_1_451' title='bbox 2732 2506 3024 2559; x_wconf 79' lang='lat' dir='ltr'><strong>habuerunt</strong></span> <span class='ocrx_word' id='word_1_452' title='bbox 3069 2505 3425 2573; x_wconf 74' lang='lat' dir='ltr'><strong>sapientiam:</strong></span> 
     </span>
    </p>
   </div>
   <div class='ocr_carea' id='block_1_58' title="bbox 1866 2580 3422 2664">
    <p class='ocr_par' dir='ltr' id='par_1_58' title="bbox 1866 2580 3422 2664">
     <span class='ocr_line' id='line_1_58' title="bbox 1866 2580 3422 2664; baseline 0.003 -19"><span class='ocrx_word' id='word_1_453' title='bbox 1866 2614 1884 2645; x_wconf 76' lang='grc' dir='ltr'><strong>ι</strong></span> <span class='ocrx_word' id='word_1_454' title='bbox 1921 2592 2141 2649; x_wconf 81' lang='lat' dir='ltr'><strong>Verbum</strong></span> <span class='ocrx_word' id='word_1_455' title='bbox 2178 2611 2296 2650; x_wconf 78' lang='lat' dir='ltr'><strong>vero</strong></span> <span class='ocrx_word' id='word_1_456' title='bbox 2328 2594 2542 2649; x_wconf 79' lang='lat' dir='ltr'><strong>Domini</strong></span> <span class='ocrx_word' id='word_1_457' title='bbox 2576 2612 2678 2649; x_wconf 89' lang='lat' dir='ltr'><strong>non</strong></span> <span class='ocrx_word' id='word_1_458' title='bbox 2702 2580 2965 2664; x_wconf 81' lang='lat' dir='ltr'><strong>elegerunt</strong></span> <span class='ocrx_word' id='word_1_459' title='bbox 2997 2595 3069 2661; x_wconf 83' lang='grc'><strong>⁸¹;</strong></span> <span class='ocrx_word' id='word_1_460' title='bbox 3110 2603 3165 2650; x_wconf 89' lang='lat' dir='ltr'><strong>et</strong></span> <span class='ocrx_word' id='word_1_461' title='bbox 3199 2594 3367 2650; x_wconf 80' lang='lat' dir='ltr'><strong>Isaias</strong></span> <span class='ocrx_word' id='word_1_462' title='bbox 3408 2613 3422 2649; x_wconf 89' lang='lat'><strong>:</strong></span> 
     </span>
    </p>
   </div>
   <div class='ocr_carea' id='block_1_59' title="bbox 1861 2682 3425 2755">
    <p class='ocr_par' dir='ltr' id='par_1_59' title="bbox 1861 2682 3425 2755">
     <span class='ocr_line' id='line_1_59' title="bbox 1861 2682 3425 2755; baseline 0.003 -20"><span class='ocrx_word' id='word_1_463' title='bbox 1861 2703 1879 2735; x_wconf 83' lang='lat' dir='ltr'><strong>s</strong></span> <span class='ocrx_word' id='word_1_464' title='bbox 1908 2682 2048 2738; x_wconf 86' lang='lat' dir='ltr'><strong>Nam</strong></span> <span class='ocrx_word' id='word_1_465' title='bbox 2077 2686 2141 2739; x_wconf 87' lang='lat' dir='ltr'><strong>de</strong></span> <span class='ocrx_word' id='word_1_466' title='bbox 2170 2684 2298 2741; x_wconf 85' lang='lat' dir='ltr'><strong>Sion</strong></span> <span class='ocrx_word' id='word_1_467' title='bbox 2323 2686 2615 2755; x_wconf 82' lang='lat' dir='ltr'><strong>egredietur</strong></span> <span class='ocrx_word' id='word_1_468' title='bbox 2643 2685 2728 2739; x_wconf 78' lang='lat' dir='ltr'><strong>lea:</strong></span> <span class='ocrx_word' id='word_1_469' title='bbox 2746 2699 2765 2737; x_wconf 91' lang='lat'><em>:</em></span> <span class='ocrx_word' id='word_1_470' title='bbox 2796 2697 2843 2739; x_wconf 90' lang='lat' dir='ltr'><strong>et</strong></span> <span class='ocrx_word' id='word_1_471' title='bbox 2878 2684 3100 2740; x_wconf 82' lang='lat' dir='ltr'><strong>Verbum</strong></span> <span class='ocrx_word' id='word_1_472' title='bbox 3128 2685 3338 2739; x_wconf 87' lang='lat' dir='ltr'><strong>Domini</strong></span> <span class='ocrx_word' id='word_1_473' title='bbox 3360 2687 3425 2739; x_wconf 87' lang='lat' dir='ltr'><strong>de</strong></span> 
     </span>
    </p>
   </div>
   <div class='ocr_carea' id='block_1_60' title="bbox 1861 2773 3423 2849">
    <p class='ocr_par' dir='ltr' id='par_1_60' title="bbox 1861 2773 3423 2849">
     <span class='ocr_line' id='line_1_60' title="bbox 1861 2773 3423 2849; baseline 0.005 -23"><span class='ocrx_word' id='word_1_474' title='bbox 1861 2794 1879 2826; x_wconf 84' lang='grc'><strong><em>‹</em></strong></span> <span class='ocrx_word' id='word_1_475' title='bbox 1901 2773 2194 2829; x_wconf 80' lang='lat' dir='ltr'><strong>Jerusalem</strong></span> <span class='ocrx_word' id='word_1_476' title='bbox 2230 2776 2307 2843; x_wconf 81' lang='lat'><strong>“;</strong></span> <span class='ocrx_word' id='word_1_477' title='bbox 2331 2785 2385 2831; x_wconf 91' lang='lat' dir='ltr'><strong>et</strong></span> <span class='ocrx_word' id='word_1_478' title='bbox 2408 2775 2672 2833; x_wconf 83' lang='lat' dir='ltr'><strong>Jeremias</strong></span> <span class='ocrx_word' id='word_1_479' title='bbox 2696 2795 2711 2832; x_wconf 91' lang='lat'><strong>:</strong></span> <span class='ocrx_word' id='word_1_480' title='bbox 2732 2776 3018 2845; x_wconf 77' lang='lat' dir='ltr'><strong>Pudefacti</strong></span> <span class='ocrx_word' id='word_1_481' title='bbox 3042 2786 3185 2840; x_wconf 87' lang='lat' dir='ltr'><strong>sunt,</strong></span> <span class='ocrx_word' id='word_1_482' title='bbox 3225 2777 3423 2849; x_wconf 67' lang='lat' dir='ltr'><strong>inquit,</strong></span> 
     </span>
    </p>
   </div>
   <div class='ocr_carea' id='block_1_61' title="bbox 1862 2866 3422 2939">
    <p class='ocr_par' dir='ltr' id='par_1_61' title="bbox 1862 2866 3422 2939">
     <span class='ocr_line' id='line_1_61' title="bbox 1862 2866 3422 2939; baseline 0.001 -23"><span class='ocrx_word' id='word_1_483' title='bbox 1862 2885 1879 2916; x_wconf 79' lang='grc' dir='ltr'><strong>ι</strong></span> <span class='ocrx_word' id='word_1_484' title='bbox 1904 2866 2182 2933; x_wconf 86' lang='lat' dir='ltr'><strong>sapientes,</strong></span> <span class='ocrx_word' id='word_1_485' title='bbox 2206 2866 2385 2921; x_wconf 84' lang='lat' dir='ltr'><strong>timore</strong></span> <span class='ocrx_word' id='word_1_486' title='bbox 2407 2869 2666 2933; x_wconf 81' lang='lat' dir='ltr'><strong>concussi,</strong></span> <span class='ocrx_word' id='word_1_487' title='bbox 2698 2870 2837 2938; x_wconf 87' lang='lat' dir='ltr'><strong>capti</strong></span> <span class='ocrx_word' id='word_1_488' title='bbox 2873 2880 3015 2932; x_wconf 85' lang='lat' dir='ltr'><strong>sunt,</strong></span> <span class='ocrx_word' id='word_1_489' title='bbox 3042 2869 3163 2939; x_wconf 88' lang='lat' dir='ltr'><strong>quia</strong></span> <span class='ocrx_word' id='word_1_490' title='bbox 3197 2866 3422 2921; x_wconf 74' lang='lat' dir='ltr'><strong>Verbum</strong></span> 
     </span>
    </p>
   </div>
   <div class='ocr_carea' id='block_1_62' title="bbox 1856 2956 3423 3029">
    <p class='ocr_par' dir='ltr' id='par_1_62' title="bbox 1856 2956 3423 3029">
     <span class='ocr_line' id='line_1_62' title="bbox 1856 2956 3423 3029; baseline 0.002 -19"><span class='ocrx_word' id='word_1_491' title='bbox 1856 2956 2070 3010; x_wconf 88' lang='lat' dir='ltr'><strong>Domini</strong></span> <span class='ocrx_word' id='word_1_492' title='bbox 2099 2957 2399 3026; x_wconf 84' lang='lat' dir='ltr'><strong>abjecerunt</strong></span> <span class='ocrx_word' id='word_1_493' title='bbox 2444 2959 2514 3015; x_wconf 82' lang='grc'><strong>⁸³.</strong></span> <span class='ocrx_word' id='word_1_494' title='bbox 2556 2959 2626 3014; x_wconf 85' lang='lat' dir='ltr'><strong>Et</strong></span> <span class='ocrx_word' id='word_1_495' title='bbox 2671 2960 2931 3029; x_wconf 82' lang='lat' dir='ltr'><strong>pr0plteta</strong></span> <span class='ocrx_word' id='word_1_496' title='bbox 2967 2958 3139 3015; x_wconf 86' lang='lat' dir='ltr'><strong>Osee:</strong></span> <span class='ocrx_word' id='word_1_497' title='bbox 3181 2959 3423 3014; x_wconf 86' lang='lat' dir='ltr'><strong>Oderunt</strong></span> 
     </span>
    </p>
   </div>
   <div class='ocr_carea' id='block_1_63' title="bbox 1856 3048 3420 3116">
    <p class='ocr_par' dir='ltr' id='par_1_63' title="bbox 1856 3048 3420 3116">
     <span class='ocr_line' id='line_1_63' title="bbox 1856 3048 3420 3116; baseline 0.003 -16"><span class='ocrx_word' id='word_1_498' title='bbox 1856 3049 1910 3101; x_wconf 86' lang='lat' dir='ltr'><strong>in</strong></span> <span class='ocrx_word' id='word_1_499' title='bbox 1944 3048 2110 3116; x_wconf 86' lang='lat' dir='ltr'><strong>portis</strong></span> <span class='ocrx_word' id='word_1_500' title='bbox 2137 3049 2599 3115; x_wconf 80' lang='lat' dir='ltr'><strong>reprehendentem</strong></span> <span class='ocrx_word' id='word_1_501' title='bbox 2630 3064 2648 3102; x_wconf 90' lang='lat'><strong><em>:</em></strong></span> <span class='ocrx_word' id='word_1_502' title='bbox 2686 3062 2734 3105; x_wconf 86' lang='lat' dir='ltr'><strong>et</strong></span> <span class='ocrx_word' id='word_1_503' title='bbox 2777 3049 2999 3104; x_wconf 89' lang='lat' dir='ltr'><strong>Verbum</strong></span> <span class='ocrx_word' id='word_1_504' title='bbox 3036 3060 3281 3105; x_wconf 87' lang='lat' dir='ltr'><strong>sanctam</strong></span> <span class='ocrx_word' id='word_1_505' title='bbox 3326 3052 3420 3104; x_wconf 83' lang='lat' dir='ltr'><strong>ab-</strong></span> 
     </span>
    </p>
   </div>
   <div class='ocr_carea' id='block_1_64' title="bbox 1856 3139 3419 3198">
    <p class='ocr_par' dir='ltr' id='par_1_64' title="bbox 1856 3139 3419 3198">
     <span class='ocr_line' id='line_1_64' title="bbox 1856 3139 3419 3198; baseline 0.003 -7"><span class='ocrx_word' id='word_1_506' title='bbox 1856 3139 2073 3193; x_wconf 83' lang='lat' dir='ltr'><strong>ominati</strong></span> <span class='ocrx_word' id='word_1_507' title='bbox 2124 3148 2247 3194; x_wconf 85' lang='lat' dir='ltr'><strong>sunt</strong></span> <span class='ocrx_word' id='word_1_508' title='bbox 2285 3140 2354 3194; x_wconf 73' lang='lat'><strong>“.</strong></span> <span class='ocrx_word' id='word_1_509' title='bbox 2391 3141 2652 3195; x_wconf 89' lang='lat' dir='ltr'><strong>Similiter</strong></span> <span class='ocrx_word' id='word_1_510' title='bbox 2688 3151 2743 3196; x_wconf 92' lang='lat' dir='ltr'><strong>et</strong></span> <span class='ocrx_word' id='word_1_511' title='bbox 2775 3141 3029 3198; x_wconf 69' lang='lat' dir='ltr'><strong>Hicbzeas</strong></span> <span class='ocrx_word' id='word_1_512' title='bbox 3089 3143 3419 3197; x_wconf 87' lang='lat' dir='ltr'><strong>mentionem</strong></span> 
     </span>
    </p>
   </div>
   <div class='ocr_carea' id='block_1_65' title="bbox 1857 3230 3420 3303">
    <p class='ocr_par' dir='ltr' id='par_1_65' title="bbox 1857 3230 3420 3303">
     <span class='ocr_line' id='line_1_65' title="bbox 1857 3230 3420 3303; baseline 0.003 -20"><span class='ocrx_word' id='word_1_513' title='bbox 1857 3230 2016 3286; x_wconf 80' lang='lat' dir='ltr'><strong>Verbi</strong></span> <span class='ocrx_word' id='word_1_514' title='bbox 2048 3230 2275 3295; x_wconf 83' lang='lat' dir='ltr'><strong>faciens,</strong></span> <span class='ocrx_word' id='word_1_515' title='bbox 2308 3233 2422 3287; x_wconf 86' lang='lat' dir='ltr'><strong>ait:</strong></span> <span class='ocrx_word' id='word_1_516' title='bbox 2465 3231 2785 3303; x_wconf 84' lang='lat' dir='ltr'><strong>Egredietur</strong></span> <span class='ocrx_word' id='word_1_517' title='bbox 2806 3234 2913 3299; x_wconf 70' lang='lat' dir='ltr'><strong>lem,</strong></span> <span class='ocrx_word' id='word_1_518' title='bbox 2950 3244 2999 3289; x_wconf 94' lang='lat' dir='ltr'><strong>et</strong></span> <span class='ocrx_word' id='word_1_519' title='bbox 3048 3234 3275 3289; x_wconf 85' lang='lat' dir='ltr'><strong>Verbum</strong></span> <span class='ocrx_word' id='word_1_520' title='bbox 3305 3234 3420 3288; x_wconf 89' lang='lat' dir='ltr'><strong>Do-</strong></span> 
     </span>
    </p>
   </div>
   <div class='ocr_carea' id='block_1_66' title="bbox 185 3323 1769 3414">
    <p class='ocr_par' dir='ltr' id='par_1_66' title="bbox 185 3324 1749 3399">
     <span class='ocr_line' id='line_1_66' title="bbox 185 3324 1749 3399; baseline 0 -18"><span class='ocrx_word' id='word_1_521' title='bbox 185 3347 207 3381; x_wconf 78' lang='grc' dir='ltr'><strong>ι</strong></span> <span class='ocrx_word' id='word_1_522' title='bbox 244 3328 395 3397; x_wconf 70' lang='grc' dir='ltr'>πρὸς</span> <span class='ocrx_word' id='word_1_523' title='bbox 423 3328 532 3383; x_wconf 79' lang='grc' dir='ltr'>τὸν</span> <span class='ocrx_word' id='word_1_524' title='bbox 567 3329 734 3395; x_wconf 78' lang='grc' dir='ltr'>Θεὸν,</span> <span class='ocrx_word' id='word_1_525' title='bbox 756 3330 856 3384; x_wconf 78' lang='grc' dir='ltr'><strong>καὶ</strong></span> <span class='ocrx_word' id='word_1_526' title='bbox 908 3330 1052 3395; x_wconf 82' lang='grc' dir='ltr'><strong>Θεὸς</strong></span> <span class='ocrx_word' id='word_1_527' title='bbox 1100 3324 1179 3398; x_wconf 84' lang='grc' dir='ltr'><strong>ἦν</strong></span> <span class='ocrx_word' id='word_1_528' title='bbox 1210 3332 1243 3383; x_wconf 85' lang='grc' dir='ltr'><em>ὀ</em></span> <span class='ocrx_word' id='word_1_529' title='bbox 1276 3329 1482 3398; x_wconf 84' lang='grc' dir='ltr'><em>Λόγος.</em></span> <span class='ocrx_word' id='word_1_530' title='bbox 1524 3328 1598 3382; x_wconf 83' lang='grc' dir='ltr'><strong>Οὐ</strong></span> <span class='ocrx_word' id='word_1_531' title='bbox 1651 3330 1749 3399; x_wconf 79' lang='grc' dir='ltr'><strong>μιᾷ</strong></span> 
     </span>
    </p>
   </div>
   <div class='ocr_carea' id='block_1_67' title="bbox 1857 3323 3424 3414">
    <p class='ocr_par' dir='ltr' id='par_1_67' title="bbox 1857 3323 3424 3389">
     <span class='ocr_line' id='line_1_67' title="bbox 1857 3323 3424 3389; baseline 0.003 -13"><span class='ocrx_word' id='word_1_532' title='bbox 1857 3324 1984 3377; x_wconf 86' lang='lat' dir='ltr'><strong>mini</strong></span> <span class='ocrx_word' id='word_1_533' title='bbox 2010 3339 2074 3389; x_wconf 72' lang='lat' dir='ltr'><strong>ea:</strong></span> <span class='ocrx_word' id='word_1_534' title='bbox 2104 3323 2401 3379; x_wconf 77' lang='lat' dir='ltr'><strong>Jerusalem</strong></span> <span class='ocrx_word' id='word_1_535' title='bbox 2426 3326 2525 3379; x_wconf 75' lang='grc'><strong>³³.»</strong></span> <span class='ocrx_word' id='word_1_536' title='bbox 2562 3327 2664 3382; x_wconf 89' lang='lat' dir='ltr'><strong>Tot</strong></span> <span class='ocrx_word' id='word_1_537' title='bbox 2693 3338 2748 3381; x_wconf 90' lang='lat' dir='ltr'><strong>et</strong></span> <span class='ocrx_word' id='word_1_538' title='bbox 2781 3337 2925 3381; x_wconf 89' lang='lat' dir='ltr'><strong>tanta</strong></span> <span class='ocrx_word' id='word_1_539' title='bbox 2963 3327 3050 3381; x_wconf 88' lang='lat' dir='ltr'><strong>ubi</strong></span> <span class='ocrx_word' id='word_1_540' title='bbox 3078 3327 3424 3382; x_wconf 80' lang='lat' dir='ltr'><strong>coacervavit</strong></span> 
     </span>
    </p>
   </div>
   <div class='ocr_carea' id='block_1_68' title="bbox 184 3420 1746 3492">
    <p class='ocr_par' dir='ltr' id='par_1_68' title="bbox 184 3420 1746 3492">
     <span class='ocr_line' id='line_1_68' title="bbox 184 3420 1746 3492; baseline -0.001 -18"><span class='ocrx_word' id='word_1_541' title='bbox 184 3436 209 3474; x_wconf 83' lang='lat' dir='ltr'><strong>s</strong></span> <span class='ocrx_word' id='word_1_542' title='bbox 249 3420 522 3492; x_wconf 76' lang='grc' dir='ltr'><strong>μαρτυρίᾳ</strong></span> <span class='ocrx_word' id='word_1_543' title='bbox 553 3420 832 3492; x_wconf 85' lang='grc' dir='ltr'>χρώμενος</span> <span class='ocrx_word' id='word_1_544' title='bbox 863 3420 960 3492; x_wconf 79' lang='grc' dir='ltr'>τὴν</span> <span class='ocrx_word' id='word_1_545' title='bbox 1000 3422 1273 3492; x_wconf 82' lang='grc' dir='ltr'>άῖὸιότητα</span> <span class='ocrx_word' id='word_1_546' title='bbox 1298 3420 1391 3475; x_wconf 83' lang='grc' dir='ltr'><strong>τοῦ</strong></span> <span class='ocrx_word' id='word_1_547' title='bbox 1433 3421 1605 3489; x_wconf 85' lang='grc' dir='ltr'><em>Λόγου</em></span> <span class='ocrx_word' id='word_1_548' title='bbox 1657 3437 1746 3491; x_wconf 84' lang='grc' dir='ltr'>ση-</span> 
     </span>
    </p>
   </div>
   <div class='ocr_carea' id='block_1_69' title="bbox 183 3509 1744 3584">
    <p class='ocr_par' dir='ltr' id='par_1_69' title="bbox 183 3509 1744 3584">
     <span class='ocr_line' id='line_1_69' title="bbox 183 3509 1744 3584; baseline 0.002 -22"><span class='ocrx_word' id='word_1_549' title='bbox 183 3526 205 3562; x_wconf 77' lang='lat' dir='ltr'><strong>s</strong></span> <span class='ocrx_word' id='word_1_550' title='bbox 246 3509 445 3580; x_wconf 86' lang='grc' dir='ltr'>μαίνει.</span> <span class='ocrx_word' id='word_1_551' title='bbox 488 3529 508 3563; x_wconf 83' lang='grc' dir='ltr'><strong>ι</strong></span> <span class='ocrx_word' id='word_1_552' title='bbox 548 3511 655 3564; x_wconf 75' lang='lat' dir='ltr'><strong>Kal</strong></span> <span class='ocrx_word' id='word_1_553' title='bbox 686 3512 1006 3583; x_wconf 85' lang='grc' dir='ltr'>προστίθησι</span> <span class='ocrx_word' id='word_1_554' title='bbox 1059 3512 1266 3575; x_wconf 82' lang='grc' dir='ltr'>τούτοις</span> <span class='ocrx_word' id='word_1_555' title='bbox 1314 3510 1580 3581; x_wconf 73' lang='grc' dir='ltr'>ἐπιλέγων</span> <span class='ocrx_word' id='word_1_556' title='bbox 1632 3511 1744 3584; x_wconf 77' lang='grc'>(59)</span> 
     </span>
    </p>
   </div>
   <div class='ocr_carea' id='block_1_70' title="bbox 174 3599 1742 3674">
    <p class='ocr_par' dir='ltr' id='par_1_70' title="bbox 174 3599 1742 3674">
     <span class='ocr_line' id='line_1_70' title="bbox 174 3599 1742 3674; baseline -0.002 -19"><span class='ocrx_word' id='word_1_557' title='bbox 174 3599 327 3670; x_wconf 58' lang='grc' dir='ltr'>ἑξῆς,</span> <span class='ocrx_word' id='word_1_558' title='bbox 365 3620 383 3653; x_wconf 84' lang='grc' dir='ltr'><strong>ι</strong></span> <span class='ocrx_word' id='word_1_559' title='bbox 410 3601 490 3667; x_wconf 40' lang='grc' dir='ltr'><strong>λῖν*</strong></span> <span class='ocrx_word' id='word_1_560' title='bbox 515 3602 572 3655; x_wconf 71' lang='grc' dir='ltr'>ἑν</span> <span class='ocrx_word' id='word_1_561' title='bbox 599 3602 695 3672; x_wconf 76' lang='grc' dir='ltr'>μὲν</span> <span class='ocrx_word' id='word_1_562' title='bbox 722 3602 799 3673; x_wconf 83' lang='grc' dir='ltr'>τῷ</span> <span class='ocrx_word' id='word_1_563' title='bbox 821 3606 1011 3673; x_wconf 84' lang='grc' dir='ltr'>φῆσαι,</span> <span class='ocrx_word' id='word_1_564' title='bbox 1038 3604 1132 3657; x_wconf 82' lang='grc' dir='ltr'><em>Ἐν</em></span> <span class='ocrx_word' id='word_1_565' title='bbox 1170 3602 1326 3672; x_wconf 80' lang='grc' dir='ltr'><strong>ἀρχῇ</strong></span> <span class='ocrx_word' id='word_1_566' title='bbox 1348 3600 1427 3674; x_wconf 73' lang='grc' dir='ltr'><strong>ἦν</strong></span> <span class='ocrx_word' id='word_1_567' title='bbox 1469 3606 1502 3658; x_wconf 81' lang='grc' dir='ltr'><em>ό</em></span> <span class='ocrx_word' id='word_1_568' title='bbox 1534 3604 1742 3673; x_wconf 71' lang='grc' dir='ltr'><em>Λόγος,</em></span> 
     </span>
    </p>
   </div>
   <div class='ocr_carea' id='block_1_71' title="bbox 180 3690 1745 3765">
    <p class='ocr_par' dir='ltr' id='par_1_71' title="bbox 180 3690 1745 3765">
     <span class='ocr_line' id='line_1_71' title="bbox 180 3690 1745 3765; baseline 0.001 -21"><span class='ocrx_word' id='word_1_569' title='bbox 180 3712 203 3744; x_wconf 81' lang='lat' dir='ltr'><strong>s</strong></span> <span class='ocrx_word' id='word_1_570' title='bbox 243 3690 414 3765; x_wconf 60' lang='grc' dir='ltr'>ὰίξῃ,</span> <span class='ocrx_word' id='word_1_571' title='bbox 444 3692 666 3763; x_wconf 82' lang='grc' dir='ltr'>δυνάμει</span> <span class='ocrx_word' id='word_1_572' title='bbox 688 3694 746 3746; x_wconf 84' lang='grc' dir='ltr'>ὲν</span> <span class='ocrx_word' id='word_1_573' title='bbox 776 3693 854 3764; x_wconf 83' lang='grc' dir='ltr'><strong>τῷ</strong></span> <span class='ocrx_word' id='word_1_574' title='bbox 879 3694 1052 3764; x_wconf 66' lang='grc' dir='ltr'><strong>Πατρ)⁵</strong></span> <span class='ocrx_word' id='word_1_575' title='bbox 1086 3690 1223 3747; x_wconf 69' lang='grc' dir='ltr'>εἶναι</span> <span class='ocrx_word' id='word_1_576' title='bbox 1255 3694 1345 3748; x_wconf 90' lang='grc' dir='ltr'><strong>τὸν</strong></span> <span class='ocrx_word' id='word_1_577' title='bbox 1393 3694 1563 3762; x_wconf 88' lang='grc' dir='ltr'>Λόγον</span> <span class='ocrx_word' id='word_1_578' title='bbox 1594 3710 1609 3725; x_wconf 87' lang='lat'><strong>&#39;</strong></span> <span class='ocrx_word' id='word_1_579' title='bbox 1656 3695 1745 3746; x_wconf 86' lang='lat' dir='ltr'><strong>&#39;Ev</strong></span> 
     </span>
    </p>
   </div>
   <div class='ocr_carea' id='block_1_72' title="bbox 178 3778 1744 3853">
    <p class='ocr_par' dir='ltr' id='par_1_72' title="bbox 178 3778 1744 3853">
     <span class='ocr_line' id='line_1_72' title="bbox 178 3778 1744 3853; baseline 0.001 -19"><span class='ocrx_word' id='word_1_580' title='bbox 178 3798 201 3833; x_wconf 74' lang='grc' dir='ltr'><strong>ι</strong></span> <span class='ocrx_word' id='word_1_581' title='bbox 236 3780 379 3853; x_wconf 75' lang='grc' dir='ltr'><strong>ἀρχῇ</strong></span> <span class='ocrx_word' id='word_1_582' title='bbox 411 3781 519 3853; x_wconf 80' lang='grc' dir='ltr'><strong>γὰρ</strong></span> <span class='ocrx_word' id='word_1_583' title='bbox 549 3783 800 3836; x_wconf 83' lang='grc' dir='ltr'>ἁπάντων</span> <span class='ocrx_word' id='word_1_584' title='bbox 824 3782 932 3835; x_wconf 82' lang='grc' dir='ltr'><strong>τῶν</strong></span> <span class='ocrx_word' id='word_1_585' title='bbox 959 3783 1257 3851; x_wconf 81' lang='grc' dir='ltr'>γεγονότων</span> <span class='ocrx_word' id='word_1_586' title='bbox 1278 3783 1471 3849; x_wconf 82' lang='grc' dir='ltr'>ὁΘεὸς,</span> <span class='ocrx_word' id='word_1_587' title='bbox 1500 3783 1557 3850; x_wconf 76' lang='grc' dir='ltr'><strong>ἐξ</strong></span> <span class='ocrx_word' id='word_1_588' title='bbox 1578 3778 1637 3838; x_wconf 72' lang='grc' dir='ltr'>οὗ</span> <span class='ocrx_word' id='word_1_589' title='bbox 1675 3782 1744 3836; x_wconf 80' lang='grc' dir='ltr'><strong>τὰ</strong></span> 
     </span>
    </p>
   </div>
   <div class='ocr_carea' id='block_1_73' title="bbox 179 3866 1736 3945">
    <p class='ocr_par' dir='ltr' id='par_1_73' title="bbox 179 3866 1736 3945">
     <span class='ocr_line' id='line_1_73' title="bbox 179 3866 1736 3945; baseline 0.001 -21"><span class='ocrx_word' id='word_1_590' title='bbox 179 3888 202 3923; x_wconf 79' lang='lat' dir='ltr'><strong>s</strong></span> <span class='ocrx_word' id='word_1_591' title='bbox 237 3872 435 3926; x_wconf 86' lang='grc' dir='ltr'>πάντα·</span> <span class='ocrx_word' id='word_1_592' title='bbox 468 3874 525 3926; x_wconf 78' lang='grc' dir='ltr'>ὲν</span> <span class='ocrx_word' id='word_1_593' title='bbox 543 3872 600 3925; x_wconf 82' lang='grc' dir='ltr'><strong>δὲ</strong></span> <span class='ocrx_word' id='word_1_594' title='bbox 629 3872 707 3944; x_wconf 81' lang='grc' dir='ltr'>τῷ</span> <span class='ocrx_word' id='word_1_595' title='bbox 730 3890 744 3904; x_wconf 86' lang='grc'><strong>·</strong></span> <span class='ocrx_word' id='word_1_596' title='bbox 782 3875 919 3927; x_wconf 75' lang='grc' dir='ltr'><strong>«Καὶ</strong></span> <span class='ocrx_word' id='word_1_597' title='bbox 938 3876 967 3928; x_wconf 83' lang='grc' dir='ltr'><strong>ὁ</strong></span> <span class='ocrx_word' id='word_1_598' title='bbox 988 3874 1158 3942; x_wconf 88' lang='grc' dir='ltr'>Λόγος</span> <span class='ocrx_word' id='word_1_599' title='bbox 1181 3869 1250 3945; x_wconf 74' lang='grc' dir='ltr'>ἦν</span> <span class='ocrx_word' id='word_1_600' title='bbox 1273 3874 1408 3944; x_wconf 86' lang='grc' dir='ltr'>πρὸς</span> <span class='ocrx_word' id='word_1_601' title='bbox 1429 3875 1520 3928; x_wconf 86' lang='grc' dir='ltr'><strong>τὸν</strong></span> <span class='ocrx_word' id='word_1_602' title='bbox 1551 3866 1702 3939; x_wconf 60' lang='grc' dir='ltr'>Θεὸν,</span> <span class='ocrx_word' id='word_1_603' title='bbox 1717 3892 1736 3926; x_wconf 80' lang='grc' dir='ltr'><strong>ι</strong></span> 
     </span>
    </p>
   </div>
   <div class='ocr_carea' id='block_1_74' title="bbox 179 3961 1742 4037">
    <p class='ocr_par' dir='ltr' id='par_1_74' title="bbox 179 3961 1742 4037">
     <span class='ocr_line' id='line_1_74' title="bbox 179 3961 1742 4037; baseline 0.003 -22"><span class='ocrx_word' id='word_1_604' title='bbox 179 3980 202 4015; x_wconf 81' lang='lat' dir='ltr'><strong>s</strong></span> <span class='ocrx_word' id='word_1_605' title='bbox 232 3963 482 4035; x_wconf 73' lang='grc' dir='ltr'>ινεργείᾳ</span> <span class='ocrx_word' id='word_1_606' title='bbox 508 3964 642 4035; x_wconf 84' lang='grc' dir='ltr'>πρὸς</span> <span class='ocrx_word' id='word_1_607' title='bbox 658 3964 750 4018; x_wconf 89' lang='grc' dir='ltr'><strong>τὸν</strong></span> <span class='ocrx_word' id='word_1_608' title='bbox 769 3964 901 4018; x_wconf 83' lang='grc' dir='ltr'>Θεὸν</span> <span class='ocrx_word' id='word_1_609' title='bbox 933 3961 1071 4019; x_wconf 79' lang='grc' dir='ltr'>εἶναι</span> <span class='ocrx_word' id='word_1_610' title='bbox 1091 3965 1182 4017; x_wconf 89' lang='grc' dir='ltr'><strong>τὸν</strong></span> <span class='ocrx_word' id='word_1_611' title='bbox 1200 3965 1368 4034; x_wconf 92' lang='grc' dir='ltr'>Λόγον</span> <span class='ocrx_word' id='word_1_612' title='bbox 1386 3981 1403 3997; x_wconf 74' lang='grc' dir='ltr'><strong>ο</strong></span> <span class='ocrx_word' id='word_1_613' title='bbox 1435 3964 1609 4019; x_wconf 86' lang='grc' dir='ltr'>πάντα</span> <span class='ocrx_word' id='word_1_614' title='bbox 1634 3966 1742 4037; x_wconf 84' lang='grc' dir='ltr'>γὰρ</span> 
     </span>
    </p>
   </div>
   <div class='ocr_carea' id='block_1_75' title="bbox 176 4053 1738 4127">
    <p class='ocr_par' dir='ltr' id='par_1_75' title="bbox 176 4053 1738 4127">
     <span class='ocr_line' id='line_1_75' title="bbox 176 4053 1738 4127; baseline 0.002 -19"><span class='ocrx_word' id='word_1_615' title='bbox 176 4072 199 4108; x_wconf 80' lang='lat' dir='ltr'><strong>s</strong></span> <span class='ocrx_word' id='word_1_616' title='bbox 236 4053 486 4109; x_wconf 77' lang='grc' dir='ltr'>διἀὐτοῦ</span> <span class='ocrx_word' id='word_1_617' title='bbox 514 4054 749 4123; x_wconf 69' lang='grc' dir='ltr'>ἐγένετο,</span> <span class='ocrx_word' id='word_1_618' title='bbox 780 4056 871 4109; x_wconf 75' lang='grc' dir='ltr'><strong>καὶ</strong></span> <span class='ocrx_word' id='word_1_619' title='bbox 894 4056 1065 4127; x_wconf 82' lang='grc' dir='ltr'>χωρὶς</span> <span class='ocrx_word' id='word_1_620' title='bbox 1088 4053 1250 4108; x_wconf 82' lang='grc' dir='ltr'>αὑτοῦ</span> <span class='ocrx_word' id='word_1_621' title='bbox 1274 4056 1487 4124; x_wconf 79' lang='grc' dir='ltr'>ἐγένετο</span> <span class='ocrx_word' id='word_1_622' title='bbox 1510 4057 1629 4109; x_wconf 80' lang='grc' dir='ltr'><strong>οὐδὲ</strong></span> <span class='ocrx_word' id='word_1_623' title='bbox 1660 4058 1738 4111; x_wconf 77' lang='grc' dir='ltr'><strong>ἓν.</strong></span> 
     </span>
    </p>
   </div>
   <div class='ocr_carea' id='block_1_76' title="bbox 178 4139 1742 4214">
    <p class='ocr_par' dir='ltr' id='par_1_76' title="bbox 178 4139 1742 4214">
     <span class='ocr_line' id='line_1_76' title="bbox 178 4139 1742 4214; baseline -0.003 -16"><span class='ocrx_word' id='word_1_624' title='bbox 178 4161 200 4198; x_wconf 82' lang='lat' dir='ltr'><strong>s</strong></span> <span class='ocrx_word' id='word_1_625' title='bbox 247 4143 340 4199; x_wconf 80' lang='grc' dir='ltr'>Ἐν</span> <span class='ocrx_word' id='word_1_626' title='bbox 368 4144 427 4196; x_wconf 74' lang='grc' dir='ltr'><strong>δὲ</strong></span> <span class='ocrx_word' id='word_1_627' title='bbox 467 4142 544 4213; x_wconf 84' lang='grc' dir='ltr'>τῷ</span> <span class='ocrx_word' id='word_1_628' title='bbox 577 4143 727 4197; x_wconf 74' lang='grc' dir='ltr'><strong>Θεὸν</strong></span> <span class='ocrx_word' id='word_1_629' title='bbox 759 4139 910 4197; x_wconf 76' lang='grc' dir='ltr'><em>εἶναι</em></span> <span class='ocrx_word' id='word_1_630' title='bbox 949 4142 1059 4196; x_wconf 79' lang='grc' dir='ltr'>τὸν</span> <span class='ocrx_word' id='word_1_631' title='bbox 1115 4143 1310 4211; x_wconf 76' lang='grc' dir='ltr'><em>Λόγον</em></span> <span class='ocrx_word' id='word_1_632' title='bbox 1336 4142 1634 4214; x_wconf 78' lang='grc' dir='ltr'>εἰρηκέναι,</span> <span class='ocrx_word' id='word_1_633' title='bbox 1667 4142 1742 4214; x_wconf 80' lang='grc' dir='ltr'>μὴ</span> 
     </span>
    </p>
   </div>
   <div class='ocr_carea' id='block_1_77' title="bbox 177 4232 1740 4307">
    <p class='ocr_par' dir='ltr' id='par_1_77' title="bbox 177 4232 1740 4307">
     <span class='ocr_line' id='line_1_77' title="bbox 177 4232 1740 4307; baseline -0.001 -20"><span class='ocrx_word' id='word_1_634' title='bbox 177 4251 203 4287; x_wconf 77' lang='lat' dir='ltr'><strong>s</strong></span> <span class='ocrx_word' id='word_1_635' title='bbox 241 4233 467 4307; x_wconf 71' lang='grc' dir='ltr'>διαιρεῖν</span> <span class='ocrx_word' id='word_1_636' title='bbox 495 4234 594 4306; x_wconf 84' lang='grc' dir='ltr'>τὴν</span> <span class='ocrx_word' id='word_1_637' title='bbox 617 4234 885 4304; x_wconf 78' lang='grc' dir='ltr'>Θεότηταο</span> <span class='ocrx_word' id='word_1_638' title='bbox 914 4233 1100 4303; x_wconf 71' lang='grc' dir='ltr'><strong>ἐπειδὴ</strong></span> <span class='ocrx_word' id='word_1_639' title='bbox 1121 4235 1151 4285; x_wconf 87' lang='grc' dir='ltr'><strong>ὸ</strong></span> <span class='ocrx_word' id='word_1_640' title='bbox 1192 4232 1363 4301; x_wconf 86' lang='grc' dir='ltr'>Λόγος</span> <span class='ocrx_word' id='word_1_641' title='bbox 1392 4233 1453 4286; x_wconf 88' lang='grc' dir='ltr'><strong>τὸ</strong></span> <span class='ocrx_word' id='word_1_642' title='bbox 1478 4234 1535 4285; x_wconf 77' lang='grc' dir='ltr'>ὲν</span> <span class='ocrx_word' id='word_1_643' title='bbox 1572 4232 1740 4304; x_wconf 82' lang='grc' dir='ltr'>αὐτῷ,</span> 
     </span>
    </p>
   </div>
   <div class='ocr_carea' id='block_1_78' title="bbox 174 4319 1741 4396">
    <p class='ocr_par' dir='ltr' id='par_1_78' title="bbox 174 4319 1741 4396">
     <span class='ocr_line' id='line_1_78' title="bbox 174 4319 1741 4396; baseline -0.001 -16"><span class='ocrx_word' id='word_1_644' title='bbox 174 4343 196 4373; x_wconf 74' lang='grc' dir='ltr'><strong>ο</strong></span> <span class='ocrx_word' id='word_1_645' title='bbox 232 4325 327 4380; x_wconf 75' lang='grc' dir='ltr'><strong>καὶ</strong></span> <span class='ocrx_word' id='word_1_646' title='bbox 357 4319 511 4388; x_wconf 74' lang='grc' dir='ltr'>οὗτος</span> <span class='ocrx_word' id='word_1_647' title='bbox 542 4326 599 4379; x_wconf 83' lang='grc' dir='ltr'>ὲν</span> <span class='ocrx_word' id='word_1_648' title='bbox 657 4324 735 4395; x_wconf 82' lang='grc' dir='ltr'>τῷ</span> <span class='ocrx_word' id='word_1_649' title='bbox 760 4326 945 4396; x_wconf 82' lang='grc' dir='ltr'>Λόγῳ·</span> <span class='ocrx_word' id='word_1_650' title='bbox 985 4326 1082 4378; x_wconf 80' lang='grc' dir='ltr'><strong>Ἐν</strong></span> <span class='ocrx_word' id='word_1_651' title='bbox 1118 4324 1247 4393; x_wconf 66' lang='grc' dir='ltr'><strong>ἐμοὶ</strong></span> <span class='ocrx_word' id='word_1_652' title='bbox 1291 4323 1419 4396; x_wconf 84' lang='grc' dir='ltr'>γὰρ.</span> <span class='ocrx_word' id='word_1_653' title='bbox 1479 4324 1663 4395; x_wconf 75' lang='grc' dir='ltr'>φησὶν,</span> <span class='ocrx_word' id='word_1_654' title='bbox 1707 4326 1741 4378; x_wconf 88' lang='grc' dir='ltr'><em>ό</em></span> 
     </span>
    </p>
   </div>
   <div class='ocr_carea' id='block_1_79' title="bbox 167 4414 1743 4487">
    <p class='ocr_par' dir='ltr' id='par_1_79' title="bbox 167 4414 1743 4487">
     <span class='ocr_line' id='line_1_79' title="bbox 167 4414 1743 4487; baseline -0.003 -16"><span class='ocrx_word' id='word_1_655' title='bbox 167 4416 397 4485; x_wconf 68' lang='grc' dir='ltr'>Πατὴρ,</span> <span class='ocrx_word' id='word_1_656' title='bbox 419 4415 578 4485; x_wconf 77' lang='grc' dir='ltr'><strong>κάγὼ</strong></span> <span class='ocrx_word' id='word_1_657' title='bbox 604 4416 672 4471; x_wconf 66' lang='grc' dir='ltr'><strong>ἐν</strong></span> <span class='ocrx_word' id='word_1_658' title='bbox 696 4415 776 4483; x_wconf 80' lang='grc' dir='ltr'>τῷ</span> <span class='ocrx_word' id='word_1_659' title='bbox 802 4418 1004 4485; x_wconf 82' lang='grc' dir='ltr'><em>Πατρι.</em></span> <span class='ocrx_word' id='word_1_660' title='bbox 1042 4435 1063 4468; x_wconf 82' lang='grc' dir='ltr'><strong>ι</strong></span> <span class='ocrx_word' id='word_1_661' title='bbox 1094 4417 1202 4469; x_wconf 84' lang='lat' dir='ltr'><strong>Kal</strong></span> <span class='ocrx_word' id='word_1_662' title='bbox 1232 4414 1311 4469; x_wconf 80' lang='grc' dir='ltr'>ἐτι</span> <span class='ocrx_word' id='word_1_663' title='bbox 1340 4415 1545 4479; x_wconf 85' lang='grc' dir='ltr'>τούτοις</span> <span class='ocrx_word' id='word_1_664' title='bbox 1574 4431 1743 4487; x_wconf 90' lang='grc' dir='ltr'>προσ-</span> 
     </span>
    </p>
   </div>
   <div class='ocr_carea' id='block_1_80' title="bbox 164 4501 1741 4579">
    <p class='ocr_par' dir='ltr' id='par_1_80' title="bbox 164 4501 1741 4579">
     <span class='ocr_line' id='line_1_80' title="bbox 164 4501 1741 4579; baseline 0.001 -18"><span class='ocrx_word' id='word_1_665' title='bbox 164 4505 403 4579; x_wconf 78' lang='grc' dir='ltr'>τίθησιν,</span> <span class='ocrx_word' id='word_1_666' title='bbox 463 4507 793 4579; x_wconf 83' lang='grc' dir='ltr'>ἀπογυμνῶν</span> <span class='ocrx_word' id='word_1_667' title='bbox 854 4509 945 4563; x_wconf 84' lang='grc' dir='ltr'><strong>τὸν</strong></span> <span class='ocrx_word' id='word_1_668' title='bbox 1008 4509 1136 4562; x_wconf 74' lang='grc' dir='ltr'>ἴδιον</span> <span class='ocrx_word' id='word_1_669' title='bbox 1191 4507 1335 4573; x_wconf 81' lang='grc' dir='ltr'>νοῦν,</span> <span class='ocrx_word' id='word_1_670' title='bbox 1368 4509 1433 4562; x_wconf 87' lang='grc' dir='ltr'>δι’</span> <span class='ocrx_word' id='word_1_671' title='bbox 1490 4501 1565 4561; x_wconf 82' lang='grc' dir='ltr'>ὧν</span> <span class='ocrx_word' id='word_1_672' title='bbox 1595 4508 1741 4579; x_wconf 45' lang='grc' dir='ltr'><strong>δὲξῆς</strong></span> 
     </span>
    </p>
   </div>
   <div class='ocr_carea' id='block_1_81' title="bbox 167 4597 1739 4671">
    <p class='ocr_par' dir='ltr' id='par_1_81' title="bbox 167 4597 1739 4671">
     <span class='ocr_line' id='line_1_81' title="bbox 167 4597 1739 4671; baseline 0 -19"><span class='ocrx_word' id='word_1_673' title='bbox 167 4597 368 4667; x_wconf 62' lang='lat' dir='ltr'><strong>tuam</strong></span> <span class='ocrx_word' id='word_1_674' title='bbox 395 4598 584 4667; x_wconf 84' lang='grc' dir='ltr'>λέγων.</span> <span class='ocrx_word' id='word_1_675' title='bbox 624 4618 643 4650; x_wconf 79' lang='grc' dir='ltr'><strong>ι</strong></span> <span class='ocrx_word' id='word_1_676' title='bbox 665 4599 723 4652; x_wconf 86' lang='lat'><strong>&#39;0</strong></span> <span class='ocrx_word' id='word_1_677' title='bbox 747 4599 924 4653; x_wconf 87' lang='grc' dir='ltr'>τοίνυν</span> <span class='ocrx_word' id='word_1_678' title='bbox 947 4599 1088 4671; x_wconf 77' lang='grc' dir='ltr'>ἱερὸς</span> <span class='ocrx_word' id='word_1_679' title='bbox 1117 4598 1404 4662; x_wconf 85' lang='grc' dir='ltr'>άπόστολός</span> <span class='ocrx_word' id='word_1_680' title='bbox 1422 4616 1483 4652; x_wconf 81' lang='grc' dir='ltr'>τε</span> <span class='ocrx_word' id='word_1_681' title='bbox 1515 4600 1609 4653; x_wconf 86' lang='grc' dir='ltr'><strong>καί</strong></span> <span class='ocrx_word' id='word_1_682' title='bbox 1637 4616 1739 4669; x_wconf 88' lang='grc' dir='ltr'>μα-</span> 
     </span>
    </p>
   </div>
   <div class='ocr_carea' id='block_1_82' title="bbox 1854 3411 3419 3486">
    <p class='ocr_par' dir='ltr' id='par_1_82' title="bbox 1854 3411 3419 3486">
     <span class='ocr_line' id='line_1_82' title="bbox 1854 3411 3419 3486; baseline 0.003 -19"><span class='ocrx_word' id='word_1_683' title='bbox 1854 3413 1922 3467; x_wconf 90' lang='lat' dir='ltr'><strong>de</strong></span> <span class='ocrx_word' id='word_1_684' title='bbox 1948 3411 2126 3469; x_wconf 82' lang='lat' dir='ltr'><strong>Verbo</strong></span> <span class='ocrx_word' id='word_1_685' title='bbox 2150 3417 2489 3471; x_wconf 89' lang='lat' dir='ltr'><strong>mandaturio</strong></span> <span class='ocrx_word' id='word_1_686' title='bbox 2521 3417 2808 3473; x_wconf 78' lang='lat' dir='ltr'><strong>Marcellus</strong></span> <span class='ocrx_word' id='word_1_687' title='bbox 2837 3419 3172 3483; x_wconf 86' lang='lat' dir='ltr'><strong>testimonia,</strong></span> <span class='ocrx_word' id='word_1_688' title='bbox 3207 3417 3419 3486; x_wconf 78' lang='lat' dir='ltr'><strong>eiusce-</strong></span> 
     </span>
    </p>
   </div>
   <div class='ocr_carea' id='block_1_83' title="bbox 1853 3504 3420 3581">
    <p class='ocr_par' dir='ltr' id='par_1_83' title="bbox 1853 3504 3420 3581">
     <span class='ocr_line' id='line_1_83' title="bbox 1853 3504 3420 3581; baseline 0.004 -23"><span class='ocrx_word' id='word_1_689' title='bbox 1853 3504 1995 3559; x_wconf 90' lang='lat' dir='ltr'><strong>modi</strong></span> <span class='ocrx_word' id='word_1_690' title='bbox 2024 3520 2235 3577; x_wconf 87' lang='lat' dir='ltr'><strong>quoque</strong></span> <span class='ocrx_word' id='word_1_691' title='bbox 2261 3509 2455 3563; x_wconf 76' lang='lat' dir='ltr'><strong>asserit</strong></span> <span class='ocrx_word' id='word_1_692' title='bbox 2483 3510 2758 3565; x_wconf 76' lang='lat' dir='ltr'><strong>exstitisse</strong></span> <span class='ocrx_word' id='word_1_693' title='bbox 2784 3520 2840 3564; x_wconf 89' lang='lat' dir='ltr'><strong>et</strong></span> <span class='ocrx_word' id='word_1_694' title='bbox 2856 3510 3091 3566; x_wconf 83' lang='lat' dir='ltr'><strong>Verbum</strong></span> <span class='ocrx_word' id='word_1_695' title='bbox 3117 3511 3244 3565; x_wconf 91' lang='lat' dir='ltr'><strong>illud</strong></span> <span class='ocrx_word' id='word_1_696' title='bbox 3276 3509 3420 3581; x_wconf 87' lang='lat' dir='ltr'><strong>quod</strong></span> 
     </span>
    </p>
   </div>
   <div class='ocr_carea' id='block_1_84' title="bbox 1845 3597 3418 3675">
    <p class='ocr_par' dir='ltr' id='par_1_84' title="bbox 1845 3597 3418 3675">
     <span class='ocr_line' id='line_1_84' title="bbox 1845 3597 3418 3675; baseline 0.004 -26"><span class='ocrx_word' id='word_1_697' title='bbox 1845 3597 1985 3665; x_wconf 91' lang='lat' dir='ltr'><strong>apud</strong></span> <span class='ocrx_word' id='word_1_698' title='bbox 2040 3597 2225 3662; x_wconf 91' lang='lat' dir='ltr'><strong>Deum,</strong></span> <span class='ocrx_word' id='word_1_699' title='bbox 2284 3598 2427 3655; x_wconf 88' lang='lat' dir='ltr'><strong>Deus</strong></span> <span class='ocrx_word' id='word_1_700' title='bbox 2457 3603 2709 3657; x_wconf 80' lang='lat' dir='ltr'><strong>exstabat</strong></span> <span class='ocrx_word' id='word_1_701' title='bbox 2760 3604 2826 3657; x_wconf 90' lang='lat' dir='ltr'><strong>ab</strong></span> <span class='ocrx_word' id='word_1_702' title='bbox 2885 3605 3062 3658; x_wconf 85' lang='lat' dir='ltr'><strong>initio.</strong></span> <span class='ocrx_word' id='word_1_703' title='bbox 3098 3604 3188 3675; x_wconf 71' lang='grc' dir='ltr'><strong>[Β.</strong></span> <span class='ocrx_word' id='word_1_704' title='bbox 3228 3602 3418 3666; x_wconf 79' lang='lat' dir='ltr'><strong>XLVI,</strong></span> 
     </span>
    </p>
   </div>
   <div class='ocr_carea' id='block_1_85' title="bbox 1845 3687 3417 3764">
    <p class='ocr_par' dir='ltr' id='par_1_85' title="bbox 1845 3687 3417 3764">
     <span class='ocr_line' id='line_1_85' title="bbox 1845 3687 3417 3764; baseline 0.004 -25"><span class='ocrx_word' id='word_1_705' title='bbox 1845 3687 1972 3741; x_wconf 91' lang='lat' dir='ltr'><strong>coll.</strong></span> <span class='ocrx_word' id='word_1_706' title='bbox 1990 3702 2041 3757; x_wconf 89' lang='lat' dir='ltr'><strong>p.</strong></span> <span class='ocrx_word' id='word_1_707' title='bbox 2061 3687 2180 3752; x_wconf 87' lang='grc'>118,</span> <span class='ocrx_word' id='word_1_708' title='bbox 2205 3689 2266 3755; x_wconf 85' lang='lat' dir='ltr'><strong>C,</strong></span> <span class='ocrx_word' id='word_1_709' title='bbox 2292 3691 2418 3755; x_wconf 72' lang='grc' dir='ltr'>ιιι,</span> <span class='ocrx_word' id='word_1_710' title='bbox 2445 3691 2537 3764; x_wconf 80' lang='grc' dir='ltr'><strong>Λ.]</strong></span> <span class='ocrx_word' id='word_1_711' title='bbox 2558 3694 2820 3760; x_wconf 83' lang='lat' dir='ltr'><strong>Quocirca</strong></span> <span class='ocrx_word' id='word_1_712' title='bbox 2848 3696 3417 3764; x_wconf 79' lang='lat' dir='ltr'><strong>subinfertinquiens:</strong></span> 
     </span>
    </p>
   </div>
   <div class='ocr_carea' id='block_1_86' title="bbox 1851 3778 3423 3857">
    <p class='ocr_par' dir='ltr' id='par_1_86' title="bbox 1851 3778 3423 3857">
     <span class='ocr_line' id='line_1_86' title="bbox 1851 3778 3423 3857; baseline 0.008 -27"><span class='ocrx_word' id='word_1_713' title='bbox 1851 3798 1869 3829; x_wconf 80' lang='grc' dir='ltr'><strong>ι</strong></span> <span class='ocrx_word' id='word_1_714' title='bbox 1895 3778 2278 3837; x_wconf 89' lang='lat' dir='ltr'><strong>Sanctissimus</strong></span> <span class='ocrx_word' id='word_1_715' title='bbox 2292 3783 2565 3851; x_wconf 85' lang='lat' dir='ltr'><strong>apostolus</strong></span> <span class='ocrx_word' id='word_1_716' title='bbox 2577 3795 2631 3840; x_wconf 91' lang='lat' dir='ltr'><strong>et</strong></span> <span class='ocrx_word' id='word_1_717' title='bbox 2648 3787 2943 3857; x_wconf 88' lang='lat' dir='ltr'><strong>discipulus</strong></span> <span class='ocrx_word' id='word_1_718' title='bbox 2957 3788 3167 3843; x_wconf 88' lang='lat' dir='ltr'><strong>Domini</strong></span> <span class='ocrx_word' id='word_1_719' title='bbox 3185 3788 3423 3843; x_wconf 82' lang='lat' dir='ltr'><strong>Joannes</strong></span> 
     </span>
    </p>
   </div>
   <div class='ocr_carea' id='block_1_87' title="bbox 1853 3873 3420 3949">
    <p class='ocr_par' dir='ltr' id='par_1_87' title="bbox 1853 3873 3420 3949">
     <span class='ocr_line' id='line_1_87' title="bbox 1853 3873 3420 3949; baseline 0.01 -24"><span class='ocrx_word' id='word_1_720' title='bbox 1853 3894 1871 3925; x_wconf 79' lang='grc' dir='ltr'><strong>ι</strong></span> <span class='ocrx_word' id='word_1_721' title='bbox 1898 3873 2156 3928; x_wconf 81' lang='lat' dir='ltr'><strong>exsertim</strong></span> <span class='ocrx_word' id='word_1_722' title='bbox 2186 3873 2382 3930; x_wconf 85' lang='lat' dir='ltr'><strong>docens</strong></span> <span class='ocrx_word' id='word_1_723' title='bbox 2414 3877 2754 3946; x_wconf 85' lang='lat' dir='ltr'><strong>apertissime</strong></span> <span class='ocrx_word' id='word_1_724' title='bbox 2783 3879 2834 3933; x_wconf 95' lang='lat' dir='ltr'><strong>in</strong></span> <span class='ocrx_word' id='word_1_725' title='bbox 2856 3880 3120 3949; x_wconf 89' lang='lat' dir='ltr'><strong>principio</strong></span> <span class='ocrx_word' id='word_1_726' title='bbox 3144 3882 3226 3935; x_wconf 87' lang='lat' dir='ltr'><strong>sui</strong></span> <span class='ocrx_word' id='word_1_727' title='bbox 3247 3883 3420 3940; x_wconf 88' lang='lat' dir='ltr'><strong>Evan-</strong></span> 
     </span>
    </p>
   </div>
   <div class='ocr_carea' id='block_1_88' title="bbox 1854 3960 3417 4041">
    <p class='ocr_par' dir='ltr' id='par_1_88' title="bbox 1854 3960 3417 4041">
     <span class='ocr_line' id='line_1_88' title="bbox 1854 3960 3417 4041; baseline 0.008 -27"><span class='ocrx_word' id='word_1_728' title='bbox 1854 3983 1872 4014; x_wconf 80' lang='grc' dir='ltr'><strong>ι</strong></span> <span class='ocrx_word' id='word_1_729' title='bbox 1897 3963 2021 4032; x_wconf 73' lang='lat' dir='ltr'><strong>gelii</strong></span> <span class='ocrx_word' id='word_1_730' title='bbox 2049 3960 2303 4031; x_wconf 80' lang='lat' dir='ltr'><strong>Verbum,</strong></span> <span class='ocrx_word' id='word_1_731' title='bbox 2329 3965 2475 4020; x_wconf 88' lang='lat' dir='ltr'><strong>velut</strong></span> <span class='ocrx_word' id='word_1_732' title='bbox 2497 3967 2645 4035; x_wconf 84' lang='lat' dir='ltr'><strong>prius</strong></span> <span class='ocrx_word' id='word_1_733' title='bbox 2664 3968 2805 4023; x_wconf 86' lang='lat' dir='ltr'><strong>inter</strong></span> <span class='ocrx_word' id='word_1_734' title='bbox 2823 3969 3066 4024; x_wconf 87' lang='lat' dir='ltr'><strong>homines</strong></span> <span class='ocrx_word' id='word_1_735' title='bbox 3084 3970 3417 4041; x_wconf 81' lang='lat' dir='ltr'><strong>ignoratum,</strong></span> 
     </span>
    </p>
   </div>
   <div class='ocr_carea' id='block_1_89' title="bbox 1854 4055 3415 4132">
    <p class='ocr_par' dir='ltr' id='par_1_89' title="bbox 1854 4055 3415 4132">
     <span class='ocr_line' id='line_1_89' title="bbox 1854 4055 3415 4132; baseline 0.008 -25"><span class='ocrx_word' id='word_1_736' title='bbox 1854 4076 1871 4107; x_wconf 80' lang='grc' dir='ltr'><strong>ι</strong></span> <span class='ocrx_word' id='word_1_737' title='bbox 1901 4055 1993 4111; x_wconf 88' lang='lat' dir='ltr'><strong>Dei</strong></span> <span class='ocrx_word' id='word_1_738' title='bbox 2039 4057 2423 4126; x_wconf 87' lang='lat' dir='ltr'><strong>omnipotentis</strong></span> <span class='ocrx_word' id='word_1_739' title='bbox 2452 4059 2773 4114; x_wconf 86' lang='lat' dir='ltr'><strong>nominatim</strong></span> <span class='ocrx_word' id='word_1_740' title='bbox 2805 4062 3107 4131; x_wconf 86' lang='lat' dir='ltr'><strong>compellat,</strong></span> <span class='ocrx_word' id='word_1_741' title='bbox 3141 4064 3415 4132; x_wconf 83' lang='lat' dir='ltr'><strong>inquiens.</strong></span> 
     </span>
    </p>
   </div>
   <div class='ocr_carea' id='block_1_90' title="bbox 1852 4148 3417 4222">
    <p class='ocr_par' dir='ltr' id='par_1_90' title="bbox 1852 4148 3417 4222">
     <span class='ocr_line' id='line_1_90' title="bbox 1852 4148 3417 4222; baseline 0.006 -23"><span class='ocrx_word' id='word_1_742' title='bbox 1852 4154 1910 4211; x_wconf 60' lang='grc' dir='ltr'>ἧς</span> <span class='ocrx_word' id='word_1_743' title='bbox 1951 4168 1969 4200; x_wconf 79' lang='grc' dir='ltr'><strong>ι</strong></span> <span class='ocrx_word' id='word_1_744' title='bbox 2016 4149 2082 4203; x_wconf 86' lang='lat' dir='ltr'><strong>In</strong></span> <span class='ocrx_word' id='word_1_745' title='bbox 2107 4149 2361 4218; x_wconf 87' lang='lat' dir='ltr'><strong>principio</strong></span> <span class='ocrx_word' id='word_1_746' title='bbox 2382 4159 2493 4203; x_wconf 87' lang='lat' dir='ltr'><strong>erat</strong></span> <span class='ocrx_word' id='word_1_747' title='bbox 2529 4148 2779 4215; x_wconf 83' lang='lat' dir='ltr'><strong>Verbum,</strong></span> <span class='ocrx_word' id='word_1_748' title='bbox 2802 4162 2849 4204; x_wconf 87' lang='lat' dir='ltr'><strong>et</strong></span> <span class='ocrx_word' id='word_1_749' title='bbox 2878 4150 3105 4205; x_wconf 88' lang='lat' dir='ltr'><strong>Verbum</strong></span> <span class='ocrx_word' id='word_1_750' title='bbox 3138 4163 3252 4206; x_wconf 89' lang='lat' dir='ltr'><strong>erat</strong></span> <span class='ocrx_word' id='word_1_751' title='bbox 3276 4155 3417 4222; x_wconf 86' lang='lat' dir='ltr'><strong>apud</strong></span> 
     </span>
    </p>
   </div>
   <div class='ocr_carea' id='block_1_91' title="bbox 1853 4239 3418 4305">
    <p class='ocr_par' dir='ltr' id='par_1_91' title="bbox 1853 4239 3418 4305">
     <span class='ocr_line' id='line_1_91' title="bbox 1853 4239 3418 4305; baseline 0.006 -14"><span class='ocrx_word' id='word_1_752' title='bbox 1853 4257 1872 4291; x_wconf 84' lang='grc' dir='ltr'><strong>ι</strong></span> <span class='ocrx_word' id='word_1_753' title='bbox 1900 4240 2083 4305; x_wconf 89' lang='lat' dir='ltr'><strong>Deum,</strong></span> <span class='ocrx_word' id='word_1_754' title='bbox 2137 4251 2183 4294; x_wconf 92' lang='lat' dir='ltr'><strong>et</strong></span> <span class='ocrx_word' id='word_1_755' title='bbox 2221 4239 2361 4293; x_wconf 85' lang='lat' dir='ltr'><strong>Deus</strong></span> <span class='ocrx_word' id='word_1_756' title='bbox 2389 4252 2501 4294; x_wconf 84' lang='lat' dir='ltr'><strong>erat</strong></span> <span class='ocrx_word' id='word_1_757' title='bbox 2543 4240 2675 4294; x_wconf 85' lang='lat' dir='ltr'><strong>illud</strong></span> <span class='ocrx_word' id='word_1_758' title='bbox 2730 4240 2949 4296; x_wconf 82' lang='lat' dir='ltr'><strong>Verbum</strong></span> <span class='ocrx_word' id='word_1_759' title='bbox 2986 4244 3053 4296; x_wconf 78' lang='grc'><strong>⁸⁸.</strong></span> <span class='ocrx_word' id='word_1_760' title='bbox 3109 4243 3223 4298; x_wconf 85' lang='lat' dir='ltr'><strong>Non</strong></span> <span class='ocrx_word' id='word_1_761' title='bbox 3259 4250 3418 4301; x_wconf 83' lang='lat' dir='ltr'><strong>unico</strong></span> 
     </span>
    </p>
   </div>
   <div class='ocr_carea' id='block_1_92' title="bbox 1853 4332 3409 4403">
    <p class='ocr_par' dir='ltr' id='par_1_92' title="bbox 1853 4332 3409 4403">
     <span class='ocr_line' id='line_1_92' title="bbox 1853 4332 3409 4403; baseline 0.003 -20"><span class='ocrx_word' id='word_1_762' title='bbox 1853 4350 1872 4381; x_wconf 77' lang='grc' dir='ltr'><strong>ι</strong></span> <span class='ocrx_word' id='word_1_763' title='bbox 1894 4341 2180 4386; x_wconf 88' lang='lat' dir='ltr'><strong>contentus</strong></span> <span class='ocrx_word' id='word_1_764' title='bbox 2200 4332 2695 4395; x_wconf 85' lang='lat' dir='ltr'><strong>testimonio,Verbi</strong></span> <span class='ocrx_word' id='word_1_765' title='bbox 2713 4334 2979 4403; x_wconf 77' lang='lat' dir='ltr'><strong>signiﬁcat</strong></span> <span class='ocrx_word' id='word_1_766' title='bbox 2998 4338 3374 4393; x_wconf 79' lang='lat' dir='ltr'><strong>:eteruitatem.</strong></span> <span class='ocrx_word' id='word_1_767' title='bbox 3392 4359 3409 4388; x_wconf 80' lang='grc' dir='ltr'><strong>ι</strong></span> 
     </span>
    </p>
   </div>
   <div class='ocr_carea' id='block_1_93' title="bbox 1844 4422 3413 4497">
    <p class='ocr_par' dir='ltr' id='par_1_93' title="bbox 1844 4422 3413 4497">
     <span class='ocr_line' id='line_1_93' title="bbox 1844 4422 3413 4497; baseline 0.003 -20"><span class='ocrx_word' id='word_1_768' title='bbox 1844 4422 1952 4494; x_wconf 71' lang='grc' dir='ltr'><strong>[Β.</strong></span> <span class='ocrx_word' id='word_1_769' title='bbox 1986 4438 2129 4478; x_wconf 76' lang='lat' dir='ltr'><strong>nvu</strong></span> <span class='ocrx_word' id='word_1_770' title='bbox 2160 4422 2283 4477; x_wconf 93' lang='lat' dir='ltr'><strong>coll.</strong></span> <span class='ocrx_word' id='word_1_771' title='bbox 2312 4439 2365 4493; x_wconf 91' lang='lat' dir='ltr'><strong>p.</strong></span> <span class='ocrx_word' id='word_1_772' title='bbox 2401 4425 2505 4479; x_wconf 88' lang='grc'><strong>118</strong></span> <span class='ocrx_word' id='word_1_773' title='bbox 2533 4423 2637 4497; x_wconf 76' lang='lat'><strong>0.]</strong></span> <span class='ocrx_word' id='word_1_774' title='bbox 2670 4426 2876 4493; x_wconf 87' lang='lat' dir='ltr'><strong>Quibus</strong></span> <span class='ocrx_word' id='word_1_775' title='bbox 2909 4427 3178 4481; x_wconf 85' lang='lat' dir='ltr'><strong>subinl&#39;ert</strong></span> <span class='ocrx_word' id='word_1_776' title='bbox 3208 4430 3413 4491; x_wconf 81' lang='lat' dir='ltr'><strong>statim.</strong></span> 
     </span>
    </p>
   </div>
   <div class='ocr_carea' id='block_1_94' title="bbox 1853 4514 3414 4586">
    <p class='ocr_par' dir='ltr' id='par_1_94' title="bbox 1853 4514 3414 4586">
     <span class='ocr_line' id='line_1_94' title="bbox 1853 4514 3414 4586; baseline 0.005 -21"><span class='ocrx_word' id='word_1_777' title='bbox 1853 4532 1871 4565; x_wconf 78' lang='grc' dir='ltr'><strong>ι</strong></span> <span class='ocrx_word' id='word_1_778' title='bbox 1902 4523 1960 4567; x_wconf 83' lang='grc' dir='ltr'><strong>ιιι</strong></span> <span class='ocrx_word' id='word_1_779' title='bbox 1990 4514 2041 4567; x_wconf 88' lang='lat' dir='ltr'><strong>in</strong></span> <span class='ocrx_word' id='word_1_780' title='bbox 2070 4529 2134 4569; x_wconf 78' lang='lat' dir='ltr'><strong>eo</strong></span> <span class='ocrx_word' id='word_1_781' title='bbox 2175 4514 2315 4583; x_wconf 90' lang='lat' dir='ltr'><strong>quod</strong></span> <span class='ocrx_word' id='word_1_782' title='bbox 2346 4514 2601 4581; x_wconf 78' lang='lat' dir='ltr'><strong>afﬁrmat,</strong></span> <span class='ocrx_word' id='word_1_783' title='bbox 2636 4515 2704 4569; x_wconf 86' lang='lat' dir='ltr'><strong>In</strong></span> <span class='ocrx_word' id='word_1_784' title='bbox 2738 4518 2997 4585; x_wconf 84' lang='lat' dir='ltr'><strong>principio</strong></span> <span class='ocrx_word' id='word_1_785' title='bbox 3021 4528 3133 4571; x_wconf 88' lang='lat' dir='ltr'><strong>erat</strong></span> <span class='ocrx_word' id='word_1_786' title='bbox 3164 4518 3414 4586; x_wconf 82' lang='lat' dir='ltr'><strong>Verbum,</strong></span> 
     </span>
    </p>
   </div>
   <div class='ocr_carea' id='block_1_95' title="bbox 1853 4607 3415 4677">
    <p class='ocr_par' dir='ltr' id='par_1_95' title="bbox 1853 4607 3415 4677">
     <span class='ocr_line' id='line_1_95' title="bbox 1853 4607 3415 4677; baseline 0.006 -21"><span class='ocrx_word' id='word_1_787' title='bbox 1853 4626 1871 4656; x_wconf 73' lang='grc' dir='ltr'><strong>ι</strong></span> <span class='ocrx_word' id='word_1_788' title='bbox 1898 4607 2182 4660; x_wconf 87' lang='lat' dir='ltr'><strong>ostendere</strong></span> <span class='ocrx_word' id='word_1_789' title='bbox 2222 4616 2423 4675; x_wconf 86' lang='lat' dir='ltr'><strong>posset,</strong></span> <span class='ocrx_word' id='word_1_790' title='bbox 2459 4608 2697 4677; x_wconf 87' lang='lat' dir='ltr'><strong>potentia</strong></span> <span class='ocrx_word' id='word_1_791' title='bbox 2732 4623 2851 4662; x_wconf 87' lang='lat' dir='ltr'><strong>esse</strong></span> <span class='ocrx_word' id='word_1_792' title='bbox 2887 4608 2938 4662; x_wconf 89' lang='lat' dir='ltr'><strong>in</strong></span> <span class='ocrx_word' id='word_1_793' title='bbox 2967 4608 3129 4663; x_wconf 88' lang='lat' dir='ltr'><strong>Patre</strong></span> <span class='ocrx_word' id='word_1_794' title='bbox 3164 4626 3261 4665; x_wconf 87' lang='lat' dir='ltr'><strong>suo</strong></span> <span class='ocrx_word' id='word_1_795' title='bbox 3278 4609 3415 4666; x_wconf 81' lang='lat' dir='ltr'><strong>Ver-</strong></span> 
     </span>
    </p>
   </div>
   <div class='ocr_carea' id='block_1_96' title="bbox 174 4689 1769 4768">
    <p class='ocr_par' dir='ltr' id='par_1_96' title="bbox 174 4689 1738 4763">
     <span class='ocr_line' id='line_1_96' title="bbox 174 4689 1738 4763; baseline -0.001 -19"><span class='ocrx_word' id='word_1_796' title='bbox 174 4708 196 4744; x_wconf 83' lang='lat' dir='ltr'><strong>s</strong></span> <span class='ocrx_word' id='word_1_797' title='bbox 238 4689 405 4762; x_wconf 75' lang='grc' dir='ltr'>θητὴς</span> <span class='ocrx_word' id='word_1_798' title='bbox 429 4691 521 4745; x_wconf 83' lang='grc' dir='ltr'>τοῦ</span> <span class='ocrx_word' id='word_1_799' title='bbox 565 4692 770 4763; x_wconf 79' lang='grc' dir='ltr'>Κυρίου</span> <span class='ocrx_word' id='word_1_800' title='bbox 804 4692 1071 4762; x_wconf 85' lang='grc' dir='ltr'>Ἰωάννης,</span> <span class='ocrx_word' id='word_1_801' title='bbox 1123 4692 1221 4762; x_wconf 83' lang='grc' dir='ltr'><strong>τῆς</strong></span> <span class='ocrx_word' id='word_1_802' title='bbox 1250 4690 1546 4761; x_wconf 81' lang='grc' dir='ltr'>άῑδιότητος</span> <span class='ocrx_word' id='word_1_803' title='bbox 1576 4690 1738 4744; x_wconf 83' lang='grc' dir='ltr'>αὑτοῦ</span> 
     </span>
    </p>
   </div>
   <div class='ocr_carea' id='block_1_97' title="bbox 1857 4689 3415 4768">
    <p class='ocr_par' dir='ltr' id='par_1_97' title="bbox 1857 4696 3415 4768">
     <span class='ocr_line' id='line_1_97' title="bbox 1857 4696 3415 4768; baseline 0.006 -19"><span class='ocrx_word' id='word_1_804' title='bbox 1857 4716 1870 4749; x_wconf 90' lang='grc' dir='ltr'><strong>ι</strong></span> <span class='ocrx_word' id='word_1_805' title='bbox 1899 4696 2041 4751; x_wconf 92' lang='lat' dir='ltr'><strong>bum.</strong></span> <span class='ocrx_word' id='word_1_806' title='bbox 2073 4696 2203 4750; x_wconf 89' lang='lat' dir='ltr'><strong>Erat</strong></span> <span class='ocrx_word' id='word_1_807' title='bbox 2223 4697 2364 4752; x_wconf 87' lang='lat' dir='ltr'><strong>enim</strong></span> <span class='ocrx_word' id='word_1_808' title='bbox 2395 4699 2447 4752; x_wconf 92' lang='lat' dir='ltr'><strong>in</strong></span> <span class='ocrx_word' id='word_1_809' title='bbox 2482 4699 2741 4768; x_wconf 86' lang='lat' dir='ltr'><strong>principio</strong></span> <span class='ocrx_word' id='word_1_810' title='bbox 2773 4715 2950 4753; x_wconf 88' lang='lat' dir='ltr'><strong>rerum</strong></span> <span class='ocrx_word' id='word_1_811' title='bbox 2974 4702 3213 4755; x_wconf 90' lang='lat' dir='ltr'><strong>omnium</strong></span> <span class='ocrx_word' id='word_1_812' title='bbox 3252 4703 3415 4766; x_wconf 90' lang='lat' dir='ltr'><strong>Deus,</strong></span> 
     </span>
    </p>
   </div>
   <div class='ocr_carea' id='block_1_98' title="bbox 173 4779 1739 4856">
    <p class='ocr_par' dir='ltr' id='par_1_98' title="bbox 173 4779 1739 4856">
     <span class='ocr_line' id='line_1_98' title="bbox 173 4779 1739 4856; baseline 0.003 -24"><span class='ocrx_word' id='word_1_813' title='bbox 173 4798 195 4831; x_wconf 70' lang='grc' dir='ltr'><strong>ι</strong></span> <span class='ocrx_word' id='word_1_814' title='bbox 245 4779 611 4850; x_wconf 87' lang='grc' dir='ltr'>μνημονεύων⁶</span> <span class='ocrx_word' id='word_1_815' title='bbox 637 4780 841 4852; x_wconf 81' lang='grc' dir='ltr'>ἀληθὴς</span> <span class='ocrx_word' id='word_1_816' title='bbox 892 4781 1135 4851; x_wconf 75' lang='grc' dir='ltr'>ἐγίγνετο</span> <span class='ocrx_word' id='word_1_817' title='bbox 1182 4781 1275 4835; x_wconf 81' lang='grc' dir='ltr'>τοῦ</span> <span class='ocrx_word' id='word_1_818' title='bbox 1308 4783 1481 4851; x_wconf 85' lang='grc' dir='ltr'>Λόγου</span> <span class='ocrx_word' id='word_1_819' title='bbox 1511 4783 1739 4856; x_wconf 87' lang='grc' dir='ltr'>μάρτυς,</span> 
     </span>
    </p>
   </div>
   <div class='ocr_carea' id='block_1_99' title="bbox 172 4868 1743 4945">
    <p class='ocr_par' dir='ltr' id='par_1_99' title="bbox 172 4868 1743 4945">
     <span class='ocr_line' id='line_1_99' title="bbox 172 4868 1743 4945; baseline 0.003 -22"><span class='ocrx_word' id='word_1_820' title='bbox 172 4890 192 4924; x_wconf 79' lang='grc' dir='ltr'><strong>ι</strong></span> <span class='ocrx_word' id='word_1_821' title='bbox 248 4871 342 4923; x_wconf 75' lang='lat' dir='ltr'><strong>&#39;Er</strong></span> <span class='ocrx_word' id='word_1_822' title='bbox 365 4870 521 4940; x_wconf 78' lang='grc' dir='ltr'><strong>ἀρχῇ</strong></span> <span class='ocrx_word' id='word_1_823' title='bbox 576 4868 655 4941; x_wconf 75' lang='grc' dir='ltr'><strong><em>ἦν</em></strong></span> <span class='ocrx_word' id='word_1_824' title='bbox 695 4876 727 4928; x_wconf 88' lang='grc' dir='ltr'><em>ό</em></span> <span class='ocrx_word' id='word_1_825' title='bbox 773 4874 981 4943; x_wconf 81' lang='grc' dir='ltr'><em>Λόγος,</em></span> <span class='ocrx_word' id='word_1_826' title='bbox 1021 4873 1215 4941; x_wconf 79' lang='grc' dir='ltr'>λέγων,</span> <span class='ocrx_word' id='word_1_827' title='bbox 1244 4873 1343 4927; x_wconf 72' lang='grc' dir='ltr'><strong>καὶ</strong></span> <span class='ocrx_word' id='word_1_828' title='bbox 1390 4874 1635 4945; x_wconf 84' lang='grc' dir='ltr'><em>όΛόγος</em></span> <span class='ocrx_word' id='word_1_829' title='bbox 1665 4870 1743 4943; x_wconf 81' lang='grc' dir='ltr'><strong>ἦν</strong></span> 
     </span>
    </p>
   </div>
   <div class='ocr_carea' id='block_1_100' title="bbox 173 4959 1742 5034">
    <p class='ocr_par' dir='ltr' id='par_1_100' title="bbox 173 4959 1742 5034">
     <span class='ocr_line' id='line_1_100' title="bbox 173 4959 1742 5034; baseline 0.003 -21"><span class='ocrx_word' id='word_1_830' title='bbox 173 4980 193 5012; x_wconf 79' lang='grc' dir='ltr'><strong>ι</strong></span> <span class='ocrx_word' id='word_1_831' title='bbox 242 4960 393 5029; x_wconf 63' lang='grc' dir='ltr'>πρὸς</span> <span class='ocrx_word' id='word_1_832' title='bbox 414 4962 519 5015; x_wconf 80' lang='grc' dir='ltr'>τὸν</span> <span class='ocrx_word' id='word_1_833' title='bbox 574 4964 741 5025; x_wconf 75' lang='grc' dir='ltr'>Θεὸν,</span> <span class='ocrx_word' id='word_1_834' title='bbox 776 4963 877 5021; x_wconf 78' lang='grc' dir='ltr'><em>καὶ</em></span> <span class='ocrx_word' id='word_1_835' title='bbox 915 4963 1057 5029; x_wconf 87' lang='grc' dir='ltr'>Θεὸς</span> <span class='ocrx_word' id='word_1_836' title='bbox 1094 4959 1173 5033; x_wconf 80' lang='grc' dir='ltr'><strong>ἦν</strong></span> <span class='ocrx_word' id='word_1_837' title='bbox 1221 4968 1254 5019; x_wconf 88' lang='grc' dir='ltr'><em>ό</em></span> <span class='ocrx_word' id='word_1_838' title='bbox 1301 4964 1490 5034; x_wconf 78' lang='grc' dir='ltr'><em>Λόγος</em></span> <span class='ocrx_word' id='word_1_839' title='bbox 1522 4982 1536 4996; x_wconf 91' lang='grc'><strong>·</strong></span> <span class='ocrx_word' id='word_1_840' title='bbox 1593 4965 1742 5019; x_wconf 84' lang='grc' dir='ltr'>οὐδὲν</span> 
     </span>
    </p>
   </div>
   <div class='ocr_carea' id='block_1_101' title="bbox 172 5052 1740 5126">
    <p class='ocr_par' dir='ltr' id='par_1_101' title="bbox 172 5052 1740 5126">
     <span class='ocr_line' id='line_1_101' title="bbox 172 5052 1740 5126; baseline 0.004 -22"><span class='ocrx_word' id='word_1_841' title='bbox 172 5071 192 5104; x_wconf 78' lang='grc' dir='ltr'><strong>ι</strong></span> <span class='ocrx_word' id='word_1_842' title='bbox 244 5052 514 5121; x_wconf 74' lang='grc' dir='ltr'>γενέσεως</span> <span class='ocrx_word' id='word_1_843' title='bbox 570 5054 803 5109; x_wconf 78' lang='grc' dir='ltr'><strong>ἐνταῦθα</strong></span> <span class='ocrx_word' id='word_1_844' title='bbox 857 5055 1206 5126; x_wconf 83' lang='grc' dir='ltr'>μνημονεύων</span> <span class='ocrx_word' id='word_1_845' title='bbox 1244 5054 1338 5109; x_wconf 81' lang='grc' dir='ltr'>τοῦ</span> <span class='ocrx_word' id='word_1_846' title='bbox 1395 5057 1589 5122; x_wconf 90' lang='grc' dir='ltr'>Λόγου,</span> <span class='ocrx_word' id='word_1_847' title='bbox 1626 5056 1740 5110; x_wconf 79' lang='grc' dir='ltr'>ἀλλ’</span> 
     </span>
    </p>
   </div>
   <div class='ocr_carea' id='block_1_102' title="bbox 179 5142 1737 5219">
    <p class='ocr_par' dir='ltr' id='par_1_102' title="bbox 179 5142 1737 5219">
     <span class='ocr_line' id='line_1_102' title="bbox 179 5142 1737 5219; baseline 0.004 -25"><span class='ocrx_word' id='word_1_848' title='bbox 179 5160 200 5195; x_wconf 76' lang='grc' dir='ltr'><strong>ι</strong></span> <span class='ocrx_word' id='word_1_849' title='bbox 244 5142 567 5213; x_wconf 66' lang='grc' dir='ltr'>διταλλήλοις</span> <span class='ocrx_word' id='word_1_850' title='bbox 596 5145 741 5214; x_wconf 82' lang='grc' dir='ltr'>τρισὶ</span> <span class='ocrx_word' id='word_1_851' title='bbox 792 5145 1112 5217; x_wconf 83' lang='grc' dir='ltr'>μαρτυρίαις</span> <span class='ocrx_word' id='word_1_852' title='bbox 1164 5146 1463 5219; x_wconf 86' lang='grc' dir='ltr'>χρώμενος,</span> <span class='ocrx_word' id='word_1_853' title='bbox 1489 5146 1737 5201; x_wconf 75' lang='grc' dir='ltr'>ἐϐεϐαίου</span> 
     </span>
    </p>
   </div>
   <div class='ocr_carea' id='block_1_103' title="bbox 169 5233 1733 5309">
    <p class='ocr_par' dir='ltr' id='par_1_103' title="bbox 169 5233 1733 5309">
     <span class='ocr_line' id='line_1_103' title="bbox 169 5233 1733 5309; baseline 0.003 -22"><span class='ocrx_word' id='word_1_854' title='bbox 169 5253 190 5287; x_wconf 73' lang='grc' dir='ltr'><strong>ι</strong></span> <span class='ocrx_word' id='word_1_855' title='bbox 229 5234 287 5287; x_wconf 78' lang='grc' dir='ltr'>ὲν</span> <span class='ocrx_word' id='word_1_856' title='bbox 313 5234 454 5305; x_wconf 75' lang='grc' dir='ltr'><strong>ἀρχῇ</strong></span> <span class='ocrx_word' id='word_1_857' title='bbox 491 5235 583 5288; x_wconf 87' lang='grc' dir='ltr'><strong>τὸν</strong></span> <span class='ocrx_word' id='word_1_858' title='bbox 604 5235 777 5304; x_wconf 89' lang='grc' dir='ltr'>Λόγον</span> <span class='ocrx_word' id='word_1_859' title='bbox 805 5233 962 5290; x_wconf 79' lang='grc' dir='ltr'>εἶναι.</span> <span class='ocrx_word' id='word_1_860' title='bbox 988 5256 1006 5289; x_wconf 84' lang='grc' dir='ltr'><strong>ι</strong></span> <span class='ocrx_word' id='word_1_861' title='bbox 1041 5239 1148 5292; x_wconf 78' lang='lat' dir='ltr'><strong>Kal</strong></span> <span class='ocrx_word' id='word_1_862' title='bbox 1181 5238 1501 5309; x_wconf 81' lang='grc' dir='ltr'>προστίθησι</span> <span class='ocrx_word' id='word_1_863' title='bbox 1525 5238 1733 5303; x_wconf 88' lang='grc' dir='ltr'>τούτοις</span> 
     </span>
    </p>
   </div>
   <div class='ocr_carea' id='block_1_104' title="bbox 164 5322 1731 5401">
    <p class='ocr_par' dir='ltr' id='par_1_104' title="bbox 164 5322 1731 5401">
     <span class='ocr_line' id='line_1_104' title="bbox 164 5322 1731 5401; baseline 0.004 -23"><span class='ocrx_word' id='word_1_864' title='bbox 164 5322 375 5393; x_wconf 67' lang='grc' dir='ltr'>λέγων·</span> <span class='ocrx_word' id='word_1_865' title='bbox 418 5341 435 5376; x_wconf 82' lang='grc' dir='ltr'><strong>ι</strong></span> <span class='ocrx_word' id='word_1_866' title='bbox 465 5325 578 5397; x_wconf 76' lang='grc' dir='ltr'><strong>Τὴν</strong></span> <span class='ocrx_word' id='word_1_867' title='bbox 613 5326 711 5396; x_wconf 86' lang='grc' dir='ltr'>μὲν</span> <span class='ocrx_word' id='word_1_868' title='bbox 758 5326 898 5381; x_wconf 80' lang='grc' dir='ltr'>κατὰ</span> <span class='ocrx_word' id='word_1_869' title='bbox 929 5327 1106 5399; x_wconf 79' lang='grc' dir='ltr'>σάρκα</span> <span class='ocrx_word' id='word_1_870' title='bbox 1154 5330 1461 5401; x_wconf 83' lang='grc' dir='ltr'>οἰκονομίαν</span> <span class='ocrx_word' id='word_1_871' title='bbox 1505 5329 1585 5401; x_wconf 83' lang='grc' dir='ltr'><strong>τῷ</strong></span> <span class='ocrx_word' id='word_1_872' title='bbox 1637 5330 1731 5384; x_wconf 85' lang='grc' dir='ltr'>άν-</span> 
     </span>
    </p>
   </div>
   <div class='ocr_carea' id='block_1_105' title="bbox 235 5487 938 5562">
    <p class='ocr_par' dir='ltr' id='par_1_105' title="bbox 235 5487 938 5562">
     <span class='ocr_line' id='line_1_105' title="bbox 235 5487 938 5562; baseline 0.006 -20"><span class='ocrx_word' id='word_1_873' title='bbox 235 5494 297 5552; x_wconf 81' lang='grc' dir='ltr'><strong>›Ῑ‹</strong></span> <span class='ocrx_word' id='word_1_874' title='bbox 327 5487 424 5562; x_wconf 65' lang='grc' dir='ltr'><strong>βᾶ.</strong></span> <span class='ocrx_word' id='word_1_875' title='bbox 454 5487 663 5562; x_wconf 52' lang='lat' dir='ltr'><strong>faris&quot;</strong></span> <span class='ocrx_word' id='word_1_876' title='bbox 694 5506 813 5562; x_wconf 78' lang='lat' dir='ltr'><strong>pag.</strong></span> <span class='ocrx_word' id='word_1_877' title='bbox 850 5492 938 5546; x_wconf 76' lang='lat'><strong>37.</strong></span> 
     </span>
    </p>
   </div>
   <div class='ocr_carea' id='block_1_106' title="bbox 163 5558 808 5631">
    <p class='ocr_par' dir='ltr' id='par_1_106' title="bbox 163 5558 808 5631">
     <span class='ocr_line' id='line_1_106' title="bbox 163 5558 808 5631; baseline 0.009 -20"><span class='ocrx_word' id='word_1_878' title='bbox 163 5570 290 5622; x_wconf 75' lang='lat' dir='ltr'><strong>vui,</strong></span> <span class='ocrx_word' id='word_1_879' title='bbox 325 5558 379 5613; x_wconf 88' lang='lat'><strong>9.</strong></span> <span class='ocrx_word' id='word_1_880' title='bbox 450 5558 500 5591; x_wconf 73' lang='grc'><strong>⁸⁵</strong></span> <span class='ocrx_word' id='word_1_881' title='bbox 530 5558 711 5615; x_wconf 61' lang='lat' dir='ltr'><strong>Amos;</strong></span> <span class='ocrx_word' id='word_1_882' title='bbox 752 5558 808 5631; x_wconf 68' lang='grc' dir='ltr'>ὖ,</span> 
     </span>
    </p>
   </div>
   <div class='ocr_carea' id='block_1_107' title="bbox 230 5811 2034 5890">
    <p class='ocr_par' dir='ltr' id='par_1_107' title="bbox 230 5811 2034 5890">
     <span class='ocr_line' id='line_1_107' title="bbox 230 5811 2034 5890; baseline 0.004 -21"><span class='ocrx_word' id='word_1_883' title='bbox 230 5812 347 5881; x_wconf 74' lang='lat'><strong>(39)</strong></span> <span class='ocrx_word' id='word_1_884' title='bbox 372 5814 539 5886; x_wconf 76' lang='lat' dir='ltr'><strong>Vulgo</strong></span> <span class='ocrx_word' id='word_1_885' title='bbox 558 5814 751 5883; x_wconf 71' lang='grc' dir='ltr'>οὔτως,</span> <span class='ocrx_word' id='word_1_886' title='bbox 792 5816 930 5873; x_wconf 82' lang='lat' dir='ltr'><strong>infra</strong></span> <span class='ocrx_word' id='word_1_887' title='bbox 950 5817 1104 5887; x_wconf 72' lang='lat' dir='ltr'><strong>vulgo</strong></span> <span class='ocrx_word' id='word_1_888' title='bbox 1134 5819 1197 5871; x_wconf 75' lang='grc' dir='ltr'><strong>δι’</strong></span> <span class='ocrx_word' id='word_1_889' title='bbox 1226 5811 1298 5873; x_wconf 78' lang='grc' dir='ltr'><strong>ὧν</strong></span> <span class='ocrx_word' id='word_1_890' title='bbox 1331 5820 1450 5890; x_wconf 67' lang='grc' dir='ltr'><strong>ἑξῆς</strong></span> <span class='ocrx_word' id='word_1_891' title='bbox 1486 5821 1805 5884; x_wconf 67' lang='grc' dir='ltr'>Ξπιγγέλλεὶ</span> <span class='ocrx_word' id='word_1_892' title='bbox 1845 5830 2034 5885; x_wconf 52' lang='grc' dir='ltr'>λέγων·</span> 
     </span>
    </p>
   </div>
   <div class='ocr_carea' id='block_1_108' title="bbox 1042 5492 2701 5568">
    <p class='ocr_par' dir='ltr' id='par_1_108' title="bbox 1042 5492 2701 5568">
     <span class='ocr_line' id='line_1_108' title="bbox 1042 5492 2701 5568; baseline 0.006 -22"><span class='ocrx_word' id='word_1_893' title='bbox 1042 5493 1091 5568; x_wconf 61' lang='grc' dir='ltr'><strong>ζξ</strong></span> <span class='ocrx_word' id='word_1_894' title='bbox 1113 5492 1254 5568; x_wconf 57' lang='lat' dir='ltr'><strong>Psal.</strong></span> <span class='ocrx_word' id='word_1_895' title='bbox 1290 5510 1462 5568; x_wconf 66' lang='lat' dir='ltr'><strong>xui],</strong></span> <span class='ocrx_word' id='word_1_896' title='bbox 1485 5494 1584 5568; x_wconf 48' lang='grc' dir='ltr'><strong>6ηΔ</strong></span> <span class='ocrx_word' id='word_1_897' title='bbox 1623 5495 1674 5568; x_wconf 81' lang='lat'><strong>_&#39;°</strong></span> <span class='ocrx_word' id='word_1_898' title='bbox 1701 5494 1843 5549; x_wconf 81' lang='lat' dir='ltr'><strong>Psal.</strong></span> <span class='ocrx_word' id='word_1_899' title='bbox 1878 5515 1985 5563; x_wconf 72' lang='lat' dir='ltr'><strong>cm,</strong></span> <span class='ocrx_word' id='word_1_900' title='bbox 2014 5500 2102 5552; x_wconf 64' lang='grc' dir='ltr'><strong>ΞΟ.</strong></span> <span class='ocrx_word' id='word_1_901' title='bbox 2190 5502 2231 5533; x_wconf 78' lang='grc'><strong>⁸¹</strong></span> <span class='ocrx_word' id='word_1_902' title='bbox 2264 5501 2394 5567; x_wconf 76' lang='lat' dir='ltr'><strong>Sap.</strong></span> <span class='ocrx_word' id='word_1_903' title='bbox 2422 5518 2543 5566; x_wconf 81' lang='lat' dir='ltr'><strong>xm,</strong></span> <span class='ocrx_word' id='word_1_904' title='bbox 2574 5501 2629 5568; x_wconf 89' lang='lat'><strong>6,</strong></span> <span class='ocrx_word' id='word_1_905' title='bbox 2649 5502 2701 5556; x_wconf 86' lang='grc'><strong>7.</strong></span> 
     </span>
    </p>
   </div>
   <div class='ocr_carea' id='block_1_109' title="bbox 888 5562 1932 5635">
    <p class='ocr_par' dir='ltr' id='par_1_109' title="bbox 888 5562 1932 5635">
     <span class='ocr_line' id='line_1_109' title="bbox 888 5562 1932 5635; baseline 0.008 -18"><span class='ocrx_word' id='word_1_906' title='bbox 888 5562 975 5617; x_wconf 86' lang='grc'>10.</span> <span class='ocrx_word' id='word_1_907' title='bbox 1048 5562 1093 5595; x_wconf 79' lang='grc'>⁸⁸</span> <span class='ocrx_word' id='word_1_908' title='bbox 1123 5562 1380 5629; x_wconf 78' lang='grc' dir='ltr'>Μὶοὶι.ιν,</span> <span class='ocrx_word' id='word_1_909' title='bbox 1407 5566 1463 5619; x_wconf 77' lang='lat'><strong>2.</strong></span> <span class='ocrx_word' id='word_1_910' title='bbox 1542 5564 1586 5597; x_wconf 79' lang='lat'><strong>“</strong></span> <span class='ocrx_word' id='word_1_911' title='bbox 1611 5563 1766 5620; x_wconf 78' lang='lat' dir='ltr'><strong>Joan.</strong></span> <span class='ocrx_word' id='word_1_912' title='bbox 1810 5582 1853 5635; x_wconf 80' lang='grc' dir='ltr'><strong>ι,</strong></span> <span class='ocrx_word' id='word_1_913' title='bbox 1887 5572 1932 5625; x_wconf 89' lang='grc' dir='ltr'>ι.</span> 
     </span>
    </p>
   </div>
   <div class='ocr_carea' id='block_1_110' title="bbox 1846 4790 3416 4862">
    <p class='ocr_par' dir='ltr' id='par_1_110' title="bbox 1846 4790 3416 4862">
     <span class='ocr_line' id='line_1_110' title="bbox 1846 4790 3416 4862; baseline 0.006 -22"><span class='ocrx_word' id='word_1_914' title='bbox 1846 4810 1863 4840; x_wconf 86' lang='grc'><strong><em>‹</em></strong></span> <span class='ocrx_word' id='word_1_915' title='bbox 1894 4791 1959 4843; x_wconf 87' lang='lat' dir='ltr'><strong>de</strong></span> <span class='ocrx_word' id='word_1_916' title='bbox 1975 4805 2080 4857; x_wconf 88' lang='lat' dir='ltr'><strong>quo</strong></span> <span class='ocrx_word' id='word_1_917' title='bbox 2106 4791 2309 4846; x_wconf 91' lang='lat' dir='ltr'><strong>omnia.</strong></span> <span class='ocrx_word' id='word_1_918' title='bbox 2336 4790 2391 4846; x_wconf 93' lang='lat' dir='ltr'><strong>In</strong></span> <span class='ocrx_word' id='word_1_919' title='bbox 2424 4807 2488 4847; x_wconf 91' lang='lat' dir='ltr'><strong>eo</strong></span> <span class='ocrx_word' id='word_1_920' title='bbox 2513 4792 2655 4862; x_wconf 88' lang='lat' dir='ltr'><strong>quod</strong></span> <span class='ocrx_word' id='word_1_921' title='bbox 2685 4794 2781 4858; x_wconf 86' lang='lat' dir='ltr'><strong>ait,</strong></span> <span class='ocrx_word' id='word_1_922' title='bbox 2802 4791 2867 4845; x_wconf 88' lang='lat' dir='ltr'><strong>Et</strong></span> <span class='ocrx_word' id='word_1_923' title='bbox 2904 4791 3121 4847; x_wconf 82' lang='lat' dir='ltr'><strong>Verbum</strong></span> <span class='ocrx_word' id='word_1_924' title='bbox 3146 4795 3279 4848; x_wconf 81' lang='lat' dir='ltr'><strong>illud</strong></span> <span class='ocrx_word' id='word_1_925' title='bbox 3303 4806 3416 4850; x_wconf 88' lang='lat' dir='ltr'><strong>erat</strong></span> 
     </span>
    </p>
   </div>
   <div class='ocr_carea' id='block_1_111' title="bbox 1846 4880 3413 4953">
    <p class='ocr_par' dir='ltr' id='par_1_111' title="bbox 1846 4880 3413 4953">
     <span class='ocr_line' id='line_1_111' title="bbox 1846 4880 3413 4953; baseline 0.007 -22"><span class='ocrx_word' id='word_1_926' title='bbox 1846 4901 1863 4930; x_wconf 73' lang='grc' dir='ltr'><strong><em>ε</em></strong></span> <span class='ocrx_word' id='word_1_927' title='bbox 1893 4883 2032 4949; x_wconf 88' lang='lat' dir='ltr'><strong>apud</strong></span> <span class='ocrx_word' id='word_1_928' title='bbox 2062 4880 2249 4949; x_wconf 84' lang='lat' dir='ltr'><strong>Deam,</strong></span> <span class='ocrx_word' id='word_1_929' title='bbox 2280 4881 2515 4937; x_wconf 82' lang='lat' dir='ltr'><strong>Verbum</strong></span> <span class='ocrx_word' id='word_1_930' title='bbox 2565 4885 2837 4938; x_wconf 78' lang='lat' dir='ltr'><strong>exstitisse</strong></span> <span class='ocrx_word' id='word_1_931' title='bbox 2879 4885 3037 4939; x_wconf 86' lang='lat' dir='ltr'><strong>docet</strong></span> <span class='ocrx_word' id='word_1_932' title='bbox 3062 4888 3201 4953; x_wconf 87' lang='lat' dir='ltr'><strong>apud</strong></span> <span class='ocrx_word' id='word_1_933' title='bbox 3247 4888 3413 4941; x_wconf 91' lang='lat' dir='ltr'><strong>Deum</strong></span> 
     </span>
    </p>
   </div>
   <div class='ocr_carea' id='block_1_112' title="bbox 1846 4971 3412 5044">
    <p class='ocr_par' dir='ltr' id='par_1_112' title="bbox 1846 4971 3412 5044">
     <span class='ocr_line' id='line_1_112' title="bbox 1846 4971 3412 5044; baseline 0.009 -23"><span class='ocrx_word' id='word_1_934' title='bbox 1846 4990 1864 5021; x_wconf 76' lang='grc' dir='ltr'><strong>ι</strong></span> <span class='ocrx_word' id='word_1_935' title='bbox 1896 4980 2034 5026; x_wconf 91' lang='lat' dir='ltr'><strong>actu.</strong></span> <span class='ocrx_word' id='word_1_936' title='bbox 2078 4971 2209 5025; x_wconf 79' lang='lat' dir='ltr'><strong>Nam</strong></span> <span class='ocrx_word' id='word_1_937' title='bbox 2247 4987 2341 5043; x_wconf 87' lang='lat' dir='ltr'><strong>per</strong></span> <span class='ocrx_word' id='word_1_938' title='bbox 2384 4973 2530 5029; x_wconf 88' lang='lat' dir='ltr'><strong>illum</strong></span> <span class='ocrx_word' id='word_1_939' title='bbox 2580 4977 2758 5033; x_wconf 87' lang='lat' dir='ltr'><strong>omnia</strong></span> <span class='ocrx_word' id='word_1_940' title='bbox 2810 4976 3042 5044; x_wconf 82' lang='lat' dir='ltr'><strong>ﬁebant,</strong></span> <span class='ocrx_word' id='word_1_941' title='bbox 3070 4989 3125 5032; x_wconf 90' lang='lat' dir='ltr'><strong>et</strong></span> <span class='ocrx_word' id='word_1_942' title='bbox 3154 4978 3271 5033; x_wconf 91' lang='lat' dir='ltr'><strong>sine</strong></span> <span class='ocrx_word' id='word_1_943' title='bbox 3323 4979 3412 5035; x_wconf 88' lang='lat' dir='ltr'><strong>illo</strong></span> 
     </span>
    </p>
   </div>
   <div class='ocr_carea' id='block_1_113' title="bbox 1848 5062 3412 5139">
    <p class='ocr_par' dir='ltr' id='par_1_113' title="bbox 1848 5062 3412 5139">
     <span class='ocr_line' id='line_1_113' title="bbox 1848 5062 3412 5139; baseline 0.005 -24"><span class='ocrx_word' id='word_1_944' title='bbox 1848 5082 1865 5113; x_wconf 77' lang='grc' dir='ltr'><strong>ι</strong></span> <span class='ocrx_word' id='word_1_945' title='bbox 1895 5062 2057 5118; x_wconf 83' lang='lat' dir='ltr'><strong>tiebat</strong></span> <span class='ocrx_word' id='word_1_946' title='bbox 2101 5064 2231 5118; x_wconf 88' lang='lat' dir='ltr'><strong>nibil</strong></span> <span class='ocrx_word' id='word_1_947' title='bbox 2264 5066 2404 5132; x_wconf 86' lang='lat' dir='ltr'><strong>quod</strong></span> <span class='ocrx_word' id='word_1_948' title='bbox 2444 5064 2642 5120; x_wconf 79' lang='lat' dir='ltr'><strong>factum</strong></span> <span class='ocrx_word' id='word_1_949' title='bbox 2666 5067 2803 5131; x_wconf 81' lang='lat' dir='ltr'><strong>l‘uit;</strong></span> <span class='ocrx_word' id='word_1_950' title='bbox 2846 5069 2898 5121; x_wconf 92' lang='lat' dir='ltr'><strong>in</strong></span> <span class='ocrx_word' id='word_1_951' title='bbox 2936 5084 2999 5123; x_wconf 90' lang='lat' dir='ltr'><strong>eo</strong></span> <span class='ocrx_word' id='word_1_952' title='bbox 3041 5070 3187 5139; x_wconf 85' lang='lat' dir='ltr'><strong>quod</strong></span> <span class='ocrx_word' id='word_1_953' title='bbox 3214 5071 3412 5123; x_wconf 90' lang='lat' dir='ltr'><strong>dicitur</strong></span> 
     </span>
    </p>
   </div>
   <div class='ocr_carea' id='block_1_114' title="bbox 1852 5153 3415 5222">
    <p class='ocr_par' dir='ltr' id='par_1_114' title="bbox 1852 5153 3415 5222">
     <span class='ocr_line' id='line_1_114' title="bbox 1852 5153 3415 5222; baseline 0.008 -19"><span class='ocrx_word' id='word_1_954' title='bbox 1852 5171 1870 5203; x_wconf 79' lang='grc' dir='ltr'><strong>ι</strong></span> <span class='ocrx_word' id='word_1_955' title='bbox 1902 5153 2066 5208; x_wconf 87' lang='lat' dir='ltr'><strong>Deum</strong></span> <span class='ocrx_word' id='word_1_956' title='bbox 2093 5169 2216 5209; x_wconf 86' lang='lat' dir='ltr'><strong>esse</strong></span> <span class='ocrx_word' id='word_1_957' title='bbox 2256 5155 2385 5209; x_wconf 91' lang='lat' dir='ltr'><strong>illud</strong></span> <span class='ocrx_word' id='word_1_958' title='bbox 2417 5154 2647 5211; x_wconf 85' lang='lat' dir='ltr'><strong>Verbum</strong></span> <span class='ocrx_word' id='word_1_959' title='bbox 2670 5197 2686 5222; x_wconf 90' lang='lat'><strong>,</strong></span> <span class='ocrx_word' id='word_1_960' title='bbox 2714 5159 3048 5213; x_wconf 83' lang='lat' dir='ltr'><strong>divinitatem</strong></span> <span class='ocrx_word' id='word_1_961' title='bbox 3090 5176 3195 5215; x_wconf 91' lang='lat' dir='ltr'><strong>non</strong></span> <span class='ocrx_word' id='word_1_962' title='bbox 3223 5162 3415 5215; x_wconf 80' lang='lat' dir='ltr'><strong>dividit</strong></span> 
     </span>
    </p>
   </div>
   <div class='ocr_carea' id='block_1_115' title="bbox 1846 5243 3414 5316">
    <p class='ocr_par' dir='ltr' id='par_1_115' title="bbox 1846 5243 3414 5316">
     <span class='ocr_line' id='line_1_115' title="bbox 1846 5243 3414 5316; baseline 0.007 -22"><span class='ocrx_word' id='word_1_963' title='bbox 1846 5259 1866 5287; x_wconf 75' lang='grc' dir='ltr'><strong><em>ο</em></strong></span> <span class='ocrx_word' id='word_1_964' title='bbox 1900 5243 2041 5309; x_wconf 87' lang='lat' dir='ltr'><strong>quod</strong></span> <span class='ocrx_word' id='word_1_965' title='bbox 2068 5243 2301 5298; x_wconf 70' lang='lat' dir='ltr'><strong>Verbum</strong></span> <span class='ocrx_word' id='word_1_966' title='bbox 2332 5255 2495 5312; x_wconf 84' lang='lat' dir='ltr'><strong>esset,</strong></span> <span class='ocrx_word' id='word_1_967' title='bbox 2531 5247 2581 5300; x_wconf 87' lang='lat' dir='ltr'><strong>id</strong></span> <span class='ocrx_word' id='word_1_968' title='bbox 2604 5249 2744 5316; x_wconf 89' lang='lat' dir='ltr'><strong>quod</strong></span> <span class='ocrx_word' id='word_1_969' title='bbox 2780 5249 2831 5303; x_wconf 88' lang='lat' dir='ltr'><strong>in</strong></span> <span class='ocrx_word' id='word_1_970' title='bbox 2860 5248 2947 5301; x_wconf 85' lang='lat' dir='ltr'><strong>illo</strong></span> <span class='ocrx_word' id='word_1_971' title='bbox 2972 5260 3125 5313; x_wconf 82' lang='lat' dir='ltr'><strong>erat,</strong></span> <span class='ocrx_word' id='word_1_972' title='bbox 3154 5262 3205 5305; x_wconf 88' lang='lat' dir='ltr'><strong>et</strong></span> <span class='ocrx_word' id='word_1_973' title='bbox 3238 5251 3328 5304; x_wconf 90' lang='lat' dir='ltr'><strong>ille</strong></span> <span class='ocrx_word' id='word_1_974' title='bbox 3363 5253 3414 5305; x_wconf 89' lang='lat' dir='ltr'><strong>in</strong></span> 
     </span>
    </p>
   </div>
   <div class='ocr_carea' id='block_1_116' title="bbox 1840 5334 3408 5410">
    <p class='ocr_par' dir='ltr' id='par_1_116' title="bbox 1840 5334 3408 5410">
     <span class='ocr_line' id='line_1_116' title="bbox 1840 5334 3408 5410; baseline 0.006 -24"><span class='ocrx_word' id='word_1_975' title='bbox 1840 5352 1860 5383; x_wconf 70' lang='grc' dir='ltr'><strong>ι</strong></span> <span class='ocrx_word' id='word_1_976' title='bbox 1890 5334 2083 5389; x_wconf 84' lang='lat' dir='ltr'><strong>Verbo.</strong></span> <span class='ocrx_word' id='word_1_977' title='bbox 2103 5335 2172 5391; x_wconf 85' lang='lat' dir='ltr'><strong>In</strong></span> <span class='ocrx_word' id='word_1_978' title='bbox 2187 5353 2267 5391; x_wconf 89' lang='lat' dir='ltr'><strong>me</strong></span> <span class='ocrx_word' id='word_1_979' title='bbox 2282 5338 2445 5402; x_wconf 85' lang='lat' dir='ltr'><strong>enim,</strong></span> <span class='ocrx_word' id='word_1_980' title='bbox 2469 5340 2663 5407; x_wconf 89' lang='lat' dir='ltr'><strong>inquit,</strong></span> <span class='ocrx_word' id='word_1_981' title='bbox 2679 5338 2853 5407; x_wconf 84' lang='lat' dir='ltr'><strong>Pater,</strong></span> <span class='ocrx_word' id='word_1_982' title='bbox 2873 5352 2921 5395; x_wconf 90' lang='lat' dir='ltr'><strong>et</strong></span> <span class='ocrx_word' id='word_1_983' title='bbox 2938 5360 3029 5410; x_wconf 87' lang='lat' dir='ltr'><strong>ego</strong></span> <span class='ocrx_word' id='word_1_984' title='bbox 3054 5345 3108 5395; x_wconf 88' lang='lat' dir='ltr'><strong>in</strong></span> <span class='ocrx_word' id='word_1_985' title='bbox 3131 5343 3291 5397; x_wconf 85' lang='lat' dir='ltr'><strong>Patre</strong></span> <span class='ocrx_word' id='word_1_986' title='bbox 3309 5344 3374 5399; x_wconf 83' lang='grc'><strong>⁸⁷.</strong></span> <span class='ocrx_word' id='word_1_987' title='bbox 3390 5361 3408 5395; x_wconf 79' lang='grc' dir='ltr'><strong>ι</strong></span> 
     </span>
    </p>
   </div>
   <div class='ocr_carea' id='block_1_117' title="bbox 2799 5502 3407 5569">
    <p class='ocr_par' dir='ltr' id='par_1_117' title="bbox 2799 5502 3407 5569">
     <span class='ocr_line' id='line_1_117' title="bbox 2799 5502 3407 5569; baseline 0.007 -13"><span class='ocrx_word' id='word_1_988' title='bbox 2799 5504 2845 5537; x_wconf 81' lang='grc'><strong>⁸³</strong></span> <span class='ocrx_word' id='word_1_989' title='bbox 2869 5502 3037 5569; x_wconf 78' lang='lat' dir='ltr'><strong>lsa.t;,</strong></span> <span class='ocrx_word' id='word_1_990' title='bbox 3062 5505 3115 5558; x_wconf 68' lang='grc' dir='ltr'><strong>δ’.</strong></span> <span class='ocrx_word' id='word_1_991' title='bbox 3223 5505 3271 5539; x_wconf 80' lang='grc'>⁸³</span> <span class='ocrx_word' id='word_1_992' title='bbox 3295 5502 3407 5563; x_wconf 70' lang='lat' dir='ltr'><strong>.kr.</strong></span> 
     </span>
    </p>
   </div>
   <div class='ocr_carea' id='block_1_118' title="bbox 2007 5568 2439 5635">
    <p class='ocr_par' dir='ltr' id='par_1_118' title="bbox 2007 5568 2439 5635">
     <span class='ocr_line' id='line_1_118' title="bbox 2007 5568 2439 5635; baseline 0.007 -11"><span class='ocrx_word' id='word_1_993' title='bbox 2007 5572 2050 5601; x_wconf 83' lang='grc'><strong>⁸⁷</strong></span> <span class='ocrx_word' id='word_1_994' title='bbox 2076 5568 2233 5625; x_wconf 84' lang='lat' dir='ltr'><strong>Joau.</strong></span> <span class='ocrx_word' id='word_1_995' title='bbox 2269 5589 2323 5635; x_wconf 75' lang='grc' dir='ltr'>χ,</span> <span class='ocrx_word' id='word_1_996' title='bbox 2352 5572 2439 5628; x_wconf 80' lang='lat'><strong>38.</strong></span> 
     </span>
    </p>
   </div>
   <div class='ocr_carea' id='block_1_119' title="bbox 2067 5823 3125 5893">
    <p class='ocr_par' dir='ltr' id='par_1_119' title="bbox 2067 5823 3125 5893">
     <span class='ocr_line' id='line_1_119' title="bbox 2067 5823 3125 5893; baseline 0.003 -18"><span class='ocrx_word' id='word_1_997' title='bbox 2067 5824 2239 5891; x_wconf 73' lang='grc' dir='ltr'>ἱερός·</span> <span class='ocrx_word' id='word_1_998' title='bbox 2272 5833 2318 5875; x_wconf 74' lang='lat' dir='ltr'><strong>t‘l</strong></span> <span class='ocrx_word' id='word_1_999' title='bbox 2358 5824 2656 5893; x_wconf 65' lang='grc' dir='ltr'>γεννήσεως</span> <span class='ocrx_word' id='word_1_1000' title='bbox 2694 5833 2748 5879; x_wconf 88' lang='lat' dir='ltr'><strong>et</strong></span> <span class='ocrx_word' id='word_1_1001' title='bbox 2776 5823 3125 5893; x_wconf 72' lang='grc' dir='ltr'>ἐπαλλήλοις.</span> 
     </span>
    </p>
   </div>
  </div>
