4070 6304
209 370 319 424 780

1314 367 1589 423 CONTRA
1630 364 2049 422 MARCELLUM
2095 364 2220 421 LIB.
2261 364 2325 419 ll.

3332 358 3432 413 79"

212 503 233 533 ι
272 484 440 535 κοινά
494 483 664 535 ἐστιν
727 480 920 543 εἰπεῖν,
985 479 1166 533 Πάντα
1220 479 1319 532 ὅσα
1366 479 1478 549 ἔχει
1513 482 1540 532 6
1590 480 1777 549 Πατὴρ

1886 495 1902 526 ι
1948 477 2140 531 exinde
2167 478 2355 545 liquet,
2387 489 2449 529 ex
2482 488 2546 528 eo
2571 471 2711 542 (mod
2742 469 2993 531 declinat,
3024 475 3078 522 et
3096 466 3436 535 deprecatur.

215 593 235 623 ι
276 573 387 641 ἐμά
426 573 571 623 ἐστιν
622 568 745 637 ἔφη.
781 568 971 622 Καίτοι
1014 570 1114 622 οὑκ
1142 565 1210 640 ἦν
1255 570 1383 622 ῐδιον
1410 568 1503 621 τοῦ
1552 586 1775 638 συμφω-

216 680 235 709 ι
270 658 486 721 νοῦντος
531 656 670 710 οὕτω
708 656 906 724 λέγειν,
942 657 1095 722 ἀλλά,
1133 675 1153 707 ι
1191 657 1391 726 Πάντᾳ
1424 658 1540 711 ὅσα
1574 658 1697 723 ἔχει
1744 659 1775 709 ό

212 765 233 796 ι
277 746 495 814 Πατὴρ,
529 744 697 799 κοινά
718 744 902 799 ἐστιν.
926 766 944 799 ι
973 746 1036 800 El
1062 746 1170 817 γὰρ
1216 749 1270 799 al
1302 745 1409 798 τῶν
1448 748 1777 801 ’Λποστόλων

216 857 236 888 ι
278 838 533 909 Πράξεις.
559 838 657 906 τὴν
682 838 788 890 τῶν
824 837 1120 909 τηνικαῦτα
1147 838 1477 907 προσιόντων
1501 841 1563 907 τῇ
1600 840 1775 891 πίστει

211 946 233 975 e
279 926 594 996 συμφωνίαν
618 923 952 988 ὲπαινοῦσὰι,
992 942 1012 975 ι
1048 924 1249 977 Πάντα
1280 921 1357 994 ἦν
1382 926 1583 990 αὐτοῖς
1608 924 1779 978 κοινὰ

214 1036 235 1066 ι
280 1018 505 1086 ἔφασαν,
541 1018 635 1070 καὶ
665 1016 1087 1084 ἐπ’ἀνθρὼπων,
1124 1016 1228 1069 τῶν
1259 1018 1564 1085 συμφωνεῖν
1621 1014 1777 1065 δυνα-

213 1127 234 1160 e
284 1108 478 1179 μένων,
527 1108 679 1162 κοινά
734 1105 871 1162 εἶναι
918 1108 1093 1161 πάντα
1143 1107 1381 1177 νομίζειν
1438 1106 1775 1175 ὀφειλόντων,

214 1218 238 1250 e
285 1198 393 1269 (62)
447 1201 596 1269 πόσῳ
630 1200 825 1269 μᾶλλον
851 1198 957 1251 ἔδει
987 1197 1077 1250 τὸν
1111 1196 1327 1267 Πατέρα
1358 1196 1449 1249 καὶ
1501 1196 1591 1248 τὸν
1652 1195 1777 1247 Υίὸν

213 1304 235 1335 ι
281 1286 561 1347 κοινωνίας
591 1286 855 1356 μετέχειν,
892 1286 969 1345 είς
1015 1283 1108 1335 δύο
1139 1284 1461 1345 ὑποστάσεις
1516 1280 1779 1353 διῃρημέ-

212 1392 235 1426 e
278 1392 434 1441 νους;
461 1376 597 1429 Νυνὶ
616 1376 671 1427 δὲ
698 1378 756 1428 έν
785 1375 883 1445 μὲν
916 1373 993 1444 τῷ
1018 1374 1215 1441 λέγειν,
1244 1373 1445 1426 Πάντα
1506 1373 1621 1425 ὅσα
1653 1372 1777 1439 ἔχει

213 1485 234 1516 ι
279 1468 312 1520 d
341 1466 560 1535 Πατὴρ,
589 1464 701 1534 ἐμά
715 1466 867 1529 ἐστι,
892 1463 1225 1518 πλεονεκτῶν
1248 1465 1275 1515 ὁ
1300 1463 1426 1526 Υἱὸς
1450 1462 1538 1515 τὸν
1564 1463 1778 1533 Πατέρα

212 1576 233 1605 e
280 1556 555 1623 φαίνεται·
589 1558 646 1610 ιν
674 1554 823 1623 δὲτῷ
855 1556 1101 1624 φάσκειν,
1134 1555 1267 1624 μηδὲ
1316 1551 1412 1606 τοῦ
1446 1554 1634 1607 ἑαυτοῦ
1678 1555 1778 1607 Λό-

214 1665 235 1697 ι
272 1662 371 1713 γου
424 1646 625 1717 Κύριον
680 1642 843 1713 εἶναι,
874 1645 1009 1700 ἀλλὰ
1051 1646 1144 1698 καὶ
1176 1645 1367 1698 τούτου
1405 1646 1494 1699 τὸν
1538 1644 1775 1715 Πατέρα,

210 1755 233 1788 e
282 1739 369 1808 (Ὁ
406 1740 513 1808 γὰρ
542 1740 729 1809 Λόγος
762 1738 834 1792 ὃν
879 1740 1142 1799 ἀκούετε,
1198 1739 1395 1807 φησὶν,
1439 1741 1550 1792 οὐκ
1611 1738 1779 1791 ἐστιν

1882 589 1899 618 ι
1949 570 2124 636 Atque
2154 568 2258 621 alia
2286 568 2421 629 vice,
2456 564 2578 619 Non
2601 578 2801 633 qua’ro,
2836 559 3033 627 inquit,
3057 572 3224 611 meant
3253 558 3436 610 nolun-

1882 678 1899 709 ι
1949 669 2126 722 tatem,
2162 658 2254 712 sed
2316 656 2628 710 voluntatem
2687 650 2866 705 Patris
2923 650 3010 719 qui
3062 648 3204 701 misit
3258 662 3336 699 me
3365 646 3435 699 ".

1886 765 1903 797 ι
1946 748 2227 814 Quomodo
2287 746 2445 816 igitur
2500 752 2720 811 propter
2766 740 2909 793 illam
2978 737 3176 805 ubique
3229 744 3279 789 et
3341 747 3439 804 per

1883 856 1901 887 ‹
1948 837 2127 890 omnia
2165 834 2572 891 consonantiam
2598 871 2613 896 ,
2666 830 3009 885 Servatorem
3040 825 3270 880 afﬁrmat
3308 839 3436 893 pro-

1883 948 1900 979 ι
1958 928 2251 989 nuntiasse,
2289 925 2400 996 Ego
2433 934 2484 977 et
2514 923 2673 977 Pater
2702 935 2851 975 meus
2885 933 3047 972 unum
3080 916 3305 972 sumus?
3326 934 3343 966 ι
3375 914 3439 968 Et

1878 1020 2062 1088 paucis
2100 1016 2392 1085 interiectis
2427 1016 2502 1069 ait
2542 1032 2555 1068 :
2610 1012 2699 1085 [ἢ.
2730 1010 2891 1082 LXV]
2930 1028 2948 1061 ι
2986 1003 3265 1076 Quomodo
3312 1021 3437 1075 erga

1886 1128 1903 1159 ι
1952 1108 2143 1163 Filium
2177 1106 2585 1163 consonantiam
2632 1102 2828 1158 habere
2876 1102 3036 1156 Pater
3087 1096 3305 1167 poterit,
3356 1098 3438 1151 vel

1885 1220 1902 1252 ι
1952 1198 2118 1253 Filius
2148 1213 2274 1265 erga
2311 1196 2550 1258 Patrem,
2600 1210 2722 1250 cum
2772 1193 2970 1247 dixerit
3008 1190 3200 1254 Filius,
3246 1188 3439 1242 Omnia

1886 1310 1902 1343 ι
1952 1292 2044 1343 illa
2083 1306 2199 1359 qua:
2235 1288 2395 1341 Pater
2432 1287 2605 1351 habet,
2630 1301 2741 1339 mea
2773 1284 2934 1337 sunt?
2960 1282 3054 1336 Est
3079 1281 3221 1335 enim
3246 1278 3437 1341 Filius,

1884 1403 1901 1435 ι
1948 1382 2035 1452 qui
2066 1383 2167 1437 hoc
2192 1382 2351 1435 modo
2398 1379 2659 1448 loquitur,
2704 1374 3063 1430 abundantior
3106 1387 3205 1427 suo
3253 1369 3435 1424 Patre.

1886 1496 1902 1525 ι
1950 1473 2143 1529 Omnia
2179 1488 2295 1541 qua:
2335 1471 2497 1524 Pater
2518 1470 2693 1535 habet,
2734 1483 2849 1520 mea
2883 1474 3025 1525 sunt,
3065 1462 3262 1533 inquit,
3318 1461 3441 1515 ideo

1884 1586 1901 1617 ‹
1950 1581 2053 1620 non
2080 1572 2282 1627 autem,
2322 1562 2514 1618 Omnia
2545 1575 2663 1630 quae
2704 1558 2866 1613 Pater
2897 1555 3091 1619 habet,
3130 1552 3439 1608 communia

1884 1678 1901 1710 ι
1950 1667 2111 1721 sunt;
2140 1670 2263 1709 cum
2295 1653 2579 1709 dicendum
2605 1650 2679 1705 ita
2710 1658 2855 1704 esset
2890 1648 2987 1713 illi,
3018 1648 3107 1717 qui
3136 1660 3235 1714 per
3256 1643 3438 1700 omnia

1883 1769 1900 1800 ι
1944 1748 2165 1803 haberet
2190 1761 2310 1801 cum
2337 1760 2435 1800 suo
2470 1744 2631 1799 Patre
2691 1739 3097 1798 consonantiam
3128 1755 3144 1793 :
3175 1736 3439 1806 siquidem

211 1848 230 1878 ι
278 1828 437 1897 ἐμὸς,
470 1829 630 1883 ἀλλὰ
659 1829 765 1882 τοῦ
814 1829 1158 1898 πέμψαντός
1189 1845 1265 1898 με
1316 1828 1568 1896 Πατρός)
1618 1828 1777 1895 ἀφαιέ

1884 1860 1901 1891 ι
1952 1841 2002 1893 in
2032 1838 2257 1894 Actibus
2286 1834 2624 1906 apostolicis,
2677 1833 2766 1888 ubi
2796 1846 2981 1887 eorum
3015 1830 3105 1899 qui
3158 1827 3224 1883 ad
3279 1827 3440 1883 ﬁdem

208 1937 232 1969 ι
283 1919 492 1988 ρεϊσθαι
517 1918 605 1970 τὸν
638 1917 856 1988 Πατέρα
881 1917 950 1970 τά
978 1917 1083 1969 ῐδια
1116 1915 1209 1969 τοῦ
1244 1916 1428 1980 παιδὸς
1485 1917 1773 1970 δείκνυσιν.

211 2028 233 2059 ι
297 2008 639 2078 Ἐκάτεραδὲ
677 2008 819 2062 κατά
854 2007 952 2079 τὴν
988 2008 1262 2078 Ἀστερίου
1291 2008 1462 2078 οἴησιν
1508 2010 1609 2060 οὑκ
1649 2008 1777 2060 ἀκο-

208 2115 233 2150 s
273 2097 475 2161 λοὺθως
504 2098 766 2169 εἰρημένα
792 2099 1054 2166 φαίνεται.
1098 2098 1242 2151 Ἔδει
1274 2097 1382 2169 γὰρ
1434 2098 1525 2151 τὸν
1559 2114 1779 2167 συμφω-

212 2206 234 2239 e
277 2186 468 2241 νοῦντα
499 2190 573 2259 μὴ
604 2189 670 2240 τὰ
722 2188 892 2259 ἑτέρῳ
924 2188 1192 2259 προσόντα
1252 2188 1639 2257 παρασπᾶσθαι
1697 2188 1777 2242 δί-

212 2298 234 2329 σ
283 2294 432 2341 καια,
462 2277 841 2331 πλεονεκτικὸν
872 2278 978 2349 γὰρ
1000 2278 1157 2331 τοῦτό
1185 2296 1270 2347 γε,
1302 2278 1438 2331 ἀλλὰ
1469 2278 1535 2331 τά
1586 2279 1775 2332 ἑκατέ-

209 2386 233 2421 ‹
282 2385 358 2439 ρῳ
378 2369 646 2439 προσόντα
668 2369 817 2422 κοινὰ
846 2366 981 2421 εἷναι
1014 2370 1272 2439 νομίζειν.
1304 2371 1486 2434 Ὥστε,
1522 2372 1647 2425 ὅταν
1677 2373 1776 2440 μὲν

209 2479 232 2512 e
275 2462 353 2524 είς
405 2461 504 2533 τὴν
568 2461 912 2532 ἀνθρωπίνην
958 2460 1353 2532 ἀποϐλέπωμεν
1412 2462 1629 2533 σάρκα,
1677 2464 1775 2532 οὐχ

209 2570 231 2601 ι
278 2550 463 2624 ὥσπερ
498 2554 771 2624 Ἀστέριος
803 2553 1095 2623 γέγραφεν,
1126 2553 1298 2617 οὕτως
1351 2555 1653 2626 εὑρήσομεν
1699 2557 1774 2608 εί-

209 2664 233 2697 e
269 2647 469 2717 ρηκότα
496 2646 589 2699 τὸν
624 2647 849 2716 Σωτῆρα
870 2663 883 2676 ·
940 2646 1080 2716 Ἐγὼ
1123 2647 1222 2699 καὶ
1251 2649 1283 2700 d
1343 2646 1544 2715 Πατὴρ
1577 2646 1647 2700 ἓν
1670 2646 1774 2700 ἐσ-

209 2756 230 2787 e
258 2754 373 2805 μεν
405 2755 420 2769 ·
463 2738 514 2790 sl
558 2738 666 2809 γὰρ
708 2738 854 2791 τοῦτ’
886 2733 973 2808 ἦν,
1010 2738 1227 2801 πάντως
1246 2738 1311 2791 ἂν
1338 2738 1471 2810 ἔφη’
1514 2738 1653 2807 Ἐγὼ
1679 2742 1772 2793 καὶ

213 2844 236 2877 e
274 2826 302 2878 6
331 2826 517 2898 Πατὴρ
571 2829 629 2879 έν
672 2827 841 2881 ἆπασι
900 2828 1035 2898 πρὸς
1063 2828 1319 2898 ἀλλήλους
1355 2829 1767 2899 συμφωνοῦμεν.

1883 1950 1901 1983 ι
1945 1940 2072 1985 tunc
2098 1929 2460 1992 accedebant,
2502 1927 2753 1981 laudatur
2799 1920 3191 1985 consonantia,
3248 1916 3441 1975 Omnia

1883 2046 1900 2076 ι
1951 2024 2120 2078 fuisse
2145 2024 2275 2092 ipsis
2300 2019 2637 2083 communia,
2668 2018 2867 2072 dicitur
2891 2015 2939 2047 "
2974 2032 2988 2068 :
3020 2021 3074 2069 et
3107 2011 3289 2068 omnia
3318 2018 3445 2065 sunt

1883 2134 1900 2166 ι
1946 2113 2251 2169 communia
2301 2110 2657 2167 existimanda
2701 2108 2841 2163 inter
2868 2120 2961 2162 eos
3008 2104 3101 2175 qui
3138 2116 3440 2159 consonan-

1884 2226 1901 2257 ι
1950 2206 2077 2260 tiam
2115 2205 2255 2258 inter
2291 2203 2541 2258 homines
2575 2199 2973 2275 amplectuntur
3003 2214 3016 2251 :
3043 2202 3243 2265 quanto
3273 2191 3443 2259 magis

1881 2314 1898 2345 ι
1946 2310 2042 2364 par
2088 2294 2219 2361 fuit,
2274 2296 2489 2349 Patrem
2552 2302 2715 2361 atque
2764 2290 2956 2345 Filium
3002 2286 3438 2343 communionem

1880 2410 1898 2441 ι
1942 2390 2217 2458 amplecti,
2267 2390 2357 2457 qui
2391 2389 2441 2443 in
2472 2387 2610 2441 duas
2642 2388 2961 2456 hypostases
3014 2374 3440 2435 dividebantur?

1878 2500 1896 2532 ι
1948 2490 1999 2535 at
2035 2495 2175 2534 nunc
2211 2478 2382 2534 Filius
2423 2491 2582 2545 quam
2632 2474 2795 2529 Pater
2838 2474 2956 2543 plus
2984 2471 3185 2525 habere
3208 2468 3439 2530 videtur,

1880 2593 1895 2623 ι
1946 2587 2066 2627 cum
2097 2572 2346 2635 afﬁrmet,
2400 2568 2595 2624 Omnia
2628 2584 2744 2638 qua
2774 2565 2936 2619 Pater-
2971 2565 3122 2623 hahet
3155 2576 3266 2615 mea
3294 2567 3437 2613 sunt.

1878 2684 1895 2716 ι
1946 2664 1999 2718 lu
2032 2680 2097 2719 eo
2134 2662 2484 2731 autemquod
2538 2660 2707 2720 dicit,
2753 2658 2986 2713 Verbum
3035 2670 3140 2709 non
3196 2666 3315 2707 esse
3357 2651 3439 2705 sui

1877 2777 1894 2807 ι
1946 2757 2253 2818 Dominum,
2292 2755 2385 2808 sed
2418 2752 2586 2821 ipsius
2615 2750 2854 2813 Patrem,
2888 2750 3092 2816 (sermo
3121 2744 3255 2800 enim
3292 2758 3441 2811 quem

1877 2867 1894 2896 ι
1941 2848 2161 2911 auditis,
2191 2846 2385 2915 inquit,
2422 2862 2525 2899 non
2552 2853 2625 2898 est
2658 2859 2823 2905 meus,
2854 2840 2942 2894 sed
2983 2839 3155 2893 Patris
3186 2837 3274 2906 qui
3300 2835 3447 2888 misi!

212 2935 234 2967 ι
277 2918 411 2972 Νυνὶ
434 2918 514 2981 δὶ,
551 2917 691 2988 Ἐγὼ
721 2920 815 2972 καὶ
870 2923 901 2972 ὁ
930 2919 1131 2989 Πατὴρ
1154 2920 1224 2974 ἐν
1262 2920 1469 2987 ἐσμεν,
1518 2920 1643 2989 ἔφη.
1695 2922 1769 2974 Οὐ

1884 2958 1893 2988 ι
1940 2955 2019 2993 me
2046 2938 2102 3008 :)
2133 2938 2439 2993 ostenditur
2466 2936 2678 2990 Patrem
2704 2950 2731 2987 a
2767 2933 2903 2987 Filio
2928 2930 3142 2985 auferre
3165 2929 3329 2983 etiam
3356 2927 3444 3008 illa

212 3027 234 3060 ι
279 3010 388 3080 γὰρ
405 3010 494 3065 διὰ
523 3011 619 3083 τὴν
646 3014 702 3065 ὲν
726 3011 925 3064 ἀπασιν
949 3012 1123 3080 λόγοις
1151 3029 1211 3065 τε
1271 3014 1365 3067 καὶ
1395 3013 1573 3084 ἔργοις
1615 3014 1771 3085 ἀκρι-

214 3098 243 3152 .“
278 3102 344 3173 σῆ
371 3104 709 3173 συμφωνίαν,
745 3103 820 3166 ὡς
847 3104 1007 3167 αὐτὸς
1030 3104 1323 3175 γέγραφεν,
1351 3107 1379 3159 6
1408 3105 1599 3176 Σωτὴρ
1625 3104 1771 3177 εῐρη-

1877 3042 1895 3074 ι
1941 3038 2061 3092 qua:
2086 3007 2308 3092 propria
2343 3032 2487 3076 sunt.
2548 3022 2806 3075 Neutrum
2850 3023 3111 3081 istorum,
3142 3032 3208 3072 ex
3246 3007 3444 3071 Asterii

1880 3133 1897 3165 ι
1945 3113 2236 3179 sententia,
2294 3122 2442 3167 recte
2487 3112 2703 3166 dicitur.
2772 3109 2878 3164 Par
2923 3117 2980 3164 et
3034 3123 3246 3178 aequum
3298 3108 3444 3163 enim

212 3212 234 3242 ι
278 3210 393 3257 κεν,
426 3193 535 3261 ἐγὼ
564 3194 655 3247 καὶ
698 3196 727 3247 ό
772 3196 959 3266 Πατὴρ
998 3196 1057 3249 ἓν
1095 3199 1279 3266 ἐσμεν.
1359 3196 1565 3250 Οὐκοῦν
1610 3198 1659 3251 εί
1712 3199 1772 3250 ὲν

1884 3225 1899 3256 ι
1949 3206 2124 3260 fuerat
2164 3213 2551 3257 consonantem
2587 3203 2820 3271 aliquem
2845 3240 2861 3266 ,
2904 3200 3050 3255 nullo
3085 3200 3244 3254 modo
3272 3200 3338 3253 ad
3386 3214 3447 3253 se

214 3302 236 3334 ι
279 3284 505 3348 ἐκείνοις
527 3286 851 3356 ἀσυμφωνία
879 3304 960 3349 τις
985 3282 1075 3357 ἦν,
1110 3288 1317 3357 ἀνάγκη
1358 3288 1414 3341 δὲ
1442 3288 1531 3342 τὸν
1580 3288 1775 3341 δεσπό-

214 3394 238 3427 e
282 3393 383 3446 την
407 3377 708 3447 ἀληθεύειν,
753 3378 842 3432 τὸν
871 3378 1098 3450 Σωτῆρα
1124 3378 1363 3450 ἀκριὸὦς
1385 3380 1580 3432 εἰδέναι
1606 3397 1775 3451 προσ-

218 3482 239 3517 e
276 3466 420 3534 ήκει,
452 3467 553 3531 ὅτι,
601 3467 762 3537 ἡνίκα
788 3467 854 3521 ἂν
891 3466 1033 3537 Ἐγὼ
1059 3468 1155 3522 καὶ
1187 3472 1219 3522 ό
1254 3469 1453 3535 Πατὴρ
1480 3469 1772 3539 ἔνέσμεν,

217 3574 239 3609 ι
278 3557 431 3630 λέγῃ,
465 3558 763 3629 τηνικαῦτα
796 3561 897 3612 οὐκ
928 3562 1006 3617 είς
1030 3558 1121 3611 τόν
1146 3559 1425 3627 ἄνθρωπον
1463 3560 1518 3614 ὃν
1566 3560 1778 3632 ἀνείλη-

216 3666 241 3700 e
280 3666 378 3718 φεν
431 3650 756 3703 ἀποελέπων
805 3649 965 3702 τοῦτό
992 3667 1177 3721 φησιν,
1207 3651 1321 3703 ἀλλ’
1347 3654 1426 3714 εἰς
1450 3652 1540 3704 τὸν
1574 3653 1637 3705 ὲκ
1683 3652 1777 3705 τοῦ

218 3758 238 3789 ι
282 3740 491 3812 Πατρὺς
516 3735 843 3811 προέλθόντα
870 3741 1060 3809 Λόγον.
1095 3742 1155 3793 Ei
1189 3743 1294 3811 γάρ
1325 3760 1409 3805 τις
1457 3744 1779 3813 ἀσυμφωνία

220 3850 239 3881 ι
282 3826 423 3883 εἶναι
449 3830 652 3902 δοκοίη,
679 3832 815 3903 αὕτη
852 3832 1216 3903 ἀναφέρεσθαι
1250 3835 1327 3896 είς
1373 3833 1469 3904 τὴν
1514 3834 1613 3904 τῆς
1657 3852 1781 3902 σαρ-

221 3939 241 3968 ι
284 3919 377 3984 κδς
403 3921 684 3975 ἀσθένειαν
717 3924 936 3991 ὀφείλει,
968 3925 1032 3994 ἣν
1059 3924 1132 3996 μὴ
1163 3924 1423 3995 πρότερον
1477 3924 1613 3994 ἔχων
1643 3926 1781 3978 ἀνεί-

224 4028 246 4061 ι
282 4010 448 4082 ληφεν
479 4014 509 4064 6
540 4014 730 4081 Λόγος.
748 4014 809 4066 Ei
830 4014 884 4065 δὲ
912 4014 1099 4084 ἑνότης
1130 4014 1337 4082 λέγοιτο
1358 4015 1519 4086 αὕτη,
1554 4015 1634 4086 τῷ
1679 4017 1782 4069 Λό-

223 4125 242 4153 e
274 4120 354 4173 γῳ
393 4104 720 4176 διαφέρουσα
746 4106 1011 4174 φαίνεται.
1044 4106 1203 4160 ’ὐθεν
1223 4108 1284 4159 οὐ
1322 4108 1481 4176 μόνον
1516 4108 1597 4171 τὸ,
1638 4108 1783 4177 Ἐγὼ

223 4213 242 4244 ι
277 4193 375 4246 καὶ
404 4197 436 4247 ό
462 4195 665 4263 Πατὴρ
700 4196 989 4266 ἒνέσμεν,
1027 4198 1253 4261 εἰκότως
1277 4199 1402 4267 ἔφη,
1429 4198 1563 4252 ἀλλά
1597 4201 1783 4252 κάκεῖ-

224 4302 243 4334 ι
286 4301 364 4345 νο,
397 4287 667 4353 Τοσούτῳ
686 4290 879 4355 χρόνῳ
893 4288 1018 4356 μεθ’
1039 4287 1204 4357 ὑμῶν
1227 4292 1361 4357 ειμι,
1386 4291 1661 4352 Φίλιππε,
1686 4290 1783 4342 καὶ

224 4391 242 4423 ι
282 4373 496 4443 λέγεις,
513 4376 720 4440 Δεῖεόν
735 4395 837 4445 μοι
866 4378 971 4431 τὸν
993 4378 1239 4447 Πατέρα.
1265 4380 1453 4449 Δῆλον,
1476 4382 1557 4433 ὅτι
1579 4382 1639 4434 οὑ
1665 4379 1785 4433 τοὺ-

1882 3315 1899 3347 ι
1947 3297 2184 3362 trahere,
2224 3309 2345 3363 quae
2368 3295 2434 3348 de
2460 3295 2581 3362 jure
2612 3293 2773 3347 alteri
2816 3292 3216 3361 competebant,
3265 3290 3445 3344 avari-

1880 3408 1899 3441 ι
1952 3390 2079 3441 tiam
2112 3388 2311 3458 quippe
2347 3386 2447 3440 hoc
2470 3386 2708 3447 denotat,
2744 3385 2834 3439 sed
2872 3398 2990 3452 quae
3020 3382 3212 3438 utrivis
3247 3397 3444 3452 suppe-

1882 3498 1899 3530 ι
1949 3480 2151 3543 tebant,
2183 3478 2271 3532 illa
2296 3476 2737 3532 essecommuuia
2761 3475 3035 3531 arbitrari.
3063 3475 3211 3529 Adeo
3242 3482 3299 3528 ut
3321 3490 3445 3529 cum

1883 3587 1902 3619 ι
1950 3570 2237 3623 humanam
2268 3582 2483 3622 carnem
2511 3568 2836 3631 intueamur,
2865 3582 2971 3621 non
2995 3566 3444 3634 quemadmodum

1885 3676 1903 3708 ι
1950 3659 2192 3713 Asterius
2226 3658 2464 3728 scripsit,
2508 3657 2785 3712 Dominum
2810 3658 3044 3711 locutum
3086 3657 3446 3719 inveniamus,

1886 3768 1903 3797 ι
1956 3748 2065 3817 Ego
2087 3757 2138 3801 et
2166 3746 2330 3801 Pater
2363 3764 2506 3801 meus
2545 3765 2701 3801 unum
2725 3764 2902 3800 sumus
2927 3764 2946 3811 ;
2973 3747 3017 3801 si
3046 3748 3189 3802 enim
3217 3746 3267 3801 id
3297 3748 3445 3802 vole-

1886 3860 1903 3891 ι
1952 3840 2063 3905 bat,
2096 3840 2319 3894 omnino
2345 3841 2573 3902 diceret,
2620 3840 2730 3911 Ego
2773 3848 2827 3894 et
2872 3838 3036 3893 Pater
3084 3838 3138 3892 in
3195 3839 3448 3894 omnibus

1885 3952 1903 3984 ι
1955 3934 2099 3986 inter
2132 3947 2228 3987 nos
2277 3932 2649 4001 conspiramus
2678 3948 2693 3984 :
2726 3941 2781 3985 at
2828 3947 2969 3986 nunc
3012 3932 3183 3998 dixit,
3235 3931 3349 4001 Ego
3396 3942 3446 3984 et

1887 4044 1903 4074 ι
1961 4022 2122 4077 Pater
2164 4041 2323 4077 unum
2369 4040 2565 4078 sunms.
2618 4023 2784 4091 Igitur
2830 4024 2875 4077 si
2942 4023 3120 4091 aliqua
3161 4024 3303 4076 inter
3354 4039 3448 4076 eos

1887 4135 1904 4167 ι
1952 4118 2246 4172 exstitisset
2286 4116 2733 4177 inconsonantia,
2785 4124 2839 4169 et
2888 4114 3004 4169 ﬁeri
3071 4123 3331 4184 nequeat,
3388 4124 3450 4168 ut

1888 4227 1905 4259 ι
1958 4209 2215 4262 Dominus
2258 4209 2600 4273 mentiretur,
2632 4218 2783 4261 certe
2809 4216 2893 4261 est
2922 4221 3144 4261 necesse
3175 4206 3447 4277 intelliga-

1889 4317 1906 4347 ι
1961 4314 2079 4353 mus
2106 4298 2471 4361 Servatorem,
2526 4314 2647 4351 cum
2695 4300 2917 4366 diceret,
2960 4304 3018 4361 >14
3060 4298 3172 4367 Ego
3201 4309 3247 4353 et
3290 4296 3451 4351 Pam'

1889 4409 1908 4440 ι
1954 4407 2114 4443 unum
2142 4407 2346 4453 sumus,
2374 4390 2475 4445 hoc
2506 4406 2612 4443 non
2636 4390 2836 4444 dixisse
2863 4405 2929 4443 ex
2975 4391 3165 4444 intuitu
3183 4377 3444 4451 hominis,

226 4482 244 4513 ι
275 4481 389 4526 τοις
418 4468 529 4530 τοῖς
557 4467 880 4536 ὀφθαλμοῖς,
913 4468 1045 4522 ἀλλὰ
1086 4472 1196 4532 τοῖς
1235 4474 1444 4541 νοητοῖς
1496 4470 1564 4524 τά
1619 4478 1777 4544 νοητά

1894 4498 1913 4530 ι
1959 4496 2117 4547 quem
2146 4481 2468 4550 assumpsit,
2506 4482 2596 4536 sed
2626 4481 2786 4536 Verbi
2831 4496 2861 4535 e
2907 4481 3067 4536 Patre
3110 4481 3443 4549 prodeuntis.

227 4578 244 4609 ι
280 4561 413 4629 όρᾷν
436 4559 770 4633 δυναμένοις.
811 4564 1061 4632 Ἀόρατος
1121 4563 1228 4634 γὰρ
1280 4567 1390 4627 τοῖς
1437 4566 1535 4635 τῆς
1583 4569 1777 4640 σαρκὸς

1893 4592 1910 4622 ι
1960 4573 2092 4626 Nam
2119 4573 2163 4626 si
2198 4573 2372 4642 aliqua
2420 4573 2744 4641 deprehendi
2792 4572 3201 4627 inconsouantia
3245 4581 3445 4641 posset,

227 4668 243 4698 ι
282 4649 519 4717 ὄμμασιν
547 4652 575 4703 ὅ
594 4669 653 4704 τε
684 4653 872 4724 Πατὴρ
900 4655 1151 4726 ὑπάρχει,
1184 4656 1275 4708 καὶ
1300 4661 1327 4710 6
1370 4659 1565 4710 τούτου
1589 4660 1778 4728 Λόγος.

225 4759 242 4786 ι
278 4739 353 4793 Οὐ
376 4739 465 4791 διὰ
492 4740 589 4811 τὴν
617 4744 675 4795 έν
709 4744 911 4797 ἅπασιν
961 4742 1052 4797 οὖν
1102 4746 1415 4815 συμφωνίαν
1475 4748 1618 4802 τοῦτ’
1675 4750 1779 4819 ἔφη

226 4850 244 4879 ί
280 4830 414 4899 πρὸς
443 4830 724 4885 Φίλιππον.
767 4853 784 4885 ›
818 4834 1062 4889 Τοσαῦτα
1112 4835 1298 4899 εἰπὼν,
1332 4839 1682 4892 ὲπαναλαϐὼν
1722 4840 1781 4905 ἐξ

220 4920 474 4989 ὑπαρχῆς
518 4921 609 4973 τὸν
650 4922 807 4990 λόγον
834 4966 848 4985 ,
901 4925 1087 4979 τοῦτον
1139 4926 1450 4996 δογματίζει
1516 4931 1606 4983 τὸν
1662 4934 1782 5001 τρό-

221 5026 324 5062 πον
344 5027 357 5039 ·
387 5029 407 5060 ι
440 5011 549 5081 Πρὸ
570 5013 677 5081 γὰρ
704 5014 804 5083 τῆς
838 5015 1191 5088 δημιουργίας
1226 5019 1442 5089 ἁπάσης
1470 5023 1668 5091 ἡσυχία
1699 5040 1781 5088 τις

228 5120 245 5150 ι
284 5096 372 5169 ἦν,
404 5103 478 5164 ὡς
503 5104 667 5167 εἰκὸς,
694 5104 843 5167 ὄντος
875 5105 984 5174 (45)
1024 5109 1081 5159 ὲν
1118 5107 1195 5177 τῷ
1235 5108 1352 5179 Θεῷ
1382 5110 1473 5162 τοῦ
1502 5112 1693 5181 Λόγου.
1721 5115 1783 5166 Εἰ

228 5210 247 5243 ι
281 5192 388 5260 γὰρ
445 5194 671 5264 ποιητὴν
701 5195 954 5249 ἁπάντων
982 5197 1071 5249 τὸν
1104 5198 1233 5251 Θεὸν
1261 5202 1289 5253 ὁ
1320 5200 1588 5271 Ἀστέριος
1620 5204 1783 5256 πεπί-

1893 4684 1911 4715 ι
1962 4664 2117 4718 debet
2152 4665 2238 4717 illa
2275 4664 2462 4719 referri
2491 4666 2706 4734 quidem
2732 4666 2797 4719 ad
2843 4666 3025 4720 carnis
3052 4665 3446 4730 infirmitatem,

1893 4771 1911 4803 ι
1958 4767 2116 4819 quam
2155 4768 2273 4807 cum
2312 4753 2458 4822 prius
2489 4768 2590 4806 non
2620 4753 2887 4819 haberet,
2922 4754 3158 4822 suscepit
3188 4751 3445 4807 Verbum.

1891 4863 1909 4894 ι
1958 4844 2108 4911 Quod
2153 4845 2195 4900 si
2242 4846 2421 4899 unitas
2476 4846 2589 4900 haec
2623 4845 2853 4909 dicatur,
2918 4856 3065 4899 certe
3105 4846 3319 4899 videtur
3380 4846 3449 4901 ad

1890 4950 1908 4979 ι
1972 4931 2201 4984 Verbum
2230 4946 2349 4986 esse
2375 4933 2675 4986 referenda.
2706 4932 2858 4989 Unde
2891 4950 2994 4987 non
3041 4936 3181 4988 istud
3214 4944 3445 4998 tautmn,

1890 5040 1908 5071 ι
1962 5021 2069 5091 Ego
2098 5032 2146 5076 et
2176 5020 2339 5077 Pater
2366 5040 2523 5077 unum
2550 5040 2729 5077 sumus
2749 5064 2763 5087 ,
2811 5026 3003 5079 merito
3034 5026 3236 5080 dictum
3268 5037 3352 5080 est
3379 5028 3446 5079 ab

1892 5132 1909 5163 ι
1966 5113 2076 5179 illo,
2103 5115 2195 5168 sed
2224 5115 2364 5168 aliud
2398 5117 2617 5184 insuper
2654 5133 2665 5167 :
2697 5115 2863 5168 Tanto
2911 5128 3135 5186 tempore
3172 5117 3248 5185 fui
3280 5118 3448 5171 vobis-

1892 5222 1910 5253 ι
1962 5220 2100 5271 cum,
2145 5203 2406 5273 Philippe,
2427 5216 2475 5258 et
2497 5217 2553 5258 tu
2580 5207 2739 5259 dicis:
2767 5208 2992 5264 Ostende
3016 5210 3141 5264 mihi
3160 5212 3423 5267 Patrem”

303 5358 361 5415 >14
406 5352 502 5407 Ed.
530 5354 728 5421 Paris.,
764 5374 887 5428 pug.
914 5358 1003 5414 59.
1084 5362 1129 5393 ⁸⁵
1154 5360 1310 5417 Joan.
1334 5378 1389 5426 v,
1420 5363 1506 5418 30.
1583 5366 1769 5421 "Act.
1802 5384 1861 5433 ll,
1894 5370 1994 5427 46:
2022 5382 2091 5433 tv,
2132 5369 2221 5422 52.
2299 5370 2345 5402 ’⁸
2379 5368 2533 5425 Joan.
2575 5371 2741 5433 x1v,9.

299 5534 408 5611 (62)
448 5536 711 5611 Iyoltlfetr
738 5542 1116 5611 ὀφειλόντων.
1147 5545 1398 5611 Ὀφείλει.
1422 5547 1623 5609 statim,
1650 5550 1786 5604 forte

223 5603 325 5699 fl;
352 5605 520 5699 ξὺξιῆς
563 5603 1104 5699 κὲινωνίαςκλιιξτῆς
1141 5603 1260 5693 ἴσης
1293 5634 1346 5671 κ.
1372 5603 1556 5699 μ.,κᾶν
1585 5603 1663 5699 είς
1692 5620 1784 5699 δὺο

230 5673 327 5758 ρπ.
423 5673 491 5758 Μ..
517 5707 583 5758 ῖ-
600 5677 768 5758 διινγει
804 5681 959 5749 vulgo
982 5673 1275 5758 ἐπαινοῦσα
1296 5696 1348 5739 et
1372 5673 1512 5741 infra
1538 5673 1660 5740 νυνί
1684 5690 1783 5758 μὲν

229 5742 292 5794 ὲν
334 5744 407 5813 τῷ
432 5754 486 5800 ct
521 5742 981 5817 ἀποθλέπομενᾊι
1011 5751 1068 5802 ’ἐν
1100 5753 1263 5821 ἐσμεν
1285 5771 1296 5783 ·
1327 5758 1375 5807 εἰ
1426 5759 1531 5827 γάρ
1570 5742 1784 5816 οωίὲείε

1898 5552 2229 5606 intermediis
2255 5568 2371 5619 quae
2398 5553 2551 5607 codd.
2580 5557 2727 5608 dant.

1967 5623 2075 5690 (45)
2104 5622 2272 5691 Vulgo
2298 5622 2447 5685 ὄντος
2479 5635 2598 5690 post
2626 5625 2799 5691 Λόγου
2826 5635 2878 5676 et
2912 5626 3030 5677 dein
3064 5620 3199 5676 εἷναι
3236 5625 3316 5677 ὅτι
3352 5628 3445 5681 καὶ

1894 5692 2140 5759 συνομολ.
2170 5695 2220 5759 ἡ.
2256 5693 2412 5755 αὑτός
2443 5703 2494 5747 ct
2528 5694 2699 5747 πάντα
2731 5691 2990 5755 ἐνάὑτοῖς
3016 5693 3118 5746 ὑπὸ
3147 5695 3299 5748 θεοῦ.
