4070 6304
717 347 813 409 791

1400 351 1666 411 ευεεειι
1699 351 2167 411 (ΖΕΘΔΒΙΕΝΒΙΒ
2199 351 2347 411 OPP.
2387 351 2570 411 PARS
2603 351 2694 409 IV.
2731 353 3224 410 —DOGIIA1'ICA.

3793 352 3889 409 τοι

721 484 742 517 s
787 464 1043 522 Nimirum
1077 479 1182 520 non
1208 466 1324 522 istis
1355 475 1561 522 tantum
1586 467 1776 532 oculis,
1800 469 1891 523 sed
1922 467 2233 524 intellectua-

2352 482 2372 515 ι
2412 482 2634 521 στευκεν
2668 462 2838 534 εἶναι,
2873 465 3028 537 δῆλον
3055 465 3138 518 Gtt
3165 464 3576 538 συνομολογήσει
3605 465 3741 535 ημιν
3807 465 3889 517 καὶ

720 577 741 608 s
797 558 952 622 libus,
983 557 1331 628 intelligibilia
1384 558 1474 626 qui
1537 572 1760 620 eernere
1814 567 2058 628 possunt.
2109 559 2241 614 Nam

722 667 740 698 s
783 649 1053 715 corporeis
1077 647 1246 704 oculis
1274 646 1558 702 invlsibilis
1583 656 1689 703 ‘est
1724 656 1780 702 et
1815 647 1971 702 Pater
1996 659 2051 703 et
2075 648 2244 704 Patris

720 757 738 788 ι
785 737 1035 811 Verbum,
1075 735 1189 794 Non
1235 739 1399 808 igitur
1435 739 1503 794 ad
1537 740 1678 794 hunc
1724 739 1936 793 modum
1982 737 2244 794 allocutus

716 847 734 878 s
776 835 860 881 est
883 825 1202 899 Philippum,
1247 837 1466 898 propter
1514 827 1658 882 illam
1709 827 1762 881 in
1793 828 2020 898 singulis
2051 843 2242 882 conso-

715 939 733 969 ι
782 920 1038 974 nautiam.
1076 938 1094 970 ι
1153 918 1438 988 Postquam
1483 927 1592 972 tam
1634 917 1814 973 multis
1864 919 1978 973 hec
2015 919 2242 983 dixerat,

708 1019 980 1080 resumpto
1028 1011 1095 1065 ab
1139 1009 1292 1065 initio
1349 1022 1592 1065 sermone
1623 1047 1641 1075 ,
1691 1007 1759 1065 ad
1819 1010 1962 1065 hunc
2029 1009 2242 1064 modum

709 1099 1028 1166 dogmatixat
1060 1118 1074 1156 :
1113 1098 1204 1172 [IL
1245 1098 1380 1156 XCII
1409 1099 1534 1156 eoll.
1598 1114 1653 1170 p.
1727 1099 1830 1155 101
1863 1098 1905 1153 D
1929 1141 1946 1167 ,
1996 1098 2096 1154 I06
2137 1098 2242 1173 8.]

714 1190 915 1244 «Ante.
961 1203 1173 1244 omnem
1245 1189 1424 1245 rerum
1485 1189 1888 1260 productionem
1948 1200 2102 1253 erat.
2185 1200 2245 1245 ut

715 1294 735 1325 s
777 1290 874 1344 par
898 1285 980 1332 est
1007 1280 1248 1343 credere,
1299 1281 1453 1347 quies
1502 1279 1555 1334 in
1597 1278 1726 1344 Deo,
1763 1280 2056 1338 exsistente
2105 1281 2244 1349 apud

715 1382 734 1412 ο
778 1378 899 1419 eum
933 1366 1077 1421 intus
1108 1367 1295 1421 Verbo.
1340 1365 1472 1422 Nam
1502 1367 1546 1421 sl
1576 1369 1814 1424 omnium
1847 1383 2023 1422 rerum
2056 1363 2243 1424 condi-

715 1473 734 1506 ι
780 1467 945 1511 torem
983 1471 1101 1513 esse
1128 1455 1288 1512 Deum
1319 1458 1561 1514 Asterius
1601 1459 1771 1514 credit
1807 1459 1902 1530 (id
1952 1461 2091 1529 quod
2131 1461 2245 1530 ipse

2347 575 2366 608 s
2406 557 2567 622 αὐτός
2588 572 2603 589 ⁶
2631 557 2721 610 τὸν
2751 557 2850 628 μιν
2886 557 2972 610 ἀεὶ
3008 556 3288 626 ὑπάρχειν,
3317 557 3448 626 μηδὲ
3479 554 3702 610 statim
3764 549 3890 605 εἶναι

2345 667 2364 698 ι
2390 649 2565 720 ἀρχὴν
2595 648 2825 703 λαϐόντα
2849 665 2862 678 ·
2893 649 2960 702 τά
2990 647 3047 701 δὲ
3079 646 3428 718 γεγεννῆσθαί
3465 663 3525 699 τε
3575 646 3669 698 ὑπ’
3705 641 3891 699 αὐτοῦ.

2345 759 2364 791 ι
2405 740 2499 793 καὶ
2529 739 2589 804 ιε
2610 741 2710 793 οὐκ
2732 740 2901 794 όντων
2943 737 3315 807 γεγεννῆσθαι.
3361 738 3437 790 ού
3461 737 3568 808 γὰρ
3594 731 3751 806 οῐμαι
3808 734 3894 786 καὶ

2347 848 2364 881 ι
2402 829 2559 884 τοῦτο
2578 829 2849 884 πιστεύειν
2877 830 3036 883 αὑτὸν
3059 828 3138 898 τῷ
3181 827 3387 895 λέγοντι
3441 823 3576 880 εἷναί
3620 840 3751 878 τινα
3808 825 3896 875 καί

2345 937 2365 971 ι
2404 920 2668 992 ἀγιννητα
2691 936 2707 951 °
2737 919 2872 974 ἀλλά
2907 919 3144 990 ἀκριϐῶς
3180 916 3497 981 πτοεῖσθαι,
3529 917 3615 970 δτι
3665 913 3894 986 οὐρανός

2345 1010 3008 1081 ιτεκαὶγῆκαὶπάνια
3051 1007 3477 1078 τάινούρανοτς
3516 1007 3613 1060 καὶ
3657 1003 3755 1057 ἀπὶ
3797 1002 3894 1071 γῆς

2347 1116 2365 1149 ι
2399 1098 2525 1152 ὄντα
2568 1099 2672 1152 ὑπὸ
2713 1099 2846 1152 Θεοῦ
2899 1097 3237 1168 γεγέννηται.
3268 1096 3332 1148 EI
3396 1095 3571 1147 τοίνυν
3606 1093 3775 1147 τοῦτο
3808 1108 3893 1143 πι-

2347 1207 2366 1240 ι
2412 1188 2608 1253 στεύοι,
2644 1187 2854 1258 ἀνάγκη
2901 1187 3060 1240 αὐτὸν
3101 1187 3317 1240 κάκεῖνο
3371 1184 3778 1256 συνομολογεῖν,
3815 1182 3892 1234 ὃτι

2347 1294 2366 1328 ι
2407 1276 2543 1348 πλὴν
2561 1276 2694 1330 Θεοῦ
2725 1277 2873 1330 οὐδὲν
2892 1278 3075 1346 ιτερον
3117 1272 3203 1347 ἧν.
3241 1272 3398 1347 Eist
3424 1273 3515 1329 οὖν
3551 1275 3653 1345 τὴν
3691 1272 3891 1326 οἰκείαν

2347 1386 2367 1420 ι
2409 1369 2564 1435 δόξαν
2592 1369 2622 1422 ό
2653 1369 2839 1437 Λόγος,
2873 1369 2947 1422 ὢν
2971 1370 3030 1421 ὲν
3055 1368 3133 1439 τῷ
3169 1368 3360 1439 Πατρί.
3399 1386 3419 1420 ι
3467 1367 3576 1420 Καὶ
3620 1363 3796 1418 ταῦτα
3826 1363 3890 1415 εί-

2340 1456 2488 1522 πὼν,
2542 1459 2734 1528 ὲπάγει
2789 1458 2903 1529 μεθ’
2963 1458 3125 1528 ῑτερα
3152 1476 3164 1488 ·
3227 1476 3246 1509 ι
3274 1459 3384 1529 Τὴν
3425 1456 3667 1511 δοθεῖσαν
3748 1452 3891 1522 αὐτῷ

714 1562 734 1594 ι
783 1545 1054 1600 nobiscum
1077 1563 1180 1601 una
1209 1547 1586 1603 conﬁtebitur:
1613 1549 1780 1603 Deum
1811 1547 2064 1604 nimirum
2107 1564 2233 1605 sem-

2347 1563 2368 1598 ι
2402 1546 2647 1612 ἑξουσίαν
2683 1547 2952 1618 ’Δστέριος
2976 1547 3131 1613 δόξαν
3162 1544 3414 1616 ὀνομάζει
3432 1561 3447 1575 ·
3492 1543 3584 1596 καὶ
3639 1541 3697 1594 ού
3741 1540 3892 1604 δόξαν

715 1654 733 1684 s
779 1650 872 1703 per
891 1635 1237 1692 exsistentem
1261 1638 1472 1692 initium
1499 1654 1610 1694 sua
1630 1641 1928 1696 existentia
1951 1655 2055 1696 non
2089 1642 2246 1696 sorti-

2346 1654 2365 1688 s
2408 1636 2586 1706 μόνον,
2638 1635 2771 1690 ἀλλά
2831 1637 2924 1690 καὶ
2955 1637 3282 1708 προκόσμισν
3321 1635 3495 1702 δόξαν,
3519 1636 3619 1687 οὐκ
3661 1631 3889 1693 ὲννοιῖιν,

714 1743 733 1772 s
777 1735 886 1776 tum
934 1742 947 1779 :
986 1735 1179 1782 cetera
1231 1727 1444 1796 quidem
1499 1730 1674 1784 omnia
1730 1731 1799 1786 ab
1843 1731 1934 1786 illo
1988 1730 2233 1802 products

2345 1744 2365 1778 ι
2399 1728 2501 1791 ἅιι,
2534 1729 2698 1798 μήπω
2729 1725 2822 1781 τοῦ
2851 1729 3056 1798 κόσμου
3085 1729 3383 1796 γεγονότος,
3417 1726 3567 1779 οὐδὲν
3613 1725 3801 1794 ἕτερον
3827 1718 3892 1794 ἧν

713 1833 732 1863 ε
777 1814 959 1879 fuisse,
995 1827 1051 1870 et
1075 1817 1287 1886 quidem
1317 1819 1570 1886 products
1597 1822 1660 1876 de
1690 1821 1878 1878 nihilo.
1898 1797 2080 1892 Nerine
2100 1825 2233 1879 enim

2347 1836 2366 1870 ι
2410 1818 2548 1892 πλὴν
2589 1797 2724 1873 Θεοῦ
2787 1797 2968 1891 μόνον.
3007 1839 3026 1872 ι
3063 1820 3227 1873 Ταῦτ’
3266 1817 3434 1872 εἰπὼν
3472 1819 3501 1869 ὁ
3551 1815 3889 1884 Μάρκελλος,

711 1921 730 1954 s
778 1905 958 1969 credo,
1005 1916 1058 1961 et
1105 1907 1231 1963 illud
1288 1909 1626 1980 proiessurus
1676 1921 1779 1977 est,
1833 1928 1952 1969 esse
1996 1915 2238 1983 quadam

711 2009 730 2042 ι
777 1993 1034 2063 ingenita,
1083 2009 1182 2050 nec
1236 1996 1443 2052 dicturo
1497 1999 1796 2054 crediturus
1838 2018 1851 2056 :
1897 2002 1988 2056 sed
2044 2003 2240 2058 habere

710 2096 730 2130 ι
777 2083 1262 2149 persuasissimum,
1292 2085 1510 2151 caelum,
1536 2095 1759 2154 terram,
1793 2101 1848 2144 et
1876 2091 2055 2146 omnia
2089 2093 2140 2146 in
2172 2093 2240 2148 iis

709 2187 730 2221 s
774 2184 804 2222 a
847 2169 955 2225 Deo
999 2172 1162 2228 luisse
1203 2175 1490 2245 producta)
1515 2175 1559 2230 si
1587 2179 1806 2241 credat,
1836 2179 2073 2254 inquam,
2114 2182 2239 2247 ista,

707 2276 728 2308 ι
776 2273 992 2315 necesse
1019 2271 1104 2317 est
1130 2271 1188 2317 ut
1216 2263 1343 2319 illud
1375 2265 1533 2320 simul
1556 2269 1894 2333 conﬁteatur,
1925 2271 2057 2325 nihil
2090 2287 2241 2341 pror-

708 2367 727 2402 s
771 2363 865 2404 sus
904 2351 1047 2405 aliud
1087 2363 1277 2422 praater
1321 2355 1486 2416 Deum
1539 2359 1833 2412 exstitisse.
1896 2359 2067 2416 Habet
2112 2376 2241 2432 ergo

708 2456 727 2488 ι
775 2440 1034 2507 privatam
1077 2457 1226 2498 suam
1268 2445 1553 2513 quamdam
1581 2446 1884 2514 opinionem
1918 2463 2093 2505 sermo
2119 2449 2238 2514 iste,

709 2546 727 2579 s
774 2530 1040 2587 exsistens
1067 2532 1118 2586 in
1150 2531 1308 2588 Patre
1341 2550 1457 2590 suo.
1485 2554 1504 2588 ι
1539 2535 1660 2590 Hatc
1702 2546 1981 2606 postquam
2012 2539 2238 2606 dixerat,

701 2620 963 2676 subinlert
1007 2624 1184 2678 statim
1216 2622 1305 2695 [Β.
1331 2623 1512 2694 XCIII]
1541 2645 1554 2680 :
1585 2645 1605 2677 ι
1633 2627 1949 2683 Concessam
1990 2631 2062 2684 illi
2093 2642 2241 2701 pote-

707 2726 726 2758 ι
771 2718 985 2776 statem,
1027 2711 1250 2782 gloriam
1281 2714 1524 2771 Asterius
1549 2720 1878 2787 nominavit;
1926 2736 2024 2778 nec
2045 2724 2239 2778 solum-

705 2816 724 2849 ι
764 2800 920 2855 modo
956 2801 1198 2870 gloriam,
1252 2807 1347 2860 sed
1397 2818 1451 2861 et
1491 2811 1936 2867 antemundanam
1967 2815 2234 2885 gloriam:

703 2907 722 2940 ι
774 2905 875 2944 non
906 2892 1354 2963 animadvertens,
1380 2907 1502 2952 ante
1521 2902 1770 2955 mundum
1788 2903 2080 2970 conditum,
2109 2921 2240 2974 pra:-

703 2995 722 3031 ι
770 2986 851 3034 ter
878 2994 1040 3035 unum
1071 2983 1240 3038 solum
1271 2984 1436 3040 Deum
1472 2989 1744 3044 exstitisse
1779 2993 1997 3048 omnino
2025 2996 2177 3071 nihil.
2214 3016 2234 3049 ι

2337 1909 2430 1963 καὶ
2468 1909 2558 1962 τὸν
2611 1909 2738 1964 Υίὸν
2785 1909 2851 1963 δι’
2905 1911 3080 1965 αὐτῶν
3128 1908 3603 1981 ἀπαρακαλύπτως
3658 1907 3894 1978 ἀρνησό-

2339 2015 2532 2069 μενος,
2564 1999 2650 2051 ἵνα
2696 2000 2842 2069 ἡμᾶς
2872 1999 3110 2071 ἀκριϐῶς
3157 2000 3352 2071 πείσῃ,
3407 2000 3582 2052 ὁποῖον
3620 1993 3758 2050 εἶναι
3805 1997 3892 2048 τὸν

2337 2087 2505 2156 Λόγον
2535 2088 2628 2152 τοῦ
2663 2089 2796 2142 Θεοῦ
2845 2091 3076 2160 ἐφρόνει,
3117 2089 3440 2160 σαφέστερον
3496 2088 3748 2158 ἐμφαίνει
3797 2087 3890 2155 τὴν

2334 2179 2587 2243 διάνοιαν,
2625 2178 2703 2249 τῷ
2737 2181 2987 2251 ἡμετέρῳ
3042 2181 3183 2250 λόγῳ
3234 2179 3547 2242 ἀπεικάζων
3586 2178 3751 2231 αὐτὸν
3777 2218 3792 2240 ,
3825 2176 3888 2229 δι’

2336 2260 2410 2322 ὧν
2471 2269 2639 2324 ταῦτα
2704 2271 2939 2341 γράφειο
3017 2289 3036 2322 ι
3080 2271 3289 2340 ’Ὠσπερ
3353 2271 3461 2342 γάρ
3515 2269 3582 2323 τά
3635 2269 3892 2336 γεγονότα

2345 2378 2363 2410 ι
2399 2361 2572 2415 πάντα
2625 2361 2728 2415 ὑπὸ
2776 2361 2870 2416 τοῦ
2897 2362 3108 2433 Πατρὸς
3146 2361 3234 2415 διά
3265 2361 3356 2414 τοῦ
3401 2361 3576 2429 Λόγου
3629 2360 3889 2429 σημαίνε-

2345 2468 2363 2501 ι
2400 2467 2488 2505 ται
2505 2451 2635 2520 (14).
2684 2452 2781 2505 Διά
2827 2452 2983 2506 τοῦτο
3019 2452 3125 2524 γὰρ
3168 2453 3302 2506 καὶὸ
3329 2450 3623 2520 ἀγιὼτατος
3654 2449 3890 2518 Μωῦσῆς

2345 2560 2363 2592 ι
2398 2541 2622 2611 ἄγγελον
2645 2542 2874 2597 ενταῦθα
2908 2541 3162 2612 ὀνομάζει
3183 2544 3272 2596 τὸν
3320 2545 3509 2611 Λόγον,
3535 2544 3616 2595 ὅτι
3648 2541 3714 2593 δι’
3742 2540 3890 2594 οὐδὸν

2343 2648 2362 2680 ι
2397 2629 2582 2701 ἓτερον
2633 2632 2824 2702 ἐφάνη,
2880 2632 2992 2685 ἀλλ’
3037 2633 3122 2686 ἴνα
3171 2632 3465 2705 ἀναγγείλῃ
3496 2631 3575 2702 τῷ
3618 2633 3845 2685 Μωῦσεῖ
3873 2669 3887 2694 ,

2345 2735 2364 2767 ι
2403 2717 2574 2771 ταῦτα
2595 2719 2736 2789 ἀπερ
2767 2720 3058 2775 λυσιτελεῖν
3084 2724 3192 2784 τοῖς
3217 2723 3351 2784 υίοῐς
3365 2719 3580 2791 Ἰσραὴλ
3601 2720 3886 2788 ἠπίστατο·

2343 2827 2360 2859 ι
2402 2809 2664 2877 ⁴ὴπίστατο
2723 2810 2778 2863 δὲ
2818 2809 3107 2865 λυσιτελεῖν
3159 2813 3253 2865 ἕνα
3286 2812 3416 2865 Θεὸν
3455 2807 3590 2865 εἶναι
3629 2809 3884 2880 νομίζειν.

2343 2916 2362 2949 ι
2401 2899 2490 2956 Διὸ
2549 2901 2643 2953 καὶ
2702 2902 2836 2971 πρὸς
2871 2903 3049 2965 αὑτὸν,
3095 2904 3235 2973 Ἐγώ
3276 2906 3385 2972 ειμι
3419 2905 3452 2957 d
3497 2901 3600 2967 ὢν,
3641 2901 3769 2970 ἔφη.
3806 2901 3887 2954 ἵνα

2343 3007 2361 3038 ι
2402 2989 2602 3059 μηδένα
2655 2992 2810 3055 ἐκτὸς
2845 2993 3036 3045 ἑαυτοῦ
3083 2993 3264 3063 ἕτερον
3311 2993 3442 3046 Θεὸν
3477 2989 3613 3047 εἶναι
3681 2991 3884 3065 διδάξῃ.

694 3064 817 3125 Haec
846 3067 1132 3127 Marcellus
1161 3074 1248 3128 ubi
1279 3076 1512 3140 dixerat,
1563 3089 1616 3132 et
1667 3083 1785 3136 sine
1819 3083 1927 3138 ullo
1978 3064 2233 3153 praetextu

2345 3095 2362 3126 ι
2399 3076 2566 3132 Τοῦτο
2597 3080 2794 3149 ῥᾴδιον,
2824 3077 2994 3151 οἶμαι,
3028 3084 3137 3145 τοῖς
3160 3082 3473 3154 εύφρονοῦσι
3491 3123 3507 3148 ,
3530 3085 3624 3137 καὶ
3656 3083 3768 3136 ἀπὸ
3797 3101 3885 3154 μι-

694 3171 792 3224 per
824 3158 908 3212 illa
935 3160 1125 3216 Filium
1157 3164 1531 3236 abnegaverat,
1563 3179 1620 3221 ut
1650 3171 1800 3226 nobis
1839 3173 2082 3228 redderet
2115 3191 2236 3244 per-

696 3247 1088 3319 suasissimum,
1113 3253 1394 3321 qualenam
1433 3257 1524 3310 Dei
1561 3256 1787 3313 Verbum
1830 3261 2230 3333 imaginaretur,

693 3342 926 3387 mentem
956 3350 1105 3390 suam
1142 3341 1311 3408 aperit
1343 3343 1628 3399 dilucidius
1684 3348 1856 3402 adhuc
1881 3387 1896 3413 ,
1946 3361 2000 3405 et
2049 3363 2234 3410 nostro

691 3424 853 3478 verbo
880 3427 1140 3483 assimilat
1180 3445 1274 3498 per
1300 3433 1478 3488 omnia
1501 3475 1516 3499 ,
1556 3435 1609 3490 in
1645 3437 1709 3490 iis
1741 3442 1964 3507 quaxita
2007 3444 2226 3499 scribit:

691 3512 778 3583 [Β.
815 3513 904 3568 LV
931 3516 1051 3571 coll.
1081 3534 1132 3587 p.
1165 3520 1232 3575 79
1265 3519 1323 3585 Β,
1354 3521 1452 3576 114
1491 3521 1556 3587 D,
1591 3524 1694 3578 125
1719 3525 1798 3597 Β]
1828 3546 1846 3578 ι
1874 3528 2060 3584 Omnia
2109 3533 2228 3600 qui-

693 3623 715 3655 ο
758 3605 874 3661 dem
903 3623 1021 3677 qua:
1048 3608 1186 3665 facta
1229 3623 1372 3677 sunt,
1401 3613 1767 3684 intelliguntur
1811 3634 1840 3672 a
1886 3619 2038 3676 Patre
2087 3621 2226 3677 facta

693 3713 712 3746 ι
754 3709 871 3751 esse
898 3713 994 3767 per
1032 3698 1282 3758 Verbum.
1311 3704 1570 3771 Quocirca
1599 3719 1652 3762 et
1681 3712 2048 3768 sanctissimus
2083 3712 2227 3784 Moy-

692 3802 712 3835 ι
757 3799 863 3853 ses,
893 3789 1136 3859 angelum
1166 3793 1394 3863 appellat
1418 3795 1519 3851 hoc
1549 3798 1603 3851 in
1654 3799 1772 3853 loco
1805 3798 2060 3867 Verbum,
2107 3820 2226 3870 pro-

692 3892 713 3930 ι
755 3886 936 3943 pterea
969 3883 1108 3948 quod
1131 3896 1234 3936 non
1257 3885 1325 3938 ob
1351 3884 1511 3939 aliam
1530 3901 1748 3943 causam
1780 3893 2042 3960 apparuit,
2066 3908 2221 3962 quam

692 3981 712 4020 ι
758 3974 812 4019 ut
844 3965 1008 4037 Moysi
1035 3973 1366 4029 renuntiaret
1411 3975 1498 4030 illa
1528 3992 1646 4046 qua:
1687 3983 1984 4036 conducere
2021 3983 2225 4039 sciebat

692 4073 712 4104 ι
758 4055 880 4113 ﬁliis
924 4057 1105 4116 Israel.
1156 4063 1372 4122 Sciebat
1397 4079 1576 4124 autem
1624 4071 1750 4126 illud
1796 4075 2114 4140 conducere,
2167 4088 2222 4133 ut

689 4164 709 4199 ι
755 4151 1035 4205 crederent
1078 4169 1238 4208 unum
1270 4158 1440 4212 solum
1485 4160 1646 4213 Deum
1681 4177 1818 4218 esse.
1868 4170 1925 4227 »Β
1961 4164 2220 4232 Quocirca

689 4275 698 4292 ε
750 4247 808 4293 et
845 4240 1130 4310 alloquitur
1183 4245 1351 4311 illum,
1386 4247 1511 4318 'Ego
1556 4268 1668 4304 sum
1695 4254 1783 4321 qui
1820 4271 1933 4308 sum
1958 4256 2000 4287 "
2026 4274 2038 4309 :
2069 4265 2126 4312 ut
2153 4259 2220 4315 ab

683 4347 708 4384 ι
751 4330 864 4398 ipso
891 4346 1008 4385 cum
1037 4337 1391 4402 recesserint,
1438 4340 1635 4393 nullum
1673 4356 1788 4397 esse
1837 4342 2002 4398 Deum
2056 4345 2216 4400 alium

2344 3187 2362 3218 ι
2401 3168 2533 3240 κροῦ
2563 3186 2704 3233 τινος
2731 3173 2824 3233 καὶ
2853 3173 3100 3227 ταπεινοῦ
3135 3173 3254 3226 καθ’
3284 3175 3426 3244 ἡμᾶς
3451 3173 3884 3245 παραδείγματος

2343 3277 2361 3308 ι
2395 3259 2609 3326 γνῶναι.
2632 3261 2762 3332 (45).
2798 3263 2928 3316 Οὐδὲ
2968 3263 3072 3335 γάρ
3119 3265 3208 3318 τὸν
3243 3264 3335 3318 τοῦ
3396 3265 3681 3336 ἀνθρώπου

2341 3368 2360 3399 ι
2397 3350 2618 3419 δυνάμει
2657 3352 2748 3403 καὶ
2775 3351 3060 3405 ὑποστάσει
3093 3354 3319 3424 χωρίσαι
3348 3355 3455 3408 τινὶ
3498 3355 3742 3407 δυνατόν.
3793 3355 3883 3408 Ἐν

2339 3457 2358 3488 ι
2393 3439 2500 3510 γάρ
2525 3442 2641 3493 ἑστι
2673 3442 2765 3494 καὶ
2789 3443 2981 3496 ταύτὸν
3009 3443 3088 3513 τῷ
3109 3443 3378 3516 ἀνθρώπῳ
3395 3447 3422 3497 ό
3439 3443 3611 3513 λόγος,
3637 3447 3733 3498 καὶ
3763 3445 3880 3499 οὑδ-

2337 3549 2357 3582 s
2389 3531 2467 3583 ενι
2513 3530 2874 3604 χωριζόμενος
2928 3535 3096 3606 ἑτέρῳ
3141 3537 3173 3606 ἢ
3217 3537 3349 3608 μόνῃ
3381 3540 3444 3608 τῇ
3503 3537 3600 3612 τῆς
3633 3537 3881 3608 πράξεως

2335 3643 2354 3675 s
2391 3624 2656 3696 ἐνεργείᾳ.
2687 3643 2705 3676 ι
2766 3625 2876 3677 Καὶ
2926 3624 3358 3694 ὲπιδαψιλεύεται
3396 3625 3476 3679 ἔτι
3537 3626 3735 3696 μᾶλλον
3785 3625 3878 3697 τὴν

2329 3712 2490 3766 αὐτοῦ
2514 3713 2747 3766 διάνοιαν
2784 3712 3080 3782 ἐμφαίνων,
3117 3712 3184 3765 δι’
3214 3707 3288 3767 ὧν
3330 3713 3454 3784 ἑξῆς
3503 3715 3628 3768 τάδε
3683 3715 3872 3786 φησίν·

2333 3817 2353 3849 ι
2393 3799 2467 3852 Ού
2498 3798 2605 3869 γὰρ
2628 3797 2691 3868 δὴ
2720 3799 2908 3870 ἑτέρας
2964 3799 3278 3870 ὀνομασίας,
3306 3797 3416 3855 οἷον
3450 3802 3580 3873 ὕλης
3631 3804 3664 3875 ἢ
3709 3804 3872 3873 ἄλλης

2333 3908 2353 3941 ι
2385 3891 2527 3953 τινὸς
2566 3890 2911 3962 ἀνθρωπίνης
2945 3891 3123 3962 (46),ό
3161 3893 3292 3958 Θεὸς
3337 3895 3503 3948 ἐδεῖτο
3533 3895 3668 3966 πρὸς
3712 3915 3874 3951 κατα-

2333 3999 2352 4032 ι
2391 3981 2607 4052 σκευὴν,
2639 3981 2772 4036 ἀλλά
2801 3982 2999 4053 ταύτης
3024 3983 3122 4053 τῆς
3152 3987 3210 4038 ὲν
3230 3989 3294 4056 τῇ
3329 3987 3490 4039 αὑτοῦ
3522 3987 3729 4060 διανοίᾳ
3741 3990 3873 4043 ἑτοι-

2331 4089 2350 4122 ι
2390 4070 2606 4141 μασίας.
2646 4071 2792 4126 Ἐπεὶ
2809 4067 2900 4126 οὖν
2923 4072 3178 4128 ἀδύνατον
3201 4071 3270 4147 ἦν
3293 4077 3458 4148 χωρὶς
3489 4077 3643 4146 λόγου
3667 4079 3759 4132 καὶ
3774 4079 3870 4151 τῆς

2329 4180 2348 4213 ι
2391 4162 2692 4233 προσούσης
2733 4163 2809 4234 τῷ
2863 4163 3002 4235 λόγῳ
3052 4167 3240 4234 σοφίας
3293 4169 3539 4237 ἐννοῆσαι
3589 4173 3716 4242 περὶ
3776 4173 3868 4243 τῆς

2330 4273 2348 4306 ι
2392 4254 2484 4306 τοῦ
2522 4255 2749 4326 οὐρανοῦ
2779 4258 3117 4328 κατασκευῆς
3147 4259 3238 4312 τὸν
3269 4259 3420 4323 Θεὸν,
3466 4263 3688 4326 εἰκότως
3733 4263 3863 4335 ἔφη·

2327 4361 2346 4393 ι
2387 4343 2582 4398 Eriza
2620 4342 2886 4412 ἡτοίμαζε
2915 4343 3018 4397 τὸν
3040 4345 3311 4412 οὐρανὸν,
3343 4347 3752 4416 συμπαρήμην
3769 4350 3867 4402 αύ-

683 4434 705 4470 s
751 4421 1160 4478 arbitrarentur.
1204 4423 1444 4481 Proclive
1485 4439 1571 4483 est
1612 4441 1788 4486 autem
1828 4433 1978 4490 istud
2007 4438 2217 4491 cuicun-

2337 4451 2345 4481 ι
2388 4429 2486 4496 τῷ.
2524 4450 2542 4482 ι
2573 4432 2680 4483 Καὶ
2713 4433 3056 4505 προστίθησιν
3087 4431 3237 4497 αὖθις
3262 4435 3519 4506 ὲξομοιῶν
3543 4436 3620 4506 τῷ
3662 4436 3864 4509 ἀνθρω-

684 4526 706 4561 ι
742 4523 846 4578 que
877 4515 1138 4580 prudenti,
1186 4516 1526 4586 utiarbitror,
1555 4521 1866 4592 intelligere,
1887 4525 1954 4579 ab
1972 4529 2217 4596 exemplo

2337 4523 2450 4592 τίνῳ
2501 4521 2639 4592 λόγῳ
2679 4523 2769 4577 τὸν
2818 4523 2908 4576 τοῦ
2954 4524 3108 4588 Θεοῦ,
3154 4529 3232 4588 είς
3279 4527 3339 4578 τὸ
3377 4526 3544 4590 δεῖξαι
3566 4529 3726 4580 αὐτὸν
3773 4529 3860 4581 ἀν-

685 4616 705 4652 ι
748 4603 974 4669 quodam
1008 4607 1198 4674 exiguo
1243 4616 1294 4662 et
1344 4610 1476 4665 satis
1525 4611 1707 4665 humili
1745 4615 1993 4671 humano.
2036 4617 2218 4688 Neque

2337 4613 2625 4668 ιπόστατον.
2644 4614 2847 4684 Γράφει
2873 4615 2928 4674 δὲ
2960 4615 3130 4680 οὕτως
3156 4633 3170 4646 ·
3208 4635 3228 4666 ι
3278 4617 3538 4672 Ἐνταῦθα
3596 4618 3713 4689 ἐγώ
3749 4623 3858 4688 ειμι

684 4709 703 4742 ι
748 4692 889 4745 enim
910 4695 1160 4762 possibile
1178 4706 1280 4763 est,
1296 4699 1614 4769 cuicunque,
1637 4703 1851 4759 verbum
1870 4706 2117 4772 hominis,
2135 4710 2216 4764 vel

2368 4706 2401 4756 ό
2422 4701 2524 4770 ὢν,
2573 4703 2719 4772 λέγει
2762 4705 2859 4775 μὲν
2891 4703 2968 4776 τῷ
3008 4705 3230 4768 Matios!
3258 4707 3288 4760 ὁ
3334 4708 3540 4779 Πατήρ.
3572 4710 3736 4778 Λέγει
3782 4710 3853 4774 δὲ,

682 4799 702 4830 ι
745 4785 997 4850 potentia,
1027 4786 1094 4839 ab
1126 4788 1395 4857 hypostasi
1426 4805 1695 4860 separare.
1723 4791 1891 4851 Unum
1917 4807 1999 4852 est
2019 4800 2215 4852 etenim

2371 4792 2612 4863 δηλονότι
2635 4791 2720 4846 διά
2743 4793 2837 4847 τοῦ
2863 4795 3054 4862 Λόγου.
3077 4795 3258 4849 Πάντα
3289 4795 3396 4870 γὰρ
3423 4797 3520 4850 ὅσα
3545 4797 3610 4850 ἂν
3631 4800 3660 4850 ό
3683 4797 3859 4870 Πατὴρ

681 4887 702 4923 ι
742 4880 901 4942 atque
939 4875 1076 4930 idem
1106 4891 1227 4932 cum
1257 4879 1470 4936 homine
1512 4883 1729 4937 verbum
1767 4901 1951 4956 suum;
1982 4904 2079 4945 nec
2107 4891 2213 4946 ullo

2377 4882 2529 4956 λέγῃ,
2574 4885 2745 4939 ταῦτα
2801 4887 3073 4957 πανταχοῦ
3115 4887 3201 4941 διά
3224 4888 3316 4945 τοῦ
3357 4889 3527 4957 Λόγου
3546 4889 3719 4956 λέγων
3743 4890 3859 4958 φαί-

682 4978 700 5009 s
739 4971 890 5051 pacto
916 4964 1070 5018 aliter
1089 4969 1458 5036 separandum,
1490 4987 1650 5041 quam
1682 4977 1791 5030 sola
1812 4979 1999 5045 agendi
2020 4994 2212 5047 opera-

2337 4996 2338 5023 :
2374 4992 2537 5028 νεται.
2565 4977 2732 5030 Τοῦτο
2761 4977 2817 5029 δὲ
2837 4977 2991 5047 δῆλόν
3023 4980 3249 5033 ἐστικαὶ
3270 4980 3361 5050 ἀφ’
3387 4981 3538 5051 ἡμῶν
3563 4982 3738 5034 αὐτῶν
3765 4982 3856 5037 ὅσα

681 5069 698 5108 ι
743 5050 1109 5125 ιίοηοδὶίοείε
1120 5059 1293 5114 adhuc
1315 5061 1530 5131 prodige
1547 5079 1696 5117 suam
1717 5076 1941 5123 mentem
1960 5068 2210 5131 insinuat,

2337 5085 2340 5117 ι
2380 5068 2547 5139 μικρά
2578 5069 2690 5131 τοῖς
2735 5069 2984 5139 μεγάλοις
3020 5072 3114 5125 καὶ⁵
3163 5071 3325 5136 θείοις
3383 5050 3697 5127 ἀπεικάσαι.
3753 5075 3855 5126 Καὶ

781 5216 838 5274 ᾗ
875 5210 974 5266 Ed.
1001 5211 1200 5280 Paris.,
1226 5231 1349 5286 pag.
1376 5216 1464 5271 40.
1565 5220 1612 5252 ⁸⁷
1637 5220 1806 5276 Exod.
1842 5238 1924 5291 ut,
1954 5224 2042 5280 11.

745 5348 979 5433 (“Leid
1002 5352 1105 5433 ζρῦ
1131 5353 1339 5433 Λόγου.
1355 5357 1721 5433 σημαίιςεζαι.
1745 5359 1922 5433 Deest,
1951 5365 2212 5433 γεγεννῆ-

675 5414 813 5500 nbat.
839 5414 1126 5500 Ἐνταῦθα,
1155 5414 1482 5500 referebatur
1509 5427 1575 5480 ad
1617 5428 1786 5500 locum
1816 5414 2042 5500 aliquem
2063 5414 2214 5487 iscr'i-

713 5493 1152 5564 turae,_quetrt__in
1204 5493 1286 5564 his
1329 5494 1440 5546 suis
1477 5496 1744 5564 excerptis
1784 5493 1996 5552 reticuit
2044 5500 2211 5558 Euse-

715 5554 1149 5639 ius..mM:;_—.Mo_x
1185 5554 1672 5639 vulgofuidyubj.
1698 5554 2068 5639 et‘dvawéitg.

747 5623 856 5704 (ᾧ)
894 5626 1085 5704 βιαιίιιι
1119 5623 1394 5704 legendos
1423 5623 1646 5704 γὰρ’τοῦ
1686 5623 1967 5704 ἀνθρώπου
1998 5623 2088 5692 τὸν
2127 5640 2210 5691 λό-

676 5704 770 5762 γον
792 5692 1027 5764 δυνάμει,
1059 5698 1090 5765 ἢ
1134 5692 1222 5752 καὶ
1251 5692 1536 5755 ύποστᾶσὲι
1570 5723 1617 5773 χ.
1650 5692 1974 5772 Ιιιιροέδὶὸίιθ
2001 5719 2104 5777 est,
2138 5711 2206 5771 ita

2312 5361 2530 5417 verbum
2563 5363 2630 5416 ab
2658 5361 2873 5430 homine
2900 5376 3054 5415 suum
3085 5374 3355 5430 separare.
3385 5367 3442 5413 ut
3472 5359 3734 5430 subsistat
3773 5373 3853 5430 εστ

2307 5441 2568 5500 paratum.
2599 5429 2758 5484 Μ.-
2793 5429 2920 5485 Dein
2973 5428 3386 5500 νυιεοὲπιδαψ.
3427 5430 3544 5484 sine
3567 5428 3660 5482 καί
3695 5439 3749 5483 et
3785 5428 3851 5481 δι’

2307 5499 2600 5636 ἑτῗῖἓξλη
2628 5567 2821 5635 ἄλλης
2865 5571 3021 5634 τινὸς
3063 5567 3446 5636 ἀνθρωπίνης.
3470 5567 3650 5636 Deest
3674 5567 3847 5635 aliqua

2307 5627 2409 5690 vox
2434 5627 2711 5691 fulcienda:
2732 5627 3034 5691 sententié.
3061 5637 3128 5690 id.
3153 5627 3220 5678 :-
3255 5627 3390 5691 Deiri
3401 5627 3553 5757 vulgo
3598 5636 3734 5706 πρὸς
3753 5627 3845 5710 την

2307 5723 2529 5757 κατασκ.
2557 5718 2609 5757 et
2639 5706 3010 5757 προσηκούσης
3034 5707 3109 5757 τῶ
3138 5707 3277 5757 λόγω
3302 5715 3356 5757 et
3385 5707 3482 5757 ήτο
3507 5717 3678 5757 μασεΑ

2307 5723 2529 5761 κατασκ.
2557 5718 2609 5761 et
2639 5707 3010 5782 προσηκούσης
3034 5707 3109 5778 τῷ
3138 5707 3277 5776 λόγῳ
3302 5715 3356 5762 et
3385 5707 3678 5777 ἠτοίμασεΑ
