4070 6304
186 381 305 439 793

1282 370 1565 430 CONTRA
1597 369 2024 429 ιιΑιιοΕιιιωί
2061 369 2189 425 LIB.
2230 369 2297 425 Il.

3314 363 3423 422 ’191

194 513 225 549 ε
247 495 411 566 ἡμεῖς
432 493 541 563 γὰρ
564 493 737 547 πάντα
764 490 864 545 ὅσα
884 489 950 545 ἂν
983 489 1246 561 θέλωμεν,
1262 488 1403 542 κατὰ
1428 489 1490 541 τὸ
1508 488 1746 555 δυνατὸν,

1860 489 1912 543 in
1939 486 2313 557 sequentibus,
2339 484 2618 553 inquiens:
2648 480 2741 554 [IL
2765 480 2871 537 LIII
2889 480 3013 538 eoIl.
3034 496 3088 551 p.
3108 478 3233 553 125]
3256 499 3277 533 ε
3299 479 3417 537 Non

199 602 222 634 ε
250 583 428 650 λέγειν
458 598 519 635 τε
554 582 649 634 καὶ
686 580 889 643 ποιεῖν,
930 576 1007 649 τῷ
1057 577 1310 649 ἡμετέρῳ
1337 575 1592 647 ποιοῦμεν
1642 576 1754 645 (17)

194 695 223 729 ε
253 677 412 745 λόγῳ.
437 695 457 728 ι
488 671 621 728 Εἶτα
654 672 854 744 μεταξύ
886 688 1008 725 τινα
1038 668 1207 723 είπὼν
1228 669 1485 738 ἀπιλέγειο
1519 667 1639 731 Πῶς
1665 663 1757 722 οὖν

193 785 223 819 ε
260 768 551 837 ’Λστέριος.
579 765 697 827 ταῖς
718 762 900 831 ἀγίαις
929 762 1171 833 Γραφαῖς
1185 758 1372 823 ἁπλῶς
1392 759 1487 814 καὶ
1505 757 1758 828 ιμφόδως

195 875 220 906 ε
249 854 559 908 ἀκολουθεῖν
578 852 1059 923 προσποιούμενος,
1080 851 1179 903 οὐκ
1192 849 1330 918 ιγνω
1342 849 1405 902 τὸ
1428 849 1590 919 μέρος
1602 846 1757 900 τοῦτο

194 965 219 995 ε
250 945 422 1013 λέγων
444 960 458 974 ·
485 942 688 1015 Κύριος
726 945 755 995 ό
776 942 910 1005 Θεός
938 958 1028 994 σου
1052 981 1067 1006 ,
1095 932 1247 1004 οὗτος
1277 939 1473 1011 Κύριος
1500 935 1580 1001 είς
1619 940 1753 991 ἐστι·

197 1056 220 1086 ε
249 1036 381 1097 Θεὸς
413 1037 470 1087 ιν
498 1034 576 1104 τῷ
596 1033 807 1104 οὐρανῷ
839 1032 970 1097 ἀνω,
998 1033 1093 1086 καὶ
1119 1032 1211 1086 επὶ
1234 1032 1332 1101 τῆς
1347 1031 1448 1100 γῆς
1464 1032 1631 1085 κάτω*
1664 1030 1758 1083 καὶ

194 1146 217 1176 ε
244 1126 346 1178 οὐκ
362 1124 507 1185 ἔστιν
526 1124 606 1177 ετι
633 1125 771 1195 πλὴν
786 1122 951 1177 αὑτοῦ
978 1139 993 1187 ;
1025 1122 1136 1176 Καὶ
1149 1123 1229 1175 ὅτι
1251 1116 1330 1186 εἷς
1344 1123 1482 1184 ἐστι,
1501 1121 1595 1174 καὶ⁵
1618 1119 1757 1191 πλὴν

192 1237 217 1267 ε
242 1215 406 1269 αὐτοῦ
437 1216 623 1286 ιτερος
654 1216 755 1269 οὐκ
785 1214 918 1267 ἔστι.
947 1231 967 1264 ε
1005 1214 1114 1265 Καὶ
1134 1211 1335 1286 προῖὼν
1367 1207 1520 1272 αὖθις
1553 1210 1757 1279 διῖσχυ-

185 1308 402 1381 ρίζεται
431 1308 685 1378 φάσκωνο
721 1325 740 1359 ι
772 1306 843 1360 υὺ
878 1303 1325 1375 καταχρηστικῶς
1360 1302 1514 1371 λόγος
1561 1304 1757 1371 ὀνομα-

187 1420 213 1451 ε
250 1399 424 1463 σθεὶς,
490 1398 590 1453 κᾶν
646 1397 1009 1469 διαρραγῶσιν
1056 1398 1106 1450 oi.
1164 1394 1757 1465 ἑτεροδιδασκαλοῦντες

190 1508 214 1541 ε
259 1491 621 1560 ψευδόμενοι,
667 1488 803 1542 ἀλλά
844 1488 1049 1559 κυρίως
1083 1505 1144 1541 τε
1194 1488 1288 1540 καὶ
1324 1484 1539 1554 άληθῶς
1578 1484 1754 1553 ὑπάρ-

191 1600 214 1633 ε
255 1600 364 1652 χων
394 1581 588 1649 Λόγοςο
626 1599 645 1633 ι
700 1581 793 1633 καὶ
835 1578 1156 1651 προστίθησι
1181 1594 1197 1611 υ
1230 1596 1249 1631 ι
1302 1578 1367 1630 Τί
1426 1576 1534 1646 γάρ
1569 1576 1754 1647 ἕτερον

190 1692 213 1723 ε
248 1668 319 1742 ἦν
356 1670 839 1742 ἀποκεκρυμμένον
878 1671 1172 1740 μυστήριον
1203 1668 1236 1739 ἢ
1266 1668 1404 1721 κατά
1430 1668 1523 1721 τὸν
1548 1667 1752 1734 Λόγον;

187 1782 212 1814 ε
250 1761 406 1816 Οὕτω
434 1762 490 1815 δὲ
511 1758 578 1833 ἦν
611 1760 1095 1833 ἀποκεκρυμμένον
1120 1762 1178 1813 ὲν
1204 1758 1283 1830 τῷ
1307 1758 1426 1829 Θεῷ
1453 1760 1602 1812 τουτὶ
1624 1758 1755 1829 πρό-

186 1873 209 1905 ε
248 1870 406 1924 τερον
464 1827 1047 1923 τὸτμυστήριονξῶστε
1101 1827 1303 1920 μηδένα
1346 1827 1440 1903 τοῦ
1486 1827 1751 1920 προτέρου
1785 1827 1827 1885 Β

184 1963 209 1994 ε
250 1941 381 1995 λαοῦ
414 1943 600 2013 σαφῶς
630 1943 699 1998 τὰ
722 1942 863 1996 κατά
889 1941 978 1995 τὸν
1004 1940 1175 2010 Λόγον
1200 1941 1396 1995 ειδέναι
1416 1958 1430 1972 ·
1458 1940 1572 1995 ἀλλ’
1606 1941 1753 2009 ἡμᾶς

182 2053 205 2083 ε
242 2033 337 2086 τοῦ
372 2033 598 2086 πλούτου
623 2033 723 2102 τῆς
765 2033 944 2103 δόξης,
981 2033 1073 2086 καὶ
1113 2032 1208 2086 τοῦ
1258 2032 1748 2102 ἀποκεκρυμμένου

181 2140 204 2171 ε
256 2122 554 2191 μυστηρίου
582 2121 871 2175 ἀπολαύειν
904 2122 1017 2174 νυνί
1059 2120 1189 2192 (48).
1226 2141 1245 2174 ι
1272 2123 1380 2175 Καὶ
1406 2121 1544 2192 μετά
1578 2119 1750 2173 ταῦτα

173 2217 345 2270 πάλιν
376 2216 687 2289 ἀνθρωπίνῃ
718 2217 980 2289 κέχρηται
1003 2217 1192 2280 είκόνι,
1210 2218 1395 2273 τοῦτον
1411 2218 1634 2289 γράφων
1661 2217 1751 2270 τὸν

173 2308 399 2379 τρόπον·
426 2310 550 2371 ιΤίς
576 2308 683 2381 γὰρ
706 2308 929 2379 οὕτωςῆ
956 2309 1062 2363 τῶν
1093 2310 1262 2378 ἁγίων
1298 2310 1561 2379 ἀγγέλων,
1588 2310 1619 2380 ἢ
1658 2310 1750 2362 ἀν-

178 2415 204 2449 ε
238 2397 381 2469 δρῶν
439 2399 659 2453 δικαίων
718 2399 1025 2465 ἀξιόπιστος
1075 2395 1143 2471 ἦν
1202 2400 1300 2471 τὴν
1349 2403 1413 2453 ὲκ
1458 2400 1746 2473 προσώπου

179 2507 204 2540 ε
237 2488 333 2541 τοῦ
406 2488 539 2541 Θεοῦ
607 2490 908 2561 ὁρισθεῖσαν
981 2492 1127 2561 αύτῷ
1190 2492 1458 2561 τιμωρίαν
1532 2490 1745 2551 λῦσαι;

179 2595 204 2629 ε
242 2579 291 2630 εί
321 2580 396 2649 μὴ
422 2579 581 2642 αὐτὸς
604 2581 633 2631 ό
656 2579 824 2647 Λόγος
847 2581 877 2632 ό
914 2578 1215 2651 συμπαρών
1248 2597 1307 2633 τε
1342 2580 1455 2648 (49)
1487 2579 1581 2633 καὶ⁵
1607 2597 1746 2650 συμ-

179 2688 203 2721 ε
245 2670 491 2725 πλάττων
512 2671 647 2742 πρὸς
672 2671 730 2724 ὃν
751 2672 779 2723 ὁ
810 2671 1021 2742 Πατὴρ,
1046 2671 1394 2741 Ποιήσωμεν
1412 2672 1743 2741 ἄνθρωπον,

179 2780 203 2812 ε
238 2761 365 2832 ἔφη,
404 2762 529 2815 κατ’
552 2765 758 2816 εἰκόνα
781 2763 1070 2832 ἡμετέραν
1085 2764 1181 2817 καὶ
1212 2765 1513 2832 ὁμοίωσιν,
1532 2765 1631 2817 ούκ
1662 2765 1747 2818 δν-

180 2872 201 2903 ε
240 2870 331 2916 τος
355 2853 539 2924 ἑτέρου
570 2853 704 2906 Θεοῦ
732 2854 823 2906 τοῦ
861 2855 1225 2924 συμπλάττειν
1252 2855 1398 2924 αὐτῷ
1428 2855 1741 2925 δυναμένου.

178 2962 200 2996 ε
259 2944 400 3014 Ἐγὼ
423 2944 531 3013 γάρ
551 2947 687 3013 ειμι,
704 2945 855 3014 φησὶ,
892 2944 1034 3010 Θεὸς
1071 2944 1319 3012 πρῶτος·
1346 2945 1444 2998 καί
1464 2945 1579 3015 ἐγὼ
1597 2946 1746 3015 μετὰ

177 3054 199 3086 ε
244 3035 447 3098 ταῦτα,
480 3035 579 3088 καὶ
609 3033 774 3103 πλὴν
798 3034 941 3103 ἐμοῦ
989 3033 1129 3100 Θεὸς
1172 3035 1370 3103 ἔτερος
1412 3037 1522 3089 οὐκ
1553 3036 1739 3089 ἐστιν.

178 3146 200 3178 ε
234 3126 373 3180 Οῦτε
413 3121 508 3179 οὖν
551 3123 811 3192 νεώτερός
842 3142 924 3188 τις
968 3125 1117 3190 Θεὸς,
1160 3125 1282 3179 οὔτε
1315 3127 1461 3179 ἐστὶν
1487 3126 1644 3189 ἄλλος
1661 3143 1744 3189 τις

176 3235 199 3269 ε
242 3217 379 3288 μετά
422 3216 594 3271 ταῦτα
634 3216 767 3277 Θεὸς
798 3214 893 3279 ὢν,
934 3215 1051 3285 Θεῷ
1087 3219 1366 3285 συνεργεῖν
1395 3217 1615 3280 δυνατὸς
1652 3212 1739 3287 ἦν.

176 3330 198 3361 ε
248 3310 389 3365 Ἀλλ’
422 3311 589 3375 εἴτις,
623 3308 802 3380 μικρῷ
834 3309 1058 3362 τινικαὶ
1088 3290 1410 3380 ἀνθρωπίνῳ
1447 3310 1569 3362 καθ’
1596 3310 1744 3381 ἡμᾶς

176 3420 198 3453 ε
233 3401 633 3473 παραδείγματι
661 3400 956 3471 χρώμενος,
990 3400 1064 3463 ὠς
1101 3400 1186 3453 διὰ
1209 3401 1432 3464 είκόνος,
1463 3401 1562 3471 τὴν
1595 3400 1745 3454 θείαν

177 3511 199 3545 ε
224 3490 467 3557 ἐξετάζοι
498 3492 713 3562 πρᾶξιν,
742 3490 928 3563 ὥσπερ
961 3491 1025 3545 ἄν
1054 3508 1137 3554 τις
1165 3491 1597 3562 ἀνδριαντοποιὸς
1626 3492 1745 3545 ἐπι-

175 3603 198 3633 ε
239 3585 461 3655 στήμων
496 3584 654 3655 ἀνὴρ,
685 3584 973 3655 ἀνδριάντα
1003 3583 1197 3637 πλάσαι
1226 3582 1561 3654 βουλόμενος,
1590 3583 1745 3655 πρῶ-

178 3694 197 3726 ε
231 3691 324 3728 τον
350 3675 449 3745 μὲν
478 3675 601 3739 τοὺς
625 3675 823 3738 τύπους
848 3673 1010 3728 αὐτοῦ
1044 3675 1139 3728 καὶ
1162 3676 1514 3745 χαρακτῆρας
1536 3676 1592 3727 ὲν
1612 3676 1746 3728 ’έαυ-

178 3784 198 3816 ε
228 3765 306 3837 τῷ
344 3769 552 3819 σκοπεῖ·
596 3765 784 3819 ἔπειτα
812 3765 1011 3829 πλάτος
1050 3782 1109 3817 τε
1142 3766 1237 3819 καὶ
1266 3766 1458 3836 μῆκος,
1486 3766 1607 3819 ὅσον
1657 3764 1747 3819 εύ-

177 3874 197 3904 ε
240 3856 469 3926 πρεπὲς,
516 3856 703 3919 έννοεῖ,
750 3855 1040 3922 ἀναλογίαν
1065 3870 1126 3906 τε
1175 3854 1268 3907 τοῦ
1316 3854 1536 3917 παντὸς,
1575 3856 1633 3906 ὲν
1667 3854 1746 3923 τῷ

174 3964 194 3998 ε
234 3948 353 4001 καθ’
382 3947 609 4000 ἕκαστον
643 3946 885 4013 ἐξετάζει
919 3947 1097 4017 μέρει,
1134 3944 1335 4016 χαλκοῦ
1361 3962 1420 3998 τε
1453 3947 1551 4017 τὴν
1575 3946 1745 4017 πρόσ-

176 4058 195 4090 ε
236 4055 400 4110 φορον
424 4039 716 4109 ἑτοιμάσας
743 4038 895 4110 ὕλην,
930 4039 1134 4091 καὶτὸν
1162 4039 1414 4108 ἐσόμενον
1453 4038 1744 4109 ἀνδριάντα

177 4149 197 4182 ε
238 4134 305 4202 τῇ
350 4130 545 4183 ἑαυτοῦ
604 4131 967 4202 προτυπώσας
1014 4129 1240 4200 διανοίᾳ,
1270 4131 1361 4182 καί
1381 4130 1584 4199 νοητῶς
1614 4130 1745 4200 ὁρᾷν

176 4238 198 4272 ε
231 4220 479 4289 νομίσας,
529 4220 779 4282 συνειδώς
826 4237 886 4273 τε
936 4219 1114 4289 ἑαυτῷ
1149 4222 1425 4290 συνεργεῖν
1450 4220 1539 4273 τὸν
1570 4219 1744 4287 λόγον,

176 4330 197 4361 ε
241 4304 286 4379 ᾧ
312 4310 601 4380 λογίζεται,
629 4312 720 4365 καὶ
747 4304 792 4379 ᾧ
828 4311 1003 4364 πάντα
1044 4312 1303 4383 πράττειν
1346 4311 1551 4375 εἴωθεν,
1575 4312 1746 4382 (οὐδὲν

176 4422 198 4455 ε
230 4402 340 4472 γὰρ
386 4401 459 4471 μὴ
500 4402 641 4472 λόγῳ
693 4401 1008 4472 γιγνόμενον
1054 4402 1259 4472 καλόν)
1316 4402 1617 4473 ἀρχόμενος
1648 4402 1747 4473 τῆς

1865 598 1885 631 ε
1922 588 2073 635 certe
2097 576 2538 650 indigebatDeus,
2557 575 2915 646 appellatione
2938 574 3064 638 alia,
3084 586 3134 629 ul
3143 586 3271 645 puta
3304 590 3419 629 ma-

1863 690 1881 723 (
1921 671 2103 735 terim,
2137 681 2228 724 aut
2266 670 2343 724 rei
2376 669 2625 723 humanm
2680 669 3091 739 cujuscunque:
3126 669 3221 721 sed
3273 666 3419 722 illius

1863 782 1883 815 ε
1918 762 2084 818 solius
2122 771 2431 831 apparatus,
2468 759 2560 832 qui
2600 762 2653 814 in
2696 758 2813 826 ejus
2867 767 3044 814 mente
3082 760 3415 814 versabatur.

1862 871 1882 903 ε
1920 850 2362 920 Quandoquidem
2381 865 2509 920 ergo
2534 848 2863 918 impossibile
2879 847 3071 913 fuerat,
3088 850 3205 901 sine
3225 848 3415 913 verbo,

1863 963 1881 995 ε
1917 952 1974 998 et
2026 943 2192 999 verbo
2240 944 2595 999 conveniente
2632 941 2947 1011 prudentia,
2979 940 3142 994 Deum
3176 924 3419 1009 cngitaré

1861 1054 1880 1087 ε
1920 1038 2103 1092 mundi
2144 1036 2361 1092 aﬂuisse
2396 1034 2713 1099 conditum,
2750 1047 2853 1088 non
2901 1032 3169 1087 immerito
3192 1033 3365 1100 inquit
3397 1049 3413 1087 :

1862 1150 1882 1184 ε
1916 1130 2049 1186 Cum
2060 1144 2379 1199 irrepat-ares
2395 1128 2600 1193 calum,
2616 1142 2722 1180 una
2743 1126 2954 1178 aderam
2976 1136 3144 1178 tecum
3159 1123 3226 1176 “.
3240 1141 3259 1173 ι
3270 1122 3419 1191 Adji-

1855 1224 1931 1278 cit
1957 1224 2133 1278 denuo
2160 1237 2191 1278 e
2220 1220 2573 1277 similitudine
2597 1217 2817 1273 humani
2850 1214 3025 1279 verbi,
3075 1224 3132 1269 et
3179 1212 3416 1268 Verbum

1855 1315 1948 1370 Dei
1987 1328 2138 1377 esse,
2173 1321 2232 1368 ut
2276 1312 2589 1369 ostenderet
2639 1310 2775 1365 illud
2825 1307 3050 1362 minime
3098 1306 3417 1360 subsistere.

1855 1405 2058 1461 Scribit
2091 1406 2259 1469 enim,
2301 1420 2320 1454 ι
2350 1401 2465 1469 Hoc
2493 1402 2546 1456 in
2581 1400 2719 1467 loco,
2754 1400 2852 1465 ait,
2882 1397 2996 1467 Ego
3022 1414 3137 1450 sum
3157 1397 3247 1466 qui
3274 1412 3415 1456 sum,

1860 1515 1879 1549 ι
1924 1497 1989 1551 ad
2018 1495 2237 1566 Moysen
2272 1493 2508 1565 loquitur
2546 1492 2724 1547 Pater.
2756 1511 2777 1543 ι
2816 1491 2920 1563 [Β.
2947 1488 3056 1546 LVI
3086 1489 3209 1544 coll.
3232 1504 3285 1559 p.
3316 1490 3421 1543 114

1861 1604 1881 1638 ‹
1920 1586 1983 1652 Ι),
2030 1585 2131 1639 118
2180 1583 2579 1655 B.]l.oquitur
2610 1590 2789 1635 autem
2833 1581 2973 1649 quod
3025 1588 3272 1640 constat,
3321 1591 3421 1646 per

1860 1698 1878 1728 ί
1912 1676 2144 1732 Verbum
2166 1690 2343 1730 suum.
2368 1672 2710 1742 Quaecunque
2742 1671 2938 1725 etenim
2962 1669 3201 1739 loquitur
3229 1668 3415 1735 Pater,

1861 1791 1879 1823 ι
1920 1772 2032 1830 haec
2048 1770 2245 1839 ubique
2264 1782 2358 1837 per
2378 1766 2613 1821 Verbum
2647 1779 2800 1819 suum
2824 1764 3027 1818 locutus
3050 1761 3279 1816 videtur.
3304 1761 3421 1816 Hoc

1863 1883 1880 1915 ε
1920 1872 2162 1934 apparet,
2200 1862 2243 1915 si
2272 1874 2434 1928 parva
2467 1859 2589 1914 licet
2619 1858 2829 1926 magnis
2850 1870 3177 1923 componere
3202 1865 3257 1909 et
3282 1854 3423 1908 divi-

1858 1977 1877 2009 ε
1916 1955 2023 2020 nis,
2054 1971 2082 2009 a
2108 1953 2524 2021 nobismetipsis.
2546 1949 2652 2005 Nos
2686 1949 2882 2004 etenim
2911 1947 3089 2002 omnia
3111 1986 3127 2011 ,
3155 1960 3421 2015 quascun-

1857 2068 1875 2099 ε
1913 2062 2016 2116 que
2034 2047 2295 2105 volumus.
2325 2052 2586 2113 quantum
2610 2040 2800 2096 saltem
2822 2040 2875 2093 in
2914 2038 3071 2093 nobis
3107 2046 3211 2101 est,
3239 2036 3421 2092 facere

1856 2158 1874 2190 ε
1907 2147 1963 2193 et
2008 2138 2209 2199 dicere,
2238 2149 2332 2206 per
2362 2144 2608 2190 nostrum
2636 2132 2856 2186 verbum
2899 2143 3303 2199 procuramusa
3324 2126 3415 2199 [Β.

1850 2226 2054 2283 LXVIII
2087 2227 2211 2282 coll.
2250 2242 2303 2297 p.
2330 2225 2433 2279 I32
2465 2223 2555 2297 C.]
2587 2222 2687 2280 Ubi
2713 2222 2965 2277 nonnulla
3011 2223 3418 2285 interseruerat,

1848 2320 2147 2376 subnectit:
2172 2336 2191 2370 ι
2214 2318 2443 2385 Quinam
2460 2317 2625 2388 igitur
2639 2315 2904 2378 Asterius,
2919 2327 3040 2367 cum
3058 2328 3166 2383 prae
3179 2326 3237 2366 se
3253 2310 3422 2367 ferret

1853 2431 1873 2463 ε
1919 2412 2255 2482 simpliciter,
2282 2420 2479 2467 etcum
2504 2409 2700 2463 timore
2739 2410 2968 2475 quodam
2998 2405 3148 2474 sequi
3175 2404 3420 2472 Scriptu-

1853 2525 1871 2556 ε
1919 2519 2101 2559 rarum
2134 2509 2371 2567 ductum,
2418 2500 2562 2555 illam
2604 2514 2790 2554 earum
2821 2506 3030 2567 partem
3074 2507 3250 2550 tamen
3310 2510 3415 2550 non

1853 2614 1871 2647 ε
1920 2593 2272 2664 intelligebat,
2308 2594 2567 2647 Dominus
2597 2589 2738 2644 Deus
2767 2599 2921 2652 tuus,
2954 2588 3057 2641 iste
3103 2586 3244 2640 Deus
3280 2600 3418 2638 unus

1852 2708 1870 2739 ε
1918 2696 2019 2741 est.
2059 2687 2234 2751 Deus,
2292 2684 2346 2738 in
2399 2682 2555 2739 C(BIIS
2604 2696 2843 2747 sursum,
2894 2688 2947 2733 et
3000 2692 3161 2749 super
3214 2688 3415 2731 terrai-

1852 2797 1870 2829 ι
1918 2780 2208 2843 deorsum,
2259 2789 2358 2830 nec
2415 2774 2555 2829 alius
2616 2773 2791 2827 adhuc
2845 2760 2931 2828 est
2984 2780 3183 2840 praeter
3227 2767 3419 2822 illum?

1850 2889 1869 2920 ε
1912 2870 2062 2925 Unus
2090 2880 2193 2935 est,
2220 2869 2413 2938 inquit,
2448 2877 2503 2922 et
2526 2878 2725 2937 praeter
2746 2866 2895 2921 ilium
2927 2879 3031 2917 non
3075 2871 3157 2917 est
3189 2860 3346 2915 alius.
3388 2880 3408 2914 ι

1843 2957 2075 3027 Pergens
2115 2957 2367 3024 deinceps
2404 2955 2679 3011 contendit
2722 2952 3121 3013 vehementius,
3150 2968 3164 3005 :
3199 2949 3289 3021 [Β.
3321 2949 3416 3003 XL

1842 3047 1967 3102 coll.
2020 3061 2076 3115 p.
2108 3046 2211 3102 116
2240 3045 2323 3118 C]
2364 3064 2383 3097 ι
2420 3044 2535 3099 Non
2582 3052 2699 3098 erat
2731 3042 2955 3098 verbum
2982 3083 2997 3106 ,
3036 3043 3214 3101 dictus
3269 3050 3419 3095 cata-

1770 3159 1813 3216 c
1851 3156 1868 3188 ε
1916 3138 2218 3203 chrestice,
2263 3144 2583 3205 rumpantur
2625 3134 2752 3188 licet
2800 3133 2873 3187 illi
2924 3132 3275 3197 mentiendo,
3323 3133 3413 3200 qui

1850 3241 1870 3274 ε
1918 3223 2250 3278 contrarium
2306 3232 2549 3286 tuentur,
2602 3223 2693 3276 sed
2733 3222 2951 3292 proprie
2997 3231 3050 3275 et
3099 3221 3415 3289 simpliciter

1850 3333 1870 3366 ε
1918 3325 2036 3369 erat
2075 3313 2335 3369 Verbum.
2362 3334 2381 3367 ι
2438 3313 2694 3383 Adiungit
2728 3331 2741 3366 :
2777 3313 2873 3384 [Β.
2911 3312 3048 3367 XLV
3090 3329 3145 3382 p.
3199 3314 3302 3367 144
3352 3312 3415 3383 Il]

1850 3425 1867 3457 ε
1914 3405 2051 3473 Quid
2104 3420 2233 3460 vero
2282 3414 2402 3459 erat
2441 3404 2583 3457 aliud
2612 3403 2926 3476 mysterium
2971 3402 3098 3456 illud
3128 3403 3415 3456 abscondi—

1851 3516 1870 3549 ι
1918 3506 2051 3563 tum,
2086 3511 2246 3565 quam
2276 3495 2573 3550 secundum
2616 3494 2849 3550 Verbum
2883 3494 3017 3548 Dei?
3062 3494 3189 3547 Erat
3234 3504 3414 3546 autent

1851 3609 1869 3641 ε
1919 3588 2069 3655 illud,
2095 3589 2168 3643 ita
2195 3588 2323 3642 olim
2360 3589 2412 3641 in
2452 3587 2561 3643 Deo
2592 3587 2967 3642 absconditum
2996 3587 3179 3655 prius.
3214 3596 3267 3639 ut
3295 3587 3415 3639 nul-

1852 3699 1869 3731 ι
1920 3680 2001 3734 lus
2029 3679 2185 3750 plane
2213 3679 2350 3747 apud
2393 3677 2648 3749 pepulum
2689 3678 2925 3746 priorem
2948 3715 2963 3741 ,
3009 3679 3287 3745 perspicue
3321 3676 3409 3730 illa

1852 3790 1869 3821 ε
1917 3779 2162 3825 cerneret
2190 3784 2310 3838 qua:
2340 3769 2406 3822 ad
2454 3766 2689 3822 Verbum
2722 3766 3087 3836 pertinebant.
3141 3764 3249 3819 Nos
3282 3780 3411 3820 vero

1852 3880 1870 3913 ε
1918 3861 1971 3915 in
2028 3861 2281 3930 praesenti
2347 3860 2578 3913 fruimur
2636 3858 2840 3912 divitiis
2893 3857 3075 3923 gloria:
3132 3857 3297 3926 ipsius
3356 3868 3414 3911 et

1852 3973 1870 4006 ε
1918 3953 2155 4024 mysterii
2186 3952 2428 4006 revelati.
2456 3969 2474 4002 ι
2525 3948 2769 4003 Humana
2809 3948 3021 4003 demum
3059 3947 3227 4000 utitur
3259 3947 3413 4001 simi-

1858 4046 2083 4100 litudine
2136 4043 2201 4096 ad
2258 4043 2401 4097 hunc
2465 4042 2684 4097 modum
2744 4040 2991 4093 scribens
3038 4054 3049 4087 :
3116 4038 3137 4111 [
3190 4037 3256 4092 R.
3318 4037 3409 4093 LII

1846 4136 1969 4192 coll.
2014 4152 2067 4204 p.
2125 4130 2275 4204 I25]
2341 4149 2358 4182 ι
2386 4130 2516 4197 Quis
2558 4144 2685 4183 vero
2728 4128 2827 4182 fuit
2886 4129 3021 4182 adeo
3083 4129 3275 4198 dignus
3323 4129 3407 4182 vel

1854 4244 1870 4276 ε
1923 4226 2063 4279 inter
2097 4222 2343 4277 homines
2372 4221 2547 4290 justos
2585 4219 2669 4273 vel
2710 4229 2931 4273 sanctos
2974 4219 3135 4272 etiam
3160 4217 3407 4286 angelos,

1854 4334 1871 4366 ε
1918 4329 2132 4385 ρωιιοπι
2197 4328 2227 4366 a
2288 4312 2397 4367 Deo
2448 4312 2501 4365 in
2570 4310 2691 4365 illos
2766 4309 3091 4364 destinatam
3153 4309 3409 4363 amoliri?

1853 4426 1871 4458 ι
1916 4414 1973 4471 >14
2010 4406 2243 4460 Verbum
2278 4404 2450 4458 solum
2503 4402 2591 4471 qui
2641 4417 2747 4455 una
2800 4402 2989 4456 aderat
3024 4416 3147 4454 cum
3181 4399 3311 4465 Deo,
3353 4410 3412 4455 et

175 4511 195 4543 ε
244 4491 507 4562 αἰσθητῆς
540 4492 740 4562 ταύτης
792 4491 1073 4563 ἐργασίας,
1111 4493 1247 4564 πρὸς
1293 4493 1475 4558 αὑτὸν,
1500 4493 1576 4556 ὡς
1608 4493 1744 4563 πρὸς

1852 4518 1870 4549 ε
1906 4513 2009 4552 una
2034 4512 2153 4548 cum
2183 4495 2271 4549 illo
2296 4493 2560 4562 eﬂigiarat
2590 4492 2858 4547 hominem
2886 4510 2901 4544 :
2934 4494 3007 4556 ad
3032 4507 3192 4561 quem
3242 4492 3409 4546 dice-

174 4603 193 4631 ε
226 4582 433 4653 ἓτερον,
453 4582 879 4653 παρακελεύεται
904 4583 1091 4651 λέγων’
1115 4585 1246 4653 ’Δγε
1270 4585 1582 4656 ποιήσωμεν
1604 4584 1737 4655 (50)·

174 4694 194 4724 ε
234 4674 335 4741 ἄγε
368 4672 659 4744 πλάσωμεν
684 4673 991 4743 ἀνδριάντα’
1020 4674 1191 4739 οὕτως
1215 4677 1244 4728 ό
1264 4675 1371 4730 τῶν
1393 4675 1528 4728 ὅλων
1544 4675 1736 4728 δεσπό-

174 4783 195 4819 ι
234 4778 334 4832 της
375 4762 525 4827 Θεὸς,
569 4763 660 4816 τὸν
714 4763 955 4834 ἔμψυχον
991 4766 1054 4817 ὲκ
1085 4767 1188 4835 γῆς
1217 4766 1505 4837 ἀνδριάντα
1546 4765 1733 4831 ποιῶν,

1851 4606 1870 4639 ι
1909 4588 2003 4643 bat
2032 4585 2212 4647 Pater,
2244 4582 2529 4636 Faciamus
2554 4583 2837 4646 hominem,
2858 4580 2925 4633 ad
2953 4582 3230 4650 imaginem
3261 4592 3306 4633 et
3328 4581 3407 4634 si-

1850 4695 1867 4725 ε
1901 4674 2245 4728 militudinem
2268 4681 2499 4724 nostram
2525 4669 2591 4735 ”,
2626 4684 2748 4723 cum
2790 4685 2893 4723 non
2924 4679 3165 4724 exstaret
3209 4670 3405 4740 aliquis

1848 4783 1866 4814 ε
1906 4763 2040 4817 alius
2064 4762 2221 4827 Deus,
2250 4760 2338 4831 qui
2364 4774 2484 4813 cum
2524 4758 2613 4813 illo
2648 4775 2752 4814 una
2788 4758 3025 4828 eﬂigiare
3046 4770 3245 4829 posset.
3286 4758 3401 4829 Ego

244 4884 304 4942 »Β
331 4876 427 4932 Ed.
462 4876 658 4944 Paris.,
697 4892 821 4947 pag.
848 4878 938 4932 41.
1012 4879 1057 4911 "
1086 4879 1239 4935 Prov.
1278 4895 1393 4962 viti,
1419 4880 1508 4935 27.
1585 4881 1629 4913 ’⁸
1651 4880 1783 4938 Gen.
1821 4896 1859 4947 ι,
1882 4878 1972 4934 26.

246 5058 361 5183 8‘7)
409 5059 696 5130 Ἠμετέρφ
721 5062 1025 5143 ποιοῦμεν-ε
1049 5062 1164 5117 Non
1187 5073 1267 5119 est
1284 5063 1437 5132 plena
1470 5064 1722 5130 redditio,

281 5145 333 5183 e.
363 5131 456 5183 καὶ
492 5130 739 5183 λέγομεν.
766 5130 908 5183 Μμν-
934 5135 1065 5183 Dem
1088 5134 1242 5183 vulso
1269 5150 1388 5183 τινα
1408 5133 1581 5183 λέγων
1602 5136 1722 5183 ἐπι-

169 5129 333 5194 adde,
363 5131 456 5183 καὶ
479 5129 551 5183 λέ
590 5147 739 5200 ομεν.
766 5129 908 5185 Μ.-νὲ
934 5133 1065 5186 Dein
1088 5134 1171 5185 vui
1212 5150 1242 5185 0
1269 5129 1388 5186 τινα
1408 5133 1581 5201 λέγων
1602 5136 1723 5187 ἐπι-

171 5198 330 5257 φέρει
355 5208 409 5253 et
444 5148 656 5257 d506ng
696 5217 825 5257 mss.
848 5202 967 5257 loco
998 5202 1128 5257 ἐμω.
1171 5150 1285 5257 θοι
1321 5204 1478 5257 vulso
1504 5203 1723 5257 διιρόα-

171 5200 330 5320 φέρει
355 5208 409 5253 et
444 5200 656 5267 ἀφόϐως
696 5217 825 5257 mss.
848 5202 967 5257 loco
998 5202 1128 5272 ὲμφ.
1171 5200 1285 5258 ﬂor
1321 5204 1478 5272 vulgo
1504 5203 1726 5275 διαρρα-

171 5284 240 5320 γο
266 5284 325 5320 εν
356 5279 410 5320 et
433 5269 573 5320 κατά
599 5270 789 5320 Λόγον.

170 5269 325 5337 γοῖεν
356 5279 410 5322 et
433 5269 573 5323 κατά
599 5270 789 5333 Λόγον.

243 5336 357 5460 (£82
406 5338 749 5393 Ἀπολαύειν
803 5342 960 5394 νυνί.
1008 5340 1123 5395 Non
1177 5341 1382 5410 inepte.
1429 5340 1726 5395 ἀπολαύον-

243 5422 295 5460 ς.
357 5405 455 5460 [me
493 5411 672 5460 omnia
716 5411 780 5460 ad
829 5425 1078 5460 nauseam
1125 5425 1291 5460 usane
1322 5420 1632 5460 renetuntur
1675 5414 1725 5460 in

172 5422 295 5471 τας.
333 5405 455 5480 Ilaec
493 5411 672 5480 omnia
716 5411 783 5480 ad
829 5425 1078 5480 nauseam
1125 5405 1291 5478 usque
1322 5420 1632 5480 repetuntur
1675 5414 1726 5464 in

173 5477 526 5551 seqttentilms
542 5476 712 5551 libris.
741 5478 807 5551 bl:
833 5508 899 5551 -_—
930 5479 1056 5551 Dein
1086 5476 1245 5551 vuigo
1282 5483 1347 5551 τῇ
1368 5476 1520 5551 κεχρ.
1560 5481 1727 5534 είκόνι

173 5556 230 5601 et
256 5544 364 5619 τῷν
633 5557 687 5600 et
716 5548 808 5601 τοῦ
836 5548 970 5601 Θεοῦ
1002 5544 1347 5619 προσιῶτουῘ
1705 5590 1718 5600 .

188 5613 355 5738 .1349)
391 5611 563 5712 Vulgo
602 5632 661 5668 τε
708 5633 839 5682 om.,
880 5619 1001 5673 dein
1047 5611 1211 5689 'vulgo
1263 5619 1355 5671 καὶ
1394 5618 1513 5672 καθ’
1542 5622 1631 5689 όμ.
1675 5629 1729 5675 et

188 5698 209 5738 π
274 5700 322 5738 ρ.
349 5702 389 5737 π
413 5701 516 5737 ιειν
550 5685 598 5738 8.

246 5700 527 5825 ﬁbrae;
549 5700 919 5827 ιῗτιοιήονωμεν.
952 5755 1064 5817 lioc
1100 5773 1206 5815 non
1242 5759 1430 5827 probat
1478 5759 1723 5825 Basilius,

1828 5413 2015 5485 δημα,
2040 5413 2151 5465 ἀλλ’
2189 5413 2309 5479 οὐχὶ
2342 5413 2517 5478 σιωπῇ
2554 5413 2651 5478 τὴν
2685 5413 3074 5458 ὲπιὸάλλουσαν
3117 5413 3393 5473 ενεργειαν

1828 5483 2052 5548 ἑκτελεῖ;
2103 5480 2227 5533 Haec
2275 5480 2434 5532 latius
2486 5478 2689 5531 ibidem
2752 5485 2945 5548 contra
3005 5472 3240 5548 .Iudzeos.
3292 5473 3393 5536 Qui

1826 5542 2251 5621 quod~sequitur
2281 5550 2347 5603 de
2379 5548 2613 5621 animata
2654 5555 2825 5621 statua
2862 5542 3134 5621 hominis,
3182 5542 3263 5593 sic
3297 5556 3391 5594 ex-

1831 5064 2016 5137 Iiomil.
2047 5064 2081 5119 9
2110 5064 2164 5137 in
2195 5060 2551 5137 Hexameron,
2577 5058 2678 5137 Ἰξίς
2704 5058 2811 5137 γὰρ
2845 5056 3077 5137 χαλκεὺς
3103 5054 3135 5125 ἢ
3170 5054 3397 5137 τέκτων,

1830 5136 2099 5207 inquiens,
2133 5133 2164 5203 ἢ
2198 5130 2555 5207 σκυτοτόμος,
2588 5124 3134 5207 -ὲᾏπὶιήτῶνςόαργάνων
3163 5124 3271 5203 τῆς»
3311 5126 3400 5178 τέ-

1830 5196 1961 5274 χνὴς
1995 5196 2164 5274 μόνος
2188 5196 2759 5274 καθήμεναι-οὐδενὸς
2798 5196 2944 5274 αὺτῴ
2994 5196 3396 5274 συνεργοῦντος)

1831 5224 1840 5233 “
1866 5224 1961 5274 νης
1995 5224 2152 5273 pavo;
2188 5224 2509 5271 κασημενυς,
2548 5224 2757 5260 ηυοενυς
2798 5224 2944 5266 clung:
2994 5224 3394 5265 υυνιργυυνιυεη

1831 5224 1978 5342 λέγει
2029 5272 2190 5333 αὐτὸς
2240 5267 2435 5342 ἐαυτῷ,
2494 5269 2813 5342 Ποιήσωμεν
2858 5267 2966 5342 τὴν.
3015 5264 3315 5342 μάχαιραν,
3352 5265 3394 5342 ,ἢ

1833 5332 2199 5414 συμπήξωμεν
2226 5340 2294 5414 τὸ.
2332 5332 2636 5414 ἄροτρον,ᾳῆ
2684 5332 3133 5414 ἀπεργασώμεθα.
3167 5332 3227 5414 τὸ
3264 5332 3395 5385 ύπόὲ

2076 5360 2199 5463 ἴμεν
2226 5360 2288 5426 το
2332 5360 2577 5409 αρστρον,
2604 5360 2636 5407 η
2684 5360 3123 5457 απεὲγασωμιυα
3167 5360 3227 5385 τυ
3264 5360 3395 5385 ww-

2189 5410 2309 5479 ουχὶ
2342 5410 2517 5478 σιωπῇ
2548 5408 2651 5479 τὴν
2685 5408 2773 5458 ὲπι
2813 5402 3395 5479 άλλουσανένέργειαν

1867 5622 2057 5675 ressit:
2086 5612 2366 5689 δΕμψυχος
2392 5615 2639 5689 εἰκὼν-ὲν
2671 5614 2810 5685 μέσῃ
2825 5616 2891 5684 τῇ
2909 5612 3081 5689 κτίσει
3106 5612 3384 5689 ὲκτορνευς

1859 5689 2104 5754 είς.Μ.-
2123 5678 2315 5743 δὶιιίίιῖι
2340 5678 2497 5754 νιιιεο
2526 5678 2949 5755 πλάσσωμὲνζόι
2976 5681 3115 5736 infra
3142 5678 3386 5733 λευκοτέκ

1831 5777 1928 5825 ραν
1952 5770 2009 5819 et
2035 5761 2064 5813 ό
2094 5759 2223 5821 Θεὸς
2252 5772 2513 5820 παντοκρ.
