4070 6304
673 314 780 369 ’795

1400 311 1661 369 EUSEBII
1699 308 2164 369 CESARIENSIS
2197 309 2348 366 OPP.
2388 310 2563 366 PARS
2602 312 2686 367 IV.
2728 343 2801 354 —
2835 311 3246 369 DOGIIATICA.

3777 311 3873 368 796

683 447 702 478 ε
737 429 893 492 sitim,
921 426 1111 494 inquit.
1139 425 1278 482 Deus
1308 442 1422 482 sunt
1443 429 1640 494 primus
1664 447 1677 482 :
1705 426 1815 494 Ego
1849 427 1987 480 Deus
2019 435 2216 490 postre-

2330 443 2344 474 ι
2377 425 2476 476 οὐκ
2493 425 2638 495 ἄλλῳ
2654 426 2760 478 τινὶ
2781 425 2914 479 άλλά
2944 424 3021 495 τῷ
3041 423 3237 478 ἑαυτοῦ
3268 425 3422 495 Λόγῳ
3447 423 3870 494 παρακελεύετω

683 540 701 568 ε
731 534 862 581 ntus,
891 527 938 569 st
973 528 1165 583 preter
1186 535 1266 571 sue
1291 534 1394 572 non
1435 529 1512 572 est
1544 520 1682 572 alius
1727 517 1866 572 Deus
1902 519 1942 569 ί.
1983 516 2096 571 Non
2141 526 2223 571 est

682 627 700 658 ι
739 610 915 675 itaque
931 605 1112 673 junior
1137 608 1276 662 Deus
1296 607 1514 676 aliquis,
1543 622 1640 662 nec
1671 609 1722 662 in
1747 607 1998 662 secundis
2020 606 2223 675 positus

682 719 700 748 ο
743 701 879 752 Deus
906 698 1122 769 aliquis,
1149 700 1240 767 qui
1264 706 1474 767 poterat
1506 713 1609 754 una
1654 712 1777 753 cum
1816 699 1924 752 Deo
1968 697 2221 765 operari:

682 804 705 836 ι.
743 790 834 841 sed
861 788 1023 842 veluti
1051 789 1095 842 si
1135 786 1256 855 quis
1276 801 1443 855 parvo
1469 787 1698 857 quodam
1720 796 1900 840 utatur
1925 797 1980 842 et
1996 787 2225 842 humano

684 897 703 927 ε
737 879 1002 948 exemplo,
1034 880 1104 931 ita
1147 894 1258 934 rem
1289 881 1445 934 istam
1492 879 1764 934 examinet
1810 881 1877 934 ad
1923 877 2224 934 similitudi-

687 989 704 1019 ι
743 986 884 1023 nem.
903 969 1111 1024 Sicutsi
1131 979 1428 1024 statuarum
1451 970 1642 1024 artifex
1672 969 1961 1032 excellens,
1987 978 2223 1022 statuam

686 1079 703 1110 ι
735 1059 968 1114 conﬂare
997 1059 1330 1129 propositum
1384 1060 1612 1124 habens,
1654 1060 1917 1127 imprimis
1949 1059 2224 1112 characte-

686 1171 704 1200 ι
736 1165 824 1204 ras
850 1151 967 1220 ejus
996 1163 1156 1220 atque
1194 1150 1397 1210 formas
1415 1164 1598 1204 secum
1629 1149 1937 1218 speculatur
1966 1166 1981 1202 :
2039 1148 2224 1201 latitu-

686 1262 704 1294 ι
751 1243 927 1298 dinem
968 1242 1221 1310 deinceps
1249 1249 1303 1296 et
1346 1240 1737 1310 longitudinem
1763 1243 2040 1294 decentem
2076 1239 2225 1308 cogi-

687 1350 705 1382 ι
740 1340 855 1396 tat,
889 1338 945 1386 et
985 1330 1151 1384 totius
1198 1329 1598 1396 proportionem
1630 1327 1903 1398 sigillatim
1925 1342 2020 1397 per
2046 1338 2226 1397 partes

685 1442 703 1472 ε
743 1424 922 1474 animo
957 1429 1108 1474 team
1143 1419 1600 1486 amussitatatque
1624 1418 1832 1483 exigit:
1887 1428 1996 1471 tum
2015 1420 2224 1471 domum

686 1529 704 1561 ι
749 1511 1042 1573 materiam,
1083 1522 1156 1561 es
1197 1507 1248 1561 in
1282 1508 1562 1576 procinctu
1593 1516 1889 1576 comparat,
1917 1518 1969 1562 et
1994 1507 2224 1560 futuram

695 1620 716 1652 ε
757 1600 901 1654 illam
935 1607 1166 1653 statuam
1195 1598 1374 1652 animo
1403 1613 1503 1652 suo
1533 1597 1858 1651 delineatam
1892 1597 2225 1664 complexus,
2266 1637 2271 1641 .

687 1709 706 1739 ε
742 1688 952 1758 sibique
985 1688 1252 1752 conscius,
1295 1688 1556 1740 rationem
1589 1687 1733 1740 intus
1767 1701 1944 1749 suam,
1979 1701 2086 1748 qua
2149 1701 2230 1738 ra-

2327 532 2345 564 ι
2387 513 2580 581 λέγων·
2628 515 2948 585 Ποιήσωμεν
2989 515 3272 585 ἄνθρωπον
3311 517 3373 570 οὐ
3414 516 3507 569 τὸν
3553 517 3720 569 αὑτὸν
3768 519 3869 580 τοῖς

2325 624 2344 655 ι
2379 603 2556 667 ἄλλοις
2579 603 2797 674 τρόπον’
2836 604 2977 674 λόγῳ
3002 603 3162 676 γὰρὴ
3197 607 3346 660 πᾶσα
3382 604 3598 674 ἐγένετο
3621 605 3811 667 κτίσις.
3848 627 3866 656 ι

2322 693 2430 746 Kal.
2453 693 2660 757 τούτοις
2697 694 2816 764 μεθ’
2843 694 3005 764 ἕτερα
3034 694 3293 764 ἐπιλέγει·
3334 714 3354 745 ι
3393 696 3530 748 Νυνὶ
3555 696 3613 748 δὲ
3641 695 3876 749 πιστεύω

2327 803 2346 835 ι
2383 786 2502 847 ταῖς
2545 784 2718 847 θείαις
2772 785 3033 854 Γραφαϊς,
3080 786 3160 838 δτι
3205 781 3284 847 εἷς
3312 785 3466 850 Θεὸς,
3503 787 3596 837 καὶ
3629 786 3661 836 ὁ
3696 784 3874 837 τούτου

2326 892 2346 924 t
2381 873 2547 942 Λόγος
2570 873 2700 938 Θεὸς
2727 875 2962 945 προῆλθε
2997 875 3094 946 μὲν
3124 892 3214 928 του
3237 876 3469 946 Πατρὸς,
3498 877 3586 928 ἵνα
3612 876 3793 929 πάντα
3813 875 3876 927 δι’

2328 985 2347 1016 ι
2380 963 2542 1018 αὑτοῦ
2587 965 2829 1033 γένηται.
2866 965 3018 1019 Μετὰ
3058 965 3115 1018 δὲ
3147 964 3237 1016 τὸν
3274 964 3460 1032 καιρὸν
3495 964 3598 1032 τῆς
3626 964 3877 1034 κρίσεως,

2327 1076 2346 1108 ι
2383 1057 2476 1110 καὶ
2499 1055 2596 1126 τὴν
2620 1055 2727 1108 τῶν
2747 1054 2998 1108 άπάντων
3017 1053 3315 1127 διόρθωσιν,
3348 1053 3550 1106 καὶτὸν
3577 1054 3882 1123 ἀφανισμὸν

2327 1166 2347 1199 ι
2383 1148 2482 1218 τῆς
2519 1146 2903 1217 ἀντικειμένης
2959 1145 3174 1215 ἁπάσης
3224 1144 3522 1215 ἐνεργείας,
3549 1145 3675 1197 τότε
3728 1144 3883 1208 αὐτὸς

2329 1252 2367 1286 ι·
2395 1237 2792 1307 ὑποταγήσεται
2819 1236 2898 1307 τῷ
2936 1235 3256 1302 ὑποτάξαντι
3279 1234 3425 1304 αὑτῷ
3447 1234 3516 1287 τά
3547 1235 3752 1296 πάντα,
3771 1234 3884 1304 Θεῷ

2330 1346 2347 1376 t
2384 1329 2680 1401 καὶῐῐατρὶ,
2707 1327 2957 1392 ῐν⁹οὕτως
3058 1329 3115 1381 ἐν
3146 1326 3261 1396 Θεῷ
3287 1328 3316 1378 ό
3347 1326 3536 1393 Λόγος,
3578 1326 3772 1398 ὥσπερ
3798 1327 3885 1378 καὶ

2329 1439 2347 1470 ι
2381 1421 2640 1492 πρότερον
2663 1416 2751 1491 ἦν,
2781 1420 2887 1492 πρὸ
2909 1419 3005 1473 τοῦ
3021 1419 3112 1473 τὸν
3140 1420 3339 1489 κόσμον
3363 1416 3764 1482 εἷναι.οὑδενὸς
3783 1417 3886 1487 γάρ

2329 1530 2347 1561 ι
2379 1511 2530 1575 ὄντος
2583 1511 2843 1582 πρότερον
2881 1509 2914 1580 ἢ
2949 1509 3084 1563 Θεοῦ
3112 1510 3290 1580 μόνου,
3323 1511 3535 1563 πάντων
3561 1510 3621 1562 δὲ
3663 1508 3756 1561 διὰ
3795 1505 3886 1561 τοῦ

2330 1619 2350 1652 ι
2386 1602 2556 1669 Λόγου
2577 1600 2853 1669 γίγνεσθαι
2889 1600 3204 1670 μελλόντων,
3231 1598 3498 1669 προῆλθεν
3521 1601 3550 1651 ό
3572 1599 3750 1666 Λόγος
3763 1598 3887 1667 δρα-

2333 1713 2351 1745 ι
2391 1697 2546 1764 στικῇ
2598 1693 2866 1765 ἐνεργείᾳ,
2911 1695 2941 1746 ό
2977 1690 3146 1758 Λόγος
3179 1683 3332 1753 οὗτος
3356 1689 3451 1743 τοῦ
3489 1689 3702 1759 [ἰατρὸς
3731 1687 3827 1740 ὢν.
3865 1706 3882 1736 ι

686 1797 706 1829 ι
741 1751 1048 1842 tiocinatur,
1077 1786 1132 1831 et
1150 1751 1254 1845 qua
1277 1777 1595 1831 administra
1622 1779 1892 1846 componit
1919 1759 2096 1830 omnia
2124 1776 2228 1845 (ni-

2330 1783 2435 1836 Ka't
2482 1751 2643 1836 πάλιν
2987 1751 3221 1832 διάνοιαν
3240 1751 3560 1846 λευκότερον
3591 1751 3778 1847 τίθησι
3804 1775 3888 1829 u-

690 1888 709 1919 I
746 1868 819 1921 hil
850 1867 1047 1921 etenim
1078 1866 1358 1935 pulchrum
1384 1875 1486 1928 est,
1511 1879 1615 1918 non
1637 1866 1928 1919 secundum
1961 1865 2225 1918 rationem

2330 1887 2455 1938 γωνο
2480 1869 2592 1939 Πρὸ
2617 1870 2726 1940 γὰρ
2753 1869 2846 1922 τοῦ
2861 1869 2952 1922 τὸν
2982 1868 3180 1937 κόσμον
3205 1862 3365 1931 εἶναι,
3397 1862 3466 1938 ἦν
3483 1869 3512 1919 ό
3535 1866 3710 1934 Λόγος
3740 1867 3890 1933 εντψ

685 1978 706 2010 ι
739 1959 1092 2026 exascistum)
1114 1958 1204 2012 ubi
1241 1971 1456 2010 manum
1488 1956 1778 2011 admovere
1801 1955 1951 2026 operi
1997 1956 2226 2023 incipit,

686 2068 707 2102 ι
746 2050 818 2102 ita
859 2057 1109 2119 tanquam
1145 2048 1366 2102 alteram
1402 2061 1685 2116 personam
1712 2045 1907 2101 aﬂatur
1937 2063 1952 2100 :
1978 2048 2112 2116 Age,
2148 2046 2229 2100 fa-

685 2159 707 2191 ε
741 2140 971 2204 ciamus,
1003 2139 1252 2207 inquiens
1291 2156 1304 2191 :
1364 2152 1463 2206 age
1501 2136 1815 2208 eﬂingamus
1865 2147 2116 2192 statuam.
2148 2135 2228 2190 Ad

685 2249 706 2283 ι
736 2231 979 2286 eumdem
1002 2230 1216 2285 modum
1251 2229 1623 2284 universorum
1664 2229 1924 2284 Dominus
1956 2227 2116 2292 Deus,
2152 2229 2231 2280 vi-

685 2343 704 2376 l
745 2333 958 2378 ventem
984 2323 1048 2378 de
1076 2333 1219 2377 terra
1239 2332 1469 2376 statuam
1495 2319 1811 2404 efﬁnxurus,
1832 2336 1936 2376 non
1969 2321 2035 2374 ad
2067 2320 2228 2373 alium

687 2433 707 2465 ε
742 2414 992 2483 aliquem,
1015 2413 1108 2468 sed
1140 2415 1205 2467 ad
1232 2427 1385 2468 suum
1431 2411 1602 2480 ipsius
1656 2410 1973 2466 Sermonem
1998 2427 2056 2465 se
2084 2426 2231 2464 com-

689 2523 709 2555 ι
751 2495 922 2572 ponit,
946 2501 1252 2566 Faciamus,
1287 2503 1463 2567 aiens,
1494 2502 1777 2568 hominem,
1827 2516 1931 2557 non
1981 2501 2048 2555 ad
2075 2515 2228 2554 eum-

688 2614 707 2646 ι
741 2595 862 2649 dem
898 2593 1111 2647 modum
1138 2607 1244 2661 quo
1287 2602 1478 2646 cetera
1510 2609 1526 2646 :
1567 2605 1690 2645 uam
1741 2599 1889 2646 certe
1933 2590 2228 2645 secundum

688 2705 706 2738 ι
750 2686 1014 2742 rationem
1037 2689 1290 2741 universa
1315 2686 1706 2741 formabuntur.
1745 2685 1945 2740 sAddit
1969 2686 2085 2740 istis
2113 2695 2230 2755 post

682 2778 786 2831 alia
819 2791 835 2830 :
865 2776 955 2850 [Β.
978 2775 1154 2851 CVIII]
1217 2794 1236 2829 t
1291 2775 1443 2832 Nunc
1499 2785 1681 2832 autem
1731 2777 1904 2832 sacris
1935 2775 2229 2844 Scriptnris

688 2888 708 2921 ι
737 2871 918 2933 credo,
945 2869 1086 2938 quod
1107 2884 1243 2923 unus
1272 2869 1345 2924 sit
1380 2868 1542 2932 Deus,
1590 2877 1646 2924 et
1679 2869 1795 2937 ejus
1826 2867 2057 2922 Verbum
2085 2866 2228 2920 Deus

688 2978 708 3009 ε
741 2972 773 3012 e
794 2955 952 3013 Patre
980 2957 1195 3027 quidem
1225 2958 1379 3027 exiit,
1400 2968 1462 3014 ut
1485 2958 1665 3014 omnia
1691 2971 1787 3025 per
1818 2955 1966 3011 illum
2018 2956 2226 3009 tierent.

2331 1979 2350 2011 ι
2376 1961 2569 2030 Πατρί.
2595 1960 2721 2012 Ὅτε
2749 1959 2807 2012 δὲ
2825 1960 2854 2011 ό
2882 1959 3012 2022 Θεὸς
3027 1956 3414 2028 παντοκράτωρ
3438 1956 3617 2009 πάντα
3633 1956 3703 2008 τὰ
3729 1958 3787 2008 ὲν
3805 1955 3891 2008 σό-

2330 2071 2348 2103 ι
2383 2053 2564 2121 ρανοτς
2593 2050 2688 2104 atat
2728 2049 2822 2102 imi.
2852 2049 2954 2118 γῆς
2990 2045 3252 2117 προῦθετο
3297 2046 3538 2114 ποιῆσαι,
3563 2046 3890 2116 tuemini)

2331 2162 2350 2194 ι
2385 2141 2480 2195 τοῦ
2502 2141 2704 2212 κόσμου
2731 2138 2942 2209 γένεσις
2971 2138 3136 2190 ἐδεῖτο
3160 2137 3472 2209 δραπικῆςο
3490 2136 3587 2188 καὶ
3605 2135 3695 2188 διὰ
3713 2135 3889 2198 τοῦτο,

2334 2251 2352 2284 ι
2384 2231 2606 2303 μηδενὸς
2634 2230 2784 2293 ὑντος
2823 2228 3008 2300 ἑτέρου
3059 2227 3198 2298 πλὴν
3240 2226 3333 2281 τοῦ
3357 2225 3514 2293 Θεοῦ,
3537 2226 3742 2296 (πάντα
3788 2227 3892 2297 γάρ

2333 2341 2350 2372 ι
2383 2321 2720 2392 ὁμολογεῖται
2761 2319 2852 2372 ὑπ’
2888 2316 3052 2372 αὐτοῦ
3091 2314 3491 2388 γεγεννῆσθαι),
3516 2317 3637 2370 τότε
3662 2319 3693 2371 ό
3726 2317 3892 2384 Λόγος

2333 2435 2351 2465 ι
2381 2409 2655 2484 προελθὼν
2671 2410 2877 2479 ἐγίνετο
2900 2408 2994 2463 τοῦ
3018 2410 3220 2478 κόσμου
3253 2407 3498 2479 ποιητὴς,
3523 2407 3550 2460 ὸ
3578 2408 3670 2462 καὶ
3702 2408 3893 2479 πρότε-

2333 2524 2351 2556 ι
2381 2521 2469 2575 ρον
2490 2503 2635 2557 ἔνδον
2665 2501 2870 2571 νοητῶς
2898 2500 3175 2571 ὀνομάζων
3195 2498 3406 2552 αὐτόν.»
3432 2497 3540 2551 Καὶ
3565 2493 3724 2560 αὖθις
3761 2497 3893 2568 μετὰ

2328 2595 2500 2648 πάντα
2517 2592 2764 2662 ἐπιφέρει
2791 2590 2982 2659 λέγων’
3003 2609 3022 2641 ι
3049 2590 3154 2642 Καὶ
3171 2587 3260 2642 διὰ
3276 2586 3433 2642 τοῦτο
3456 2589 3556 2659 οὐχ
3580 2588 3720 2642 Υιύν
3749 2588 3891 2643 Θεοῦ

2333 2705 2352 2737 ε
2375 2685 2562 2740 ἑαυτὸν
2575 2683 2846 2755 ὀνομάζει,
2865 2681 2979 2736 ἀλλ’
2995 2680 3413 2750 ἄνθρωπον,ῐνα
3426 2679 3515 2734 διὰ
3528 2680 3627 2750 τῆς
3641 2679 3894 2751 τοιαύτης

2333 2795 2351 2827 ι
2374 2775 2658 2847 ὁμολογίας
2695 2773 2841 2827 θέσει
2886 2770 2976 2827 τὸν
3020 2770 3304 2843 ἄνθρωπον
3319 2771 3406 2824 διὰ
3441 2771 3539 2841 τὴν
3567 2771 3705 2842 πρὸς
3737 2770 3893 2825 αὐτὸν

2335 2889 2353 2920 ι
2377 2867 2658 2921 κοινωνίαν
2670 2858 2793 2918 'ulbv
2811 2862 2948 2917 Θεοῦ
2965 2862 3215 2932 γενέσθαι
3229 2863 3636 2936 παρασκευάσῃ*
3657 2863 3750 2916 καὶ
3762 2863 3892 2933 μετὰ

2336 2979 2353 3009 ι
2376 2959 2439 3010 τὸ
2480 2957 2632 3019 τέλος
2663 2956 2762 3026 τῆς
2809 2953 3057 3024 πράξεως
3085 2948 3259 3017 αὖθις,
3288 2953 3364 3016 ὡς
3411 2953 3587 3020 λόγος,
3617 2952 3792 3025 ἑνωθῇ
3818 2951 3893 3022 τῷ

690 3068 709 3100 ε
746 3048 871 3104 Post
889 3039 1075 3115 iudicii
1108 3059 1314 3119 tempus
1361 3058 1418 3106 et
1475 3064 1658 3104 rerum
1690 3049 1928 3103 omnium
1959 3059 2228 3102 restaura-

2337 3069 2354 3100 ι
2375 3045 2740 3117 Θεῷ,πληρῶν
2755 3045 2927 3099 ἐκεῖνο
2938 3044 2998 3097 τὸ
3012 3043 3114 3097 ὑπὸ
3126 3043 3219 3096 τοῦ
3236 3042 3552 3098 Ἀποστόλου
3568 3044 3892 3116 προειρημέ-

693 3159 714 3193 ‹
755 3140 952 3196 tionem
969 3183 984 3208 ,
1013 3148 1068 3196 et
1099 3141 1356 3220 opposite
1382 3140 1665 3210 potestatis
1688 3141 2054 3210 cujuscunque
2079 3153 2228 3192 amo-

2330 3161 2349 3193 ι
2372 3156 2478 3192 νον.
2502 3138 2636 3192 Τότε
2653 3133 2831 3201 αὐτὸς
2848 3132 3284 3220 ῠστοτατήσεται
3304 3132 3383 3198 τῷ
3397 3133 3764 3215 ὑποτάξαντι
3793 3137 3893 3188 αὑ.

692 3249 714 3282 s
756 3229 1016 3293 litionem,
1041 3219 1164 3283 tunc
1180 3229 1487 3295 subiiciatur
1514 3230 1620 3297 ipse
1660 3229 1764 3294 illi,
1799 3230 1887 3298 qui
1923 3231 1970 3283 si
2004 3229 2223 3298 subjecit

2330 3248 2349 3280 ι
2373 3226 2451 3293 τῷ
2464 3226 2535 3280 τὰ
2546 3224 2863 3287 πάνταπνα
2875 3219 2915 3295 ᾖ
2928 3221 3122 3276 πάντα
3134 3223 3230 3277 καὶ
3245 3223 3316 3276 ὲν
3329 3221 3477 3279 πᾶσι
3492 3227 3745 3292 Χριστός
3759 3225 3888 3296 (51).

692 3337 712 3373 ι
745 3321 920 3374 omnia
947 3320 991 3385 ',
1025 3319 1132 3374 Deo
1177 3326 1233 3374 et
1279 3318 1445 3384 Patri,
1492 3328 1548 3372 ut
1578 3319 1644 3373 ad
1674 3334 1798 3374 eum
1832 3319 2045 3373 modum
2075 3320 2146 3372 sit
2177 3318 2228 3371 in

2332 3343 2350 3376 ι
2381 3323 2570 3377 Ἔσται
2590 3319 2697 3391 γάρ
2710 3316 3011 3390 τηνικαῦτα
3035 3317 3181 3370 τοῦθ’
3214 3319 3349 3390 ὅπερ
3376 3320 3636 3390 πρότερον
3648 3315 3770 3389 ἦν.»
3799 3318 3892 3370 Διὰ

691 3429 712 3464 ι
748 3410 854 3465 Deo
884 3409 1096 3465 demum
1121 3398 1378 3472 Verbum,
1401 3425 1509 3479 quo
1533 3409 1681 3476 prius
1701 3408 1825 3463 olim
1858 3407 2051 3473 fuerat,
2070 3423 2228 3478 quam

2330 3412 2588 3467 τοσούτων
2614 3409 2929 3482 Μάρκελλος
2959 3411 3139 3478 γυμνῇ
3183 3410 3249 3478 τῇ
3282 3408 3489 3478 κεφαλῇ
3522 3406 3610 3460 τὸν
3643 3406 3770 3461 Υίὸν
3804 3407 3889 3460 τοῦ

693 3514 712 3546 ι
754 3498 986 3550 mundus
1016 3505 1317 3550 crearetur.
1345 3495 1480 3550 Nam
1506 3511 1625 3550 cum
1658 3497 1806 3565 prius
1846 3497 1980 3550 nihil
2014 3511 2228 3566 prorsus

2333 3503 2466 3557 Θεοῦ
2495 3502 2823 3573 ἐξωμόσατο.
2846 3498 3031 3570 Είγάρ
3061 3498 3118 3550 ἓν
3152 3500 3245 3552 καὶ
3275 3499 3467 3552 ταύτὸν
3488 3494 3557 3570 ἦν
3583 3497 3890 3562 ό·Θεὸς,καὶ

692 3605 712 3637 ι
748 3596 982 3643 exstaret
1013 3588 1115 3643 nisi
1145 3587 1292 3643 solus
1320 3587 1482 3652 Deus,
1520 3588 1796 3643 condenda
1827 3598 2005 3644 autem
2053 3600 2228 3644 essent

2330 3595 2359 3648 ό
2391 3596 2448 3646 εν
2475 3589 2620 3662 αὑτῷ
2650 3589 2837 3656 Λόγος,
2865 3587 3037 3651 οὐδεὶς
3066 3587 3122 3641 δὲ
3149 3586 3363 3641 πώποτε
3386 3587 3547 3651 αὐτὸς
3579 3585 3773 3640 ἑαυτοῦ
3801 3587 3888 3655 7i-

695 3697 712 3729 ι
748 3680 929 3733 omnia
965 3693 1062 3748 per
1093 3677 1351 3746 Verbum,
1391 3680 1587 3750 prodiit
1610 3679 1842 3734 Verbum
1879 3681 2076 3734 virtute
2100 3694 2228 3749 pra:-

2333 3684 2462 3737 νοιτ’
2519 3681 2584 3734 ἂν
2622 3680 2828 3751 Πατὴρ,
2857 3679 2932 3742 ὡς
2983 3678 3091 3731 οὐδ’
3120 3679 3279 3742 αὐτὸς
3316 3678 3506 3732 ἑαυτοῦ
3539 3679 3655 3742 υίὸς
3696 3677 3773 3730 ὢν
3802 3680 3888 3732 καὶ

695 3790 713 3820 ι
746 3771 918 3824 ditum
950 3772 1252 3838 operatrice
1284 3788 1300 3825 :
1333 3769 1564 3826 Verbum
1590 3770 1814 3838 inquam
1847 3771 1974 3825 illud
2004 3771 2145 3840 quod
2180 3771 2228 3823 in

2339 3774 2516 3845 μόνος,
2539 3768 2619 3834 εἷς
2638 3771 2694 3824 δὲ
2723 3769 2879 3842 μόνος
2906 3765 2994 3840 ἦν,
3024 3769 3122 3823 καὶ
3154 3770 3340 3834 ὲαυτὸς
3367 3768 3443 3840 τῷ
3470 3767 3662 3823 ἑαυτοῦ
3685 3770 3840 3838 Λόγῳ
3862 3770 3889 3821 ὀ

695 3877 716 3910 a
753 3858 908 3912 Patre
931 3859 1051 3914 fuit.
1089 3883 1108 3912 ο
1141 3859 1348 3916 Rursus
1404 3870 1582 3920 autem
1625 3860 1866 3914 eamdem
1910 3859 2228 3916 sententiain

2338 3863 2489 3926 Θεὸς,
2532 3861 2686 3931 δῆλον
2730 3859 2805 3923 ὡς
2841 3860 2899 3913 οὺ
2934 3860 3120 3931 Πατὴρ
3145 3853 3234 3929 ἦν,
3267 3859 3340 3931 μὴ
3370 3859 3702 3930 ὑπάρχοντος
3749 3858 3888 3929 αὐτῷ

690 3951 1009 4018 explicatius
1033 3952 1185 4020 ponit
1205 3953 1256 4006 in
1281 3953 1658 4021 sequentibus:
1680 3950 1766 4021 [Β.
1787 3950 1892 4004 LlV
1923 3952 2043 4006 coll.
2076 3951 2228 4021 p.1l7

2340 3953 2489 4006 Υἱοῦ·
2519 3952 2640 4006 οὔτε
2674 3953 2817 4016 Υἱὸς,
2856 3953 2930 4023 μὴ
2956 3950 3261 4021 ὑφεστῶτος
3291 3952 3438 4022 αὑτῷ
3455 3953 3684 4022 Πατρός.

693 4041 757 4106 D,
782 4042 884 4095 165
916 4041 981 4112 Α]
1026 4061 1045 4094 ι
1081 4043 1235 4098 Prius
1255 4046 1398 4098 enim
1422 4057 1586 4113 quam
1615 4043 1845 4098 mundus
1873 4045 2192 4100 conderetur
2227 4086 2240 4109 ,
2272 4056 2392 4100 erat
2418 4044 2664 4114 Verbum;
2693 4044 2746 4098 in
2790 4042 2954 4098 Patre
2989 4058 3109 4098 suo.
3130 4042 3262 4098 Cum
3301 4058 3429 4100 vero
3464 4043 3604 4099 Deus
3653 4044 3888 4114 omnipo-

697 4150 716 4182 ι
750 4139 868 4186 tens
895 4143 1152 4188 statueret
1179 4136 1358 4190 omnia
1379 4149 1498 4204 qua:
1531 4133 1584 4188 in
1615 4133 1753 4188 caelo
1785 4143 1931 4197 sunt,
1970 4143 2022 4187 et
2057 4135 2107 4188 iu
2139 4145 2301 4200 terra,
2340 4136 2571 4191 condere
2599 4157 2613 4192 :
2673 4134 2860 4191 mundi
2893 4136 3100 4189 creatio
3148 4135 3236 4188 illa
3272 4134 3546 4205 indigebat
3579 4135 3887 4205 operatione

699 4244 718 4276 ε
755 4223 1016 4280 eﬂ'ectiva.
1053 4227 1275 4291 idcirco,
1297 4241 1418 4282 cum
1462 4235 1662 4294 printer
1691 4224 1855 4279 Deum
1886 4226 2016 4281 nihil
2043 4242 2262 4295 prorsus
2298 4237 2465 4294 esset,
2491 4228 2636 4296 (nam
2662 4236 2748 4282 est
2780 4227 3016 4297 positum
3052 4226 3182 4281 illud
3226 4227 3280 4280 in
3337 4227 3609 4294 confesso,
3642 4229 3883 4283 universa

700 4338 717 4366 ε
754 4315 916 4371 fuisse
954 4319 1020 4372 ab
1058 4319 1148 4373 illo
1171 4317 1404 4389 condita)
1432 4326 1558 4371 tunc
1600 4315 1894 4384 procedens
1923 4317 2152 4370 Verbum
2219 4318 2380 4371 ﬁebat
2441 4316 2620 4372 mundi
2653 4317 2920 4382 conditor,
2949 4316 3094 4385 quod
3145 4316 3296 4385 prius
3336 4316 3484 4372 intus
3514 4316 3886 4374 intellectuali-

700 4427 717 4458 ι
758 4418 840 4461 ter
876 4407 1132 4474 residens,
1168 4407 1287 4476 Ipse
1314 4408 1467 4476 fuit.»
1503 4413 1561 4471 >14
1590 4407 1655 4462 Et
1683 4420 1872 4461 rursus
1900 4408 2208 4474 postomnia
2240 4407 2386 4462 addit
2417 4425 2430 4460 :
2459 4425 2478 4460 ι
2509 4405 2656 4462 Hanc
2685 4409 2763 4462 .ob
2786 4421 3008 4462 causam
3044 4421 3152 4461 non
3181 4420 3238 4461 se
3264 4406 3507 4461 nominat
3533 4405 3738 4461 Filium
3774 4409 3881 4474 Dei,

701 4523 718 4553 ι
758 4501 846 4550 sed
873 4497 1132 4551 hominem
1158 4513 1176 4550 :
1212 4507 1269 4549 ut
1295 4497 1369 4551 ita
1415 4497 1707 4562 hominem,
1740 4511 1838 4566 per
1883 4499 2315 4551 communionem
2353 4512 2472 4552 cum
2514 4498 2646 4566 ipso
2682 4497 3013 4566 copulatum,
3039 4497 3152 4553 ﬁeri
3181 4509 3498 4568 procuraret
3524 4498 3718 4554 Filium
3749 4500 3878 4556 Dei:

702 4603 720 4634 ι
761 4597 812 4641 et
845 4586 992 4641 ﬁnita
1023 4589 1122 4642 hac
1162 4588 1578 4656 dispensationis
1627 4589 1838 4643 actione
1860 4627 1876 4653 ,
1920 4587 2116 4642 iterum
2163 4589 2306 4642 velut
2345 4590 2574 4645 Verbum
2604 4590 2893 4645 aduniatur
2926 4590 3036 4644 Deo
3069 4588 3363 4658 adimpleus
3392 4591 3536 4659 quod
3568 4591 3770 4647 dictum
3808 4592 3884 4647 esi

703 4694 721 4725 ι
765 4679 829 4728 ab
853 4679 1128 4745 Apostolo,
1169 4676 1311 4731 Tunc
1358 4686 1406 4731 et
1447 4680 1554 4746 ipse
1605 4678 1861 4748 subjectus
1904 4680 2000 4733 erit
2053 4680 2171 4745 illi,
2221 4683 2308 4748 qui
2349 4683 2654 4752 omnia.ipsi
2691 4681 3002 4750 subjecerat,
3041 4690 3109 4735 ut‘
3147 4681 3224 4735 sic
3273 4681 3412 4737 Deus
3455 4681 3552 4751 ﬁat
3603 4685 3782 4739 omnia
3833 4685 3882 4738 in

705 4786 722 4816 ι
759 4767 1187 4824 omnibus'.Tuiic
1215 4769 1354 4822 enim
1381 4769 1483 4823 erit
1511 4770 1650 4823 idem
1680 4771 1818 4839 quod
1850 4771 1995 4839 prius
2023 4769 2250 4825 fuerat.»
2299 4771 2428 4826 Tam
2462 4774 2643 4828 multis
2683 4772 2964 4826 Marcellus
3023 4772 3152 4827 illud
3193 4773 3325 4844 egit,
3374 4781 3434 4829 ut
3483 4774 3721 4830 revelata
3755 4765 3883 4832 facie

699 4858 790 4912 Dei
835 4859 1026 4914 Filium
1070 4862 1261 4930 ejuret.
1316 4863 1372 4915 Si
1401 4862 1544 4916 enim
1578 4877 1714 4917 unus
1759 4873 1920 4928 atque
1948 4865 2086 4918 idem
2118 4874 2236 4919 erat
2275 4865 2435 4927 Deus.
2466 4877 2520 4921 et
2542 4866 2682 4936 quod
2708 4867 2760 4918 iu
2786 4863 3024 4919 Deoerat
3043 4865 3299 4930 Verbum,
3355 4875 3410 4921 et
3465 4881 3626 4921 nemo
3655 4883 3879 4936 unquam

700 4949 1022 5020 sibiiuetipsi
1056 4952 1288 5006 exsistat
1317 4950 1497 5016 Pater,
1550 4960 1610 5004 ut
1670 4966 1769 5007 nec
1817 4952 1986 5007 Filius
2037 4953 2319 5022 quisquam
2358 4954 2459 5009 sibi
2491 4955 2615 5025 ipsi,
2641 4957 2733 5024 qui
2760 4968 2894 5006 unus
2932 4961 3095 5018 esset,
3123 4967 3261 5008 unus
3294 4963 3470 5010 autem
3500 4953 3646 5010 solus
3693 4965 3808 5009 erat
3832 4952 3881 5011 ei

702 5045 928 5110 ipsemet
953 5061 1048 5100 suo
1085 5045 1259 5100 Verbo
1323 5046 1482 5109 Deus,
1533 5057 1751 5116 apparet
1803 5051 1942 5116 quod
1980 5063 2084 5102 non
2123 5058 2240 5102 erat
2277 5048 2455 5118 Pater,
2512 5065 2636 5104 cum
2694 5048 2932 5102 nondum
2984 5054 3224 5103 exstaret
3292 5047 3460 5116 ipsius
3501 5046 3709 5104 Filius:
3739 5047 3875 5110 item.

700 5137 843 5202 quod
869 5151 970 5189 non
993 5146 1107 5190 erat
1142 5136 1328 5202 Filius,
1355 5151 1476 5190 cum
1523 5139 1755 5192 nondum
1787 5146 2026 5192 exstaret
2060 5136 2240 5192 Pater.

775 5225 849 5279 Ex
884 5225 1163 5283 antedictis
1189 5229 1310 5282 ideo
1336 5229 1708 5297 cognoscimus
1723 5244 1838 5297 qua:
1851 5239 1905 5284 et
1927 5230 2102 5299 qualia
2124 5230 2224 5282 iste

702 5317 860 5371 homo
878 5327 1264 5373 commentatus
1281 5329 1381 5384 est,
1401 5320 1468 5373 de
1488 5317 1662 5374 Verbo
1684 5319 1774 5373 Dei
1794 5335 1896 5375 non
1914 5321 2224 5386 exsisteute,

2408 5225 2598 5278 Ὀποῑα
2626 5223 2727 5293 μὲν
2744 5220 2835 5277 οὖν
2865 5224 2991 5293 περὶ
3019 5221 3112 5277 τοῦ
3148 5221 3278 5294 μηδὲ
3301 5217 3460 5286 εἶναι,
3489 5221 3621 5294 μηδὲ
3656 5227 3878 5294 1:90:39:-

2335 5319 2521 5375 στάναι
2573 5317 2665 5370 τὸν
2719 5315 2812 5369 τοῦ
2865 5315 3000 5370 Θεοῦ
3058 5315 3205 5381 Υίὸν,
3257 5314 3506 5386 ψιλὸνρὲ
3542 5314 3716 5383 Λόγον
3746 5314 3874 5369 Mn

781 5488 838 5546 vlt
877 5484 972 5541 Ed.
995 5486 1194 5552 Paris.,
1231 5503 1350 5559 pag.
1385 5488 1475 5543 42.
1565 5490 1582 5521 ⁸
1618 5489 1769 5544 Deut.
1801 5506 1883 5553 ιιι.
1911 5490 2013 5554 24;
2042 5506 2114 5554 iv,
2142 5490 2229 5544 39.
2258 5488 2359 5545 lsa.
2386 5487 2668 5554 umidi.
2710 5485 2731 5516 '
2757 5483 2918 5541 lCor.
2955 5501 3044 5553 xv,
3069 5484 3160 5541 28.
3231 5484 3252 5516 ³
3278 5483 3405 5540 ibid.

781 5619 889 5689 (51)
933 5620 1129 5675 Πάντα
1179 5624 1277 5677 καὶ
1319 5624 1388 5676 ἐν
1437 5622 1584 5678 πᾶσι
1629 5625 1893 5689 Χριστός.
1927 5623 2035 5678 lmo
2078 5625 2240 5686 Θεός,

2345 5624 2503 5690 vulgo
2543 5621 2690 5690 αὐτῷ
2723 5623 2895 5677 πάντα
2929 5631 2982 5677 οι
3012 5620 3151 5676 inira
3198 5617 3373 5690 ἑαυτῷ
3398 5627 3451 5675 et
3490 5618 3580 5670 τὸν
3616 5614 3713 5670 τοῦ
3750 5612 3871 5673 (κῖυῦ

711 5691 848 5760 apud
868 5693 1171 5759 Apostolum
1189 5704 1241 5748 et
1265 5695 1328 5749 dc
1351 5697 1613 5750 scutcutia
1631 5694 1884 5749 Marcelli.
1907 5694 1974 5748 Si.
1998 5725 2062 5733 —
2088 5694 2255 5764 Supra
2364 5694 2549 5761 Λόγον.
