4070 6304
188 363 293 420 8M

1310 356 1588 415 CONTRA
1631 354 2057 411 MARCELLI”!
2094 356 2222 412 LIB.
2261 357 2329 412 11.

3320 352 3427 408 802

195 500 217 530 ι
256 476 584 542 ται,κτίσιν’
626 495 646 529 s
690 475 782 529 καὶ
824 471 1083 542 ἐπιλέγω
1132 492 1150 524 t
1191 473 1485 526 Οὐ-τοίνυν
1529 490 1683 537 ουτος
1728 474 1751 526 ό

1863 490 1884 523 ι
1924 472 2104 528 omnia
2161 472 2279 542 ipse
2308 468 2555 525 conditus
2584 468 2679 533 sit,
2713 467 2807 522 sed
2840 473 3063 538 propter
3090 465 3237 521 illam
3268 480 3424 522 suam

192 590 214 620 ι
256 568 553 638 ἁγιώτατος
579 568 749 635 Λόγος
782 564 889 636 πρὸ
913 564 1013 634 τῆς
1040 563 1501 636 ένανθρωπήσεως
1532 564 1753 635 [lpum-6-

192 679 212 711 t
256 676 413 723 τωοος
442 658 657 729 ἁπάσης
680 655 907 718 κτίσεως
932 655 1213 726 ὼνόμαοτο
1248 654 1386 725 (πῶς
1406 654 1515 725 γὰρ
1532 654 1755 709 δυνατὸν

193 768 214 800 s
256 750 349 805 τὸν
389 750 476 803 ἀεὶ
511 749 638 802 ὄντα
672 747 1007 818 πρωτότοκον
1048 742 1186 799 εἷναί
1240 761 1421 809 τινος;
1451 746 1469 815 )
1503 745 1637 799 ἀλλὰ
1663 748 1755 799 τὸν

190 860 209 889 ι
257 838 469 909 πρῶτον
501 836 685 890 καινὸν
724 836 1024 907 ἄνθρωπον,
1053 837 1133 897 τίς
1156 834 1217 887 δν
1241 835 1309 888 τὰ
1337 835 1515 889 πάντα
1553 837 1753 889 ἀνακε-

191 948 211 980 ι
258 927 664 999 φαλαιώσασθαι
713 925 975 998 ὲσουλήθη
1015 927 1045 978 ό
1078 925 1229 990 Θεὸς,
1274 924 1463 979 τοῦτον
1518 926 1575 977 αί
1617 926 1752 979 θεῖαι

191 1039 211 1070 t
254 1020 467 1090 Γραφαὶ
492 1017 835 1089 Πρωτότοκον
872 1015 1417 1086 πάσηςὸνομάζουσι
1448 1016 1692 1079 κτίσεως.
1727 1035 1747 1068 s

183 1112 301 1163 Καὶ
323 1105 477 1172 αὖθις
504 1108 749 1178 ἐπιφέρει
770 1124 783 1137 ·
813 1126 832 1159 ι
874 1105 1112 1170 ’Δκούεις
1139 1106 1286 1169 ὅπως
1324 1106 1384 1159 οὑ
1428 1106 1586 1176 μόνον
1617 1104 1752 1158 ταῦ-

188 1219 209 1252 ι
251 1219 339 1267 τα,
370 1201 503 1254 ἀλλὰ
544 1201 634 1253 καὶ
671 1199 739 1251 τὰ
774 1198 1192 1269 προϋπάρχοντα
1218 1197 1274 1250 εν
1294 1214 1352 1249 τε
1382 1194 1630 1268 οὐρανοῖς
1661 1197 1753 1249 καὶ

189 1313 208 1345 ι
251 1294 347 1346 ἐπὶ
370 1295 469 1363 τῆς
498 1294 596 1362 γῆς
624 1294 682 1343 ὲν
712 1290 861 1359 αὐτῷ
882 1292 1019 1343 κατὰ
1050 1290 1148 1361 τὴν
1181 1289 1370 1360 καινὴν
1403 1291 1578 1343 κτίσιν
1605 1290 1751 1341 ἰκτί-

188 1404 209 1435 s
255 1384 378 1438 σθαι
400 1384 698 1455 συμϐαίνει.
734 1402 753 1435 ι
792 1383 972 1436 Ταῦτα
1006 1382 1101 1453 μὲν
1134 1378 1225 1436 οὖν
1258 1383 1326 1435 δι’
1360 1376 1434 1435 ὧν
1473 1382 1752 1453 Πρωτότο-

182 1494 284 1530 κον
314 1478 493 1547 πάσης
520 1475 744 1536 κτίσεως
797 1474 885 1527 διὰ
922 1473 1019 1543 τὴν
1052 1474 1229 1543 σάρκα
1247 1474 1418 1545 ⁵αὑτὸν
1441 1471 1752 1543 ὠνομάσθαι

181 1568 395 1638 εἴρηκε.
452 1566 557 1618 Θέα
594 1565 650 1616 δὲ
682 1565 828 1626 ὅπως
857 1564 948 1616 καὶ
974 1563 1057 1629 τὸ,
1083 1566 1294 1631 Κύριος
1323 1564 1524 1616 ἐκτισέ
1546 1580 1622 1631 με
1658 1563 1755 1629 ἁρ-

181 1659 311 1728 χὴν
326 1656 481 1712 ὁδῶν
499 1657 685 1710 αὐτοῦ
714 1659 798 1722 εὶς
819 1658 961 1724 ἔργα
976 1654 1185 1719 αὑτοῦ,
1212 1654 1373 1706 πάλιν
1396 1656 1485 1706 ἐπὶ
1508 1655 1606 1726 τὴν
1629 1654 1757 1724 σάρ-

182 1767 257 1803 κα
284 1748 573 1819 ἀναφέρειο
611 1746 686 1818 μὴ
716 1747 993 1818 προσέχων
1022 1750 1087 1815 τῇ
1118 1744 1236 1815 θείᾳ
1265 1745 1452 1815 Γραφῇ
1484 1745 1548 1797 ἐκ
1580 1761 1751 1815 προσ-

1859 583 1878 616 t
1911 564 2209 619 secundum
2236 575 2454 616 carnem
2480 559 2908 630 generationem.
2944 576 2966 610 ι
3003 558 3166 613 Addit
3205 567 3423 614 autem:

1859 672 1878 703 ι
1909 651 2174 719 Quocirca
2199 651 2603 706 sanctissimum
2649 650 2791 703 istud
2824 648 3084 713 Verbum,
3130 662 3236 702 non
3267 648 3421 703 dice-

1859 761 1876 792 t
1909 742 2069 797 batur
2098 751 2226 795 ante
2248 755 2400 795 suam
2446 740 2902 802 incarnationem,
2948 738 3127 795 omnis
3154 750 3423 795 creaturae

1859 851 1877 883 ι
1916 831 2335 902 Primogenitus.
2385 830 2517 883 Nam
2551 832 2824 900 quomodo
2872 830 2987 885 tieri
3019 839 3253 899 poterat,
3287 841 3346 884 ut
3375 831 3424 883 is

1859 937 1877 970 ι
1907 920 1997 988 qui
2021 934 2239 989 semper
2258 928 2400 986 erat,
2428 919 2657 986 alicujus
2685 930 2832 973 esset
2859 919 3259 989 primogenltns
3281 919 3305 972 ἵ
3327 921 3424 974 sed

1859 1031 1877 1063 ι
1909 1013 2117 1081 primus
2150 1012 2242 1082 ille
2266 1026 2437 1065 novus
2467 1011 2650 1077 homo,
2687 1012 2740 1064 in
2765 1024 2929 1079 quem
2987 1010 3168 1064 omnia
3210 1010 3425 1064 volebat

1857 1121 1876 1153 ι
1913 1102 2054 1156 Dens
2084 1101 2417 1165 recolligere,
2444 1100 2489 1153 is
2511 1099 2563 1153 in
2590 1113 2746 1153 sacra
2771 1099 3054 1167 Scriptura
3082 1100 3423 1164 nominatur,

1819 1214 1827 1223 -
1857 1213 1877 1246 ι
1907 1193 2086 1248 omnis
2109 1202 2379 1247 creature
2420 1190 2871 1260 Primogenitusa
2903 1190 3076 1244 Infert
3102 1200 3235 1245 tum:
3266 1210 3285 1241 t
3309 1192 3424 1245 Au-

1859 1303 1877 1335 ι
1917 1284 2021 1349 dis,
2048 1292 2107 1337 ut
2132 1297 2238 1337 non
2270 1283 2446 1337 solum
2478 1282 2605 1348 ista,
2625 1283 2717 1337 sed
2747 1292 2801 1338 et
2832 1282 2923 1336 illa
2952 1283 3135 1336 omnia
3164 1284 3425 1351 prmexsi-

1858 1392 1876 1423 ι
1914 1374 2110 1429 stentia
2134 1374 2248 1428 sive
2280 1386 2445 1442 super
2468 1382 2668 1427 terram
2704 1388 2801 1427 seu
2845 1374 2899 1427 in
2932 1374 3110 1439 caelis,
3143 1373 3307 1429 inillo
3334 1388 3423 1429 se-

1858 1483 1876 1515 ι
1908 1467 2143 1520 cundum
2174 1480 2370 1518 novam
2397 1465 2537 1518 hanc
2566 1465 2902 1519 creationem
2955 1466 3359 1520 condebantur.
3398 1484 3418 1517 ι

1852 1557 2029 1623 Atque
2060 1556 2175 1611 huic
2205 1564 2332 1611 sunt
2355 1555 2442 1608 illa
2469 1556 2670 1625 quibus
2696 1559 3014 1625 pronuntiat
3042 1558 3190 1610 illum
3217 1560 3422 1612 dictum

1852 1648 2030 1702 omnis
2052 1658 2319 1701 creature
2359 1646 2789 1717 Primogenitum
2822 1661 3041 1717 propter
3087 1662 3421 1720 assuinptam

1854 1755 2097 1795 carnem.
2127 1738 2259 1793 Vide
2293 1749 2472 1793 autem
2502 1740 2737 1809 qualiter
2767 1740 2833 1794 ad
2866 1755 3087 1794 carnem
3120 1756 3337 1811 quoque
3367 1750 3424 1794 et

180 1839 334 1893 ὡπου
372 1840 469 1908 τῆς
510 1839 697 1907 σοφίας
737 1840 793 1891 ὲν
833 1840 948 1899 ταῖς
980 1836 1306 1907 Παροιμίαις
1339 1836 1525 1887 τοῦτον
1557 1836 1747 1903 λεγού-

1857 1830 1983 1884 illud
2014 1830 2231 1893 referat,
2265 1831 2523 1884 Dominus
2549 1833 2787 1884 condidit
2844 1849 2924 1885 me
2967 1834 3281 1902 principium
3309 1835 3424 1886 uia-

182 1946 253 1999 σῃ
291 1929 385 1981 τὸν
414 1927 612 1997 τρόπον
631 1943 643 1955 ·
698 1926 837 1995 Ἐγὼ
863 1926 901 1991 ἠ
932 1925 1116 1993 σοφία
1149 1922 1750 1990 κατεσκήνωσανβου-

178 2017 328 2084 λὴν,
366 2018 465 2069 καὶ
495 2016 702 2080 δόξαν,
737 2015 833 2069 καί
859 2015 1100 2068 ἔννοιαν
1122 2014 1236 2084 ἐγὼ
1262 2014 1747 2083 ἐπεκιιλεσάμην·

178 2108 256 2162 δι’
282 2108 430 2177 ἐμοῦ
452 2108 731 2173 βασιλεῖς
753 2108 1176 2171 βασιλεύουσι,
1224 2107 1322 2159 καὶ
1369 2110 1421 2159 ot
1458 2105 1751 2159 δυνάσται

179 2199 578 2266 δικαιοσύνην
604 2197 955 2266 γράφουσιν.
997 2190 1090 2259 Οἷς
1121 2197 1245 2266 ἑξῆς
1274 2195 1509 2263 ἐπιλέγει
1553 2198 1586 2266 ἡ
1613 2196 1749 2266 αὑτὴ

180 2280 383 2358 Σοφία·
430 2290 525 2341 Ἑν
553 2288 713 2355 ὁδοῖς
740 2287 1124 2353 δικαιοσύνης
1161 2286 1477 2354 περιπατῶ,
1506 2287 1602 2338 καὶ
1636 2286 1751 2339 ἀνὰ

173 2379 376 2448 μέσον⁹
396 2380 607 2447 τρίϐων
625 2377 1011 2447 δικαιώματος
1033 2376 1497 2449 ἀναστρέφομαι,
1527 2377 1627 2429 ἵνα
1648 2393 1751 2444 με-

172 2470 333 2537 ρίσω
376 2468 499 2533 τοῖς
549 2468 651 2536 ἐμὲ
689 2466 1002 2537 ἀγαπῶσιν
1028 2468 1306 2535 ὕπαρξιν,
1344 2468 1440 2521 καί
1478 2468 1621 2534 τοὺς
1650 2473 1751 2536 θη-

176 2558 453 2625 σαυροὺς
503 2557 699 2611 αὐτῶν
733 2558 1022 2626 ἐμπλήσω
1060 2558 1316 2628 ἀγαθῶν.
1380 2562 1520 2614 Ἐὰν
1569 2562 1749 2629 ἀναγ-

180 2649 365 2718 τείλω
394 2647 535 2717 ὑμῖν
553 2650 625 2702 τὰ
650 2650 776 2703 καθ’
807 2649 1036 2718 ἡμέραν
1063 2652 1399 2720 γιγνόμενα,
1411 2654 1749 2721 μνημονεύ-

178 2752 273 2792 σω
336 2741 408 2793 τὰ
453 2740 523 2804 ἐξ
580 2739 791 2805 αἰῶνος
850 2740 1188 2809 ἀριθμῆσαι.
1244 2744 1455 2810 Κύριος
1514 2745 1751 2798 ἐκτισέν

177 2846 256 2898 με
314 2829 511 2897 ἀρχὴν
556 2828 709 2882 ὁδῶν
750 2831 934 2883 αὑτοῦ
979 2833 1066 2896 εὶς
1098 2832 1242 2899 ἔργα
1265 2832 1471 2897 αὐτοῦ,
1504 2834 1615 2901 πρὸ
1645 2835 1749 2888 τοῦ

182 2918 399 2986 αἰῶνος
428 2921 778 2989 ἐθεμελίωσέ
802 2938 901 2990 με,
930 2922 998 2975 ἐν
1028 2923 1183 2992 ἀρχῇ
1212 2924 1323 2990 πρὸ
1359 2925 1463 2977 τοῦ
1488 2924 1606 2990 τὴν
1634 2924 1752 2993 γῆν

182 3010 435 3079 ποιῆσαι
453 3029 467 3041 ·
496 3014 590 3065 καὶ
613 3013 681 3064 τὰ
708 3013 915 3076 τούτοις
953 3015 1224 3085 ἑξῆς(64).
1249 3012 1344 3078 Οἷς
1370 3014 1443 3087 μὴ
1472 3015 1751 3087 βουληθεὶς

182 3104 283 3173 τὴν
297 3103 537 3157 διάνοιαν
550 3104 836 3173 ἐπιστῆσαι
852 3105 1186 3175 Μάρκελλος,
1207 3108 1321 3168 ἐνὸς
1337 3106 1390 3158 δὲ
1415 3107 1574 3177 μόνου
1597 3108 1751 3175 γενό-

186 3211 349 3263 μενος
380 3194 604 3261 σκοποῦ,
630 3194 723 3248 τοῦ
755 3195 828 3266 μὴ
853 3196 1178 3267 ὁμολογῆσαι
1208 3199 1296 3249 τὸν
1326 3199 1452 3251 Υἱδν
1477 3199 1570 3251 τοῦ
1594 3198 1749 3263 Θεοῦ,

184 3290 281 3359 τὴν
312 3289 678 3359 προκειμένην
710 3288 985 3356 θεολογίαν
1013 3288 1104 3340 ἐπὶ
1135 3288 1232 3359 τὴν
1262 3292 1436 3360 σάρκα
1471 3291 1750 3359 ἀναφέρει,

184 3378 280 3430 καὶ
325 3378 427 3447 τὴν
460 3377 670 3429 εὐθεῖαν
705 3378 1111 3448 παρεκτραπεὶς
1158 3379 1291 3443 ὁδὸν,
1332 3380 1541 3457 ἁνοδίαν
1578 3381 1753 3451 ἑαυτῷ

186 3468 447 3536 ἐπενόησε
476 3469 699 3537 γράφων
728 3470 866 3522 κατὰ
894 3468 1037 3534 λέξιν
1070 3469 1259 3533 οὕτως·
1298 3488 1316 3520 t
1356 3472 1428 3523 Τὸ
1451 3472 1630 3525 τοίνυν
1658 3490 1751 3523 κε-

193 3577 211 3607 ι
250 3558 479 3626 φάλαιον
524 3558 670 3610 τουτὶ
716 3559 812 3628 τῆς
860 3560 1183 3629 Παροιμίας,
1214 3560 1273 3611 οὐ
1306 3559 1403 3630 τὴν
1445 3561 1617 3631 ἀρχὴν
1654 3562 1752 3632 τῆς

192 3667 211 3698 ι
251 3648 523 3715 Θεότητος,
578 3648 765 3719 ὥσπερ
816 3649 965 3702 αὐτοὶ
1007 3649 1304 3719 νομίζουσι,
1355 3650 1448 3702 τοῦ
1506 3652 1752 3723 Σωτῆρος

194 3757 213 3788 ι
248 3737 408 3808 ἡμῶν
436 3739 775 3807 παραστῆσαι
809 3734 1144 3809 βουλόμενον,
1174 3740 1387 3806 Κύριος
1424 3740 1627 3793 ἕκτισέ
1652 3758 1749 3808 με,

193 3845 212 3877 ι
251 3827 355 3896 ἔφη
377 3844 391 3857 ο
428 3827 563 3879 ἀλλὰ
589 3829 686 3897 τὴν
714 3827 968 3897 δευτέραν
1013 3829 1156 3880 κατὰ
1194 3829 1367 3897 σάρκα
1403 3830 1711 3899 οἰκονομίαν
1734 3846 1747 3860 ⁸

195 3937 213 3969 ι
252 3918 332 3971 διὸ
362 3919 457 3971 καὶ
483 3919 711 3980 κτίσεως
752 3919 1017 3988 μέμνηται
1061 3920 1382 3990 προσφόρως
1417 3925 1512 3991 τῆς
1546 3920 1753 3991 ἀνθρω-

195 4027 213 4058 t
254 4008 419 4078 πίνης
437 4010 683 4079 σαρκός.)
709 4011 817 4061 Καὶ
846 4010 969 4080 ἑξῆς
999 4011 1261 4079 ἐπιλέγει·
1303 4031 1319 4061 ι
1345 4012 1456 4063 Οὐκ
1482 4009 1574 4064 οὖν
1592 4012 1749 4082 (65)ή

194 4120 213 4152 ι
254 4105 433 4164 κτίσις
458 4105 523 4171 τῇ
543 4102 685 4154 κατὰ
722 4102 1002 4172 ἄνθρωπον
1037 4103 1199 4158 αὐτοῦ
1226 4104 1469 4173 διαφέρει
1492 4105 1751 4174 πράγμα-

196 4202 215 4234 ‹
252 4187 394 4257 τεία.
444 4187 530 4238 Διό
568 4205 732 4258 φησι·
770 4192 984 4257 Κύριος
1023 4190 1224 4245 ἕκτισέ
1254 4209 1329 4259 με
1363 4193 1561 4259 ἀρχὴν
1599 4192 1753 4245 ὁδῶν

196 4290 215 4324 t
254 4274 462 4339 αὑτοῦ,
526 4280 611 4342 εις
668 4279 810 4347 ἔργα
867 4281 1050 4334 αὑτοῦ
1094 4281 1297 4334 ἐκτισέ
1354 4300 1456 4351 με,
1516 4284 1751 4353 δηλονότι

196 4382 216 4416 t
254 4365 343 4418 διὰ
368 4366 469 4435 τῆς
500 4367 766 4437 παρθένου
788 4370 1030 4440 Μαρίας,
1051 4371 1116 4423 δι’
1140 4367 1205 4441 ἦς
1227 4375 1254 4425 ὁ
1279 4372 1408 4435 Θεὸς
1428 4375 1623 4427 ένῶσαι
1654 4376 1752 4446 τὴν

1852 1936 1967 1972 rum
1990 1936 2230 1981 suarum,
2276 1920 2343 1971 ad
2382 1938 2535 1985 opera
2570 1937 2667 1971 sua
2703 1920 2720 1949 "
2760 1937 2771 1970 :
2814 1930 2870 1972 et
2925 1936 3137 1973 sacram
3172 1920 3416 1989 Scriptu-

1854 2025 1967 2061 ram
2003 2009 2238 2069 attende,
2281 2010 2331 2060 in
2388 2009 2694 2062 Proverbiis
2728 2010 2827 2062 hoc
2862 2009 3020 2062 modo
3049 2010 3362 2076 loquentem
3402 2029 3419 2065 :

1850 2081 1964 2166 Ego
1991 2098 2247 2162 sapientia
2277 2098 2454 2149 habito
2487 2098 2540 2149 in
2575 2098 2817 2175 consilio,
2842 2110 2887 2151 et
2914 2102 3134 2151 eruditis
3163 2100 3419 2152 intersum

1862 2188 2307 2255 cogitationibus:
2336 2201 2427 2255 per
2461 2204 2541 2241 me
2564 2205 2705 2255 reges
2743 2200 2986 2256 regnant,
3008 2200 3056 2241 et
3091 2189 3261 2258 legum
3292 2207 3421 2243 con-

1851 2278 2046 2329 ditares
2065 2277 2213 2345 justa
2248 2276 2532 2330 decernunt
2568 2279 2608 2331 ⁸.
2643 2278 2853 2343 Quibus
2892 2280 3084 2331 eadem
3140 2279 3417 2348 Sapientia

1853 2369 1966 2421 ιιωο
1998 2369 2237 2421 annectit
2265 2387 2276 2420 :
2310 2366 2375 2421 In
2416 2370 2510 2421 uiis
2528 2368 2754 2436 justitia:
2790 2385 2882 2437 ego
2928 2369 3176 2423 ambulo:
3210 2378 3259 2422 et
3287 2384 3417 2422 con-

1852 2476 2026 2513 versor
2056 2462 2112 2514 in
2143 2463 2312 2513 medio
2365 2464 2672 2514 semitarum
2729 2463 3035 2529 atquitatis,
3081 2472 3137 2513 ut
3185 2450 3419 2514 dividam

1851 2553 2207 2604 exsistentiam
2237 2553 2573 2621 diligentibus
2629 2570 2729 2616 me,
2775 2562 2823 2605 et
2872 2556 3144 2605 thesauros
3181 2554 3419 2621 ipsorum

1852 2642 1915 2692 de
1946 2641 2091 2693 bonis
2138 2642 2399 2708 repleam:
2430 2643 2476 2695 si
2500 2645 2640 2696 vobis
2669 2644 3073 2709 annuntiavero,
3095 2661 3213 2712 quae
3240 2645 3416 2711 quoti-

1851 2732 1936 2784 die
1955 2733 2170 2798 ﬁebant,
2201 2735 2495 2786 memorabo
2521 2738 2797 2788 enuntiare
2826 2752 2943 2804 qua:
2976 2750 3124 2788 erant
3154 2736 3418 2789 astzculo.

1854 2822 2107 2873 Dominus
2130 2825 2356 2889 possedit
2400 2840 2478 2875 me
2522 2824 2573 2876 in
2599 2824 2750 2875 initio
2771 2827 2971 2877 viarum
2991 2840 3239 2890 suarum,
3267 2834 3420 2876 ante-

1852 2928 2007 2981 quam
2027 2915 2310 2981 quidquam
2332 2914 2527 2982 fareret
2543 2931 2573 2965 a
2590 2916 2847 2981 principio
2865 2915 2928 2967 ob
2952 2926 3148 2968 wterno
3170 2916 3419 2968 ordinata

1855 3018 1993 3066 sum,
2022 3004 2074 3054 in
2097 3004 2355 3068 principio
2384 3014 2662 3070 antequam
2685 3016 2876 3056 terram
2896 3006 3137 3058 conderet
3164 3008 3209 3068 ’,
3232 3017 3421 3074 etquae

1855 3104 2201 3160 sequuntur:
2242 3092 2436 3159 quibus
2498 3094 2721 3148 minime
2784 3095 2968 3149 volens
3025 3096 3371 3165 acquiescere
3402 3138 3417 3159 ,

1859 3190 1916 3246 ἧς
1949 3196 2043 3237 aut
2086 3185 2322 3238 animum
2382 3201 2540 3239 suum
2599 3188 2884 3241 advertere
2936 3187 3245 3251 Marcellus,
3290 3190 3420 3243 illud

1856 3275 2071 3327 unicum
2123 3274 2332 3328 habens
2387 3276 2439 3329 in
2493 3279 2788 3345 proposito,
2842 3289 2900 3331 ut
2945 3294 3013 3332 ne
3065 3280 3423 3337 conﬁteretur

1854 3362 2047 3416 Filium
2097 3364 2215 3429 Dei,
2240 3365 2385 3419 illam
2425 3376 2551 3421 ante
2596 3369 2798 3421 dictam
2836 3370 2889 3422 in
2924 3369 3234 3427 Proverbiis
3258 3374 3325 3427 de
3354 3390 3424 3429 eo

1855 3456 2215 3523 theologiam,
2266 3458 2331 3511 ad
2381 3471 2601 3512 carnem
2650 3459 2850 3524 refert,
2909 3472 2963 3514 et
3016 3470 3300 3532 postquam
3354 3468 3422 3519 de

1854 3560 1999 3603 recta
2032 3552 2114 3603 via
2150 3550 2535 3615 declinaverat,
2564 3552 2709 3604 invia
2760 3554 3003 3619 quantam
3054 3555 3154 3608 sibi
3207 3559 3424 3625 excogi-

1855 3642 2011 3705 tavit,
2036 3642 2136 3695 ista
2162 3642 2422 3695 Verbatim
2436 3643 2709 3697 scribens:
2735 3643 2823 3713 [Β.
2850 3643 2946 3715 IX]
2970 3644 3419 3702 «Proverbiornni

1858 3752 1876 3783 c
1928 3733 2089 3801 igitur
2118 3743 2279 3800 caput
2312 3733 2473 3796 istud,
2511 3750 2614 3787 non
2650 3745 2707 3787 ut
2757 3736 2830 3788 illi
2868 3747 3071 3803 rentur,
3099 3739 3293 3792 docere
3324 3756 3422 3793 nos

1858 3843 1876 3875 ι
1929 3826 2183 3889 intendit,
2215 3826 2427 3879 initium
2468 3828 2770 3881 divinitatis
2805 3828 3133 3892 Servatoris,
3168 3832 3258 3885 ubi
3292 3836 3364 3884 ait
3399 3849 3415 3885 :

1860 3935 1877 3967 ι
1930 3915 2181 3969 Dominus
2223 3920 2455 3983 possedit
2510 3935 2591 3971 me
2639 3920 2899 3987 principio
2933 3922 3135 3975 viarum
3167 3941 3423 3978 suarunt'

1859 4028 1875 4059 ι
1923 4009 2016 4062 sed
2048 4010 2337 4063 secundam
2371 4010 2516 4063 illam
2546 4026 2667 4078 qua:
2708 4013 2758 4063 in
2804 4027 2968 4066 carne
2999 4014 3098 4066 l'uit
3132 4014 3278 4069 facta
3310 4020 3424 4070 dis-

1858 4119 1877 4151 ι
1924 4102 2292 4169 pensationem
2340 4118 2355 4160 ;
2400 4104 2650 4169 quocirca
2730 4107 3091 4171 possessionis
3154 4110 3417 4174 meminit,

1858 4212 1875 4243 ι
1922 4194 2022 4246 hoc
2050 4200 2134 4245 est
2162 4194 2341 4247 carnis
2373 4195 2581 4247 noviter
2613 4206 2828 4251 creatze.
2858 4196 2971 4251 Non
3005 4198 3189 4267 igitur,
3224 4202 3291 4253 ita
3322 4203 3419 4254 ad-

1858 4301 1878 4334 ι
1923 4286 2018 4350 dit,
2048 4295 2296 4338 creatura
2347 4287 2413 4337 ab
2446 4286 2672 4339 humana
2706 4287 2823 4356 ejus
2858 4292 3175 4357 operatione
3207 4302 3290 4346 est
3319 4295 3422 4346 dis-

1858 4393 1876 4425 t
1923 4376 2107 4428 tincta.
2156 4375 2277 4430 Ideo
2317 4377 2518 4445 inquit:
2554 4377 2806 4432 Dominus
2859 4382 3094 4433 condidit
3143 4399 3223 4435 me
3266 4384 3421 4437 initio

196 4476 216 4509 ι
252 4459 597 4530 ἀνθρωπίνην
617 4461 791 4530 σάρκα
811 4461 887 4530 τῷ
905 4461 1093 4514 ἑαυτοῦ
1110 4465 1265 4532 Λόγῳ
1284 4464 1577 4532 προείλετο.
1607 4486 1625 4516 ι
1647 4465 1749 4519 Καὶ

1858 4485 1875 4517 ι
1921 4468 2121 4520 viarum
2151 4484 2368 4521 suarum
2417 4470 2485 4521 ad
2525 4486 2683 4535 opera
2724 4487 2838 4523 sua.
2880 4471 2981 4526 Per
3018 4474 3286 4543 Virginem
3321 4478 3423 4528 sci-

195 4542 308 4611 μεθ’
354 4546 518 4617 ἒτερα
555 4547 869 4616 προστίθησι
906 4548 1076 4615 λέγων
1115 4567 1127 4579 ·
1159 4569 1177 4600 t
1215 4551 1415 4603 Τούτου
1458 4554 1636 4607 τοίνυν
1663 4555 1755 4607 οὓ-

198 4651 216 4682 ι
254 4650 362 4697 τως
396 4636 627 4705 ἔχοντος,
654 4637 941 4690 ἀκόλουθόν
974 4641 1088 4692 ἐστι
1118 4636 1335 4695 σκοπεῖν
1367 4646 1431 4712 τῇ
1461 4644 1666 4715 διανοίᾳ
1693 4645 1754 4698 τὸ

199 4740 218 4772 ι
257 4727 643 4796 παροιμιωδῶς
703 4729 988 4799 εἰρημένον
1052 4732 1199 4783 τουτὶ
1258 4733 1579 4800 κεφάλαιον’
1642 4736 1755 4789 Κύ-

200 4830 217 4863 ι
252 4832 385 4882 ριος
400 4817 601 4870 ἐκτισέ
612 4836 686 4885 με
702 4820 900 4887 ἀρχὴν
927 4820 1082 4873 ὁδῶν
1097 4818 1301 4888 αὐτοῦ,
1322 4826 1398 4885 είς
1416 4825 1551 4895 ἔργα
1563 4825 1747 4879 αὑτοῦ.

199 4923 219 4955 t
262 4906 484 4958 Ἐκτισε
528 4911 635 4977 γὰρ
674 4909 904 4978 ἀληθῶς,
948 4913 1008 4963 τὸ
1044 4914 1116 4982 μὴ
1143 4912 1201 4966 ὃν
1233 4914 1567 4983 πεποιηκὼς,
1612 4919 1640 4967 ὁ
1672 4917 1755 4968 δε-

199 5012 218 5046 (
259 4998 465 5066 σπὸτης
487 4998 641 5067 ήμῶν
665 4999 794 5061 Θεὸς
815 5003 911 5053 οὐκ
935 4998 1097 5055 οὖσαν
1120 5004 1215 5073 τὴν
1246 5005 1441 5071 σάρκα,
1464 5006 1528 5075 ἣν
1554 5007 1757 5077 ἀνείλη-

201 5103 219 5135 ι
259 5104 355 5155 φεν
382 5091 410 5141 ὁ
442 5089 632 5155 Λόγος.
674 5109 692 5142 s
726 5093 831 5143 Καὶ
860 5094 1103 5163 ἐπιφέρει
1131 5092 1282 5156 αὖθις
1316 5094 1518 5161 λέγων·
1557 5118 1574 5147 t
1614 5100 1754 5151 Οὐκ-

1867 4574 1885 4606 ι
1932 4556 2057 4609 licet
2084 4555 2329 4619 Mariam,
2360 4573 2518 4626 quam
2542 4559 2820 4627 praeelegit
2845 4561 2985 4617 Deus
3028 4573 3086 4615 ut
3119 4562 3297 4619 Verbo
3320 4582 3424 4620 suo

1865 4664 1884 4695 ι
1924 4659 2140 4698 carnem
2160 4647 2445 4699 humanam
2466 4648 2665 4702 uniret.
2682 4666 2700 4698 δ
2724 4648 2858 4702 Tum
2882 4655 3133 4721 deinceps
3151 4658 3417 4726 adjungit:

1860 4735 1948 4807 [Β.
1997 4736 2071 4808 Χ]
2106 4757 2123 4788 ι
2155 4737 2267 4797 lloc
2301 4753 2431 4792 sane
2467 4755 2588 4793 cum
2644 4740 2717 4795 ita
2774 4758 2832 4795 se
2890 4745 3105 4807 habent,
3140 4763 3423 4802 consenta-

1864 4845 1881 4876 ι
1931 4844 2085 4881 neum
2118 4839 2201 4882 est
2226 4830 2406 4882 animo
2435 4832 2770 4899 perpendere
2798 4835 2999 4887 dictum
3034 4838 3160 4889 illud
3193 4854 3419 4905 prover~

1859 4938 1876 4968 ι
1924 4920 2140 4972 bialiter
2160 4934 2175 4972 :
2199 4919 2451 4972 Dominus
2470 4923 2704 4974 condidit
2734 4940 2812 4976 me
2840 4926 3046 4977 initium
3070 4928 3270 4980 viarum
3298 4949 3423 4983 sua-

1861 5027 1879 5060 t
1928 5026 2041 5060 rum
2067 5010 2117 5060 in
2132 5026 2287 5075 opera
2311 5027 2429 5063 sua.
2448 5012 2495 5064 Is
2510 5014 2707 5065 etenim
2734 5029 2859 5067 vere
2876 5018 3140 5080 COntlidit,
3161 5022 3250 5087 qui
3281 5025 3421 5087 quod

1864 5118 1880 5149 ι
1929 5115 2030 5151 non
2059 5109 2175 5153 erat
2202 5098 2349 5162 fecit,
2371 5101 2627 5155 Dominus
2664 5120 2855 5172 nempe
2885 5119 3064 5159 noster
3091 5109 3253 5173 Dens,
3276 5113 3421 5163 illum

201 5196 218 5226 t
256 5178 347 5249 οὖν
414 5178 557 5230 τοῦτ’
606 5180 784 5245 ἐστιν,
840 5186 873 5235 ό
926 5188 1136 5250 Κύριος
1182 5188 1381 5239 ἑκτισέ
1428 5205 1505 5255 με
1562 5189 1751 5257 ἀρχὴν

1863 5207 1883 5241 ι
1931 5206 2144 5243 carnem
2200 5208 2359 5259 quam
2414 5198 2707 5262 assumpsit
2754 5195 3052 5255 Verbum.»
3114 5200 3277 5252 Infert
3317 5204 3420 5254 ile—

201 5285 218 5316 ι
261 5267 415 5321 ὁδῶν
450 5272 637 5324 αὐτοῦ
677 5274 763 5337 εὶς
803 5272 945 5342 ἔργα
990 5276 1196 5329 αὑτοῦ.
1245 5277 1464 5343 Ἐπάγει
1511 5279 1588 5343 δὲ,
1638 5280 1751 5345 Πρὸ

1862 5297 1977 5333 rum
2013 5299 2024 5332 :
2066 5299 2081 5329 t
2116 5279 2225 5334 Hoc
2270 5282 2431 5349 igitur
2466 5294 2572 5348 est,
2622 5282 2883 5339 Dominus
2929 5291 3159 5341 condidit
3204 5310 3280 5343 me
3313 5296 3418 5344 ini—

270 5441 327 5498 >I4
362 5436 456 5490 Ed.
492 5436 689 5503 Paris.,
724 5453 844 5507 pag.
880 5438 967 5493 45.
1048 5438 1067 5469 τ
1106 5437 1265 5494 Prov.
1335 5458 1451 5506 vni,
1520 5442 1608 5495 ⁸22-
1683 5445 1703 5475 ⁸
1729 5443 1751 5496 i'

1856 5490 1859 5500 ,
1972 5439 2058 5492 12.
2134 5439 2323 5497 ’ibid.
2375 5437 2575 5495 20-23.

268 5601 319 5663 (6
332 5599 707 5681 ’tLKardntr‘tn
723 5603 971 5667 τούτοις.
996 5602 1312 5681 ‘Legendutn
1334 5604 1481 5681 ,Jxai.
1513 5604 1581 5681 τά
1625 5605 1748 5681 τούξ-

1926 5604 2036 5681 (65)
2074 5603 2246 5681 Vnng
2276 5606 2336 5656 οὐ
2357 5606 2500 5681 Δγοῦν
2522 5649 2540 5672 ,
2566 5610 2685 5663 dein
2716 5611 2960 5681 διαφέρει
2986 5614 3288 5677 :rcfertur
3325 5616 3416 5675 ad,

199 5670 461 5754 sufﬁgi;
488 5671 768 5754 ἀκόλουίξα,
816 5683 907 5727 aut
961 5670 1135 5730 simile
1163 5675 1308 5742 quid.
1348 5676 1415 5729 Μ.
1451 5705 1517 5715 -
1544 5677 1649 5729 Καὶ
1680 5678 1748 5733 τά

1856 5670 2065 5754 pfrtinet
2087 5670 2286 5754 att-Ini;
2317 5670 2391 5728 cf.
2416 5694 2464 5730 t3.
2497 5670 2546 5754 ci.»
2577 5682 2643 5733 59
2676 5684 2736 5733 Λ.
2774 5670 2913 5735 hin-li
2951 5686 3103 5751 γυιευ
3124 5670 3299 5753 qui“.
3329 5670 3418 5754 Lg;

202 5744 353 5795 cedd.
383 5750 435 5794 ct
468 5756 588 5795 mox
626 5743 846 5794 σκόπου.

1856 5742 1911 5797 οὗ
1945 5756 1996 5800 et
2023 5747 2419 5813 κοινωνήσασαν
2444 5766 2491 5801 τ.
2527 5752 2611 5812 iw.
2644 5770 2729 5804 πν.
