4070 6304
700 340 803 396 8υὸ

1384 339 1643 396 EUSEBII
1683 338 2145 393 CAESARIENSIS
2179 336 2330 392 ΟΡΡ.
2370 337 2543 391 PARS
2580 337 2666 391 IV.
2706 369 2774 381 —
2812 339 3222 394 DOGMATICA.

3787 336 3887 392 θοι

707 479 726 507 ε
775 461 904 510 tium
934 461 1132 510 viarum
1164 474 1400 512 suarum.
1427 459 1489 511 Et
1511 460 1657 512 addit
1681 477 1696 514 :
1728 461 1854 514 Ante
1879 461 2092 526 ιαιειιια,
2116 459 2210 527 [un

2344 478 2361 509 ι
2404 459 2508 511 τοῦ
2545 460 2758 527 αἰῶνος
2797 461 3150 528 ἐθεμελίωσέ
3194 477 3290 528 με,
3338 459 3584 528 Θεμέλιον
3636 460 3734 526 μὲν
3766 457 3885 509 τοῦ-

707 570 723 600 ι
769 549 906 601 dcuit
926 564 1034 611 me;
1064 548 1463 602 fundamentum
1489 551 1788 619 intelligens
1812 565 2028 603 carnem
2058 564 2231 611 suam,

704 658 723 688 ι
765 653 925 709 quam
981 639 1268 692 secundum
1317 641 1763 706 dispensationem
1798 641 2231 707 preoruinarat:

702 746 722 776 ς
766 731 905 795 quod
927 730 1097 795 ipsum
1115 739 1167 782 et
1191 729 1474 794 Apostolus
1494 729 1607 782 ait:
1633 728 1728 800 [eL
1773 744 1827 796 p.
1860 728 2020 782 1541)
2051 730 2150 784 I55
2166 728 2230 800 C]

704 835 722 865 ι
766 816 1188 871 Fundamentum
1218 819 1365 869 aliud
1413 818 1589 872 nullus
1609 836 1804 887 ponere
1826 830 2016 888 potest,
2047 832 2233 886 pra-ter

702 929 719 958 ι
766 910 898 962 illud
921 912 1054 978 quod
1068 910 1290 974 positum
1324 912 1567 976 “Lquod
1586 921 1659 962 est
1686 910 1839 963 Iesus
1860 909 2100 964 Christus
2127 913 2223 961 “.i

695 999 885 1054 Saculi
925 1002 1078 1052 unius
1110 1015 1270 1068 porro
1313 1000 1553 1053 meminit
1601 1001 1652 1052 in
1683 1015 1788 1069 quo
1827 1001 2229 1056 fundamentum

696 1089 821 1147 illud
854 1090 1008 1143 debet
1039 1092 1162 1158 poni
1187 1093 1328 1159 quod
1358 1093 1524 1144 estde
1548 1090 1784 1146 Christo.
1822 1092 2076 1146 Eamdem
2112 1111 2231 1147 rur-

692 1195 782 1233 sus
827 1181 1107 1233 conﬁrmat
1149 1182 1452 1250 opinionem
1492 1183 1739 1251 inquiens
1770 1202 1781 1236 :
1812 1183 1900 1253 [R.
1936 1182 2075 1237 XVII
2101 1186 2226 1238 coll.

692 1287 742 1337 ιι.
777 1271 876 1324 155
904 1273 944 1324 Α
973 1271 992 1342 ]
1023 1293 1039 1322 ι
1066 1271 1176 1325 Non
1210 1273 1480 1325 Immerito
1527 1273 1782 1341 propheta
1839 1275 1925 1327 hic
1971 1275 2183 1328 dicebat
2212 1292 2224 1327 :

695 1376 713 1407 ι
762 1358 890 1412 Ante
919 1359 1167 1411 saeuiunt
1214 1359 1450 1426 fundavit
1504 1375 1832 1428 munempe
1877 1361 2003 1416 illud
2033 1362 2229 1415 intelli-

694 1465 713 1498 ι
760 1463 890 1517 gens
914 1447 1320 1502 fundamentum
1355 1463 1464 1502 suae
1492 1451 1694 1512 carnis,
1726 1450 1978 1504 nimirum
2012 1460 2228 1521 propter

693 1555 712 1588 ι
756 1538 1184 1592 communionem
1229 1552 1388 1606 quam
1435 1539 1664 1594 habebat
1693 1540 1923 1594 Verbum
1962 1556 2082 1594 cum
2135 1543 2226 1598 illo

694 1646 713 1678 ι
759 1641 883 1680 vero
912 1627 1067 1680 Filio.
1105 1645 1123 1679 ι
1159 1627 1420 1694 Deinceps
1455 1628 1696 1698 adjungit
1751 1629 1841 1700 [Β.
1891 1630 2050 1685 XVIII
2095 1633 2222 1686 coll.

688 1734 740 1786 p.
777 1718 879 1771 I55
904 1719 968 1777 Α.
1005 1718 1103 1771 I57
1137 1718 1175 1772 D
1201 1717 1220 1788 ]
1250 1735 1263 1771 :
1298 1737 1316 1769 ι
1342 1719 1395 1771 In
1445 1721 1728 1787 principio,
1778 1721 2085 1789 priusquam
2115 1731 2226 1776 ter-

692 1827 710 1856 ι
759 1824 868 1861 ram
906 1809 1243 1876 produceret.
1279 1809 1573 1875 Quamnam
1624 1824 1751 1862 vero
1791 1812 2032 1864 terram?
2072 1809 2220 1865 Illam

693 1917 710 1948 ι
759 1913 968 1965 nempe,
1023 1907 1080 1951 ut
1124 1908 1292 1968 patet,
1347 1916 1466 1968 qua:
1517 1909 1595 1953 est
1660 1911 1840 1953 nostra
1897 1916 2022 1955 caro
2058 1919 2070 1954 :
2103 1917 2222 1970 quae

690 2008 707 2035 ‹
754 1997 872 2055 post
901 1987 1242 2041 commissum
1295 1997 1566 2056 peccatum
1597 1989 1647 2041 in
1679 1999 1874 2044 terram
1933 1991 2090 2044 rediit
2128 1993 2221 2045 deo

688 2097 707 2128 ι
757 2093 879 2130 nuo.
917 2077 1075 2130 Terra
1108 2094 1162 2130 ea
1196 2079 1366 2139 enim.
1395 2079 1586 2146 inquit,
1618 2090 1666 2133 et
1687 2082 1740 2133 in
1780 2090 1972 2133 terram
2005 2091 2221 2134 reverte-

690 2187 706 2214 ι
755 2167 829 2220 ria
860 2168 920 2220 “.
951 2167 1054 2220 Par
1100 2167 1200 2221 fuit
1243 2171 1407 2231 enim,
1437 2180 1496 2220 ut
1528 2168 1652 2222 huic
1680 2170 1976 2223 remedium
2011 2185 2222 2224 accom-

684 2269 704 2305 ι
753 2258 1054 2310 moderetur
1099 2257 1332 2324 quodam
1365 2267 1552 2324 pacto,
1582 2272 1676 2324 per
1713 2259 2039 2312 sanctissimi
2074 2259 2218 2313 illius

686 2363 703 2394 ι
751 2343 908 2397 Verbi
965 2347 1526 2400 communicationem.
1565 2366 1584 2397 ι
1621 2345 1812 2402 Videte
1859 2359 2034 2402 autem
2072 2360 2130 2402 ut
2164 2351 2216 2403 in

681 2435 802 2487 istis
853 2449 1036 2488 secum
1088 2436 1314 2503 ipsemet
1374 2435 1652 2490 Marcellus
1689 2448 1903 2506 pugnet.
1941 2437 2072 2492 Nam
2126 2441 2215 2508 qui

676 2524 805 2578 alibi
841 2525 1136 2579 dixeratu
1170 2523 1496 2593 Principium
1547 2528 1751 2580 viarum
1819 2529 2025 2581 Domini
2089 2544 2217 2583 con-

685 2632 704 2664 ι
748 2614 911 2669 ditant
949 2629 1067 2669 esse
1099 2631 1338 2680 carnem,
1364 2636 1380 2668 ι
1417 2626 1471 2671 et
1504 2618 1594 2685 qui
1626 2620 1860 2672 secundo
1903 2618 2038 2679 loco,
2070 2634 2216 2673 eam-

673 2709 795 2759 dem
853 2709 1028 2774 posuit
1068 2706 1486 2772 fundamentum,
1540 2709 1860 2775 subjungit:
1899 2707 2213 2778 Priusquam

677 2807 816 2848 terra
854 2798 1176 2860 conderetur,
1216 2799 1302 2850 ubi
1361 2799 1537 2853 denuo
1585 2814 1678 2866 per
1722 2808 1918 2852 terram
1967 2799 2214 2867 intelligit

675 2900 893 2939 carnem
927 2903 1135 2950 :neque
1180 2889 1330 2950 vidit,
1390 2891 1583 2943 dictam
1647 2891 2122 2959 inconsequenter,
2150 2899 2206 2954 ἧι

673 2987 800 3032 :nte
836 2993 1050 3031 carnem
1099 2980 1369 3032 conditam
1409 2995 1524 3033 esse
1563 2996 1778 3035 carnem
1812 3000 1825 3034 :
1856 2994 1906 3034 et
1938 2992 2058 3050 post
2095 2997 2210 3035 car-

2337 567 2355 597 ι
2395 565 2484 601 τον
2511 550 2787 619 ὀνομάζων
2804 553 2901 622 τὴν
2931 551 3070 604 κατά
3090 553 3265 619 σάρκα
3285 549 3446 602 αὑτοῦ
3473 548 3883 616 πρωρισθείσαν

2336 652 2354 685 ι
2391 636 2696 704 οἰκονομίαν
2732 654 2748 671 ο
2788 639 2864 701 ὼς
2903 640 3049 690 καὶὸ
3093 639 3392 701 Δπόστολος
3419 636 3584 704 λέγει,
3616 635 3884 704 θεμέλιον

2335 743 2353 774 ι
2392 727 2501 793 τὰρ
2522 727 2713 779 ἄλλον
2735 728 2930 793 οὐδεὶς
2953 728 3194 780 δύναται
3221 729 3424 791 θεῖναι,
3455 727 3611 794 παρὰ
3635 727 3742 778 τὸν
3765 727 3880 777 κεί-

2335 835 2352 866 ι
2389 834 2594 884 μενον.
2640 817 2706 880 ὅς
2750 819 2919 871 ἐστιν
2975 819 3208 884 Ἰησοῦς
3246 819 3516 886 Χριστός.
3567 836 3586 868 ι
3648 816 3798 876 Ἑνδς
3829 816 3882 866 δὲ

2328 907 2518 968 αίῶνος
2559 908 2790 960 ἐνταῦθα
2821 911 3107 980 μέμνηται,
3139 910 3230 976 ἀφ’
3257 902 3316 961 οὗ
3362 908 3431 961 τὰ
3456 907 3593 961 κατὰ
3620 909 3712 960 τὸν
3752 907 3884 974 Χρι-

2330 997 2450 1048 στὸν
2490 997 2906 1066 τεθεμελιῶσθαι
2949 999 3070 1068 ἔφη.
3112 999 3220 1052 Καὶ
3252 999 3414 1050 πάλιν
3451 1000 3550 1068 τὴν
3579 997 3749 1067 αὐτὴν
3798 995 3884 1064 βε-

2327 1084 2469 1138 ϐαιοῖ
2502 1086 2643 1150 λέξιν
2690 1088 2943 1155 φάσκων·
2991 1107 3011 1140 ι
3061 1089 3292 1150 Εἰκότως
3335 1090 3364 1141 6
3405 1091 3688 1157 προφήτης
3741 1087 3881 1154 ἔφη.

2332 1195 2348 1226 ι
2392 1176 2508 1242 Πρὸ
2555 1177 2658 1230 τοῦ
2694 1177 2907 1244 αἰῶνος
2954 1177 3299 1257 ἐθεμελίῳσέ
3341 1195 3455 1246 με·
3483 1179 3662 1247 δῆλον,
3711 1178 3794 1229 ὅτι
3825 1176 3882 1228 τὺ

2331 1285 2348 1314 ι
2391 1266 2530 1319 κατά
2568 1267 2743 1336 σάρκα
2781 1267 2869 1320 διά
2896 1268 2994 1338 τὴν
3032 1270 3164 1337 πρὸς
3192 1268 3281 1320 τὸν
3317 1267 3527 1338 άληθῶς
3557 1267 3686 1319 Υἱὺν
3714 1267 3880 1322 αὑτοῦ

2329 1374 2347 1405 ι
2385 1357 2556 1423 Λόγον
2585 1358 2883 1410 κοινωνίαν.
2931 1377 2950 1408 ι
3000 1361 3106 1413 Καὶ
3127 1359 3360 1426 ἐπιλέγει
3395 1359 3548 1428 ἑξῆς·
3581 1377 3600 1408 ι
3651 1355 3783 1412 Εἶτα
3824 1359 3881 1408 ὲν

2329 1465 2348 1496 ι
2385 1448 2548 1516 ἀρχῇ,
2585 1448 2738 1516 φησι,
2764 1447 2871 1517 πρὸ
2895 1447 2991 1501 τοῦ
3017 1448 3114 1518 τὴν
3143 1451 3244 1518 γῆν
3272 1450 3509 1518 ποιῆσαι.
3537 1448 3646 1518 Γῆν
3685 1449 3878 1512 animi;

2328 1555 2346 1586 ι
2383 1536 2597 1606 Ταύτην
2644 1537 2880 1607 δηλονότι
2927 1540 3023 1608 τὴν
3056 1541 3327 1610 ἡμετέραν
3378 1540 3572 1611 σάρκα,
3603 1539 3704 1610 τὴν
3737 1542 3878 1610 μετά

2328 1644 2345 1674 ι
2381 1626 2476 1695 τὴν
2523 1627 2802 1698 παρακοήν
2848 1628 2952 1698 γῆν
2987 1624 3140 1691 αὖθις
3166 1631 3473 1699 γενομένην.
3515 1627 3604 1696 Γῆ
3647 1628 3756 1696 τὰρ
3802 1629 3876 1689 ετ,

2327 1734 2346 1764 ι
2383 1718 2541 1784 φησὶ,
2572 1720 2666 1770 καὶ
2704 1722 2790 1785 εὶς
2832 1718 2949 1787 γῆν
2985 1721 3313 1789 ἁπελεύσῃ.
3352 1721 3491 1773 Ἔδει
3526 1721 3636 1790 γὰρ
3671 1719 3876 1788 ταύτην

2327 1824 2345 1855 ι
2383 1807 2574 1870 ἰάσεως
2601 1812 2800 1876 τυχεῖν,
2830 1809 2948 1862 τινά
2972 1811 3168 1874 τρόπον
3203 1813 3599 1881 κοινωνήσασαν
3631 1809 3711 1880 τῷ
3735 1811 3875 1878 ἁγίῳ

2325 1914 2347 1947 ι
2388 1896 2560 1967 Λόγῳ.
2602 1916 2620 1950 ι
2655 1898 2762 1951 Θέα
2782 1899 2838 1952 δὲ
2863 1899 2978 1964 πῶς
2997 1902 3055 1952 ὲν
3077 1899 3283 1964 τούτοις
3309 1904 3338 1954 6
3361 1900 3672 1974 Μάρκελλος
3696 1900 3874 1969 ἑαυτῷ

2319 1987 2648 2054 περιπίπτει.
2678 1989 2860 2058 Φήσας
2887 1989 3014 2057 γοῦν
3047 1994 3103 2043 ἐν
3134 1992 3301 2061 ἑτέρῳ
3340 2008 3360 2041 ι
3395 1986 3533 2043 εἶναι
3565 1991 3666 2061 τὴν
3695 1990 3871 2061 ἀρχὴν

2324 2097 2344 2127 α
2380 2077 2514 2130 ὁδῶν
2553 2076 2646 2129 τοῦ
2695 2079 2896 2148 Κυρίου
2952 2080 3416 2144 κατακτισθεῐσαν,
3467 2098 3486 2131 t
3554 2080 3647 2150 uel.
3708 2080 3872 2132 πάλιν

2317 2168 2596 2236 θεμέλιον
2631 2169 2727 2238 τὴν
2766 2170 2934 2240 αὐτὴν
2967 2167 3102 2224 εἶναι
3131 2170 3318 2236 εἰπὼν,
3359 2172 3555 2239 ἐπάγει
3590 2171 3675 2234 τὺ,
3708 2189 3728 2222 ι
3754 2171 3868 2242 Πρὸ

2323 2277 2340 2309 ι
2380 2258 2473 2310 τοῦ
2516 2260 2612 2329 τὴν
2647 2259 2748 2326 γῆν
2795 2262 3032 2328 ποιῆσαι.
3089 2279 3106 2311 ι
3150 2256 3258 2313 Εἶθ’
3301 2261 3587 2330 ἑρμηνεύει
3626 2261 3726 2332 τὴν
3762 2261 3869 2330 γῆν

2318 2347 2476 2400 πάλιν
2500 2349 2596 2418 τὴν
2642 2351 2816 2418 σάρκα
2853 2345 3012 2414 εἶναι,
3058 2352 3155 2422 οὐχ
3192 2352 3332 2421 ὁρῶν
3357 2352 3430 2414 ὼς
3473 2353 3724 2421 οὐδεμίαν
3750 2354 3867 2422 ἔχει

2316 2439 2650 2500 ἀκολουθίαν,
2681 2441 2784 2510 πρὸ
2808 2441 2908 2509 τῆς
2944 2443 3142 2512 σαρκὸς
3171 2443 3267 2511 τὴν
3304 2443 3479 2512 σάρκα
3514 2442 3753 2494 ἐκτίσθαι
3780 2442 3865 2494 λέ-

2316 2545 2452 2595 γειν,
2495 2530 2588 2581 καὶ
2629 2530 2763 2598 μετὰ
2802 2531 2898 2600 τὴν
2945 2531 3118 2583 κτίσιν
3165 2532 3262 2601 τῆς
3305 2532 3532 2601 σαρκὸς,
3563 2530 3723 2584 πάλιν
3765 2533 3864 2600 τὴν

2316 2620 2490 2688 σάρκα
2517 2620 2818 2688 ὀνομάζειν.
2857 2622 2913 2674 '0
2943 2621 2998 2673 δὲ
3023 2620 3131 2689 (66)
3165 2622 3242 2674 ἔτι
3271 2622 3402 2691 πρὸς
3431 2621 3635 2684 τούτοις
3669 2623 3862 2690 ἐπιφά-

2315 2724 2397 2777 ρει
2429 2709 2551 2778 ὲξῆς
2578 2710 2766 2776 λέγων,
2793 2705 2930 2772 εἶτα,
2962 2729 2979 2760 ι
3026 2711 3135 2782 Πρὸ
3168 2711 3260 2763 τοῦ
3304 2711 3399 2774 τὰς
3437 2711 3702 2775 ἀϐύσσους
3739 2730 3863 2766 ποι-

2311 2797 2457 2864 ῆσαι.
2498 2815 2515 2845 ›
2554 2797 2929 2866 παροιμιωδῶς
2984 2799 3013 2849 6
3056 2799 3336 2868 προφήτης
3379 2799 3474 2861 τὰς
3530 2800 3634 2852 τῶν
3691 2801 3862 2868 ἁγίων

2311 2886 2531 2955 καρδίας
2563 2883 2697 2940 εἶναι
2721 2888 2884 2953 λέγει,
2918 2888 3013 2950 τὰς
3037 2889 3094 2940 ὲν
3121 2889 3196 2957 τῷ
3221 2889 3422 2940 ἑαυτῶν
3457 2889 3607 2959 βάθει
3635 2890 3732 2959 τὴν
3763 2890 3859 2943 τοῦ

2310 2976 2616 3044 Πνεύματος
2651 2978 2875 3046 ἐχούσας
2900 2978 3125 3049 δωρεάν.
3149 2980 3257 3032 Καὶ
3298 2981 3355 3030 έν
3393 2978 3599 3042 τούτοις
3634 2980 3690 3032 δὲ
3721 2982 3858 3049 πρό-

674 3083 794 3119 nem
818 3069 1105 3130 cenditam,
1137 3067 1328 3121 iterum
1376 3069 1427 3121 in
1473 3072 1650 3124 carnis
1679 3074 1893 3125 nomine
1940 3075 2206 3128 insistere.

2312 3083 2456 3134 σχες,
2490 3068 2633 3130 ὅπως
2660 3072 2736 3130 εις
2766 3069 2862 3138 τὴν
2891 3068 3065 3137 σάρκα
3093 3066 3332 3120 ἐκλαϐὼν
3366 3068 3612 3138 εἰρῆσθαι
3629 3070 3712 3131 τὸ,
3737 3072 3856 3123 Κύ-

674 3159 764 3210 llle
794 3169 968 3211 tamen
1015 3158 1112 3210 ista
1157 3158 1528 3226 superioribus‘
1572 3161 1634 3213 ad
1679 3160 1818 3212 hunc
1846 3163 2053 3214 modum
2080 3163 2206 3217 sub-

674 3246 840 3299 nectit
873 3259 886 3296 :
918 3247 1004 3314 [ιι.
1056 3243 1173 3298 XIX
1221 3245 1343 3298 coll.
1392 3261 1444 3315 p.
1501 3245 1600 3298 158
1631 3246 1670 3298 Β
1699 3247 1713 3317 ]
1751 3249 1924 3302 «Ante
1959 3249 2207 3305 formatas

677 3353 695 3384 ι
743 3339 980 3403 abyssos.
1022 3353 1039 3384 ι
1103 3335 1324 3402 Abguos
1400 3337 1849 3403 proverbialiter,
1902 3348 2204 3392 sanctorum

670 3427 829 3478 corda
882 3433 1152 3492 nuncupat
1187 3427 1462 3494 propheta,
1509 3426 1558 3478 iu
1589 3442 1823 3494 quorum
1857 3443 2046 3496 nempe
2079 3445 2201 3496 prn-

670 3517 1022 3570 {unditatibus
1051 3517 1186 3568 dona
1217 3517 1452 3584 Spiritus
1482 3519 1936 3571 recondebantur.
1978 3520 2072 3574 llic
2094 3521 2203 3588 jam

668 3607 721 3659 in
769 3605 885 3660 istis
940 3608 1183 3660 attendas
1231 3616 1430 3669 autem,
1483 3611 1750 3675 quomodo
1785 3612 1851 3671 is,
1879 3613 1968 3678 qui
2005 3613 2201 3665 dictum

666 3696 796 3750 illud
830 3695 1119 3750 :Dominus
1162 3699 1390 3749 condidit
1434 3715 1511 3750 me
1535 3702 1598 3764 ι’,
1635 3701 1700 3753 de
1727 3715 1892 3754 carne
1923 3703 2202 3757 intellexe-

669 3798 772 3849 rat,
813 3802 840 3838 a
881 3787 1154 3855 Scriptura
1195 3789 1450 3856 deinceps
1477 3791 1526 3842 in
1566 3804 1846 3858 angustum
1874 3807 2200 3863 compactos,

667 3892 785 3944 qua:
823 3878 970 3938 dicit,
1011 3889 1283 3939 antequam
1329 3879 1680 3944 formarentur
1721 3885 1989 3951 abyssi";
2032 3887 2201 3939 inter-

667 3979 908 4036 pretatur
953 3967 1193 4036 abyssos,
1233 3979 1536 4023 sanctorum
1580 3973 1738 4024 corda
1777 3988 1916 4027 :nec
1969 3977 2200 4031 advettit

664 4062 804 4124 quod
854 4061 1012 4110 corda
1077 4069 1405 4130 sanctorum,
1458 4069 1582 4124 puta
1635 4051 1946 4127 Abrahami,
2011 4065 2195 4132 Isaaci,

663 4145 867 4208 Jacobi,
895 4146 1108 4216 Moysis,
1144 4146 1323 4210 Helia,
1365 4150 1757 4216 Melchisedeci,
1789 4165 1840 4207 et
1873 4155 2197 4224 reliquorum

664 4239 1038 4305 prophetarum
1064 4278 1076 4301 ,
1119 4251 1242 4293 ante
1287 4239 1589 4296 Servatoris
1635 4245 2058 4300 incarnationem
2086 4247 2198 4301 fue-

663 4336 798 4378 rant.
826 4326 922 4391 Qui
949 4337 1122 4394 potest
1159 4342 1285 4396 ergo
1332 4329 1458 4382 illud
1493 4332 1557 4382 ad
1583 4346 1796 4386 carnem
1825 4334 2009 4388 referri
2046 4338 2194 4389 :An-

2299 3174 2428 3223 ριος
2473 3158 2670 3212 sum
2713 3175 2805 3226 με,
2851 3157 3037 3210 ἔπειτα
3081 3158 3572 3228 στενοχωρούμενος
3622 3160 3725 3212 ὑπὸ
3753 3161 3856 3229 τῆς
3898 3163 3906 3167 ’

2305 3248 2522 3317 Γραφῆς
2548 3248 2825 3317 λεγούσης,
2856 3247 2971 3314 Πρὸ
2999 3247 3104 3301 τοῦ
3129 3247 3233 3312 τὰς
3259 3249 3564 3314 ἀϐύσσους
3586 3250 3853 3314 ποι-ἧσαι,

2303 3340 2400 3401 τὰς
2429 3340 2524 3407 μὲν
2555 3338 2816 3400 ἀϐύσσους
2836 3338 3144 3408 ὲρμηνεύει,
3167 3339 3263 3400 τὰς
3288 3339 3395 3390 τῶν
3419 3341 3585 3406 ἁγίων
3607 3341 3850 3409 καρδία-ς,

2304 3427 2473 3494 λέγων
2504 3429 2668 3492 αὑτὰς
2708 3424 2866 3489 εἶναι,
2899 3430 2959 3480 ού
3003 3431 3199 3499 συνορᾷ
3243 3431 3320 3493 δὲ,
3351 3432 3429 3482 ὅτι
3463 3432 3516 3483 αἱ
3544 3431 3650 3484 τῶν
3683 3432 3851 3499 ἁγίων

2303 3518 2535 3584 καρδίαι,
2566 3517 2658 3569 τοῦ
2701 3517 2944 3588 Ἀϐραὰμ
2971 3518 3166 3588 δηλαδὴ
3193 3521 3284 3571 καὶ
3307 3520 3399 3571 τοῦ
3440 3521 3620 3573 Ἰσαὰκ
3640 3523 3732 3574 καὶ
3754 3522 3847 3575 τοῦ

2315 3607 2524 3669 Ἰακὼϐ,
2554 3609 2822 3670 Μωῦσέως
2849 3624 2907 3659 τε
2942 3609 3033 3662 καὶ
3070 3609 3246 3661 Ἠλίου
3278 3611 3364 3663 καὶ
3401 3610 3724 3680 Μελχισεδὲκ
3754 3616 3849 3666 καὶ

2299 3697 2405 3748 τῶν
2431 3697 2627 3749 λοιπῶν
2662 3696 2965 3767 προφητῶν,
2990 3699 3094 3768 πρὸ
3123 3699 3221 3769 τῆς
3245 3700 3441 3770 σαρκὸς
3468 3702 3720 3769 γεγόνασι
3749 3703 3843 3755 τοῦ

2300 3789 2565 3857 Σωτῆρος.
2597 3788 2717 3849 Πῶς
2747 3785 2838 3839 οὖν
2866 3788 3084 3840 δυνατὸν
3113 3791 3202 3840 ἐπὶ
3235 3789 3329 3859 τὴν
3359 3790 3531 3859 σάρκα
3559 3791 3845 3863 ἀναφέρειν

2299 3878 2415 3944 Πρὸ
2447 3879 2549 3931 τοῦ
2579 3879 2682 3941 τὰς
2722 3880 3027 3942 ἀϐύσσους
3072 3879 3351 3944 ποιῆσαι;
3398 3883 3505 3933 Καὶ
3535 3882 3632 3950 μεθ
3684 3885 3844 3954 ἔτερα

2297 3969 2352 4020 δὲ
2379 3965 2529 4030 αὖθις
2571 3969 2760 4036 ἐπάγει
2797 3968 2999 4036 λέγων’
3054 3988 3072 4018 ι
3121 3970 3184 4021 Τί
3222 3971 3397 4022 τοίνυν
3431 3972 3544 4024 ἐστὶ
3587 3973 3644 4024 τὸ
3675 3976 3841 4042 κεφά-

2303 4077 2321 4109 ι
2361 4059 2522 4122 λαιον,
2554 4059 2667 4126 Πρὸ
2704 4059 2808 4113 τοῦ
2844 4059 3152 4127 προελθεῖν
3177 4061 3283 4124 τὰς
3318 4061 3542 4129 πητὰς;
3577 4063 3743 4116 Τοῦτο
3772 4067 3838 4135 δὴ

2301 4169 2318 4200 ι
2356 4153 2485 4220 ἡμῖν
2538 4151 2597 4202 τὸ
2653 4151 2944 4219 μυστήριον
2998 4149 3322 4219 παρίστησιν
3375 4154 3408 4220 ἡ
3462 4153 3560 4222 τῆς
3631 4153 3836 4217 Ἐξόδου

2300 4261 2317 4292 ι
2359 4240 2558 4310 γραφὴ,
2589 4241 2712 4301 τοὺς
2734 4240 2839 4291 τῶν
2864 4239 3172 4292 ἀποστόλων
3201 4239 3400 4303 τύπους
3424 4242 3588 4295 πάλαι
3611 4261 3840 4315 προαγο-

2300 4350 2317 4382 ι
2361 4330 2600 4402 ρεύουσα·
2631 4330 2833 4383 δώδεκα
2868 4331 2973 4398 γὰρ
3001 4330 3167 4384 ὄντων
3196 4331 3284 4383 τὸν
3312 4331 3534 4402 ἀριθμὸν
3573 4334 3679 4387 τῶν
3707 4338 3838 4388 ἀπο-

663 4429 864 4486 tequam
919 4419 1090 4485 abyssi
1140 4418 1533 4486 formarentur?
1581 4421 1714 4474 Post
1769 4425 2019 4491 deinceps
2064 4427 2188 4488 alia,

2312 4443 2318 4474 ι
2360 4395 2554 4476 στόλων
2580 4421 2780 4475 δώδεκα
2809 4395 2998 4492 πηγῶν
3028 4422 3315 4492 μέμνηται.
3350 4395 3461 4494 ίϐἹ)
3497 4444 3515 4475 ι
3550 4427 3657 4480 Καὶ
3685 4423 3837 4492 αὖθις

663 4509 854 4561 iterum
883 4509 1141 4560 subinfert
1192 4509 1434 4576 inquiens
1461 4509 1549 4579 [Β.
1584 4511 1678 4564 XX
1713 4513 1833 4566 coll.
1862 4529 1914 4582 p.
1948 4515 2043 4570 159
2075 4516 2136 4587 B]
2173 4537 2184 4570 :

666 4615 684 4645 ι
716 4598 848 4661 Quid
884 4598 1008 4650 illud
1041 4611 1213 4653 autem
1257 4602 1556 4654 membrum
1590 4603 1689 4655 sibi
1723 4605 1871 4656 vult:
1900 4607 2187 4676 Antequam

665 4708 683 4739 ι
730 4689 893 4755 [ames
937 4691 1711 4759 producerentur“?Equidem
1747 4695 1845 4748 hoc
1877 4699 2184 4766 mysterium

660 4796 683 4830 ‹
734 4788 949 4830 enarrat
1000 4778 1149 4832 nobis
1196 4778 1468 4847 Scriptura
1510 4781 1868 4838 Exodi”°"in
1908 4801 2015 4853 qua
2059 4788 2182 4840 olim

728 4981 785 5037 >14
823 4976 919 5029 Ed.
946 4975 1142 5033 Paris..
1179 4992 1296 5047 pag.
1333 4977 1421 5030 46.

657 5047 962 5102 ¹³.¹”Ειοι1.
987 5066 1075 5121 xv,
1106 5055 1193 5112 2'7.

725 5247 834 5314 (66)
854 5247 1035 5324 Aango
1170 5261 1219 5324 et
1252 5253 1309 5302 οὐ
1345 5252 1576 5324 συνορῶν
1617 5252 1659 5304 δ’
1689 5254 1766 5306 ὃτι
1805 5254 1979 5306 αὐτῶν
2004 5271 2055 5306 τ.
2090 5255 2179 5321 άγ.

651 5319 706 5368 αἱ
742 5317 892 5384 καρδ.
931 5329 976 5367 et
1001 5319 1149 5369 τοῦτο
1181 5320 1251 5370 δέ.

722 5387 829 5454 (ὅτ)
845 5386 1188 5438 Δώδεκατώιι·
1207 5388 1406 5457 πηγῶν
1416 5390 1720 5457 μέμνηται.
1742 5389 1905 5443 Sensu
1930 5394 2180 5454 secundo,

651 5465 704 5508 et
734 5460 950 5526 mystico
985 5460 1082 5507 hoc
1117 5473 1296 5509 verum
1332 5475 1444 5510 esse
1477 5470 1671 5526 potest,
1703 5470 1756 5509 ut
1798 5475 1866 5512 Ml
1899 5460 1968 5511 illi
2013 5461 2181 5511 fontes

654 5526 706 5575 in
745 5524 895 5587 Elim,
931 5528 1065 5576 unde
1103 5527 1347 5579 Israelita:
1388 5529 1435 5578 in
1478 5524 1693 5580 deserto
1733 5529 2178 5590 refocillaltantnr,

1497 4981 1539 5010 ¹⁰
1575 4980 1588 5033 I
1624 4979 1747 5035 Cor.
1782 4995 1862 5044 IlI,
1904 4984 1984 5036 Il.
2062 4984 2100 5013 “
2128 4983 2261 5036 Gen.
2300 5001 2378 5048 III,
2412 4987 2494 5040 I9.

2294 4513 2482 4580 ἐπάγει
2514 4513 2574 4564 τὸ
2604 4513 2752 4575 αὐτὸ,
2781 4513 3003 4582 γράφων
3033 4512 3203 4575 οὕτως
3222 4531 3235 4542 ⁸
3270 4533 3289 4564 ι
3325 4514 3558 4578 Εἰκότως
3587 4513 3678 4569 οὖν
3708 4521 3833 4588 περὶ

2299 4621 2317 4655 ι
2357 4605 2454 4672 τῆς
2481 4603 2615 4656 κατά
2639 4606 2812 4674 σάρκα
2839 4603 3096 4670 γενέσεως
3123 4606 3152 4656 6
3175 4603 3432 4675 δεσπότης
3456 4606 3542 4659 διά
3577 4607 3668 4660 τοῦ
3705 4627 3834 4680 προ-

2293 4714 2308 4745 ι
2351 4696 2514 4763 φήτου
2557 4694 2859 4763 Σολομῶνος
2887 4693 3152 4761 λέγοντος,
3205 4694 3309 4763 (68)
3343 4698 3460 4764 Πρὸ
3485 4699 3591 4752 τοῦ
3621 4705 3828 4768 προελ-

2286 4785 2409 4839 θεῖν
2447 4787 2553 4849 τὰς
2579 4784 2770 4852 πηγὰς
2799 4782 2913 4836 τῶν
2938 4784 3186 4852 ὑδάτων,
3215 4785 3337 4857 ἔφη.
3378 4806 3396 4837 ι
3449 4788 3570 4842 Ἐπὶ
3596 4791 3663 4843 τά
3704 4792 3828 4856 ἑξῖις

2573 4990 2613 5018 ¹¹
2647 4987 2803 5039 Prov.
2840 4986 3064 5048 vm,22.
3163 4989 3207 5020 ¹³
3235 4989 3364 5044 Ibid.
3400 4991 3487 5046 ει.

3623 4996 3666 5028 ⁸⁵
3694 4997 3822 5053 Ibid.

2279 5257 2475 5322 lapides
2488 5255 2766 5333 dicuntur.
2788 5254 2889 5309 Sed
2921 5256 3220 5333 Marcellum
3251 5262 3324 5310 ait
3343 5259 3629 5333 Eusebius.
3658 5279 3818 5333 quam

2277 5337 2424 5445 lrecte
2455 5325 2663 5443 vidhtirit,
2714 5338 2868 5378 sensu
2903 5329 3094 5390 primo,
3133 5338 3186 5381 et
3229 5329 3366 5380 κατά
3389 5331 3624 5400 γράμμα
3658 5325 3820 5391 intel-

2296 5408 2484 5446 CXISSC.
2581 5430 2593 5443 .

2347 5430 2827 5536 ξίῖέςγέόᾷομῶνος
2852 5463 3487 5536 λέγοντοςονίιθκιθηὸιιηι
3532 5469 3699 5536 λέγει,
3733 5473 3813 5525 vel

2276 5531 2517 5596 λέγοντος
2538 5531 2740 5598 εἴρηκε.
2770 5532 2834 5586 Μ.
2853 5563 2920 5571 -
2936 5535 3063 5586 Dein
3093 5535 3245 5601 vulgo
3267 5531 3325 5586 τὸ
3354 5535 3552 5589 λεῖπον.
3588 5531 3752 5592 Ρωτίη
3772 5541 3814 5594 R

654 5607 727 5672 sit
756 5594 1017 5679 uposurtlns
1045 5594 1494 5679 prztéliguraverint
1528 5611 1541 5646 :
1582 5598 1794 5679 id'enim
1824 5600 1968 5649 tnulti
2000 5598 2181 5679 volunt

2312 5594 2543 5679 ιαξδάχους
2585 5594 2822 5679 αίξιίττε),
2858 5605 3004 5679 ‘quod
3046 5594 3232 5679 falsum
3289 5616 3452 5679 es_t_p.
3494 5606 3558 5660 7O
3600 5609 3638 5662 D
3681 5610 3814 5679 lim;

651 5664 722 5716 ita
745 5675 879 5714 esse.
909 5661 1197 5725 Quomodo,
1231 5675 1282 5718 et
1313 5677 1534 5730 montes,
1571 5665 1748 5732 colles,
1775 5679 1953 5735 petrae,
1984 5668 2169 5730 nubes,

2280 5670 2413 5722 intra
2452 5672 2603 5737 vulgo
2633 5669 2663 5737 ἢ
2699 5670 2816 5722 καθ’
2849 5669 2940 5739 όμ.
2974 5683 3024 5727 et
3054 5674 3126 5735 ὡς
3153 5673 3243 5726 καὶ
3270 5674 3537 5737 πολλάκις.
