4070 6304
167 359 286 413 805

164 474 341 544 ιτερά
385 489 505 525 τινα
540 471 777 532 διελθὼν,
814 472 1058 540 επιφέρει
1094 489 1105 500 ·

170 584 191 615 ί
234 564 368 632 περὶ
412 562 520 614 τῶν
560 562 901 631 προαγόντων
935 563 1260 632 εἰρήκαμεν,
1307 562 1593 614 ἀκόλουθόν
1624 564 1739 614 ἐστι

170 671 189 701 ι
234 652 331 703 καὶ
358 649 417 702 τό
439 650 616 701 λεῖπον
642 648 1044 718 ἀναπληρῶσαι.
1064 650 1251 703 Λείπει
1272 648 1328 701 δὲ
1349 649 1427 711 τὸ,
1459 667 1477 699 ι
1502 651 1650 702 κατὰ
1670 650 1741 702 τὰ

172 761 191 790 σ
236 741 349 807 ὄρη
369 742 465 793 καὶ
500 740 636 804 τοὺς
658 740 941 803 βουνούς.
997 741 1108 811 Πρὸ
1134 742 1241 811 γάρ
1263 740 1357 793 τοῦ
1378 741 1445 792 τὰ
1474 742 1574 810 ὅρη
1593 741 1740 809 ἐδρα-

170 850 189 879 e
232 830 447 899 σθῆναι,
500 831 650 899 φησι,
688 831 792 901 πρὸ
829 831 884 883 δὲ
924 832 1140 883 πάντων
1182 832 1289 883 τῶν
1330 830 1552 899 βουνῶν,
1577 832 1737 899 γεννᾷ

171 940 190 971 ι
240 938 330 989 με.
362 923 499 989 Ὀρη
534 922 624 973 καὶ
654 922 869 990 βουνοὺς
894 924 1017 983 τοὺς
1037 921 1357 983 ἀποστόλους
1378 922 1609 982 καὶτοὺς
1630 920 1737 972 τῶν

172 1026 190 1058 ι
235 1008 548 1059 ἀποστόλων
576 1009 849 1079 διαδόχους
892 1006 1025 1061 εἶναι
1046 1049 1060 1072 ,
1086 1011 1172 1063 ἴνα
1202 1012 1351 1081 παρὰ
1394 1012 1517 1073 τοὺς
1546 1010 1735 1073 ἀλλους

172 1115 192 1146 ι
235 1096 555 1167 ἀνθρώπους
581 1097 677 1167 τὴν
723 1101 840 1151 κατ’
867 1100 1043 1151 αὐτῶν
1062 1099 1273 1153 δικαίαν
1305 1100 1573 1153 πολιτείαν
1600 1117 1737 1171 παρ-

172 1206 191 1237 ι
234 1188 505 1256 οιμιωδῶς
553 1190 811 1259 σημαίνῃ.
874 1208 892 1240 ι
943 1190 1206 1252 Τοιαύτας
1251 1190 1399 1253 τινὰς
1442 1192 1735 1261 ἑρμηνείας

165 1281 495 1351 ἐκθέμενος,
545 1279 698 1345 αὖθις
744 1286 834 1335 ἐπὶ
878 1284 975 1346 τάς
1021 1284 1376 1347 ἀποπολικάς
1421 1284 1733 1353 μεταϐαίνει

166 1372 379 1439 φωνὰς,
400 1374 655 1427 τάναντία
682 1373 759 1442 τῷ
800 1373 1101 1444 ’Λποστόλῳ
1128 1374 1509 1444 φθεγγόμενος.
1554 1375 1609 1426 '0
1637 1376 1732 1443 μὲν

166 1465 280 1534 γὰρ
317 1465 409 1517 τὸν
468 1466 701 1535 προόντα
762 1465 896 1518 Υίὸν
929 1466 1033 1519 τοῦ
1064 1465 1210 1519 Θεοῦ
1236 1466 1329 1518 καί
1356 1467 1733 1533 Πρωτότοκον

164 1551 374 1619 πάσης
409 1554 657 1616 κτίσεως
701 1550 860 1603 αὑτὸν
904 1548 1044 1604 εἶναι
1083 1551 1325 1609 ἐδίδασκε
1346 1568 1357 1580 ·
1385 1552 1451 1603 τά
1476 1550 1650 1603 πάντα
1674 1546 1738 1603 ἐν’

166 1642 339 1711 αὐτῷ,
366 1642 457 1694 καὶ
474 1642 539 1693 δι’
564 1639 723 1693 αὐτοῦ
753 1642 1013 1695 ἐκτίσθαιο
1038 1641 1199 1694 αὐτόν
1232 1658 1291 1693 τε
1326 1636 1463 1693 εἶναι
1482 1641 1585 1709 πρὸ
1606 1641 1731 1693 πάν·

162 1747 273 1783 των
323 1730 532 1801 μεγάλῃ
557 1728 651 1799 βοῇ
677 1730 1101 1801 μαρτυρόμενος·
1128 1732 1156 1782 6
1190 1729 1247 1782 δὲ
1277 1729 1369 1781 ἐπὶ
1408 1729 1505 1798 τὴν
1528 1730 1727 1800 σάρκα,

1289 358 1568 414 CONTRA
1612 355 2041 413 MARCELLUM
2081 354 2208 408 LIB.
2256 354 2321 409 ll.

1146 490 1162 521 ι
1194 473 1399 525 υὺκοῦν
1452 473 1729 541 ἐπειδήπερ

1851 490 1867 518 ι
1916 469 2275 538 apostolorum
2302 468 2411 536 typi
2438 466 2960 534 praenuntiabantur.
2991 465 3235 521 Meminit
3264 469 3413 521 enim

3308 354 3414 408 806

1847 578 1865 608 ι
1913 567 2092 612 textus
2120 557 2208 612 ille
2232 556 2514 611 duodecim
2545 555 2773 609 tontium
2806 556 2857 609 in
2884 556 3021 609 Elim
3047 600 3062 624 ,
3115 569 3239 609 cum
3284 571 3417 624 apo-

1848 667 1865 698 σ
1912 648 2174 703 stolarum
2216 648 2415 702 chorus
2463 656 2608 701 esset
2648 646 3030 701 duodenarius.
3064 666 3083 697 ι
3123 647 3265 701 Idem
3312 648 3415 701 ite-

1842 756 1958 793 rum
1990 739 2079 793 ille
2108 739 2311 806 regerit
2359 739 2425 792 ad
2485 738 2627 791 hunc
2657 738 2897 802 modum,
2926 737 3215 807 inquiens:
3257 756 3275 788 ι
3302 738 3414 789 ωε-

1845 848 1863 878 ι
1915 830 2017 882 rito
2062 828 2226 898 igitur
2250 830 2315 880 de
2347 828 2696 895 generatione
2725 830 3018 881 secundum
3048 841 3270 881 carnem
3308 827 3413 880 Dn-

1844 936 1861 965 ι
1910 919 2086 970 minus
2137 932 2231 985 per
2271 919 2591 985 prophetam
2650 915 2995 969 Salontonem
3028 916 3213 970 dixit:
3245 920 3410 971 Ante-

1843 1026 1861 1058 ι
1908 1024 2063 1076 quam
2092 1009 2261 1075 fontes
2304 1023 2564 1075 aquarum
2616 1008 2968 1075 provenirent.
3001 1025 3019 1056 ι
3052 1004 3107 1059 1η
3141 1010 3416 1073 sequenti-

1837 1100 1968 1161 bus,
2015 1100 2259 1167 quaedam
2307 1098 2410 1151 alia
2478 1108 2797 1166 prosecutus
2857 1098 3020 1165 stylo,
3083 1096 3408 1168 infert:[R.

1833 1187 2003 1259 XXII]
2032 1188 2325 1255 «Quocirca
2348 1204 2469 1242 cum
2490 1188 2848 1256 praecedentia
2869 1189 3130 1241 fuerimus
3146 1189 3412 1251 exsecuti,

1841 1301 1859 1331 ι
1904 1294 2241 1349 consequens
2283 1289 2385 1342 est,
2418 1288 2478 1331 ut
2514 1280 2655 1347 quod
2683 1287 2848 1332 restat
2876 1278 3051 1331 adhuc
3079 1278 3412 1346 expleamus.

1839 1390 1855 1419 ι
1903 1371 2090 1424 Restat
2128 1379 2303 1443 autem
2352 1370 2502 1433 illud,
2541 1385 2647 1436 quo
2677 1368 2923 1421 meminit
2949 1370 3211 1421 montium
3249 1376 3410 1433 atque

1840 1479 1857 1510 ι
1901 1461 2164 1513 saltuum:
2200 1460 2271 1512 ait
2300 1460 2441 1513 enim
2474 1459 2799 1524 :Antequam
2832 1470 3029 1509 montes
3048 1456 3409 1522 ﬁrmarentur,

1840 1569 1858 1599 ι
1906 1566 2027 1601 ante
2060 1564 2238 1601 omnes
2270 1549 2440 1601 saltus
2484 1549 2660 1616 genuit
2697 1561 2793 1599 me.
2829 1543 2964 1600 Esse
3005 1560 3169 1614 porro
3199 1554 3413 1598 montes

1842 1658 1859 1687 ι
1907 1641 2072 1691 hosce
2098 1649 2262 1706 atque
2300 1638 2474 1691 saltus
2508 1638 2786 1703 apostolos
2822 1646 2874 1690 et
2902 1649 3244 1690 successores
3276 1649 3408 1703 apo~

1840 1744 1858 1774 ι
1906 1725 2160 1779 stolorum
2202 1740 2218 1778 ι
2264 1734 2324 1778 ut
2362 1726 2433 1777 ita
2489 1724 2701 1778 illorum
2736 1724 3035 1793 justissima
3064 1724 3411 1778 conversatio

165 1822 260 1873 καὶ
296 1819 500 1889 ταύτην
527 1820 850 1873 καταϐάλλει
899 1820 995 1891 τὴν
1047 1820 1336 1890 θεολογίαψ
1363 1822 1555 1892 μικρὸν
1571 1822 1727 1875 ὓστε-

1835 1834 1849 1866 ι
1898 1828 2063 1885 atque
2109 1817 2227 1869 vita:
2273 1816 2557 1879 institutio,
2587 1826 2713 1869 ante
2757 1830 2946 1869 omnes
3008 1814 3239 1868 aliorum
3269 1818 3409 1885 poli-

169 1926 261 1979 pqv
299 1910 394 1962 καὶ⁵
442 1908 641 1978 ταύτην
673 1908 1016 1979 ἀρνούμενος.
1063 1910 1224 1977 Λέγει
1260 1910 1317 1962 δὲ
1352 1910 1526 1963 οὓτω⁸
1569 1930 1587 1960 ι
1632 1910 1731 1963 Διά

172 2019 191 2051 ι
231 2000 392 2053 τοῦτο
412 2001 632 2062 εἰκότως
654 2000 922 2071 ἐπιφέρει,
949 2001 1048 2064 ’ος
1068 2001 1239 2055 ἐστιν
1257 2000 1433 2054 εἰκὼν
1451 2001 1557 2055 τοῦ
1582 2000 1730 2054 Θεοῦ

172 2111 190 2143 ι
229 2091 338 2144 τοῦ
355 2090 629 2157 ἀοράτου.
665 2109 682 2141 ι
706 2091 842 2143 Πότε
869 2091 1156 2161 γενόμενος
1182 2091 1376 2156 εἰκών;
1403 2093 1473 2143 Ἢ
1492 2092 1730 2161 ὁπηνίκα

164 2181 227 2234 τ’)
263 2181 387 2233 κατ’
434 2181 615 2233 εἰκόνα
638 2182 729 2233 καὶ
765 2181 884 2233 καθ’
908 2182 1167 2251 ὁμοίωσιν
1194 2182 1449 2252 ἀνείληφε
1471 2182 1728 2252 πλάσμα;

171 2291 189 2323 ι
230 2272 501 2342 Πρότερον
528 2271 655 2342 γὰρ,
690 2271 877 2342 ὥσπερ
906 2271 1160 2335 πολλάκις
1188 2272 1342 2342 ἔφην,
1371 2272 1523 2325 οὐδὲν
1549 2273 1731 2343 ἕτερον

171 2380 191 2413 ι
228 2358 298 2433 ἦν
331 2364 365 2432 ἢ
405 2364 593 2431 Λόγος·
637 2381 657 2413 ι
694 2363 789 2416 καὶ
839 2362 1085 2432 ἐπιμένει
1115 2363 1176 2415 τὸ
1224 2363 1353 2416 αὐτὸ
1384 2362 1731 2434 γυμνωτερον

164 2454 463 2522 διασαφῶν,
500 2455 565 2507 δι’
600 2447 673 2507 ὧν
704 2471 867 2524 φησιν
888 2471 900 2483 ·
926 2474 943 2505 ι
970 2453 1177 2507 Οὐκοῦν
1212 2454 1588 2526 πρόδηλον,ὂτι
1626 2455 1732 2526 πρὸ

172 2564 192 2597 ι
216 2546 321 2615 τῆς
352 2546 444 2599 τοῦ
470 2546 734 2616 ἡμετέρου
772 2545 1020 2617 σώματος
1039 2546 1352 2617 ἀναλήψεως
1373 2548 1400 2599 6
1416 2548 1583 2615 Λόγος
1610 2546 1729 2599 καθ’

172 2650 192 2684 ι
216 2632 409 2684 ἑαυτὸν
438 2633 535 2684 οὐκ
583 2628 650 2702 ἦν
679 2632 838 2685 υἰκὼν
866 2634 958 2686 τοῦ
979 2634 1210 2705 ἀοράτου
1248 2634 1404 2689 Θεοῦ.
1460 2637 1573 2705 Τὴν
1624 2636 1731 2706 γὰρ

174 2742 193 2773 ε
218 2725 402 2777 εἰκόνα
416 2725 643 2795 ὁρᾶσθαι
663 2728 946 2795 προσήκει,
973 2725 1057 2779 ἴνα
1077 2726 1162 2779 διὰ
1184 2727 1281 2795 τῆς
1298 2727 1501 2790 εἰκόνος
1514 2728 1574 2780 τὸ
1595 2728 1733 2790 τέως

174 2832 192 2863 ι
218 2814 292 2884 μὴ
324 2816 597 2885 ὁρώμενον
633 2816 857 2887 ὁρᾶσθαι
896 2817 1138 2887 δύνηται.
1168 2836 1185 2868 t
1212 2819 1319 2870 Καὶ
1337 2819 1497 2871 πάλιν
1510 2818 1732 2889 προστί-

170 2905 288 2974 θησι
313 2904 484 2971 λέγων
504 2921 517 2933 ·
557 2922 576 2954 ‹
618 2904 738 2967 Πῶς
766 2901 857 2957 οὖν
879 2905 1058 2958 εἰκόνα
1090 2906 1181 2958 τοῦ
1216 2906 1444 2978 ἀοράτου
1470 2905 1604 2957 Θεοῦ
1641 2906 1731 2958 τὸν

175 3013 194 3045 ι
230 2993 321 3045 τοῦ
343 2993 476 3046 Θεοῦ
518 2994 685 3059 Λόγον
721 2995 989 3065 ’Δστέριος
1018 2991 1154 3048 εἶναι
1192 2998 1490 3065 γέγραφεν;
1525 2996 1590 3047 Ai
1624 2995 1731 3066 γὰρ

1837 1928 1854 1959 ‹
1907 1910 2043 1971 tias,
2089 1908 2421 1977 intelligatur
2467 1909 2781 1961 denotari.»
2835 1906 3221 1976 Huiuscemodi
3274 1922 3403 1961 suas

1832 2000 2311 2067 interpretationes
2340 1998 2427 2052 ubi
2470 2008 2845 2067 pr0posuerat,
2879 2000 3055 2069 pergit
3093 1999 3309 2053 demum
3339 1999 3406 2051 ail

1833 2092 2139 2145 testimonia
2180 2091 2494 2159 apostolica,
2540 2100 2595 2144 et
2634 2091 2892 2159 Apostolo
2932 2091 3205 2145 contraria
3250 2090 3303 2145 in
3344 2104 3409 2142 os

1829 2182 2106 2251 obgannit.
2160 2181 2303 2235 «Ille
2361 2184 2499 2236 enim
2552 2182 2969 2250 praesidentem
3034 2180 3227 2235 Filium
3286 2181 3407 2241 Dei,

1836 2291 1853 2322 ι
1902 2272 2081 2327 omnis
2124 2281 2387 2326 creatura:
2449 2272 2874 2342 Primogenitum
2922 2272 3153 2340 appellat
3183 2272 3403 2325 :omnia

1834 2386 1855 2410 ι
1903 2366 1956 2419 in
1988 2364 2082 2419 illo
2112 2373 2166 2418 et
2192 2380 2291 2430 per
2325 2364 2473 2417 illum
2505 2364 2721 2418 condita
2776 2364 2931 2417 docet
2961 2380 2975 2415 :
3011 2377 3245 2428 eumque.
3277 2372 3407 2415 ante

1838 2475 1854 2505 ι
1901 2456 2082 2509 omnia
2130 2457 2407 2509 exstitisse
2458 2473 2647 2525 magna
2679 2470 2797 2507 voce
2830 2463 3199 2519 protestatur;
3237 2464 3289 2505 at
3323 2458 3404 2505 hic

1839 2567 1856 2597 ι
1902 2548 2037 2601 hanc
2062 2550 2226 2614 ipsam
2257 2550 2569 2617 theologiam
2604 2549 2673 2599 ad
2716 2562 2926 2599 carnem
2959 2546 3169 2597 deducit
3199 2559 3217 2596 :
3244 2561 3402 2613 quam

1837 2659 1853 2689 ι
1899 2650 1947 2692 et
1990 2641 2159 2707 ipsam
2188 2641 2364 2692 statim
2401 2650 2550 2709 negat
2581 2654 2597 2690 :
2628 2638 2704 2690 ait
2765 2648 2944 2690 autem
2992 2652 3006 2688 :
3046 2634 3133 2705 [Β.
3161 2633 3405 2705 LXXXI]

1837 2750 1853 2780 ι
1902 2729 2104 2784 Idcirco
2136 2732 2328 2785 merito
2360 2729 2543 2793 infert,
2581 2730 2683 2795 Qui
2726 2739 2810 2783 est
2833 2729 3005 2795 imago
3035 2729 3125 2780 Dei
3155 2727 3401 2781 invisibi-

1838 2840 1855 2871 ι
1902 2821 1988 2885 lis,
2021 2823 2237 2889 quando
2264 2832 2441 2874 autem
2489 2822 2561 2874 ita
2597 2820 2807 2874 factus?
2835 2820 2971 2872 Num
3008 2834 3130 2872 cum
3171 2820 3395 2888 ﬁgmen-

1838 2929 1855 2961 ι
1904 2920 2015 2964 tum
2048 2911 2341 2978 assumpsit
2366 2911 2492 2964 illud
2517 2911 2658 2978 quod
2693 2911 2892 2964 factum
2918 2918 3000 2962 est
3019 2909 3085 2963 ad
3114 2909 3401 2977 imagian

1838 3019 1857 3050 ο
1903 3012 1957 3054 et
1982 3001 2432 3054 similitudinem?
2467 3006 2524 3062 >14
2558 2999 2716 3053 Prius
2745 3001 2969 3059 etenim,
3012 3003 3154 3067 quod
3198 3000 3388 3067 aliquo

175 3104 192 3134 ι
235 3087 439 3149 εἰκόνες
495 3086 715 3146 τούτων,
752 3080 827 3139 ὧν
858 3089 995 3140 εἰσιν
1044 3088 1269 3151 εἰκόνες,
1322 3084 1725 3151 καὶάπόντων,

1839 3111 1855 3142 α
1904 3092 2003 3145 ties
2053 3092 2309 3151 diximus,
2361 3092 2491 3143 nihil
2540 3091 2687 3143 aliud
2714 3106 2878 3157 quant
2936 3092 3168 3144 Verbum
3212 3102 3348 3143 erat.
3378 3112 3395 3140 ι

176 3194 193 3225 ι
231 3175 489 3228 δεικτικαί
531 3179 682 3228 εἰσιψ
726 3177 864 3229 ὥστε
897 3178 989 3230 καὶ
1028 3178 1117 3231 τὸν
1164 3179 1366 3230 ἀπόντα
1393 3178 1501 3247 (69)
1535 3178 1599 3229 δι’
1627 3180 1725 3231 αὺ-

176 3281 194 3312 σ
227 3265 331 3318 τῶν
348 3266 630 3334 φαίνεσθαι
648 3268 837 3320 δοκεῖν.
866 3268 927 3320 Εἰ
947 3268 1002 3321 δέ
1022 3268 1114 3320 τοῦ
1139 3267 1271 3321 Θεοῦ
1299 3269 1527 3338 ἀοράτου
1550 3269 1721 3331 ὄντος,

178 3375 193 3405 ι
228 3357 451 3427 ἀόρατον
474 3355 609 3410 εἶναι
642 3362 735 3412 καὶ
757 3361 847 3411 τὸν
880 3354 1049 3423 Λόγον
1078 3360 1381 3428 συμϐαίνει,
1410 3359 1527 3423 πῶς
1561 3359 1724 3412 εἰκὼν

177 3467 193 3496 ι
229 3449 319 3500 τοῦ
353 3451 585 3519 ἀοράτου
614 3450 743 3503 Θεοῦ
772 3451 890 3503 καθ’
913 3452 1103 3504 ἑαυτὸν
1134 3454 1161 3503 6
1198 3452 1367 3519 Λόγος
1399 3449 1534 3504 εἶναι
1562 3452 1723 3503 δύνα-

176 3557 193 3586 ι
230 3555 334 3599 ται,
374 3542 467 3591 καὶ
507 3541 665 3603 αὐτὸς
707 3542 932 3611 ἀόρατος
972 3541 1083 3605 ὢνς
1120 3542 1377 3596 ἀδύνατον
1410 3544 1517 3613 γὰρ
1550 3545 1609 3596 τὸ
1649 3544 1723 3613 μὴ

177 3648 196 3680 σ
228 3633 417 3701 όρατὸν
446 3633 534 3685 διὰ
571 3634 663 3686 τοῦ
700 3636 931 3705 ἀοράτου
970 3636 1202 3704 φανῆναί
1250 3653 1400 3688 ποτε.
1436 3657 1455 3687 t
1509 3637 1615 3689 Καὶ
1666 3640 1723 3689 ἐν

173 3722 369 3785 τούτοις
395 3725 451 3776 δὲ
480 3727 507 3777 6
535 3726 847 3796 Μάρκελλος
874 3728 933 3779 οὺ
964 3728 1181 3797 συνορᾷ,
1212 3729 1313 3791 ὅτι,
1345 3731 1391 3779 εἰ
1422 3729 1517 3799 τὴν
1547 3730 1723 3800 σάρκα

172 3811 381 3883 δοίημεν
415 3810 553 3866 εἶναι
580 3814 675 3885 τὴν
708 3816 888 3867 εἰκόνα
921 3817 1015 3868 τοῦ
1046 3816 1202 3878 Θεοῦ,
1235 3816 1352 3887 ὥρα
1376 3819 1469 3869 καὶ
1509 3820 1723 3871 πάντων

174 3900 459 3971 ἀνθρώπων
474 3904 569 3964 τάς
592 3903 817 3973 σάρκας,
842 3904 933 3956 καὶ
954 3905 1021 3956 τά
1042 3905 1149 3956 τῶν
1176 3908 1436 3975 σωμάτων
1458 3906 1723 3977 πρόσωπα

175 3994 373 4057 εἰκόνας
398 3993 537 4048 εἶναι
564 3997 737 4063 λέγειν
760 3996 849 4049 τοῦ
880 3996 1036 4049 Θεοῦ.
1068 3998 1229 4049 Ὥστε
1261 4000 1379 4050 κατ’
1401 3998 1561 4050 αὑτὸν
1614 4017 1719 4068 μη-

177 4080 260 4134 δὲν
308 4083 579 4155 ἐξαίρετον
618 4087 901 4156 ἐσχηκέναι
941 4088 1029 4139 τὸν
1064 4088 1309 4157 Σωτῆρα.
1349 4089 1404 4139 ὐ
1444 4088 1487 4140 δ’
1535 4088 1721 4161 ὥσπερ

176 4173 546 4247 ἐπιλαθόμενος
579 4172 656 4232 ὧν
688 4179 822 4249 μετά
854 4180 1023 4231 ταῦτα
1057 4181 1181 4248 περί
1219 4181 1314 4249 τῆς
1345 4180 1542 4248 σαρκὸς
1597 4197 1719 4232 συν-

1830 3182 2064 3243 Perstat,
2098 3190 2151 3233 et
2190 3181 2291 3234 hoc
2325 3180 2650 3249 explicatius
2703 3179 2957 3244 eiut-idat,
2992 3181 3080 3234 ubi
3112 3182 3346 3249 loquitur
3382 3197 3399 3231 :

1828 3272 1915 3342 [Β.
1940 3270 2127 3324 XXXII
2146 3273 2271 3324 coll.
2289 3286 2339 3339 p.
2358 3271 2428 3324 24
2451 3270 2520 3342 Β]
2542 3290 2559 3321 ι
2590 3271 2681 3326 Est
2697 3286 2827 3341 ergo
2851 3270 3225 3335 manifestum,
3249 3275 3393 3342 quod

1827 3380 1928 3416 non
1965 3374 2081 3417 erat
2109 3363 2342 3416 Verbum
2386 3363 2563 3431 imago
2600 3362 2889 3415 invisibilis
2919 3363 3013 3415 Dei
3060 3372 3187 3416 ante
3217 3365 3396 3417 carnis

1827 3467 2025 3510 νοείτω
2072 3456 2521 3521 assumptionem.
2555 3452 2687 3506 Nam
2731 3467 2953 3506 necesse
2992 3463 3073 3505 est
3105 3454 3396 3523 imaginem

1824 3546 1996 3599 oculis
2020 3546 2189 3608 cerni,
2206 3556 2263 3597 ut
2287 3545 2360 3597 ita
2381 3559 2476 3612 per
2495 3545 2781 3613 imaginem
2798 3544 3141 3597 discernatur
3165 3544 3215 3597 id
3243 3546 3386 3612 quod

1827 3653 1928 3689 non
1950 3646 2151 3705 poterat
2171 3644 2322 3688 antea
2352 3635 2521 3689 oculis
2549 3636 2848 3699 usurpari.»
2871 3634 2998 3686 Dein
3018 3635 3166 3686 addit
3191 3636 3394 3699 κρυε-

1834 3745 1849 3777 ι
1902 3727 2023 3777 mad
2039 3728 2263 3777 modum
2295 3726 2459 3792 igitur
2484 3726 2730 3776 Asterius
2755 3722 3007 3784 aﬂirmat,
3038 3723 3127 3775 Dei
3160 3721 3393 3775 Verbum

1829 3837 1847 3868 ι
1894 3819 2167 3872 exstitisse
2216 3818 2503 3885 imaginem
2570 3814 2857 3867 invisibilis
2922 3814 3052 3866 Dei?
3127 3813 3395 3882 Imagines

1829 3930 1844 3959 ι
1892 3909 2089 3963 etenim
2129 3918 2251 3961 sunt
2286 3923 2473 3960 earum
2517 3921 2697 3961 rerum
2753 3904 3188 3959 demonsuativaz
3227 3907 3390 3958 etiam

1829 4020 1845 4050 ι
1891 4000 2223 4063 absentium,
2263 4014 2488 4067 quarum
2530 4008 2657 4051 sunt
2702 3997 2971 4065 imagines
3010 3998 3129 4049 :ita
3191 4006 3243 4048 ut
3294 4011 3393 4063 pt-r

1830 4108 1845 4138 ι
1896 4090 2013 4142 illas
2041 4089 2126 4142 vel
2163 4090 2438 4142 absentem
2470 4089 2737 4157 possimus
2767 4088 2988 4140 intueri.
3030 4086 3229 4152 Quodsi
3271 4088 3389 4149 Dei,

1826 4199 1845 4231 ι
1893 4197 2014 4234 cum
2046 4182 2119 4234 sit
2153 4181 2461 4244 invisibilis,
2488 4182 2707 4234 verbum
2732 4195 2946 4249 quoque
2970 4180 3243 4233 invisibile
3268 4180 3338 4232 sit
3368 4199 3382 4233 :

176 4263 383 4335 έγραψε,
413 4268 597 4321 δούλου
634 4270 842 4340 μορφὴν
880 4269 1045 4339 αὐτὴν
1074 4268 1241 4321 εἰπὼν
1273 4268 1329 4334 ἐξ
1364 4268 1719 4340 ἁποστολικῆς

1835 4293 1842 4323 ι
1886 4273 2154 4340 quomodo
2188 4272 2402 4324 tandem
2441 4269 2695 4333 Verbum,
2738 4272 2788 4324 in
2819 4286 2879 4324 se
2913 4269 3206 4336 invisibile,
3244 4271 3387 4324 invi—

176 4358 529 4425 παραθέσεως,
591 4361 680 4416 καὶ
725 4362 811 4414 διὰ
870 4361 1027 4413 τοῦτο
1093 4363 1166 4431 μὴ
1226 4360 1479 4414 δύνασθαι
1544 4364 1717 4412 συνεῖ-

1835 4382 1840 4413 l
1889 4363 2061 4417 sibilis
2096 4363 2186 4416 Dei
2227 4364 2402 4431 imago
2428 4376 2548 4414 esse
2584 4372 2757 4429 potest
2783 4362 2806 4413 ?
2832 4361 2992 4415 Certe
3033 4371 3115 4415 est
3164 4378 3385 4429 prorsum

176 4462 256 4498 ναι
281 4450 395 4519 (70)
418 4451 493 4521 τῷ
514 4452 691 4521 Λόγῳ,
727 4452 814 4505 διὰ
848 4453 907 4505 τὸ
920 4454 1103 4505 δούλου
1144 4453 1354 4523 μορφὴν
1383 4447 1548 4504 εἶναι·
1586 4453 1717 4506 ἀλλὰ

1835 4472 1847 4503 ι
1894 4454 2249 4522 impossibile,
2299 4464 2358 4505 ut
2404 4455 2545 4520 quod
2608 4468 2711 4506 non
2763 4454 2997 4516 videtur,
3042 4469 3136 4521 per
3182 4455 3386 4521 aliquid

176 4538 261 4601 καὶ
278 4545 451 4610 γυμνῇ
482 4545 545 4612 τῇ
574 4544 778 4614 κεφαλῇ
815 4547 1022 4613 φήσας,
1058 4562 1075 4594 ι
1110 4544 1224 4605 πῶς
1263 4540 1491 4611 ἐγχωρεῖ
1521 4543 1617 4612 τὴν
1650 4544 1713 4595 ἐκ

1835 4562 1841 4594 ι
1889 4543 2153 4596 invisibile
2188 4543 2579 4596 manifestetur.
2608 4562 2626 4593 t
2663 4544 2778 4596 Non
2816 4545 2903 4596 hic
2952 4545 3200 4612 intelligit
3236 4545 3376 4596 Mar-

184 4646 198 4673 ·
236 4630 330 4699 γῆς
356 4650 410 4684 τε
443 4628 626 4697 οὖσαν,
654 4636 745 4687 καὶ
776 4636 939 4705 μηδὲν
982 4634 1313 4702 ὠφελοῦσαν,
1344 4636 1399 4684 ἐν
1435 4636 1545 4694 τοῖς
1582 4634 1706 4703 μὲλ-

1835 4636 2013 4698 :ellus,
2050 4636 2190 4703 quod
2236 4636 2278 4688 si
2321 4637 2390 4689 sit
2435 4650 2657 4689 necesse
2688 4651 2905 4690 carnem
2943 4637 3227 4705 imaginem
3265 4638 3384 4688 ﬁeri

182 4735 198 4766 ι
234 4718 398 4773 λουσιν
423 4724 581 4776 αίῶσι
613 4728 846 4777 συνεῖναι
874 4724 951 4795 τῷ
975 4726 1152 4793 Λόγῳ;
1178 4744 1195 4774 ι
1238 4722 1373 4775 εἶναι
1406 4725 1587 4775 εἰκόνα
1618 4724 1710 4777 τοῦ

1835 4728 1956 4791 Del,
2001 4740 2196 4779 carnes
2246 4736 2301 4779 et
2343 4742 2570 4795 corpora
2619 4728 2895 4780 hominum
2952 4727 3281 4797 singulorum
3328 4741 3381 4781 et

176 4806 385 4879 ἀοράτου
403 4814 563 4880 Θεοῦ,
586 4817 684 4886 τὴν
715 4816 891 4887 σάρκα
921 4817 1013 4869 ἐπὶ
1046 4818 1138 4868 τοῦ
1169 4815 1430 4885 παρόντος
1454 4815 1713 4885 διισχυρί-

1835 4830 2095 4877 )ersonae,
2150 4816 2409 4885 imagines
2455 4817 2703 4870 dicantur
2761 4832 2879 4870 esse
2920 4816 3035 4874 Dei.
3080 4818 3153 4870 Ita
3196 4830 3247 4868 ιιι
3287 4835 3386 4887 per

178 4896 312 4959 ζεται
336 4903 801 4976 διαϐεϐαιούμενος
826 4906 1224 4975 ἀποφαντικῶς,
1253 4906 1331 4957 ὅτι
1364 4906 1466 4974 πρὸ
1490 4905 1587 4973 τῆς
1622 4905 1712 4957 τοῦ

1835 4908 2165 4975 semetipsum
2216 4908 2489 4975 singulare
2533 4907 2665 4961 nihil
2714 4909 2910 4962 habeat
2951 4910 3227 4963 Servator.
3277 4912 3385 4962 Istc

178 4988 422 5065 ἡμετέρου
482 4998 730 5068 σώματος
781 4998 1093 5067 ἀναλήψεως
1151 4998 1249 5049 οὐκ
1292 4991 1357 5065 ἦν
1414 4995 1580 5047 εἰκὼν
1617 4996 1709 5047 τοῦ

1835 5012 1963 5064 vero,
2000 5009 2252 5065 tanquam
2294 4998 2491 5053 oblitus
2520 5014 2705 5053 eorum
2744 5016 2861 5069 qua!
2886 5002 3138 5070 deinceps
3165 5003 3229 5055 de
3264 5018 3381 5053 car-

178 5079 386 5149 ἀοράτου
402 5086 556 5148 Θεοῦ,
578 5089 606 5139 6
625 5088 794 5155 Λόγος
817 5088 1002 5141 αὑτοῦ.
1028 5090 1136 5141 Καὶ
1153 5085 1306 5148 αὖθις
1325 5086 1461 5155 μετά
1477 5086 1543 5138 τὰ
1561 5088 1713 5138 ἐκτε-

1837 5102 1882 5140 ιο
1922 5092 2192 5143 mandavit
2232 5091 2447 5153 litteris,
2478 5108 2597 5144 cum
2630 5107 2695 5144 ex
2727 5093 3049 5145 auctoritate
3084 5094 3377 5160 apostolica

180 5168 323 5225 θέντα
367 5179 610 5250 ἐπιφέρει
649 5179 837 5247 λέγων’
884 5199 901 5230 ι
938 5181 1027 5232 Διὸ
1056 5178 1387 5248 πανταχόθεν
1426 5178 1601 5246 δῆλον,
1639 5181 1713 5229 εί-

1835 5183 1961 5234 setvi
2000 5183 2226 5236 formam
2263 5185 2405 5237 illam
2433 5184 2787 5246 nominasset,
2821 5197 2915 5235 nec
2956 5182 3157 5237 idcirco
3188 5186 3379 5236 unicu-

247 5314 299 5371 >14
346 5311 437 5366 Ed.
477 5312 669 5374 Paris..
704 5331 822 5384 pag.
854 5316 945 5369 Π.

226 5448 341 5527 ’(69)
367 5449 759 5527 ‘Vulgomiéz‘
789 5454 965 5507 αὑτῶν
1003 5467 1053 5510 et
1084 5456 1173 5507 τοῦ
1208 5457 1436 5526 ἀοράτου
1479 5458 1625 5517 όντος
1662 5466 1714 5509 Cl

1835 5456 2196 5527 ,ουσιναὶὦσι.
2222 5454 2480 5527 υιήίοιυιο
2500 5455 2805 5527 legendum,
2835 5466 2885 5527 et
2917 5457 3375 5527 distinguendum,

185 5519 339 5595 (πάρ-δια
364 5519 468 5595 δείν
512 5524 607 5595 μέν
635 5522 791 5575 εἶναι.
1278 5519 1287 5526 ’
1810 5524 1944 5576 εἶναι
1977 5526 2029 5575 δὲ
2056 5527 2234 5577 εἰκόνα
2257 5526 2347 5575 τοῦ
2376 5528 2605 5594 ἀοράτου
2645 5526 2778 5577 Θεοῦ
2810 5526 2905 5595 τὴν
2936 5519 3129 5594 σάρκα,
3164 5526 3251 5576 ἐπὶ
3284 5529 3378 5579 τοῦ

188 5586 343 5665 mimi
394 5593 482 5657 Μὴ
514 5586 826 5665 ’ὸξιὲνιισθαι
870 5596 1158 5648 συνεῖναι.
1222 5598 1328 5649 ’Λεί
1386 5600 1539 5658 forte,
1588 5613 1706 5648 nam

1835 5598 2073 5665 ταρόντος
2097 5586 2479 5664 διισχυρίζεται
2514 5586 3018 5664 δισιιεέεὗαιούμενος.¹
3042 5597 3108 5646 Μ.
3139 5626 3202 5633 -
3246 5598 3373 5647 UH”

189 5652 295 5706 illud
330 5652 513 5734 ιιοῖιιῖι.
551 5662 729 5729 Neque
758 5665 919 5717 fuisse
953 5668 1225 5717 adnuitam
1252 5672 1416 5721 VPI'IlU
1447 5673 1509 5718 ah
1530 5652 1701 5717 ’ςιιιμν-

1848 5652 1963 5729 ιιίμο
1992 5663 2125 5716 εἶναι
2152 5652 2383 5734 ὂιῗσέυρ.
2405 5677 2456 5718 et
2484 5652 2840 5734 ἀποφατικὼέ
2877 5680 2929 5721 et
2968 5668 3133 5717 ταῦτα
3184 5669 3246 5717 τὰ
3292 5669 3374 5720 sx-

187 5735 261 5781 ιιι),
287 5742 372 5779 nec
402 5729 629 5784 futurum
661 5736 1033 5799 adultiendattt,
1062 5750 1115 5789 ut
1151 5740 1329 5791 statim
1360 5741 1412 5788 ἓν
1438 5742 1542 5798 τοῖς
1571 5738 1692 5803 μζ).-

1840 5737 1962 5788 έντα
1992 5736 2063 5802 τις)
2093 5735 2207 5800 Θεῷ
2242 5729 2413 5801 Λόγῳ.
