4070 6304
169 369 272 427 809

1268 361 1550 418 CONTRA
1585 358 2011 416 MARCELLUM
2050 358 2180 413 LlB.
2217 356 2283 412 ll.

3264 356 3368 412 8I0

173 504 192 538 ι
231 484 321 539 σία
347 482 407 536 οὐ
443 482 599 553 μόνον
625 480 728 532 τῶν
757 477 848 532 ἐπὶ
881 477 1003 549 γῆς,
1038 477 1205 549 αὐτῷ,
1237 479 1369 532 ἀλλὰ
1398 481 1491 533 καὶ
1516 480 1623 532 τῶν
1654 480 1712 531 ἐν

1825 497 1838 530 ι
1884 478 1951 533 de
2006 476 2225 545 Virgine
2279 474 2567 530 Dominum
2624 484 2872 531 nostrum
2920 484 3269 545 generatum,
3316 486 3377 537 et

171 594 193 629 ι
227 576 469 649 οὐρανοῖς
494 573 718 625 δέδοται.
766 570 874 624 Καὶ
919 565 1073 633 αὖθις
1116 569 1231 640 μεθ’
1272 571 1434 640 ’ἐτερα
1476 571 1670 639 ἐπάγει
1696 588 1710 602 ⁸

170 680 190 715 ι
224 662 286 716 EI
321 662 427 733 γὰρ
454 660 579 730 περί
607 676 749 721 τινος
779 659 933 730 δόξης
977 660 1221 730 δοθείσης
1261 661 1407 731 αὐτῷ
1436 662 1584 733 παρὰ
1620 662 1714 713 τοῦ

169 774 189 808 t
220 756 430 826 Πατρὸς
471 753 531 806 τὸ
562 754 703 823 ἱερὸν
743 751 1072 821 Εὐαγγέλιον
1119 751 1287 819 λέγει,
1334 752 1533 823 ταύτην
1560 755 1587 805 ὁ
1618 753 1713 806 ἇν-

168 862 189 897 t
223 844 434 916 θρωπος
462 841 548 896 διὰ
570 841 665 894 τοῦ
692 840 862 909 Λόγου
904 838 1137 910 εἰληφὼς
1168 839 1438 909 φαίνεται.
1475 840 1716 911 Μεσίτης

168 953 186 987 ι
221 933 330 1003 γὰρ
365 931 667 1001 γενόμενος,
698 929 837 983 κατὰ
880 930 969 983 τὸν
1006 926 1146 999 ἱερὸν
1203 928 1539 994 ’Λπόστολον,
1582 928 1714 982 Θεοῦ

166 1040 185 1075 t
225 1039 285 1075 τε
314 1021 406 1075 καὶ
434 1018 752 1091 ἀνθρώπων,
783 1022 847 1090 τῇ
880 1017 1089 1086 δοθείσῃ
1127 1018 1275 1087 αὑτῷ
1308 1018 1457 1085 παρὰ
1483 1017 1575 1069 τοῦ
1604 1018 1716 1070 Πα-

166 1131 185 1163 ι
222 1110 350 1182 τρὸς
394 1110 679 1182 δόξῃτοὺς
724 1108 990 1171 θεοσεϐεῖς
1026 1108 1271 1173 ἐδόξασεν
1318 1105 1651 1179 ἀνθρώπους.
1690 1125 1710 1158 ι

160 1203 267 1256 Καὶ
298 1201 459 1255 πάλιν
501 1200 818 1271 προστίθησι
856 1198 1042 1253 ταῦτα·
1079 1218 1097 1250 ι
1137 1200 1245 1251 Καὶ
1273 1199 1469 1268 ἠξίωσε
1500 1200 1589 1251 τὸν
1622 1215 1717 1250 πε-

164 1312 182 1343 ι
223 1292 384 1345 σόντα
409 1293 496 1345 διὰ
519 1280 633 1362 τῆξ
659 1292 939 1362 παρακοῆς
966 1290 1246 1360 ἄνθρωπον
1285 1291 1362 1362 τῷ
1401 1291 1590 1345 ἐαυτοῦ
1629 1292 1717 1345 διὰ

165 1402 183 1436 t
212 1386 312 1456 τῆς
339 1385 615 1456 Παρθένου
651 1383 981 1453 ωναφθῆναι
1009 1384 1182 1453 Λόγῳ.
1219 1384 1349 1436 Ποία
1381 1384 1487 1454 γὰρ
1520 1386 1576 1436 ἐν
1619 1385 1716 1437 ἀν-

162 1491 183 1525 t
223 1472 462 1545 θρώποις
509 1474 669 1544 ἑτέρα
703 1471 900 1543 μείζων
927 1472 1053 1535 δόξα
1094 1472 1286 1540 γένοιτ’
1317 1472 1383 1525 ἂν
1426 1474 1524 1543 τῆς
1561 1472 1716 1541 δόξης

164 1583 182 1617 ι
217 1565 460 1635 ταύτης;
490 1564 671 1617 Εἰπὼν
693 1564 771 1628 δὲ,
798 1565 897 1628 ὅτι,
929 1564 1191 1629 ἐδόξασά
1214 1574 1307 1630 σε,
1340 1566 1587 1637 ἐπιφέρει
1626 1565 1714 1617 λέ-

1819 585 1839 619 ι
1888 567 2147 634 deinceps
2184 574 2358 653 ortum
2404 563 2569 619 fuisse
2617 564 2899 620 luciferum
2927 565 3018 634 qui
3049 565 3192 619 diem
3232 568 3376 625 indi-

1820 677 1840 711 t
1884 668 2032 713 caret
2093 656 2195 729 [Β.
2232 656 2438 729 XCIV].
2471 675 2489 708 ι
2537 656 2859 726 Progressus
2916 656 3094 710 adhuc
3144 657 3376 718 ulterius

1814 749 1918 803 ista
1971 747 2253 816 loquitur:
2289 766 2308 798 ι
2342 746 2592 818 Suscepit
2637 749 2781 801 enim
2823 749 2984 804 homo
3029 766 3135 805 non
3196 752 3375 810 solum

1819 855 1839 892 t
1882 848 2201 909 potestatem
2248 852 2428 891 rerum
2470 852 2657 892 earum
2704 852 2822 905 quae
2864 837 2916 892 in
2958 849 3100 894 terra
3133 840 3372 910 fuerant,

1820 948 1839 981 ε
1883 930 1977 985 sed
2014 939 2069 984 et
2106 929 2269 983 etiam
2301 943 2421 997 quae
2459 929 2511 981 in
2554 928 2727 983 caelis.
2753 926 2863 983 Nec
2908 929 3125 997 injuria.
3158 930 3293 987 Nam
3325 931 3375 989 si

1819 1038 1840 1074 ι
1886 1032 1997 1075 tum
2046 1036 2167 1076 cum
2231 1022 2391 1075 homo
2450 1020 2623 1087 ﬁeret,
2673 1029 2730 1075 et
2769 1022 2862 1075 Dei
2908 1024 3174 1077 mediator
3210 1032 3378 1094 atque

1820 1130 1841 1164 ι
1886 1110 2190 1175 hominum,
2217 1126 2311 1180 per
2340 1124 2461 1164 eum
2494 1120 2547 1165 et
2588 1110 2642 1165 in
2675 1125 2740 1165 eo
2769 1112 2949 1165 omnia
2980 1125 3161 1168 creata
3192 1123 3375 1180 erant,

1822 1218 1841 1253 ι
1886 1212 1943 1253 ιιι
1968 1202 2164 1255 asserit
2200 1200 2486 1268 Apostolus
2510 1241 2526 1261 .
2557 1216 2782 1270 quaeque
2826 1202 2879 1255 in
2912 1203 3064 1258 caelis
3110 1212 3285 1268 erant,
3320 1215 3378 1260 et

1821 1309 1842 1343 ι
1885 1306 2005 1359 quae
2040 1292 2092 1343 in
2126 1300 2266 1343 terra
2291 1291 2357 1355 “,
2389 1305 2727 1361 consequens
2765 1302 2847 1346 est
2878 1302 3071 1348 exacte
3094 1294 3377 1349 sciendum

1822 1400 1841 1434 ¢
1884 1397 2026 1447 esse,
2082 1390 2404 1450 potestatem
2444 1383 2492 1437 ei
2542 1397 2856 1438 concessam
2891 1398 2994 1439 non
3044 1395 3249 1439 tantum
3284 1399 3379 1440 οσ-

1822 1490 1841 1525 ¢
1884 1489 1999 1527 rum
2031 1488 2150 1543 qua:
2203 1476 2256 1527 in
2302 1478 2483 1539 terris,
2537 1474 2633 1529 sed
2670 1478 2830 1528 etiam
2867 1482 2921 1529 et
2963 1490 3083 1544 qua;
3113 1476 3167 1531 in
3223 1476 3379 1532 caelis

1822 1584 1841 1616 ι
1888 1573 2063 1619 erant.
2122 1566 2180 1619 Si
2239 1564 2477 1635 loquitur
2560 1576 2963 1621 sacrosanctum
3025 1567 3375 1640 Evangelium

163 1676 182 1709 ι
215 1673 327 1726 γων
350 1675 361 1685 ·
391 1657 487 1710 καὶ
513 1656 700 1711 πόλιν
723 1656 980 1723 δοξάσω,
1009 1658 1093 1710 I’va
1117 1658 1182 1710 δι’
1213 1657 1513 1729 ὑπερϐολὴν
1538 1657 1718 1727 φιλανο

1825 1671 1840 1704 ι
1887 1654 1953 1708 de
2002 1654 2179 1721 aliqua
2230 1653 2302 1706 illi
2358 1668 2384 1706 a
2430 1651 2594 1707 Patre
2646 1668 2903 1709 concessa
2954 1656 3169 1726 gloria,
3232 1660 3380 1715 hanc

162 1766 181 1799 ι
216 1748 483 1821 θρωπίας,
527 1750 584 1800 ἐν
623 1752 687 1819 τῇ
735 1749 871 1819 μετὰ
902 1749 999 1818 τὴν
1043 1750 1334 1802 ἀνάστασιν
1379 1751 1476 1821 τῆς
1516 1748 1715 1819 σαρκὸς

1825 1762 1841 1794 ι
1885 1754 2032 1797 certe
2100 1760 2194 1813 per
2246 1743 2413 1797 Deum
2467 1744 2628 1798 homo
2680 1746 3015 1801 convincitur
3080 1749 3375 1819 accepisse.

162 1856 179 1889 t
214 1812 442 1908 δευτέρᾳ
464 1837 588 1911 δόξῃ
629 1812 1010 1909 τδνπρότερον
1042 1838 1233 1908 θνητὸν
1277 1812 1559 1909 ἄνθρωπον
1586 1812 1718 1892 aea-

1825 1853 1843 1887 ι
1888 1812 2399 1903 Εοοιιιεείσιιιίᾱοω
2427 1873 2444 1899 ,
2508 1845 2568 1891 ut
2617 1847 2838 1899 sanctus
2883 1838 2997 1891 vult
3062 1812 3377 1909 Apostolus,

162 1947 179 1979 t
216 1945 376 1983 νατον
393 1929 789 1999 ἀπεργάσηται,
807 1930 898 1981 καὶ
920 1929 1153 2001 τοσαύτῃ
1175 1931 1332 1983 αὐτὸν
1354 1929 1547 2000 δοξάσῃ
1572 1929 1715 2001 δόξῃ,

1825 1945 1843 1978 ι
1889 1925 1984 1979 Dei
2020 1926 2285 1979 mediator
2335 1933 2499 1994 atque
2548 1926 2826 1981 hominum
2847 1926 2913 1991 ",
2958 1928 3103 1983 viros
3148 1930 3263 1998 pios
3314 1944 3381 1984 ea

160 2036 178 2070 t
220 2017 361 2071 ὥστε
402 2019 475 2089 μὴ
509 2020 664 2090 μόνον
699 2020 857 2072 αὑτὸν
888 2020 988 2090 τῆς
1023 2021 1293 2090 προτέρας
1339 2020 1718 2090 ἀπαλλαγῆναι

1825 2036 1842 2068 ι
1884 2016 2051 2086 gloria
2081 2014 2417 2085 gloriﬁcavit,
2453 2032 2614 2084 quam
2670 2018 2773 2085 ipsi
2818 2017 3114 2073 donaverat
3144 2020 3326 2076 Pater.
3354 2039 3375 2073 ι

161 2125 179 2158 ι
215 2108 481 2171 δουλείας,
512 2110 642 2162 ἀλλά
672 2111 765 2162 καὶ
800 2111 898 2181 τῆς
932 2111 1071 2183 ὑπὲρ
1104 2111 1385 2181 ἄνθρωπον
1422 2110 1718 2180 ἀξιωθῆναι

1825 2108 1885 2162 Ει
1918 2107 2067 2161 addit
2105 2122 2290 2161 rursus
2331 2106 2424 2179 [Β.
2450 2106 2632 2181 XCVI]
2675 2126 2688 2163 :
2728 2127 2747 2160 ι
2778 2109 2841 2163 Et
2884 2109 3199 2179 dignitatem
3232 2112 3380 2166 illam

161 2218 178 2250 t
215 2200 395 2271 δόξης.
434 2220 453 2251 ›
491 2201 598 2253 Καὶ
630 2198 784 2265 αὖθις
809 2203 1067 2271 ἐπιλέγει*
1106 2222 1125 2255 ι
1154 2205 1289 2268 Ἵνα,
1318 2204 1393 2266 ὡς
1419 2204 1573 2277 ἔφην,
1615 2205 1719 2257 ὑπὸ

1825 2216 1843 2251 ι
1887 2198 2089 2253 homini
2142 2211 2240 2269 per
2292 2209 2573 2267 peccatum
2630 2199 2781 2271 lapso
2834 2201 3141 2264 concessit,
3185 2210 3245 2257 ut
3282 2216 3381 2256 suo

162 2305 181 2339 ι
217 2290 313 2342 τοῦ
344 2290 589 2343 διαϐόλου
620 2293 967 2363 ἀπατηθέντα
998 2294 1260 2365 πρότερον
1296 2294 1386 2347 τὸν
1414 2296 1716 2367 ἄνθρωπον,

1825 2308 1845 2342 ι
1892 2290 2063 2357 ipsius
2089 2290 2265 2344 Verbo
2292 2304 2389 2359 per
2413 2288 2687 2359 Virginem
2720 2292 2985 2346 uniretur.
3023 2291 3207 2361 Ecqua
3234 2293 3380 2348 enim

163 2398 181 2431 t
218 2380 387 2435 αὑτὸν
407 2378 560 2446 αὖθις
583 2388 800 2456 νικῆσαι
823 2385 914 2438 τὸν
936 2386 1175 2441 διάϐολον
1197 2388 1719 2461 παρασκευάσῃ.Διὰ

1825 2398 1846 2434 ι
1888 2382 1992 2435 alia
2035 2382 2201 2436 hacce
2247 2381 2422 2451 major
2452 2380 2623 2449 gloria
2663 2382 2809 2436 inter
2837 2382 3087 2438 homines
3116 2384 3384 2452 pradica-

164 2489 182 2521 ι
216 2471 377 2525 τοῦτο
396 2473 650 2545 ἀνείληφε
666 2477 761 2527 τὸν
791 2476 886 2529 άνθ
896 2494 1095 2547 ρωπον,
1112 2478 1197 2531 ἵνα
1218 2477 1520 2542 ἀκολούθως
1533 2478 1719 2534 τοῦτον

1825 2491 1845 2525 ι
1893 2473 2017 2526 tur?
2041 2472 2173 2527 Cum
2211 2472 2437 2527 dixisset
2466 2472 2757 2541 gloriﬁcavi
2779 2484 2847 2535 te,
2879 2471 3064 2538 infert,
3096 2482 3147 2526 et
3186 2475 3381 2528 iterum

163 2582 183 2615 ι
221 2564 476 2636 ἀπαρχὴν
500 2567 596 2635 τῆς
624 2567 868 2631 ἐξουσίας
890 2568 1220 2639 παραλαϐεῖν
1250 2571 1659 2643 παρασκευάσῃ.
1694 2589 1713 2625 ι

1826 2580 1847 2615 ι
1891 2564 2197 2633 gloriﬁcabo
2218 2563 2266 2595 “
2311 2571 2419 2618 tut
2479 2578 2545 2618 ex
2600 2563 2863 2619 immensa
2923 2579 3019 2619 sua
3072 2564 3385 2620 misericor-

157 2653 267 2707 Καὶ
293 2655 646 2725 προστίθησιν
675 2656 751 2709 ἔτι
783 2657 973 2726 λέγων·
1005 2674 1024 2709 ι
1053 2654 1218 2721 Οὗτος
1242 2659 1350 2729 γάρ
1377 2660 1521 2712 ἐστιν
1544 2661 1572 2711 ὁ
1593 2661 1719 2729 άγα-

1827 2672 1847 2707 ι
1892 2656 2017 2721 dia,
2085 2657 2139 2709 in
2192 2657 2427 2709 secunda
2489 2661 2613 2725 post
2678 2655 2861 2709 carnis
2925 2654 3382 2711 resurrectionem

165 2763 182 2795 t
218 2746 392 2816 πητὸς
412 2783 427 2810 ,
470 2748 498 2799 ὀ
532 2746 609 2817 τῷ
640 2748 795 2818 Λόγῳ
827 2748 1044 2811 ἐνωθεὶς
1076 2749 1377 2820 ἄνθρωπος,
1425 2752 1553 2821 περὶ
1590 2746 1649 2807 οὗ
1691 2753 1719 2804 6

1827 2765 1846 2799 ι
1894 2746 2096 2816 gloria,
2179 2747 2455 2802 hominem
2535 2746 2686 2817 prius
2767 2744 3049 2800 mortalem
3131 2745 3387 2800 redderet

165 2855 184 2888 ι
224 2835 612 2908 εὐαγγελιστὴς
650 2838 787 2910 ἔφη’
840 2836 1024 2906 Οὗτός
1070 2842 1238 2893 ἐστιν
1285 2845 1317 2893 ό
1368 2842 1496 2905 Υίός
1536 2858 1653 2910 μου
1688 2845 1719 2895 d

1825 2856 1845 2889 ι
1890 2837 2274 2905 immortalem,
2303 2848 2358 2892 et
2389 2847 2534 2893 tanta
2566 2837 2715 2891 illum
2743 2836 2911 2907 gloria
2945 2835 3298 2903 gloriﬁcaret,
3318 2840 3380 2899 id

164 2947 185 2980 ι
220 2929 547 2999 ἀγαπητὸς,
569 2931 637 2983 ἐν
665 2924 713 2996 ᾦ
738 2930 1060 2999 εὐδόκησα.
1090 2950 1110 2983 ι
1132 2933 1240 2984 Kal.
1267 2928 1419 2995 αὖθις
1450 2934 1717 3003 ἐπιφέρειο

1828 2944 1848 2979 ι
1888 2937 1944 2983 ut
1962 2942 2066 2982 non
2085 2930 2242 2981 modo
2274 2930 2535 2982 servitute
2558 2928 2722 2998 priori
2750 2926 3008 2981 liberetur
3031 2965 3047 2989 ,
3073 2927 3165 2981 sed
3197 2924 3389 2997 majori

165 3032 187 3066 ι
224 3016 347 3068 Ὀτι
380 3018 408 3069 ό
429 3016 597 3085 Λόγος
625 3016 715 3070 τοῦ
747 3018 977 3089 ἀοράτου
1006 3019 1140 3074 Θεοῦ
1185 3020 1272 3073 διὰ
1305 3021 1579 3092 Παρθένου
1607 3022 1719 3092 (77)

1826 3036 1846 3069 ι
1888 3018 2054 3089 gloria
2091 3021 2355 3072 vestiatur
2383 3033 2545 3088 quam
2581 3018 2762 3087 capiat
2791 3017 2971 3070 homo.
2994 3031 3013 3067 t
3064 3015 3131 3069 Et
3163 3016 3385 3081 iterum,

167 3122 186 3155 ι
221 3104 579 3174 τεχθήσεσθαι
626 3106 837 3177 ἔμελλε,
869 3108 961 3160 καὶ
992 3106 1089 3178 τὴν
1126 3106 1469 3178 ἀνθρωπίνην
1518 3107 1719 3177 ἀναλή-

1825 3110 1913 3183 [Β.
1934 3108 2170 3182 XCVII]:
2193 3128 2211 3161 ι
2236 3109 2302 3164 Ut
2324 3109 2593 3163 hominem
2610 3107 2757 3161 illum
2776 3108 2923 3176 prius
2938 3123 2967 3160 a
2990 3105 3203 3161 diabolo
3226 3120 3393 3174 supe-

167 3211 186 3245 t
216 3194 413 3263 ψεσθαι
438 3196 633 3267 σάρκα.
665 3198 770 3250 Kal
797 3199 881 3251 ἵνα
902 3197 969 3250 δι’
986 3199 1153 3269 αὐτῆς
1180 3200 1272 3252 τὸν
1306 3199 1566 3269 πρότερον
1592 3216 1719 3253 κατ-

1826 3220 1846 3255 ι
1893 3213 2091 3267 ratum,
2146 3200 2407 3255 victorem
2436 3199 2639 3255 diaboli
2678 3198 3053 3253 constitueret.
3099 3196 3385 3251 Hominem

168 3301 186 3334 ι
228 3284 520 3354 ισχύσαντα
580 3286 669 3339 τοῦ
718 3286 1005 3359 ἀνθρώπου
1062 3288 1303 3341 διάϐολον
1353 3288 1719 3358 καταγωνισά-

1827 3314 1846 3348 r
1892 3294 2095 3350 idcirco
2120 3297 2174 3347 in
2210 3308 2269 3347 se
2293 3292 2620 3361 assumpsit,
2648 3299 2708 3344 ut
2729 3290 2868 3359 quod
2899 3302 3237 3357 consequens
3260 3286 3385 3353 fuit,

166 3390 186 3425 t
224 3391 405 3444 μενος,
433 3376 506 3447 μὴ
538 3378 695 3446 μόνον
727 3378 1001 3449 ἄφθαρτον
1026 3378 1187 3432 αὑτὸν
1219 3381 1313 3433 καὶ⁵
1343 3381 1607 3433 ἀθάνατον
1639 3397 1719 3449 γε-

1826 3403 1846 3438 ι
1889 3385 2015 3440 huic
2048 3384 2317 3453 primitias
2354 3382 2636 3452 potestatis
2668 3396 2779 3434 suae
2805 3381 3125 3448 impertiret.
3150 3398 3169 3431 ι
3203 3378 3268 3432 Ει
3293 3393 3392 3432 an-

167 3479 188 3515 I
217 3463 403 3519 νέσθαι
436 3468 850 3541 παρασκευάσῃ,
880 3468 1015 3523 ἀλλὰ
1046 3470 1139 3523 καὶ
1170 3469 1454 3542 σύνθρονον
1480 3473 1536 3523 ἐν
1560 3470 1719 3543 ούρα-

1825 3476 1987 3535 uectit
2006 3474 2094 3548 [Β.
2114 3472 2334 3547 XXXV]
2355 3492 2367 3527 :
2392 3491 2412 3525 ι
2436 3471 2534 3529 Hic
2548 3481 2634 3527 est
2650 3472 2736 3525 ille
2753 3471 2997 3535 dilectus,
3019 3470 3176 3525 homo
3194 3484 3390 3538 nempe

167 3570 186 3604 I
222 3556 333 3617 νοίς
366 3554 444 3626 τῷ
482 3556 617 3627 Θεῷ.
662 3577 681 3609 ι
735 3559 918 3613 Ταῦτα
945 3560 1002 3613 δὲ
1034 3560 1210 3614 πάντα
1242 3561 1533 3627 ἀναγκαῖον
1589 3576 1719 3614 κατ-

1825 3584 1846 3619 ι
1895 3565 2072 3620 Verbo
2116 3566 2369 3618 adunitus
2402 3581 2414 3617 :
2444 3565 2509 3618 de
2553 3578 2661 3632 quo
2701 3562 2939 3632 loquitur
2991 3560 3322 3630 evangelista
3369 3575 3386 3596 ο

165 3637 305 3712 ιχιιν
329 3645 389 3696 ἐν
418 3646 603 3716 μνήμῃ
620 3646 707 3700 διὰ
731 3647 799 3701 τά
828 3648 1085 3718 μέλλοντα
1119 3649 1208 3702 ὑπ’
1235 3650 1397 3703 αὑτοῦ
1423 3650 1531 3719 (78)
1562 3646 1719 3721 Μαρ-

1827 3676 1847 3710 ι
1894 3658 1991 3712 Hic
2015 3666 2096 3711 est
2126 3656 2296 3710 Filius
2329 3670 2481 3710 meus
2516 3655 2744 3709 dilectus
2776 3654 2828 3707 in
2860 3668 2966 3723 quo
2999 3654 3324 3721 complacul.
3362 3670 3384 3705 ι

162 3732 352 3788 κέλλου
387 3738 527 3791 κατὰ
568 3740 663 3808 τῆς
710 3740 927 3811 σαρκὸς,
964 3736 1032 3812 ἦς
1067 3741 1353 3811 ἀνείληφεν
1383 3743 1411 3793 ὁ
1449 3740 1541 3794 τοῦ
1586 3738 1719 3800 Θεοῦ

1825 3746 2179 3820 Adiungit[R.
2211 3746 2437 3819 XCVIII]
2461 3765 2473 3799 :
2499 3765 2517 3798 ι
2542 3746 2693 3813 Quod
2722 3744 2952 3799 Verbum
2982 3744 3264 3798 invisibilis
3292 3743 3391 3797 Dei

161 3825 353 3892 Λόγος,
394 3827 776 3897 προφέρεσθαι.
841 3830 925 3892 Ὠς
956 3830 1061 3900 γὰρ
1101 3832 1485 3902 ἀμνημονήσας
1520 3834 1719 3887 τούτων

1827 3855 1847 3888 ‹
1893 3838 1982 3906 qui
2016 3838 2135 3901 fuit,
2162 3853 2257 3906 per
2295 3834 2569 3905 Virginem
2610 3844 2727 3889 erat
2762 3834 3099 3899 nasciturus,
3148 3842 3203 3886 et
3232 3847 3382 3886 sum-

162 3916 417 3970 ἁπάντων
444 3914 520 3972 ὧν
564 3919 794 3985 ἐξέθετο,
832 3921 983 3986 τέλος
1014 3923 1112 3975 οὐκ
1150 3924 1322 3976 αἴσιον
1365 3926 1470 3977 οὐδ’
1504 3926 1719 3990 εὐσεϐὲς

1828 3946 1847 3980 ι
1889 3938 2078 3994 pturus
2125 3929 2416 3983 humanam
2476 3942 2735 3991 carnem,
2792 3934 2847 3978 et
2901 3925 2953 3978 in
3006 3923 3093 3977 illa
3118 3922 3388 3977 diabolum

163 4006 359 4075 ἐπάγει
399 4009 477 4079 τῷ
517 4012 767 4081 σωτηρίῳ
802 4011 1030 4082 σώματι.
1073 4014 1215 4083 Πρὸς
1257 4016 1463 4079 τούτοις
1498 4016 1719 4082 ἅπασιν,

1829 4034 1847 4070 ι
1894 4019 2259 4073 debellaturus
2304 4019 2394 4088 qui
2441 4018 2569 4072 olim
2622 4017 2977 4085 praevaluerat
3015 4033 3027 4069 :
3062 4030 3167 4069 non
3218 4016 3271 4069 in
3309 4029 3392 4071 .eo

162 4097 351 4169 ὥσπερ
384 4102 488 4155 τῶν
536 4104 814 4174 προτέρων
862 4104 1009 4175 αὐτῷ
1044 4107 1502 4177 κατωρθωμένων,
1535 4111 1724 4181 πειρᾶ-

160 4202 252 4246 ται
273 4189 544 4245 δεικνύναι
579 4194 673 4246 καὶ
699 4194 779 4256 τὸ,
812 4197 844 4247 ό
874 4196 1085 4262 Κύριος
1114 4198 1524 4260 ἐϐασίλευσεν,
1544 4200 1725 4269 ἀγαλ-

161 4282 391 4336 λιάσθω
416 4282 454 4350 ἠ
493 4282 589 4351 τῆ,
623 4287 700 4349 είς
729 4285 825 4355 τὴν
865 4287 1039 4358 σάρκα
1065 4289 1443 4359 ἀναφέρεσθαι.
1475 4290 1635 4359 Λέγει
1667 4290 1724 4346 δὲ

162 4371 353 4435 οὕτως·
392 4394 410 4425 ι
453 4374 511 4427 '0
542 4376 670 4444 γοῦν
717 4378 976 4440 καταϐὰς,
1025 4380 1116 4432 καὶ
1156 4381 1253 4450 τὴν
1287 4381 1462 4452 σάρκα
1498 4380 1583 4433 διὰ
1625 4382 1723 4452 τῆς

1828 4127 1847 4159 ς
1894 4118 2096 4162 tantum
2138 4111 2278 4177 quod
2327 4109 2474 4161 illum
2508 4108 2816 4161 redditurus
2856 4104 2957 4158 fuit
3006 4104 3393 4173 incorruptibi-

1828 4218 1849 4253 ι
1895 4199 1997 4254 lem
2044 4210 2098 4253 et
2131 4199 2513 4263 immortalem,
2557 4198 2651 4252 sed
2705 4197 2893 4251 eodem
2942 4194 3081 4250 solio
3136 4194 3190 4248 in
3237 4196 3392 4250 ctelis

1825 4307 1849 4343 ι
1892 4305 2013 4344 cum
2051 4290 2159 4343 Deo
2189 4304 2592 4345 consessurnm.
2627 4307 2645 4340 ι
2695 4287 2831 4341 Sunt
2866 4287 2971 4341 ista
3013 4287 3238 4341 omnino
3274 4300 3392 4340 me-

1824 4384 1993 4435 moria
2040 4382 2337 4443 retinenda,
2387 4391 2604 4449 propter
2634 4379 2726 4433 illa
2754 4393 2874 4447 quae
2912 4378 3169 4446 producet
3206 4375 3392 4431 statim

168 4482 187 4515 ι
222 4465 505 4537 Παρθένου
530 4467 865 4538 προσλαϐὼν,
901 4470 1203 4539 κατεστάθη
1226 4470 1474 4540 βασιλεὺς
1508 4472 1599 4524 ἐπὶ
1625 4471 1719 4543 τὴν

1828 4474 2053 4543 ipsemet
2108 4473 2438 4539 Marcellus,
2493 4484 2681 4527 contra
2740 4486 2959 4526 carnem
3019 4470 3165 4525 illam
3227 4483 3391 4539 quam

168 4571 186 4605 ι
235 4553 580 4625 Ἐκκλησίαν,
606 4556 865 4626 δηλονότι,
894 4558 978 4611 ἵνα
1008 4558 1095 4610 διὰ
1119 4559 1213 4612 τοῦ
1246 4561 1416 4629 Λόγου
1446 4563 1475 4613 ό
1499 4562 1597 4631 τῆς
1628 4561 1722 4631 βα-

167 4662 187 4696 ι
226 4646 433 4707 σιλείας
472 4644 580 4697 τῶν
614 4645 858 4716 οὐρανῶν
906 4647 1169 4717 πρότερον
1216 4651 1583 4716 ἐκπεπτωκὼς
1631 4654 1722 4707 άν-

167 4752 189 4788 t
226 4734 447 4805 θρωπος
480 4735 757 4804 βασιλείας
798 4736 997 4808 δυνηθῇ
1031 4742 1233 4809 τυχεῖν.
1279 4742 1476 4795 Τοῦτον
1516 4739 1606 4797 οὖν
1634 4744 1723 4797 τὸν

168 4840 189 4878 t
219 4825 507 4895 ἄνθρωπον
530 4825 621 4879 τὸν
648 4828 931 4898 πρότερον,
956 4829 1042 4882 διὰ
1067 4830 1162 4900 τὴν
1190 4832 1466 4904 παρακοὴν
1496 4834 1595 4903 τῆς
1630 4834 1723 4904 βα-

170 4932 187 4965 t
228 4914 436 4977 σιλείας
480 4918 888 4982 ἐκπεπτωκότα,
938 4919 1139 4988 Κύριον
1175 4920 1267 4973 καὶ
1304 4919 1434 4974 Θεὸν
1471 4923 1720 4990 γενέσθαι

170 5024 187 5055 ι
226 5004 548 5075 βουλόμενος
572 5008 601 5059 ό
638 5006 789 5068 Θεὸς,
829 5006 1030 5077 ταύτην
1072 5009 1168 5077 τὴν
1211 5011 1517 5080 οἰκονομίαν
1547 5013 1724 5083 είργά-

170 5113 187 5145 t
229 5112 381 5149 σατο.
426 5097 487 5149 '0
516 5092 608 5149 οὖν
639 5096 935 5164 άγιώτατος
962 5100 1244 5171 προφήτης
1270 5101 1429 5153 Δαυῖδ
1456 5119 1721 5174 προφητι-

1828 4564 2115 4632 assumpsit
2141 4563 2234 4617 Dei
2272 4562 2532 4618 Verbum.
2567 4562 2743 4617 Veluti
2771 4563 2913 4617 enim
2940 4562 3138 4617 oblitus
3160 4563 3392 4617 istorum

1826 4654 2062 4707 omnium
2086 4668 2205 4723 quae
2232 4654 2483 4719 adduxit,
2516 4654 2678 4710 linem
2718 4656 2941 4709 minime
2967 4664 3395 4711 consentaneum

1826 4742 2036 4811 pietati,
2102 4752 2157 4797 et
2210 4742 2503 4797 infaustum
2552 4743 2689 4799 satis
2744 4745 2957 4814 corpori
3020 4744 3396 4814 superinducit

1840 4832 2171 4888 Servatoris.
2233 4832 2381 4887 Ultra
2436 4834 2539 4888 ista
2609 4835 2823 4904 quidem
2876 4835 3081 4897 omnia,
3138 4843 3394 4901 tanquam

1827 4934 1973 4977 recte
2004 4926 2385 4989 successerint,
2421 4934 2474 4979 et
2503 4940 2569 4981 ex
2597 4927 2778 4981 animo
2798 4929 3078 4997 superiora
3106 4964 3123 4989 ,
3167 4935 3397 4979 conatur

1828 5018 2133 5077 ostendere.
2162 5026 2216 5070 et
2246 5017 2393 5070 illum
2431 5018 2594 5071 etiam
2629 5026 2864 5080 textum,
2910 5016 3163 5086 Regnavit
3208 5013 3397 5069 Denti-

1830 5121 1951 5169 nus,
1990 5106 2209 5159 exsultet
2237 5118 2378 5160 terra
2414 5109 2483 5171 ",
2524 5111 2589 5162 de
2616 5122 2779 5163 carne
2818 5108 3248 5178 intelligendum.
3305 5106 3397 5160 Ait

239 5285 299 5343 at
329 5278 428 5335 Ed.
456 5278 627 5336 Paris.
659 5296 779 5352 pag.
804 5281 893 5336 49.
964 5283 1007 5313 ²²
1031 5281 1239 5337 Coloss.
1254 5298 1308 5353 ι,
1339 5281 1424 5336 16.
1502 5282 1548 5313 ⁸³
1571 5280 1589 5336 l
1613 5279 1719 5335 Titr

1828 5319 1841 5346 ,
1872 5282 1923 5339 5.
2000 5279 2215 5336 "Joan.
2246 5297 2340 5347 xu,
2372 5280 2463 5338 28.
2538 5283 2582 5313 ’³
2614 5280 2757 5335 Psal.
2792 5296 2931 5346 XCVI,
2970 5281 3022 5334 l.

293 5479 349 5551 Ἰ)
376 5472 544 5551 Vulgo
566 5482 663 5549 τῆς
690 5480 864 5551 Παρθ.

1841 5477 2082 5541 homine,
2104 5479 2313 5543 delirat,
2341 5495 2461 5531 eum
2482 5479 2618 5533 ultra
2636 5495 2820 5534 omnes
2836 5480 3099 5544 homines,
3118 5488 3237 5545 post
3265 5493 3394 5533 συν-

264 5548 355 5613 78)
385 5547 699 5601 limum-ea
724 5547 825 5603 ὑπ·
854 5549 1061 5604 αὑτοῦ.
1089 5549 1341 5614 Omnino,
1375 5558 1433 5602 ut
1470 5548 1719 5603 Eusebius

1838 5547 2049 5601 τέλειαν
2072 5550 2501 5606 cxinuuieudutn.
2535 5554 2673 5617 quod
2713 5550 2862 5614 τέλος
2899 5551 2996 5603 οὐκ
3025 5550 3199 5601 αἶσιον
3244 5558 3396 5617 recto

171 5615 270 5680 ait,
307 5618 423 5670 haec
454 5629 576 5670 sunt
604 5622 960 5687 observanda.
999 5620 1129 5672 Nam
1179 5619 1496 5687 stupendum
1533 5621 1583 5671 in
1619 5634 1728 5671 mo-

1840 5617 2312 5689 vocat.M.—-lnlra
2344 5621 2497 5685 vulgo
2519 5616 2720 5689 ταύτην
2734 5623 2921 5682 οίκον.,
2942 5630 2991 5671 et
3006 5618 3175 5685 λέγει,
3192 5616 3396 5688 Κύριος

174 5700 288 5759 rem
316 5686 905 5759 insanivit_Marcellus,
928 5691 973 5742 si
997 5705 1120 5742 vera
1156 5685 1310 5743 nobis
1337 5688 1403 5740 de
1435 5687 1719 5759 illo_retulil

1834 5685 2012 5753 ἱϐασ.;
2035 5690 2155 5744 dein
2186 5688 2437 5751 λαϐόντος
2456 5689 2646 5759 χρόνον
2666 5685 2807 5744 τοῦδ.
2838 5690 2901 5747 Β.

178 5755 536 5811 adversarius.
570 5755 703 5809 Nam
739 5756 805 5812 de
828 5758 1026 5812 Christi
1062 5773 1249 5825 carne,
1278 5759 1380 5813 hoc
1401 5768 1483 5813 est
1510 5757 1728 5812 Christo

416 5850 686 5913 Ριτιιοι..
737 5851 854 5913 Gn.
921 5852 1141 5914 XXIV.

2998 5853 3077 5910 26
