4070 6304
721 395 814 453 m

1374 390 1634 447 susssn
1671 387 2138 446 cmssnmvsm
2176 383 2324 445 ore.
2357 371 2535 444 P’ans
2571 384 2661 442 1v.
2698 415 2769 427 —
2798 384 3221 444 DOGIATICA.

729 526 904 569 autem
921 512 1010 586 [Β.
1038 509 1258 581 XCIX]:
1295 529 1312 562 s
1336 510 1436 577 Qui
1467 510 1774 576 descendit,
1807 509 1924 564 ideo
1955 518 2011 564 et
2041 522 2259 564 carnem

2365 524 2386 560 ι
2425 507 2536 570 κῶς
2554 507 2720 576 λέγει,
2773 506 2826 558 Ὁ
2852 506 3063 574 Κύριος
3097 503 3506 570 ἐϐασίλευσεν,
3531 504 3936 575 dmum...

728 621 750 654 s
795 601 1079 672 assumpsit
1115 602 1181 654 de
1222 599 1436 668 Virgine
1459 637 1474 661 ,
1514 613 1605 652 rex
1635 607 1716 651 est
1743 597 2070 654 constitutus
2103 610 2260 664 super

727 708 746 742 s
785 688 1095 752 Ecclesium,
1127 701 1314 756 nempe
1347 687 1395 739 in
1428 700 1548 739 eum
1585 684 1766 747 linem,
1808 695 1864 736 ut
1897 684 1975 737 sic
2009 699 2103 750 per
2135 683 2263 736 Ver-

726 799 746 833 ι
793 780 938 845 bum,
973 778 1133 832 homo
1169 777 1257 846 qui
1294 775 1439 844 prius
1464 773 1720 828 calorum
1763 786 1932 840 regno
1962 771 2258 835 exciderat,

723 886 745 922 s
792 881 1014 936 regnum
1072 865 1200 920 illud
1255 864 1429 918 denuo
1483 871 1915 930 consequeretur.
1983 859 2259 914 Hominem

723 974 744 1008 s
789 971 918 1026 ergo
945 957 1103 1011 istum
1132 953 1222 1022 qui
1263 967 1424 1022 regno
1455 952 1606 1020 prius
1637 951 1911 1004 exciderat
1953 964 2047 1018 per
2075 949 2259 1004 inube-

724 1065 743 1098 ‹
789 1046 1042 1102 dieutiam
1070 1059 1239 1108 suam,
1274 1043 1552 1096 Dominum
1617 1053 1670 1096 et
1721 1041 1885 1095 Deum
1921 1041 2034 1096 iieri
2084 1040 2262 1096 volens

724 1153 743 1186 s
790 1135 950 1196 Deus,
1006 1136 1141 1186 hanc
1191 1132 1546 1187 mcuuomiam
1606 1132 1675 1183 ita
1724 1130 2072 1198 dispensavit.
2121 1129 2264 1195 Quo-

723 1257 743 1282 ι
786 1230 928 1284 circa
960 1227 1331 1283 sanctissimus
1375 1233 1522 1280 vates
1567 1224 1731 1278 David
1775 1223 2087 1292 prophetico
2119 1236 2264 1276 more

724 1340 743 1374 ι
793 1321 968 1376 fatur:
1008 1318 1259 1388 Regnavit
1285 1316 1564 1378 Dominus,
1591 1316 1811 1368 exsultet
1841 1329 2032 1368 terra.»
2059 1313 2120 1368 Et
2146 1325 2265 1383 post

717 1410 822 1466 alia
845 1410 1084 1479 quaedam
1124 1405 1386 1462 subinicrt
1415 1404 1514 1476 [ιι.
1543 1403 1606 1475 C]
1644 1423 1655 1457 :
1690 1425 1706 1455 ι
1732 1403 1809 1459 0b
1847 1420 2004 1473 quam
2050 1419 2264 1458 causam

723 1520 742 1554 ι
787 1502 941 1570 quasi
970 1500 1222 1555 Dominus
1244 1507 1425 1552 noster
1463 1496 1620 1551 Jesus
1665 1497 1908 1552 Christus
1933 1537 1948 1561 ,
1980 1500 2127 1566 regni
2167 1498 2267 1551 ini-

723 1611 743 1645 ι
792 1593 922 1646 ιίιιιιι
947 1591 1252 1659 auspicatus
1281 1587 1456 1642 fuerat
1487 1602 1516 1639 a
1540 1588 1769 1657 quodam
1816 1595 2092 1656 tempore,
2126 1587 2264 1640 vati-

725 1702 744 1736 s
786 1685 982 1738 ciuium
1019 1682 1164 1737 canit
1195 1678 1342 1750 :Ego
1383 1690 1558 1732 autem
1609 1695 1701 1730 rex
1729 1678 1790 1730 ab
1823 1677 1915 1730 illo
1955 1678 2264 1731 constitutus

725 1791 745 1826 s
789 1789 902 1828 sum
934 1772 998 1825 “.
1030 1790 1049 1823 ι
1103 1771 1171 1825 Et
1200 1785 1389 1824 rursus
1415 1769 1604 1823 addit‘.
1637 1768 1715 1822 0b
1739 1783 1856 1822 eam
1885 1782 2103 1822 causam
2148 1782 2264 1832 rex,

2365 615 2383 646 ι
2424 595 2462 661 ἡ
2494 595 2588 664 τῆ.
2628 613 2646 646 ι
2685 594 2789 648 Καὶ
2815 595 2930 666 μεθ’
2957 595 3117 665 ῑτερα
3143 594 3421 665 ἐπιφέρει·
3463 613 3481 645 ι
3523 596 3601 646 Δι’
3634 596 3700 666 ἢν
3732 593 3932 647 αίτίαν

2364 705 2383 737 ι
2421 686 2606 758 ὥσπερ
2635 686 2806 756 ἀρχὴν
2841 687 3109 756 βασιλείας
3139 683 3247 740 ἀπό
3271 703 3413 750 τινος
3438 684 3685 750 λαϐόντος
3712 685 3926 755 χρόνου

2365 795 2384 829 s
2424 777 2515 831 τοῦ
2541 777 2797 830 δεσπότου
2844 778 3000 848 ἡμῶν
3031 775 3284 847 Χριστοῦ,
3316 778 3350 844 ή
3393 777 3694 847 προφητεία
3719 776 3925 846 φησίν

2324 909 2334 918 .
2366 884 2384 916 ι
2430 865 2574 936 Ἐγὼ
2594 865 2661 918 δὲ
2688 867 3056 935 “rectm
3069 865 3365 932 ,ϐασιλεὺς
3387 869 3488 921 ὑπ’
3511 867 3710 922 αὑτοῦ.
3751 885 3772 918 s
3810 865 3931 919 Καὶ

2362 955 2520 1008 πάλιν
2552 955 2819 1024 ἐπιφέρει·
2841 974 2859 1006 ι
2885 955 2982 1008 Διὰ
2995 955 3149 1009 τοῦτο
3159 954 3264 1026 γὰρ
3280 956 3374 1008 καὶ
3392 954 3654 1025 βασιλεύει
3669 954 3810 1027 (79),
3830 954 3929 1009 ἴνα

2367 1063 2386 1096 ι
2417 1046 2474 1097 ἐν
2502 1047 2566 1115 τῇ
2592 1043 2902 1116 ἀνθρωπίνῃ
2933 1047 3094 1117 σαρκὶ
3121 1045 3423 1115 γενόμενος,
3457 1045 3704 1114 βασιλεὺς
3727 1062 3794 1098 τε
3819 1062 3928 1099 κα-

2367 1155 2384 1184 ι
2424 1132 2645 1196 ταστὰς,
2693 1131 2778 1184 διὰ
2808 1132 2900 1185 τοῦ
2935 1133 3128 1200 Λόγου,
3173 1135 3202 1185 ὁ
3233 1131 3485 1194 κενωθεὶς
3524 1133 3790 1203 πρότερον
3823 1134 3928 1188 ἄν·

2369 1241 2387 1274 ‹
2423 1221 2653 1293 θρωπος,
2683 1225 2860 1276 πᾶσαν
2892 1223 3061 1294 ἀρχὴν
3092 1222 3183 1276 τοῦ
3228 1223 3492 1286 διαόόλου,
3536 1227 3626 1276 καὶ
3659 1224 3922 1295 δύναμιν,

2369 1331 2387 1362 ι
2429 1315 2522 1364 καὶ
2548 1311 2789 1376 ἐξουσίαν
2824 1316 3160 1386 καταργήσῃ.
3191 1333 3209 1366 ι
3243 1313 3484 1366 Τοσαῦτα
3507 1315 3632 1385 περὶ
3659 1316 3757 1386 τῆς
3787 1333 3925 1387 σαρ-

2363 1406 2456 1468 κὸς
2479 1406 2572 1458 τοῦ
2613 1405 2879 1475 Σωτῆρος,
2911 1409 3004 1458 καὶ
3029 1407 3229 1460 τούτων
3267 1407 3344 1458 ἔτι
3386 1407 3550 1460 πολλὰ
3581 1407 3805 1461 πλείονα
3834 1410 3924 1462 εί-

2363 1495 2496 1559 πὼν,
2529 1497 2701 1567 φήσας
2733 1513 2789 1548 τε
2820 1496 2985 1566 αὐτὴν
3014 1492 3152 1548 εἶναι
3183 1497 3280 1568 τὴν
3313 1497 3491 1550 εἰκόνα
3532 1497 3621 1551 τοῦ
3652 1497 3792 1550 Θεοῦ
3823 1499 3926 1552 τοῦ

2363 1588 2613 1658 ἀοράτου,
2659 1588 2751 1641 καὶ
2791 1588 2881 1640 τὸν
2925 1588 3269 1659 Πρωτότοκον
3317 1589 3496 1660 πάσης
3539 1591 3789 1654 κτίσεως,
3827 1592 3930 1645 καὶ

2362 1678 2453 1730 τὸν
2483 1677 2724 1748 βασιλέα,
2759 1680 2849 1732 καὶ
2881 1679 2970 1730 τὸν
3021 1678 3246 1750 Ἰησοῦν,
3276 1680 3369 1732 καὶ
3392 1681 3482 1732 τὸν
3523 1681 3775 1749 Χριστὸν,
3827 1682 3930 1734 καὶ

2363 1769 2454 1822 τὸν
2483 1771 2782 1838 ἀγαπητὸν,
2817 1771 2910 1824 καὶ
2945 1771 3044 1824 ὃσα
3069 1770 3200 1824 ἄλλα
3230 1771 3501 1835 κατέλεξε·
3531 1772 3595 1825 δι’
3629 1774 3802 1843 αὑτήν
3833 1790 3927 1837 τε,

725 1883 744 1918 ι
791 1874 849 1918 ιιι
875 1878 996 1919 cum
1024 1863 1256 1916 humana
1295 1876 1459 1916 carne
1492 1862 1812 1916 constitutus
1837 1901 1850 1925 ,
1884 1869 1939 1913 et
1967 1860 2266 1914 declaratus

2367 1836 2539 1912 ταῦτα
2586 1836 2757 1912 πάντα
2811 1861 3068 1931 κληθῆναι
3129 1862 3216 1914 τὸν
3260 1863 3429 1930 Λόγον
3478 1836 3928 1934 ἀποφηνάμενος,

725 1971 747 2006 s
791 1968 909 2018 rex,
945 1953 1248 2007 exinanitus
1286 1951 1433 2020 prius
1469 1952 1652 2025 homo,
1685 1963 1843 2003 omne
1874 1947 2069 2001 diaboli
2102 1949 2265 2016 impe-

2367 1951 2547 2002 ὁποῖον
2573 1949 2722 2013 τέλος
2753 1951 2888 2021 αὐτῇ
2911 1951 3247 2022 περιτίθησιν
3273 1953 3371 2023 ήδη
3405 1931 3675 2022 θεωρῆσαι
3703 1931 3928 2025 καιρός.

725 2075 744 2102 ι
789 2049 946 2112 rium,
971 2049 1076 2102 vim
1103 2058 1156 2101 et
1184 2056 1501 2116 potestatem
1534 2059 1628 2114 per
1654 2044 1883 2097 Verbum
1915 2051 2221 2096 evacnaret.
2269 2061 2287 2094 ι
2329 2041 2431 2097 Τοι
2456 2044 2563 2101 ille.
2626 2057 2680 2099 et
2717 2046 2933 2115 quidem
2965 2047 3118 2115 longe
3142 2048 3314 2116 plura,
3354 2047 3419 2102 de
3447 2062 3609 2101 carne
3641 2062 3934 2103 commen.

719 2153 806 2196 tus
844 2139 1164 2204 Servatoris,
1212 2145 1270 2202 iis
1313 2146 1591 2207 postquam
1663 2136 1812 2189 illam
1894 2137 2194 2190 nominarat
2243 2136 2332 2190 Dei
2369 2137 2654 2208 imaginem
2699 2139 3001 2203 invisibilis,
3049 2148 3102 2194 et
3139 2140 3312 2194 omnis
3347 2149 3604 2194 creatura
3642 2141 3933 2212 primoge-

719 2235 911 2294 nilum.
941 2241 995 2286 et
1041 2245 1238 2300 regem,
1270 2237 1322 2283 et
1360 2227 1558 2290 Iesum,
1625 2236 1680 2281 et
1718 2226 2012 2291 Christum,
2062 2235 2114 2280 et
2156 2226 2428 2292 dilectum,
2489 2241 2544 2282 et
2604 2244 2722 2298 qua
2759 2229 2858 2283 alia
2919 2230 3406 2292 commemoravit:
3445 2232 3661 2302 insuper
3692 2232 3929 2288 addide-

720 2331 824 2388 rat,
872 2330 1090 2392 pr0pter
1131 2320 1275 2374 illam
1330 2320 1496 2388 ipsam
1532 2333 1776 2384 carnem,
1833 2327 1907 2371 tot
1956 2317 2258 2374 nominibus
2325 2317 2556 2375 Verbum
2614 2321 2921 2391 insignitum
3001 2319 3186 2387 fuisse,
3224 2319 3385 2376 linem
3432 2331 3610 2377 tamen
3655 2322 3729 2378 illi
3781 2336 3921 2378 eum

719 2414 947 2484 sﬂingit,
976 2426 1131 2484 quem
1159 2427 1299 2465 nunc
1333 2420 1539 2477 tempus
1571 2419 1652 2463 est
1683 2419 1740 2462 ut
1770 2409 2190 2464 consideremus.

1351 2501 1497 2555 CAP.
1542 2500 1626 2552 iV.

724 2594 1064 2660 Qualsmnam
1097 2593 1248 2660 ﬁnem
1272 2589 1523 2656 subinfert
1547 2588 1828 2642 Marcellus
1871 2588 2064 2644 Christi
2091 2605 2269 2660 regno,

2993 2497 3149 2550 ΚΕΦ.
3204 2500 3274 2551 Δ’.

2381 2586 2606 2659 Ὀποῖοτ
2632 2584 2978 2659 Μάρκελλος
3005 2587 3207 2659 ἐξάγει
3227 2589 3397 2659 τέλος
3418 2589 3492 2659 τῇ
3517 2590 3621 2643 τοῦ
3656 2592 3934 2658 Χριστοῦ

1096 2671 1145 2714 et
1199 2663 1341 2712 carni
1386 2675 1540 2727 quam
1590 2661 1884 2726 assumpsit.

790 2751 880 2823 [Β.
914 2749 979 2821 C]
1013 2769 1031 2802 ι
1063 2748 1209 2802 Hanc
1247 2750 1442 2803 etenim
1474 2750 1543 2804 ob
1572 2764 1786 2803 causam
1821 2759 2133 2819 regnaturus
2166 2759 2267 2816 est,

729 2859 747 2892 s
791 2843 1019 2896 humana
1050 2853 1212 2893 carne
1238 2839 1488 2907 praeditus
1528 2853 1622 2905 per
1667 2838 1896 2892 Verbum
1944 2842 2265 2894 constitutus

727 2951 749 2984 ι
790 2946 904 2995 rex,
937 2932 1095 2985 homo
1132 2929 1219 2982 ille
1246 2928 1369 2981 olim
1407 2929 1658 2997 deceptus
1687 2949 1698 2982 :
1725 2939 1779 2983 et
1808 2944 2018 2984 omnem
2048 2931 2120 2983 ita
2151 2931 2265 2983 dia‘-

728 3037 749 3072 s
791 3019 894 3074 boli
922 3017 1379 3087 potestatem,vim
1397 3031 1448 3068 et
1472 3017 1750 3084 imperium
1775 3020 2075 3072 evacuabit.
2093 3017 2263 3086 Opor—

2549 2657 2853 2722 βασιλείᾳ,
2884 2657 2980 2709 καὶ
3018 2655 3090 2724 τῇ
3117 2659 3292 2725 σαρκὶ
3323 2655 3402 2726 ἢν
3426 2655 3725 2728 ἀπείληφε.

2443 2761 2460 2794 ι
2501 2743 2597 2796 Διὰ
2643 2743 2796 2796 τοῦτο
2848 2745 2954 2815 γὰρ
3015 2745 3338 2814 βασιλεύσει,
3390 2749 3447 2802 ἐν
3492 2753 3556 2820 τῇ
3606 2750 3934 2824 ἀνθρωπίνῃ

2376 2854 2394 2886 ι
2430 2836 2589 2903 σαρκὶ
2637 2835 2941 2904 γενόμενος,
2993 2835 3240 2905 βασιλεύς
3286 2854 3345 2889 τε
3389 2839 3655 2902 καταστάς
3690 2842 3779 2893 διὰ
3827 2844 3933 2896 τιοὸ

2373 2944 2392 2976 ι
2430 2925 2623 2992 Λόγου,
2654 2925 2683 2975 ό
2716 2925 3010 2995 ἀπατηθεὶς
3041 2927 3300 2997 πρότερον
3328 2927 3603 2998 ἄνθρωπος
3641 2929 3774 2998 (80),
3818 2935 3936 2985 πᾶ·-

2375 3035 2392 3066 ι
2432 3033 2527 3068 σαν
2554 3017 2726 3085 ἀρχὴν
2752 3015 2844 3068 τοῦ
2872 3017 3111 3070 διαϐόλου
3152 3019 3246 3070 καὶ
3287 3019 3508 3089 δύναμιν
3540 3022 3631 3073 καὶ
3670 3020 3934 3084 ἐξουσίαν

728 3126 750 3162 s
793 3118 861 3162 tet
887 3107 1021 3162 enim
1046 3107 1213 3169 illum,
1238 3107 1426 3174 inquit,
1457 3121 1666 3172 regnare
1694 3123 1851 3174 usque
1881 3107 2005 3159 dum
2029 3109 2264 3160 inimicos

2375 3123 2393 3154 ‹
2435 3109 2787 3176 καταργήσει;
2835 3109 2925 3160 Δεῖ
2976 3109 3083 3180 γὰρ
3141 3109 3300 3162 αὑτὸν
3352 3110 3665 3179 βασιλεύειν,
3713 3116 3934 3184 φησιν,

728 3221 749 3254 s
792 3216 912 3253 suos
934 3207 1127 3251 statuat
1159 3198 1251 3250 sub
1274 3199 1480 3264 pedibus
1511 3197 1620 3249 suis
1654 3198 1719 3251 ".
1747 3199 1835 3250 Ait
1861 3198 2021 3266 igitur
2059 3199 2266 3253 divinus

2375 3213 2394 3246 ι
2426 3197 2579 3266 ἄχρις
2606 3190 2664 3248 οὗ
2694 3197 2758 3249 ἂν
2782 3197 2846 3267 θῇ
2875 3200 2998 3260 τοὺς
3019 3198 3241 3270 ἐχθροὺς
3266 3201 3368 3253 ὑπὸ
3395 3202 3517 3263 τοὺς
3543 3202 3704 3265 πόδας
3727 3205 3932 3261 αὑτοῦ.

730 3307 752 3341 s
795 3288 1101 3358 Apostolus,
1129 3289 1271 3357 regni
1306 3288 1501 3343 Christi
1534 3288 1692 3341 linem
1730 3298 1839 3342 tum
1865 3291 2122 3353 futurum,
2153 3305 2266 3344 cum

2374 3304 2391 3335 ι
2425 3286 2534 3355 Τῆς
2556 3286 2730 3338 τοίνυν
2759 3284 2850 3337 τοῦ
2887 3286 3141 3339 δεσπότου
3169 3287 3326 3358 ἡμῶν
3354 3290 3582 3360 Χριστοῦ
3614 3291 3930 3360 βασιλείας,

727 3397 750 3432 s
795 3381 896 3432 sub
921 3378 1140 3446 pedibus
1171 3381 1282 3447 ejus
1307 3380 1479 3430 omnia
1513 3378 1933 3435 collocabantur.
1953 3379 2042 3448 ιιι.
2071 3381 2131 3434 Ci
2150 3381 2266 3435 coll.

2372 3395 2391 3428 ι
2421 3376 2577 3428 τοῦτο
2609 3376 2670 3429 τὸ
2700 3377 2847 3439 τέλος
2873 3374 3010 3430 εἷναί
3037 3395 3196 3447 φησιν
3233 3381 3261 3431 ὀ
3294 3381 3434 3450 ἱερὸς
3485 3382 3829 3448 Ἀπόστολος,
3871 3383 3936 3437 τὸ

727 3491 750 3528 s
792 3489 846 3543 p.
871 3471 1016 3543 189].
1043 3492 1060 3522 ι
1086 3473 1210 3526 Post
1238 3487 1400 3540 pauca
1427 3472 1665 3538 quaedam
1697 3472 1843 3525 addit
1872 3491 1884 3525 :
1921 3490 1939 3523 ι
1983 3473 2266 3530 Maximum

2371 3486 2389 3518 ι
2426 3468 2599 3521 πάντα
2630 3468 2961 3536 ὑποταγῆναι
3002 3471 3114 3530 τοῖς
3154 3469 3309 3522 ποσὶν
3347 3470 3528 3524 αὑτοῦ.
3577 3491 3594 3522 ι
3629 3473 3735 3524 Καὶ
3780 3475 3935 3543 μετὰ

728 3579 750 3616 s
799 3565 886 3618 hic
939 3563 1252 3632 mysterium
1308 3563 1508 3615 revelat
1539 3563 1689 3616 nobis
1759 3563 2088 3631 Apostolus,
2145 3566 2266 3619 dum

2365 3558 2567 3628 βραχέα
2595 3560 2852 3627 ἐπιλέγειο
2887 3577 2904 3610 ι
2933 3559 3200 3627 Μέγιστον
3225 3563 3352 3630 ἡμῖν
3379 3565 3666 3634 μυστήριον
3687 3563 3933 3618 ἐνταῦθα

727 3672 749 3706 s
796 3654 1102 3723 pronuntiat
1150 3652 1451 3704 adfuturum
1485 3653 1640 3705 iinem
1668 3667 1830 3721 regno
1851 3653 2266 3709 Christi.Finem

2369 3665 2387 3698 ι
2434 3648 2752 3710 ’Δπόστολος
2805 3649 3188 3712 άνακαλὺπτει,
3225 3650 3371 3713 τέλος
3421 3668 3514 3720 μεν
3564 3653 3776 3706 ἔσεσθαι
3829 3656 3936 3722 φάο

730 3761 750 3795 ι
797 3757 954 3812 porro
1011 3751 1141 3806 tum,
1193 3756 1312 3793 cum
1359 3753 1622 3809 ponentur
1669 3743 1846 3796 omnia
1904 3745 2001 3797 sub
2046 3745 2266 3812 pedibus

2369 3755 2387 3787 s
2422 3754 2564 3789 σκων
2593 3741 2689 3806 τῆς
2721 3738 2952 3808 Χριστοῦ
3001 3739 3295 3808 βασιλείας,
3331 3742 3480 3804 τέλος
3510 3743 3563 3795 δέ
3605 3745 3742 3804 τότε,
3788 3745 3932 3799 ὅταν

732 3850 752 3882 s
802 3831 934 3897 ejus.
964 3847 983 3881 υ
1015 3830 1080 3882 Et
1107 3829 1398 3895 explauans
1439 3830 1611 3884 adhuc
1643 3832 1778 3884 idem
1811 3833 2089 3887 dilucidius
2128 3833 2264 3887 scri-

2369 3846 2386 3877 ι
2425 3828 2594 3879 πάντα
2628 3830 2867 3898 ὑποταγῇ
2900 3833 3009 3894 τοῖς
3058 3833 3209 3884 ποσὶν
3258 3832 3440 3884 αὑτοῦ.
3476 3853 3494 3883 ι
3541 3835 3647 3886 Καὶ
3677 3834 3753 3886 ἔτι
3790 3837 3931 3904 μυ-

724 3921 806 3975 bit
861 3919 948 3990 [Β.
988 3917 1096 3988 Cll]
1129 3937 1138 3969 :
1174 3937 1188 3968 ι
1223 3920 1425 3970 Dictum
1449 3928 1579 3971 esta
1611 3920 1760 3972 nobis
1796 3921 1844 3972 in
1879 3922 2262 3989 superioribus,

2362 3919 2451 3970 λον
2477 3917 2967 3989 ἐπεξεργαζόμενος
2997 3921 3087 3974 τὸν
3120 3923 3280 3974 αὑτὸν
3307 3922 3482 3990 λόγον,
3515 3924 3652 3977 οὑτω
3676 3925 3921 3994 γράφει·

731 4029 750 4061 ι
797 4011 1073 4064 Dominum
1102 4021 1338 4061 nostrum
1365 4010 1633 4061 Christum
1663 4011 1806 4076 regni
1833 4012 1910 4062 sui
1944 4012 2259 4078 principium

2369 4029 2385 4060 s
2428 4011 2672 4078 Ἐφαμεν
2691 4011 2746 4061 ἐν
2767 4013 2874 4072 τοῖς
2901 4012 3392 4083 προάγουσινὴμῶν
3417 4017 3594 4083 ῥητοῖς
3619 4016 3706 4067 τὸν
3731 4016 3927 4071 δεσπό-

729 4117 750 4150 s
797 4099 1069 4165 accepisse
1101 4114 1112 4148 :
1148 4097 1304 4161 idque
1332 4096 1500 4162 ipsum
1539 4095 1816 4146 docuimus
1853 4110 1881 4147 e
1924 4111 2076 4148 sacra
2112 4095 2258 4148 Scri-

2369 4118 2387 4150 ‹
2431 4117 2526 4174 την
2555 4101 2707 4170 ἡμῶν
2733 4101 2824 4154 τὸν
2849 4103 3080 4172 Χριστὸν
3108 4102 3278 4172 ἀρχὴν
3309 4106 3592 4173 ἐσχηκέναι
3619 4103 3918 4173 βασιλείας,

730 4206 750 4239 s
797 4197 950 4256 plura
997 4187 1431 4239 demonstratum.
1464 4184 1841 4237 Testimonium
1881 4187 2107 4251 primum
2155 4194 2258 4250 est,

2370 4210 2387 4241 ι
2428 4194 2488 4242 ἐκ
2522 4191 2626 4243 τῶν
2667 4192 2820 4245 θείων
2853 4193 3082 4263 Γραφῶν
3105 4193 3404 4256 ἀποδείξεσι
3441 4193 3722 4263 χρώμενοι.
3753 4197 3917 4250 Ἔστι

723 4276 835 4347 Ego
864 4279 1167 4331 constitutus
1205 4293 1318 4328 sum
1349 4277 1410 4327 ab
1444 4275 1532 4329 illo
1572 4291 1661 4328 rex
1689 4292 1842 4343 super
1882 4275 2013 4330 Sion
2039 4288 2259 4331 montem

2371 4298 2388 4331 ι
2433 4281 2528 4350 μὲν
2549 4282 2686 4352 μίαὴ
2703 4282 2947 4350 λέγουσα·
2981 4282 3125 4352 Ἐγὼ
3148 4283 3215 4336 δὲ
3239 4284 3606 4350 κατεστάθην
3619 4286 3918 4353 ,ϐασιλεὺς

799 4446 856 4502 >1<
887 4438 980 4492 Ed.
1014 4438 1180 4492 Puris.
1215 4453 1332 4506 pag.
1363 4437 1448 4493 50.
1524 4439 1567 4469 ⁸⁸
1599 4439 1737 4493 Psal.
1772 4456 1829 4504 ιι,
1859 4438 1908 4491 6.
1983 4438 2060 4492 ³⁷1
2083 4439 2204 4494 Cor.
2235 4455 2322 4505 xv,
2340 4441 2428 4496 ΞΒ.

795 4598 1340 4681 (79)Ale‘tt01?t0.falp
1373 4597 2076 4681 xaiﬂagdenﬁspieggd.
2117 4600 2262 4681 βασι·
2291 4537 2334 4590 D

722 4668 901 4721 λεὺσει
947 4677 1003 4718 ιιι
1055 4670 1312 4734 principio
1364 4670 1634 4733 sequentis
1675 4670 1891 4734 capitis,
1940 4671 2025 4721 ubi
2073 4668 2258 4721 eadem

723 4736 954 4790 Marcelli
989 4737 1144 4788 verba
1185 4747 1510 4804 repetuntur,
1555 4746 1610 4788 ut
1661 4748 1713 4788 et
1744 4753 1859 4789 mox
1885 4753 1979 4804 pro
2009 4737 2259 4800 κενωθείς

2363 4599 2576 4670 θαρρεῖν
2600 4599 3038 4672 παρασκευάζων,
3061 4601 3256 4654 ὡσανεὶ
3293 4602 3461 4669 ἔλεγε.
3501 4601 3741 4670 Semper,
3778 4606 3912 4661 etin

2363 4682 2616 4722 atteruum
2644 4672 2906 4736 regnabit.
2940 4672 3070 4723 Nam
3104 4683 3159 4724 ut
3191 4684 3334 4725 recte
3362 4675 3608 4726 observat
3642 4672 3913 4728 (Boume-

2363 4739 2500 4822 nius,
2532 4739 2588 4790 τὸ
2601 4739 2908 4822 signem:
2937 4739 2995 4792 τὸ
3021 4740 3129 4822 ea)?
3160 4742 3220 4822 οὑ
3248 4744 3421 4822 κεῖται
3447 4740 3635 4822 χρόνου
3671 4744 3913 4822 συντελε-

723 4805 1265 4880 ΐεοιὶυε-ἁπατηθείς,
1291 4817 1348 4858 ιιι
1373 4807 1529 4880 paulo
1544 4815 1674 4880 post
1702 4805 1912 4880 legitur,
1941 4818 2006 4880 et_
2025 4823 2113 4880 ex_
2132 4823 2261 4873 pra:-

2366 4807 2561 4880 στικὸν,
2588 4805 2700 4880 αλλ’
2725 4811 2828 4880 άεέι,
2855 4806 2973 4880 οἷον
2990 4809 3069 4873 τό,
3104 4808 3211 4876 ἐγὼ
3245 4809 3359 4878 μεθ’
3402 4805 3549 4880 ὑμῶν
3577 4814 3709 4880 ειμι,
3733 4813 3909 4875 πάσας

723 4874 1037 4929 cedentibus
1059 4886 1304 4949 apparet;
1342 4876 1827 4949 toleraritameuet
1859 4878 1967 4928 inec
1996 4876 2260 4949 lecti9_po-

2363 4876 2459 4937 τὰς
2497 4877 2720 4947 ἡμέρας,
2782 4878 3027 4949 ἓως--τῆς
3080 4874 3401 4942 συντελείας.
3440 4874 3600 4949 ’ρυοά
3632 4874 3818 4949 ἰρήδιιω
3843 4874 3912 4937 de

721 4953 849 5017 test,
879 4958 997 5017 cum
1029 4945 1438 5017 exinanitionem
1466 4945 1622 5013 regiae
1643 4943 1820 5012 gloria:
1846 4954 2094 5012 opponat.
2119 4943 2262 4998 M.—
2365 4943 2547 4998 donec'
2570 4943 2818 5017 observat
2879 4943 3235 5017 Hieronymus
3292 4943 3491 5003 contra
3510 4943 3808 5004 Helvidium
3855 4961 3907 5005 et

722 5013 861 5065 Infra
893 5012 1047 5078 vulgo
1075 5013 1171 5063 ὅσα
1201 5012 1382 5065 τᾶλλα.

793 5080 903 5148 (80)
958 5081 1008 5131 '0
1053 5081 1366 5147 ἀπατηθεὶς
1414 5082 1696 5147 πρότερον
1732 5081 2053 5148 ἄνθρωπος.
2085 5081 2140 5134 id
2176 5092 2257 5135 est

723 5150 951 5204 humana
986 5162 1164 5204 nostra
1196 5163 1404 5214 natura,
1431 5167 1545 5219 qua:
1569 5156 1616 5203 in
1641 5152 1844 5203 Atlanto
1879 5167 1971 5218 per
2006 5153 2256 5218 prazvari-

723 5219 983 5273 catiouem
1040 5220 1326 5282 ceciderat,
1389 5222 1439 5272 iu
1491 5219 1705 5273 ChriSIo
1760 5235 1852 5286 per
1898 5221 2250 5274 obedientiam

724 5288 1085 5354 triumphavit.
1144 5289 1336 5340 Locum
1390 5304 1514 5340 vero
1572 5290 1708 5341 beati
1770 5289 2003 5354 Apostoli
2047 5304 2111 5341 ex
2164 5291 2252 5342 illa

721 5355 784 5407 ad
817 5356 834 5408 ι
870 5357 1110 5410 Corinth.
1148 5373 1232 5418 xv,
1279 5357 1364 5418 28,
1418 5372 1572 5424 quem
1624 5372 1833 5410 sursum
1874 5369 2032 5424 atque
2091 5361 2249 5412 deor-

720 5440 837 5477 sum
877 5427 1009 5476 adeo
1055 5435 1231 5477 versat
1283 5427 1556 5490 Eusebius,
1608 5426 1715 5486 hic,
1761 5426 1904 5486 alihi.
1935 5435 1986 5479 et
2038 5428 2088 5479 in
2141 5430 2246 5481 ﬁne

720 5491 813 5545 liii.
848 5507 898 5554 ν,
951 5503 1095 5546 recte
1140 5494 1433 5556 Marcellus,
1476 5495 1540 5548 de
1576 5494 1787 5548 Christo
1823 5497 2033 5547 homine
2083 5497 2247 5549 inter-

721 5562 1065 5635 pr_etatur.At
1102 5577 1320 5635 prorsus
1359 5563 1538 5629 impie,
1584 5567 1649 5616 ab
1676 5566 1763 5616 illo
1804 5564 1942 5635 loco,
1988 5567 2052 5616 de
2098 5566 2245 5635 regni

718 5631 880 5699 etiam,
942 5638 995 5682 et
1065 5634 1307 5684 essentia
1369 5636 1823 5699 consununatione
1899 5631 2246 5699 hiasphenfat.

718 5700 797 5773 ΟὑΔ
814 5697 956 5773 τέλος
976 5699 1310 5773 ἐπιτιθεὶςμτῇ
1335 5699 1571 5769 βασιλείᾳ
1592 5697 1708 5773 εἷπε
1724 5703 1801 5764 τὸ,
1824 5703 1975 5771 ἄχρις
1991 5697 2048 5757 οὑ
2077 5705 2139 5756 ἂν
2159 5703 2245 5773 θῇ,

719 5769 808 5819 καὶ
840 5767 981 5838 ἑξῆς.
1019 5768 1150 5826 Ἀλλ’
1193 5767 1493 5833 ἀξιόπιστον
1521 5767 1682 5823 ποιῶν
1708 5773 1766 5823 τὸ
1812 5767 2109 5842 εἰρὴμένον,
2158 5767 2249 5826 κᾶι

2367 5025 2542 5089 uoster
2570 5015 2654 5089 hic
2681 5017 2731 5069 in
2757 5015 2881 5089 fine.
2920 5017 2994 5070 De
3020 5015 3118 5089 loci
3143 5029 3316 5071 autem
3342 5033 3502 5070 sensu
3530 5030 3583 5070 et
3608 5019 3908 5089 intelligen-

2359 5083 2449 5143 tia,
2487 5085 2554 5134 ita
2588 5086 2673 5138 ille
2722 5087 2882 5136 tradit
2935 5101 2963 5138 a
3011 5085 3314 5139 Graecorum
3361 5083 3803 5140 commentariis?
3835 5088 3906 5140 Τὸ

2358 5149 2652 5224 βασιλεύειν
2690 5154 2920 5224 ἐνταῦθα
2960 5157 3056 5224 οὑχ
3085 5155 3289 5218 ἁπλῶς,
3325 5156 3435 5208 ἀλλ’
3482 5150 3591 5207 οἷον
3625 5157 3705 5208 δεῖ
3745 5158 3907 5210 αὑτὸν

2352 5222 2435 5294 τὰ-
2461 5221 2554 5294 τοῦ
2605 5222 2862 5291 βασιλέως
2914 5221 3105 5294 ποιεῖν,
3137 5225 3290 5276 Τοῦτ’
3332 5225 3444 5277 ἐστι
3478 5224 3741 5294 πολεμεῖν
3784 5227 3907 5294 τοὺς

2352 5289 2920 5362 ἐχθροὺς-,συμμαχεῖν
2939 5293 3236 5362 τοῖςμίδίοις.
3263 5295 3399 5356 Τοὺς
3435 5293 3532 5362 μὲν
3555 5289 3903 5362 τροποῦσθαι,

2348 5358 2471 5433 τοὺς
2494 5361 2550 5433 δὲ
2575 5358 2822 5433 ῥύεσθαι,
2834 5358 2992 5433 ήάχρις
3015 5358 3074 5416 οὑ
3097 5363 3160 5415 ἄν
3180 5363 3266 5433 θῇ,
3287 5375 3390 5416 etc.
3413 5358 3564 5415 Μετὰ
3587 5358 3694 5433 γάρ
3715 5363 3903 5433 mina.

2349 5429 2563 5503 οὐδενὸςΔ
2599 5429 2729 5503 τῶνΔ
2776 5429 3071 5503 eampse»,
3125 5429 3300 5501 χρεία.
3367 5429 3748 5503 ’ᾼστασίαστος
3795 5432 3904 5503 γάρ

2351 5471 2573 5572 λέξεις,
2593 5471 3320 5572 ,έῖέιλεῑιτῇιῑιῑῑρῑῑξιξι
3340 5471 3794 5572 suist-gaesa.
3807 5471 3909 5572 sit

2349 5566 2462 5628 τοῦ,
2480 5576 2530 5619 et
2549 5569 2719 5635 βασιλ.
2738 5570 2796 5620 οὑ
2817 5569 2902 5634 τό;
2928 5571 3047 5623 Mss.
3071 5570 3140 5620 ῖσ.
3164 5566 3324 5634 οὑτοι,
3343 5566 3496 5624 cedd.
3528 5566 3586 5623 οὑ
3607 5571 3686 5628 τό,
3719 5574 3757 5623 ii
3784 5569 3906 5624 τοῦ-

2351 5647 2493 5709 τοέοι
2512 5635 2842 5709 ὑποταγῆναι
2878 5643 2988 5702 τοῖς
3020 5639 3172 5709 ποσὶν
3205 5639 3385 5701 αὐτοῦ,
3419 5647 3472 5709 et
3501 5640 3592 5691 ὑπ’
3629 5641 3793 5692 αὑτοῦ
3815 5641 3907 5709 βα-

2355 5704 2528 5768 σιλεύς
2575 5717 2627 5761 et
2678 5704 2892 5776 εἴληφεν
2935 5712 2963 5763 ό
3014 5707 3292 5778 ἄνθρωπος
3341 5707 3533 5779 ἀρχὴν.
3571 5721 3625 5764 et
3665 5709 3745 5780 τῷ
3789 5704 3906 5776 δεῖ)

2356 5791 2576 5827 καταστ.
