4068 6316
144 353 261 405 817

1264 350 1540 405 CONTRA
1580 348 2000 405 MARCELLUM
2038 347 2165 403 LIB.
2208 348 2273 402 II.

3260 347 3363 403 ΜΒ

154 486 175 518 1
232 486 347 532 σιος
370 470 554 541 εἴρηκε
578 471 803 533 Παῦλος,
838 470 977 524 οὕτω
1002 489 1113 535 πως
1143 472 1325 525 εἰπών·
1364 468 1505 525 Εἶτα
1533 472 1599 524 τὸ
1624 470 1713 523 τέ-

1831 488 1839 520 ι
1892 484 2131 524 carnem.
2164 465 2316 534 Quod
2343 468 2386 523 si
2418 474 2599 521 nostra
2646 472 2851 519 tantum
2881 480 3040 521 causa
3084 462 3373 536 assumpsit

156 579 178 611 1
229 564 365 626 λος,
397 561 541 614 ὅταν
561 561 858 630 παραδιδῷ
882 562 994 631 τὴν
1010 563 1335 626 βασιλείαν
1362 556 1439 626 τῷ
1474 561 1591 625 Θεῷ
1616 561 1712 613 καὶ

159 672 178 701 1
228 654 435 720 Hatpi.
472 672 491 705 ι
518 652 738 715 Τούτοις
770 653 886 723 μεθ’
912 654 1074 725 ἔτερα
1102 653 1353 720 ἐπιλέγει·
1388 671 1405 701 ι
1431 652 1635 705 Οὐκοῦν
1655 652 1713 703 οὐ

159 758 181 789 1
230 740 299 793 δι’
332 742 540 805 ἑαυτὸν,
580 742 713 793 ἀλλά
741 741 804 793 δι’
840 744 1008 811 ἡμᾶς,
1042 742 1138 811 τὴν
1195 741 1538 812 ἀνθρωπίνην
1576 739 1717 793 ἀνεί-

159 851 180 882 1
235 832 374 901 ληφε
416 832 611 901 σάρκα.
641 834 703 886 El
735 834 790 886 δὲ
829 834 895 885 δι’
919 835 1062 903 ἡμᾶς
1096 833 1398 903 ἀνειληφὼς
1449 831 1713 899 φαίνεται,

162 938 183 971 1
238 922 415 975 πάντα
434 924 488 976 δὲ
515 924 583 977 τά
605 923 723 978 καθ’
752 927 996 995 ήμᾶς,τῇ
1023 924 1183 977 αὑτοῦ
1209 924 1429 995 προνοίᾳ
1448 923 1539 976 xui.
1569 924 1717 991 ὲνερ-

160 1031 185 1065 1
237 1015 383 1084 γείᾳ,
412 1015 470 1067 ὲν
496 1015 572 1085 τῷ
603 1018 777 1087 καιρῷ
822 1017 920 1084 τῆς
964 1016 1193 1087 κρίσεως
1224 1014 1405 1077 τέλους
1453 1013 1713 1078 τεύξεται,

163 1120 186 1153 1
237 1102 421 1155 οὐκέτι
464 1104 581 1157 οὐδὲ
620 1106 821 1175 ταύτης
856 1106 954 1174 τῆς
982 1107 1040 1158 ὲν
1075 1105 1228 1175 μέρει
1267 1104 1538 1175 βασιλείας
1566 1104 1716 1157 ἐσται

163 1212 183 1243 1
237 1196 415 1263 χρεία.
454 1214 473 1245 ι
512 1196 689 1249 Ταῦτα
722 1196 1033 1267 Μάρκελλος
1057 1196 1243 1259 εἰπὼν,
1274 1191 1390 1249 εἶτα
1439 1195 1716 1249 συναισθό-

162 1301 331 1353 μενος
368 1285 556 1338 ἐαυτοῦ
582 1289 657 1350 είς
690 1286 887 1340 ἄτοπον
929 1289 1357 1350 ὲκπεπτωκότος,
1401 1287 1717 1359 προστίθησι

155 1375 279 1437 τοῖς
317 1375 620 1445 εἰρημένοις
655 1375 822 1429 ταῦτα
847 1394 859 1406 ·
894 1395 913 1427 ι
953 1378 1015 1430 El
1037 1377 1093 1430 δέ
1119 1394 1199 1439 τις
1235 1376 1402 1443 λέγοι,
1440 1376 1529 1428 διὰ
1549 1374 1720 1429 ταῦτα

162 1480 187 1515 1
238 1464 337 1533 τὴν
361 1465 700 1537 ἀνθρωπίνην
735 1469 910 1538 σάρκα
936 1467 1089 1533 ἀξίαν
1126 1464 1263 1520 εἶναι
1284 1468 1376 1520 τοῦ
1411 1467 1605 1535 Λόγου,
1639 1468 1720 1519 ὅτι

166 1571 189 1603 1
238 1554 327 1607 διὰ
355 1554 452 1624 τῆς
477 1557 821 1621 ἀναστάσεως
849 1558 1107 1613 ἀθάνατον
1127 1560 1295 1628 αὐτὴν
1329 1560 1719 1627 ἀπειργάσατο,

168 1662 190 1695 1
241 1643 450 1711 γνώτω,
485 1646 567 1699 ὅτι
612 1648 671 1700 οὺ
724 1650 829 1701 πᾶν
879 1650 1015 1720 ὅπερ
1059 1649 1337 1711 ἀθάνατον,
1393 1650 1547 1701 τοῦτο
1576 1647 1723 1712 ἀξιον

168 1755 189 1785 1
239 1734 393 1788 Θεοῦ.
435 1737 649 1798 Μείζων
691 1740 799 1809 γὰρ
850 1741 943 1793 καὶ
988 1740 1151 1810 αὐτῆς
1198 1743 1296 1811 τῆς
1343 1740 1637 1801 ἀθανασίας
1693 1741 1721 1792 ὁ

165 1842 189 1875 1
232 1823 384 1890 Θεὸς,
402 1828 429 1878 ό
447 1830 509 1897 τῇ
532 1827 723 1880 ἑαυτοῦ
753 1828 994 1900 βουλήσει
1015 1816 1106 1883 καὶ
1134 1831 1199 1883 τὰ
1235 1830 1308 1900 μὴ
1343 1830 1465 1883 ὄντα
1481 1830 1721 1883 ἀθάνατα

167 1933 190 1965 1
241 1918 413 1968 ποιεῖν
459 1917 768 1987 δυνάμενος.
812 1921 931 1973 Ὅτι
973 1919 1028 1973 δὲ
1075 1922 1134 1971 οὐ
1188 1922 1294 1972 πᾶν
1341 1919 1402 1973 τό
1458 1921 1721 1973 ἀθάνατον

168 2023 189 2055 1
240 2005 473 2075 ἡνῶσθαι
488 2007 605 2078 Θεῷ
620 2008 765 2072 ἀξιον
775 2009 949 2079 δῆλον,
965 2012 1045 2063 ὅτι
1066 2012 1158 2063 καὶ
1175 2011 1279 2063 ἀπὸ
1293 2010 1406 2075 τοῦ,
1426 2012 1615 2081 ἀρχὰς,
1633 2013 1721 2064 καὶ

171 2114 191 2145 1
242 2094 509 2163 ἐξουσίας,
544 2100 638 2152 καὶ
692 2086 972 2168 ἀγγέλους,
1028 2102 1324 2166 ἀθανάτους
1365 2106 1523 2169 ὄντας
1558 2106 1720 2175 μηδὲν

166 2204 189 2239 1
240 2187 512 2257 διαφορείν
542 2193 605 2259 τῇ
640 2192 847 2261 ένότητι
880 2192 971 2246 τοῦ
993 2192 1126 2245 Θεοῦ
1161 2194 1293 2264 (88).
1322 2216 1337 2245 ι
1358 2194 1519 2247 Ταῦτ’
1554 2195 1722 2248 εἰπὼν

164 2278 264 2331 καὶ
299 2278 485 2350 ὥσπερ
517 2283 596 2344 είς
641 2281 800 2350 βυθὸν
838 2284 1066 2347 ἀτοπίας
1103 2286 1290 2337 ἑαυτὸν
1332 2288 1723 2340 ἐκπεπτωκότα

164 2369 602 2439 συναισθόμενος,
633 2372 1011 2429 ἀνακαλεῖσθαι
1058 2378 1308 2445 πειρᾶται
1345 2377 1543 2446 τρόπον
1580 2376 1719 2441 τινὰ,

162 2458 671 2528 ἐξομολογούμενος,
703 2464 783 2515 ὃτι
817 2464 979 2533 μηδὲν
1015 2466 1277 2533 ἠπίστατο
1318 2460 1392 2519 ὧν
1432 2468 1605 2537 ἔλεγε.
1634 2470 1724 2521 Διὸ

163 2549 431 2617 ἱπανάγει
454 2551 581 2621 (89)·
605 2572 623 2604 ι
644 2554 706 2610 El
725 2554 779 2606 δέ
806 2572 885 2618 τις
910 2557 1037 2628 περὶ
1061 2557 1157 2627 τῆς
1180 2558 1374 2629 σαρκὸς
1404 2558 1602 2628 ταύτης
1628 2560 1724 2629 τῆς

171 2658 192 2690 1
248 2640 307 2691 ὲν
339 2640 416 2712 τῷ
448 2642 622 2712 Λόγῳ,
656 2644 921 2698 ἀθανάτου
951 2647 1253 2714 γεγονυίας,
1288 2648 1600 2701 πυνθάνοιτό
1647 2666 1720 2713 τι,

171 2743 195 2777 1
245 2728 421 2797 φαμὲν
452 2729 586 2800 πρὸς
615 2732 776 2784 αὐτόν
800 2750 813 2764 ο
851 2734 972 2786 Ὅτι
1017 2734 1359 2805 δογματίζειν
1411 2738 1508 2806 μὲν
1565 2740 1724 2808 ἡμεῖς

173 2834 195 2869 ι
248 2819 371 2889 περὶ
396 2812 469 2873 ὧν
499 2822 572 2892 μὴ
605 2823 846 2892 ἀκριϐῶς
887 2825 1035 2895 παρά
1068 2824 1175 2877 τῶν
1218 2826 1375 2879 θείων
1409 2822 1726 2898 μεμαθήκα-

174 2927 196 2959 1
247 2925 346 2979 μεν
394 2911 621 2982 Γραφῶν
655 2915 753 2967 οὐκ
792 2916 1027 2983 ἀσφαλὲς
1074 2912 1209 2970 εἶναι
1261 2917 1564 2988 νομίζομεν.
1603 2918 1725 2982 Πῶς

172 3016 196 3048 1
244 2999 353 3070 γὰρ
401 3000 557 3054 τοῦτο
605 3005 863 3073 πράττειν
891 3004 1109 3059 δυνατὸν
1138 3009 1250 3069 τοῖς
1284 3009 1376 3059 καὶ
1418 3008 1485 3060 τὰ
1527 3010 1726 3080 ἑτέρων

1823 578 1842 613 1
1890 560 2055 621 illam,
2084 569 2233 615 certe
2260 559 2438 614 omnia
2468 574 2588 629 quae
2620 566 2804 612 nostra
2842 572 3003 611 causa
3041 557 3374 627 providentia

1821 668 1842 703 1
1890 659 1945 706 et
1979 649 2172 705 eﬂ‘eetu
2205 658 2481 719 procurat,
2518 649 2723 718 judicio
2747 656 3153 712 consummato,
3182 662 3375 703 conse-

1824 761 1844 794 1
1889 754 2125 810 quentur
2165 741 2324 795 tinem
2351 760 2364 794 :
2393 750 2449 794 ut
2487 756 2583 795 nec
2609 755 2743 811 opus
2769 740 2841 795 sit
2866 740 2968 793 hoc
3000 752 3166 808 regno
3206 738 3375 805 parti-

1823 852 1842 886 1
1889 833 2080 888 culari.
2121 851 2139 884 ι
2198 830 2322 886 Hac
2367 832 2456 886 ubi
2506 839 2758 902 posuerat
2803 828 3103 890 Marcellus,
3152 826 3253 881 sibi
3280 826 3375 880 de-

1818 940 1964 980 mum
2018 925 2267 980 eonseius
2312 939 2447 993 quas
2503 924 2555 977 in
2606 922 2870 978 absurdas
2911 922 3193 988 opiniones
3236 917 3373 971 inei-

1818 1016 2004 1082 disset,
2058 1016 2124 1069 ad
2164 1014 2410 1084 superius
2438 1014 2578 1069 dicta
2612 1014 2850 1069 annectit
2893 1012 2992 1066 ista
3028 1011 3117 1083 [Β.
3158 1006 3316 1079 CVII]
3354 1021 3371 1059 :

1826 1124 1845 1157 1
1892 1107 2044 1174 Quod
2070 1107 2114 1161 si
2148 1107 2269 1174 quis
2298 1104 2428 1160 velit
2452 1105 2802 1169 pronuntiare
2825 1144 2839 1166 ,
2880 1104 2949 1159 ob
2979 1103 3093 1158 lucc
3123 1102 3237 1171 ipsa
3261 1116 3375 1154 me-

1825 1215 1843 1249 1
1892 1198 1997 1251 reri
2029 1199 2315 1252 humanam
2345 1204 2667 1258 carnem,ut
2695 1196 2870 1249 Verbo
2895 1193 3270 1263 coniungatur,
3306 1191 3378 1244 ob

1825 1306 1843 1338 1
1900 1289 2071 1356 ipsum
2112 1287 2241 1341 illud
2276 1288 2415 1356 quod
2448 1301 2545 1355 per
2574 1286 3029 1341 resurrectionem
3076 1284 3220 1339 illam
3254 1283 3380 1338 red—

1826 1398 1845 1431 1
1894 1380 2087 1433 diderit
2117 1378 2516 1443 immortalem,
2562 1386 2857 1447 cognoscat
2896 1377 2941 1431 is
2988 1385 3219 1446 oportet,
3268 1390 3380 1429 non

1828 1486 1845 1518 1
1893 1468 1935 1522 si
1971 1459 2097 1536 quid
2139 1468 2443 1520 immortale
2483 1469 2747 1530 exsistat,
2785 1467 2914 1520 illud
2943 1468 3125 1521 statim
3160 1466 3378 1535 dignum

1828 1577 1846 1611 1
1903 1560 2010 1613 Deo
2072 1559 2208 1613 ﬁeri.
2260 1559 2428 1627 Major
2477 1570 2561 1615 est
2609 1562 2751 1615 enim
2808 1560 2922 1630 ipsa
2976 1559 3382 1614 immortalitate

1828 1668 1848 1701 1
1893 1649 2052 1712 Deus,
2085 1650 2175 1716 qui
2203 1664 2299 1702 sua
2334 1650 2567 1718 simplici
2598 1650 2892 1715 voluntate,
2912 1658 3087 1718 potest
3116 1664 3177 1702 ea
3201 1649 3382 1703 facere

1831 1759 1847 1790 1
1895 1738 2238 1803 immortalia,
2264 1754 2383 1808 quae
2406 1752 2510 1792 non
2541 1748 2664 1793 sunt
2688 1737 2831 1792 talia.
2876 1736 3216 1790 Manifestum
3248 1750 3382 1791 vero

1828 1848 1845 1880 1
1889 1840 1993 1892 est,
2022 1845 2125 1882 non
2152 1830 2291 1884 idem
2328 1845 2447 1885 esse
2468 1830 2685 1899 dignum
2717 1829 2828 1885 Deo
2860 1828 3278 1897 copulari,quod
3300 1836 3384 1883 est

1828 1940 1846 1972 1
1895 1920 2211 1984 immortale,
2232 1930 2511 1990 propterea
2532 1920 2671 1988 quod
2693 1919 3045 1989 principatus,
3066 1927 3382 1986 potestates,

1829 2030 1846 2060 1
1885 2010 2053 2080 angeli
2089 2017 2148 2073 Ψ
2175 2026 2293 2064 eum
2325 2012 2432 2064 sint
2462 2020 2509 2064 et
2542 2011 2642 2079 ipsi
2664 2010 3014 2072 immortales,
3040 2007 3170 2063 nihil
3200 2016 3381 2061 tamen

1829 2121 1846 2152 1
1886 2102 2079 2155 habent
2104 2116 2224 2155 cum
2260 2100 2350 2154 Dei
2385 2103 2589 2156 unitate
2612 2114 2943 2156 commune.)
2975 2098 3100 2155 Hzee
3119 2098 3206 2152 ubi
3234 2098 3387 2152 dixe-

1826 2204 1947 2255 rat,
1992 2194 2259 2247 intelleeto
2329 2194 2381 2247 in
2427 2210 2587 2263 quam
2636 2192 2955 2262 profundam
3027 2189 3380 2246 absurditatis

1823 2285 2074 2354 abyssum
2127 2285 2388 2339 inciderat
2416 2325 2431 2349 ,
2471 2300 2724 2339 revocare
2762 2293 2989 2339 conatur
3040 2282 3199 2337 modo
3247 2297 3382 2350 quo-

1824 2374 1979 2436 dam,
2012 2374 2346 2428 confessione
2382 2374 2518 2428 facta
2542 2413 2558 2439 ,
2595 2389 2653 2429 se
2680 2372 2811 2429 nihil
2842 2389 3027 2428 eorum
3072 2387 3191 2441 quae
3224 2372 3382 2437 dixit,

1826 2461 2152 2515 intellexisse
2187 2459 2277 2533 [Κ.
2314 2462 2467 2516 CVIII
2496 2463 2618 2517 coll.
2644 2477 2697 2533 p.
2736 2463 2835 2515 I77
2876 2460 2965 2534 A].
3018 2480 3037 2513 1
3082 2461 3343 2527 Quocirca
3366 2500 3383 2525 ,

1830 2569 1849 2602 1
1886 2552 1981 2614 ait,
2021 2552 2064 2605 si
2099 2552 2221 2620 quis
2257 2568 2355 2607 nos
2383 2554 2680 2620 interroget
2713 2555 2779 2606 de
2810 2567 2970 2606 carne
2998 2552 3097 2605 ista
3126 2592 3141 2616 ,
3172 2565 3291 2619 qum
3321 2550 3377 2604 in

1831 2658 1850 2691 1
1890 2640 2066 2697 Verbo
2112 2653 2210 2705 est,
2252 2658 2318 2696 an
2350 2644 2421 2698 sit
2451 2642 2789 2707 immortalis,
2819 2643 3228 2713 respondemus,
3281 2656 3384 2696 nos

1830 2750 1849 2783 1
1893 2749 1994 2785 non
2042 2748 2200 2802 posse
2251 2735 2551 2804 dogmatice
2585 2736 2947 2789 determinare
2982 2734 3072 2787 illa
3111 2750 3229 2804 qua:
3278 2748 3388 2789 non

1833 2841 1851 2874 1
1888 2834 2078 2877 exacte
2102 2824 2451 2878 didicerimus
2476 2839 2507 2879 θ
2540 2824 2834 2893 Scriptnris
2866 2825 3036 2878 sacris
3058 2865 3072 2888 ,
3097 2825 3238 2894 quod
3269 2839 3389 2878 om-

1833 2933 1851 2964 1
1892 2915 2017 2967 nino
2065 2915 2293 2967 intutum
2323 2915 2647 2981 judicamus.
2697 2913 2829 2968 Nam
2878 2930 2983 2983 quo
3017 2925 3173 2984 pacto
3223 2915 3275 2969 id
3312 2913 3388 2969 illi

1835 3024 1853 3057 1
1890 3016 2149 3075 praestare
2178 3016 2452 3075 poterunt,
2486 3005 2577 3072 qui
2604 3005 2736 3059 scita
2768 3008 3086 3060 subvertunt
3117 3004 3343 3060 aliorum
3365 3005 3396 3061 ι

172 3111 197 3146 1
237 3093 595 3163 ἀνατρέπουσι
617 3095 887 3165 δόγματα;
919 3098 1054 3151 Ἀλλ’
1078 3099 1305 3170 ἐροῦμεν
1326 3100 1457 3170 πρὸς
1476 3101 1724 3173 τοὺςκ90)

1836 3117 1854 3149 1
1894 3097 2137 3152 Dicemus
2186 3097 2348 3167 igitur
2402 3095 2467 3150 ad
2507 3096 2662 3161 illos,
2712 3097 2801 3166 qui
2852 3097 3132 3150 scientiam
3194 3098 3391 3151 barum

173 3202 196 3234 1
246 3184 336 3237 τὸν
367 3186 567 3256 ἀκριϐῆ
603 3186 730 3255 περὶ
771 3187 957 3239 τούτου
986 3189 1170 3258 μαθεῖν
1195 3191 1322 3261 παρ’
1349 3191 1506 3260 ἡμῶν
1538 3192 1724 3261 βουλο-

171 3289 195 3323 1
248 3272 439 3341 μένους
468 3274 621 3341 λόγον
653 3275 784 3344 (9|),
813 3278 892 3329 ὅτι
923 3277 1260 3346 πεισθόμενοι
1281 3278 1356 3347 τῷ
1393 3280 1525 3349 ἱερῷ
1568 3282 1727 3332 Ἀπο-

174 3382 196 3415 1
246 3363 415 3431 στόλῳ
449 3364 623 3434 ἴσμεν,
655 3368 734 3420 ὅτι
767 3368 935 3431 οὕτως
965 3370 1110 3439 ἡμᾶς
1133 3371 1261 3440 ὁρᾷν
1285 3370 1351 3422 τὰ
1379 3371 1727 3442 ἀποκεκρυμ-

172 3472 195 3505 1
247 3453 382 3523 μένα
430 3459 697 3526 μυστήρια
736 3458 1021 3527 προσήκει,
1054 3457 1128 3521 ὡς
1156 3458 1317 3520 αὐτὸς
1351 3457 1475 3525 ἔφη,
1503 3458 1729 3511 Βλέπο-

171 3565 198 3601 1
236 3562 353 3615 μεν
378 3546 487 3616 γὰρ
519 3546 664 3616 ἄρτι,
699 3550 849 3616 φησι,
884 3548 955 3600 δι’
978 3549 1274 3615 ἐσόπτρου
1302 3550 1370 3601 ἐν
1397 3550 1691 3618 αἰνίγματι
1711 3566 1724 3579 ’

170 3653 197 3689 1
243 3638 376 3690 τότε
408 3635 476 3689 δὲ
511 3638 831 3703 πρόσωπον
867 3638 1016 3704 πρὸς
1062 3639 1402 3705 πρόσωπον.
1446 3640 1599 3704 Ἄρτι
1641 3656 1729 3705 Τι-

174 3744 199 3780 1
244 3726 554 3796 νὼσκομεν
592 3726 660 3780 ἐκ
696 3726 949 3796 μέρους,
996 3728 1126 3782 τότε
1168 3727 1235 3780 δὲ
1287 3729 1731 3797 ἐπιγνωσόμεθα

174 3836 201 3869 1
243 3816 435 3883 καθὼς
466 3820 561 3871 καὶ
597 3819 1069 3887 ἐπεγγώσθημεν.
1099 3819 1258 3869 Ὥστε
1294 3820 1364 3888 μή
1401 3836 1499 3887 μου
1530 3817 1729 3871 πυνθά-

176 3928 200 3961 1
248 3925 337 3962 νου
373 3914 499 3979 περὶ
546 3902 619 3962 ὧν
652 3909 831 3978 σαφῶς
866 3910 1013 3979 παρά
1059 3910 1157 3978 τῆς
1202 3908 1349 3971 θείας
1392 3909 1611 3978 Γραφῆς
1656 3908 1729 3979 μὴ

178 4018 199 4051 1
252 3998 562 4069 μεμάθηκα.
608 4002 707 4052 Διά
735 3999 891 4052 τοῦτο
915 4000 1093 4050 τοίνυν
1141 3997 1258 4049 οὐδὲ
1292 4000 1417 4069 περὶ
1456 3998 1553 4069 τῆς
1582 3998 1733 4073 θείας

178 4109 202 4145 1
249 4091 481 4160 ἐκείνης,
510 4092 608 4160 τῆς
632 4091 710 4160 τῷ
729 4088 856 4159 θείῳ
886 4090 1041 4159 Λόγῳ
1076 4089 1477 4159 κοινωνησάσης
1512 4089 1728 4159 σαρκὸς,

177 4200 203 4235 1
250 4180 430 4249 σαφῶς
460 4183 630 4233 εἰπεῖν
683 4180 996 4251 δυνήσομαι.
1044 4180 1157 4232 Νῦν
1208 4179 1265 4232 δὲ
1319 4180 1556 4232 πιστεύω
1611 4182 1732 4243 ταῖς

179 4292 205 4326 ‹
246 4274 411 4338 θείαις
439 4274 698 4345 Γραφαῖς,
728 4274 807 4326 ὅτι
846 4268 924 4336 εἷς
953 4272 1104 4335 Θεὸς,
1135 4273 1228 4324 καὶ
1262 4273 1290 4323 ὁ
1320 4271 1509 4323 τούτου
1540 4271 1728 4338 Λόγος,

178 4386 203 4418 1
251 4365 485 4436 προῆλθε
522 4366 619 4433 μὲν
645 4363 736 4416 τοῦ
767 4363 995 4435 Πατρδς,
1023 4363 1108 4415 ἵνα
1142 4363 1318 4416 πάντα.
1356 4362 1421 4415 δι’
1454 4359 1617 4414 αὑτοῦ
1642 4361 1733 4429 γέ-

1834 3209 1852 3242 1
1886 3206 2064 3244 rerum
2090 3200 2334 3245 exaCIam
2362 3204 2391 3241 a
2420 3189 2573 3243 nobis
2603 3193 2883 3257 requirnnt
2904 3230 2918 3252 ,
2945 3205 3041 3243 nos
3086 3190 3160 3243 ita
3196 3188 3393 3243 intelli-

1833 3301 1851 3330 1
1888 3297 2012 3350 gere
2038 3321 2051 3343 ,
2089 3282 2165 3334 uti
2213 3296 2309 3349 par
2360 3289 2442 3334 est
2488 3279 2606 3333 illos
2638 3281 2728 3348 qui
2766 3281 3081 3334 abscondita
3130 3279 3391 3349 mysteria

1834 3385 1853 3417 1
1894 3377 2316 3433 perscrutantur.
2360 3364 2602 3419 Videmus
2624 3367 2781 3427 enim.
2816 3368 2891 3421 ait
2915 3379 3138 3421 sanctus
3162 3368 3394 3437 Aposto-

1836 3474 1853 3505 1
1893 3458 1993 3517 lus,
2025 3458 2177 3524 quasi
2211 3474 2301 3521 per
2327 3458 2590 3525 speculum
2629 3461 2683 3511 in
2716 3460 2989 3528 wnignwte
3010 3472 3030 3510 :
3062 3469 3183 3513 tunc
3216 3468 3396 3513 autem

1837 3565 1854 3595 1
1895 3548 2026 3615 facie
2048 3551 2113 3600 ad
2139 3548 2348 3617 faciem.
2379 3548 2445 3601 In
2476 3552 2713 3618 presenti
2748 3568 2810 3604 ex
2836 3563 2981 3619 parte
3011 3550 3391 3620 cognoscimus,

1837 3657 1855 3690 1
1896 3649 2016 3693 tunc
2044 3649 2216 3694 autem
2246 3656 2609 3709 cognoscemus
2645 3643 2901 3710 quomoda
2940 3643 3296 3711 cognoscimur
3325 3642 3390 3696 ".

1837 3748 1855 3779 1
1892 3728 2007 3784 Noli
2056 3729 2219 3799 igitur
2266 3744 2351 3783 me
2391 3731 2757 3799 interrogare,
2793 3733 2857 3785 de
2887 3733 3048 3785 rebus
3076 3747 3195 3800 qua:
3246 3742 3395 3788 certo

1838 3840 1856 3871 1
1894 3836 2219 3889 cognoscere
2269 3838 2373 3875 non
2427 3838 2642 3891 possum
2680 3838 2711 3878 e
2758 3824 3035 3891 Scriptura
3086 3839 3260 3877 sacra.
3311 3822 3394 3879 0b

1839 3930 1858 3962 1
1897 3914 2035 3965 lianc
2067 3928 2285 3966 causam
2316 3916 2656 3969 exactissime
2688 3919 3009 3982 respondere
3041 3931 3144 3968 non
3176 3930 3393 3984 possunt

1837 4022 1856 4054 1
1896 4003 1961 4057 de
2004 4020 2169 4056 carne
2205 4005 2291 4057 illa
2338 4006 2513 4067 divina
2540 4044 2557 4069 ,
2602 4021 2719 4075 qua:
2750 4009 3175 4060 communionem
3212 4006 3398 4060 habuit

1838 4114 1855 4146 1
1896 4110 2017 4149 cum
2050 4096 2228 4149 divino
2250 4096 2441 4151 Verbo.
2468 4097 2653 4150 Fidem
2695 4113 2820 4151 vero
2853 4100 3023 4152 sacris
3059 4098 3254 4152 litteris
3300 4100 3397 4152 ad-

1840 4202 1859 4235 1
1901 4186 2057 4239 Iubeo
2085 4201 2204 4253 qua:
2231 4186 2511 4251 afﬁrmant,
2549 4207 2710 4242 unum
2740 4205 2859 4244 esse
2890 4190 3079 4251 Deum,
3123 4200 3178 4243 et
3228 4191 3397 4258 ipsius

1840 4292 1859 4325 1
1895 4271 2130 4327 Verbum
2170 4291 2311 4343 esse,
2342 4278 2482 4344 quod
2520 4279 2584 4332 tle
2619 4279 2777 4333 Patre
2812 4281 3094 4346 processit,
3133 4289 3188 4331 ut
3215 4286 3395 4333 omnia

1841 4383 1860 4416 1
1898 4381 1996 4435 per
2021 4366 2147 4421 illud
2180 4369 2538 4422 conderentur
2573 4388 2586 4425 :
2623 4383 2739 4438 post
2781 4370 2973 4436 judicii
3006 4385 3134 4424 vero
3186 4380 3399 4437 tempus

178 4477 203 4511 1
244 4474 420 4527 νηται,
458 4456 594 4526 μετά
640 4455 695 4507 δὲ
742 4454 830 4506 τὸν
874 4453 1060 4525 καιρὸν
1096 4454 1193 4523 τῆς
1224 4453 1474 4524 κρίσεως,
1510 4452 1602 4505 καὶ
1629 4452 1724 4524 τὴν

1840 4473 1860 4507 1
1894 4466 1947 4510 et
1975 4472 2151 4511 rerum
2179 4460 2417 4512 omnium
2448 4465 2919 4528 restaurationem,
2949 4472 3004 4516 et
3029 4462 3396 4515 amolitinnem

179 4571 203 4604 1
247 4548 354 4603 τῶν
387 4550 634 4602 ἁπάντων
670 4546 968 4617 διόρθωσιν,
1012 4543 1103 4596 καὶ
1153 4544 1242 4597 τὸν
1290 4544 1590 4613 ἀφανισμὸν
1632 4543 1731 4614 τῆς

177 4664 204 4697 1
250 4641 626 4710 ἀντικειμένης
679 4640 892 4707 ἀπάσης
942 4636 1214 4706 ἐνεργείας
1246 4634 1378 4705 (92),
1420 4634 1539 4687 τότε
1571 4635 1732 4699 αὐτὸς

181 4753 205 4792 1
251 4733 645 4802 ὑποταγήσεται
669 4730 746 4793 τῷ
776 4727 1097 4791 ὑποτάξαντι
1142 4726 1289 4796 αὺτῷ
1320 4727 1389 4778 τὰ
1413 4726 1587 4779 πάντα
1614 4726 1733 4797 Θεῷ

181 4849 206 4882 1
250 4826 341 4879 καί⁵
360 4824 555 4895 Πατρὶ,
587 4822 673 4876 ῖνα
698 4822 865 4883 οὕτως
949 4821 1005 4872 ὲν
1033 4817 1149 4889 Θεῷ
1175 4820 1202 4870 ὁ
1224 4818 1414 4885 Λόγος,
1437 4818 1622 4887 ὥσπερ
1642 4820 1735 4873 καὶ¹

185 4939 208 4971 1
252 4918 510 4991 πρότερον
562 4910 649 4985 ἦν,
681 4932 699 4964 ι
728 4911 947 4964 Τοιοῦτο
976 4912 1127 4974 τέλος
1175 4912 1419 4980 ἐπήγαγε
1452 4913 1516 4981 τῇ
1569 4911 1733 4981 σαρκὶ

179 5008 275 5061 τοῦ
314 5006 562 5076 Σωτῆρος
586 5006 618 5075 ἡ
629 5003 743 5075 μῶν
772 5005 801 5055 ὁ
833 5002 1135 5077 θαυμαστὸς
1164 4994 1316 5062 οὗτος
1364 5003 1728 5070 συγγραφεὺς,

258 5171 316 5228 ›Ι‹
341 5164 439 5219 Ed.
465 5164 636 5219 Paris.
666 5178 785 5233 pag.
815 5163 902 5217 55.
977 5163 1022 5194 "
1050 5162 1067 5216 I
1098 5162 1219 5217 Cor.
1252 5176 1369 5228 xm,
1404 5161 1488 5214 19.

256 5323 366 5395 (88)
413 5324 489 5392 Τῇ
517 5326 748 5395 ἐνότητι
778 5324 882 5377 τοῦ
918 5321 1279 5395 Θεοῆηῡεοει
1308 5340 1321 5374 :
1354 5321 1592 5395 ofﬁcium,
1649 5334 1740 5379 aut

184 5391 361 5461 simile
393 5391 519 5461 quid
544 5394 609 5446 ad
641 5391 957 5448 sententiam
991 5391 1329 5445 iniciendam.
1366 5391 1436 5444 Μ.

257 5462 391 5534 (89)
419 5462 514 5516 Διὸ
566 5463 868 5534 ἐπανάγει,
922 5463 1129 5534 Iliatus
1163 5472 1282 5514 erat
1320 5462 1369 5514 in
1404 5461 1693 5534 exemplari
1723 5480 1737 5515 :

188 5530 325 5588 forte
352 5530 429 5587 sic
452 5530 777 5601 supplendas
798 5551 809 5584 :
834 5533 894 5583 El
916 5532 969 5584 δέ
992 5549 1043 5583 τι
1068 5530 1295 5601 γένοιτο,
1332 5549 1393 5591 πε
1406 5532 1457 5590 ο¹ι
1484 5531 1604 5594 τῆς,
1627 5543 1728 5586 etc.

190 5603 260 5657 LI.
284 5632 355 5673 ὴ
372 5602 495 5673 Βίοις
522 5600 685 5673 Vulgo
708 5603 834 5673 ἀκρ.
862 5604 990 5673 περὶ
1013 5600 1121 5673 τῶν
1144 5600 1299 5673 θείων

258 5671 367 5741 (90)
400 5671 570 5738 Vulgo
598 5668 730 5741 πρὸς
758 5668 948 5724 α’ὑτόνξ
975 5674 1041 5724 At
1065 5670 1137 5741 cf,
1166 5686 1218 5737 p.
1253 5668 1351 5722 I77
1376 5671 1436 5741 ι),

258 5739 367 5815 (τι)
428 5742 572 5809 Ilap‘
602 5739 828 5812 ἡμῶν...
870 5743 1069 5808 λόγον.
1120 5739 1277 5793 Deest
1314 5740 1552 5810 quidam,
1597 5750 1745 5809 puto,

1843 4565 1863 4600 1
1903 4547 2138 4603 adversa:
2185 4549 2549 4619 cujuscunque
2595 4554 2923 4621 operationis
3009 4563 3136 4607 tunc
3183 4564 3235 4606 et
3288 4554 3405 4618 ipse

1843 4656 1863 4690 1
1899 4639 2222 4705 subjicietur
2266 4643 2315 4697 ei
2366 4643 2454 4711 qui
2485 4644 2662 4697 omnia
2693 4646 2933 4712 subjecta
2980 4644 3055 4698 illi
3091 4645 3239 4706 fecit,
3293 4644 3407 4698 Deo

1845 4749 1864 4781 1
1904 4730 2109 4784 scilicet
2138 4741 2299 4801 atque
2328 4731 2495 4797 Patri,
2518 4745 2573 4787 nt
2593 4733 2657 4787 ad
2680 4736 2925 4789 eumdem
2958 4735 3171 4787 modum
3206 4734 3270 4785 sit
3300 4733 3400 4785 ite-

1845 4839 1864 4873 1
1903 4837 2021 4875 rum
2053 4823 2103 4876 in
2133 4821 2244 4879 Deo
2270 4821 2530 4885 Verbum.
2561 4826 2628 4879 ad
2670 4840 2827 4893 quem
2860 4832 2977 4879 erat
3000 4824 3148 4877 olim.
3191 4842 3208 4874 ι
3250 4821 3405 4877 Hunc

1836 4912 2053 4982 quidem
2103 4913 2263 4970 finem
2297 4917 2393 4986 ,vir
2440 4917 2530 4971 hic
2572 4914 2907 4971 admirabilis
2942 4915 3176 4986 scriptor
3202 4911 3405 4967 Christi

1836 5007 1986 5061 carni
2010 5008 2312 5075 constituit,
2344 5008 2544 5063 oblitus
2577 5024 2765 5063 eorum
2792 5023 2912 5078 quae
2946 5009 2999 5061 in
3054 5006 3405 5075 praecedenti-

1835 5325 2118 5401 ζητοῦντα,
2145 5327 2481 5401 βουλόμενον,
2509 5328 2827 5401 antaliquid
2845 5323 3127 5401 ejusmodi,
3147 5329 3196 5401 et
3224 5320 3405 5401 statim

1839 5390 1967 5468 ἱερῷ
2002 5390 2409 5467 ἀποάόλῳξιεει
2434 5390 2575 5447 enim
2610 5390 2761 5450 locus
2788 5390 2935 5449 Pauli
2963 5409 3119 5460 quem
3152 5390 3408 5453 intendit,

1839 5467 1855 5514 Ι
1906 5472 2029 5514 tlnr-
2088 5483 2207 5514 xm-
2284 5466 2367 5514 12.
2442 5466 2753 5514 Βλέπομεν
2802 5466 2910 5514 w‘ro
2961 5464 3090 5514 ἆοτι
3150 5459 3222 5513 δι’
3280 5461 3410 5514 elv-

1838 5464 2029 5521 l‘tl'or.
2088 5483 2208 5531 xm,
2255 5464 2367 5519 ⁷12.
2442 5466 2753 5535 Βλέπομεν
2802 5466 2910 5535 γὰρ
2961 5464 3090 5532 ἆρτι
3150 5464 3207 5513 δι

1840 5540 2080 5603 όπτρου.
2106 5536 2274 5591 Μ.---
2300 5534 2550 5601 Supplevi
2577 5538 2817 5590 defectus
2839 5550 2902 5587 ex
2933 5550 2983 5600 ρ.
3020 5531 3113 5603 177
3151 5530 3205 5582 Ι).

1918 5601 2028 5673 (92)
2088 5606 2192 5672 Mp.
2244 5606 2314 5657 ῐσ.
2367 5605 2683 5673 δυναστείας
2730 5607 2847 5667 Ιουο
2901 5601 3208 5673 ἐνεργείαςς
3252 5612 3418 5669 porta

1842 5672 2052 5743 \‘ttlgod
2082 5676 2375 5743 θαυμάσιος
2401 5672 2567 5737 οὗτος.
