4068 6316
154 330 263 387 82!

1272 318 1554 375 CONTRA
1593 311 2020 372 MARCELLI!!!
2061 310 2188 367 LIB.
2232 312 2295 367 ll.

3274 309 3385 366 ευ

162 462 316 516 ματι,
358 444 405 497 εί
453 444 549 514 μὲν
568 442 742 511 ψυχῆς
773 441 927 510 δίκην
950 439 1114 493 οἰκῶν
1143 441 1200 492 ἐν
1226 439 1373 510 αὐτῷ
1400 437 1581 502 ;έσται
1612 438 1717 507 ἄρα

1843 434 2021 486 Ξτοιηο
2050 446 2178 500 ergo
2211 441 2367 486 extra
2392 432 2555 493 Deum
2588 440 2698 485 tum
2730 444 2850 493 cum
2895 442 3059 485 carne
3092 441 3382 483 conversa-

159 538 225 587 ὲν
251 535 555 595 ὑποστάσει,
589 531 679 584 τοῦ
711 530 921 601 Πατρός
948 529 1367 601 κεχωρισμένος,
1405 527 1511 591 ζῶν
1542 544 1599 579 τε
1628 526 1720 578 καὶ

164 626 409 696 ὑφεστὼς
437 628 495 677 ὲν
582 622 833 693 ἀνείληφε
867 622 975 691 (97)
1015 619 1197 691 σαρκί.
1226 620 1289 671 Τί
1317 614 1410 670 οὖν
1448 616 1679 669 ἐκώλυεν
1702 654 1718 676 ,

165 719 265 770 καὶ
286 716 389 786 πρὸ
411 715 507 785 τῆς
527 712 620 765 τοῦ
648 712 849 781 κόσμου
887 698 1215 772 συστάσεως,
1240 706 1364 759 Υίδν
1396 705 1529 758 Θεοῦ
1547 703 1722 768 ζῶντα

163 807 326 859 αὐτὸν
350 803 657 874 όμολογεῖν;
692 802 826 855 Ἀλλ’
859 801 999 853 εἴποι
1028 799 1093 852 ἂν
1125 801 1274 861 ἴσως,
1296 796 1541 867 ἐνεργείᾳ
1564 798 1719 865 μόνην

163 898 286 966 οὐχὶ
326 896 379 948 δὲ
413 894 597 956 οὐσίας
632 894 955 955 ὑποστάσει,
990 892 1084 969 καὶ
1112 892 1169 943 ὲν
1203 888 1280 958 τῷ
1314 887 1522 957 σώματι
1564 902 1721 954 γεγο-

162 988 343 1039 νέναι·
400 1002 419 1035 ι
456 986 712 1056 δραστικῇ
762 984 868 1055 γάρ
916 981 1162 1054 ἐνεργείᾳ
1214 980 1382 1050 μόνῃ,
1437 979 1605 1049 φησι,
1654 979 1722 1047 τῇ

168 1096 187 1129 ι
238 1077 397 1147 σαρκὶ
415 1076 584 1128 συνὼν
610 1077 671 1128 τὸ
695 1076 859 1128 κινεῖν
883 1072 1069 1142 αὐτὴν,
1096 1071 1188 1124 καὶ
1214 1070 1493 1141 πράττειν,
1518 1069 1724 1137 ὅσαπερ

169 1184 189 1217 ε
240 1169 297 1221 ὲν
309 1167 653 1234 Εὐαγγελίοις
676 1166 914 1236 φέρεται,
940 1165 1096 1234 οὐσίᾳ
1118 1163 1195 1233 τῷ
1217 1162 1335 1231 Θεῷ
1359 1161 1617 1230 συνῆπτο,
1637 1156 1724 1213 οἷα

172 1276 192 1309 ι
238 1258 407 1325 Λόγος
434 1258 688 1329 ὑπάρχων
710 1256 871 1310 αὐτοῦ
900 1253 1196 1325 ἀχώριστος
1229 1256 1321 1307 καὶ
1352 1253 1718 1315 ἀδιάστατος.»

164 1349 234 1401 El
261 1349 322 1418 δή
348 1348 515 1400 ταῦτα
549 1348 712 1414 λέγει,
758 1348 1093 1417 ὲρωτήσασιν
1125 1346 1253 1415 ήμῐν
1306 1342 1721 1412 ἀποκρινάσθωο

162 1433 403 1507 ’Ἆρ’ὲπὶ
439 1439 602 1507 μόνην
622 1437 718 1505 τήν
754 1437 930 1506 σάρκα
959 1435 1157 1505 ταύτην
1185 1436 1218 1503 ή
1252 1432 1345 1486 τοῦ
1382 1434 1553 1499 Λόγου
1580 1433 1728 1502 ἐνέρ-

1820 526 2005 581 retur?
2043 540 2109 577 au
2134 526 2187 577 in
2212 524 2322 578 Deo
2352 524 2653 577 subsistens
2677 521 3023 590 sempiterno,
3054 529 3381 573 coaeternus:

1820 618 2107 677 exsistens,
2128 630 2290 668 unum
2319 624 2480 683 atque
2504 614 2644 667 idem
2672 626 2893 680 prorsus
2915 625 3035 664 cum
3066 608 3213 664 Deo?
3238 608 3387 675 Quo-

1822 706 1981 761 modo
2006 706 2167 773 igitur
2199 720 2320 758 cum
2376 718 2602 773 corpore
2632 701 2767 768 fuit,
2797 702 2841 756 si
2873 704 3048 755 anima
3082 714 3276 768 expers
3300 700 3384 754 in-

1823 796 2087 850 habitavit
2129 794 2301 849 illud?
2332 794 2434 847 erit
2476 795 2547 847 ita
2577 794 2628 846 in
2664 792 2969 847 substantia
3016 790 3193 844 Patris
3226 802 3387 857 sepa-

1825 897 2039 953 ratum,
2073 890 2257 941 vivens
2302 889 2487 954 utique
2531 896 2585 939 et
2624 884 2924 939 subsistens
2975 884 3028 937 in
3075 896 3239 936 carne
3293 878 3385 933 illa

1823 995 1984 1049 quam
2034 980 2346 1048 assumpsit.
2397 977 2535 1043 Quid
2587 992 2718 1044 ergo
2766 974 3017 1043 prohibet
3045 974 3207 1028 etiam
3259 982 3388 1026 ante

1824 1068 2008 1123 mundi
2038 1068 2193 1136 hujus
2210 1069 2642 1122 constitutionem
2676 1066 2867 1119 Filium
2892 1066 2981 1119 Dei
3006 1065 3181 1116 vivum
3210 1063 3389 1131 ipsum

1825 1158 2075 1213 conﬁteri
2112 1158 2135 1210 ?
2196 1156 2299 1211 Sed
2354 1156 2585 1211 fortasse
2622 1155 2856 1218 dixerit,
2903 1154 3015 1209 sola
3050 1152 3388 1223 operatione,

1826 1265 1932 1304 non
1980 1250 2299 1303 substantiae
2344 1247 2661 1317 hypostasi,
2709 1247 2762 1299 in
2813 1259 3042 1314 corpore
3098 1242 3391 1299 exstitisse.

1834 1356 1852 1389 ε
1889 1338 2177 1406 Operativa
2212 1338 2381 1401 enim,
2404 1337 2501 1399 ait,
2535 1336 2728 1389 virtute
2754 1333 3119 1402 sola,corpori
3152 1346 3391 1400 praesens

1833 1447 1852 1480 ι
1890 1438 2040 1489 erat.
2080 1429 2145 1483 ad
2180 1429 2353 1496 ipsum
2402 1428 2723 1481 movendum
2764 1436 2818 1480 et
2848 1424 3180 1493 operandum
3209 1421 3394 1474 omnia

164 1544 293 1595 γεια
334 1526 583 1595 ἔφθακεν,
613 1526 731 1595 οὐχὶ
785 1527 841 1578 δὲ
878 1526 971 1579 καὶ
1014 1525 1097 1593 ἐφ’
1142 1525 1357 1596 ἑτέρους
1413 1522 1729 1593 ἀνθρώπους

1843 1537 1852 1569 i
1889 1535 2008 1587 quae
2030 1530 2317 1572 narrantur
2350 1520 2400 1571 in
2436 1516 2765 1586 Evangeliis,
2792 1514 3099 1569 substantia
3131 1526 3260 1564 vero
3288 1511 3396 1563 Deo

161 1619 295 1678 τοὺς
313 1617 497 1683 ἁγίους
532 1616 624 1669 τοῦ
651 1616 807 1679 Θεοῦ,
839 1618 933 1669 καὶ
972 1617 1049 1679 είς
1102 1615 1170 1669 τά
1227 1614 1387 1667 λοιπά
1438 1614 1502 1684 δὴ
1554 1615 1729 1667 πάντα

1843 1627 1854 1659 ι
1891 1610 2351 1679 conjungebatur;
2381 1616 2565 1675 utpote
2596 1606 2829 1659 Verbum
2860 1605 3027 1674 ipsius
3072 1618 3192 1657 cum
3227 1608 3396 1660 esset.

163 1705 264 1759 τοῦ
294 1708 462 1775 Λόγου
490 1706 969 1777 ὃημιουργήματας
992 1706 1109 1775 οὐχὶ
1139 1708 1167 1757 ό
1198 1704 1358 1768 αὐτὸς
1385 1706 1596 1775 ἐνεργεῖ
1623 1704 1725 1756 Λό-

1843 1718 1855 1750 ι
1894 1700 1959 1751 ab
2006 1699 2122 1767 ipso
2160 1696 2521 1766 inseparabile
2572 1706 2627 1748 et
2673 1695 3059 1748 indistinctum.
3117 1711 3135 1744 ι
3175 1697 3232 1753 >14
3271 1689 3398 1743 llaec

166 1813 265 1864 γος
292 1813 306 1860 ;
332 1798 439 1848 Καὶ
466 1775 569 1866 μὴν
607 1775 1018 1866 μεμαθήκαμεν,
1052 1795 1125 1858 ὡς
1159 1814 1177 1847 ι
1211 1796 1289 1866 τῷ
1329 1796 1485 1865 Λόγῳ
1520 1796 1723 1867 Κυρίου

1843 1790 1874 1843 si
1925 1789 2171 1852 dixerit,
2212 1787 2615 1843 sciscitantibus
2668 1786 2825 1839 nobis
2866 1793 2975 1837 tum
3021 1781 3342 1849 respondeat
3380 1799 3391 1832 ε

164 1888 218 1939 oi
272 1887 489 1956 οὐρανοὶ¹
529 1886 955 1958 ἐστερεώθησαν,
990 1906 1007 1937 ι
1065 1886 1159 1941 καὶ
1195 1905 1213 1938 ι
1256 1888 1321 1939 δι’
1357 1886 1519 1941 αὐτοῦ
1548 1887 1725 1940 πάντα

1843 1880 1959 1932 Num
1990 1879 2327 1949 pertingebat
2353 1879 2419 1933 ad
2452 1877 2620 1934 solam
2648 1879 2790 1931 illam
2824 1890 3043 1931 carnem
3072 1874 3234 1929 Verbi
3254 1872 3398 1928 illius

164 1975 402 2044 ἐγένετο·
444 1978 537 2029 καὶ
583 1978 748 2047 χωρὶς
783 1976 945 2030 αὐτοῦ
971 1978 1186 2045 ἐγένετο
1217 1979 1335 2030 οὐδὲ
1370 1979 1446 2031 ἓν.
1472 1998 1489 2029 ι
1520 1978 1726 2032 Οὐκοῦν

1843 1970 2113 2038 ipcratio?
2144 1985 2319 2025 nonne
2346 1971 2510 2024 etiam
2539 1980 2593 2024 et
2621 1970 2688 2023 ad
2734 1979 2963 2023 caeteros
3010 1967 3258 2021 homines
3299 1965 3397 2019 Dei

165 2069 252 2121 ὃτι
276 2069 486 2137 ἐνεργεῖ
519 2069 627 2137 (98)
661 2069 753 2121 κα)⁵
784 2070 874 2141 ἐπὶ
913 2071 1123 2123 πάντων
1144 2086 1158 2100 ⁸
1182 2069 1423 2139 ἔγνωμεν
1479 2071 1585 2123 ἀπὸ
1621 2070 1727 2122 τῶν

168 2158 332 2210 θείων
362 2157 607 2228 Γραφῶν,
632 2160 723 2212 καὶ
745 2160 820 2221 ὡς
849 2162 1036 2228 Λόγος
1063 2164 1280 2227 Κιιριόυ
1307 2160 1541 2229 ἐγένετο
1584 2160 1731 2229 πρὸς

179 2247 363 2314 Ὠσηὲ
401 2248 506 2301 τὸν
549 2250 652 2302 τοῦ
706 2251 911 2316 Βεηρί’
974 2251 1086 2312 καὶ,
1135 2253 1323 2319 Λόγος
1370 2252 1584 2317 Kvplov
1621 2250 1729 2319 (99)

169 2336 423 2405 ἐπτνήθη
457 2339 603 2405 πρὸς
643 2339 885 2391 Ἡσαΐαν
914 2340 1044 2391 υἱόν
1080 2340 1253 2407 Ἀμώς
1277 2357 1290 2369 ⁸
1340 2342 1431 2393 καὶ
1477 2342 1556 2406 ὡς
1609 2340 1735 2408 ἐγέ-

168 2442 311 2480 νετο
348 2428 531 2495 Λόγος
558 2429 776 2495 Κυρίου
800 2430 945 2496 πρὸς
986 2430 1288 2498 Ἰερεμίανο
1317 2449 1334 2480 ι
1370 2432 1464 2482 καὶ
1498 2433 1579 2497 ἐφ’
1606 2431 1734 2484 ἑκά-

171 2533 303 2569 στου
342 2517 397 2569 δὲ
439 2520 714 2589 προφήτου
745 2522 773 2571 6
801 2520 969 2583 circo;
1006 2522 1221 2590 ἐνήργει
1263 2520 1355 2572 τοῦ
1395 2520 1529 2571 Θεοῦ
1559 2522 1733 2589 λόγος.

177 2607 301 2677 Ἆρ’
361 2602 453 2659 οὖν
494 2608 595 2676 τῆς
644 2608 760 2679 ἴσης
813 2610 969 2673 ἀξίας
1021 2610 1099 2679 τῷ
1160 2613 1437 2679 μονογενεῖ
1484 2610 1594 2679 Υίῴ
1642 2609 1735 2662 τοῦ

1830 2073 2045 2116 sanctos
2070 2101 2082 2125 ,
2138 2071 2191 2116 et
2237 2063 2300 2115 ad
2345 2071 2569 2116 caeteras
2601 2076 2790 2117 omnes
2818 2076 2848 2114 a
2872 2060 3052 2115 Verbo
3098 2060 3397 2127 productas

1831 2155 2151 2207 creaturas?
2186 2154 2343 2208 Certe
2376 2154 2593 2221 quZdem
2635 2153 2808 2206 edocti
2842 2168 3050 2215 sumus,
3074 2151 3249 2205 Verbo
3284 2150 3395 2201 Do-

1832 2244 1959 2297 mini
2000 2244 2167 2298 caelos
2220 2244 2594 2298 constabilitos
2630 2261 2643 2295 :
2680 2254 2730 2296 et
2757 2244 2935 2297 omnia
2961 2257 3054 2310 per
3083 2241 3230 2294 illum
3258 2240 3397 2294 facta

1834 2335 2038 2389 fuisse:
2070 2344 2155 2398 et,
2184 2336 2302 2389 sine
2343 2335 2433 2389 illo
2474 2336 2676 2389 factum
2712 2334 2875 2387 fuisse
2916 2333 3044 2387 nihil
3080 2333 3327 2386 :scimus
3370 2346 3402 2385 ο

1835 2425 2032 2480 divinis
2055 2424 2373 2494 Scripturis,
2404 2427 2674 2495 quomodo
2712 2426 2799 2479 hic
2834 2426 2886 2479 in
2925 2425 3176 2479 omnibus
3211 2437 3403 2492 opere-

1836 2528 1941 2569 tur.
1972 2517 2245 2586 Scriptum
2267 2527 2347 2571 est
2373 2537 2385 2570 :
2434 2514 2654 2572 Verbum
2684 2516 2898 2571 Domini
2942 2517 3009 2567 ad
3053 2515 3203 2579 Osee,
3229 2515 3401 2581 [ilium

1837 2607 1988 2661 Beeri
2023 2608 2101 2671 “;
2135 2618 2220 2663 et:
2264 2608 2480 2662 Verbum
2512 2608 2723 2661 Domini
2766 2608 2963 2676 factum
2996 2617 3070 2659 est
3098 2607 3167 2658 ad
3201 2605 3403 2658 Isaiam

173 2697 313 2750 Θεοῦ
344 2700 609 2761 κάκείνοις
632 2701 797 2753 ἅπασι
832 2702 1017 2770 μετῆν,
1050 2702 1141 2754 καὶ
1172 2702 1333 2753 πλέον
1356 2702 1503 2753 οὐδὲν
1530 2702 1735 2771 ὑπῆρχε

1843 2700 2006 2767 ﬁlium
2034 2702 2189 2754 Amos
2214 2702 2253 2731 “
2277 2718 2291 2765 ;
2314 2710 2397 2756 et:
2434 2699 2658 2753 Verbum
2682 2700 2893 2753 Domini
2936 2700 3004 2752 ad
3034 2696 3400 2753 Jeremiam“.

174 2789 257 2860 τῷ
292 2790 521 2861 Σωτῆρι,
554 2793 601 2842 εί
624 2792 687 2861 δὴ
718 2792 965 2862 ἐνεργείᾳ
997 2793 1131 2864 μόνῃ
1162 2793 1265 2845 ὑπὸ
1298 2793 1391 2845 τοῦ
1426 2794 1599 2860 Λόγου
1648 2793 1735 2845 τοῦ

1843 2792 1897 2845 1η
1918 2808 2233 2860 unoquoque
2250 2793 2476 2862 denique
2502 2792 2757 2861 propheta
2776 2793 3100 2860 operabatur
3116 2790 3242 2844 illud
3263 2789 3405 2843 idem

177 2877 258 2949 τῷ
279 2878 397 2947 Θεῷ
434 2880 771 2949 συνημμένου
802 2882 1046 2934 ἐκινεῖτο.
1093 2881 1228 2932 ’.ἁλλ’
1260 2883 1378 2934 οὐδὲ
1404 2882 1472 2934 τὰ
1509 2884 1596 2934 ῐσα
1632 2885 1735 2944 τοῖς

1843 2883 2061 2936 verbum
2112 2884 2239 2947 Dei;
2279 2883 2537 2951 aequalem
2587 2884 2750 2951 igitur
2794 2883 2868 2937 illi
2897 2897 3087 2937 omnes
3114 2896 3233 2934 cum
3267 2878 3407 2933 Filio

178 2969 485 3038 προφήταις
522 2968 705 3039 φέρειν
735 2969 914 3021 δίδωσι
938 2969 1252 3039 Μάρκελλος
1282 2970 1357 3039 τῷ
1400 2970 1620 3040 Χριστῷ
1647 2970 1735 3022 τοῦ

1847 2974 1940 3027 Dei
1989 2974 2302 3042 dignitatem
2335 2974 2756 3043 participabant,
2788 2988 2889 3027 nec
2917 2980 3036 3027 erat
3065 2972 3243 3039 aliqua
3278 2971 3410 3025 Ser-

179 3059 339 3113 Θεοῦ.
394 3062 455 3113 0i
503 3060 600 3130 μὲν
642 3060 750 3130 γὰρ
801 3062 943 3131 ζωῆς
998 3062 1211 3115 αἰωνίου
1241 3063 1506 3115 ἀθανάτου
1555 3081 1614 3116 τε
1653 3065 1735 3117 καὶ

1846 3065 2044 3118 vatoris
2078 3065 2465 3133 praerogativa;
2510 3064 2553 3117 si
2611 3064 2722 3117 sola
2755 3063 2844 3116 ille
2872 3061 3185 3130 operatione
3220 3058 3407 3123 Verbi,

180 3151 537 3221 ἀτελευτήτου
588 3150 883 3214 τεύξονται,
929 3154 1007 3214 είς
1038 3153 1162 3215 τοὺς
1197 3155 1441 3217 ἃπαντας
1462 3154 1662 3218 αἰῶνας
1690 3158 1735 3208 ἐν

1846 3156 1987 3223 quod
2037 3169 2158 3208 cum
2191 3155 2297 3207 Deo
2331 3153 2540 3206 unitum
2594 3154 2864 3215 manebat,
2902 3152 3239 3204 movebatur.
3297 3149 3411 3202 lmo

182 3244 251 3311 τῇ
283 3240 693 3311 κατηγγελμένῃ
724 3241 829 3294 τῶν
858 3242 1099 3313 οὐρανῶν
1128 3242 1369 3316 βασιλείᾳ
1413 3246 1735 3314 βιωσόμενοι1

1847 3260 1975 3299 vero
2005 3245 2291 3301 Marcellus
2326 3260 2429 3299 non
2463 3245 2699 3298 admittit
2740 3243 2833 3297 Dei
2867 3242 3087 3306 Filium.
3119 3243 3186 3296 ad
3224 3257 3410 3311 aequa-

183 3330 408 3399 ἀγαθῶν
430 3348 487 3384 τε
506 3332 919 3395 ἀπολαύσοντες,
949 3332 986 3386 d
1015 3334 1319 3402 ὀφθαλμὸς
1354 3338 1463 3388 οὐκ
1492 3332 1611 3389 εἶδε
1652 3337 1735 3389 καὲ

1850 3338 1925 3391 les
1962 3338 2237 3405 portiones
2263 3351 2383 3389 cum
2436 3336 2695 3404 propheta
2749 3335 2959 3402 quovis.
3002 3335 3414 3401 Consequeuter

185 3417 296 3487 οὖς
324 3425 431 3475 οὐκ
471 3422 697 3490 ἤκουσε
734 3423 831 3475 καὶ
874 3424 970 3475 ἐπὶ
1003 3423 1252 3490 καρδίαν
1288 3424 1596 3491 ἀνθρώπου
1638 3428 1735 3478 οὐκ

1849 3429 1989 3483 enim
2022 3428 2097 3481 illi
2133 3429 2294 3481 vitam
2322 3436 2605 3488 aeternam,
2650 3426 3006 3479 immortalem
3028 3464 3043 3485 ,
3089 3434 3143 3477 et
3172 3423 3412 3477 indeter—

183 3511 367 3578 ἀνέϐη
390 3530 401 3542 ·
433 3515 460 3565 ό
480 3513 535 3566 δὲ
565 3514 801 3582 Χριστὸς
826 3512 917 3566 τοῦ
950 3514 1105 3577 Θεοῦ,
1136 3516 1294 3577 αὐτὸς
1325 3518 1353 3568 ὁ
1383 3516 1557 3577 κοινὸς
1588 3517 1753 3569 ἀπάν-

186 3617 298 3653 των
332 3602 537 3671 Σωτὴρ,
574 3604 601 3653 ό
624 3602 958 3671 πρωτότοκος
992 3604 1098 3655 τῶν
1130 3606 1337 3675 νεκρῶν
1358 3644 1371 3667 ,
1402 3608 1433 3674 ή
1466 3606 1619 3669 ἐλπὶς
1654 3610 1751 3676 τῆς

187 3694 299 3748 τῶν
329 3694 496 3761 ἁγίων
530 3696 894 3760 ἀναστάσεως,
928 3696 1084 3764 μόνος
1126 3697 1233 3765 ἄρα
1270 3697 1391 3749 τότε
1430 3696 1754 3768 ἀπολειφθή-

191 3794 347 3837 σεται
394 3785 805 3855 παυθησομένης
847 3786 1007 3838 αὐτοῦ
1060 3789 1156 3855 τῆς
1199 3785 1489 3854 βασιλείας,
1525 3788 1617 3839 καὶ
1656 3786 1755 3855 τῆς

193 3879 458 3942 ζῶοποιοῦ
490 3881 685 3949 σαρκὸς
722 3882 924 3949 ἐρήμου
950 3880 1041 3932 καὶ
1084 3878 1281 3946 ἀλόγου
1327 3880 1754 3949 καταλειφθησο-

200 3969 389 4037 μένης.
422 3968 496 4030 ὡς
529 3970 662 4038 μήτε
689 3970 1055 4039 προϋπάρχειν
1089 3968 1247 4021 αὐτὸν
1277 3968 1402 4020 Υἱὸν
1427 3969 1559 4021 Θεοῦ
1609 3970 1755 4034 ὄντα,

1852 3520 2158 3575 minabilem
2184 3561 2198 3582 ,
2242 3535 2337 3589 per
2372 3518 2563 3572 szecula
2606 3532 2795 3585 nempe
2827 3518 3006 3571 omnia
3062 3516 3114 3568 in
3148 3514 3415 3585 promisso

1853 3613 1943 3665 illo
1990 3625 2153 3680 regno
2211 3612 2471 3665 cuzlornm
2528 3610 2774 3672 victuri,
2828 3608 3082 3660 fruitione
3119 3604 3415 3675 gaudentes

1854 3703 2114 3755 honorum
2140 3743 2153 3762 ,
2191 3717 2308 3770 quae
2338 3716 2432 3755 nec
2457 3700 2649 3754 oculus
2684 3700 2848 3762 vidit,
2880 3713 2981 3752 nec
3013 3698 3158 3751 auris
3186 3694 3415 3759 audivit,

1856 3810 1952 3847 nec
1985 3793 2223 3846 ascendit
2261 3794 2311 3845 in
2344 3808 2439 3845 cor
2474 3792 2727 3845 hominis.
2778 3790 3029 3844 Christus
3070 3798 3247 3841 autem
3279 3785 3417 3850 Dei,

1856 3885 2157 3938 communis
2195 3885 2431 3937 omnium
2472 3882 2750 3945 Servator,
2788 3890 3118 3934 mortuorum
3150 3878 3420 3946 primoge-

1858 3976 2003 4028 nitus
2030 4016 2044 4036 ,
2095 3989 2216 4043 spes
2250 3974 2662 4027 resurrectionis
2701 3982 3009 4025 sanctorum
3037 4012 3053 4038 ,
3102 3970 3252 4024 solus
3290 3978 3419 4022 tunc

198 4064 337 4133 μήτε
369 4062 605 4133 διαρκεῖν
634 4065 709 4125 είς
741 4064 985 4134 ἄπειρον,
1013 4063 1153 4117 κατά
1195 4065 1290 4134 τὴν
1319 4065 1411 4117 τοῦ
1444 4067 1735 4136 Μαρκέλλω

1860 4066 2279 4134 derelinquetur,
2302 4064 2478 4117 ablato
2509 4063 2608 4116 sibi
2637 4077 2823 4131 regno,
2856 4076 3021 4115 carne
3052 4059 3293 4123 viviilca,
3325 4074 3425 4111 nu-

196 4155 559 4208 διδασκαλίαν.
594 4156 830 4219 Εἰκότως
858 4155 963 4225 ἄρα
998 4155 1172 4208 ταῦτα
1203 4154 1422 4223 βασιλέα
1448 4158 1523 4227 (1)
1562 4158 1651 4210 τὸν
1685 4158 1735 4210 ὡ.

1860 4156 1923 4209 da
1957 4166 2013 4210 et
2035 4155 2334 4209 irrationali
2364 4155 2616 4208 derelicta
2652 4173 2663 4207 :
2697 4164 2755 4207 ut
2788 4154 2901 4221 qui,
2930 4170 2948 4204 ι
2988 4167 3091 4207 non
3120 4159 3239 4205 erat
3274 4150 3425 4220 prius

197 4244 413 4316 ἀληθῶς
462 4245 677 4315 θεοφιλῆ
732 4247 826 4299 καὶ
866 4246 1256 4317 τρισμακάριον
1277 4247 1415 4300 κατὰ
1448 4247 1541 4299 τοῦ
1573 4248 1735 4319 ἁνδρὸ

1861 4262 2017 4314 quam
2067 4256 2307 4302 exstaret
2354 4246 2556 4309 homo,
2613 4245 2783 4299 Filius
2840 4243 2969 4307 Dei;
3032 4262 3050 4295 ›
3100 4257 3275 4311 neque
3324 4255 3425 4309 per

199 4337 389 4401 ὶκίνει,
422 4336 593 4389 καίτοι
627 4336 788 4407 μυρία
813 4336 1255 4401 κολακεύσαντος,
1294 4340 1386 4390 καὶ
1409 4338 1575 4391 πολλά
1610 4339 1733 4408 βασι

1863 4338 2217 4391 :eternitatem
2250 4338 2615 4403 perseverabit
2658 4352 2775 4390 esse
2799 4375 2817 4401 ,
2861 4336 3013 4404 juxta
3063 4333 3298 4387 Marcelli
3327 4333 3425 4386 do-

198 4427 339 4489 λέως
384 4427 628 4496 ἐγκώμια
681 4427 843 4479 αὐτοῦ
893 4430 949 4479 ὲν
1008 4428 1395 4498 συγγράμματι
1442 4428 1735 4493 διελθόντος

1862 4429 2113 4481 ctrinam.
2141 4428 2403 4491 Quocirca
2437 4444 2541 4481 non
2574 4427 2842 4480 immerito
2862 4428 3095 4480 iunctam
3124 4422 3422 4487 horrenda,

198 4517 388 4571 Ταῦτα
426 4518 481 4569 δὲ
511 4519 603 4570 καὶ
636 4518 733 4588 τήν
766 4518 925 4585 ἁγίαν
978 4516 1224 4583 σύνοδον,
1271 4521 1329 4571 ὲν
1380 4522 1446 4589 τῇ
1509 4520 1735 4591 βασιλικῇ

1862 4536 2041 4588 regem
2076 4520 2220 4574 illum
2256 4535 2381 4575 vere
2410 4509 2739 4590 religiosum,
2762 4528 2817 4572 et
2842 4528 2923 4571 ter
2940 4521 3149 4571 beatum
3165 4515 3426 4570 adversus

202 4607 559 4661 συνελθοῦσαν
614 4608 762 4661 πόλει
794 4608 853 4672 ἐξ
901 4609 1174 4679 ἐπαρχιῶν
1227 4610 1527 4679 διαφόρων,
1564 4612 1735 4663 nam

1867 4612 2182 4677 scriptorem
2218 4611 2591 4673 concitarunt,
2626 4610 2752 4664 licet
2782 4609 2856 4663 illi
2897 4610 2949 4663 in
2987 4608 3189 4676 scripto
3222 4620 3319 4661 suo
3345 4604 3428 4658 iu-

203 4702 297 4752 καὶ
334 4700 735 4762 Καππαδοκίας,
784 4700 964 4763 Ἀσίας
996 4717 1055 4751 τε
1089 4701 1180 4751 καὶ
1200 4702 1453 4769 Φρυγίας,
1490 4703 1581 4753 καὶ
1608 4701 1734 4755 Βιθυ

1865 4701 2029 4754 ﬁnitis
2061 4702 2231 4756 modis
2257 4703 2684 4767 adblandiretur,
2712 4711 2765 4756 et
2805 4702 2985 4755 multis
3015 4715 3136 4755 eum
3167 4697 3428 4752 encomiis

203 4792 346 4853 νίας,
384 4790 599 4861 Θρᾴκης
630 4807 689 4842 τε
730 4790 959 4843 καὶτῶν
1003 4791 1257 4843 ἐπέκεινα
1316 4790 1494 4861 μερῶν
1522 4831 1535 4854 ,
1590 4793 1735 4862 στηλι

1866 4794 2197 4848 honestaret.
2249 4791 2377 4848 Haec
2412 4795 2465 4849 in
2508 4794 2658 4847 illum
2703 4800 3109 4848 commoverunt
3142 4804 3427 4845 sacrosan-

284 4973 348 5031 »Β
377 4965 474 5021 Ed.
500 4965 670 5021 Paris.
700 4980 821 5037 pag.
850 4966 936 5019 55.
1014 4966 1057 4998 “
1088 4966 1211 5023 Ose.
1251 4983 1292 5033 ι,
1337 4970 1387 5021 ἐ.
1484 4969 1525 4999 ⁸¹
1562 4968 1665 5024 lsa.
1692 4986 1729 5031 t,

1891 4974 1933 5003 "
1960 4973 2071 5028 ιω.
2100 4990 2137 5041 ι,
2160 4972 2229 5039 2;
2264 4988 2391 5039 xxv,
2416 4973 2467 5027 1.

281 5147 395 5217 (97)
442 5147 578 5216 Ἑνῇ
606 5148 909 5216 ἀνείληφε.
940 5146 1136 5200 Facilis
1162 5144 1449 5217 restitutio,
1483 5137 1602 5217 ij
1631 5145 1773 5217 ἀνεί-

212 5210 843 5291 ληξρεξΜέ-βεὶη-νυίέό
870 5219 1046 5289 σάρκα
1078 5217 1193 5291 |_oc_o
1224 5215 1384 5291 σαρκί
1404 5226 1455 5291 e‘t
1481 5210 1602 5266 ἀλλ³’
1622 5210 1773 5267 εἶπεν

216 5284 417 5342 ρι’ἱηοχ
448 5290 493 5340 εί
521 5288 577 5339 δὲ
601 5287 770 5341 ταῦτα
797 5289 870 5349 λ.,
903 5284 1063 5355 porro
1085 5284 1603 5355 ἐνέργειαέφθακεν,
1624 5300 1769 5339 corr.

218 5358 448 5427 ἔφθασεν
474 5367 526 5409 et
555 5354 955 5426 ἐστερεώθησαν
974 5357 1077 5427 ,καὶ
1104 5355 1167 5406 δι’
1194 5354 1355 5427 αὐτοῦ
1388 5354 1560 5427 πάντα
1583 5356 1664 5421 ἐγ.

291 5426 404 5497 (98)
431 5428 662 5481 Οὐκοῦν
684 5421 925 5497 ἓνεργέεῖ.
970 5426 1131 5497 Lege,
1168 5426 1267 5477 οὐκ
1300 5421 1414 5497 οὖν,
1436 5426 1517 5497 ὅτι
1546 5426 1771 5493 ἐνεργεῖ.

224 5494 516 5558 Ειειαιίιη,
549 5497 763 5564 ἀγαθῶν
803 5494 861 5549 τέ
890 5496 1281 5549 ἀπολαύσονται
1313 5495 1382 5557 (c.
1406 5495 1437 5545 Ι.
1464 5494 1539 5564 5}.

294 5566 405 5638 (99)
427 5562 834 5638 νυίεοζὲγένετο
848 5578 899 5620 et
915 5568 1131 5635 ἐνήργει
1164 5566 1192 5617 6
1219 5564 1375 5626 αὐτὸς
1392 5573 1444 5617 et
1460 5566 1505 5615 εἰ
1520 5562 1595 5628 δέ,
1613 5577 1770 5631 porro

225 5635 393 5707 ήκουε
415 5644 470 5688 et
494 5635 629 5707 Θεοῦ
652 5639 680 5688 ὁ
708 5637 879 5707 κοινὸς
906 5638 1005 5689 ἀπ.
1032 5639 1095 5688 Σ.

298 5706 373 5774 (i)
398 5705 678 5763 Βασιλέα.
712 5706 1123 5764 Constantinum
1154 5702 1399 5772 intelligit
1428 5702 1537 5774 jam
1575 5702 1765 5757 deiun-

1870 5158 2038 5213 ctum,
2068 5151 2150 5205 cui
2186 5152 2446 5219 scriptum
2479 5152 2608 5205 illud
2639 5167 2794 5206 suum
2828 5150 3114 5205 Marcellus
3143 5149 3422 5206 oiierebat.

1871 5219 1919 5273 Is
1946 5220 2273 5279 Marcellum.
2319 5221 2383 5272 ab
2424 5222 2740 5275 Eusebianis
2778 5224 3085 5289 episcopatu
3116 5231 3342 5283 motum,
3371 5223 3425 5275 in

1870 5290 1986 5360 ejus
2013 5289 2182 5343 locum
2205 5290 2396 5360 Basilio
2420 5291 2647 5355 quodam
2667 5292 2976 5360 subrogato.
2994 5290 3154 5360 jussit
3179 5290 3429 5360 exsulare

1870 5359 1924 5411 in
1966 5360 2193 5411 concilio
2243 5358 2855 5421 Constantinopolitano,
2899 5375 3040 5411 anno
3084 5358 3425 5411 Constantini

1872 5428 2080 5493 ultimo,
2113 5430 2311 5481 Christi
2349 5428 2471 5485 556.
2527 5427 2822 5488 celebrato.
2861 5428 3013 5494 cujus
3059 5427 3145 5480 hic
3185 5429 3431 5481 meminit

1872 5499 2149 5552 Eusebius.
2183 5499 2233 5549 In
2257 5513 2362 5563 quo
2400 5498 2661 5551 Eusebius
2693 5498 3113 5551 illeAriauorum
3152 5506 3433 5563 protospa-

1874 5569 2078 5623 tui-ius.
2117 5568 2241 5620 olim
2277 5568 2719 5637 Nicomediensis,
2752 5566 3095 5637 praesidebat.
3123 5565 3191 5619 Μ.
3212 5594 3277 5605 --
3310 5565 3429 5622 Mox

1871 5638 2029 5707 vulgo
2063 5638 2254 5689 Πόντου
2282 5654 2335 5688 τε
2365 5635 2475 5691 καί.
