  <div class='ocr_page' id='page_1' title='image "/cluster/home/n/w/nwhite01/storage/ocr_20150623/24/pst.000005712083/432.png"; bbox 0 0 4068 6316; ppageno 0'>
   <div class='ocr_carea' id='block_1_1' title="bbox 210 333 3450 399">
    <p class='ocr_par' dir='ltr' id='par_1_1' title="bbox 210 333 3450 399">
     <span class='ocr_line' id='line_1_1' title="bbox 210 333 3450 399; baseline -0.003 0"><span class='ocrx_word' id='word_1_1' title='bbox 210 343 325 399; x_wconf 64' lang='grc'><strong>829</strong></span> <span class='ocrx_word' id='word_1_2' title='bbox 1152 340 1239 396; x_wconf 84' lang='lat' dir='ltr'><strong>DE</strong></span> <span class='ocrx_word' id='word_1_3' title='bbox 1277 337 1812 395; x_wconf 72' lang='lat' dir='ltr'><strong>ECCLESIASTICA</strong></span> <span class='ocrx_word' id='word_1_4' title='bbox 1853 335 2248 395; x_wconf 83' lang='lat' dir='ltr'><strong>TllEOLOGIA</strong></span> <span class='ocrx_word' id='word_1_5' title='bbox 2281 336 2408 391; x_wconf 85' lang='lat' dir='ltr'><strong>LIB.</strong></span> <span class='ocrx_word' id='word_1_6' title='bbox 2440 337 2483 390; x_wconf 90' lang='grc' dir='ltr'><strong>ι.</strong></span> <span class='ocrx_word' id='word_1_7' title='bbox 3345 333 3450 388; x_wconf 76' lang='lat'><strong>850</strong></span> 
     </span>
    </p>
   </div>
   <div class='ocr_carea' id='block_1_2' title="bbox 210 453 1767 531">
    <p class='ocr_par' dir='ltr' id='par_1_2' title="bbox 210 461 1767 531">
     <span class='ocr_line' id='line_1_2' title="bbox 210 461 1767 531; baseline -0.002 -15"><span class='ocrx_word' id='word_1_8' title='bbox 210 479 334 527; x_wconf 81' lang='grc' dir='ltr'>σεις</span> <span class='ocrx_word' id='word_1_9' title='bbox 367 462 690 527; x_wconf 72' lang='grc' dir='ltr'>εὐθύνοντες.</span> <span class='ocrx_word' id='word_1_10' title='bbox 745 463 970 531; x_wconf 81' lang='grc' dir='ltr'>Συνάψω</span> <span class='ocrx_word' id='word_1_11' title='bbox 1002 464 1056 515; x_wconf 83' lang='grc' dir='ltr'><strong>δὲ</strong></span> <span class='ocrx_word' id='word_1_12' title='bbox 1116 461 1258 516; x_wconf 82' lang='grc' dir='ltr'><strong>κατά</strong></span> <span class='ocrx_word' id='word_1_13' title='bbox 1287 461 1347 514; x_wconf 91' lang='grc' dir='ltr'><strong>τὸ</strong></span> <span class='ocrx_word' id='word_1_14' title='bbox 1387 461 1518 515; x_wconf 80' lang='grc' dir='ltr'>αὐτὸ</span> <span class='ocrx_word' id='word_1_15' title='bbox 1548 463 1613 530; x_wconf 79' lang='grc' dir='ltr'>τῇ</span> <span class='ocrx_word' id='word_1_16' title='bbox 1658 462 1767 514; x_wconf 79' lang='grc' dir='ltr'>τού·</span> 
     </span>
    </p>
   </div>
   <div class='ocr_carea' id='block_1_3' title="bbox 1868 453 3449 531">
    <p class='ocr_par' dir='ltr' id='par_1_3' title="bbox 1880 453 3449 523">
     <span class='ocr_line' id='line_1_3' title="bbox 1880 453 3449 523; baseline -0.006 -9"><span class='ocrx_word' id='word_1_17' title='bbox 1880 475 2000 514; x_wconf 88' lang='lat' dir='ltr'><strong>esse</strong></span> <span class='ocrx_word' id='word_1_18' title='bbox 2031 458 2411 514; x_wconf 71' lang='lat' dir='ltr'><strong>refutationem</strong></span> <span class='ocrx_word' id='word_1_19' title='bbox 2438 495 2452 520; x_wconf 91' lang='lat'><strong>,</strong></span> <span class='ocrx_word' id='word_1_20' title='bbox 2495 467 2556 509; x_wconf 90' lang='lat' dir='ltr'><strong>ut</strong></span> <span class='ocrx_word' id='word_1_21' title='bbox 2605 455 2678 509; x_wconf 91' lang='lat' dir='ltr'><strong>ita</strong></span> <span class='ocrx_word' id='word_1_22' title='bbox 2709 453 2935 523; x_wconf 86' lang='lat' dir='ltr'><strong>singulis</strong></span> <span class='ocrx_word' id='word_1_23' title='bbox 2981 458 3230 506; x_wconf 80' lang='lat' dir='ltr'><strong>constare</strong></span> <span class='ocrx_word' id='word_1_24' title='bbox 3262 461 3449 519; x_wconf 85' lang='lat' dir='ltr'><strong>queat,</strong></span> 
     </span>
    </p>
   </div>
   <div class='ocr_carea' id='block_1_4' title="bbox 209 539 1767 626">
    <p class='ocr_par' dir='ltr' id='par_1_4' title="bbox 209 552 1767 626">
     <span class='ocr_line' id='line_1_4' title="bbox 209 552 1767 626; baseline -0.004 -17"><span class='ocrx_word' id='word_1_25' title='bbox 209 573 328 609; x_wconf 73' lang='grc' dir='ltr'><strong>των</strong></span> <span class='ocrx_word' id='word_1_26' title='bbox 349 558 504 626; x_wconf 79' lang='grc' dir='ltr'>φωρᾷ</span> <span class='ocrx_word' id='word_1_27' title='bbox 532 557 629 625; x_wconf 79' lang='grc' dir='ltr'><strong>τὴν</strong></span> <span class='ocrx_word' id='word_1_28' title='bbox 651 555 742 607; x_wconf 85' lang='grc' dir='ltr'><strong>τοῦ</strong></span> <span class='ocrx_word' id='word_1_29' title='bbox 758 556 1005 625; x_wconf 79' lang='grc' dir='ltr'><strong>Σωτῆρος</strong></span> <span class='ocrx_word' id='word_1_30' title='bbox 1033 553 1185 624; x_wconf 78' lang='grc' dir='ltr'>ἡμῶν</span> <span class='ocrx_word' id='word_1_31' title='bbox 1213 553 1486 619; x_wconf 79' lang='grc' dir='ltr'>θεολογίαν</span> <span class='ocrx_word' id='word_1_32' title='bbox 1514 552 1767 621; x_wconf 85' lang='grc' dir='ltr'>νεώτερον</span> 
     </span>
    </p>
   </div>
   <div class='ocr_carea' id='block_1_5' title="bbox 1868 539 3450 626">
    <p class='ocr_par' dir='ltr' id='par_1_5' title="bbox 1878 539 3450 616">
     <span class='ocr_line' id='line_1_5' title="bbox 1878 539 3450 616; baseline -0.007 -14"><span class='ocrx_word' id='word_1_33' title='bbox 1878 549 2026 602; x_wconf 90' lang='lat' dir='ltr'><strong>illum</strong></span> <span class='ocrx_word' id='word_1_34' title='bbox 2061 548 2112 601; x_wconf 90' lang='lat' dir='ltr'><strong>in</strong></span> <span class='ocrx_word' id='word_1_35' title='bbox 2139 561 2207 600; x_wconf 89' lang='lat' dir='ltr'><strong>eo</strong></span> <span class='ocrx_word' id='word_1_36' title='bbox 2251 546 2396 616; x_wconf 86' lang='lat' dir='ltr'><strong>quod</strong></span> <span class='ocrx_word' id='word_1_37' title='bbox 2453 545 2648 598; x_wconf 79' lang='lat' dir='ltr'><strong>Filium</strong></span> <span class='ocrx_word' id='word_1_38' title='bbox 2687 545 2779 598; x_wconf 86' lang='lat' dir='ltr'><strong>Dei</strong></span> <span class='ocrx_word' id='word_1_39' title='bbox 2816 543 3186 610; x_wconf 71' lang='lat' dir='ltr'><strong>abnegaverit,</strong></span> <span class='ocrx_word' id='word_1_40' title='bbox 3219 555 3285 594; x_wconf 90' lang='lat' dir='ltr'><strong>ne</strong></span> <span class='ocrx_word' id='word_1_41' title='bbox 3327 539 3450 592; x_wconf 87' lang='lat' dir='ltr'><strong>uni-</strong></span> 
     </span>
    </p>
   </div>
   <div class='ocr_carea' id='block_1_6' title="bbox 211 632 1767 714">
    <p class='ocr_par' dir='ltr' id='par_1_6' title="bbox 211 642 1767 714">
     <span class='ocr_line' id='line_1_6' title="bbox 211 642 1767 714; baseline -0.002 -17"><span class='ocrx_word' id='word_1_42' title='bbox 211 646 321 714; x_wconf 84' lang='grc' dir='ltr'>μὲν</span> <span class='ocrx_word' id='word_1_43' title='bbox 349 645 523 712; x_wconf 60' lang='grc' dir='ltr'>λέγεν</span> <span class='ocrx_word' id='word_1_44' title='bbox 573 645 708 712; x_wconf 75' lang='grc' dir='ltr'>ἔχων</span> <span class='ocrx_word' id='word_1_45' title='bbox 735 644 905 704; x_wconf 72' lang='grc' dir='ltr'>οὐδὲν,</span> <span class='ocrx_word' id='word_1_46' title='bbox 939 644 1046 697; x_wconf 73' lang='grc' dir='ltr'>οὐδ’</span> <span class='ocrx_word' id='word_1_47' title='bbox 1101 642 1334 714; x_wconf 78' lang='grc' dir='ltr'><strong>ἐμαυτοῦ</strong></span> <span class='ocrx_word' id='word_1_48' title='bbox 1381 642 1542 710; x_wconf 88' lang='grc' dir='ltr'>σοφόν</span> <span class='ocrx_word' id='word_1_49' title='bbox 1580 658 1633 694; x_wconf 88' lang='grc' dir='ltr'><strong>τι</strong></span> <span class='ocrx_word' id='word_1_50' title='bbox 1679 642 1767 694; x_wconf 69' lang='grc' dir='ltr'><strong>καὶ</strong></span> 
     </span>
    </p>
   </div>
   <div class='ocr_carea' id='block_1_7' title="bbox 1868 632 3447 714">
    <p class='ocr_par' dir='ltr' id='par_1_7' title="bbox 1876 632 3447 700">
     <span class='ocr_line' id='line_1_7' title="bbox 1876 632 3447 700; baseline -0.008 -4"><span class='ocrx_word' id='word_1_51' title='bbox 1876 657 1997 696; x_wconf 90' lang='lat' dir='ltr'><strong>cum</strong></span> <span class='ocrx_word' id='word_1_52' title='bbox 2043 641 2112 696; x_wconf 90' lang='lat' dir='ltr'><strong>de</strong></span> <span class='ocrx_word' id='word_1_53' title='bbox 2137 640 2307 696; x_wconf 88' lang='lat' dir='ltr'><strong>sacris</strong></span> <span class='ocrx_word' id='word_1_54' title='bbox 2345 639 2543 694; x_wconf 79' lang='lat' dir='ltr'><strong>litteris</strong></span> <span class='ocrx_word' id='word_1_55' title='bbox 2570 638 2942 692; x_wconf 87' lang='lat' dir='ltr'><strong>testimonium</strong></span> <span class='ocrx_word' id='word_1_56' title='bbox 2994 636 3058 688; x_wconf 90' lang='lat' dir='ltr'><strong>ad</strong></span> <span class='ocrx_word' id='word_1_57' title='bbox 3091 648 3203 687; x_wconf 92' lang='lat' dir='ltr'><strong>rem</strong></span> <span class='ocrx_word' id='word_1_58' title='bbox 3232 632 3447 700; x_wconf 63' lang='lat' dir='ltr'><strong>apposio</strong></span> 
     </span>
    </p>
   </div>
   <div class='ocr_carea' id='block_1_8' title="bbox 205 723 1767 805">
    <p class='ocr_par' dir='ltr' id='par_1_8' title="bbox 205 732 1767 805">
     <span class='ocr_line' id='line_1_8' title="bbox 205 732 1767 805; baseline 0 -19"><span class='ocrx_word' id='word_1_59' title='bbox 205 737 414 788; x_wconf 78' lang='grc' dir='ltr'>οίκεῖον</span> <span class='ocrx_word' id='word_1_60' title='bbox 441 735 662 805; x_wconf 72' lang='grc' dir='ltr'>εὕρεμα,</span> <span class='ocrx_word' id='word_1_61' title='bbox 685 735 784 802; x_wconf 82' lang='grc' dir='ltr'>τῆς</span> <span class='ocrx_word' id='word_1_62' title='bbox 800 735 855 787; x_wconf 86' lang='grc' dir='ltr'><strong>δὲ</strong></span> <span class='ocrx_word' id='word_1_63' title='bbox 872 734 1194 804; x_wconf 86' lang='grc' dir='ltr'>Ἑκκλησίας</span> <span class='ocrx_word' id='word_1_64' title='bbox 1217 733 1309 786; x_wconf 87' lang='grc' dir='ltr'><strong>τοῦ</strong></span> <span class='ocrx_word' id='word_1_65' title='bbox 1336 733 1469 785; x_wconf 88' lang='grc' dir='ltr'>Θεοῦ</span> <span class='ocrx_word' id='word_1_66' title='bbox 1503 734 1600 804; x_wconf 81' lang='grc' dir='ltr'>τὴν</span> <span class='ocrx_word' id='word_1_67' title='bbox 1625 732 1767 786; x_wconf 83' lang='grc' dir='ltr'>ἀδιά-</span> 
     </span>
    </p>
   </div>
   <div class='ocr_carea' id='block_1_9' title="bbox 1868 723 3448 805">
    <p class='ocr_par' dir='ltr' id='par_1_9' title="bbox 1875 723 3448 800">
     <span class='ocr_line' id='line_1_9' title="bbox 1875 723 3448 800; baseline -0.006 -14"><span class='ocrx_word' id='word_1_68' title='bbox 1875 741 1985 787; x_wconf 91' lang='lat' dir='ltr'><strong>tum</strong></span> <span class='ocrx_word' id='word_1_69' title='bbox 2012 772 2028 797; x_wconf 90' lang='lat'><strong>,</strong></span> <span class='ocrx_word' id='word_1_70' title='bbox 2060 735 2113 787; x_wconf 91' lang='lat' dir='ltr'><strong>in</strong></span> <span class='ocrx_word' id='word_1_71' title='bbox 2168 733 2484 800; x_wconf 79' lang='lat' dir='ltr'><strong>longissimo</strong></span> <span class='ocrx_word' id='word_1_72' title='bbox 2531 731 2621 786; x_wconf 92' lang='lat' dir='ltr'><strong>illo</strong></span> <span class='ocrx_word' id='word_1_73' title='bbox 2663 745 2826 799; x_wconf 90' lang='lat' dir='ltr'><strong>opere</strong></span> <span class='ocrx_word' id='word_1_74' title='bbox 2851 744 2949 783; x_wconf 90' lang='lat' dir='ltr'><strong>suo</strong></span> <span class='ocrx_word' id='word_1_75' title='bbox 2979 725 3284 796; x_wconf 79' lang='lat' dir='ltr'><strong>protulisse:</strong></span> <span class='ocrx_word' id='word_1_76' title='bbox 3336 723 3448 777; x_wconf 89' lang='lat' dir='ltr'><strong>imo</strong></span> 
     </span>
    </p>
   </div>
   <div class='ocr_carea' id='block_1_10' title="bbox 210 813 1767 897">
    <p class='ocr_par' dir='ltr' id='par_1_10' title="bbox 210 823 1767 897">
     <span class='ocr_line' id='line_1_10' title="bbox 210 823 1767 897; baseline -0.003 -18"><span class='ocrx_word' id='word_1_77' title='bbox 210 828 413 897; x_wconf 76' lang='grc' dir='ltr'>φθόρον</span> <span class='ocrx_word' id='word_1_78' title='bbox 434 824 774 878; x_wconf 73' lang='grc' dir='ltr'><strong>διδασκαλίαν</strong></span> <span class='ocrx_word' id='word_1_79' title='bbox 803 825 1205 895; x_wconf 76' lang='grc' dir='ltr'><strong>προϊσχόμενος,</strong></span> <span class='ocrx_word' id='word_1_80' title='bbox 1240 824 1304 894; x_wconf 78' lang='grc' dir='ltr'>ἢν</span> <span class='ocrx_word' id='word_1_81' title='bbox 1346 823 1493 893; x_wconf 86' lang='grc' dir='ltr'><strong>παρά</strong></span> <span class='ocrx_word' id='word_1_82' title='bbox 1524 823 1631 874; x_wconf 84' lang='grc' dir='ltr'><strong>τῶν</strong></span> <span class='ocrx_word' id='word_1_83' title='bbox 1673 824 1767 875; x_wconf 79' lang='grc' dir='ltr'>αὑ-</span> 
     </span>
    </p>
   </div>
   <div class='ocr_carea' id='block_1_11' title="bbox 1868 813 3446 897">
    <p class='ocr_par' dir='ltr' id='par_1_11' title="bbox 1874 813 3446 892">
     <span class='ocr_line' id='line_1_11' title="bbox 1874 813 3446 892; baseline -0.004 -18"><span class='ocrx_word' id='word_1_84' title='bbox 1874 837 2025 886; x_wconf 82' lang='lat' dir='ltr'><strong>vero,</strong></span> <span class='ocrx_word' id='word_1_85' title='bbox 2043 822 2301 892; x_wconf 90' lang='lat' dir='ltr'><strong>quidquid</strong></span> <span class='ocrx_word' id='word_1_86' title='bbox 2324 822 2390 875; x_wconf 90' lang='lat' dir='ltr'><strong>de</strong></span> <span class='ocrx_word' id='word_1_87' title='bbox 2417 820 2711 889; x_wconf 90' lang='lat' dir='ltr'><strong>Scripturis</strong></span> <span class='ocrx_word' id='word_1_88' title='bbox 2743 819 2943 881; x_wconf 87' lang='lat' dir='ltr'><strong>attulit,</strong></span> <span class='ocrx_word' id='word_1_89' title='bbox 2968 817 3301 872; x_wconf 84' lang='lat' dir='ltr'><strong>contrariam</strong></span> <span class='ocrx_word' id='word_1_90' title='bbox 3332 813 3446 882; x_wconf 82' lang='lat' dir='ltr'><strong>pla-</strong></span> 
     </span>
    </p>
   </div>
   <div class='ocr_carea' id='block_1_12' title="bbox 204 903 1767 984">
    <p class='ocr_par' dir='ltr' id='par_1_12' title="bbox 204 913 1767 984">
     <span class='ocr_line' id='line_1_12' title="bbox 204 913 1767 984; baseline -0.002 -15"><span class='ocrx_word' id='word_1_91' title='bbox 204 916 425 969; x_wconf 80' lang='grc' dir='ltr'>τοπτῶν</span> <span class='ocrx_word' id='word_1_92' title='bbox 453 915 544 966; x_wconf 74' lang='grc' dir='ltr'>καὶ</span> <span class='ocrx_word' id='word_1_93' title='bbox 571 914 848 984; x_wconf 78' lang='grc' dir='ltr'>αὑτηκόων</span> <span class='ocrx_word' id='word_1_94' title='bbox 882 913 975 966; x_wconf 90' lang='grc' dir='ltr'><strong>τοῦ</strong></span> <span class='ocrx_word' id='word_1_95' title='bbox 1030 913 1226 982; x_wconf 79' lang='grc' dir='ltr'>Λόγου,</span> <span class='ocrx_word' id='word_1_96' title='bbox 1272 913 1476 966; x_wconf 81' lang='grc' dir='ltr'>ἄνωθεν</span> <span class='ocrx_word' id='word_1_97' title='bbox 1506 913 1564 979; x_wconf 79' lang='grc' dir='ltr'><strong>ἐξ</strong></span> <span class='ocrx_word' id='word_1_98' title='bbox 1597 913 1767 984; x_wconf 84' lang='grc' dir='ltr'>ἀρχῆς</span> 
     </span>
    </p>
   </div>
   <div class='ocr_carea' id='block_1_13' title="bbox 1868 903 3446 984">
    <p class='ocr_par' dir='ltr' id='par_1_13' title="bbox 1875 903 3446 976">
     <span class='ocr_line' id='line_1_13' title="bbox 1875 903 3446 976; baseline -0.006 -10"><span class='ocrx_word' id='word_1_99' title='bbox 1875 927 1944 966; x_wconf 93' lang='lat' dir='ltr'><strong>ne</strong></span> <span class='ocrx_word' id='word_1_100' title='bbox 1984 925 2169 966; x_wconf 82' lang='lat' dir='ltr'><strong>vocem</strong></span> <span class='ocrx_word' id='word_1_101' title='bbox 2216 911 2465 965; x_wconf 85' lang='lat' dir='ltr'><strong>emisisse</strong></span> <span class='ocrx_word' id='word_1_102' title='bbox 2505 910 2717 972; x_wconf 89' lang='lat' dir='ltr'><strong>sciant,</strong></span> <span class='ocrx_word' id='word_1_103' title='bbox 2758 918 2812 961; x_wconf 87' lang='lat' dir='ltr'><strong>et</strong></span> <span class='ocrx_word' id='word_1_104' title='bbox 2845 923 2907 960; x_wconf 92' lang='lat' dir='ltr'><strong>ea</strong></span> <span class='ocrx_word' id='word_1_105' title='bbox 2937 922 3057 976; x_wconf 66' lang='lat' dir='ltr'><strong>quae</strong></span> <span class='ocrx_word' id='word_1_106' title='bbox 3089 905 3156 959; x_wconf 89' lang='lat' dir='ltr'><strong>ab</strong></span> <span class='ocrx_word' id='word_1_107' title='bbox 3184 903 3272 958; x_wconf 90' lang='lat' dir='ltr'><strong>illo</strong></span> <span class='ocrx_word' id='word_1_108' title='bbox 3299 903 3446 957; x_wconf 90' lang='lat' dir='ltr'><strong>dice-</strong></span> 
     </span>
    </p>
   </div>
   <div class='ocr_carea' id='block_1_14' title="bbox 207 999 1767 1077">
    <p class='ocr_par' dir='ltr' id='par_1_14' title="bbox 207 1004 926 1077">
     <span class='ocr_line' id='line_1_14' title="bbox 207 1004 926 1077; baseline -0.003 -17"><span class='ocrx_word' id='word_1_109' title='bbox 207 1004 620 1077; x_wconf 74' lang='grc' dir='ltr'>παραλαὸοῦσα,</span> <span class='ocrx_word' id='word_1_110' title='bbox 657 1005 926 1074; x_wconf 80' lang='grc' dir='ltr'><strong>φυλάττει.</strong></span> 
     </span>
    </p>
   </div>
   <div class='ocr_carea' id='block_1_15' title="bbox 1868 999 3444 1077">
    <p class='ocr_par' dir='ltr' id='par_1_15' title="bbox 1877 999 3444 1069">
     <span class='ocr_line' id='line_1_15' title="bbox 1877 999 3444 1069; baseline -0.006 -13"><span class='ocrx_word' id='word_1_111' title='bbox 1877 1002 2072 1056; x_wconf 83' lang='lat' dir='ltr'><strong>bantur</strong></span> <span class='ocrx_word' id='word_1_112' title='bbox 2115 1002 2316 1069; x_wconf 88' lang='lat' dir='ltr'><strong>impie.</strong></span> <span class='ocrx_word' id='word_1_113' title='bbox 2369 1003 2423 1057; x_wconf 91' lang='lat' dir='ltr'><strong>in</strong></span> <span class='ocrx_word' id='word_1_114' title='bbox 2472 1011 2679 1056; x_wconf 91' lang='lat' dir='ltr'><strong>rectum</strong></span> <span class='ocrx_word' id='word_1_115' title='bbox 2732 999 3092 1066; x_wconf 89' lang='lat' dir='ltr'><strong>retorquendo</strong></span> <span class='ocrx_word' id='word_1_116' title='bbox 3126 1010 3342 1051; x_wconf 88' lang='lat' dir='ltr'><strong>sensum</strong></span> <span class='ocrx_word' id='word_1_117' title='bbox 3389 999 3444 1047; x_wconf 85' lang='lat' dir='ltr'><strong>et</strong></span> 
     </span>
    </p>
   </div>
   <div class='ocr_carea' id='block_1_16' title="bbox 206 1089 3441 1165">
    <p class='ocr_par' dir='ltr' id='par_1_16' title="bbox 206 1089 3441 1165">
     <span class='ocr_line' id='line_1_16' title="bbox 206 1089 3441 1165; baseline -0.004 -13"><span class='ocrx_word' id='word_1_118' title='bbox 206 1097 555 1165; x_wconf 67' lang='lat' dir='ltr'><strong>sententiam,</strong></span> <span class='ocrx_word' id='word_1_119' title='bbox 590 1096 870 1152; x_wconf 77' lang='lat' dir='ltr'><strong>direxisse.</strong></span> <span class='ocrx_word' id='word_1_120' title='bbox 906 1095 1026 1150; x_wconf 89' lang='lat' dir='ltr'><strong>Istis</strong></span> <span class='ocrx_word' id='word_1_121' title='bbox 1057 1109 1218 1164; x_wconf 91' lang='lat' dir='ltr'><strong>porro</strong></span> <span class='ocrx_word' id='word_1_122' title='bbox 1242 1096 1555 1163; x_wconf 76' lang='lat' dir='ltr'><strong>conjunctae</strong></span> <span class='ocrx_word' id='word_1_123' title='bbox 1604 1094 1950 1163; x_wconf 88' lang='lat' dir='ltr'><strong>copulaturus</strong></span> <span class='ocrx_word' id='word_1_124' title='bbox 1979 1109 2098 1148; x_wconf 86' lang='lat' dir='ltr'><strong>sum</strong></span> <span class='ocrx_word' id='word_1_125' title='bbox 2148 1096 2214 1149; x_wconf 89' lang='lat' dir='ltr'><strong>de</strong></span> <span class='ocrx_word' id='word_1_126' title='bbox 2247 1093 2554 1150; x_wconf 77' lang='lat' dir='ltr'><strong>Senatoris</strong></span> <span class='ocrx_word' id='word_1_127' title='bbox 2601 1097 2776 1147; x_wconf 86' lang='lat' dir='ltr'><strong>nostri</strong></span> <span class='ocrx_word' id='word_1_128' title='bbox 2821 1091 3104 1144; x_wconf 81' lang='lat' dir='ltr'><strong>divinitate</strong></span> <span class='ocrx_word' id='word_1_129' title='bbox 3160 1089 3441 1142; x_wconf 85' lang='lat' dir='ltr'><strong>rationes:</strong></span> 
     </span>
    </p>
   </div>
   <div class='ocr_carea' id='block_1_17' title="bbox 203 1175 3445 1257">
    <p class='ocr_par' dir='ltr' id='par_1_17' title="bbox 203 1175 3445 1257">
     <span class='ocr_line' id='line_1_17' title="bbox 203 1175 3445 1257; baseline -0.005 -13"><span class='ocrx_word' id='word_1_130' title='bbox 203 1189 346 1244; x_wconf 84' lang='lat' dir='ltr'><strong>nihil</strong></span> <span class='ocrx_word' id='word_1_131' title='bbox 373 1204 404 1242; x_wconf 88' lang='lat' dir='ltr'><strong>a</strong></span> <span class='ocrx_word' id='word_1_132' title='bbox 443 1203 528 1243; x_wconf 89' lang='lat' dir='ltr'><strong>me</strong></span> <span class='ocrx_word' id='word_1_133' title='bbox 586 1189 700 1257; x_wconf 88' lang='lat' dir='ltr'><strong>ipso</strong></span> <span class='ocrx_word' id='word_1_134' title='bbox 759 1188 968 1242; x_wconf 80' lang='lat' dir='ltr'><strong>noviter</strong></span> <span class='ocrx_word' id='word_1_135' title='bbox 1024 1187 1388 1252; x_wconf 87' lang='lat' dir='ltr'><strong>adinventum,</strong></span> <span class='ocrx_word' id='word_1_136' title='bbox 1424 1196 1515 1240; x_wconf 90' lang='lat' dir='ltr'><strong>aut</strong></span> <span class='ocrx_word' id='word_1_137' title='bbox 1540 1186 1681 1240; x_wconf 91' lang='lat' dir='ltr'><strong>domi</strong></span> <span class='ocrx_word' id='word_1_138' title='bbox 1717 1200 1848 1240; x_wconf 73' lang='lat' dir='ltr'><strong>meae</strong></span> <span class='ocrx_word' id='word_1_139' title='bbox 1875 1193 2107 1252; x_wconf 88' lang='lat' dir='ltr'><strong>natum,</strong></span> <span class='ocrx_word' id='word_1_140' title='bbox 2134 1199 2198 1240; x_wconf 80' lang='lat' dir='ltr'><strong>ex</strong></span> <span class='ocrx_word' id='word_1_141' title='bbox 2239 1186 2494 1249; x_wconf 90' lang='lat' dir='ltr'><strong>opinione</strong></span> <span class='ocrx_word' id='word_1_142' title='bbox 2538 1183 2838 1254; x_wconf 80' lang='lat' dir='ltr'><strong>profectum</strong></span> <span class='ocrx_word' id='word_1_143' title='bbox 2907 1179 3184 1250; x_wconf 77' lang='lat' dir='ltr'><strong>sapientia:</strong></span> <span class='ocrx_word' id='word_1_144' title='bbox 3216 1175 3445 1244; x_wconf 90' lang='lat' dir='ltr'><strong>alicujus</strong></span> 
     </span>
    </p>
   </div>
   <div class='ocr_carea' id='block_1_18' title="bbox 202 1267 3444 1346">
    <p class='ocr_par' dir='ltr' id='par_1_18' title="bbox 202 1267 3444 1346">
     <span class='ocr_line' id='line_1_18' title="bbox 202 1267 3444 1346; baseline -0.003 -11"><span class='ocrx_word' id='word_1_145' title='bbox 202 1296 346 1336; x_wconf 74' lang='lat' dir='ltr'><strong>mea:</strong></span> <span class='ocrx_word' id='word_1_146' title='bbox 388 1281 697 1335; x_wconf 88' lang='lat' dir='ltr'><strong>edicturus:</strong></span> <span class='ocrx_word' id='word_1_147' title='bbox 729 1281 820 1334; x_wconf 90' lang='lat' dir='ltr'><strong>sed</strong></span> <span class='ocrx_word' id='word_1_148' title='bbox 861 1278 1115 1334; x_wconf 67' lang='lat' dir='ltr'><strong>Ecclesiae</strong></span> <span class='ocrx_word' id='word_1_149' title='bbox 1176 1278 1269 1333; x_wconf 89' lang='lat' dir='ltr'><strong>Dei</strong></span> <span class='ocrx_word' id='word_1_150' title='bbox 1337 1279 1632 1332; x_wconf 89' lang='lat' dir='ltr'><strong>doctrinam</strong></span> <span class='ocrx_word' id='word_1_151' title='bbox 1667 1292 1777 1345; x_wconf 68' lang='lat' dir='ltr'><strong>prae</strong></span> <span class='ocrx_word' id='word_1_152' title='bbox 1817 1292 1902 1331; x_wconf 90' lang='lat' dir='ltr'><strong>me</strong></span> <span class='ocrx_word' id='word_1_153' title='bbox 1942 1277 2152 1331; x_wconf 88' lang='lat' dir='ltr'><strong>laturus</strong></span> <span class='ocrx_word' id='word_1_154' title='bbox 2206 1277 2609 1346; x_wconf 85' lang='lat' dir='ltr'><strong>incorruptam,</strong></span> <span class='ocrx_word' id='word_1_155' title='bbox 2663 1288 2843 1344; x_wconf 88' lang='lat' dir='ltr'><strong>quam</strong></span> <span class='ocrx_word' id='word_1_156' title='bbox 2888 1287 2918 1326; x_wconf 71' lang='grc' dir='ltr'>ι</span> <span class='ocrx_word' id='word_1_157' title='bbox 2978 1270 3202 1326; x_wconf 89' lang='lat' dir='ltr'><strong>testibus</strong></span> <span class='ocrx_word' id='word_1_158' title='bbox 3253 1267 3444 1324; x_wconf 80' lang='lat' dir='ltr'><strong>auritis</strong></span> 
     </span>
    </p>
   </div>
   <div class='ocr_carea' id='block_1_19' title="bbox 199 1367 2576 1442">
    <p class='ocr_par' dir='ltr' id='par_1_19' title="bbox 199 1367 2576 1442">
     <span class='ocr_line' id='line_1_19' title="bbox 199 1367 2576 1442; baseline -0.003 -15"><span class='ocrx_word' id='word_1_159' title='bbox 199 1373 338 1427; x_wconf 85' lang='lat' dir='ltr'><strong>olim</strong></span> <span class='ocrx_word' id='word_1_160' title='bbox 370 1382 530 1442; x_wconf 80' lang='lat' dir='ltr'><strong>atque</strong></span> <span class='ocrx_word' id='word_1_161' title='bbox 567 1369 792 1426; x_wconf 88' lang='lat' dir='ltr'><strong>oculatis</strong></span> <span class='ocrx_word' id='word_1_162' title='bbox 818 1367 980 1423; x_wconf 80' lang='lat' dir='ltr'><strong>Verbi</strong></span> <span class='ocrx_word' id='word_1_163' title='bbox 1020 1378 1322 1438; x_wconf 87' lang='lat' dir='ltr'><strong>acceptum,</strong></span> <span class='ocrx_word' id='word_1_164' title='bbox 1371 1368 1439 1424; x_wconf 88' lang='lat' dir='ltr'><strong>ab</strong></span> <span class='ocrx_word' id='word_1_165' title='bbox 1471 1369 1643 1429; x_wconf 89' lang='lat' dir='ltr'><strong>initio.</strong></span> <span class='ocrx_word' id='word_1_166' title='bbox 1682 1367 2030 1423; x_wconf 63' lang='lat' dir='ltr'><strong>illa-custodit</strong></span> <span class='ocrx_word' id='word_1_167' title='bbox 2051 1367 2227 1422; x_wconf 86' lang='lat' dir='ltr'><strong>adhuc</strong></span> <span class='ocrx_word' id='word_1_168' title='bbox 2260 1367 2576 1422; x_wconf 80' lang='lat' dir='ltr'><strong>inviolatam</strong></span> 
     </span>
    </p>
   </div>
   <div class='ocr_carea' id='block_1_20' title="bbox 845 1496 1767 1561">
    <p class='ocr_par' dir='ltr' id='par_1_20' title="bbox 845 1508 1124 1561">
     <span class='ocr_line' id='line_1_20' title="bbox 845 1508 1124 1561; baseline -0.007 -1"><span class='ocrx_word' id='word_1_169' title='bbox 845 1509 1001 1561; x_wconf 81' lang='grc' dir='ltr'><strong>ΚΕΦ.</strong></span> <span class='ocrx_word' id='word_1_170' title='bbox 1049 1508 1124 1559; x_wconf 78' lang='lat' dir='ltr'><strong>A’.</strong></span> 
     </span>
    </p>
   </div>
   <div class='ocr_carea' id='block_1_21' title="bbox 1868 1496 2788 1561">
    <p class='ocr_par' dir='ltr' id='par_1_21' title="bbox 2555 1507 2788 1561">
     <span class='ocr_line' id='line_1_21' title="bbox 2555 1507 2788 1561; baseline -0.004 0"><span class='ocrx_word' id='word_1_171' title='bbox 2555 1507 2707 1561; x_wconf 81' lang='lat' dir='ltr'><strong>CAP.</strong></span> <span class='ocrx_word' id='word_1_172' title='bbox 2745 1507 2788 1561; x_wconf 85' lang='grc' dir='ltr'>Ι.</span> 
     </span>
    </p>
   </div>
   <div class='ocr_carea' id='block_1_22' title="bbox 201 1597 1767 1689">
    <p class='ocr_par' dir='ltr' id='par_1_22' title="bbox 201 1615 1767 1689">
     <span class='ocr_line' id='line_1_22' title="bbox 201 1615 1767 1689; baseline -0.003 -14"><span class='ocrx_word' id='word_1_173' title='bbox 201 1620 338 1675; x_wconf 83' lang='grc' dir='ltr'>Ὀτι</span> <span class='ocrx_word' id='word_1_174' title='bbox 383 1618 582 1689; x_wconf 78' lang='grc' dir='ltr'>μάτην</span> <span class='ocrx_word' id='word_1_175' title='bbox 608 1617 1256 1689; x_wconf 26' lang='grc' dir='ltr'>Σαϐέλλιονᾲδιέὸξαῇειδ</span> <span class='ocrx_word' id='word_1_176' title='bbox 1298 1615 1648 1684; x_wconf 73' lang='grc' dir='ltr'>Μάρκελλος</span> <span class='ocrx_word' id='word_1_177' title='bbox 1699 1615 1767 1670; x_wconf 79' lang='grc' dir='ltr'>τὰ</span> 
     </span>
    </p>
   </div>
   <div class='ocr_carea' id='block_1_23' title="bbox 1868 1597 3532 1689">
    <p class='ocr_par' dir='ltr' id='par_1_23' title="bbox 1873 1597 3532 1689">
     <span class='ocr_line' id='line_1_23' title="bbox 1873 1597 3532 1689; baseline -0.002 -37"><span class='ocrx_word' id='word_1_178' title='bbox 1873 1597 2162 1689; x_wconf 54' lang='grc' dir='ltr'>δαρειίὸιιηι</span> <span class='ocrx_word' id='word_1_179' title='bbox 2203 1615 2236 1651; x_wconf 89' lang='lat' dir='ltr'><strong>a</strong></span> <span class='ocrx_word' id='word_1_180' title='bbox 2281 1597 2732 1689; x_wconf 43' lang='lat' dir='ltr'><strong>Marcello‘jn‘ep&#39;lle</strong></span> <span class='ocrx_word' id='word_1_181' title='bbox 2775 1599 3166 1679; x_wconf 67' lang='lat' dir='ltr'><strong>reprehensum,</strong></span> <span class='ocrx_word' id='word_1_182' title='bbox 3191 1612 3327 1677; x_wconf 42' lang='lat' dir='ltr'><strong>.cum</strong></span> <span class='ocrx_word' id='word_1_183' title='bbox 3352 1611 3442 1652; x_wconf 74' lang='grc' dir='ltr'>εο-</span> <span class='ocrx_word' id='word_1_184' title='bbox 3530 1599 3532 1602; x_wconf 74' lang='grc'><em>’</em></span> 
     </span>
    </p>
   </div>
   <div class='ocr_carea' id='block_1_24' title="bbox 695 1667 1767 1750">
    <p class='ocr_par' dir='ltr' id='par_1_24' title="bbox 695 1667 1767 1750">
     <span class='ocr_line' id='line_1_24' title="bbox 695 1667 1767 1750; baseline 0 -11"><span class='ocrx_word' id='word_1_185' title='bbox 695 1667 1416 1750; x_wconf 37' lang='lat' dir='ltr'><strong>sataesatae.&quot;</strong></span> <span class='ocrx_word' id='word_1_186' title='bbox 1624 1667 1639 1680; x_wconf 81' lang='grc'><em>’</em></span> <span class='ocrx_word' id='word_1_187' title='bbox 1736 1667 1767 1670; x_wconf 64' lang='grc'><strong>’“</strong></span> 
     </span>
    </p>
   </div>
   <div class='ocr_carea' id='block_1_25' title="bbox 1868 1667 3443 1750">
    <p class='ocr_par' dir='ltr' id='par_1_25' title="bbox 1940 1667 3443 1736">
     <span class='ocr_line' id='line_1_25' title="bbox 1940 1667 3443 1736; baseline -0.001 -17"><span class='ocrx_word' id='word_1_188' title='bbox 1940 1672 2058 1720; x_wconf 79' lang='lat' dir='ltr'><strong>dem</strong></span> <span class='ocrx_word' id='word_1_189' title='bbox 2093 1671 2147 1721; x_wconf 85' lang='lat' dir='ltr'><strong>in</strong></span> <span class='ocrx_word' id='word_1_190' title='bbox 2169 1684 2348 1722; x_wconf 82' lang='lat' dir='ltr'><strong>errore</strong></span> <span class='ocrx_word' id='word_1_191' title='bbox 2369 1684 2487 1721; x_wconf 85' lang='lat' dir='ltr'><strong>cum</strong></span> <span class='ocrx_word' id='word_1_192' title='bbox 2533 1667 2768 1722; x_wconf 80' lang='lat' dir='ltr'><strong>Sabellio</strong></span> <span class='ocrx_word' id='word_1_193' title='bbox 2794 1668 2902 1736; x_wconf 77' lang='lat' dir='ltr'><strong>ipse</strong></span> <span class='ocrx_word' id='word_1_194' title='bbox 2936 1684 3029 1734; x_wconf 85' lang='lat' dir='ltr'><strong>per</strong></span> <span class='ocrx_word' id='word_1_195' title='bbox 3061 1667 3236 1721; x_wconf 80' lang='lat' dir='ltr'><strong>omnia</strong></span> <span class='ocrx_word' id='word_1_196' title='bbox 3273 1681 3443 1719; x_wconf 75' lang='lat' dir='ltr'><strong>verse-</strong></span> 
     </span>
    </p>
   </div>
   <div class='ocr_carea' id='block_1_26' title="bbox 1940 1747 2049 1790">
    <p class='ocr_par' dir='ltr' id='par_1_26' title="bbox 1940 1747 2049 1790">
     <span class='ocr_line' id='line_1_26' title="bbox 1940 1747 2049 1790; baseline 0.018 -2"><span class='ocrx_word' id='word_1_197' title='bbox 1940 1747 2049 1790; x_wconf 84' lang='lat' dir='ltr'><strong>tur.</strong></span> 
     </span>
    </p>
   </div>
   <div class='ocr_carea' id='block_1_27' title="bbox 274 1817 1766 1890">
    <p class='ocr_par' dir='ltr' id='par_1_27' title="bbox 274 1817 1766 1890">
     <span class='ocr_line' id='line_1_27' title="bbox 274 1817 1766 1890; baseline -0.001 -17"><span class='ocrx_word' id='word_1_198' title='bbox 274 1819 390 1890; x_wconf 89' lang='grc' dir='ltr'><strong>Πρὸ</strong></span> <span class='ocrx_word' id='word_1_199' title='bbox 412 1820 468 1872; x_wconf 79' lang='grc' dir='ltr'><strong>δὲ</strong></span> <span class='ocrx_word' id='word_1_200' title='bbox 498 1820 597 1890; x_wconf 79' lang='grc' dir='ltr'>τῆς</span> <span class='ocrx_word' id='word_1_201' title='bbox 632 1818 834 1872; x_wconf 86' lang='grc' dir='ltr'>τούτων</span> <span class='ocrx_word' id='word_1_202' title='bbox 866 1817 1182 1882; x_wconf 81' lang='grc' dir='ltr'>ἐξετάσεως,</span> <span class='ocrx_word' id='word_1_203' title='bbox 1232 1818 1416 1888; x_wconf 79' lang='grc' dir='ltr'>ἐπειδὴ</span> <span class='ocrx_word' id='word_1_204' title='bbox 1439 1818 1635 1889; x_wconf 77' lang='grc' dir='ltr'>μεταξὺ</span> <span class='ocrx_word' id='word_1_205' title='bbox 1673 1817 1766 1871; x_wconf 88' lang='grc' dir='ltr'><strong>τοῦ</strong></span> 
     </span>
    </p>
   </div>
   <div class='ocr_carea' id='block_1_28' title="bbox 200 1909 1767 1983">
    <p class='ocr_par' dir='ltr' id='par_1_28' title="bbox 200 1909 1767 1983">
     <span class='ocr_line' id='line_1_28' title="bbox 200 1909 1767 1983; baseline -0.003 -17"><span class='ocrx_word' id='word_1_206' title='bbox 200 1912 631 1983; x_wconf 79' lang='grc' dir='ltr'>συγγράμματος</span> <span class='ocrx_word' id='word_1_207' title='bbox 661 1911 750 1964; x_wconf 89' lang='grc' dir='ltr'><strong>τὸν</strong></span> <span class='ocrx_word' id='word_1_208' title='bbox 781 1909 1065 1963; x_wconf 79' lang='grc' dir='ltr'>Σαὸέλλιον</span> <span class='ocrx_word' id='word_1_209' title='bbox 1095 1911 1185 1962; x_wconf 85' lang='grc' dir='ltr'><strong>ὑπ’</strong></span> <span class='ocrx_word' id='word_1_210' title='bbox 1223 1911 1386 1963; x_wconf 81' lang='grc' dir='ltr'>αὑτοῦ</span> <span class='ocrx_word' id='word_1_211' title='bbox 1435 1910 1767 1979; x_wconf 86' lang='grc' dir='ltr'>κοπτόμενον</span> 
     </span>
    </p>
   </div>
   <div class='ocr_carea' id='block_1_29' title="bbox 197 1995 1767 2072">
    <p class='ocr_par' dir='ltr' id='par_1_29' title="bbox 197 1995 1767 2072">
     <span class='ocr_line' id='line_1_29' title="bbox 197 1995 1767 2072; baseline -0.003 -16"><span class='ocrx_word' id='word_1_212' title='bbox 197 1995 386 2072; x_wconf 73' lang='grc' dir='ltr'>εὗρον,</span> <span class='ocrx_word' id='word_1_213' title='bbox 415 2002 780 2069; x_wconf 69' lang='grc' dir='ltr'>καταπλαγεὶς</span> <span class='ocrx_word' id='word_1_214' title='bbox 817 2002 916 2072; x_wconf 81' lang='grc' dir='ltr'><strong>τῆς</strong></span> <span class='ocrx_word' id='word_1_215' title='bbox 969 2000 1306 2071; x_wconf 75' lang='grc' dir='ltr'>ἠλιθιότητος</span> <span class='ocrx_word' id='word_1_216' title='bbox 1346 2001 1436 2053; x_wconf 87' lang='grc' dir='ltr'><strong>τὸν</strong></span> <span class='ocrx_word' id='word_1_217' title='bbox 1478 2002 1664 2072; x_wconf 84' lang='grc' dir='ltr'>ἄνδρα,</span> <span class='ocrx_word' id='word_1_218' title='bbox 1692 2000 1767 2064; x_wconf 85' lang='grc' dir='ltr'>ὡς</span> 
     </span>
    </p>
   </div>
   <div class='ocr_carea' id='block_1_30' title="bbox 194 2091 1767 2163">
    <p class='ocr_par' dir='ltr' id='par_1_30' title="bbox 194 2091 1767 2163">
     <span class='ocr_line' id='line_1_30' title="bbox 194 2091 1767 2163; baseline -0.001 -17"><span class='ocrx_word' id='word_1_219' title='bbox 194 2093 305 2146; x_wconf 76' lang='grc' dir='ltr'>οῦκ</span> <span class='ocrx_word' id='word_1_220' title='bbox 340 2092 587 2161; x_wconf 77' lang='grc' dir='ltr'>ἐφείσατο</span> <span class='ocrx_word' id='word_1_221' title='bbox 632 2092 814 2155; x_wconf 85' lang='grc' dir='ltr'>κακῶς</span> <span class='ocrx_word' id='word_1_222' title='bbox 864 2091 1181 2163; x_wconf 83' lang='grc' dir='ltr'>ἀγορεῦσαι,</span> <span class='ocrx_word' id='word_1_223' title='bbox 1223 2092 1282 2145; x_wconf 74' lang='grc' dir='ltr'>ὃν</span> <span class='ocrx_word' id='word_1_224' title='bbox 1317 2092 1532 2145; x_wconf 83' lang='grc' dir='ltr'>πάντων</span> <span class='ocrx_word' id='word_1_225' title='bbox 1565 2092 1767 2162; x_wconf 84' lang='grc' dir='ltr'>μᾶλλον</span> 
     </span>
    </p>
   </div>
   <div class='ocr_carea' id='block_1_31' title="bbox 195 2182 1766 2254">
    <p class='ocr_par' dir='ltr' id='par_1_31' title="bbox 195 2182 1766 2254">
     <span class='ocr_line' id='line_1_31' title="bbox 195 2182 1766 2254; baseline 0 -18"><span class='ocrx_word' id='word_1_226' title='bbox 195 2184 444 2237; x_wconf 65' lang='grc' dir='ltr'>ἐπαινεῖν</span> <span class='ocrx_word' id='word_1_227' title='bbox 459 2184 620 2236; x_wconf 85' lang='grc' dir='ltr'>αὑτὸν</span> <span class='ocrx_word' id='word_1_228' title='bbox 649 2184 835 2254; x_wconf 75' lang='grc' dir='ltr'>ἐχρῆν,</span> <span class='ocrx_word' id='word_1_229' title='bbox 851 2183 1106 2253; x_wconf 83' lang='grc' dir='ltr'>ὁμόδοξον</span> <span class='ocrx_word' id='word_1_230' title='bbox 1131 2183 1277 2252; x_wconf 81' lang='grc' dir='ltr'>αὐτῷ</span> <span class='ocrx_word' id='word_1_231' title='bbox 1295 2183 1385 2236; x_wconf 73' lang='grc' dir='ltr'><strong>καὶ</strong></span> <span class='ocrx_word' id='word_1_232' title='bbox 1412 2182 1766 2253; x_wconf 84' lang='grc' dir='ltr'>ὁμογνώμονα</span> 
     </span>
    </p>
   </div>
   <div class='ocr_carea' id='block_1_32' title="bbox 195 2271 1767 2344">
    <p class='ocr_par' dir='ltr' id='par_1_32' title="bbox 195 2271 1767 2344">
     <span class='ocr_line' id='line_1_32' title="bbox 195 2271 1767 2344; baseline 0 -19"><span class='ocrx_word' id='word_1_233' title='bbox 195 2273 482 2343; x_wconf 82' lang='grc' dir='ltr'>γεγονότα,</span> <span class='ocrx_word' id='word_1_234' title='bbox 537 2273 634 2342; x_wconf 82' lang='grc' dir='ltr'>οὐχ</span> <span class='ocrx_word' id='word_1_235' title='bbox 679 2271 973 2342; x_wconf 78' lang='grc' dir='ltr'>ἡγησάμην</span> <span class='ocrx_word' id='word_1_236' title='bbox 1016 2272 1080 2324; x_wconf 78' lang='grc' dir='ltr'>ἄν</span> <span class='ocrx_word' id='word_1_237' title='bbox 1111 2289 1162 2324; x_wconf 89' lang='grc' dir='ltr'><strong>τι</strong></span> <span class='ocrx_word' id='word_1_238' title='bbox 1195 2271 1483 2344; x_wconf 82' lang='grc' dir='ltr'>παρελθεῖν</span> <span class='ocrx_word' id='word_1_239' title='bbox 1513 2275 1634 2342; x_wconf 81' lang='grc' dir='ltr'>σιγῇ</span> <span class='ocrx_word' id='word_1_240' title='bbox 1677 2273 1767 2325; x_wconf 89' lang='grc' dir='ltr'><strong>τὸν</strong></span> 
     </span>
    </p>
   </div>
   <div class='ocr_carea' id='block_1_33' title="bbox 193 2361 1765 2433">
    <p class='ocr_par' dir='ltr' id='par_1_33' title="bbox 193 2361 1765 2433">
     <span class='ocr_line' id='line_1_33' title="bbox 193 2361 1765 2433; baseline -0.001 -16"><span class='ocrx_word' id='word_1_241' title='bbox 193 2364 382 2432; x_wconf 72' lang='grc' dir='ltr'>λόγον,</span> <span class='ocrx_word' id='word_1_242' title='bbox 412 2362 744 2433; x_wconf 85' lang='grc' dir='ltr'>παραδοῦναι</span> <span class='ocrx_word' id='word_1_243' title='bbox 771 2362 939 2415; x_wconf 75' lang='grc' dir='ltr'>δὲκαὶ</span> <span class='ocrx_word' id='word_1_244' title='bbox 960 2363 1150 2415; x_wconf 84' lang='grc' dir='ltr'>τούτου</span> <span class='ocrx_word' id='word_1_245' title='bbox 1179 2362 1397 2432; x_wconf 78' lang='grc' dir='ltr'>ἔλεγχον</span> <span class='ocrx_word' id='word_1_246' title='bbox 1424 2361 1502 2431; x_wconf 84' lang='grc' dir='ltr'>τῷ</span> <span class='ocrx_word' id='word_1_247' title='bbox 1535 2363 1765 2432; x_wconf 85' lang='grc' dir='ltr'>παρόντι</span> 
     </span>
    </p>
   </div>
   <div class='ocr_carea' id='block_1_34' title="bbox 194 2451 1768 2527">
    <p class='ocr_par' dir='ltr' id='par_1_34' title="bbox 194 2451 1768 2527">
     <span class='ocr_line' id='line_1_34' title="bbox 194 2451 1768 2527; baseline -0.003 -20"><span class='ocrx_word' id='word_1_248' title='bbox 194 2455 504 2527; x_wconf 81' lang='grc' dir='ltr'>γράμματι.</span> <span class='ocrx_word' id='word_1_249' title='bbox 546 2454 618 2506; x_wconf 85' lang='grc' dir='ltr'>Τὸ</span> <span class='ocrx_word' id='word_1_250' title='bbox 657 2454 754 2522; x_wconf 83' lang='grc' dir='ltr'>μὲν</span> <span class='ocrx_word' id='word_1_251' title='bbox 785 2453 893 2523; x_wconf 84' lang='grc' dir='ltr'>γὰρ</span> <span class='ocrx_word' id='word_1_252' title='bbox 925 2455 1049 2514; x_wconf 72' lang='grc' dir='ltr'>τοὺς</span> <span class='ocrx_word' id='word_1_253' title='bbox 1117 2452 1211 2504; x_wconf 85' lang='grc' dir='ltr'><strong>τοῦ</strong></span> <span class='ocrx_word' id='word_1_254' title='bbox 1253 2453 1381 2504; x_wconf 82' lang='grc' dir='ltr'>Υἱοῦ</span> <span class='ocrx_word' id='word_1_255' title='bbox 1424 2451 1768 2520; x_wconf 82' lang='grc' dir='ltr'>λειτουργοὺς</span> 
     </span>
    </p>
   </div>
   <div class='ocr_carea' id='block_1_35' title="bbox 194 2536 1769 2616">
    <p class='ocr_par' dir='ltr' id='par_1_35' title="bbox 194 2536 1769 2616">
     <span class='ocr_line' id='line_1_35' title="bbox 194 2536 1769 2616; baseline -0.004 -17"><span class='ocrx_word' id='word_1_256' title='bbox 194 2546 342 2616; x_wconf 83' lang='grc' dir='ltr'>πρὸς</span> <span class='ocrx_word' id='word_1_257' title='bbox 373 2547 416 2612; x_wconf 84' lang='lat' dir='ltr'><strong>(l</strong></span> <span class='ocrx_word' id='word_1_258' title='bbox 436 2546 482 2614; x_wconf 77' lang='grc' dir='ltr'>ί)</span> <span class='ocrx_word' id='word_1_259' title='bbox 514 2545 677 2598; x_wconf 84' lang='grc' dir='ltr'>αὐτοῦ</span> <span class='ocrx_word' id='word_1_260' title='bbox 707 2543 1111 2612; x_wconf 72' lang='grc' dir='ltr'>διαϐεϐλῆσθαι,</span> <span class='ocrx_word' id='word_1_261' title='bbox 1159 2543 1207 2594; x_wconf 83' lang='grc' dir='ltr'><strong>εί</strong></span> <span class='ocrx_word' id='word_1_262' title='bbox 1241 2543 1336 2594; x_wconf 76' lang='grc' dir='ltr'><strong>καὶ</strong></span> <span class='ocrx_word' id='word_1_263' title='bbox 1361 2541 1509 2612; x_wconf 83' lang='grc' dir='ltr'>αὐτῷ</span> <span class='ocrx_word' id='word_1_264' title='bbox 1547 2536 1648 2612; x_wconf 82' lang='grc' dir='ltr'><strong>μὲν</strong></span> <span class='ocrx_word' id='word_1_265' title='bbox 1675 2541 1769 2608; x_wconf 77' lang='grc' dir='ltr'><strong>ψό-</strong></span> 
     </span>
    </p>
   </div>
   <div class='ocr_carea' id='block_1_36' title="bbox 195 2633 1763 2705">
    <p class='ocr_par' dir='ltr' id='par_1_36' title="bbox 195 2633 1763 2705">
     <span class='ocr_line' id='line_1_36' title="bbox 195 2633 1763 2705; baseline -0.001 -17"><span class='ocrx_word' id='word_1_266' title='bbox 195 2654 320 2705; x_wconf 85' lang='grc' dir='ltr'>γον,</span> <span class='ocrx_word' id='word_1_267' title='bbox 354 2638 462 2696; x_wconf 83' lang='grc' dir='ltr'>τοῖς</span> <span class='ocrx_word' id='word_1_268' title='bbox 487 2636 530 2687; x_wconf 81' lang='grc' dir='ltr'>δ’</span> <span class='ocrx_word' id='word_1_269' title='bbox 553 2634 1022 2705; x_wconf 72' lang='grc' dir='ltr'>ἐλευθερουμένοις</span> <span class='ocrx_word' id='word_1_270' title='bbox 1055 2635 1152 2698; x_wconf 84' lang='grc' dir='ltr'>τῆς</span> <span class='ocrx_word' id='word_1_271' title='bbox 1185 2634 1320 2703; x_wconf 88' lang='grc' dir='ltr'>πρὸς</span> <span class='ocrx_word' id='word_1_272' title='bbox 1355 2633 1518 2686; x_wconf 77' lang='grc' dir='ltr'>αὑτὸν</span> <span class='ocrx_word' id='word_1_273' title='bbox 1569 2650 1763 2686; x_wconf 89' lang='grc' dir='ltr'>κοινω-</span> 
     </span>
    </p>
   </div>
   <div class='ocr_carea' id='block_1_37' title="bbox 196 2723 1766 2796">
    <p class='ocr_par' dir='ltr' id='par_1_37' title="bbox 196 2723 1766 2796">
     <span class='ocr_line' id='line_1_37' title="bbox 196 2723 1766 2796; baseline -0.001 -19"><span class='ocrx_word' id='word_1_274' title='bbox 196 2726 320 2788; x_wconf 84' lang='grc' dir='ltr'>νίας</span> <span class='ocrx_word' id='word_1_275' title='bbox 347 2725 582 2789; x_wconf 78' lang='grc' dir='ltr'>εὐδοξίαν</span> <span class='ocrx_word' id='word_1_276' title='bbox 608 2728 908 2794; x_wconf 82' lang='grc' dir='ltr'>ὲπήγαγεν,</span> <span class='ocrx_word' id='word_1_277' title='bbox 945 2728 1092 2796; x_wconf 81' lang='grc' dir='ltr'>ὅμως</span> <span class='ocrx_word' id='word_1_278' title='bbox 1120 2724 1297 2793; x_wconf 71' lang='grc' dir='ltr'>εἴχετό</span> <span class='ocrx_word' id='word_1_279' title='bbox 1325 2741 1468 2787; x_wconf 89' lang='grc' dir='ltr'>τινος</span> <span class='ocrx_word' id='word_1_280' title='bbox 1496 2723 1766 2794; x_wconf 78' lang='grc' dir='ltr'>(συγγνώ-</span> 
     </span>
    </p>
   </div>
   <div class='ocr_carea' id='block_1_38' title="bbox 1936 1827 3442 1897">
    <p class='ocr_par' dir='ltr' id='par_1_38' title="bbox 1936 1827 3442 1897">
     <span class='ocr_line' id='line_1_38' title="bbox 1936 1827 3442 1897; baseline 0.002 -18"><span class='ocrx_word' id='word_1_281' title='bbox 1936 1827 2008 1879; x_wconf 87' lang='lat' dir='ltr'><strong>At</strong></span> <span class='ocrx_word' id='word_1_282' title='bbox 2039 1828 2354 1896; x_wconf 85' lang='lat' dir='ltr'><strong>priusquam</strong></span> <span class='ocrx_word' id='word_1_283' title='bbox 2386 1828 2469 1882; x_wconf 88' lang='lat' dir='ltr'><strong>his</strong></span> <span class='ocrx_word' id='word_1_284' title='bbox 2517 1827 2774 1897; x_wconf 77' lang='lat' dir='ltr'><strong>accingar</strong></span> <span class='ocrx_word' id='word_1_285' title='bbox 2797 1827 3194 1892; x_wconf 79' lang='lat' dir='ltr'><strong>examinandis,</strong></span> <span class='ocrx_word' id='word_1_286' title='bbox 3227 1841 3351 1883; x_wconf 90' lang='lat' dir='ltr'><strong>cum</strong></span> <span class='ocrx_word' id='word_1_287' title='bbox 3385 1827 3442 1882; x_wconf 90' lang='lat' dir='ltr'><strong>in</strong></span> 
     </span>
    </p>
   </div>
   <div class='ocr_carea' id='block_1_39' title="bbox 1868 1917 3444 1986">
    <p class='ocr_par' dir='ltr' id='par_1_39' title="bbox 1868 1917 3444 1986">
     <span class='ocr_line' id='line_1_39' title="bbox 1868 1917 3444 1986; baseline 0.001 -16"><span class='ocrx_word' id='word_1_288' title='bbox 1868 1917 2050 1986; x_wconf 88' lang='lat' dir='ltr'><strong>operis</strong></span> <span class='ocrx_word' id='word_1_289' title='bbox 2087 1929 2343 1973; x_wconf 76' lang='lat' dir='ltr'><strong>contextu</strong></span> <span class='ocrx_word' id='word_1_290' title='bbox 2390 1918 2877 1973; x_wconf 81' lang='lat' dir='ltr'><strong>animadverterem</strong></span> <span class='ocrx_word' id='word_1_291' title='bbox 2928 1920 3220 1973; x_wconf 88' lang='lat' dir='ltr'><strong>Sabellium</strong></span> <span class='ocrx_word' id='word_1_292' title='bbox 3271 1920 3339 1972; x_wconf 87' lang='lat' dir='ltr'><strong>ab</strong></span> <span class='ocrx_word' id='word_1_293' title='bbox 3376 1933 3444 1978; x_wconf 88' lang='lat' dir='ltr'><strong>eo</strong></span> 
     </span>
    </p>
   </div>
   <div class='ocr_carea' id='block_1_40' title="bbox 1869 2008 3441 2073">
    <p class='ocr_par' dir='ltr' id='par_1_40' title="bbox 1869 2008 3441 2073">
     <span class='ocr_line' id='line_1_40' title="bbox 1869 2008 3441 2073; baseline 0.001 -13"><span class='ocrx_word' id='word_1_294' title='bbox 1869 2008 2007 2060; x_wconf 88' lang='lat' dir='ltr'><strong>male</strong></span> <span class='ocrx_word' id='word_1_295' title='bbox 2035 2009 2618 2070; x_wconf 87' lang='lat' dir='ltr'><strong>mulctatum,hominis</strong></span> <span class='ocrx_word' id='word_1_296' title='bbox 2649 2008 2953 2063; x_wconf 84' lang='lat' dir='ltr'><strong>fatuitatem</strong></span> <span class='ocrx_word' id='word_1_297' title='bbox 2979 2011 3281 2062; x_wconf 81' lang='lat' dir='ltr'><strong>admiratus</strong></span> <span class='ocrx_word' id='word_1_298' title='bbox 3297 2023 3441 2073; x_wconf 89' lang='lat' dir='ltr'><strong>sum,</strong></span> 
     </span>
    </p>
   </div>
   <div class='ocr_carea' id='block_1_41' title="bbox 1867 2096 3438 2166">
    <p class='ocr_par' dir='ltr' id='par_1_41' title="bbox 1867 2096 3438 2166">
     <span class='ocr_line' id='line_1_41' title="bbox 1867 2096 3438 2166; baseline 0.002 -19"><span class='ocrx_word' id='word_1_299' title='bbox 1867 2097 2008 2164; x_wconf 88' lang='lat' dir='ltr'><strong>quod</strong></span> <span class='ocrx_word' id='word_1_300' title='bbox 2039 2096 2114 2149; x_wconf 90' lang='lat' dir='ltr'><strong>illi</strong></span> <span class='ocrx_word' id='word_1_301' title='bbox 2138 2099 2449 2166; x_wconf 88' lang='lat' dir='ltr'><strong>neutiquam</strong></span> <span class='ocrx_word' id='word_1_302' title='bbox 2484 2097 2808 2166; x_wconf 87' lang='lat' dir='ltr'><strong>pepercerit,</strong></span> <span class='ocrx_word' id='word_1_303' title='bbox 2833 2098 2925 2151; x_wconf 90' lang='lat' dir='ltr'><strong>sed</strong></span> <span class='ocrx_word' id='word_1_304' title='bbox 2959 2098 3298 2166; x_wconf 83' lang='lat' dir='ltr'><strong>impetiverit</strong></span> <span class='ocrx_word' id='word_1_305' title='bbox 3320 2112 3438 2150; x_wconf 91' lang='lat' dir='ltr'><strong>ma-</strong></span> 
     </span>
    </p>
   </div>
   <div class='ocr_carea' id='block_1_42' title="bbox 1867 2186 3447 2258">
    <p class='ocr_par' dir='ltr' id='par_1_42' title="bbox 1867 2186 3447 2258">
     <span class='ocr_line' id='line_1_42' title="bbox 1867 2186 3447 2258; baseline 0 -18"><span class='ocrx_word' id='word_1_306' title='bbox 1867 2186 2080 2241; x_wconf 91' lang='lat' dir='ltr'><strong>ledictis</strong></span> <span class='ocrx_word' id='word_1_307' title='bbox 2108 2227 2123 2250; x_wconf 91' lang='lat'><strong>,</strong></span> <span class='ocrx_word' id='word_1_308' title='bbox 2168 2203 2326 2256; x_wconf 88' lang='lat' dir='ltr'><strong>quem</strong></span> <span class='ocrx_word' id='word_1_309' title='bbox 2367 2189 2618 2243; x_wconf 88' lang='lat' dir='ltr'><strong>laudibus</strong></span> <span class='ocrx_word' id='word_1_310' title='bbox 2652 2200 2778 2243; x_wconf 92' lang='lat' dir='ltr'><strong>ante</strong></span> <span class='ocrx_word' id='word_1_311' title='bbox 2806 2189 2941 2243; x_wconf 88' lang='lat' dir='ltr'><strong>alios</strong></span> <span class='ocrx_word' id='word_1_312' title='bbox 2973 2189 3228 2258; x_wconf 82' lang='lat' dir='ltr'><strong>prosequi</strong></span> <span class='ocrx_word' id='word_1_313' title='bbox 3283 2188 3447 2241; x_wconf 88' lang='lat' dir='ltr'><strong>debe-</strong></span> 
     </span>
    </p>
   </div>
   <div class='ocr_carea' id='block_1_43' title="bbox 1867 2277 3442 2349">
    <p class='ocr_par' dir='ltr' id='par_1_43' title="bbox 1867 2277 3442 2349">
     <span class='ocr_line' id='line_1_43' title="bbox 1867 2277 3442 2349; baseline -0.001 -17"><span class='ocrx_word' id='word_1_314' title='bbox 1867 2277 1980 2342; x_wconf 87' lang='lat' dir='ltr'><strong>bat,</strong></span> <span class='ocrx_word' id='word_1_315' title='bbox 2019 2287 2200 2347; x_wconf 80' lang='lat' dir='ltr'><strong>utpOte</strong></span> <span class='ocrx_word' id='word_1_316' title='bbox 2227 2280 2308 2332; x_wconf 91' lang='lat' dir='ltr'><strong>sui</strong></span> <span class='ocrx_word' id='word_1_317' title='bbox 2345 2281 2610 2349; x_wconf 76' lang='lat' dir='ltr'><strong>dogmatis</strong></span> <span class='ocrx_word' id='word_1_318' title='bbox 2635 2289 3046 2342; x_wconf 90' lang='lat' dir='ltr'><strong>assectatorem,</strong></span> <span class='ocrx_word' id='word_1_319' title='bbox 3097 2288 3153 2333; x_wconf 92' lang='lat' dir='ltr'><strong>et</strong></span> <span class='ocrx_word' id='word_1_320' title='bbox 3197 2277 3442 2346; x_wconf 84' lang='lat' dir='ltr'><strong>ejusdem</strong></span> 
     </span>
    </p>
   </div>
   <div class='ocr_carea' id='block_1_44' title="bbox 1867 2369 3446 2439">
    <p class='ocr_par' dir='ltr' id='par_1_44' title="bbox 1867 2369 3446 2439">
     <span class='ocr_line' id='line_1_44' title="bbox 1867 2369 3446 2439; baseline -0.001 -15"><span class='ocrx_word' id='word_1_321' title='bbox 1867 2385 1989 2424; x_wconf 91' lang='lat' dir='ltr'><strong>cum</strong></span> <span class='ocrx_word' id='word_1_322' title='bbox 2019 2372 2196 2439; x_wconf 92' lang='lat' dir='ltr'><strong>seipso</strong></span> <span class='ocrx_word' id='word_1_323' title='bbox 2218 2370 2507 2439; x_wconf 85' lang='lat' dir='ltr'><strong>opinionis.</strong></span> <span class='ocrx_word' id='word_1_324' title='bbox 2542 2373 2762 2427; x_wconf 87' lang='lat' dir='ltr'><strong>Decrevi</strong></span> <span class='ocrx_word' id='word_1_325' title='bbox 2793 2371 2914 2425; x_wconf 90' lang='lat' dir='ltr'><strong>ideo</strong></span> <span class='ocrx_word' id='word_1_326' title='bbox 2949 2371 3112 2423; x_wconf 82' lang='lat' dir='ltr'><strong>verba</strong></span> <span class='ocrx_word' id='word_1_327' title='bbox 3158 2369 3273 2436; x_wconf 87' lang='lat' dir='ltr'><strong>ejus</strong></span> <span class='ocrx_word' id='word_1_328' title='bbox 3311 2384 3446 2422; x_wconf 91' lang='lat' dir='ltr'><strong>neu-</strong></span> 
     </span>
    </p>
   </div>
   <div class='ocr_carea' id='block_1_45' title="bbox 1867 2458 3444 2527">
    <p class='ocr_par' dir='ltr' id='par_1_45' title="bbox 1867 2458 3444 2527">
     <span class='ocr_line' id='line_1_45' title="bbox 1867 2458 3444 2527; baseline -0.002 -15"><span class='ocrx_word' id='word_1_329' title='bbox 1867 2459 2068 2527; x_wconf 83' lang='lat' dir='ltr'><strong>liquam</strong></span> <span class='ocrx_word' id='word_1_330' title='bbox 2096 2458 2310 2513; x_wconf 85' lang='lat' dir='ltr'><strong>silentio</strong></span> <span class='ocrx_word' id='word_1_331' title='bbox 2343 2460 2652 2527; x_wconf 65' lang='lat' dir='ltr'><strong>praeterire,</strong></span> <span class='ocrx_word' id='word_1_332' title='bbox 2697 2460 2790 2512; x_wconf 90' lang='lat' dir='ltr'><strong>sed</strong></span> <span class='ocrx_word' id='word_1_333' title='bbox 2823 2458 2984 2511; x_wconf 92' lang='lat' dir='ltr'><strong>veluti</strong></span> <span class='ocrx_word' id='word_1_334' title='bbox 3023 2458 3310 2525; x_wconf 87' lang='lat' dir='ltr'><strong>quamdam</strong></span> <span class='ocrx_word' id='word_1_335' title='bbox 3348 2471 3444 2510; x_wconf 89' lang='lat' dir='ltr'><strong>ac-</strong></span> 
     </span>
    </p>
   </div>
   <div class='ocr_carea' id='block_1_46' title="bbox 1868 2549 3441 2618">
    <p class='ocr_par' dir='ltr' id='par_1_46' title="bbox 1868 2549 3441 2618">
     <span class='ocr_line' id='line_1_46' title="bbox 1868 2549 3441 2618; baseline 0 -15"><span class='ocrx_word' id='word_1_336' title='bbox 1868 2551 2170 2604; x_wconf 85' lang='lat' dir='ltr'><strong>cessionem</strong></span> <span class='ocrx_word' id='word_1_337' title='bbox 2192 2590 2206 2615; x_wconf 95' lang='lat'><strong>,</strong></span> <span class='ocrx_word' id='word_1_338' title='bbox 2241 2550 2385 2602; x_wconf 87' lang='lat' dir='ltr'><strong>illius</strong></span> <span class='ocrx_word' id='word_1_339' title='bbox 2411 2550 2791 2602; x_wconf 82' lang='lat' dir='ltr'><strong>refutationem</strong></span> <span class='ocrx_word' id='word_1_340' title='bbox 2835 2549 2962 2602; x_wconf 86' lang='lat' dir='ltr'><strong>huic</strong></span> <span class='ocrx_word' id='word_1_341' title='bbox 2994 2550 3143 2617; x_wconf 79' lang='lat' dir='ltr'><strong>Operi</strong></span> <span class='ocrx_word' id='word_1_342' title='bbox 3176 2549 3441 2618; x_wconf 83' lang='lat' dir='ltr'><strong>adjicien-</strong></span> 
     </span>
    </p>
   </div>
   <div class='ocr_carea' id='block_1_47' title="bbox 1869 2640 3444 2709">
    <p class='ocr_par' dir='ltr' id='par_1_47' title="bbox 1869 2640 3444 2709">
     <span class='ocr_line' id='line_1_47' title="bbox 1869 2640 3444 2709; baseline -0.002 -14"><span class='ocrx_word' id='word_1_343' title='bbox 1869 2643 2012 2695; x_wconf 89' lang='lat' dir='ltr'><strong>dam.</strong></span> <span class='ocrx_word' id='word_1_344' title='bbox 2059 2640 2336 2709; x_wconf 87' lang='lat' dir='ltr'><strong>Siquidem</strong></span> <span class='ocrx_word' id='word_1_345' title='bbox 2379 2642 2519 2708; x_wconf 90' lang='lat' dir='ltr'><strong>quod</strong></span> <span class='ocrx_word' id='word_1_346' title='bbox 2564 2641 2654 2693; x_wconf 90' lang='lat' dir='ltr'><strong>Dei</strong></span> <span class='ocrx_word' id='word_1_347' title='bbox 2705 2640 2984 2693; x_wconf 88' lang='lat' dir='ltr'><strong>ministros</strong></span> <span class='ocrx_word' id='word_1_348' title='bbox 3017 2649 3274 2704; x_wconf 89' lang='lat' dir='ltr'><strong>accuset,</strong></span> <span class='ocrx_word' id='word_1_349' title='bbox 3315 2640 3444 2693; x_wconf 91' lang='lat' dir='ltr'><strong>licet</strong></span> 
     </span>
    </p>
   </div>
   <div class='ocr_carea' id='block_1_48' title="bbox 1871 2729 3443 2800">
    <p class='ocr_par' dir='ltr' id='par_1_48' title="bbox 1871 2729 3443 2800">
     <span class='ocr_line' id='line_1_48' title="bbox 1871 2729 3443 2800; baseline 0.001 -19"><span class='ocrx_word' id='word_1_350' title='bbox 1871 2729 2002 2782; x_wconf 81' lang='lat' dir='ltr'><strong>illud</strong></span> <span class='ocrx_word' id='word_1_351' title='bbox 2056 2730 2108 2783; x_wconf 93' lang='lat' dir='ltr'><strong>in</strong></span> <span class='ocrx_word' id='word_1_352' title='bbox 2161 2731 2330 2797; x_wconf 87' lang='lat' dir='ltr'><strong>ipsius</strong></span> <span class='ocrx_word' id='word_1_353' title='bbox 2377 2732 2760 2784; x_wconf 88' lang='lat' dir='ltr'><strong>contumeliam</strong></span> <span class='ocrx_word' id='word_1_354' title='bbox 2803 2733 2981 2800; x_wconf 89' lang='lat' dir='ltr'><strong>potius</strong></span> <span class='ocrx_word' id='word_1_355' title='bbox 3011 2731 3194 2794; x_wconf 84' lang='lat' dir='ltr'><strong>cedat,</strong></span> <span class='ocrx_word' id='word_1_356' title='bbox 3226 2729 3443 2784; x_wconf 89' lang='lat' dir='ltr'><strong>laudem</strong></span> 
     </span>
    </p>
   </div>
   <div class='ocr_carea' id='block_1_49' title="bbox 200 2815 1767 2890">
    <p class='ocr_par' dir='ltr' id='par_1_49' title="bbox 200 2815 1764 2886">
     <span class='ocr_line' id='line_1_49' title="bbox 200 2815 1764 2886; baseline 0 -20"><span class='ocrx_word' id='word_1_357' title='bbox 200 2821 333 2886; x_wconf 87' lang='grc' dir='ltr'>μης)</span> <span class='ocrx_word' id='word_1_358' title='bbox 357 2816 577 2877; x_wconf 79' lang='grc' dir='ltr'>εἰκότως</span> <span class='ocrx_word' id='word_1_359' title='bbox 614 2816 674 2868; x_wconf 85' lang='grc' dir='ltr'><strong>τὸ</strong></span> <span class='ocrx_word' id='word_1_360' title='bbox 698 2815 872 2868; x_wconf 83' lang='grc' dir='ltr'>δοκεῖν</span> <span class='ocrx_word' id='word_1_361' title='bbox 894 2815 962 2868; x_wconf 87' lang='grc' dir='ltr'>τὰ</span> <span class='ocrx_word' id='word_1_362' title='bbox 998 2817 1071 2885; x_wconf 84' lang='grc' dir='ltr'><strong>μὴ</strong></span> <span class='ocrx_word' id='word_1_363' title='bbox 1107 2815 1255 2883; x_wconf 85' lang='grc' dir='ltr'><strong>αὑτῷ</strong></span> <span class='ocrx_word' id='word_1_364' title='bbox 1289 2815 1417 2883; x_wconf 85' lang='grc' dir='ltr'>φίλα</span> <span class='ocrx_word' id='word_1_365' title='bbox 1450 2815 1728 2884; x_wconf 80' lang='grc' dir='ltr'>φαυλίζειν</span> <span class='ocrx_word' id='word_1_366' title='bbox 1750 2831 1764 2844; x_wconf 87' lang='grc'><strong>·</strong></span> 
     </span>
    </p>
   </div>
   <div class='ocr_carea' id='block_1_50' title="bbox 1868 2815 3444 2890">
    <p class='ocr_par' dir='ltr' id='par_1_50' title="bbox 1871 2819 3444 2890">
     <span class='ocr_line' id='line_1_50' title="bbox 1871 2819 3444 2890; baseline 0.001 -19"><span class='ocrx_word' id='word_1_367' title='bbox 1871 2833 2000 2872; x_wconf 87' lang='lat' dir='ltr'><strong>vero</strong></span> <span class='ocrx_word' id='word_1_368' title='bbox 2051 2832 2213 2888; x_wconf 90' lang='lat' dir='ltr'><strong>atque</strong></span> <span class='ocrx_word' id='word_1_369' title='bbox 2245 2821 2700 2874; x_wconf 80' lang='lat' dir='ltr'><strong>existimatiOnem</strong></span> <span class='ocrx_word' id='word_1_370' title='bbox 2744 2822 3002 2890; x_wconf 88' lang='lat' dir='ltr'><strong>majorem</strong></span> <span class='ocrx_word' id='word_1_371' title='bbox 3055 2820 3267 2873; x_wconf 88' lang='lat' dir='ltr'><strong>illorum</strong></span> <span class='ocrx_word' id='word_1_372' title='bbox 3294 2858 3309 2882; x_wconf 91' lang='lat'><strong>,</strong></span> <span class='ocrx_word' id='word_1_373' title='bbox 3348 2819 3444 2888; x_wconf 86' lang='lat' dir='ltr'><strong>qui</strong></span> 
     </span>
    </p>
   </div>
   <div class='ocr_carea' id='block_1_51' title="bbox 197 2904 1768 2974">
    <p class='ocr_par' dir='ltr' id='par_1_51' title="bbox 197 2904 1768 2974">
     <span class='ocr_line' id='line_1_51' title="bbox 197 2904 1768 2974; baseline 0 -18"><span class='ocrx_word' id='word_1_374' title='bbox 197 2904 260 2956; x_wconf 86' lang='grc' dir='ltr'><strong>τὸ</strong></span> <span class='ocrx_word' id='word_1_375' title='bbox 285 2904 340 2955; x_wconf 77' lang='grc' dir='ltr'>δὲ</span> <span class='ocrx_word' id='word_1_376' title='bbox 363 2904 540 2956; x_wconf 81' lang='grc' dir='ltr'>λαθεῖν</span> <span class='ocrx_word' id='word_1_377' title='bbox 567 2906 831 2957; x_wconf 85' lang='grc' dir='ltr'>κόπτοντα</span> <span class='ocrx_word' id='word_1_378' title='bbox 858 2905 1016 2956; x_wconf 86' lang='grc' dir='ltr'>αὐτὸν</span> <span class='ocrx_word' id='word_1_379' title='bbox 1035 2905 1124 2957; x_wconf 83' lang='grc' dir='ltr'>διὰ</span> <span class='ocrx_word' id='word_1_380' title='bbox 1148 2906 1244 2974; x_wconf 83' lang='grc' dir='ltr'>τῆς</span> <span class='ocrx_word' id='word_1_381' title='bbox 1265 2904 1358 2957; x_wconf 89' lang='grc' dir='ltr'><strong>τοῦ</strong></span> <span class='ocrx_word' id='word_1_382' title='bbox 1391 2905 1768 2974; x_wconf 83' lang='grc' dir='ltr'>ὁμογνώμονος</span> 
     </span>
    </p>
   </div>
   <div class='ocr_carea' id='block_1_52' title="bbox 205 2993 1770 3065">
    <p class='ocr_par' dir='ltr' id='par_1_52' title="bbox 205 2993 1770 3065">
     <span class='ocr_line' id='line_1_52' title="bbox 205 2993 1770 3065; baseline 0.001 -21"><span class='ocrx_word' id='word_1_383' title='bbox 205 2993 522 3063; x_wconf 79' lang='grc' dir='ltr'>δυσφημίας</span> <span class='ocrx_word' id='word_1_384' title='bbox 577 2994 686 3064; x_wconf 69' lang='lat'><strong>(1‘2)</strong></span> <span class='ocrx_word' id='word_1_385' title='bbox 727 2994 998 3057; x_wconf 85' lang='grc' dir='ltr'>ἀναιδείας</span> <span class='ocrx_word' id='word_1_386' title='bbox 1061 2994 1248 3064; x_wconf 74' lang='grc' dir='ltr'>ἔμοιγε</span> <span class='ocrx_word' id='word_1_387' title='bbox 1301 2996 1466 3057; x_wconf 88' lang='grc' dir='ltr'>δοκεῖ,</span> <span class='ocrx_word' id='word_1_388' title='bbox 1519 2996 1632 3065; x_wconf 72' lang='grc' dir='ltr'><strong>ἅμα</strong></span> <span class='ocrx_word' id='word_1_389' title='bbox 1677 2995 1770 3046; x_wconf 77' lang='grc' dir='ltr'><strong>καὶ</strong></span> 
     </span>
    </p>
   </div>
   <div class='ocr_carea' id='block_1_53' title="bbox 198 3083 1763 3155">
    <p class='ocr_par' dir='ltr' id='par_1_53' title="bbox 198 3083 1763 3155">
     <span class='ocr_line' id='line_1_53' title="bbox 198 3083 1763 3155; baseline 0.001 -19"><span class='ocrx_word' id='word_1_390' title='bbox 198 3083 574 3154; x_wconf 83' lang='grc' dir='ltr'>ἀναισθησίας,</span> <span class='ocrx_word' id='word_1_391' title='bbox 621 3085 904 3154; x_wconf 85' lang='grc' dir='ltr'>ὑπάρχειν.</span> <span class='ocrx_word' id='word_1_392' title='bbox 939 3085 1062 3136; x_wconf 79' lang='grc' dir='ltr'><strong>Ὀτι</strong></span> <span class='ocrx_word' id='word_1_393' title='bbox 1115 3085 1173 3137; x_wconf 86' lang='grc' dir='ltr'>δὲ</span> <span class='ocrx_word' id='word_1_394' title='bbox 1222 3085 1375 3137; x_wconf 88' lang='grc' dir='ltr'>ταῦθ’</span> <span class='ocrx_word' id='word_1_395' title='bbox 1410 3084 1581 3149; x_wconf 76' lang='grc' dir='ltr'>οὕτως</span> <span class='ocrx_word' id='word_1_396' title='bbox 1630 3085 1763 3155; x_wconf 79' lang='grc' dir='ltr'>ἔχει,</span> 
     </span>
    </p>
   </div>
   <div class='ocr_carea' id='block_1_54' title="bbox 195 3175 1770 3248">
    <p class='ocr_par' dir='ltr' id='par_1_54' title="bbox 195 3175 1770 3248">
     <span class='ocr_line' id='line_1_54' title="bbox 195 3175 1770 3248; baseline 0.001 -21"><span class='ocrx_word' id='word_1_397' title='bbox 195 3175 394 3243; x_wconf 79' lang='grc' dir='ltr'>γένοιτ’</span> <span class='ocrx_word' id='word_1_398' title='bbox 429 3175 493 3228; x_wconf 81' lang='grc' dir='ltr'><strong>ἂν</strong></span> <span class='ocrx_word' id='word_1_399' title='bbox 521 3175 735 3244; x_wconf 72' lang='grc' dir='ltr'>ἐλεγχος</span> <span class='ocrx_word' id='word_1_400' title='bbox 759 3177 920 3238; x_wconf 79' lang='grc' dir='ltr'>αὐτὸς</span> <span class='ocrx_word' id='word_1_401' title='bbox 954 3175 1166 3236; x_wconf 80' lang='grc' dir='ltr'>ἑαυτοῦ,</span> <span class='ocrx_word' id='word_1_402' title='bbox 1195 3176 1500 3248; x_wconf 86' lang='grc' dir='ltr'>Υἰοπάτορα</span> <span class='ocrx_word' id='word_1_403' title='bbox 1531 3177 1620 3230; x_wconf 89' lang='grc' dir='ltr'><strong>τὸν</strong></span> <span class='ocrx_word' id='word_1_404' title='bbox 1639 3176 1770 3229; x_wconf 88' lang='grc' dir='ltr'>Θεὸν</span> 
     </span>
    </p>
   </div>
   <div class='ocr_carea' id='block_1_55' title="bbox 197 3262 1766 3334">
    <p class='ocr_par' dir='ltr' id='par_1_55' title="bbox 197 3262 1766 3334">
     <span class='ocr_line' id='line_1_55' title="bbox 197 3262 1766 3334; baseline 0.001 -20"><span class='ocrx_word' id='word_1_405' title='bbox 197 3262 344 3315; x_wconf 84' lang='grc' dir='ltr'><strong>κατά</strong></span> <span class='ocrx_word' id='word_1_406' title='bbox 371 3262 461 3314; x_wconf 92' lang='grc' dir='ltr'><strong>τὸν</strong></span> <span class='ocrx_word' id='word_1_407' title='bbox 507 3263 810 3325; x_wconf 79' lang='grc' dir='ltr'>Σαϐέλλιον,</span> <span class='ocrx_word' id='word_1_408' title='bbox 863 3266 910 3315; x_wconf 78' lang='grc' dir='ltr'><strong>εί</strong></span> <span class='ocrx_word' id='word_1_409' title='bbox 941 3265 1033 3316; x_wconf 78' lang='grc' dir='ltr'><strong>καὶ</strong></span> <span class='ocrx_word' id='word_1_410' title='bbox 1077 3264 1152 3332; x_wconf 83' lang='grc' dir='ltr'>μὴ</span> <span class='ocrx_word' id='word_1_411' title='bbox 1186 3264 1475 3334; x_wconf 86' lang='grc' dir='ltr'>γυμνῷτῷ</span> <span class='ocrx_word' id='word_1_412' title='bbox 1496 3265 1658 3334; x_wconf 87' lang='grc' dir='ltr'>λόγῳ,</span> <span class='ocrx_word' id='word_1_413' title='bbox 1700 3267 1766 3334; x_wconf 80' lang='grc' dir='ltr'>τῇ</span> 
     </span>
    </p>
   </div>
   <div class='ocr_carea' id='block_1_56' title="bbox 195 3353 1766 3426">
    <p class='ocr_par' dir='ltr' id='par_1_56' title="bbox 195 3353 1766 3426">
     <span class='ocr_line' id='line_1_56' title="bbox 195 3353 1766 3426; baseline 0.001 -19"><span class='ocrx_word' id='word_1_414' title='bbox 195 3353 329 3422; x_wconf 81' lang='grc' dir='ltr'>γοῦν</span> <span class='ocrx_word' id='word_1_415' title='bbox 354 3353 577 3424; x_wconf 79' lang='grc' dir='ltr'>ἀληθεία</span> <span class='ocrx_word' id='word_1_416' title='bbox 604 3356 854 3422; x_wconf 79' lang='grc' dir='ltr'>εἰσάγων,</span> <span class='ocrx_word' id='word_1_417' title='bbox 887 3355 964 3424; x_wconf 81' lang='grc' dir='ltr'>τῷ</span> <span class='ocrx_word' id='word_1_418' title='bbox 1013 3356 1110 3425; x_wconf 79' lang='grc' dir='ltr'>τὴν</span> <span class='ocrx_word' id='word_1_419' title='bbox 1143 3357 1437 3408; x_wconf 76' lang='grc' dir='ltr'>ὑπόστασιν</span> <span class='ocrx_word' id='word_1_420' title='bbox 1476 3357 1585 3426; x_wconf 77' lang='lat' dir='ltr'><strong>(i5)</strong></span> <span class='ocrx_word' id='word_1_421' title='bbox 1615 3358 1766 3408; x_wconf 83' lang='grc' dir='ltr'>ἀναι-</span> 
     </span>
    </p>
   </div>
   <div class='ocr_carea' id='block_1_57' title="bbox 199 3442 1766 3515">
    <p class='ocr_par' dir='ltr' id='par_1_57' title="bbox 199 3442 1766 3515">
     <span class='ocr_line' id='line_1_57' title="bbox 199 3442 1766 3515; baseline 0.003 -19"><span class='ocrx_word' id='word_1_422' title='bbox 199 3446 318 3515; x_wconf 85' lang='grc' dir='ltr'>ρεῖν</span> <span class='ocrx_word' id='word_1_423' title='bbox 373 3443 464 3496; x_wconf 90' lang='grc' dir='ltr'><strong>τοῦ</strong></span> <span class='ocrx_word' id='word_1_424' title='bbox 511 3442 660 3506; x_wconf 84' lang='grc' dir='ltr'>Υἱοῦ,</span> <span class='ocrx_word' id='word_1_425' title='bbox 693 3445 786 3497; x_wconf 72' lang='grc' dir='ltr'><strong>ἕνα</strong></span> <span class='ocrx_word' id='word_1_426' title='bbox 830 3445 888 3496; x_wconf 83' lang='grc' dir='ltr'>δὲ</span> <span class='ocrx_word' id='word_1_427' title='bbox 924 3445 1054 3499; x_wconf 83' lang='grc' dir='ltr'>Θεὸν</span> <span class='ocrx_word' id='word_1_428' title='bbox 1105 3445 1402 3515; x_wconf 82' lang='grc' dir='ltr'>ὁρίζεσθαι,</span> <span class='ocrx_word' id='word_1_429' title='bbox 1446 3449 1536 3499; x_wconf 79' lang='grc' dir='ltr'>καὶ</span> <span class='ocrx_word' id='word_1_430' title='bbox 1579 3448 1766 3500; x_wconf 88' lang='grc' dir='ltr'>τοῦτον</span> 
     </span>
    </p>
   </div>
   <div class='ocr_carea' id='block_1_58' title="bbox 197 3529 1763 3604">
    <p class='ocr_par' dir='ltr' id='par_1_58' title="bbox 197 3529 1763 3604">
     <span class='ocr_line' id='line_1_58' title="bbox 197 3529 1763 3604; baseline 0.003 -18"><span class='ocrx_word' id='word_1_431' title='bbox 197 3532 392 3586; x_wconf 64' lang='grc' dir='ltr'>ἑαυτοῦ</span> <span class='ocrx_word' id='word_1_432' title='bbox 425 3534 659 3604; x_wconf 86' lang='grc' dir='ltr'>Πατέρα,</span> <span class='ocrx_word' id='word_1_433' title='bbox 687 3535 779 3587; x_wconf 76' lang='grc' dir='ltr'>καὶ</span> <span class='ocrx_word' id='word_1_434' title='bbox 809 3529 875 3587; x_wconf 78' lang='grc' dir='ltr'><strong>αὖ</strong></span> <span class='ocrx_word' id='word_1_435' title='bbox 894 3535 1052 3588; x_wconf 78' lang='grc' dir='ltr'>πάλιν</span> <span class='ocrx_word' id='word_1_436' title='bbox 1078 3537 1204 3588; x_wconf 81' lang='grc' dir='ltr'>Υἰὸν</span> <span class='ocrx_word' id='word_1_437' title='bbox 1233 3536 1523 3589; x_wconf 85' lang='grc' dir='ltr'>ἀποκαλεῖν</span> <span class='ocrx_word' id='word_1_438' title='bbox 1549 3538 1763 3591; x_wconf 78' lang='grc' dir='ltr'>ἑαυτοῦ.</span> 
     </span>
    </p>
   </div>
   <div class='ocr_carea' id='block_1_59' title="bbox 199 3619 1764 3696">
    <p class='ocr_par' dir='ltr' id='par_1_59' title="bbox 199 3619 1764 3696">
     <span class='ocr_line' id='line_1_59' title="bbox 199 3619 1764 3696; baseline 0.001 -20"><span class='ocrx_word' id='word_1_439' title='bbox 199 3623 375 3689; x_wconf 86' lang='grc' dir='ltr'>Λόγον</span> <span class='ocrx_word' id='word_1_440' title='bbox 401 3623 508 3694; x_wconf 84' lang='grc' dir='ltr'><strong>γάρ</strong></span> <span class='ocrx_word' id='word_1_441' title='bbox 526 3619 666 3676; x_wconf 74' lang='grc' dir='ltr'>εἶναι</span> <span class='ocrx_word' id='word_1_442' title='bbox 698 3624 821 3687; x_wconf 79' lang='grc' dir='ltr'>δοὺς</span> <span class='ocrx_word' id='word_1_443' title='bbox 855 3627 945 3678; x_wconf 85' lang='grc' dir='ltr'><strong>τὸν</strong></span> <span class='ocrx_word' id='word_1_444' title='bbox 987 3626 1045 3678; x_wconf 85' lang='grc' dir='ltr'>ὲν</span> <span class='ocrx_word' id='word_1_445' title='bbox 1071 3626 1149 3695; x_wconf 85' lang='grc' dir='ltr'><strong>τῷ</strong></span> <span class='ocrx_word' id='word_1_446' title='bbox 1177 3626 1314 3696; x_wconf 80' lang='grc' dir='ltr'>Θεῷ,</span> <span class='ocrx_word' id='word_1_447' title='bbox 1340 3627 1398 3678; x_wconf 83' lang='grc' dir='ltr'>ἓν</span> <span class='ocrx_word' id='word_1_448' title='bbox 1426 3645 1486 3679; x_wconf 86' lang='grc' dir='ltr'><strong>τε</strong></span> <span class='ocrx_word' id='word_1_449' title='bbox 1514 3628 1607 3680; x_wconf 78' lang='grc' dir='ltr'>καὶ</span> <span class='ocrx_word' id='word_1_450' title='bbox 1639 3629 1764 3680; x_wconf 86' lang='grc' dir='ltr'><strong>ταὺ-</strong></span> 
     </span>
    </p>
   </div>
   <div class='ocr_carea' id='block_1_60' title="bbox 199 3713 1764 3787">
    <p class='ocr_par' dir='ltr' id='par_1_60' title="bbox 199 3713 1764 3787">
     <span class='ocr_line' id='line_1_60' title="bbox 199 3713 1764 3787; baseline 0.003 -22"><span class='ocrx_word' id='word_1_451' title='bbox 199 3713 298 3765; x_wconf 87' lang='grc' dir='ltr'><strong>τὸν</strong></span> <span class='ocrx_word' id='word_1_452' title='bbox 347 3714 472 3766; x_wconf 78' lang='grc' dir='ltr'>ὄντα</span> <span class='ocrx_word' id='word_1_453' title='bbox 516 3714 663 3784; x_wconf 79' lang='grc' dir='ltr'>αὐτῷ</span> <span class='ocrx_word' id='word_1_454' title='bbox 709 3715 898 3767; x_wconf 88' lang='grc' dir='ltr'>τοῦτον</span> <span class='ocrx_word' id='word_1_455' title='bbox 937 3716 1283 3786; x_wconf 84' lang='grc' dir='ltr'>ὁρισάμενος.</span> <span class='ocrx_word' id='word_1_456' title='bbox 1317 3717 1534 3787; x_wconf 87' lang='grc' dir='ltr'>Πατέρα</span> <span class='ocrx_word' id='word_1_457' title='bbox 1577 3718 1764 3769; x_wconf 84' lang='grc' dir='ltr'>τούτου</span> 
     </span>
    </p>
   </div>
   <div class='ocr_carea' id='block_1_61' title="bbox 203 3804 1764 3876">
    <p class='ocr_par' dir='ltr' id='par_1_61' title="bbox 203 3804 1764 3876">
     <span class='ocr_line' id='line_1_61' title="bbox 203 3804 1764 3876; baseline 0.003 -22"><span class='ocrx_word' id='word_1_458' title='bbox 203 3804 560 3874; x_wconf 78' lang='grc' dir='ltr'>χρηματίζειν</span> <span class='ocrx_word' id='word_1_459' title='bbox 587 3805 745 3858; x_wconf 84' lang='grc' dir='ltr'>αὐτὸν</span> <span class='ocrx_word' id='word_1_460' title='bbox 778 3804 907 3876; x_wconf 77' lang='grc' dir='ltr'>ἔφη’</span> <span class='ocrx_word' id='word_1_461' title='bbox 939 3806 1028 3857; x_wconf 87' lang='grc' dir='ltr'><strong>τόν</strong></span> <span class='ocrx_word' id='word_1_462' title='bbox 1057 3823 1112 3857; x_wconf 90' lang='grc' dir='ltr'><strong>τε</strong></span> <span class='ocrx_word' id='word_1_463' title='bbox 1135 3807 1305 3874; x_wconf 82' lang='grc' dir='ltr'>Λόγον</span> <span class='ocrx_word' id='word_1_464' title='bbox 1331 3807 1458 3859; x_wconf 84' lang='grc' dir='ltr'>Υἱὸν</span> <span class='ocrx_word' id='word_1_465' title='bbox 1491 3804 1627 3861; x_wconf 71' lang='grc' dir='ltr'>εἶναι</span> <span class='ocrx_word' id='word_1_466' title='bbox 1668 3809 1764 3860; x_wconf 83' lang='grc' dir='ltr'>αῦ-</span> 
     </span>
    </p>
   </div>
   <div class='ocr_carea' id='block_1_62' title="bbox 201 3902 1767 3971">
    <p class='ocr_par' dir='ltr' id='par_1_62' title="bbox 201 3902 1767 3971">
     <span class='ocr_line' id='line_1_62' title="bbox 201 3902 1767 3971; baseline 0.003 -17"><span class='ocrx_word' id='word_1_467' title='bbox 201 3902 322 3965; x_wconf 86' lang='grc' dir='ltr'>τοῦ,</span> <span class='ocrx_word' id='word_1_468' title='bbox 357 3904 454 3955; x_wconf 80' lang='grc' dir='ltr'>οὑκ</span> <span class='ocrx_word' id='word_1_469' title='bbox 480 3902 692 3971; x_wconf 78' lang='grc' dir='ltr'>ἀληθῶς</span> <span class='ocrx_word' id='word_1_470' title='bbox 717 3904 846 3956; x_wconf 77' lang='grc' dir='ltr'>ὅντα</span> <span class='ocrx_word' id='word_1_471' title='bbox 871 3905 998 3957; x_wconf 90' lang='grc' dir='ltr'>Υἱὸν</span> <span class='ocrx_word' id='word_1_472' title='bbox 1039 3907 1095 3957; x_wconf 82' lang='grc' dir='ltr'><strong>ἐν</strong></span> <span class='ocrx_word' id='word_1_473' title='bbox 1124 3907 1307 3969; x_wconf 78' lang='grc' dir='ltr'>οὐσίας</span> <span class='ocrx_word' id='word_1_474' title='bbox 1335 3907 1650 3970; x_wconf 75' lang='grc' dir='ltr'>ὑποστάσει,</span> <span class='ocrx_word' id='word_1_475' title='bbox 1676 3924 1767 3958; x_wconf 73' lang='grc' dir='ltr'>κυο</span> 
     </span>
    </p>
   </div>
   <div class='ocr_carea' id='block_1_63' title="bbox 206 3999 1763 4072">
    <p class='ocr_par' dir='ltr' id='par_1_63' title="bbox 206 3999 1763 4072">
     <span class='ocr_line' id='line_1_63' title="bbox 206 3999 1763 4072; baseline 0.004 -21"><span class='ocrx_word' id='word_1_476' title='bbox 206 4000 340 4072; x_wconf 78' lang='grc' dir='ltr'>ρίως</span> <span class='ocrx_word' id='word_1_477' title='bbox 388 3999 444 4052; x_wconf 81' lang='grc' dir='ltr'>δὲ</span> <span class='ocrx_word' id='word_1_478' title='bbox 495 4001 589 4052; x_wconf 78' lang='grc' dir='ltr'>καὶ</span> <span class='ocrx_word' id='word_1_479' title='bbox 633 4000 845 4070; x_wconf 82' lang='grc' dir='ltr'>ἀληθῶς</span> <span class='ocrx_word' id='word_1_480' title='bbox 903 4001 1030 4054; x_wconf 72' lang='grc' dir='ltr'>ὄντα</span> <span class='ocrx_word' id='word_1_481' title='bbox 1081 4003 1270 4070; x_wconf 88' lang='grc' dir='ltr'>Λόγον.</span> <span class='ocrx_word' id='word_1_482' title='bbox 1317 4004 1763 4072; x_wconf 80' lang='grc' dir='ltr'>Ἐπισημαίνεται</span> 
     </span>
    </p>
   </div>
   <div class='ocr_carea' id='block_1_64' title="bbox 205 4099 1763 4175">
    <p class='ocr_par' dir='ltr' id='par_1_64' title="bbox 205 4099 1763 4175">
     <span class='ocr_line' id='line_1_64' title="bbox 205 4099 1763 4175; baseline 0.003 -25"><span class='ocrx_word' id='word_1_483' title='bbox 205 4099 359 4168; x_wconf 89' lang='grc' dir='ltr'>γοῦν,</span> <span class='ocrx_word' id='word_1_484' title='bbox 387 4101 464 4152; x_wconf 80' lang='grc' dir='ltr'>ὅτι</span> <span class='ocrx_word' id='word_1_485' title='bbox 498 4100 572 4170; x_wconf 85' lang='grc' dir='ltr'>μὴ</span> <span class='ocrx_word' id='word_1_486' title='bbox 595 4101 1046 4173; x_wconf 84' lang='grc' dir='ltr'>καταχρηστικῶς</span> <span class='ocrx_word' id='word_1_487' title='bbox 1072 4102 1246 4170; x_wconf 88' lang='grc' dir='ltr'>λόγον,</span> <span class='ocrx_word' id='word_1_488' title='bbox 1275 4103 1409 4156; x_wconf 78' lang='grc' dir='ltr'>ἀλλὰ</span> <span class='ocrx_word' id='word_1_489' title='bbox 1438 4104 1640 4175; x_wconf 89' lang='grc' dir='ltr'>κυρίως</span> <span class='ocrx_word' id='word_1_490' title='bbox 1671 4104 1763 4155; x_wconf 77' lang='grc' dir='ltr'><strong>καὶ</strong></span> 
     </span>
    </p>
   </div>
   <div class='ocr_carea' id='block_1_65' title="bbox 206 4200 1752 4274">
    <p class='ocr_par' dir='ltr' id='par_1_65' title="bbox 206 4200 1752 4274">
     <span class='ocr_line' id='line_1_65' title="bbox 206 4200 1752 4274; baseline 0.001 -19"><span class='ocrx_word' id='word_1_491' title='bbox 206 4200 420 4270; x_wconf 79' lang='grc' dir='ltr'>ἀληθῶς</span> <span class='ocrx_word' id='word_1_492' title='bbox 442 4202 568 4254; x_wconf 83' lang='grc' dir='ltr'>ὂντα</span> <span class='ocrx_word' id='word_1_493' title='bbox 593 4202 782 4268; x_wconf 84' lang='grc' dir='ltr'>Λόγον,</span> <span class='ocrx_word' id='word_1_494' title='bbox 814 4203 907 4254; x_wconf 74' lang='grc' dir='ltr'><strong>καὶ</strong></span> <span class='ocrx_word' id='word_1_495' title='bbox 941 4203 1103 4272; x_wconf 83' lang='grc' dir='ltr'>μηδὲν</span> <span class='ocrx_word' id='word_1_496' title='bbox 1139 4202 1323 4272; x_wconf 74' lang='grc' dir='ltr'>ἕτερον</span> <span class='ocrx_word' id='word_1_497' title='bbox 1347 4204 1377 4274; x_wconf 89' lang='grc' dir='ltr'>ἢ</span> <span class='ocrx_word' id='word_1_498' title='bbox 1403 4204 1589 4271; x_wconf 85' lang='grc' dir='ltr'>Λόγον.</span> <span class='ocrx_word' id='word_1_499' title='bbox 1619 4203 1752 4273; x_wconf 71' lang='grc'><strong>(14),</strong></span> 
     </span>
    </p>
   </div>
   <div class='ocr_carea' id='block_1_66' title="bbox 205 4299 1763 4374">
    <p class='ocr_par' dir='ltr' id='par_1_66' title="bbox 205 4299 1763 4374">
     <span class='ocr_line' id='line_1_66' title="bbox 205 4299 1763 4374; baseline 0.003 -22"><span class='ocrx_word' id='word_1_500' title='bbox 205 4301 274 4353; x_wconf 87' lang='grc' dir='ltr'><strong>Εἰ</strong></span> <span class='ocrx_word' id='word_1_501' title='bbox 324 4299 379 4351; x_wconf 80' lang='grc' dir='ltr'>δὲ</span> <span class='ocrx_word' id='word_1_502' title='bbox 410 4299 570 4368; x_wconf 72' lang='grc' dir='ltr'>μηδὲν</span> <span class='ocrx_word' id='word_1_503' title='bbox 600 4299 804 4370; x_wconf 74' lang='grc' dir='ltr'>ἕτερον,</span> <span class='ocrx_word' id='word_1_504' title='bbox 841 4301 1020 4369; x_wconf 78' lang='grc' dir='ltr'>δῆλον,</span> <span class='ocrx_word' id='word_1_505' title='bbox 1044 4301 1118 4363; x_wconf 81' lang='grc' dir='ltr'>ὡς</span> <span class='ocrx_word' id='word_1_506' title='bbox 1152 4303 1270 4354; x_wconf 77' lang='grc' dir='ltr'>οὐδὲ</span> <span class='ocrx_word' id='word_1_507' title='bbox 1292 4303 1416 4365; x_wconf 81' lang='grc' dir='ltr'>Υἱὸς</span> <span class='ocrx_word' id='word_1_508' title='bbox 1448 4301 1514 4374; x_wconf 75' lang='grc' dir='ltr'>ἦν</span> <span class='ocrx_word' id='word_1_509' title='bbox 1560 4305 1763 4374; x_wconf 84' lang='grc' dir='ltr'>κυρίως</span> 
     </span>
    </p>
   </div>
   <div class='ocr_carea' id='block_1_67' title="bbox 209 4397 1766 4473">
    <p class='ocr_par' dir='ltr' id='par_1_67' title="bbox 209 4397 1766 4473">
     <span class='ocr_line' id='line_1_67' title="bbox 209 4397 1766 4473; baseline 0.011 -33"><span class='ocrx_word' id='word_1_510' title='bbox 209 4397 302 4448; x_wconf 74' lang='grc' dir='ltr'><strong>καὶ</strong></span> <span class='ocrx_word' id='word_1_511' title='bbox 329 4398 560 4468; x_wconf 79' lang='grc' dir='ltr'>ἀληθῶς,</span> <span class='ocrx_word' id='word_1_512' title='bbox 593 4399 752 4469; x_wconf 83' lang='grc' dir='ltr'>μέχρι</span> <span class='ocrx_word' id='word_1_513' title='bbox 786 4398 840 4450; x_wconf 85' lang='grc' dir='ltr'>δὲ</span> <span class='ocrx_word' id='word_1_514' title='bbox 872 4401 1051 4470; x_wconf 76' lang='grc' dir='ltr'>φωνῆς</span> <span class='ocrx_word' id='word_1_515' title='bbox 1087 4399 1176 4451; x_wconf 73' lang='grc' dir='ltr'><strong>καὶ</strong></span> <span class='ocrx_word' id='word_1_516' title='bbox 1205 4400 1460 4469; x_wconf 84' lang='grc' dir='ltr'>ὀνόματος</span> <span class='ocrx_word' id='word_1_517' title='bbox 1495 4420 1766 4473; x_wconf 84' lang='grc' dir='ltr'>καταχρη-</span> 
     </span>
    </p>
   </div>
   <div class='ocr_carea' id='block_1_68' title="bbox 211 4479 1767 4570">
    <p class='ocr_par' dir='ltr' id='par_1_68' title="bbox 211 4496 1767 4570">
     <span class='ocr_line' id='line_1_68' title="bbox 211 4496 1767 4570; baseline 0.004 -19"><span class='ocrx_word' id='word_1_518' title='bbox 211 4499 411 4562; x_wconf 85' lang='grc' dir='ltr'>στικῶς</span> <span class='ocrx_word' id='word_1_519' title='bbox 443 4499 842 4570; x_wconf 80' lang='grc' dir='ltr'>ὠνομασμένος.</span> <span class='ocrx_word' id='word_1_520' title='bbox 884 4501 981 4552; x_wconf 87' lang='grc' dir='ltr'>Ἕν</span> <span class='ocrx_word' id='word_1_521' title='bbox 1002 4517 1060 4552; x_wconf 88' lang='grc' dir='ltr'><strong>τε</strong></span> <span class='ocrx_word' id='word_1_522' title='bbox 1095 4496 1232 4551; x_wconf 81' lang='grc' dir='ltr'>εἶναι</span> <span class='ocrx_word' id='word_1_523' title='bbox 1262 4501 1432 4568; x_wconf 82' lang='grc' dir='ltr'>λέγων</span> <span class='ocrx_word' id='word_1_524' title='bbox 1457 4505 1549 4556; x_wconf 74' lang='grc' dir='ltr'><strong>καὶ</strong></span> <span class='ocrx_word' id='word_1_525' title='bbox 1573 4506 1767 4558; x_wconf 78' lang='grc' dir='ltr'>ταύτὸν</span> 
     </span>
    </p>
   </div>
   <div class='ocr_carea' id='block_1_69' title="bbox 210 4594 1769 4671">
    <p class='ocr_par' dir='ltr' id='par_1_69' title="bbox 210 4594 1769 4671">
     <span class='ocr_line' id='line_1_69' title="bbox 210 4594 1769 4671; baseline 0.009 -30"><span class='ocrx_word' id='word_1_526' title='bbox 210 4594 295 4662; x_wconf 81' lang='grc' dir='ltr'>τῷ</span> <span class='ocrx_word' id='word_1_527' title='bbox 328 4596 444 4666; x_wconf 79' lang='grc' dir='ltr'><strong>Θεῷ</strong></span> <span class='ocrx_word' id='word_1_528' title='bbox 489 4597 579 4649; x_wconf 89' lang='grc' dir='ltr'><strong>τὸν</strong></span> <span class='ocrx_word' id='word_1_529' title='bbox 626 4597 818 4665; x_wconf 85' lang='grc' dir='ltr'>Λόγον,</span> <span class='ocrx_word' id='word_1_530' title='bbox 867 4595 957 4648; x_wconf 88' lang='grc' dir='ltr'><strong>τὸν</strong></span> <span class='ocrx_word' id='word_1_531' title='bbox 999 4596 1367 4666; x_wconf 85' lang='grc' dir='ltr'>σαρκωθέντα,</span> <span class='ocrx_word' id='word_1_532' title='bbox 1413 4600 1507 4654; x_wconf 78' lang='grc' dir='ltr'>καὶ</span> <span class='ocrx_word' id='word_1_533' title='bbox 1560 4600 1624 4654; x_wconf 85' lang='grc' dir='ltr'>ὲκ</span> <span class='ocrx_word' id='word_1_534' title='bbox 1672 4604 1769 4671; x_wconf 79' lang='grc' dir='ltr'>τῆς</span> 
     </span>
    </p>
   </div>
   <div class='ocr_carea' id='block_1_70' title="bbox 210 4695 1777 4770">
    <p class='ocr_par' dir='ltr' id='par_1_70' title="bbox 210 4695 1777 4770">
     <span class='ocr_line' id='line_1_70' title="bbox 210 4695 1777 4770; baseline 0.001 -20"><span class='ocrx_word' id='word_1_535' title='bbox 210 4698 487 4768; x_wconf 77' lang='grc' dir='ltr'>Παρθένου</span> <span class='ocrx_word' id='word_1_536' title='bbox 510 4696 786 4768; x_wconf 84' lang='grc' dir='ltr'>τεχθέντα,</span> <span class='ocrx_word' id='word_1_537' title='bbox 818 4696 948 4748; x_wconf 88' lang='grc' dir='ltr'>Θεὸν</span> <span class='ocrx_word' id='word_1_538' title='bbox 987 4695 1145 4747; x_wconf 78' lang='grc' dir='ltr'>αὑτὸν</span> <span class='ocrx_word' id='word_1_539' title='bbox 1173 4695 1469 4766; x_wconf 83' lang='grc' dir='ltr'>ἀπέφηνεν.</span> <span class='ocrx_word' id='word_1_540' title='bbox 1499 4701 1562 4750; x_wconf 80' lang='lat' dir='ltr'><strong>&quot;O</strong></span> <span class='ocrx_word' id='word_1_541' title='bbox 1583 4699 1646 4770; x_wconf 81' lang='grc' dir='ltr'>δὴ</span> <span class='ocrx_word' id='word_1_542' title='bbox 1676 4701 1777 4754; x_wconf 84' lang='grc' dir='ltr'>πά-</span> 
     </span>
    </p>
   </div>
   <div class='ocr_carea' id='block_1_71' title="bbox 212 4796 1779 4870">
    <p class='ocr_par' dir='ltr' id='par_1_71' title="bbox 212 4796 1779 4870">
     <span class='ocr_line' id='line_1_71' title="bbox 212 4796 1779 4870; baseline -0.006 -17"><span class='ocrx_word' id='word_1_543' title='bbox 212 4802 303 4853; x_wconf 85' lang='grc' dir='ltr'><strong>λαι</strong></span> <span class='ocrx_word' id='word_1_544' title='bbox 335 4803 425 4852; x_wconf 70' lang='grc' dir='ltr'><strong>καὶ</strong></span> <span class='ocrx_word' id='word_1_545' title='bbox 450 4799 722 4870; x_wconf 73' lang='grc' dir='ltr'>πρόπαλαι</span> <span class='ocrx_word' id='word_1_546' title='bbox 752 4798 840 4850; x_wconf 85' lang='grc' dir='ltr'><strong>τὸν</strong></span> <span class='ocrx_word' id='word_1_547' title='bbox 867 4796 1152 4851; x_wconf 76' lang='grc' dir='ltr'>Σαϐἑλλιον</span> <span class='ocrx_word' id='word_1_548' title='bbox 1186 4796 1553 4868; x_wconf 78' lang='grc' dir='ltr'>φθεγξάμενον</span> <span class='ocrx_word' id='word_1_549' title='bbox 1585 4800 1779 4853; x_wconf 80' lang='grc' dir='ltr'>ἀπεδο-</span> 
     </span>
    </p>
   </div>
   <div class='ocr_carea' id='block_1_72' title="bbox 293 4981 955 5052">
    <p class='ocr_par' dir='ltr' id='par_1_72' title="bbox 293 4981 955 5052">
     <span class='ocr_line' id='line_1_72' title="bbox 293 4981 955 5052; baseline -0.006 -13"><span class='ocrx_word' id='word_1_550' title='bbox 293 4992 351 5050; x_wconf 59' lang='grc' dir='ltr'><strong>»Β</strong></span> <span class='ocrx_word' id='word_1_551' title='bbox 379 4984 473 5038; x_wconf 88' lang='lat' dir='ltr'><strong>Ed.</strong></span> <span class='ocrx_word' id='word_1_552' title='bbox 506 4982 682 5037; x_wconf 88' lang='lat' dir='ltr'><strong>Paris.</strong></span> <span class='ocrx_word' id='word_1_553' title='bbox 713 4995 837 5052; x_wconf 72' lang='lat' dir='ltr'><strong>pag.</strong></span> <span class='ocrx_word' id='word_1_554' title='bbox 868 4981 955 5035; x_wconf 87' lang='lat' dir='ltr'><strong>6i.</strong></span> 
     </span>
    </p>
   </div>
   <div class='ocr_carea' id='block_1_73' title="bbox 288 5173 1771 5246">
    <p class='ocr_par' dir='ltr' id='par_1_73' title="bbox 288 5173 1771 5246">
     <span class='ocr_line' id='line_1_73' title="bbox 288 5173 1771 5246; baseline 0.004 -18"><span class='ocrx_word' id='word_1_555' title='bbox 288 5177 396 5241; x_wconf 86' lang='lat' dir='ltr'><strong>(il)</strong></span> <span class='ocrx_word' id='word_1_556' title='bbox 443 5173 547 5228; x_wconf 88' lang='grc' dir='ltr'><strong>Τοῦ</strong></span> <span class='ocrx_word' id='word_1_557' title='bbox 584 5175 715 5228; x_wconf 56' lang='lat' dir='ltr'><strong>ficii</strong></span> <span class='ocrx_word' id='word_1_558' title='bbox 749 5177 1148 5244; x_wconf 73' lang='grc' dir='ltr'>λειτουργούς.</span> <span class='ocrx_word' id='word_1_559' title='bbox 1202 5175 1470 5246; x_wconf 81' lang='lat' dir='ltr'><strong>Nusquam</strong></span> <span class='ocrx_word' id='word_1_560' title='bbox 1526 5177 1648 5232; x_wconf 87' lang='lat' dir='ltr'><strong>alibi</strong></span> <span class='ocrx_word' id='word_1_561' title='bbox 1699 5179 1771 5233; x_wconf 80' lang='lat' dir='ltr'><strong>ita</strong></span> 
     </span>
    </p>
   </div>
   <div class='ocr_carea' id='block_1_74' title="bbox 220 5245 1770 5330">
    <p class='ocr_par' dir='ltr' id='par_1_74' title="bbox 220 5245 1770 5330">
     <span class='ocr_line' id='line_1_74' title="bbox 220 5245 1770 5330; baseline 0.005 -35"><span class='ocrx_word' id='word_1_562' title='bbox 220 5247 458 5330; x_wconf 57' lang='lat' dir='ltr'><strong>loquitur</strong></span> <span class='ocrx_word' id='word_1_563' title='bbox 493 5246 784 5330; x_wconf 54' lang='lat' dir='ltr'><strong>Eusebius:</strong></span> <span class='ocrx_word' id='word_1_564' title='bbox 832 5249 923 5297; x_wconf 86' lang='lat' dir='ltr'><strong>sed</strong></span> <span class='ocrx_word' id='word_1_565' title='bbox 956 5245 1111 5308; x_wconf 79' lang='grc' dir='ltr'>Θεοῦ,</span> <span class='ocrx_word' id='word_1_566' title='bbox 1145 5245 1417 5313; x_wconf 77' lang='lat' dir='ltr'><strong>quomodo</strong></span> <span class='ocrx_word' id='word_1_567' title='bbox 1444 5259 1497 5301; x_wconf 87' lang='lat' dir='ltr'><strong>et</strong></span> <span class='ocrx_word' id='word_1_568' title='bbox 1533 5249 1620 5302; x_wconf 88' lang='lat' dir='ltr'><strong>hic</strong></span> <span class='ocrx_word' id='word_1_569' title='bbox 1667 5250 1770 5330; x_wconf 72' lang='lat' dir='ltr'><strong>legi</strong></span> 
     </span>
    </p>
   </div>
   <div class='ocr_carea' id='block_1_75' title="bbox 219 5315 1772 5382">
    <p class='ocr_par' dir='ltr' id='par_1_75' title="bbox 219 5315 1772 5382">
     <span class='ocr_line' id='line_1_75' title="bbox 219 5315 1772 5382; baseline 0.004 -17"><span class='ocrx_word' id='word_1_570' title='bbox 219 5318 395 5366; x_wconf 52' lang='grc' dir='ltr'>ἀρήιοι.</span> <span class='ocrx_word' id='word_1_571' title='bbox 431 5315 673 5372; x_wconf 69' lang='lat' dir='ltr'><strong>Intelligit</strong></span> <span class='ocrx_word' id='word_1_572' title='bbox 706 5329 820 5377; x_wconf 86' lang='lat' dir='ltr'><strong>eos,</strong></span> <span class='ocrx_word' id='word_1_573' title='bbox 847 5330 979 5374; x_wconf 83' lang='lat' dir='ltr'><strong>quos</strong></span> <span class='ocrx_word' id='word_1_574' title='bbox 1004 5318 1054 5367; x_wconf 90' lang='lat' dir='ltr'><strong>in</strong></span> <span class='ocrx_word' id='word_1_575' title='bbox 1088 5319 1259 5382; x_wconf 90' lang='lat' dir='ltr'><strong>primo</strong></span> <span class='ocrx_word' id='word_1_576' title='bbox 1285 5318 1421 5370; x_wconf 91' lang='lat' dir='ltr'><strong>libro</strong></span> <span class='ocrx_word' id='word_1_577' title='bbox 1444 5319 1508 5370; x_wconf 90' lang='lat' dir='ltr'><strong>de</strong></span> <span class='ocrx_word' id='word_1_578' title='bbox 1538 5315 1772 5371; x_wconf 81' lang='lat' dir='ltr'><strong>nomini-</strong></span> 
     </span>
    </p>
   </div>
   <div class='ocr_carea' id='block_1_76' title="bbox 219 5383 1769 5447">
    <p class='ocr_par' dir='ltr' id='par_1_76' title="bbox 219 5383 1769 5447">
     <span class='ocr_line' id='line_1_76' title="bbox 219 5383 1769 5447; baseline 0.008 -18"><span class='ocrx_word' id='word_1_579' title='bbox 219 5387 318 5437; x_wconf 75' lang='lat' dir='ltr'><strong>bus</strong></span> <span class='ocrx_word' id='word_1_580' title='bbox 343 5388 536 5434; x_wconf 56' lang='grc' dir='ltr'>«πίλα-ιι.</span> <span class='ocrx_word' id='word_1_581' title='bbox 572 5385 858 5443; x_wconf 65' lang='lat' dir='ltr'><strong>Astrriunt,</strong></span> <span class='ocrx_word' id='word_1_582' title='bbox 881 5383 1208 5446; x_wconf 83' lang='lat' dir='ltr'><strong>Narcissum,</strong></span> <span class='ocrx_word' id='word_1_583' title='bbox 1245 5386 1542 5447; x_wconf 84' lang='lat' dir='ltr'><strong>Paulinum,</strong></span> <span class='ocrx_word' id='word_1_584' title='bbox 1571 5399 1677 5441; x_wconf 82' lang='lat' dir='ltr'><strong>etc.</strong></span> <span class='ocrx_word' id='word_1_585' title='bbox 1701 5388 1769 5441; x_wconf 78' lang='grc' dir='ltr'>Μ.</span> 
     </span>
    </p>
   </div>
   <div class='ocr_carea' id='block_1_77' title="bbox 288 5453 1771 5522">
    <p class='ocr_par' dir='ltr' id='par_1_77' title="bbox 288 5453 1771 5522">
     <span class='ocr_line' id='line_1_77' title="bbox 288 5453 1771 5522; baseline 0.003 -17"><span class='ocrx_word' id='word_1_586' title='bbox 288 5455 396 5522; x_wconf 61' lang='lat' dir='ltr'><strong>(lit</strong></span> <span class='ocrx_word' id='word_1_587' title='bbox 439 5453 871 5520; x_wconf 73' lang='grc' dir='ltr'>’(ὶμογνώμονος</span> <span class='ocrx_word' id='word_1_588' title='bbox 900 5454 1260 5522; x_wconf 56' lang='grc' dir='ltr'>δυσφημίας.</span> <span class='ocrx_word' id='word_1_589' title='bbox 1309 5458 1481 5519; x_wconf 83' lang='lat' dir='ltr'><strong>Deest,</strong></span> <span class='ocrx_word' id='word_1_590' title='bbox 1513 5459 1595 5509; x_wconf 83' lang='lat' dir='ltr'><strong>vel</strong></span> <span class='ocrx_word' id='word_1_591' title='bbox 1633 5458 1771 5520; x_wconf 78' lang='grc' dir='ltr'>τινά,</span> 
     </span>
    </p>
   </div>
   <div class='ocr_carea' id='block_1_78' title="bbox 220 5523 1774 5592">
    <p class='ocr_par' dir='ltr' id='par_1_78' title="bbox 220 5523 1774 5592">
     <span class='ocr_line' id='line_1_78' title="bbox 220 5523 1774 5592; baseline 0.005 -21"><span class='ocrx_word' id='word_1_592' title='bbox 220 5527 296 5592; x_wconf 75' lang='lat' dir='ltr'><strong>vel</strong></span> <span class='ocrx_word' id='word_1_593' title='bbox 349 5523 628 5574; x_wconf 73' lang='grc' dir='ltr'>Σαϐελλιον</span> <span class='ocrx_word' id='word_1_594' title='bbox 675 5527 739 5574; x_wconf 89' lang='lat' dir='ltr'><strong>de</strong></span> <span class='ocrx_word' id='word_1_595' title='bbox 796 5525 1006 5577; x_wconf 82' lang='lat' dir='ltr'><strong>nomine</strong></span> <span class='ocrx_word' id='word_1_596' title='bbox 1059 5525 1451 5592; x_wconf 73' lang='lat' dir='ltr'><strong>rmnpellatum.</strong></span> <span class='ocrx_word' id='word_1_597' title='bbox 1485 5526 1616 5578; x_wconf 83' lang='lat' dir='ltr'><strong>Nam</strong></span> <span class='ocrx_word' id='word_1_598' title='bbox 1678 5529 1774 5578; x_wconf 77' lang='grc' dir='ltr'>αὐ-</span> 
     </span>
    </p>
   </div>
   <div class='ocr_carea' id='block_1_79' title="bbox 217 5591 1778 5664">
    <p class='ocr_par' dir='ltr' id='par_1_79' title="bbox 217 5591 1778 5664">
     <span class='ocr_line' id='line_1_79' title="bbox 217 5591 1778 5664; baseline 0.001 -18"><span class='ocrx_word' id='word_1_599' title='bbox 217 5591 306 5646; x_wconf 80' lang='grc' dir='ltr'><strong>τόν</strong></span> <span class='ocrx_word' id='word_1_600' title='bbox 337 5597 398 5642; x_wconf 80' lang='lat' dir='ltr'><strong>:ul</strong></span> <span class='ocrx_word' id='word_1_601' title='bbox 428 5592 753 5664; x_wconf 68' lang='lat' dir='ltr'><strong>Marci-llum</strong></span> <span class='ocrx_word' id='word_1_602' title='bbox 774 5595 974 5664; x_wconf 45' lang='lat' dir='ltr'><strong>potero.</strong></span> <span class='ocrx_word' id='word_1_603' title='bbox 999 5594 1123 5646; x_wconf 84' lang='lat' dir='ltr'><strong>Vult</strong></span> <span class='ocrx_word' id='word_1_604' title='bbox 1148 5604 1198 5645; x_wconf 90' lang='lat' dir='ltr'><strong>et</strong></span> <span class='ocrx_word' id='word_1_605' title='bbox 1222 5596 1490 5661; x_wconf 85' lang='lat' dir='ltr'><strong>stupidum</strong></span> <span class='ocrx_word' id='word_1_606' title='bbox 1525 5605 1575 5649; x_wconf 83' lang='lat' dir='ltr'><strong>et</strong></span> <span class='ocrx_word' id='word_1_607' title='bbox 1607 5597 1778 5664; x_wconf 86' lang='lat' dir='ltr'><strong>impu-</strong></span> 
     </span>
    </p>
   </div>
   <div class='ocr_carea' id='block_1_80' title="bbox 219 5661 1778 5731">
    <p class='ocr_par' dir='ltr' id='par_1_80' title="bbox 219 5661 1778 5731">
     <span class='ocr_line' id='line_1_80' title="bbox 219 5661 1778 5731; baseline 0.003 -17"><span class='ocrx_word' id='word_1_608' title='bbox 219 5666 429 5716; x_wconf 83' lang='lat' dir='ltr'><strong>dentem</strong></span> <span class='ocrx_word' id='word_1_609' title='bbox 471 5677 591 5714; x_wconf 62' lang='lat' dir='ltr'><strong>esse</strong></span> <span class='ocrx_word' id='word_1_610' title='bbox 619 5663 758 5731; x_wconf 77' lang='lat' dir='ltr'><strong>quod</strong></span> <span class='ocrx_word' id='word_1_611' title='bbox 784 5661 1071 5715; x_wconf 85' lang='lat' dir='ltr'><strong>Sabellium</strong></span> <span class='ocrx_word' id='word_1_612' title='bbox 1117 5665 1494 5729; x_wconf 81' lang='lat' dir='ltr'><strong>reprehendat,</strong></span> <span class='ocrx_word' id='word_1_613' title='bbox 1527 5680 1646 5717; x_wconf 84' lang='lat' dir='ltr'><strong>cum</strong></span> <span class='ocrx_word' id='word_1_614' title='bbox 1675 5661 1778 5731; x_wconf 62' lang='lat' dir='ltr'><strong>Quo</strong></span> 
     </span>
    </p>
   </div>
   <div class='ocr_carea' id='block_1_81' title="bbox 217 5729 1777 5804">
    <p class='ocr_par' dir='ltr' id='par_1_81' title="bbox 217 5729 1777 5804">
     <span class='ocr_line' id='line_1_81' title="bbox 217 5729 1777 5804; baseline -0.003 -15"><span class='ocrx_word' id='word_1_615' title='bbox 217 5729 942 5802; x_wconf 63' lang='lat' dir='ltr'><strong>couscntiebatJl.—-Supra</strong></span> <span class='ocrx_word' id='word_1_616' title='bbox 962 5734 1117 5804; x_wconf 78' lang='lat' dir='ltr'><strong>vulgo</strong></span> <span class='ocrx_word' id='word_1_617' title='bbox 1135 5733 1317 5788; x_wconf 82' lang='grc' dir='ltr'>τοῦτον</span> <span class='ocrx_word' id='word_1_618' title='bbox 1338 5751 1352 5800; x_wconf 82' lang='grc'>;</span> <span class='ocrx_word' id='word_1_619' title='bbox 1373 5734 1494 5790; x_wconf 86' lang='lat' dir='ltr'><strong>dein</strong></span> <span class='ocrx_word' id='word_1_620' title='bbox 1524 5733 1626 5801; x_wconf 82' lang='lat' dir='ltr'><strong>Mp.</strong></span> <span class='ocrx_word' id='word_1_621' title='bbox 1660 5729 1777 5800; x_wconf 52' lang='grc' dir='ltr'>συγ.</span> 
     </span>
    </p>
   </div>
   <div class='ocr_carea' id='block_1_82' title="bbox 1871 2908 3444 2976">
    <p class='ocr_par' dir='ltr' id='par_1_82' title="bbox 1871 2908 3444 2976">
     <span class='ocr_line' id='line_1_82' title="bbox 1871 2908 3444 2976; baseline 0 -14"><span class='ocrx_word' id='word_1_622' title='bbox 1871 2908 1938 2962; x_wconf 90' lang='lat' dir='ltr'><strong>ab</strong></span> <span class='ocrx_word' id='word_1_623' title='bbox 1974 2909 2140 2976; x_wconf 89' lang='lat' dir='ltr'><strong>ipsius</strong></span> <span class='ocrx_word' id='word_1_624' title='bbox 2168 2911 2544 2965; x_wconf 90' lang='lat' dir='ltr'><strong>communione</strong></span> <span class='ocrx_word' id='word_1_625' title='bbox 2577 2918 2702 2963; x_wconf 89' lang='lat' dir='ltr'><strong>sunt</strong></span> <span class='ocrx_word' id='word_1_626' title='bbox 2733 2912 2915 2973; x_wconf 87' lang='lat' dir='ltr'><strong>alieni,</strong></span> <span class='ocrx_word' id='word_1_627' title='bbox 2945 2926 3048 2962; x_wconf 93' lang='lat' dir='ltr'><strong>non</strong></span> <span class='ocrx_word' id='word_1_628' title='bbox 3080 2920 3255 2962; x_wconf 91' lang='lat' dir='ltr'><strong>tamen</strong></span> <span class='ocrx_word' id='word_1_629' title='bbox 3284 2910 3444 2963; x_wconf 84' lang='lat' dir='ltr'><strong>venia</strong></span> 
     </span>
    </p>
   </div>
   <div class='ocr_carea' id='block_1_83' title="bbox 1869 3000 3447 3079">
    <p class='ocr_par' dir='ltr' id='par_1_83' title="bbox 1869 3000 3447 3079">
     <span class='ocr_line' id='line_1_83' title="bbox 1869 3000 3447 3079; baseline 0.001 -28"><span class='ocrx_word' id='word_1_630' title='bbox 1869 3009 2019 3052; x_wconf 85' lang='lat' dir='ltr'><strong>caret</strong></span> <span class='ocrx_word' id='word_1_631' title='bbox 2066 3008 2121 3052; x_wconf 91' lang='lat' dir='ltr'><strong>et</strong></span> <span class='ocrx_word' id='word_1_632' title='bbox 2161 3000 2511 3054; x_wconf 77' lang='lat' dir='ltr'><strong>excusatione</strong></span> <span class='ocrx_word' id='word_1_633' title='bbox 2545 3019 2558 3053; x_wconf 87' lang='lat'>:</span> <span class='ocrx_word' id='word_1_634' title='bbox 2597 3016 2702 3055; x_wconf 93' lang='lat' dir='ltr'><strong>non</strong></span> <span class='ocrx_word' id='word_1_635' title='bbox 2736 3002 2994 3067; x_wconf 83' lang='lat' dir='ltr'><strong>absurda,</strong></span> <span class='ocrx_word' id='word_1_636' title='bbox 3031 3015 3152 3054; x_wconf 92' lang='lat' dir='ltr'><strong>cum</strong></span> <span class='ocrx_word' id='word_1_637' title='bbox 3188 3015 3306 3066; x_wconf 73' lang='lat' dir='ltr'><strong>qua:</strong></span> <span class='ocrx_word' id='word_1_638' title='bbox 3341 3001 3447 3079; x_wconf 79' lang='lat' dir='ltr'><strong>mi-</strong></span> 
     </span>
    </p>
   </div>
   <div class='ocr_carea' id='block_1_84' title="bbox 1875 3091 3446 3158">
    <p class='ocr_par' dir='ltr' id='par_1_84' title="bbox 1875 3091 3446 3158">
     <span class='ocr_line' id='line_1_84' title="bbox 1875 3091 3446 3158; baseline 0.001 -15"><span class='ocrx_word' id='word_1_639' title='bbox 1875 3091 2021 3143; x_wconf 92' lang='lat' dir='ltr'><strong>nime</strong></span> <span class='ocrx_word' id='word_1_640' title='bbox 2048 3091 2258 3158; x_wconf 87' lang='lat' dir='ltr'><strong>probet,</strong></span> <span class='ocrx_word' id='word_1_641' title='bbox 2295 3103 2356 3142; x_wconf 87' lang='lat' dir='ltr'><strong>ea</strong></span> <span class='ocrx_word' id='word_1_642' title='bbox 2386 3091 2741 3158; x_wconf 87' lang='lat' dir='ltr'><strong>vituperanda</strong></span> <span class='ocrx_word' id='word_1_643' title='bbox 2769 3092 2871 3144; x_wconf 91' lang='lat' dir='ltr'><strong>sibi</strong></span> <span class='ocrx_word' id='word_1_644' title='bbox 2904 3100 3149 3146; x_wconf 86' lang='lat' dir='ltr'><strong>censeat.</strong></span> <span class='ocrx_word' id='word_1_645' title='bbox 3183 3093 3253 3145; x_wconf 82' lang='lat' dir='ltr'><strong>At</strong></span> <span class='ocrx_word' id='word_1_646' title='bbox 3295 3091 3446 3145; x_wconf 85' lang='lat' dir='ltr'><strong>illum</strong></span> 
     </span>
    </p>
   </div>
   <div class='ocr_carea' id='block_1_85' title="bbox 1869 3179 3440 3250">
    <p class='ocr_par' dir='ltr' id='par_1_85' title="bbox 1869 3179 3440 3250">
     <span class='ocr_line' id='line_1_85' title="bbox 1869 3179 3440 3250; baseline 0.003 -18"><span class='ocrx_word' id='word_1_647' title='bbox 1869 3180 2004 3234; x_wconf 85' lang='lat' dir='ltr'><strong>velle</strong></span> <span class='ocrx_word' id='word_1_648' title='bbox 2036 3181 2300 3234; x_wconf 85' lang='lat' dir='ltr'><strong>mulctare</strong></span> <span class='ocrx_word' id='word_1_649' title='bbox 2335 3179 2493 3245; x_wconf 90' lang='lat' dir='ltr'><strong>male,</strong></span> <span class='ocrx_word' id='word_1_650' title='bbox 2526 3181 2602 3233; x_wconf 91' lang='lat' dir='ltr'><strong>sic</strong></span> <span class='ocrx_word' id='word_1_651' title='bbox 2631 3191 2689 3232; x_wconf 94' lang='lat' dir='ltr'><strong>ut</strong></span> <span class='ocrx_word' id='word_1_652' title='bbox 2715 3190 2896 3248; x_wconf 91' lang='lat' dir='ltr'><strong>speret</strong></span> <span class='ocrx_word' id='word_1_653' title='bbox 2925 3195 2984 3236; x_wconf 89' lang='lat' dir='ltr'><strong>se</strong></span> <span class='ocrx_word' id='word_1_654' title='bbox 3014 3181 3315 3244; x_wconf 87' lang='lat' dir='ltr'><strong>latiturmn,</strong></span> <span class='ocrx_word' id='word_1_655' title='bbox 3341 3183 3440 3250; x_wconf 86' lang='lat' dir='ltr'><strong>qui</strong></span> 
     </span>
    </p>
   </div>
   <div class='ocr_carea' id='block_1_86' title="bbox 1869 3259 3448 3340">
    <p class='ocr_par' dir='ltr' id='par_1_86' title="bbox 1869 3259 3448 3340">
     <span class='ocr_line' id='line_1_86' title="bbox 1869 3259 3448 3340; baseline 0.001 -18"><span class='ocrx_word' id='word_1_656' title='bbox 1869 3271 2112 3322; x_wconf 87' lang='lat' dir='ltr'><strong>eamdem</strong></span> <span class='ocrx_word' id='word_1_657' title='bbox 2154 3259 2375 3337; x_wconf 87' lang='lat' dir='ltr'><strong>impiam</strong></span> <span class='ocrx_word' id='word_1_658' title='bbox 2426 3283 2609 3324; x_wconf 86' lang='lat' dir='ltr'><strong>secum</strong></span> <span class='ocrx_word' id='word_1_659' title='bbox 2643 3270 2819 3323; x_wconf 82' lang='lat' dir='ltr'><strong>foveat</strong></span> <span class='ocrx_word' id='word_1_660' title='bbox 2859 3271 3172 3339; x_wconf 83' lang='lat' dir='ltr'><strong>Opinionem</strong></span> <span class='ocrx_word' id='word_1_661' title='bbox 3200 3310 3214 3332; x_wconf 91' lang='lat'><strong>,</strong></span> <span class='ocrx_word' id='word_1_662' title='bbox 3267 3272 3448 3340; x_wconf 86' lang='lat' dir='ltr'><strong>impu-</strong></span> 
     </span>
    </p>
   </div>
   <div class='ocr_carea' id='block_1_87' title="bbox 1869 3359 3446 3429">
    <p class='ocr_par' dir='ltr' id='par_1_87' title="bbox 1869 3359 3446 3429">
     <span class='ocr_line' id='line_1_87' title="bbox 1869 3359 3446 3429; baseline 0.002 -17"><span class='ocrx_word' id='word_1_663' title='bbox 1869 3359 2065 3412; x_wconf 63' lang='lat' dir='ltr'><strong>dentia!</strong></span> <span class='ocrx_word' id='word_1_664' title='bbox 2100 3359 2378 3425; x_wconf 87' lang='lat' dir='ltr'><strong>cujusdam</strong></span> <span class='ocrx_word' id='word_1_665' title='bbox 2422 3359 2774 3413; x_wconf 72' lang='lat' dir='ltr'><strong>intoleranda:</strong></span> <span class='ocrx_word' id='word_1_666' title='bbox 2795 3401 2810 3424; x_wconf 94' lang='lat'><strong>,</strong></span> <span class='ocrx_word' id='word_1_667' title='bbox 2834 3371 2888 3414; x_wconf 92' lang='lat' dir='ltr'><strong>et</strong></span> <span class='ocrx_word' id='word_1_668' title='bbox 2916 3361 3114 3414; x_wconf 73' lang='lat' dir='ltr'><strong>frontis</strong></span> <span class='ocrx_word' id='word_1_669' title='bbox 3142 3361 3446 3429; x_wconf 78' lang='lat' dir='ltr'><strong>perfrictis-</strong></span> 
     </span>
    </p>
   </div>
   <div class='ocr_carea' id='block_1_88' title="bbox 1867 3450 3447 3517">
    <p class='ocr_par' dir='ltr' id='par_1_88' title="bbox 1867 3450 3447 3517">
     <span class='ocr_line' id='line_1_88' title="bbox 1867 3450 3447 3517; baseline 0.001 -14"><span class='ocrx_word' id='word_1_670' title='bbox 1867 3452 2016 3503; x_wconf 74' lang='lat' dir='ltr'><strong>sima:</strong></span> <span class='ocrx_word' id='word_1_671' title='bbox 2045 3450 2258 3503; x_wconf 89' lang='lat' dir='ltr'><strong>videtur</strong></span> <span class='ocrx_word' id='word_1_672' title='bbox 2292 3463 2433 3513; x_wconf 86' lang='lat' dir='ltr'><strong>esse,</strong></span> <span class='ocrx_word' id='word_1_673' title='bbox 2465 3464 2562 3503; x_wconf 89' lang='lat' dir='ltr'><strong>nec</strong></span> <span class='ocrx_word' id='word_1_674' title='bbox 2588 3450 2807 3517; x_wconf 87' lang='lat' dir='ltr'><strong>injuria.</strong></span> <span class='ocrx_word' id='word_1_675' title='bbox 2840 3450 2963 3504; x_wconf 69' lang='grc' dir='ltr'>Ιιίεο</span> <span class='ocrx_word' id='word_1_676' title='bbox 3011 3460 3191 3504; x_wconf 90' lang='lat' dir='ltr'><strong>autem</strong></span> <span class='ocrx_word' id='word_1_677' title='bbox 3238 3465 3298 3505; x_wconf 93' lang='lat' dir='ltr'><strong>se</strong></span> <span class='ocrx_word' id='word_1_678' title='bbox 3347 3453 3447 3504; x_wconf 86' lang='lat' dir='ltr'><strong>ha-</strong></span> 
     </span>
    </p>
   </div>
   <div class='ocr_carea' id='block_1_89' title="bbox 1865 3538 3449 3609">
    <p class='ocr_par' dir='ltr' id='par_1_89' title="bbox 1865 3538 3449 3609">
     <span class='ocr_line' id='line_1_89' title="bbox 1865 3538 3449 3609; baseline 0.002 -17"><span class='ocrx_word' id='word_1_679' title='bbox 1865 3538 1992 3592; x_wconf 88' lang='lat' dir='ltr'><strong>bere</strong></span> <span class='ocrx_word' id='word_1_680' title='bbox 2025 3539 2090 3592; x_wconf 90' lang='lat' dir='ltr'><strong>ad</strong></span> <span class='ocrx_word' id='word_1_681' title='bbox 2127 3539 2270 3593; x_wconf 91' lang='lat' dir='ltr'><strong>hunc</strong></span> <span class='ocrx_word' id='word_1_682' title='bbox 2319 3540 2536 3592; x_wconf 82' lang='lat' dir='ltr'><strong>modum</strong></span> <span class='ocrx_word' id='word_1_683' title='bbox 2581 3550 2756 3609; x_wconf 87' lang='lat' dir='ltr'><strong>patet,</strong></span> <span class='ocrx_word' id='word_1_684' title='bbox 2789 3556 2965 3609; x_wconf 88' lang='lat' dir='ltr'><strong>neque</strong></span> <span class='ocrx_word' id='word_1_685' title='bbox 2993 3541 3131 3595; x_wconf 81' lang='lat' dir='ltr'><strong>falso</strong></span> <span class='ocrx_word' id='word_1_686' title='bbox 3160 3557 3189 3593; x_wconf 86' lang='lat' dir='ltr'><strong>a</strong></span> <span class='ocrx_word' id='word_1_687' title='bbox 3217 3556 3304 3595; x_wconf 90' lang='lat' dir='ltr'><strong>me</strong></span> <span class='ocrx_word' id='word_1_688' title='bbox 3354 3556 3449 3595; x_wconf 89' lang='lat' dir='ltr'><strong>ca-</strong></span> 
     </span>
    </p>
   </div>
   <div class='ocr_carea' id='block_1_90' title="bbox 1866 3627 3451 3698">
    <p class='ocr_par' dir='ltr' id='par_1_90' title="bbox 1866 3627 3451 3698">
     <span class='ocr_line' id='line_1_90' title="bbox 1866 3627 3451 3698; baseline 0.003 -17"><span class='ocrx_word' id='word_1_689' title='bbox 1866 3627 2081 3683; x_wconf 91' lang='lat' dir='ltr'><strong>lumniis</strong></span> <span class='ocrx_word' id='word_1_690' title='bbox 2107 3645 2226 3683; x_wconf 91' lang='lat' dir='ltr'><strong>eum</strong></span> <span class='ocrx_word' id='word_1_691' title='bbox 2267 3630 2616 3698; x_wconf 88' lang='lat' dir='ltr'><strong>proscissum,</strong></span> <span class='ocrx_word' id='word_1_692' title='bbox 2653 3645 2718 3684; x_wconf 91' lang='lat' dir='ltr'><strong>eo</strong></span> <span class='ocrx_word' id='word_1_693' title='bbox 2747 3635 2892 3698; x_wconf 88' lang='lat' dir='ltr'><strong>quod</strong></span> <span class='ocrx_word' id='word_1_694' title='bbox 2943 3633 3011 3686; x_wconf 91' lang='lat' dir='ltr'><strong>de</strong></span> <span class='ocrx_word' id='word_1_695' title='bbox 3044 3634 3320 3687; x_wconf 88' lang='lat' dir='ltr'><strong>sententia</strong></span> <span class='ocrx_word' id='word_1_696' title='bbox 3350 3632 3451 3686; x_wconf 86' lang='lat' dir='ltr'><strong>Sa-</strong></span> 
     </span>
    </p>
   </div>
   <div class='ocr_carea' id='block_1_91' title="bbox 1867 3719 3450 3790">
    <p class='ocr_par' dir='ltr' id='par_1_91' title="bbox 1867 3719 3450 3790">
     <span class='ocr_line' id='line_1_91' title="bbox 1867 3719 3450 3790; baseline 0.004 -17"><span class='ocrx_word' id='word_1_697' title='bbox 1867 3719 2121 3782; x_wconf 84' lang='lat' dir='ltr'><strong>belliana,</strong></span> <span class='ocrx_word' id='word_1_698' title='bbox 2140 3726 2198 3785; x_wconf 69' lang='lat'><strong>&gt;14</strong></span> <span class='ocrx_word' id='word_1_699' title='bbox 2229 3720 2398 3774; x_wconf 87' lang='lat' dir='ltr'><strong>Deum</strong></span> <span class='ocrx_word' id='word_1_700' title='bbox 2424 3721 2709 3790; x_wconf 88' lang='lat' dir='ltr'><strong>compellet</strong></span> <span class='ocrx_word' id='word_1_701' title='bbox 2735 3721 3144 3776; x_wconf 83' lang='lat' dir='ltr'><strong>Filio-Patrem.</strong></span> <span class='ocrx_word' id='word_1_702' title='bbox 3168 3725 3280 3778; x_wconf 85' lang='lat' dir='ltr'><strong>Non</strong></span> <span class='ocrx_word' id='word_1_703' title='bbox 3300 3733 3450 3779; x_wconf 88' lang='lat' dir='ltr'><strong>certe</strong></span> 
     </span>
    </p>
   </div>
   <div class='ocr_carea' id='block_1_92' title="bbox 1867 3810 3448 3875">
    <p class='ocr_par' dir='ltr' id='par_1_92' title="bbox 1867 3810 3448 3875">
     <span class='ocr_line' id='line_1_92' title="bbox 1867 3810 3448 3875; baseline 0.003 -11"><span class='ocrx_word' id='word_1_704' title='bbox 1867 3811 2129 3873; x_wconf 89' lang='lat' dir='ltr'><strong>disertim,</strong></span> <span class='ocrx_word' id='word_1_705' title='bbox 2154 3818 2206 3875; x_wconf 81' lang='lat' dir='ltr'><strong>et</strong></span> <span class='ocrx_word' id='word_1_706' title='bbox 2237 3810 2598 3873; x_wconf 90' lang='lat' dir='ltr'><strong>totidem,hoc</strong></span> <span class='ocrx_word' id='word_1_707' title='bbox 2620 3810 2798 3864; x_wconf 82' lang='lat' dir='ltr'><strong>fateor</strong></span> <span class='ocrx_word' id='word_1_708' title='bbox 2817 3812 3023 3875; x_wconf 84' lang='lat' dir='ltr'><strong>verbis;</strong></span> <span class='ocrx_word' id='word_1_709' title='bbox 3045 3811 3245 3866; x_wconf 87' lang='lat' dir='ltr'><strong>talibus</strong></span> <span class='ocrx_word' id='word_1_710' title='bbox 3265 3821 3448 3868; x_wconf 90' lang='lat' dir='ltr'><strong>autem</strong></span> 
     </span>
    </p>
   </div>
   <div class='ocr_carea' id='block_1_93' title="bbox 1865 3900 3450 3968">
    <p class='ocr_par' dir='ltr' id='par_1_93' title="bbox 1865 3900 3450 3968">
     <span class='ocr_line' id='line_1_93' title="bbox 1865 3900 3450 3968; baseline 0.004 -16"><span class='ocrx_word' id='word_1_711' title='bbox 1865 3901 2066 3963; x_wconf 89' lang='lat' dir='ltr'><strong>utitur,</strong></span> <span class='ocrx_word' id='word_1_712' title='bbox 2104 3914 2224 3968; x_wconf 77' lang='lat' dir='ltr'><strong>qua:</strong></span> <span class='ocrx_word' id='word_1_713' title='bbox 2257 3900 2575 3968; x_wconf 81' lang='lat' dir='ltr'><strong>bypostasin</strong></span> <span class='ocrx_word' id='word_1_714' title='bbox 2625 3900 2746 3953; x_wconf 88' lang='lat' dir='ltr'><strong>Filii</strong></span> <span class='ocrx_word' id='word_1_715' title='bbox 2784 3901 2988 3956; x_wconf 85' lang='lat' dir='ltr'><strong>directe</strong></span> <span class='ocrx_word' id='word_1_716' title='bbox 3021 3902 3210 3956; x_wconf 91' lang='lat' dir='ltr'><strong>tollant</strong></span> <span class='ocrx_word' id='word_1_717' title='bbox 3241 3921 3254 3956; x_wconf 91' lang='lat'><strong>:</strong></span> <span class='ocrx_word' id='word_1_718' title='bbox 3287 3920 3450 3958; x_wconf 90' lang='lat' dir='ltr'><strong>unum</strong></span> 
     </span>
    </p>
   </div>
   <div class='ocr_carea' id='block_1_94' title="bbox 1865 3991 3452 4064">
    <p class='ocr_par' dir='ltr' id='par_1_94' title="bbox 1865 3991 3452 4064">
     <span class='ocr_line' id='line_1_94' title="bbox 1865 3991 3452 4064; baseline 0.004 -21"><span class='ocrx_word' id='word_1_719' title='bbox 1865 3992 2202 4045; x_wconf 89' lang='lat' dir='ltr'><strong>solummodo</strong></span> <span class='ocrx_word' id='word_1_720' title='bbox 2245 3991 2415 4044; x_wconf 90' lang='lat' dir='ltr'><strong>Deum</strong></span> <span class='ocrx_word' id='word_1_721' title='bbox 2467 4000 2750 4045; x_wconf 85' lang='lat' dir='ltr'><strong>statuant:</strong></span> <span class='ocrx_word' id='word_1_722' title='bbox 2778 4003 2940 4059; x_wconf 87' lang='lat' dir='ltr'><strong>atque</strong></span> <span class='ocrx_word' id='word_1_723' title='bbox 2977 3994 3124 4048; x_wconf 90' lang='lat' dir='ltr'><strong>iilum</strong></span> <span class='ocrx_word' id='word_1_724' title='bbox 3162 3996 3331 4064; x_wconf 85' lang='lat' dir='ltr'><strong>ipsum</strong></span> <span class='ocrx_word' id='word_1_725' title='bbox 3367 3996 3452 4050; x_wconf 91' lang='lat' dir='ltr'><strong>sui</strong></span> 
     </span>
    </p>
   </div>
   <div class='ocr_carea' id='block_1_95' title="bbox 1867 4081 3450 4155">
    <p class='ocr_par' dir='ltr' id='par_1_95' title="bbox 1867 4081 3450 4155">
     <span class='ocr_line' id='line_1_95' title="bbox 1867 4081 3450 4155; baseline 0.005 -23"><span class='ocrx_word' id='word_1_726' title='bbox 1867 4081 2029 4148; x_wconf 89' lang='lat' dir='ltr'><strong>ipsius</strong></span> <span class='ocrx_word' id='word_1_727' title='bbox 2053 4082 2347 4151; x_wconf 75' lang='lat' dir='ltr'><strong>genitorem</strong></span> <span class='ocrx_word' id='word_1_728' title='bbox 2387 4099 2399 4134; x_wconf 90' lang='lat'>:</span> <span class='ocrx_word' id='word_1_729' title='bbox 2431 4082 2692 4136; x_wconf 89' lang='lat' dir='ltr'><strong>etFilium</strong></span> <span class='ocrx_word' id='word_1_730' title='bbox 2729 4083 2958 4154; x_wconf 90' lang='lat' dir='ltr'><strong>denique</strong></span> <span class='ocrx_word' id='word_1_731' title='bbox 2980 4086 3240 4139; x_wconf 87' lang='lat' dir='ltr'><strong>suietiam</strong></span> <span class='ocrx_word' id='word_1_732' title='bbox 3261 4086 3450 4155; x_wconf 85' lang='lat' dir='ltr'><strong>ipsius.</strong></span> 
     </span>
    </p>
   </div>
   <div class='ocr_carea' id='block_1_96' title="bbox 1792 4160 3453 4244">
    <p class='ocr_par' dir='ltr' id='par_1_96' title="bbox 1792 4160 3453 4244">
     <span class='ocr_line' id='line_1_96' title="bbox 1792 4160 3453 4244; baseline 0.008 -27"><span class='ocrx_word' id='word_1_733' title='bbox 1792 4160 1840 4216; x_wconf 92' lang='lat' dir='ltr'><strong>D</strong></span> <span class='ocrx_word' id='word_1_734' title='bbox 1866 4169 1998 4224; x_wconf 90' lang='lat' dir='ltr'><strong>Dato</strong></span> <span class='ocrx_word' id='word_1_735' title='bbox 2025 4171 2168 4224; x_wconf 91' lang='lat' dir='ltr'><strong>enim</strong></span> <span class='ocrx_word' id='word_1_736' title='bbox 2192 4181 2245 4226; x_wconf 92' lang='lat' dir='ltr'><strong>et</strong></span> <span class='ocrx_word' id='word_1_737' title='bbox 2273 4173 2776 4229; x_wconf 82' lang='lat' dir='ltr'><strong>concessoVerbum</strong></span> <span class='ocrx_word' id='word_1_738' title='bbox 2803 4175 2854 4228; x_wconf 93' lang='lat' dir='ltr'><strong>in</strong></span> <span class='ocrx_word' id='word_1_739' title='bbox 2884 4175 2993 4229; x_wconf 91' lang='lat' dir='ltr'><strong>Deo</strong></span> <span class='ocrx_word' id='word_1_740' title='bbox 3023 4189 3143 4229; x_wconf 89' lang='lat' dir='ltr'><strong>esse</strong></span> <span class='ocrx_word' id='word_1_741' title='bbox 3170 4217 3184 4240; x_wconf 93' lang='lat'><strong>,</strong></span> <span class='ocrx_word' id='word_1_742' title='bbox 3222 4177 3363 4244; x_wconf 85' lang='lat' dir='ltr'><strong>quod</strong></span> <span class='ocrx_word' id='word_1_743' title='bbox 3397 4185 3453 4230; x_wconf 91' lang='lat' dir='ltr'><strong>et</strong></span> 
     </span>
    </p>
   </div>
   <div class='ocr_carea' id='block_1_97' title="bbox 1867 4263 3455 4334">
    <p class='ocr_par' dir='ltr' id='par_1_97' title="bbox 1867 4263 3455 4334">
     <span class='ocr_line' id='line_1_97' title="bbox 1867 4263 3455 4334; baseline 0.006 -22"><span class='ocrx_word' id='word_1_744' title='bbox 1867 4276 2030 4314; x_wconf 88' lang='lat' dir='ltr'><strong>unum</strong></span> <span class='ocrx_word' id='word_1_745' title='bbox 2056 4271 2217 4330; x_wconf 92' lang='lat' dir='ltr'><strong>atque</strong></span> <span class='ocrx_word' id='word_1_746' title='bbox 2240 4263 2379 4318; x_wconf 90' lang='lat' dir='ltr'><strong>idem</strong></span> <span class='ocrx_word' id='word_1_747' title='bbox 2413 4279 2532 4318; x_wconf 91' lang='lat' dir='ltr'><strong>cum</strong></span> <span class='ocrx_word' id='word_1_748' title='bbox 2560 4265 2674 4334; x_wconf 86' lang='lat' dir='ltr'><strong>ipso</strong></span> <span class='ocrx_word' id='word_1_749' title='bbox 2704 4265 2952 4330; x_wconf 76' lang='lat' dir='ltr'><strong>exsistat,</strong></span> <span class='ocrx_word' id='word_1_750' title='bbox 2977 4280 3100 4319; x_wconf 92' lang='lat' dir='ltr'><strong>eum</strong></span> <span class='ocrx_word' id='word_1_751' title='bbox 3120 4263 3340 4332; x_wconf 85' lang='lat' dir='ltr'><strong>hujusce</strong></span> <span class='ocrx_word' id='word_1_752' title='bbox 3356 4264 3455 4321; x_wconf 84' lang='lat' dir='ltr'><strong>Pa-</strong></span> 
     </span>
    </p>
   </div>
   <div class='ocr_carea' id='block_1_98' title="bbox 1868 4352 3453 4424">
    <p class='ocr_par' dir='ltr' id='par_1_98' title="bbox 1868 4352 3453 4424">
     <span class='ocr_line' id='line_1_98' title="bbox 1868 4352 3453 4424; baseline 0.006 -20"><span class='ocrx_word' id='word_1_753' title='bbox 1868 4361 2002 4405; x_wconf 81' lang='lat' dir='ltr'><strong>trem</strong></span> <span class='ocrx_word' id='word_1_754' title='bbox 2039 4352 2322 4408; x_wconf 88' lang='lat' dir='ltr'><strong>dicendum</strong></span> <span class='ocrx_word' id='word_1_755' title='bbox 2375 4356 2537 4411; x_wconf 89' lang='lat' dir='ltr'><strong>docet</strong></span> <span class='ocrx_word' id='word_1_756' title='bbox 2567 4374 2581 4410; x_wconf 89' lang='lat'><strong>:</strong></span> <span class='ocrx_word' id='word_1_757' title='bbox 2619 4367 2674 4411; x_wconf 92' lang='lat' dir='ltr'><strong>et</strong></span> <span class='ocrx_word' id='word_1_758' title='bbox 2703 4357 2932 4410; x_wconf 80' lang='lat' dir='ltr'><strong>Verbum</strong></span> <span class='ocrx_word' id='word_1_759' title='bbox 2977 4358 3137 4410; x_wconf 87' lang='lat' dir='ltr'><strong>etiam</strong></span> <span class='ocrx_word' id='word_1_760' title='bbox 3186 4357 3301 4424; x_wconf 90' lang='lat' dir='ltr'><strong>ejus</strong></span> <span class='ocrx_word' id='word_1_761' title='bbox 3330 4374 3453 4414; x_wconf 83' lang='lat' dir='ltr'><strong>esse</strong></span> 
     </span>
    </p>
   </div>
   <div class='ocr_carea' id='block_1_99' title="bbox 1869 4446 3453 4517">
    <p class='ocr_par' dir='ltr' id='par_1_99' title="bbox 1869 4446 3453 4517">
     <span class='ocr_line' id='line_1_99' title="bbox 1869 4446 3453 4517; baseline 0.003 -18"><span class='ocrx_word' id='word_1_762' title='bbox 1869 4446 2086 4510; x_wconf 89' lang='lat' dir='ltr'><strong>Filium,</strong></span> <span class='ocrx_word' id='word_1_763' title='bbox 2109 4462 2443 4517; x_wconf 89' lang='lat' dir='ltr'><strong>nequaquam</strong></span> <span class='ocrx_word' id='word_1_764' title='bbox 2465 4448 2657 4502; x_wconf 85' lang='lat' dir='ltr'><strong>Filium</strong></span> <span class='ocrx_word' id='word_1_765' title='bbox 2678 4450 3036 4505; x_wconf 81' lang='lat' dir='ltr'><strong>exsistentem</strong></span> <span class='ocrx_word' id='word_1_766' title='bbox 3068 4451 3118 4504; x_wconf 91' lang='lat' dir='ltr'><strong>in</strong></span> <span class='ocrx_word' id='word_1_767' title='bbox 3139 4449 3453 4504; x_wconf 80' lang='lat' dir='ltr'><strong>substantiae</strong></span> 
     </span>
    </p>
   </div>
   <div class='ocr_carea' id='block_1_100' title="bbox 1870 4536 3454 4606">
    <p class='ocr_par' dir='ltr' id='par_1_100' title="bbox 1870 4536 3454 4606">
     <span class='ocr_line' id='line_1_100' title="bbox 1870 4536 3454 4606; baseline 0.003 -17"><span class='ocrx_word' id='word_1_768' title='bbox 1870 4536 2242 4600; x_wconf 83' lang='lat' dir='ltr'><strong>subsistentia,</strong></span> <span class='ocrx_word' id='word_1_769' title='bbox 2257 4541 2471 4606; x_wconf 89' lang='lat' dir='ltr'><strong>proprie</strong></span> <span class='ocrx_word' id='word_1_770' title='bbox 2487 4554 2615 4594; x_wconf 82' lang='lat' dir='ltr'><strong>vero</strong></span> <span class='ocrx_word' id='word_1_771' title='bbox 2632 4549 2684 4592; x_wconf 92' lang='lat' dir='ltr'><strong>et</strong></span> <span class='ocrx_word' id='word_1_772' title='bbox 2698 4541 2992 4594; x_wconf 87' lang='lat' dir='ltr'><strong>secumlum</strong></span> <span class='ocrx_word' id='word_1_773' title='bbox 3011 4540 3454 4604; x_wconf 82' lang='lat' dir='ltr'><strong>veritatem,Ver-</strong></span> 
     </span>
    </p>
   </div>
   <div class='ocr_carea' id='block_1_101' title="bbox 1875 4626 3453 4701">
    <p class='ocr_par' dir='ltr' id='par_1_101' title="bbox 1875 4626 3453 4701">
     <span class='ocr_line' id='line_1_101' title="bbox 1875 4626 3453 4701; baseline 0.005 -21"><span class='ocrx_word' id='word_1_774' title='bbox 1875 4626 2004 4680; x_wconf 90' lang='lat' dir='ltr'><strong>bum</strong></span> <span class='ocrx_word' id='word_1_775' title='bbox 2036 4628 2384 4683; x_wconf 79' lang='lat' dir='ltr'><strong>exsistentem</strong></span> <span class='ocrx_word' id='word_1_776' title='bbox 2421 4638 2621 4683; x_wconf 89' lang='lat' dir='ltr'><strong>tamen.</strong></span> <span class='ocrx_word' id='word_1_777' title='bbox 2645 4630 2914 4698; x_wconf 82' lang='lat' dir='ltr'><strong>Vultergo</strong></span> <span class='ocrx_word' id='word_1_778' title='bbox 2953 4632 3196 4701; x_wconf 81' lang='lat' dir='ltr'><strong>intelligi,</strong></span> <span class='ocrx_word' id='word_1_779' title='bbox 3217 4631 3453 4688; x_wconf 82' lang='lat' dir='ltr'><strong>Verbum</strong></span> 
     </span>
    </p>
   </div>
   <div class='ocr_carea' id='block_1_102' title="bbox 1882 4708 3454 4791">
    <p class='ocr_par' dir='ltr' id='par_1_102' title="bbox 1882 4708 3454 4791">
     <span class='ocr_line' id='line_1_102' title="bbox 1882 4708 3454 4791; baseline 0.006 -23"><span class='ocrx_word' id='word_1_780' title='bbox 1882 4708 2033 4770; x_wconf 86' lang='lat' dir='ltr'><strong>illum</strong></span> <span class='ocrx_word' id='word_1_781' title='bbox 2063 4731 2203 4785; x_wconf 89' lang='lat' dir='ltr'><strong>esse,</strong></span> <span class='ocrx_word' id='word_1_782' title='bbox 2246 4734 2348 4773; x_wconf 83' lang='lat' dir='ltr'><strong>non</strong></span> <span class='ocrx_word' id='word_1_783' title='bbox 2381 4721 2803 4785; x_wconf 76' lang='lat' dir='ltr'><strong>cataclirestice,</strong></span> <span class='ocrx_word' id='word_1_784' title='bbox 2825 4721 2916 4775; x_wconf 91' lang='lat' dir='ltr'><strong>sed</strong></span> <span class='ocrx_word' id='word_1_785' title='bbox 2949 4722 3234 4776; x_wconf 82' lang='lat' dir='ltr'><strong>verissime</strong></span> <span class='ocrx_word' id='word_1_786' title='bbox 3254 4730 3307 4775; x_wconf 92' lang='lat' dir='ltr'><strong>et</strong></span> <span class='ocrx_word' id='word_1_787' title='bbox 3325 4737 3454 4791; x_wconf 49' lang='lat' dir='ltr'><strong>pro.</strong></span> 
     </span>
    </p>
   </div>
   <div class='ocr_carea' id='block_1_103' title="bbox 1881 4805 3452 4878">
    <p class='ocr_par' dir='ltr' id='par_1_103' title="bbox 1881 4805 3452 4878">
     <span class='ocr_line' id='line_1_103' title="bbox 1881 4805 3452 4878; baseline 0.004 -21"><span class='ocrx_word' id='word_1_788' title='bbox 1881 4805 2154 4874; x_wconf 89' lang='lat' dir='ltr'><strong>priissime</strong></span> <span class='ocrx_word' id='word_1_789' title='bbox 2179 4808 2438 4875; x_wconf 85' lang='lat' dir='ltr'><strong>Verbum,</strong></span> <span class='ocrx_word' id='word_1_790' title='bbox 2466 4817 2628 4878; x_wconf 85' lang='lat' dir='ltr'><strong>atque</strong></span> <span class='ocrx_word' id='word_1_791' title='bbox 2662 4819 2858 4877; x_wconf 65' lang='lat' dir='ltr'><strong>praeter</strong></span> <span class='ocrx_word' id='word_1_792' title='bbox 2898 4809 3156 4878; x_wconf 86' lang='lat' dir='ltr'><strong>Verbum,</strong></span> <span class='ocrx_word' id='word_1_793' title='bbox 3199 4811 3341 4865; x_wconf 88' lang='lat' dir='ltr'><strong>aliud</strong></span> <span class='ocrx_word' id='word_1_794' title='bbox 3366 4811 3452 4866; x_wconf 89' lang='lat' dir='ltr'><strong>ni-</strong></span> 
     </span>
    </p>
   </div>
   <div class='ocr_carea' id='block_1_104' title="bbox 1878 5175 3449 5262">
    <p class='ocr_par' dir='ltr' id='par_1_104' title="bbox 1878 5175 3449 5262">
     <span class='ocr_line' id='line_1_104' title="bbox 1878 5175 3449 5262; baseline -0.006 -25"><span class='ocrx_word' id='word_1_795' title='bbox 1878 5179 2626 5262; x_wconf 47' lang='lat' dir='ltr'><strong>vpdﬂpactlocoyps&#39;tppact.</strong></span> <span class='ocrx_word' id='word_1_796' title='bbox 2660 5177 2788 5262; x_wconf 69' lang='lat' dir='ltr'><strong>Dein</strong></span> <span class='ocrx_word' id='word_1_797' title='bbox 2824 5176 3151 5262; x_wconf 64' lang='grc' dir='ltr'>συγγνώμης</span> <span class='ocrx_word' id='word_1_798' title='bbox 3170 5175 3449 5262; x_wconf 45' lang='lat' dir='ltr'><strong>(indomiti.</strong></span> 
     </span>
    </p>
   </div>
   <div class='ocr_carea' id='block_1_105' title="bbox 1949 5243 3454 5321">
    <p class='ocr_par' dir='ltr' id='par_1_105' title="bbox 1949 5243 3454 5321">
     <span class='ocr_line' id='line_1_105' title="bbox 1949 5243 3454 5321; baseline -0.007 -14"><span class='ocrx_word' id='word_1_799' title='bbox 1949 5243 2062 5321; x_wconf 59' lang='grc' dir='ltr'><strong>(ξδ’)</strong></span> <span class='ocrx_word' id='word_1_800' title='bbox 2126 5252 2243 5320; x_wconf 76' lang='grc' dir='ltr'><strong>Τὴν</strong></span> <span class='ocrx_word' id='word_1_801' title='bbox 2304 5243 2669 5321; x_wconf 36' lang='lat' dir='ltr'><strong>dﬁcit-Tramas.</strong></span> <span class='ocrx_word' id='word_1_802' title='bbox 2728 5248 2866 5321; x_wconf 83' lang='lat' dir='ltr'><strong>Lege</strong></span> <span class='ocrx_word' id='word_1_803' title='bbox 2908 5243 3006 5316; x_wconf 75' lang='grc' dir='ltr'><strong>τῷ</strong></span> <span class='ocrx_word' id='word_1_804' title='bbox 3046 5243 3164 5314; x_wconf 77' lang='grc' dir='ltr'>’τὴν</span> <span class='ocrx_word' id='word_1_805' title='bbox 3220 5243 3454 5296; x_wconf 81' lang='grc' dir='ltr'>ὑπόστα-</span> 
     </span>
    </p>
   </div>
   <div class='ocr_carea' id='block_1_106' title="bbox 1883 5317 3424 5389">
    <p class='ocr_par' dir='ltr' id='par_1_106' title="bbox 1883 5317 3424 5389">
     <span class='ocr_line' id='line_1_106' title="bbox 1883 5317 3424 5389; baseline -0.008 -13"><span class='ocrx_word' id='word_1_806' title='bbox 1883 5317 1986 5376; x_wconf 79' lang='grc' dir='ltr'>σιν.</span> <span class='ocrx_word' id='word_1_807' title='bbox 2017 5317 2072 5376; x_wconf 89' lang='lat' dir='ltr'><strong>In</strong></span> <span class='ocrx_word' id='word_1_808' title='bbox 2101 5339 2164 5376; x_wconf 84' lang='lat' dir='ltr'><strong>eo</strong></span> <span class='ocrx_word' id='word_1_809' title='bbox 2190 5317 2337 5389; x_wconf 79' lang='lat' dir='ltr'><strong>quod</strong></span> <span class='ocrx_word' id='word_1_810' title='bbox 2371 5320 2489 5372; x_wconf 83' lang='lat' dir='ltr'><strong>Filii</strong></span> <span class='ocrx_word' id='word_1_811' title='bbox 2528 5317 2932 5374; x_wconf 87' lang='lat' dir='ltr'><strong>subsistentiam</strong></span> <span class='ocrx_word' id='word_1_812' title='bbox 2963 5324 3187 5389; x_wconf 83' lang='lat' dir='ltr'><strong>negaret</strong></span> <span class='ocrx_word' id='word_1_813' title='bbox 3233 5328 3424 5389; x_wconf 74' lang='lat' dir='ltr'><strong>separa</strong></span> 
     </span>
    </p>
   </div>
   <div class='ocr_carea' id='block_1_107' title="bbox 1883 5383 3447 5458">
    <p class='ocr_par' dir='ltr' id='par_1_107' title="bbox 1883 5383 3447 5458">
     <span class='ocr_line' id='line_1_107' title="bbox 1883 5383 3447 5458; baseline -0.004 -15"><span class='ocrx_word' id='word_1_814' title='bbox 1883 5404 1989 5444; x_wconf 86' lang='lat' dir='ltr'><strong>tam</strong></span> <span class='ocrx_word' id='word_1_815' title='bbox 2021 5403 2074 5446; x_wconf 90' lang='lat' dir='ltr'><strong>et</strong></span> <span class='ocrx_word' id='word_1_816' title='bbox 2105 5383 2397 5458; x_wconf 79' lang='lat' dir='ltr'><strong>propriam.</strong></span> <span class='ocrx_word' id='word_1_817' title='bbox 2439 5389 2507 5442; x_wconf 79' lang='grc' dir='ltr'><strong>Μ.</strong></span> <span class='ocrx_word' id='word_1_818' title='bbox 2543 5419 2612 5428; x_wconf 95' lang='lat'>—</span> <span class='ocrx_word' id='word_1_819' title='bbox 2647 5389 2869 5458; x_wconf 74' lang='lat' dir='ltr'><strong>Correxi</strong></span> <span class='ocrx_word' id='word_1_820' title='bbox 2903 5383 3169 5458; x_wconf 70' lang='lat' dir='ltr'><strong>vulgatam</strong></span> <span class='ocrx_word' id='word_1_821' title='bbox 3197 5398 3260 5437; x_wconf 76' lang='lat' dir='ltr'><strong>ex</strong></span> <span class='ocrx_word' id='word_1_822' title='bbox 3293 5383 3447 5436; x_wconf 80' lang='lat' dir='ltr'><strong>codd.</strong></span> 
     </span>
    </p>
   </div>
   <div class='ocr_carea' id='block_1_108' title="bbox 1882 5453 3401 5532">
    <p class='ocr_par' dir='ltr' id='par_1_108' title="bbox 1882 5453 3401 5532">
     <span class='ocr_line' id='line_1_108' title="bbox 1882 5453 3401 5532; baseline -0.013 -15"><span class='ocrx_word' id='word_1_823' title='bbox 1882 5463 2038 5532; x_wconf 83' lang='grc' dir='ltr'>ἁληθ.</span> <span class='ocrx_word' id='word_1_824' title='bbox 2065 5453 2332 5528; x_wconf 37' lang='grc' dir='ltr'>εἱ-σάγοντι</span> <span class='ocrx_word' id='word_1_825' title='bbox 2356 5460 2454 5529; x_wconf 85' lang='grc' dir='ltr'>τὴν</span> <span class='ocrx_word' id='word_1_826' title='bbox 2481 5460 2667 5510; x_wconf 75' lang='grc' dir='ltr'>ὑπόστ.</span> <span class='ocrx_word' id='word_1_827' title='bbox 2696 5468 2750 5512; x_wconf 87' lang='lat' dir='ltr'><strong>et</strong></span> <span class='ocrx_word' id='word_1_828' title='bbox 2771 5453 2905 5532; x_wconf 41' lang='lat' dir='ltr'><strong>sava}</strong></span> <span class='ocrx_word' id='word_1_829' title='bbox 2929 5453 3105 5532; x_wconf 70' lang='grc' dir='ltr'>αὐτῷ.</span> <span class='ocrx_word' id='word_1_830' title='bbox 3276 5529 3284 5532; x_wconf 24' lang='grc' dir='ltr'><strong>Α</strong></span> <span class='ocrx_word' id='word_1_831' title='bbox 3369 5520 3401 5532; x_wconf 21' lang='grc' dir='ltr'><strong>μ’</strong></span> 
     </span>
    </p>
   </div>
   <div class='ocr_carea' id='block_1_109' title="bbox 1954 5527 3454 5598">
    <p class='ocr_par' dir='ltr' id='par_1_109' title="bbox 1954 5527 3454 5598">
     <span class='ocr_line' id='line_1_109' title="bbox 1954 5527 3454 5598; baseline -0.009 -10"><span class='ocrx_word' id='word_1_832' title='bbox 1954 5527 2064 5598; x_wconf 63' lang='lat' dir='ltr'><strong>(Ml</strong></span> <span class='ocrx_word' id='word_1_833' title='bbox 2121 5527 2203 5584; x_wconf 25' lang='grc' dir='ltr'>Ἠί</span> <span class='ocrx_word' id='word_1_834' title='bbox 2246 5527 2461 5598; x_wconf 53' lang='grc' dir='ltr'>Λόγον.</span> <span class='ocrx_word' id='word_1_835' title='bbox 2523 5530 2681 5583; x_wconf 87' lang='lat' dir='ltr'><strong>Deest</strong></span> <span class='ocrx_word' id='word_1_836' title='bbox 2733 5527 3096 5598; x_wconf 67' lang='lat' dir='ltr'><strong>sulfulciendae</strong></span> <span class='ocrx_word' id='word_1_837' title='bbox 3173 5527 3454 5598; x_wconf 71' lang='lat' dir='ltr'><strong>sententias</strong></span> 
     </span>
    </p>
   </div>
   <div class='ocr_carea' id='block_1_110' title="bbox 1883 5590 3448 5724">
    <p class='ocr_par' dir='ltr' id='par_1_110' title="bbox 1883 5590 3448 5724">
     <span class='ocr_line' id='line_1_110' title="bbox 1883 5590 3448 5667; baseline -0.007 -13"><span class='ocrx_word' id='word_1_838' title='bbox 1883 5590 1969 5654; x_wconf 59' lang='grc' dir='ltr'>δεῖ</span> <span class='ocrx_word' id='word_1_839' title='bbox 2013 5602 2191 5667; x_wconf 77' lang='grc' dir='ltr'>λέγειν</span> <span class='ocrx_word' id='word_1_840' title='bbox 2251 5590 2353 5652; x_wconf 69' lang='lat' dir='ltr'><strong>aut&#39;</strong></span> <span class='ocrx_word' id='word_1_841' title='bbox 2397 5599 2590 5667; x_wconf 83' lang='lat' dir='ltr'><strong>simile;</strong></span> <span class='ocrx_word' id='word_1_842' title='bbox 2644 5599 2849 5665; x_wconf 87' lang='lat' dir='ltr'><strong>statim,</strong></span> <span class='ocrx_word' id='word_1_843' title='bbox 2895 5607 3015 5667; x_wconf 87' lang='lat' dir='ltr'><strong>post</strong></span> <span class='ocrx_word' id='word_1_844' title='bbox 3045 5590 3448 5662; x_wconf 78' lang='grc' dir='ltr'>ὠνομασμένος,</span> 
     </span>
     <span class='ocr_line' id='line_1_111' title="bbox 1887 5668 2296 5724; baseline 0 0"><span class='ocrx_word' id='word_1_845' title='bbox 1887 5674 2037 5724; x_wconf 86' lang='lat' dir='ltr'><strong>deest</strong></span> <span class='ocrx_word' id='word_1_846' title='bbox 2061 5671 2193 5724; x_wconf 80' lang='grc' dir='ltr'>υἱός.</span> <span class='ocrx_word' id='word_1_847' title='bbox 2227 5668 2296 5724; x_wconf 86' lang='grc' dir='ltr'>Μ.</span> 
     </span>
    </p>
   </div>
   <div class='ocr_carea' id='block_1_111' title="bbox 1887 5673 2296 5739">
    <p class='ocr_par' dir='ltr' id='par_1_111' title="bbox 1887 5673 2296 5739">
     <span class='ocr_line' id='line_1_112' title="bbox 1887 5673 2296 5739; baseline -0.005 -13"><span class='ocrx_word' id='word_1_848' title='bbox 1887 5674 2037 5729; x_wconf 86' lang='lat' dir='ltr'><strong>deest</strong></span> <span class='ocrx_word' id='word_1_849' title='bbox 2061 5673 2193 5739; x_wconf 83' lang='grc' dir='ltr'>υἱός.</span> <span class='ocrx_word' id='word_1_850' title='bbox 2227 5673 2296 5724; x_wconf 83' lang='grc' dir='ltr'>Μ.</span> 
     </span>
    </p>
   </div>
  </div>
