  <div class='ocr_page' id='page_1' title='image "/cluster/home/n/w/nwhite01/storage/ocr_20150623/24/pst.000005712083/433.png"; bbox 0 0 4068 6316; ppageno 0'>
   <div class='ocr_carea' id='block_1_1' title="bbox 670 337 3168 405">
    <p class='ocr_par' dir='ltr' id='par_1_1' title="bbox 670 337 3168 405">
     <span class='ocr_line' id='line_1_1' title="bbox 670 337 3168 405; baseline -0.001 -3"><span class='ocrx_word' id='word_1_1' title='bbox 670 346 764 405; x_wconf 76' lang='grc'><strong>831</strong></span> <span class='ocrx_word' id='word_1_2' title='bbox 1321 345 1583 400; x_wconf 83' lang='lat' dir='ltr'><strong>EUSEBll</strong></span> <span class='ocrx_word' id='word_1_3' title='bbox 1622 342 2091 400; x_wconf 60' lang='lat' dir='ltr'><strong>CESARIENSIS</strong></span> <span class='ocrx_word' id='word_1_4' title='bbox 2123 344 2270 401; x_wconf 90' lang='lat' dir='ltr'><strong>OPP.</strong></span> <span class='ocrx_word' id='word_1_5' title='bbox 2311 345 2486 400; x_wconf 77' lang='lat' dir='ltr'><strong>PARS</strong></span> <span class='ocrx_word' id='word_1_6' title='bbox 2523 343 2611 399; x_wconf 78' lang='grc' dir='ltr'>ιν.</span> <span class='ocrx_word' id='word_1_7' title='bbox 2652 375 2720 386; x_wconf 90' lang='lat'><strong>--</strong></span> <span class='ocrx_word' id='word_1_8' title='bbox 2757 337 3168 400; x_wconf 67' lang='lat' dir='ltr'><strong>DOGﬂATlCA.</strong></span> 
     </span>
    </p>
   </div>
   <div class='ocr_carea' id='block_1_2' title="bbox 3769 344 3873 400">
    <p class='ocr_par' dir='ltr' id='par_1_2' title="bbox 3769 344 3873 400">
     <span class='ocr_line' id='line_1_2' title="bbox 3769 344 3873 400; baseline -0.01 0"><span class='ocrx_word' id='word_1_9' title='bbox 3769 344 3873 400; x_wconf 68' lang='lat'><strong>833</strong></span> 
     </span>
    </p>
   </div>
   <div class='ocr_carea' id='block_1_3' title="bbox 676 455 2218 529">
    <p class='ocr_par' dir='ltr' id='par_1_3' title="bbox 676 458 2209 528">
     <span class='ocr_line' id='line_1_3' title="bbox 676 458 2209 528; baseline 0.001 -16"><span class='ocrx_word' id='word_1_10' title='bbox 676 459 767 521; x_wconf 85' lang='lat' dir='ltr'><strong>btl,</strong></span> <span class='ocrx_word' id='word_1_11' title='bbox 787 461 926 528; x_wconf 89' lang='lat' dir='ltr'><strong>quod</strong></span> <span class='ocrx_word' id='word_1_12' title='bbox 953 463 996 514; x_wconf 83' lang='lat' dir='ltr'><strong>ai</strong></span> <span class='ocrx_word' id='word_1_13' title='bbox 1027 459 1170 512; x_wconf 99' lang='lat' dir='ltr'><strong>aliud</strong></span> <span class='ocrx_word' id='word_1_14' title='bbox 1203 458 1356 521; x_wconf 84' lang='lat' dir='ltr'><strong>nihil,</strong></span> <span class='ocrx_word' id='word_1_15' title='bbox 1379 469 1487 510; x_wconf 89' lang='lat' dir='ltr'><strong>tum</strong></span> <span class='ocrx_word' id='word_1_16' title='bbox 1517 468 1661 511; x_wconf 86' lang='lat' dir='ltr'><strong>certe</strong></span> <span class='ocrx_word' id='word_1_17' title='bbox 1696 459 1887 526; x_wconf 84' lang='lat' dir='ltr'><strong>liquet,</strong></span> <span class='ocrx_word' id='word_1_18' title='bbox 1926 461 2064 527; x_wconf 89' lang='lat' dir='ltr'><strong>quod</strong></span> <span class='ocrx_word' id='word_1_19' title='bbox 2107 477 2209 515; x_wconf 86' lang='lat' dir='ltr'><strong>non</strong></span> 
     </span>
    </p>
   </div>
   <div class='ocr_carea' id='block_1_4' title="bbox 2322 455 3877 529">
    <p class='ocr_par' dir='ltr' id='par_1_4' title="bbox 2322 455 3877 529">
     <span class='ocr_line' id='line_1_4' title="bbox 2322 455 3877 529; baseline 0 -19"><span class='ocrx_word' id='word_1_20' title='bbox 2322 459 2541 528; x_wconf 85' lang='grc' dir='ltr'>ιιίμασεν</span> <span class='ocrx_word' id='word_1_21' title='bbox 2571 459 2917 529; x_wconf 77' lang='grc' dir='ltr'>ἡἙκκλησία</span> <span class='ocrx_word' id='word_1_22' title='bbox 2946 457 3038 510; x_wconf 85' lang='grc' dir='ltr'>τοῦ</span> <span class='ocrx_word' id='word_1_23' title='bbox 3071 455 3225 522; x_wconf 88' lang='grc' dir='ltr'>Θεοῦ,</span> <span class='ocrx_word' id='word_1_24' title='bbox 3258 457 3370 519; x_wconf 80' lang='grc' dir='ltr'>τοῖς</span> <span class='ocrx_word' id='word_1_25' title='bbox 3388 455 3573 518; x_wconf 78' lang='grc' dir='ltr'>ἀθέοις</span> <span class='ocrx_word' id='word_1_26' title='bbox 3607 458 3768 508; x_wconf 78' lang='grc' dir='ltr'>αὐτον</span> <span class='ocrx_word' id='word_1_27' title='bbox 3795 458 3877 510; x_wconf 72' lang='lat' dir='ltr'><strong>ai-</strong></span> 
     </span>
    </p>
   </div>
   <div class='ocr_carea' id='block_1_5' title="bbox 674 546 2215 618">
    <p class='ocr_par' dir='ltr' id='par_1_5' title="bbox 674 546 2215 618">
     <span class='ocr_line' id='line_1_5' title="bbox 674 546 2215 618; baseline 0 -16"><span class='ocrx_word' id='word_1_28' title='bbox 674 546 862 602; x_wconf 85' lang='lat' dir='ltr'><strong>Filium</strong></span> <span class='ocrx_word' id='word_1_29' title='bbox 900 559 1216 618; x_wconf 83' lang='lat' dir='ltr'><strong>vere-atque</strong></span> <span class='ocrx_word' id='word_1_30' title='bbox 1242 547 1454 616; x_wconf 85' lang='lat' dir='ltr'><strong>proprie</strong></span> <span class='ocrx_word' id='word_1_31' title='bbox 1503 549 1645 601; x_wconf 93' lang='lat' dir='ltr'><strong>dicat</strong></span> <span class='ocrx_word' id='word_1_32' title='bbox 1681 590 1697 610; x_wconf 84' lang='lat'><strong>,</strong></span> <span class='ocrx_word' id='word_1_33' title='bbox 1745 551 1836 603; x_wconf 82' lang='lat' dir='ltr'><strong>sed</strong></span> <span class='ocrx_word' id='word_1_34' title='bbox 1894 549 2067 604; x_wconf 79' lang='lat' dir='ltr'><strong>Verbo</strong></span> <span class='ocrx_word' id='word_1_35' title='bbox 2108 561 2215 603; x_wconf 91' lang='lat' dir='ltr'><strong>tan-</strong></span> 
     </span>
    </p>
   </div>
   <div class='ocr_carea' id='block_1_6' title="bbox 2323 548 3128 620">
    <p class='ocr_par' dir='ltr' id='par_1_6' title="bbox 2323 548 3128 620">
     <span class='ocr_line' id='line_1_6' title="bbox 2323 548 3128 620; baseline -0.001 -19"><span class='ocrx_word' id='word_1_36' title='bbox 2323 549 2606 620; x_wconf 80' lang='grc' dir='ltr'>ρεσιώταις</span> <span class='ocrx_word' id='word_1_37' title='bbox 2627 550 2962 614; x_wconf 75' lang='grc' dir='ltr'>καταλέξασα</span> <span class='ocrx_word' id='word_1_38' title='bbox 2997 548 3042 618; x_wconf 77' lang='grc' dir='ltr'><strong>(Ι</strong></span> <span class='ocrx_word' id='word_1_39' title='bbox 3054 548 3128 615; x_wconf 85' lang='grc'><strong>5).</strong></span> 
     </span>
    </p>
   </div>
   <div class='ocr_carea' id='block_1_7' title="bbox 675 620 3876 707">
    <p class='ocr_par' dir='ltr' id='par_1_7' title="bbox 675 620 3876 707">
     <span class='ocr_line' id='line_1_7' title="bbox 675 620 3876 707; baseline -0.001 -15"><span class='ocrx_word' id='word_1_40' title='bbox 675 642 792 692; x_wconf 73' lang='lat' dir='ltr'><strong>tum</strong></span> <span class='ocrx_word' id='word_1_41' title='bbox 813 620 965 693; x_wconf 64' lang='lat' dir='ltr'><strong>lenus</strong></span> <span class='ocrx_word' id='word_1_42' title='bbox 991 651 1150 706; x_wconf 91' lang='lat' dir='ltr'><strong>atque</strong></span> <span class='ocrx_word' id='word_1_43' title='bbox 1179 639 1392 693; x_wconf 82' lang='lat' dir='ltr'><strong>nomine</strong></span> <span class='ocrx_word' id='word_1_44' title='bbox 1423 639 1810 694; x_wconf 74' lang='lat' dir='ltr'><strong>catachrestice</strong></span> <span class='ocrx_word' id='word_1_45' title='bbox 1838 642 2219 707; x_wconf 79' lang='lat' dir='ltr'><strong>usurpandum.</strong></span> <span class='ocrx_word' id='word_1_46' title='bbox 2246 639 2484 707; x_wconf 84' lang='lat' dir='ltr'><strong>Cumque</strong></span> <span class='ocrx_word' id='word_1_47' title='bbox 2521 642 2750 694; x_wconf 78' lang='lat' dir='ltr'><strong>Verlium</strong></span> <span class='ocrx_word' id='word_1_48' title='bbox 2782 643 2966 694; x_wconf 80' lang='lat' dir='ltr'><strong>doceat</strong></span> <span class='ocrx_word' id='word_1_49' title='bbox 2988 655 3146 693; x_wconf 89' lang='lat' dir='ltr'><strong>unum</strong></span> <span class='ocrx_word' id='word_1_50' title='bbox 3171 652 3289 692; x_wconf 85' lang='lat' dir='ltr'><strong>esse</strong></span> <span class='ocrx_word' id='word_1_51' title='bbox 3336 646 3494 706; x_wconf 82' lang='lat' dir='ltr'><strong>atque</strong></span> <span class='ocrx_word' id='word_1_52' title='bbox 3548 638 3690 690; x_wconf 82' lang='lat' dir='ltr'><strong>idem</strong></span> <span class='ocrx_word' id='word_1_53' title='bbox 3725 652 3876 704; x_wconf 59' lang='lat' dir='ltr'><strong>prosa</strong></span> 
     </span>
    </p>
   </div>
   <div class='ocr_carea' id='block_1_8' title="bbox 674 729 3872 800">
    <p class='ocr_par' dir='ltr' id='par_1_8' title="bbox 674 729 3872 800">
     <span class='ocr_line' id='line_1_8' title="bbox 674 729 3872 800; baseline -0.001 -17"><span class='ocrx_word' id='word_1_54' title='bbox 674 745 766 783; x_wconf 80' lang='lat' dir='ltr'><strong>sua</strong></span> <span class='ocrx_word' id='word_1_55' title='bbox 795 745 916 784; x_wconf 88' lang='lat' dir='ltr'><strong>cum</strong></span> <span class='ocrx_word' id='word_1_56' title='bbox 946 730 1092 784; x_wconf 90' lang='lat' dir='ltr'><strong>Deo:</strong></span> <span class='ocrx_word' id='word_1_57' title='bbox 1130 730 1254 784; x_wconf 87' lang='lat' dir='ltr'><strong>illtid</strong></span> <span class='ocrx_word' id='word_1_58' title='bbox 1286 745 1475 796; x_wconf 88' lang='lat' dir='ltr'><strong>nempe</strong></span> <span class='ocrx_word' id='word_1_59' title='bbox 1555 729 1780 783; x_wconf 74' lang='lat' dir='ltr'><strong>Verbum</strong></span> <span class='ocrx_word' id='word_1_60' title='bbox 1866 731 2207 782; x_wconf 87' lang='lat' dir='ltr'><strong>incarnatum</strong></span> <span class='ocrx_word' id='word_1_61' title='bbox 2238 767 2254 792; x_wconf 93' lang='lat'><strong>,</strong></span> <span class='ocrx_word' id='word_1_62' title='bbox 2307 741 2486 783; x_wconf 88' lang='lat' dir='ltr'><strong>natum</strong></span> <span class='ocrx_word' id='word_1_63' title='bbox 2543 733 2606 783; x_wconf 89' lang='lat' dir='ltr'><strong>de</strong></span> <span class='ocrx_word' id='word_1_64' title='bbox 2647 731 2860 800; x_wconf 83' lang='lat' dir='ltr'><strong>Virgine</strong></span> <span class='ocrx_word' id='word_1_65' title='bbox 2894 749 2908 784; x_wconf 89' lang='lat'><strong>:</strong></span> <span class='ocrx_word' id='word_1_66' title='bbox 2951 731 3120 795; x_wconf 77' lang='lat' dir='ltr'><strong>ipsum</strong></span> <span class='ocrx_word' id='word_1_67' title='bbox 3187 744 3304 782; x_wconf 81' lang='lat' dir='ltr'><strong>esse</strong></span> <span class='ocrx_word' id='word_1_68' title='bbox 3365 729 3526 781; x_wconf 85' lang='lat' dir='ltr'><strong>Deum</strong></span> <span class='ocrx_word' id='word_1_69' title='bbox 3571 737 3872 784; x_wconf 82' lang='lat' dir='ltr'><strong>asseverat.</strong></span> 
     </span>
    </p>
   </div>
   <div class='ocr_carea' id='block_1_9' title="bbox 673 819 3872 894">
    <p class='ocr_par' dir='ltr' id='par_1_9' title="bbox 673 819 3872 894">
     <span class='ocr_line' id='line_1_9' title="bbox 673 819 3872 894; baseline 0.002 -22"><span class='ocrx_word' id='word_1_70' title='bbox 673 819 823 886; x_wconf 85' lang='lat' dir='ltr'><strong>Quod</strong></span> <span class='ocrx_word' id='word_1_71' title='bbox 870 822 996 876; x_wconf 92' lang='lat' dir='ltr'><strong>olim</strong></span> <span class='ocrx_word' id='word_1_72' title='bbox 1047 823 1328 892; x_wconf 77' lang='lat' dir='ltr'><strong>aliquando</strong></span> <span class='ocrx_word' id='word_1_73' title='bbox 1361 838 1390 875; x_wconf 91' lang='lat' dir='ltr'><strong>a</strong></span> <span class='ocrx_word' id='word_1_74' title='bbox 1423 824 1656 878; x_wconf 85' lang='lat' dir='ltr'><strong>Sabellio</strong></span> <span class='ocrx_word' id='word_1_75' title='bbox 1689 824 1975 893; x_wconf 88' lang='lat' dir='ltr'><strong>prolatum,</strong></span> <span class='ocrx_word' id='word_1_76' title='bbox 2001 824 2068 877; x_wconf 84' lang='lat' dir='ltr'><strong>ab</strong></span> <span class='ocrx_word' id='word_1_77' title='bbox 2097 823 2333 878; x_wconf 83' lang='lat' dir='ltr'><strong>Ecclesia</strong></span> <span class='ocrx_word' id='word_1_78' title='bbox 2376 824 2479 879; x_wconf 81' lang='lat' dir='ltr'><strong>fuit</strong></span> <span class='ocrx_word' id='word_1_79' title='bbox 2524 826 2771 893; x_wconf 83' lang='lat' dir='ltr'><strong>rejectun:</strong></span> <span class='ocrx_word' id='word_1_80' title='bbox 2800 866 2816 890; x_wconf 88' lang='lat'><strong>,</strong></span> <span class='ocrx_word' id='word_1_81' title='bbox 2860 827 3131 894; x_wconf 85' lang='lat' dir='ltr'><strong>ipsiusque</strong></span> <span class='ocrx_word' id='word_1_82' title='bbox 3177 836 3364 878; x_wconf 85' lang='lat' dir='ltr'><strong>auctor</strong></span> <span class='ocrx_word' id='word_1_83' title='bbox 3439 839 3559 878; x_wconf 86' lang='lat' dir='ltr'><strong>cum</strong></span> <span class='ocrx_word' id='word_1_84' title='bbox 3606 823 3872 880; x_wconf 59' lang='lat' dir='ltr'><strong>heretici:</strong></span> 
     </span>
    </p>
   </div>
   <div class='ocr_carea' id='block_1_10' title="bbox 675 913 1316 982">
    <p class='ocr_par' dir='ltr' id='par_1_10' title="bbox 675 913 1316 982">
     <span class='ocr_line' id='line_1_10' title="bbox 675 913 1316 982; baseline 0.006 -16"><span class='ocrx_word' id='word_1_85' title='bbox 675 913 852 982; x_wconf 90' lang='lat' dir='ltr'><strong>impiis</strong></span> <span class='ocrx_word' id='word_1_86' title='bbox 916 926 1316 970; x_wconf 82' lang='lat' dir='ltr'><strong>annumeratus.</strong></span> 
     </span>
    </p>
   </div>
   <div class='ocr_carea' id='block_1_11' title="bbox 1317 1011 1558 1065">
    <p class='ocr_par' dir='ltr' id='par_1_11' title="bbox 1317 1011 1558 1065">
     <span class='ocr_line' id='line_1_11' title="bbox 1317 1011 1558 1065; baseline -0.004 0"><span class='ocrx_word' id='word_1_87' title='bbox 1317 1011 1464 1065; x_wconf 80' lang='lat' dir='ltr'><strong>CAP.</strong></span> <span class='ocrx_word' id='word_1_88' title='bbox 1499 1011 1558 1065; x_wconf 87' lang='lat' dir='ltr'><strong>Il.</strong></span> 
     </span>
    </p>
   </div>
   <div class='ocr_carea' id='block_1_12' title="bbox 675 1095 2217 1168">
    <p class='ocr_par' dir='ltr' id='par_1_12' title="bbox 675 1095 2217 1168">
     <span class='ocr_line' id='line_1_12' title="bbox 675 1095 2217 1168; baseline 0.003 -16"><span class='ocrx_word' id='word_1_89' title='bbox 675 1095 827 1164; x_wconf 80' lang='lat' dir='ltr'><strong>Quod</strong></span> <span class='ocrx_word' id='word_1_90' title='bbox 852 1114 940 1164; x_wconf 75' lang='lat' dir='ltr'><strong>per</strong></span> <span class='ocrx_word' id='word_1_91' title='bbox 969 1097 1162 1153; x_wconf 79' lang='lat' dir='ltr'><strong>Christi</strong></span> <span class='ocrx_word' id='word_1_92' title='bbox 1189 1103 1412 1168; x_wconf 84' lang='lat' dir='ltr'><strong>gratiam</strong></span> <span class='ocrx_word' id='word_1_93' title='bbox 1442 1103 1628 1154; x_wconf 80' lang='lat' dir='ltr'><strong>collata</strong></span> <span class='ocrx_word' id='word_1_94' title='bbox 1656 1111 1728 1154; x_wconf 79' lang='lat' dir='ltr'><strong>est</strong></span> <span class='ocrx_word' id='word_1_95' title='bbox 1772 1101 2015 1156; x_wconf 68' lang='lat' dir='ltr'><strong>Ecclesia</strong></span> <span class='ocrx_word' id='word_1_96' title='bbox 2049 1103 2217 1157; x_wconf 69' lang='lat' dir='ltr'><strong>excel-</strong></span> 
     </span>
    </p>
   </div>
   <div class='ocr_carea' id='block_1_13' title="bbox 845 1169 2026 1240">
    <p class='ocr_par' dir='ltr' id='par_1_13' title="bbox 845 1169 2026 1240">
     <span class='ocr_line' id='line_1_13' title="bbox 845 1169 2026 1240; baseline 0.006 -20"><span class='ocrx_word' id='word_1_97' title='bbox 845 1169 951 1221; x_wconf 75' lang='lat' dir='ltr'><strong>lens</strong></span> <span class='ocrx_word' id='word_1_98' title='bbox 974 1172 1213 1236; x_wconf 68' lang='lat' dir='ltr'><strong>quadam</strong></span> <span class='ocrx_word' id='word_1_99' title='bbox 1238 1174 1463 1240; x_wconf 82' lang='lat' dir='ltr'><strong>cognitio</strong></span> <span class='ocrx_word' id='word_1_100' title='bbox 1498 1174 1560 1224; x_wconf 80' lang='lat' dir='ltr'><strong>ile</strong></span> <span class='ocrx_word' id='word_1_101' title='bbox 1604 1170 1761 1225; x_wconf 78' lang='lat' dir='ltr'><strong>Patre</strong></span> <span class='ocrx_word' id='word_1_102' title='bbox 1782 1186 1827 1224; x_wconf 71' lang='lat' dir='ltr'><strong>rt</strong></span> <span class='ocrx_word' id='word_1_103' title='bbox 1865 1171 2026 1226; x_wconf 72' lang='lat' dir='ltr'><strong>Filio.</strong></span> 
     </span>
    </p>
   </div>
   <div class='ocr_carea' id='block_1_14' title="bbox 743 1323 2214 1394">
    <p class='ocr_par' dir='ltr' id='par_1_14' title="bbox 743 1323 2214 1394">
     <span class='ocr_line' id='line_1_14' title="bbox 743 1323 2214 1394; baseline 0.005 -17"><span class='ocrx_word' id='word_1_104' title='bbox 743 1323 993 1380; x_wconf 89' lang='lat' dir='ltr'><strong>Omnium</strong></span> <span class='ocrx_word' id='word_1_105' title='bbox 1052 1329 1317 1394; x_wconf 73' lang='lat' dir='ltr'><strong>principes</strong></span> <span class='ocrx_word' id='word_1_106' title='bbox 1362 1326 1664 1382; x_wconf 62' lang='lat' dir='ltr'><strong>Judrorum</strong></span> <span class='ocrx_word' id='word_1_107' title='bbox 1697 1329 1862 1393; x_wconf 89' lang='lat' dir='ltr'><strong>natio,</strong></span> <span class='ocrx_word' id='word_1_108' title='bbox 1900 1329 1994 1384; x_wconf 88' lang='lat' dir='ltr'><strong>Dei</strong></span> <span class='ocrx_word' id='word_1_109' title='bbox 2053 1331 2214 1386; x_wconf 83' lang='lat' dir='ltr'><strong>unius</strong></span> 
     </span>
    </p>
   </div>
   <div class='ocr_carea' id='block_1_15' title="bbox 673 1415 2215 1489">
    <p class='ocr_par' dir='ltr' id='par_1_15' title="bbox 673 1415 2215 1489">
     <span class='ocr_line' id='line_1_15' title="bbox 673 1415 2215 1489; baseline 0.005 -23"><span class='ocrx_word' id='word_1_110' title='bbox 673 1415 1031 1482; x_wconf 76' lang='lat' dir='ltr'><strong>cognitionem</strong></span> <span class='ocrx_word' id='word_1_111' title='bbox 1065 1427 1120 1470; x_wconf 87' lang='lat' dir='ltr'><strong>et</strong></span> <span class='ocrx_word' id='word_1_112' title='bbox 1172 1417 1565 1472; x_wconf 71' lang='lat' dir='ltr'><strong>confessionem</strong></span> <span class='ocrx_word' id='word_1_113' title='bbox 1619 1429 1992 1489; x_wconf 87' lang='lat' dir='ltr'><strong>susceperunt,</strong></span> <span class='ocrx_word' id='word_1_114' title='bbox 2025 1433 2215 1474; x_wconf 85' lang='lat' dir='ltr'><strong>contra</strong></span> 
     </span>
    </p>
   </div>
   <div class='ocr_carea' id='block_1_16' title="bbox 674 1503 2217 1574">
    <p class='ocr_par' dir='ltr' id='par_1_16' title="bbox 674 1503 2217 1574">
     <span class='ocr_line' id='line_1_16' title="bbox 674 1503 2217 1574; baseline 0.003 -21"><span class='ocrx_word' id='word_1_115' title='bbox 674 1515 890 1556; x_wconf 82' lang='lat' dir='ltr'><strong>errores</strong></span> <span class='ocrx_word' id='word_1_116' title='bbox 921 1503 1206 1571; x_wconf 85' lang='lat' dir='ltr'><strong>gentilitios</strong></span> <span class='ocrx_word' id='word_1_117' title='bbox 1243 1505 1308 1557; x_wconf 86' lang='lat' dir='ltr'><strong>de</strong></span> <span class='ocrx_word' id='word_1_118' title='bbox 1348 1506 1568 1560; x_wconf 88' lang='lat' dir='ltr'><strong>deorum</strong></span> <span class='ocrx_word' id='word_1_119' title='bbox 1612 1507 1971 1560; x_wconf 89' lang='lat' dir='ltr'><strong>multitudine.</strong></span> <span class='ocrx_word' id='word_1_120' title='bbox 2004 1507 2070 1558; x_wconf 79' lang='lat' dir='ltr'><strong>At</strong></span> <span class='ocrx_word' id='word_1_121' title='bbox 2095 1521 2217 1574; x_wconf 91' lang='lat' dir='ltr'><strong>gra-</strong></span> 
     </span>
    </p>
   </div>
   <div class='ocr_carea' id='block_1_17' title="bbox 676 1590 2214 1660">
    <p class='ocr_par' dir='ltr' id='par_1_17' title="bbox 676 1590 2214 1660">
     <span class='ocr_line' id='line_1_17' title="bbox 676 1590 2214 1660; baseline 0.005 -20"><span class='ocrx_word' id='word_1_122' title='bbox 676 1590 748 1643; x_wconf 89' lang='lat' dir='ltr'><strong>tia</strong></span> <span class='ocrx_word' id='word_1_123' title='bbox 775 1590 864 1644; x_wconf 90' lang='lat' dir='ltr'><strong>illa</strong></span> <span class='ocrx_word' id='word_1_124' title='bbox 918 1591 1168 1645; x_wconf 87' lang='lat' dir='ltr'><strong>salutaris</strong></span> <span class='ocrx_word' id='word_1_125' title='bbox 1226 1593 1477 1648; x_wconf 73' lang='lat' dir='ltr'><strong>Ecclesia:</strong></span> <span class='ocrx_word' id='word_1_126' title='bbox 1533 1595 1991 1660; x_wconf 83' lang='lat' dir='ltr'><strong>communicavit,</strong></span> <span class='ocrx_word' id='word_1_127' title='bbox 2055 1596 2214 1648; x_wconf 89' lang='lat' dir='ltr'><strong>veluti</strong></span> 
     </span>
    </p>
   </div>
   <div class='ocr_carea' id='block_1_18' title="bbox 676 1683 1892 1756">
    <p class='ocr_par' dir='ltr' id='par_1_18' title="bbox 676 1683 1892 1756">
     <span class='ocr_line' id='line_1_18' title="bbox 676 1683 1892 1756; baseline 0.008 -25"><span class='ocrx_word' id='word_1_128' title='bbox 676 1683 961 1750; x_wconf 77' lang='lat' dir='ltr'><strong>quamdam</strong></span> <span class='ocrx_word' id='word_1_129' title='bbox 1019 1685 1371 1739; x_wconf 78' lang='lat' dir='ltr'><strong>excellentem</strong></span> <span class='ocrx_word' id='word_1_130' title='bbox 1442 1688 1892 1756; x_wconf 67' lang='lat' dir='ltr'><strong>prerogativam,</strong></span> 
     </span>
    </p>
   </div>
   <div class='ocr_carea' id='block_1_19' title="bbox 678 1769 2219 1844">
    <p class='ocr_par' dir='ltr' id='par_1_19' title="bbox 678 1769 2219 1844">
     <span class='ocr_line' id='line_1_19' title="bbox 678 1769 2219 1844; baseline 0.006 -20"><span class='ocrx_word' id='word_1_131' title='bbox 678 1770 862 1833; x_wconf 85' lang='lat' dir='ltr'><strong>Deum,</strong></span> <span class='ocrx_word' id='word_1_132' title='bbox 893 1769 1104 1825; x_wconf 85' lang='lat' dir='ltr'><strong>Patrem</strong></span> <span class='ocrx_word' id='word_1_133' title='bbox 1130 1772 1250 1828; x_wconf 76' lang='lat' dir='ltr'><strong>Filii</strong></span> <span class='ocrx_word' id='word_1_134' title='bbox 1276 1775 1555 1844; x_wconf 87' lang='lat' dir='ltr'><strong>unigeniti,</strong></span> <span class='ocrx_word' id='word_1_135' title='bbox 1588 1776 1845 1843; x_wconf 77' lang='lat' dir='ltr'><strong>proﬁteri.</strong></span> <span class='ocrx_word' id='word_1_136' title='bbox 1881 1778 2075 1832; x_wconf 82' lang='lat' dir='ltr'><strong>Filium</strong></span> <span class='ocrx_word' id='word_1_137' title='bbox 2122 1795 2219 1834; x_wconf 92' lang='lat' dir='ltr'><strong>au-</strong></span> 
     </span>
    </p>
   </div>
   <div class='ocr_carea' id='block_1_20' title="bbox 674 1859 2222 1938">
    <p class='ocr_par' dir='ltr' id='par_1_20' title="bbox 674 1859 2222 1938">
     <span class='ocr_line' id='line_1_20' title="bbox 674 1859 2222 1938; baseline 0.01 -29"><span class='ocrx_word' id='word_1_138' title='bbox 674 1866 780 1911; x_wconf 86' lang='lat' dir='ltr'><strong>tem</strong></span> <span class='ocrx_word' id='word_1_139' title='bbox 808 1859 956 1913; x_wconf 88' lang='lat' dir='ltr'><strong>illum</strong></span> <span class='ocrx_word' id='word_1_140' title='bbox 995 1863 1170 1916; x_wconf 88' lang='lat' dir='ltr'><strong>solum</strong></span> <span class='ocrx_word' id='word_1_141' title='bbox 1212 1866 1453 1933; x_wconf 82' lang='lat' dir='ltr'><strong>agnoscit</strong></span> <span class='ocrx_word' id='word_1_142' title='bbox 1477 1864 1654 1919; x_wconf 78' lang='lat' dir='ltr'><strong>Jesuni</strong></span> <span class='ocrx_word' id='word_1_143' title='bbox 1685 1869 1976 1931; x_wconf 86' lang='lat' dir='ltr'><strong>Christum.</strong></span> <span class='ocrx_word' id='word_1_144' title='bbox 2001 1878 2222 1938; x_wconf 64' lang='lat' dir='ltr'><strong>prater-</strong></span> 
     </span>
    </p>
   </div>
   <div class='ocr_carea' id='block_1_21' title="bbox 671 1949 2219 2027">
    <p class='ocr_par' dir='ltr' id='par_1_21' title="bbox 671 1949 2219 2027">
     <span class='ocr_line' id='line_1_21' title="bbox 671 1949 2219 2027; baseline 0.009 -26"><span class='ocrx_word' id='word_1_145' title='bbox 671 1957 736 2001; x_wconf 85' lang='lat' dir='ltr'><strong>ea</strong></span> <span class='ocrx_word' id='word_1_146' title='bbox 770 1949 993 2005; x_wconf 90' lang='lat' dir='ltr'><strong>nullum.</strong></span> <span class='ocrx_word' id='word_1_147' title='bbox 1033 1952 1138 2007; x_wconf 84' lang='lat' dir='ltr'><strong>Nec</strong></span> <span class='ocrx_word' id='word_1_148' title='bbox 1183 1954 1326 2007; x_wconf 90' lang='lat' dir='ltr'><strong>illum</strong></span> <span class='ocrx_word' id='word_1_149' title='bbox 1348 1955 1640 2009; x_wconf 89' lang='lat' dir='ltr'><strong>secundum</strong></span> <span class='ocrx_word' id='word_1_150' title='bbox 1676 1959 2073 2027; x_wconf 79' lang='lat' dir='ltr'><strong>carnis,.quam</strong></span> <span class='ocrx_word' id='word_1_151' title='bbox 2105 1977 2219 2016; x_wconf 84' lang='lat' dir='ltr'><strong>sus-</strong></span> 
     </span>
    </p>
   </div>
   <div class='ocr_carea' id='block_1_22' title="bbox 670 2040 2216 2119">
    <p class='ocr_par' dir='ltr' id='par_1_22' title="bbox 670 2040 2216 2119">
     <span class='ocr_line' id='line_1_22' title="bbox 670 2040 2216 2119; baseline 0.008 -28"><span class='ocrx_word' id='word_1_152' title='bbox 670 2040 833 2106; x_wconf 85' lang='lat' dir='ltr'><strong>cepit,</strong></span> <span class='ocrx_word' id='word_1_153' title='bbox 873 2044 1271 2109; x_wconf 74' lang='lat' dir='ltr'><strong>generationem</strong></span> <span class='ocrx_word' id='word_1_154' title='bbox 1312 2043 1471 2110; x_wconf 86' lang='lat' dir='ltr'><strong>(lianc</strong></span> <span class='ocrx_word' id='word_1_155' title='bbox 1504 2047 1702 2100; x_wconf 87' lang='lat' dir='ltr'><strong>etenim</strong></span> <span class='ocrx_word' id='word_1_156' title='bbox 1734 2056 1789 2101; x_wconf 89' lang='lat' dir='ltr'><strong>et</strong></span> <span class='ocrx_word' id='word_1_157' title='bbox 1816 2050 1949 2102; x_wconf 76' lang='lat' dir='ltr'><strong>servi</strong></span> <span class='ocrx_word' id='word_1_158' title='bbox 1970 2049 2216 2119; x_wconf 79' lang='lat' dir='ltr'><strong>formant,</strong></span> 
     </span>
    </p>
   </div>
   <div class='ocr_carea' id='block_1_23' title="bbox 669 2130 2216 2207">
    <p class='ocr_par' dir='ltr' id='par_1_23' title="bbox 669 2130 2216 2207">
     <span class='ocr_line' id='line_1_23' title="bbox 669 2130 2216 2207; baseline 0.007 -24"><span class='ocrx_word' id='word_1_159' title='bbox 669 2139 728 2184; x_wconf 85' lang='lat' dir='ltr'><strong>et</strong></span> <span class='ocrx_word' id='word_1_160' title='bbox 761 2130 928 2200; x_wconf 69' lang='lat' dir='ltr'><strong>ﬁlium</strong></span> <span class='ocrx_word' id='word_1_161' title='bbox 956 2136 1177 2188; x_wconf 75' lang='lat' dir='ltr'><strong>hominis</strong></span> <span class='ocrx_word' id='word_1_162' title='bbox 1203 2152 1417 2199; x_wconf 90' lang='lat' dir='ltr'><strong>vocare,</strong></span> <span class='ocrx_word' id='word_1_163' title='bbox 1441 2137 1625 2198; x_wconf 77' lang='lat' dir='ltr'><strong>edocta</strong></span> <span class='ocrx_word' id='word_1_164' title='bbox 1648 2135 1787 2207; x_wconf 87' lang='lat' dir='ltr'><strong>luit),</strong></span> <span class='ocrx_word' id='word_1_165' title='bbox 1811 2141 1903 2193; x_wconf 88' lang='lat' dir='ltr'><strong>sed</strong></span> <span class='ocrx_word' id='word_1_166' title='bbox 1926 2141 2216 2194; x_wconf 81' lang='lat' dir='ltr'><strong>secundum</strong></span> 
     </span>
    </p>
   </div>
   <div class='ocr_carea' id='block_1_24' title="bbox 671 2218 2218 2295">
    <p class='ocr_par' dir='ltr' id='par_1_24' title="bbox 671 2218 2218 2295">
     <span class='ocr_line' id='line_1_24' title="bbox 671 2218 2218 2295; baseline 0.008 -24"><span class='ocrx_word' id='word_1_167' title='bbox 671 2218 818 2274; x_wconf 86' lang='lat' dir='ltr'><strong>illam</strong></span> <span class='ocrx_word' id='word_1_168' title='bbox 867 2222 1221 2290; x_wconf 85' lang='lat' dir='ltr'><strong>divinitatem,</strong></span> <span class='ocrx_word' id='word_1_169' title='bbox 1275 2242 1434 2295; x_wconf 90' lang='lat' dir='ltr'><strong>quam</strong></span> <span class='ocrx_word' id='word_1_170' title='bbox 1469 2241 1497 2278; x_wconf 91' lang='lat' dir='ltr'><strong>a</strong></span> <span class='ocrx_word' id='word_1_171' title='bbox 1547 2226 1702 2281; x_wconf 83' lang='lat' dir='ltr'><strong>Patre</strong></span> <span class='ocrx_word' id='word_1_172' title='bbox 1759 2239 1813 2282; x_wconf 89' lang='lat' dir='ltr'><strong>et</strong></span> <span class='ocrx_word' id='word_1_173' title='bbox 1864 2229 1972 2284; x_wconf 93' lang='lat' dir='ltr'><strong>Deo</strong></span> <span class='ocrx_word' id='word_1_174' title='bbox 2033 2232 2218 2286; x_wconf 91' lang='lat' dir='ltr'><strong>eodem</strong></span> 
     </span>
    </p>
   </div>
   <div class='ocr_carea' id='block_1_25' title="bbox 668 2309 2214 2390">
    <p class='ocr_par' dir='ltr' id='par_1_25' title="bbox 668 2309 2214 2390">
     <span class='ocr_line' id='line_1_25' title="bbox 668 2309 2214 2390; baseline 0.01 -27"><span class='ocrx_word' id='word_1_175' title='bbox 668 2309 860 2367; x_wconf 83' lang='lat' dir='ltr'><strong>habuit</strong></span> <span class='ocrx_word' id='word_1_176' title='bbox 905 2324 1030 2368; x_wconf 89' lang='lat' dir='ltr'><strong>ante</strong></span> <span class='ocrx_word' id='word_1_177' title='bbox 1064 2319 1244 2370; x_wconf 84' lang='lat' dir='ltr'><strong>omnia</strong></span> <span class='ocrx_word' id='word_1_178' title='bbox 1292 2319 1509 2383; x_wconf 68' lang='lat' dir='ltr'><strong>swcula,</strong></span> <span class='ocrx_word' id='word_1_179' title='bbox 1547 2320 1809 2382; x_wconf 85' lang='lat' dir='ltr'><strong>universis</strong></span> <span class='ocrx_word' id='word_1_180' title='bbox 1861 2323 2214 2390; x_wconf 86' lang='lat' dir='ltr'><strong>incognitam.</strong></span> 
     </span>
    </p>
   </div>
   <div class='ocr_carea' id='block_1_26' title="bbox 672 2401 2220 2479">
    <p class='ocr_par' dir='ltr' id='par_1_26' title="bbox 672 2401 2220 2479">
     <span class='ocr_line' id='line_1_26' title="bbox 672 2401 2220 2479; baseline 0.008 -24"><span class='ocrx_word' id='word_1_181' title='bbox 672 2401 979 2458; x_wconf 84' lang='lat' dir='ltr'><strong>Secundum</strong></span> <span class='ocrx_word' id='word_1_182' title='bbox 1004 2421 1165 2475; x_wconf 79' lang='lat' dir='ltr'><strong>quam</strong></span> <span class='ocrx_word' id='word_1_183' title='bbox 1191 2411 1617 2476; x_wconf 83' lang='lat' dir='ltr'><strong>generationem,</strong></span> <span class='ocrx_word' id='word_1_184' title='bbox 1651 2421 1888 2479; x_wconf 71' lang='lat' dir='ltr'><strong>paternae</strong></span> <span class='ocrx_word' id='word_1_185' title='bbox 1924 2413 2220 2468; x_wconf 78' lang='lat' dir='ltr'><strong>divinitatis</strong></span> 
     </span>
    </p>
   </div>
   <div class='ocr_carea' id='block_1_27' title="bbox 672 2492 2218 2566">
    <p class='ocr_par' dir='ltr' id='par_1_27' title="bbox 672 2492 2218 2566">
     <span class='ocr_line' id='line_1_27' title="bbox 672 2492 2218 2566; baseline 0.006 -21"><span class='ocrx_word' id='word_1_186' title='bbox 672 2492 1082 2562; x_wconf 86' lang='lat' dir='ltr'><strong>plenitudinem,</strong></span> <span class='ocrx_word' id='word_1_187' title='bbox 1115 2507 1168 2552; x_wconf 89' lang='lat' dir='ltr'><strong>et</strong></span> <span class='ocrx_word' id='word_1_188' title='bbox 1212 2500 1380 2566; x_wconf 89' lang='lat' dir='ltr'><strong>ipsum</strong></span> <span class='ocrx_word' id='word_1_189' title='bbox 1427 2501 1644 2565; x_wconf 83' lang='lat' dir='ltr'><strong>Filium,</strong></span> <span class='ocrx_word' id='word_1_190' title='bbox 1683 2502 1846 2555; x_wconf 92' lang='lat' dir='ltr'><strong>Deum</strong></span> <span class='ocrx_word' id='word_1_191' title='bbox 1893 2504 2173 2557; x_wconf 88' lang='lat' dir='ltr'><strong>constituit</strong></span> <span class='ocrx_word' id='word_1_192' title='bbox 2201 2543 2218 2565; x_wconf 91' lang='lat'><strong>,</strong></span> 
     </span>
    </p>
   </div>
   <div class='ocr_carea' id='block_1_28' title="bbox 673 2585 2214 2662">
    <p class='ocr_par' dir='ltr' id='par_1_28' title="bbox 673 2585 2214 2662">
     <span class='ocr_line' id='line_1_28' title="bbox 673 2585 2214 2662; baseline 0.008 -27"><span class='ocrx_word' id='word_1_193' title='bbox 673 2596 780 2636; x_wconf 90' lang='lat' dir='ltr'><strong>non</strong></span> <span class='ocrx_word' id='word_1_194' title='bbox 811 2600 838 2635; x_wconf 88' lang='lat' dir='ltr'><strong>a</strong></span> <span class='ocrx_word' id='word_1_195' title='bbox 869 2585 1048 2654; x_wconf 81' lang='lat' dir='ltr'><strong>seipso</strong></span> <span class='ocrx_word' id='word_1_196' title='bbox 1076 2603 1377 2655; x_wconf 85' lang='lat' dir='ltr'><strong>possessam</strong></span> <span class='ocrx_word' id='word_1_197' title='bbox 1411 2591 1491 2645; x_wconf 85' lang='lat' dir='ltr'><strong>vel</strong></span> <span class='ocrx_word' id='word_1_198' title='bbox 1522 2607 1549 2644; x_wconf 92' lang='lat' dir='ltr'><strong>a</strong></span> <span class='ocrx_word' id='word_1_199' title='bbox 1596 2592 1753 2645; x_wconf 88' lang='lat' dir='ltr'><strong>Patre</strong></span> <span class='ocrx_word' id='word_1_200' title='bbox 1798 2603 2120 2662; x_wconf 83' lang='lat' dir='ltr'><strong>separatam,</strong></span> <span class='ocrx_word' id='word_1_201' title='bbox 2155 2601 2214 2657; x_wconf 65' lang='lat'><strong>&gt;14</strong></span> 
     </span>
    </p>
   </div>
   <div class='ocr_carea' id='block_1_29' title="bbox 671 2672 2219 2749">
    <p class='ocr_par' dir='ltr' id='par_1_29' title="bbox 671 2672 2219 2749">
     <span class='ocr_line' id='line_1_29' title="bbox 671 2672 2219 2749; baseline 0.006 -21"><span class='ocrx_word' id='word_1_202' title='bbox 671 2672 767 2728; x_wconf 77' lang='lat' dir='ltr'><strong>sed</strong></span> <span class='ocrx_word' id='word_1_203' title='bbox 800 2689 897 2729; x_wconf 87' lang='lat' dir='ltr'><strong>nec</strong></span> <span class='ocrx_word' id='word_1_204' title='bbox 923 2677 1036 2730; x_wconf 86' lang='lat' dir='ltr'><strong>sine</strong></span> <span class='ocrx_word' id='word_1_205' title='bbox 1063 2679 1326 2746; x_wconf 90' lang='lat' dir='ltr'><strong>principio</strong></span> <span class='ocrx_word' id='word_1_206' title='bbox 1354 2681 1498 2733; x_wconf 87' lang='lat' dir='ltr'><strong>illam</strong></span> <span class='ocrx_word' id='word_1_207' title='bbox 1546 2691 1598 2736; x_wconf 91' lang='lat' dir='ltr'><strong>et</strong></span> <span class='ocrx_word' id='word_1_208' title='bbox 1646 2682 2011 2749; x_wconf 86' lang='lat' dir='ltr'><strong>ingeneratam</strong></span> <span class='ocrx_word' id='word_1_209' title='bbox 2047 2686 2219 2739; x_wconf 88' lang='lat' dir='ltr'><strong>deita-</strong></span> 
     </span>
    </p>
   </div>
   <div class='ocr_carea' id='block_1_30' title="bbox 670 2764 2218 2842">
    <p class='ocr_par' dir='ltr' id='par_1_30' title="bbox 670 2764 2218 2842">
     <span class='ocr_line' id='line_1_30' title="bbox 670 2764 2218 2842; baseline 0.008 -26"><span class='ocrx_word' id='word_1_210' title='bbox 670 2770 802 2826; x_wconf 80' lang='lat' dir='ltr'><strong>tem,</strong></span> <span class='ocrx_word' id='word_1_211' title='bbox 845 2764 1038 2818; x_wconf 85' lang='lat' dir='ltr'><strong>nedum</strong></span> <span class='ocrx_word' id='word_1_212' title='bbox 1090 2767 1306 2822; x_wconf 88' lang='lat' dir='ltr'><strong>aliunde</strong></span> <span class='ocrx_word' id='word_1_213' title='bbox 1339 2770 1628 2823; x_wconf 88' lang='lat' dir='ltr'><strong>derivatam</strong></span> <span class='ocrx_word' id='word_1_214' title='bbox 1661 2772 2032 2842; x_wconf 81' lang='lat' dir='ltr'><strong>peregrinam,</strong></span> <span class='ocrx_word' id='word_1_215' title='bbox 2089 2774 2218 2828; x_wconf 88' lang='lat' dir='ltr'><strong>hos-</strong></span> 
     </span>
    </p>
   </div>
   <div class='ocr_carea' id='block_1_31' title="bbox 670 2851 2216 2931">
    <p class='ocr_par' dir='ltr' id='par_1_31' title="bbox 670 2851 2216 2931">
     <span class='ocr_line' id='line_1_31' title="bbox 670 2851 2216 2931; baseline 0.01 -27"><span class='ocrx_word' id='word_1_216' title='bbox 670 2851 860 2922; x_wconf 87' lang='lat' dir='ltr'><strong>pitam,</strong></span> <span class='ocrx_word' id='word_1_217' title='bbox 897 2864 950 2908; x_wconf 90' lang='lat' dir='ltr'><strong>et</strong></span> <span class='ocrx_word' id='word_1_218' title='bbox 986 2873 1013 2908; x_wconf 89' lang='lat' dir='ltr'><strong>a</strong></span> <span class='ocrx_word' id='word_1_219' title='bbox 1041 2857 1200 2913; x_wconf 86' lang='lat' dir='ltr'><strong>Patre</strong></span> <span class='ocrx_word' id='word_1_220' title='bbox 1225 2860 1473 2922; x_wconf 87' lang='lat' dir='ltr'><strong>alienam.</strong></span> <span class='ocrx_word' id='word_1_221' title='bbox 1515 2865 1606 2915; x_wconf 85' lang='lat' dir='ltr'><strong>sed</strong></span> <span class='ocrx_word' id='word_1_222' title='bbox 1638 2863 1701 2916; x_wconf 90' lang='lat' dir='ltr'><strong>de</strong></span> <span class='ocrx_word' id='word_1_223' title='bbox 1732 2874 1952 2929; x_wconf 84' lang='lat' dir='ltr'><strong>paterna</strong></span> <span class='ocrx_word' id='word_1_224' title='bbox 1989 2866 2216 2931; x_wconf 86' lang='lat' dir='ltr'><strong>partici-</strong></span> 
     </span>
    </p>
   </div>
   <div class='ocr_carea' id='block_1_32' title="bbox 670 2941 2219 3023">
    <p class='ocr_par' dir='ltr' id='par_1_32' title="bbox 670 2941 2219 3023">
     <span class='ocr_line' id='line_1_32' title="bbox 670 2941 2219 3023; baseline 0.011 -31"><span class='ocrx_word' id='word_1_225' title='bbox 670 2941 907 3010; x_wconf 86' lang='lat' dir='ltr'><strong>patione.</strong></span> <span class='ocrx_word' id='word_1_226' title='bbox 939 2943 1101 2998; x_wconf 86' lang='lat' dir='ltr'><strong>veluti</strong></span> <span class='ocrx_word' id='word_1_227' title='bbox 1130 2947 1193 2998; x_wconf 90' lang='lat' dir='ltr'><strong>de</strong></span> <span class='ocrx_word' id='word_1_228' title='bbox 1217 2947 1329 3016; x_wconf 83' lang='lat' dir='ltr'><strong>jugi</strong></span> <span class='ocrx_word' id='word_1_229' title='bbox 1371 2960 1530 3015; x_wconf 87' lang='lat' dir='ltr'><strong>puteo</strong></span> <span class='ocrx_word' id='word_1_230' title='bbox 1566 2951 1615 3002; x_wconf 93' lang='lat' dir='ltr'><strong>in</strong></span> <span class='ocrx_word' id='word_1_231' title='bbox 1652 2953 1824 3017; x_wconf 91' lang='lat' dir='ltr'><strong>ipsum</strong></span> <span class='ocrx_word' id='word_1_232' title='bbox 1865 2951 2055 3016; x_wconf 77' lang='lat' dir='ltr'><strong>elluso,</strong></span> <span class='ocrx_word' id='word_1_233' title='bbox 2097 2971 2219 3023; x_wconf 92' lang='lat' dir='ltr'><strong>pro-</strong></span> 
     </span>
    </p>
   </div>
   <div class='ocr_carea' id='block_1_33' title="bbox 2968 1007 3225 1061">
    <p class='ocr_par' dir='ltr' id='par_1_33' title="bbox 2968 1007 3225 1061">
     <span class='ocr_line' id='line_1_33' title="bbox 2968 1007 3225 1061; baseline -0.004 0"><span class='ocrx_word' id='word_1_234' title='bbox 2968 1009 3122 1061; x_wconf 68' lang='grc' dir='ltr'>κεο.</span> <span class='ocrx_word' id='word_1_235' title='bbox 3151 1007 3225 1060; x_wconf 84' lang='lat' dir='ltr'><strong>B’.</strong></span> 
     </span>
    </p>
   </div>
   <div class='ocr_carea' id='block_1_34' title="bbox 2319 1098 3880 1167">
    <p class='ocr_par' dir='ltr' id='par_1_34' title="bbox 2319 1098 3880 1167">
     <span class='ocr_line' id='line_1_34' title="bbox 2319 1098 3880 1167; baseline 0.001 -15"><span class='ocrx_word' id='word_1_236' title='bbox 2319 1100 2447 1153; x_wconf 77' lang='grc' dir='ltr'><strong>Ὀτι</strong></span> <span class='ocrx_word' id='word_1_237' title='bbox 2494 1098 2567 1167; x_wconf 72' lang='grc' dir='ltr'><strong>τῇ</strong></span> <span class='ocrx_word' id='word_1_238' title='bbox 2609 1100 2932 1166; x_wconf 72' lang='grc' dir='ltr'>Ἐκκλησίᾳ</span> <span class='ocrx_word' id='word_1_239' title='bbox 2979 1100 3081 1153; x_wconf 82' lang='grc' dir='ltr'>τοῦ</span> <span class='ocrx_word' id='word_1_240' title='bbox 3126 1099 3270 1151; x_wconf 87' lang='grc' dir='ltr'>Θεοῦ</span> <span class='ocrx_word' id='word_1_241' title='bbox 3304 1099 3343 1164; x_wconf 84' lang='grc' dir='ltr'><em>ἠ</em></span> <span class='ocrx_word' id='word_1_242' title='bbox 3399 1099 3657 1165; x_wconf 78' lang='grc' dir='ltr'><strong>Χριστοῦ</strong></span> <span class='ocrx_word' id='word_1_243' title='bbox 3710 1098 3880 1167; x_wconf 71' lang='grc' dir='ltr'>χάρις</span> 
     </span>
    </p>
   </div>
   <div class='ocr_carea' id='block_1_35' title="bbox 2388 1167 3880 1238">
    <p class='ocr_par' dir='ltr' id='par_1_35' title="bbox 2388 1167 3880 1238">
     <span class='ocr_line' id='line_1_35' title="bbox 2388 1167 3880 1238; baseline -0.001 -15"><span class='ocrx_word' id='word_1_244' title='bbox 2388 1171 2501 1236; x_wconf 78' lang='grc' dir='ltr'><strong>τὴν</strong></span> <span class='ocrx_word' id='word_1_245' title='bbox 2542 1170 2672 1236; x_wconf 80' lang='grc' dir='ltr'>περὶ</span> <span class='ocrx_word' id='word_1_246' title='bbox 2725 1169 2950 1238; x_wconf 76' lang='grc' dir='ltr'>Πατρός</span> <span class='ocrx_word' id='word_1_247' title='bbox 2999 1170 3095 1222; x_wconf 73' lang='grc' dir='ltr'><strong>καί</strong></span> <span class='ocrx_word' id='word_1_248' title='bbox 3127 1168 3256 1224; x_wconf 85' lang='grc' dir='ltr'><strong>Υιοῦ</strong></span> <span class='ocrx_word' id='word_1_249' title='bbox 3307 1167 3532 1236; x_wconf 69' lang='grc' dir='ltr'>γνῶσιν</span> <span class='ocrx_word' id='word_1_250' title='bbox 3571 1168 3880 1234; x_wconf 73' lang='grc' dir='ltr'>ἐξαίρετον·</span> 
     </span>
    </p>
   </div>
   <div class='ocr_carea' id='block_1_36' title="bbox 2387 1240 2745 1306">
    <p class='ocr_par' dir='ltr' id='par_1_36' title="bbox 2387 1240 2745 1306">
     <span class='ocr_line' id='line_1_36' title="bbox 2387 1240 2745 1306; baseline 0 -14"><span class='ocrx_word' id='word_1_251' title='bbox 2387 1240 2745 1306; x_wconf 79' lang='grc' dir='ltr'>ἐδωρήσατο.</span> 
     </span>
    </p>
   </div>
   <div class='ocr_carea' id='block_1_37' title="bbox 2391 1328 3880 1401">
    <p class='ocr_par' dir='ltr' id='par_1_37' title="bbox 2391 1328 3880 1401">
     <span class='ocr_line' id='line_1_37' title="bbox 2391 1328 3880 1401; baseline -0.001 -19"><span class='ocrx_word' id='word_1_252' title='bbox 2391 1332 2462 1383; x_wconf 84' lang='grc' dir='ltr'>Τὸ</span> <span class='ocrx_word' id='word_1_253' title='bbox 2503 1331 2599 1400; x_wconf 79' lang='grc' dir='ltr'>μὲν</span> <span class='ocrx_word' id='word_1_254' title='bbox 2626 1330 2730 1401; x_wconf 84' lang='grc' dir='ltr'><strong>γὰρ</strong></span> <span class='ocrx_word' id='word_1_255' title='bbox 2755 1328 2884 1381; x_wconf 83' lang='grc' dir='ltr'>Θεὸν</span> <span class='ocrx_word' id='word_1_256' title='bbox 2906 1330 3181 1398; x_wconf 79' lang='grc' dir='ltr'><strong>ὁμολογεῖν</strong></span> <span class='ocrx_word' id='word_1_257' title='bbox 3197 1330 3290 1381; x_wconf 70' lang='grc' dir='ltr'>ἕνα</span> <span class='ocrx_word' id='word_1_258' title='bbox 3322 1329 3457 1399; x_wconf 81' lang='grc' dir='ltr'>πρὸς</span> <span class='ocrx_word' id='word_1_259' title='bbox 3475 1328 3880 1398; x_wconf 70' lang='grc' dir='ltr'>ἀντιδιαστολὴν</span> 
     </span>
    </p>
   </div>
   <div class='ocr_carea' id='block_1_38' title="bbox 2319 1418 3882 1490">
    <p class='ocr_par' dir='ltr' id='par_1_38' title="bbox 2319 1418 3882 1490">
     <span class='ocr_line' id='line_1_38' title="bbox 2319 1418 3882 1490; baseline -0.001 -18"><span class='ocrx_word' id='word_1_260' title='bbox 2319 1421 2416 1490; x_wconf 81' lang='grc' dir='ltr'><strong>τῆς</strong></span> <span class='ocrx_word' id='word_1_261' title='bbox 2443 1420 2704 1489; x_wconf 80' lang='grc' dir='ltr'>Ἑλλήνων</span> <span class='ocrx_word' id='word_1_262' title='bbox 2733 1418 2987 1470; x_wconf 80' lang='grc' dir='ltr'>πολυθέου</span> <span class='ocrx_word' id='word_1_263' title='bbox 3019 1419 3222 1488; x_wconf 83' lang='grc' dir='ltr'><strong>πλάνης</strong></span> <span class='ocrx_word' id='word_1_264' title='bbox 3251 1421 3454 1490; x_wconf 84' lang='grc' dir='ltr'>πρῶτοι</span> <span class='ocrx_word' id='word_1_265' title='bbox 3481 1418 3882 1490; x_wconf 70' lang='grc' dir='ltr'><strong>παρειλήφασιν</strong></span> 
     </span>
    </p>
   </div>
   <div class='ocr_carea' id='block_1_39' title="bbox 2335 1509 3881 1581">
    <p class='ocr_par' dir='ltr' id='par_1_39' title="bbox 2335 1509 3881 1581">
     <span class='ocr_line' id='line_1_39' title="bbox 2335 1509 3881 1581; baseline 0.001 -19"><span class='ocrx_word' id='word_1_266' title='bbox 2335 1510 2597 1563; x_wconf 74' lang='grc' dir='ltr'>Ἰουδαίων</span> <span class='ocrx_word' id='word_1_267' title='bbox 2630 1510 2833 1572; x_wconf 77' lang='grc' dir='ltr'>παῖδες·</span> <span class='ocrx_word' id='word_1_268' title='bbox 2861 1509 2920 1560; x_wconf 87' lang='grc' dir='ltr'><strong>τὸ</strong></span> <span class='ocrx_word' id='word_1_269' title='bbox 2955 1509 3012 1560; x_wconf 79' lang='grc' dir='ltr'><strong>δὲ</strong></span> <span class='ocrx_word' id='word_1_270' title='bbox 3063 1509 3157 1561; x_wconf 72' lang='grc' dir='ltr'>καὶ</span> <span class='ocrx_word' id='word_1_271' title='bbox 3201 1510 3416 1581; x_wconf 79' lang='grc' dir='ltr'><strong>Πατέρα</strong></span> <span class='ocrx_word' id='word_1_272' title='bbox 3443 1510 3532 1562; x_wconf 74' lang='grc' dir='ltr'><strong>τὸν</strong></span> <span class='ocrx_word' id='word_1_273' title='bbox 3565 1511 3727 1562; x_wconf 81' lang='grc' dir='ltr'>αὑτὸν</span> <span class='ocrx_word' id='word_1_274' title='bbox 3751 1511 3881 1563; x_wconf 65' lang='lat' dir='ltr'><strong>Tia-3</strong></span> 
     </span>
    </p>
   </div>
   <div class='ocr_carea' id='block_1_40' title="bbox 2325 1597 3886 1670">
    <p class='ocr_par' dir='ltr' id='par_1_40' title="bbox 2325 1597 3886 1670">
     <span class='ocr_line' id='line_1_40' title="bbox 2325 1597 3886 1670; baseline 0.001 -20"><span class='ocrx_word' id='word_1_275' title='bbox 2325 1598 2644 1670; x_wconf 78' lang='grc' dir='ltr'><strong>μονογενοῦς</strong></span> <span class='ocrx_word' id='word_1_276' title='bbox 2675 1597 2954 1668; x_wconf 78' lang='grc' dir='ltr'>γνωρίζειν</span> <span class='ocrx_word' id='word_1_277' title='bbox 2979 1599 3253 1670; x_wconf 77' lang='grc' dir='ltr'>ἐξαίρετον</span> <span class='ocrx_word' id='word_1_278' title='bbox 3285 1599 3450 1669; x_wconf 76' lang='grc' dir='ltr'>γέρας</span> <span class='ocrx_word' id='word_1_279' title='bbox 3477 1602 3511 1668; x_wconf 77' lang='grc' dir='ltr'>ἡ</span> <span class='ocrx_word' id='word_1_280' title='bbox 3536 1599 3698 1668; x_wconf 80' lang='grc' dir='ltr'>χάρις</span> <span class='ocrx_word' id='word_1_281' title='bbox 3720 1601 3752 1669; x_wconf 75' lang='grc' dir='ltr'><strong>ἡ</strong></span> <span class='ocrx_word' id='word_1_282' title='bbox 3779 1615 3886 1651; x_wconf 83' lang='grc' dir='ltr'>σω-</span> 
     </span>
    </p>
   </div>
   <div class='ocr_carea' id='block_1_41' title="bbox 1967 1689 2218 1761">
    <p class='ocr_par' dir='ltr' id='par_1_41' title="bbox 1967 1691 2213 1743">
     <span class='ocr_line' id='line_1_41' title="bbox 1967 1691 2213 1743; baseline -0.004 0"><span class='ocrx_word' id='word_1_283' title='bbox 1967 1691 2213 1743; x_wconf 86' lang='lat' dir='ltr'><strong>eumdem</strong></span> 
     </span>
    </p>
   </div>
   <div class='ocr_carea' id='block_1_42' title="bbox 2322 1689 3886 1761">
    <p class='ocr_par' dir='ltr' id='par_1_42' title="bbox 2322 1689 3886 1761">
     <span class='ocr_line' id='line_1_42' title="bbox 2322 1689 3886 1761; baseline -0.001 -18"><span class='ocrx_word' id='word_1_284' title='bbox 2322 1692 2503 1761; x_wconf 72' lang='grc' dir='ltr'>τήριος</span> <span class='ocrx_word' id='word_1_285' title='bbox 2524 1694 2589 1761; x_wconf 78' lang='grc' dir='ltr'><strong>τῇ</strong></span> <span class='ocrx_word' id='word_1_286' title='bbox 2636 1691 2926 1761; x_wconf 63' lang='grc' dir='ltr'>Ἐκκλησία</span> <span class='ocrx_word' id='word_1_287' title='bbox 2955 1689 3265 1760; x_wconf 75' lang='grc' dir='ltr'>δεδώρηται’</span> <span class='ocrx_word' id='word_1_288' title='bbox 3298 1691 3421 1742; x_wconf 78' lang='grc' dir='ltr'>Υίὸν</span> <span class='ocrx_word' id='word_1_289' title='bbox 3448 1690 3504 1742; x_wconf 82' lang='grc' dir='ltr'><strong>δὲ</strong></span> <span class='ocrx_word' id='word_1_290' title='bbox 3533 1691 3648 1758; x_wconf 86' lang='lat' dir='ltr'><strong>(l6)</strong></span> <span class='ocrx_word' id='word_1_291' title='bbox 3679 1689 3886 1758; x_wconf 79' lang='grc' dir='ltr'>Ἰησοῦν</span> 
     </span>
    </p>
   </div>
   <div class='ocr_carea' id='block_1_43' title="bbox 2323 1774 3888 1848">
    <p class='ocr_par' dir='ltr' id='par_1_43' title="bbox 2323 1774 3888 1848">
     <span class='ocr_line' id='line_1_43' title="bbox 2323 1774 3888 1848; baseline -0.003 -17"><span class='ocrx_word' id='word_1_292' title='bbox 2323 1781 2552 1848; x_wconf 78' lang='grc' dir='ltr'>Χριστὸν</span> <span class='ocrx_word' id='word_1_293' title='bbox 2590 1778 2747 1846; x_wconf 86' lang='grc' dir='ltr'>μόνον</span> <span class='ocrx_word' id='word_1_294' title='bbox 2791 1774 2897 1830; x_wconf 72' lang='grc' dir='ltr'>οἶδε</span> <span class='ocrx_word' id='word_1_295' title='bbox 2931 1777 3024 1831; x_wconf 74' lang='grc' dir='ltr'>καὶ</span> <span class='ocrx_word' id='word_1_296' title='bbox 3056 1777 3243 1830; x_wconf 79' lang='grc' dir='ltr'>οὐδένα</span> <span class='ocrx_word' id='word_1_297' title='bbox 3273 1777 3474 1847; x_wconf 71' lang='grc' dir='ltr'>ἕτερον·</span> <span class='ocrx_word' id='word_1_298' title='bbox 3504 1777 3565 1828; x_wconf 81' lang='grc' dir='ltr'>οὐ</span> <span class='ocrx_word' id='word_1_299' title='bbox 3596 1776 3739 1828; x_wconf 81' lang='grc' dir='ltr'><strong>κατά</strong></span> <span class='ocrx_word' id='word_1_300' title='bbox 3787 1775 3888 1844; x_wconf 72' lang='grc' dir='ltr'><strong>τὴν</strong></span> 
     </span>
    </p>
   </div>
   <div class='ocr_carea' id='block_1_44' title="bbox 2318 1863 3887 1938">
    <p class='ocr_par' dir='ltr' id='par_1_44' title="bbox 2318 1863 3887 1938">
     <span class='ocr_line' id='line_1_44' title="bbox 2318 1863 3887 1938; baseline -0.003 -18"><span class='ocrx_word' id='word_1_301' title='bbox 2318 1869 2416 1937; x_wconf 84' lang='grc' dir='ltr'><strong>τῆς</strong></span> <span class='ocrx_word' id='word_1_302' title='bbox 2445 1867 2662 1938; x_wconf 80' lang='grc' dir='ltr'>σαρκὸς,</span> <span class='ocrx_word' id='word_1_303' title='bbox 2697 1867 2761 1936; x_wconf 74' lang='grc' dir='ltr'>ἢν</span> <span class='ocrx_word' id='word_1_304' title='bbox 2790 1867 3060 1936; x_wconf 77' lang='grc' dir='ltr'><strong>ἀνείληφε,</strong></span> <span class='ocrx_word' id='word_1_305' title='bbox 3094 1867 3324 1932; x_wconf 85' lang='grc' dir='ltr'>γένεσιν,</span> <span class='ocrx_word' id='word_1_306' title='bbox 3354 1864 3577 1935; x_wconf 78' lang='grc' dir='ltr'><strong>(ταύτην</strong></span> <span class='ocrx_word' id='word_1_307' title='bbox 3609 1864 3721 1934; x_wconf 76' lang='grc' dir='ltr'><strong>γὰρ</strong></span> <span class='ocrx_word' id='word_1_308' title='bbox 3746 1863 3887 1917; x_wconf 67' lang='lat' dir='ltr'><strong>6mi-</strong></span> 
     </span>
    </p>
   </div>
   <div class='ocr_carea' id='block_1_45' title="bbox 2317 1955 3890 2028">
    <p class='ocr_par' dir='ltr' id='par_1_45' title="bbox 2317 1955 3890 2028">
     <span class='ocr_line' id='line_1_45' title="bbox 2317 1955 3890 2028; baseline -0.005 -14"><span class='ocrx_word' id='word_1_309' title='bbox 2317 1962 2429 2014; x_wconf 72' lang='grc' dir='ltr'>λου</span> <span class='ocrx_word' id='word_1_310' title='bbox 2443 1959 2703 2028; x_wconf 68' lang='grc' dir='ltr'>μορφὴν,</span> <span class='ocrx_word' id='word_1_311' title='bbox 2725 1959 2820 2011; x_wconf 74' lang='grc' dir='ltr'>καὶ</span> <span class='ocrx_word' id='word_1_312' title='bbox 2844 1958 2982 2012; x_wconf 77' lang='grc' dir='ltr'><strong>Υὶὸγ</strong></span> <span class='ocrx_word' id='word_1_313' title='bbox 3000 1959 3309 2026; x_wconf 80' lang='grc' dir='ltr'>ἀνθρώπου</span> <span class='ocrx_word' id='word_1_314' title='bbox 3328 1958 3511 2010; x_wconf 82' lang='grc' dir='ltr'>καλεῖν</span> <span class='ocrx_word' id='word_1_315' title='bbox 3533 1955 3890 2023; x_wconf 68' lang='grc' dir='ltr'>δεδίδακταυ)</span> 
     </span>
    </p>
   </div>
   <div class='ocr_carea' id='block_1_46' title="bbox 2319 2047 3893 2120">
    <p class='ocr_par' dir='ltr' id='par_1_46' title="bbox 2319 2047 3893 2120">
     <span class='ocr_line' id='line_1_46' title="bbox 2319 2047 3893 2120; baseline -0.005 -16"><span class='ocrx_word' id='word_1_316' title='bbox 2319 2052 2457 2104; x_wconf 73' lang='grc' dir='ltr'>κατὰ</span> <span class='ocrx_word' id='word_1_317' title='bbox 2488 2051 2544 2103; x_wconf 79' lang='grc' dir='ltr'><strong>δὲ</strong></span> <span class='ocrx_word' id='word_1_318' title='bbox 2578 2051 2674 2120; x_wconf 82' lang='grc' dir='ltr'><strong>τὴν</strong></span> <span class='ocrx_word' id='word_1_319' title='bbox 2702 2047 2762 2113; x_wconf 76' lang='grc' dir='ltr'><strong>ἐξ</strong></span> <span class='ocrx_word' id='word_1_320' title='bbox 2795 2049 2957 2102; x_wconf 81' lang='grc' dir='ltr'>αὑτοῦ</span> <span class='ocrx_word' id='word_1_321' title='bbox 2981 2049 3076 2100; x_wconf 84' lang='grc' dir='ltr'>τοῦ</span> <span class='ocrx_word' id='word_1_322' title='bbox 3110 2048 3243 2101; x_wconf 85' lang='grc' dir='ltr'><strong>Θεοῦ</strong></span> <span class='ocrx_word' id='word_1_323' title='bbox 3275 2050 3367 2101; x_wconf 80' lang='grc' dir='ltr'>καὶ</span> <span class='ocrx_word' id='word_1_324' title='bbox 3388 2047 3598 2117; x_wconf 80' lang='grc' dir='ltr'>Πατρὸς</span> <span class='ocrx_word' id='word_1_325' title='bbox 3627 2048 3733 2116; x_wconf 79' lang='grc' dir='ltr'>πρὸ</span> <span class='ocrx_word' id='word_1_326' title='bbox 3754 2048 3893 2098; x_wconf 69' lang='grc' dir='ltr'>πὰν-</span> 
     </span>
    </p>
   </div>
   <div class='ocr_carea' id='block_1_47' title="bbox 2319 2138 3894 2210">
    <p class='ocr_par' dir='ltr' id='par_1_47' title="bbox 2319 2138 3894 2210">
     <span class='ocr_line' id='line_1_47' title="bbox 2319 2138 3894 2210; baseline -0.003 -16"><span class='ocrx_word' id='word_1_327' title='bbox 2319 2160 2424 2195; x_wconf 83' lang='grc' dir='ltr'>των</span> <span class='ocrx_word' id='word_1_328' title='bbox 2451 2141 2674 2194; x_wconf 81' lang='grc' dir='ltr'>αἰώνων·</span> <span class='ocrx_word' id='word_1_329' title='bbox 2709 2142 2980 2210; x_wconf 71' lang='grc' dir='ltr'>ἄγνωστον</span> <span class='ocrx_word' id='word_1_330' title='bbox 3012 2143 3122 2203; x_wconf 79' lang='grc' dir='ltr'>τοῖς</span> <span class='ocrx_word' id='word_1_331' title='bbox 3141 2142 3272 2193; x_wconf 70' lang='grc' dir='ltr'>πᾶσι</span> <span class='ocrx_word' id='word_1_332' title='bbox 3295 2139 3414 2193; x_wconf 83' lang='grc' dir='ltr'>καθ’</span> <span class='ocrx_word' id='word_1_333' title='bbox 3439 2141 3504 2208; x_wconf 75' lang='grc' dir='ltr'>ἢν</span> <span class='ocrx_word' id='word_1_334' title='bbox 3528 2139 3592 2191; x_wconf 81' lang='grc' dir='ltr'><strong>τὸ</strong></span> <span class='ocrx_word' id='word_1_335' title='bbox 3614 2138 3894 2208; x_wconf 75' lang='grc' dir='ltr'>πλήρωμα</span> 
     </span>
    </p>
   </div>
   <div class='ocr_carea' id='block_1_48' title="bbox 2318 2229 3894 2303">
    <p class='ocr_par' dir='ltr' id='par_1_48' title="bbox 2318 2229 3894 2303">
     <span class='ocr_line' id='line_1_48' title="bbox 2318 2229 3894 2303; baseline -0.001 -20"><span class='ocrx_word' id='word_1_336' title='bbox 2318 2233 2415 2300; x_wconf 82' lang='grc' dir='ltr'><strong>τῆς</strong></span> <span class='ocrx_word' id='word_1_337' title='bbox 2471 2232 2741 2303; x_wconf 82' lang='grc' dir='ltr'><strong>πατρικῆς</strong></span> <span class='ocrx_word' id='word_1_338' title='bbox 2768 2231 3038 2300; x_wconf 84' lang='grc' dir='ltr'>θεότητος,</span> <span class='ocrx_word' id='word_1_339' title='bbox 3068 2232 3160 2283; x_wconf 81' lang='grc' dir='ltr'>καὶ</span> <span class='ocrx_word' id='word_1_340' title='bbox 3201 2231 3360 2283; x_wconf 76' lang='grc' dir='ltr'>αὑτὸν</span> <span class='ocrx_word' id='word_1_341' title='bbox 3399 2230 3548 2295; x_wconf 80' lang='grc' dir='ltr'>Υίὸν,</span> <span class='ocrx_word' id='word_1_342' title='bbox 3592 2229 3728 2282; x_wconf 78' lang='grc' dir='ltr'>Θεὸν</span> <span class='ocrx_word' id='word_1_343' title='bbox 3759 2231 3894 2281; x_wconf 73' lang='grc' dir='ltr'>ὑπε-</span> 
     </span>
    </p>
   </div>
   <div class='ocr_carea' id='block_1_49' title="bbox 2321 2319 3895 2392">
    <p class='ocr_par' dir='ltr' id='par_1_49' title="bbox 2321 2319 3895 2392">
     <span class='ocr_line' id='line_1_49' title="bbox 2321 2319 3895 2392; baseline -0.003 -18"><span class='ocrx_word' id='word_1_344' title='bbox 2321 2326 2572 2392; x_wconf 80' lang='grc' dir='ltr'>στήσατο,</span> <span class='ocrx_word' id='word_1_345' title='bbox 2613 2323 2712 2374; x_wconf 74' lang='grc' dir='ltr'>οὐκ</span> <span class='ocrx_word' id='word_1_346' title='bbox 2744 2323 3057 2392; x_wconf 86' lang='grc' dir='ltr'>ίδιόκτητον,</span> <span class='ocrx_word' id='word_1_347' title='bbox 3092 2321 3296 2374; x_wconf 79' lang='grc' dir='ltr'>καὶτοῦ</span> <span class='ocrx_word' id='word_1_348' title='bbox 3327 2320 3537 2392; x_wconf 80' lang='grc' dir='ltr'>Πατρὺς</span> <span class='ocrx_word' id='word_1_349' title='bbox 3568 2319 3895 2390; x_wconf 74' lang='grc' dir='ltr'>ἀφωρισμέ-</span> 
     </span>
    </p>
   </div>
   <div class='ocr_carea' id='block_1_50' title="bbox 2320 2409 3895 2482">
    <p class='ocr_par' dir='ltr' id='par_1_50' title="bbox 2320 2409 3895 2482">
     <span class='ocr_line' id='line_1_50' title="bbox 2320 2409 3895 2482; baseline 0 -20"><span class='ocrx_word' id='word_1_350' title='bbox 2320 2429 2434 2479; x_wconf 81' lang='grc' dir='ltr'>νην,</span> <span class='ocrx_word' id='word_1_351' title='bbox 2467 2412 2572 2464; x_wconf 74' lang='grc' dir='ltr'>οὐδ’</span> <span class='ocrx_word' id='word_1_352' title='bbox 2606 2412 2837 2482; x_wconf 79' lang='grc' dir='ltr'>ἀναρχόν</span> <span class='ocrx_word' id='word_1_353' title='bbox 2868 2430 2988 2466; x_wconf 90' lang='grc' dir='ltr'>τινα</span> <span class='ocrx_word' id='word_1_354' title='bbox 3033 2414 3126 2466; x_wconf 75' lang='grc' dir='ltr'>καὶ</span> <span class='ocrx_word' id='word_1_355' title='bbox 3159 2411 3466 2482; x_wconf 75' lang='grc' dir='ltr'>ἀγέννητον,</span> <span class='ocrx_word' id='word_1_356' title='bbox 3499 2409 3622 2464; x_wconf 64' lang='grc' dir='ltr'><strong>οὐδὲ</strong></span> <span class='ocrx_word' id='word_1_357' title='bbox 3666 2409 3895 2464; x_wconf 75' lang='grc' dir='ltr'>ἄλλοθέν</span> 
     </span>
    </p>
   </div>
   <div class='ocr_carea' id='block_1_51' title="bbox 2321 2501 3895 2576">
    <p class='ocr_par' dir='ltr' id='par_1_51' title="bbox 2321 2501 3895 2576">
     <span class='ocr_line' id='line_1_51' title="bbox 2321 2501 3895 2576; baseline -0.004 -18"><span class='ocrx_word' id='word_1_358' title='bbox 2321 2506 2481 2558; x_wconf 86' lang='grc' dir='ltr'>ποθεν</span> <span class='ocrx_word' id='word_1_359' title='bbox 2512 2505 2666 2574; x_wconf 80' lang='grc' dir='ltr'>ξένην</span> <span class='ocrx_word' id='word_1_360' title='bbox 2698 2505 2792 2558; x_wconf 76' lang='grc' dir='ltr'><strong>κα)⁵</strong></span> <span class='ocrx_word' id='word_1_361' title='bbox 2837 2504 2929 2557; x_wconf 87' lang='grc' dir='ltr'>τοῦ</span> <span class='ocrx_word' id='word_1_362' title='bbox 2960 2504 3169 2576; x_wconf 77' lang='grc' dir='ltr'>Πατρὸς</span> <span class='ocrx_word' id='word_1_363' title='bbox 3203 2503 3485 2572; x_wconf 77' lang='grc' dir='ltr'>ἀλλοτρίαν</span> <span class='ocrx_word' id='word_1_364' title='bbox 3523 2501 3895 2570; x_wconf 68' lang='grc' dir='ltr'>ἐφελκόμενον</span> 
     </span>
    </p>
   </div>
   <div class='ocr_carea' id='block_1_52' title="bbox 2321 2591 3893 2666">
    <p class='ocr_par' dir='ltr' id='par_1_52' title="bbox 2321 2591 3893 2666">
     <span class='ocr_line' id='line_1_52' title="bbox 2321 2591 3893 2666; baseline -0.004 -17"><span class='ocrx_word' id='word_1_365' title='bbox 2321 2597 2563 2666; x_wconf 84' lang='grc' dir='ltr'>θεότητα,</span> <span class='ocrx_word' id='word_1_366' title='bbox 2590 2597 2648 2662; x_wconf 77' lang='grc' dir='ltr'><strong>ἐξ</strong></span> <span class='ocrx_word' id='word_1_367' title='bbox 2676 2597 2846 2664; x_wconf 79' lang='grc' dir='ltr'>αὐτῆς</span> <span class='ocrx_word' id='word_1_368' title='bbox 2870 2596 2926 2648; x_wconf 84' lang='grc' dir='ltr'><strong>δὲ</strong></span> <span class='ocrx_word' id='word_1_369' title='bbox 2951 2595 3048 2664; x_wconf 85' lang='grc' dir='ltr'><strong>τῆς</strong></span> <span class='ocrx_word' id='word_1_370' title='bbox 3085 2594 3356 2665; x_wconf 81' lang='grc' dir='ltr'>πατρικῆς</span> <span class='ocrx_word' id='word_1_371' title='bbox 3392 2593 3680 2664; x_wconf 79' lang='grc' dir='ltr'>μετουσίας</span> <span class='ocrx_word' id='word_1_372' title='bbox 3695 2591 3893 2662; x_wconf 73' lang='grc' dir='ltr'>ὥσπερ</span> 
     </span>
    </p>
   </div>
   <div class='ocr_carea' id='block_1_53' title="bbox 2320 2684 3892 2758">
    <p class='ocr_par' dir='ltr' id='par_1_53' title="bbox 2320 2684 3892 2758">
     <span class='ocr_line' id='line_1_53' title="bbox 2320 2684 3892 2758; baseline -0.003 -16"><span class='ocrx_word' id='word_1_373' title='bbox 2320 2689 2426 2742; x_wconf 81' lang='grc' dir='ltr'>ἀπὸ</span> <span class='ocrx_word' id='word_1_374' title='bbox 2476 2689 2678 2758; x_wconf 87' lang='grc' dir='ltr'>πηγῆς,</span> <span class='ocrx_word' id='word_1_375' title='bbox 2727 2690 2812 2742; x_wconf 73' lang='grc' dir='ltr'><strong>ἐπ’</strong></span> <span class='ocrx_word' id='word_1_376' title='bbox 2865 2687 3024 2741; x_wconf 74' lang='grc' dir='ltr'>αὐτὸν</span> <span class='ocrx_word' id='word_1_377' title='bbox 3072 2687 3436 2758; x_wconf 81' lang='grc' dir='ltr'>προχεομένης</span> <span class='ocrx_word' id='word_1_378' title='bbox 3484 2684 3892 2756; x_wconf 79' lang='grc' dir='ltr'>πληρούμενον.</span> 
     </span>
    </p>
   </div>
   <div class='ocr_carea' id='block_1_54' title="bbox 2319 2775 3893 2851">
    <p class='ocr_par' dir='ltr' id='par_1_54' title="bbox 2319 2775 3893 2851">
     <span class='ocr_line' id='line_1_54' title="bbox 2319 2775 3893 2851; baseline -0.004 -16"><span class='ocrx_word' id='word_1_379' title='bbox 2319 2782 2478 2850; x_wconf 76' lang='grc' dir='ltr'>Μόνῳ</span> <span class='ocrx_word' id='word_1_380' title='bbox 2501 2780 2608 2851; x_wconf 80' lang='grc' dir='ltr'><strong>γὰρ</strong></span> <span class='ocrx_word' id='word_1_381' title='bbox 2625 2783 2681 2833; x_wconf 79' lang='grc' dir='ltr'>ὲν</span> <span class='ocrx_word' id='word_1_382' title='bbox 2705 2779 2852 2850; x_wconf 79' lang='grc' dir='ltr'><strong>αὐτῷ</strong></span> <span class='ocrx_word' id='word_1_383' title='bbox 2870 2781 2976 2834; x_wconf 78' lang='grc' dir='ltr'>πᾶν</span> <span class='ocrx_word' id='word_1_384' title='bbox 3003 2780 3070 2834; x_wconf 78' lang='grc' dir='ltr'><strong>τὸ</strong></span> <span class='ocrx_word' id='word_1_385' title='bbox 3098 2778 3383 2846; x_wconf 75' lang='grc' dir='ltr'>πλήρωμα</span> <span class='ocrx_word' id='word_1_386' title='bbox 3411 2777 3523 2846; x_wconf 86' lang='lat' dir='ltr'><strong>(l7)</strong></span> <span class='ocrx_word' id='word_1_387' title='bbox 3545 2775 3656 2845; x_wconf 77' lang='grc' dir='ltr'><strong>τῆς</strong></span> <span class='ocrx_word' id='word_1_388' title='bbox 3679 2790 3893 2844; x_wconf 73' lang='grc' dir='ltr'>πατρι-</span> 
     </span>
    </p>
   </div>
   <div class='ocr_carea' id='block_1_55' title="bbox 2318 2866 3894 2939">
    <p class='ocr_par' dir='ltr' id='par_1_55' title="bbox 2318 2866 3894 2939">
     <span class='ocr_line' id='line_1_55' title="bbox 2318 2866 3894 2939; baseline -0.004 -14"><span class='ocrx_word' id='word_1_389' title='bbox 2318 2871 2430 2937; x_wconf 83' lang='grc' dir='ltr'>κῆς</span> <span class='ocrx_word' id='word_1_390' title='bbox 2474 2873 2701 2924; x_wconf 77' lang='grc' dir='ltr'>ἐνοικεῖν</span> <span class='ocrx_word' id='word_1_391' title='bbox 2755 2873 3049 2936; x_wconf 86' lang='grc' dir='ltr'>θεότητος,</span> <span class='ocrx_word' id='word_1_392' title='bbox 3100 2871 3129 2923; x_wconf 81' lang='grc' dir='ltr'><strong>ὁ</strong></span> <span class='ocrx_word' id='word_1_393' title='bbox 3182 2868 3352 2939; x_wconf 76' lang='grc' dir='ltr'>μέγας</span> <span class='ocrx_word' id='word_1_394' title='bbox 3405 2867 3720 2920; x_wconf 74' lang='grc' dir='ltr'>ἐπαίδευσεν</span> <span class='ocrx_word' id='word_1_395' title='bbox 3773 2866 3894 2936; x_wconf 76' lang='grc'><strong>(18)</strong></span> 
     </span>
    </p>
   </div>
   <div class='ocr_carea' id='block_1_56' title="bbox 2329 2957 3893 3033">
    <p class='ocr_par' dir='ltr' id='par_1_56' title="bbox 2329 2957 3893 3033">
     <span class='ocr_line' id='line_1_56' title="bbox 2329 2957 3893 3033; baseline -0.003 -18"><span class='ocrx_word' id='word_1_396' title='bbox 2329 2963 2663 3026; x_wconf 69' lang='grc' dir='ltr'>Ἀπόστολος.</span> <span class='ocrx_word' id='word_1_397' title='bbox 2709 2963 2798 3016; x_wconf 83' lang='grc' dir='ltr'><strong>Διὸ</strong></span> <span class='ocrx_word' id='word_1_398' title='bbox 2835 2964 2900 3032; x_wconf 80' lang='grc' dir='ltr'><strong>δὴ</strong></span> <span class='ocrx_word' id='word_1_399' title='bbox 2931 2957 3010 3026; x_wconf 78' lang='grc' dir='ltr'>εἷς</span> <span class='ocrx_word' id='word_1_400' title='bbox 3041 2963 3172 3026; x_wconf 79' lang='grc' dir='ltr'>Θεὸς</span> <span class='ocrx_word' id='word_1_401' title='bbox 3202 2965 3267 3033; x_wconf 79' lang='grc' dir='ltr'><strong>τῇ</strong></span> <span class='ocrx_word' id='word_1_402' title='bbox 3309 2961 3602 3031; x_wconf 65' lang='grc' dir='ltr'>Ἐκκλησία</span> <span class='ocrx_word' id='word_1_403' title='bbox 3623 2960 3719 3012; x_wconf 83' lang='grc' dir='ltr'><strong>τοῦ</strong></span> <span class='ocrx_word' id='word_1_404' title='bbox 3749 2957 3893 3011; x_wconf 84' lang='grc' dir='ltr'>Θεοῦ</span> 
     </span>
    </p>
   </div>
   <div class='ocr_carea' id='block_1_57' title="bbox 671 3037 2218 3123">
    <p class='ocr_par' dir='ltr' id='par_1_57' title="bbox 671 3037 2214 3107">
     <span class='ocr_line' id='line_1_57' title="bbox 671 3037 2214 3107; baseline 0.013 -25"><span class='ocrx_word' id='word_1_405' title='bbox 671 3043 919 3101; x_wconf 78' lang='lat' dir='ltr'><strong>pagatam</strong></span> <span class='ocrx_word' id='word_1_406' title='bbox 964 3051 1087 3088; x_wconf 91' lang='lat' dir='ltr'><strong>cum</strong></span> <span class='ocrx_word' id='word_1_407' title='bbox 1141 3037 1488 3104; x_wconf 85' lang='lat' dir='ltr'><strong>plenitudine.</strong></span> <span class='ocrx_word' id='word_1_408' title='bbox 1543 3042 1820 3107; x_wconf 80' lang='lat' dir='ltr'><strong>Siquidem</strong></span> <span class='ocrx_word' id='word_1_409' title='bbox 1863 3044 1917 3096; x_wconf 91' lang='lat' dir='ltr'><strong>in</strong></span> <span class='ocrx_word' id='word_1_410' title='bbox 1971 3045 2058 3099; x_wconf 87' lang='lat' dir='ltr'><strong>illo</strong></span> <span class='ocrx_word' id='word_1_411' title='bbox 2097 3049 2214 3102; x_wconf 89' lang='lat' dir='ltr'><strong>solo</strong></span> 
     </span>
    </p>
   </div>
   <div class='ocr_carea' id='block_1_58' title="bbox 2322 3037 3896 3123">
    <p class='ocr_par' dir='ltr' id='par_1_58' title="bbox 2322 3042 3896 3122">
     <span class='ocr_line' id='line_1_58' title="bbox 2322 3042 3896 3122; baseline -0.003 -19"><span class='ocrx_word' id='word_1_412' title='bbox 2322 3052 2661 3121; x_wconf 83' lang='grc' dir='ltr'>κηρύττεται·</span> <span class='ocrx_word' id='word_1_413' title='bbox 2681 3052 2774 3104; x_wconf 75' lang='grc' dir='ltr'>καὶ</span> <span class='ocrx_word' id='word_1_414' title='bbox 2804 3053 2902 3104; x_wconf 81' lang='grc' dir='ltr'>οὐκ</span> <span class='ocrx_word' id='word_1_415' title='bbox 2935 3052 3078 3104; x_wconf 79' lang='grc' dir='ltr'>ἔστιν</span> <span class='ocrx_word' id='word_1_416' title='bbox 3097 3051 3282 3122; x_wconf 68' lang='grc' dir='ltr'>ἔτερος</span> <span class='ocrx_word' id='word_1_417' title='bbox 3319 3050 3456 3122; x_wconf 87' lang='grc' dir='ltr'>πλὴν</span> <span class='ocrx_word' id='word_1_418' title='bbox 3481 3049 3671 3103; x_wconf 80' lang='grc' dir='ltr'>αὐτοῦ’</span> <span class='ocrx_word' id='word_1_419' title='bbox 3705 3042 3796 3111; x_wconf 77' lang='grc' dir='ltr'><strong>εἷς</strong></span> <span class='ocrx_word' id='word_1_420' title='bbox 3833 3047 3896 3100; x_wconf 66' lang='grc' dir='ltr'>δι</span> 
     </span>
    </p>
   </div>
   <div class='ocr_carea' id='block_1_59' title="bbox 674 3118 2218 3213">
    <p class='ocr_par' dir='ltr' id='par_1_59' title="bbox 674 3118 2218 3201">
     <span class='ocr_line' id='line_1_59' title="bbox 674 3118 2218 3201; baseline 0.01 -28"><span class='ocrx_word' id='word_1_421' title='bbox 674 3118 921 3176; x_wconf 77' lang='lat' dir='ltr'><strong>habitare</strong></span> <span class='ocrx_word' id='word_1_422' title='bbox 966 3124 1335 3190; x_wconf 80' lang='lat' dir='ltr'><strong>plenitudinem</strong></span> <span class='ocrx_word' id='word_1_423' title='bbox 1387 3139 1617 3193; x_wconf 73' lang='lat' dir='ltr'><strong>paterna:</strong></span> <span class='ocrx_word' id='word_1_424' title='bbox 1670 3131 1881 3184; x_wconf 78' lang='lat' dir='ltr'><strong>deitatis</strong></span> <span class='ocrx_word' id='word_1_425' title='bbox 1912 3132 1956 3162; x_wconf 75' lang='grc'><strong>’⁵⁸</strong></span> <span class='ocrx_word' id='word_1_426' title='bbox 1997 3149 2218 3201; x_wconf 75' lang='lat' dir='ltr'><strong>magnus</strong></span> 
     </span>
    </p>
   </div>
   <div class='ocr_carea' id='block_1_60' title="bbox 2322 3118 3897 3213">
    <p class='ocr_par' dir='ltr' id='par_1_60' title="bbox 2328 3118 3897 3213">
     <span class='ocr_line' id='line_1_60' title="bbox 2328 3118 3897 3213; baseline -0.002 -19"><span class='ocrx_word' id='word_1_427' title='bbox 2328 3118 2421 3194; x_wconf 72' lang='grc' dir='ltr'>καὶ</span> <span class='ocrx_word' id='word_1_428' title='bbox 2475 3142 2764 3213; x_wconf 79' lang='grc' dir='ltr'>μονογενὴς</span> <span class='ocrx_word' id='word_1_429' title='bbox 2789 3141 2883 3194; x_wconf 81' lang='grc' dir='ltr'>τοῦ</span> <span class='ocrx_word' id='word_1_430' title='bbox 2916 3141 3049 3196; x_wconf 86' lang='grc' dir='ltr'>Θεοῦ</span> <span class='ocrx_word' id='word_1_431' title='bbox 3080 3118 3226 3208; x_wconf 64' lang='grc' dir='ltr'>τιδέ,</span> <span class='ocrx_word' id='word_1_432' title='bbox 3277 3118 3439 3196; x_wconf 80' lang='grc' dir='ltr'>είκὼν</span> <span class='ocrx_word' id='word_1_433' title='bbox 3482 3141 3580 3211; x_wconf 77' lang='grc' dir='ltr'><strong>τῆς</strong></span> <span class='ocrx_word' id='word_1_434' title='bbox 3610 3141 3897 3209; x_wconf 75' lang='grc' dir='ltr'>πατρικῆς</span> 
     </span>
    </p>
   </div>
   <div class='ocr_carea' id='block_1_61' title="bbox 673 3209 2218 3281">
    <p class='ocr_par' dir='ltr' id='par_1_61' title="bbox 673 3209 2218 3281">
     <span class='ocr_line' id='line_1_61' title="bbox 673 3209 2218 3281; baseline 0.009 -18"><span class='ocrx_word' id='word_1_435' title='bbox 673 3209 890 3265; x_wconf 89' lang='lat' dir='ltr'><strong>edocuit</strong></span> <span class='ocrx_word' id='word_1_436' title='bbox 938 3216 1243 3281; x_wconf 78' lang='lat' dir='ltr'><strong>Apostolus.</strong></span> <span class='ocrx_word' id='word_1_437' title='bbox 1311 3216 1458 3271; x_wconf 82' lang='lat' dir='ltr'><strong>Hauc</strong></span> <span class='ocrx_word' id='word_1_438' title='bbox 1502 3220 1570 3272; x_wconf 90' lang='lat' dir='ltr'><strong>ob</strong></span> <span class='ocrx_word' id='word_1_439' title='bbox 1623 3235 1840 3273; x_wconf 88' lang='lat' dir='ltr'><strong>causam</strong></span> <span class='ocrx_word' id='word_1_440' title='bbox 1890 3221 1943 3274; x_wconf 91' lang='lat' dir='ltr'><strong>in</strong></span> <span class='ocrx_word' id='word_1_441' title='bbox 1981 3222 2218 3278; x_wconf 85' lang='lat' dir='ltr'><strong>Ecclesia</strong></span> 
     </span>
    </p>
   </div>
   <div class='ocr_carea' id='block_1_62' title="bbox 2330 3231 3188 3302">
    <p class='ocr_par' dir='ltr' id='par_1_62' title="bbox 2330 3231 3188 3302">
     <span class='ocr_line' id='line_1_62' title="bbox 2330 3231 3188 3302; baseline 0.005 -18"><span class='ocrx_word' id='word_1_442' title='bbox 2330 3232 2598 3302; x_wconf 85' lang='grc' dir='ltr'>θεότητος,</span> <span class='ocrx_word' id='word_1_443' title='bbox 2621 3233 2715 3286; x_wconf 77' lang='grc' dir='ltr'>καὶ</span> <span class='ocrx_word' id='word_1_444' title='bbox 2745 3231 2831 3288; x_wconf 82' lang='grc' dir='ltr'><strong>διὰ</strong></span> <span class='ocrx_word' id='word_1_445' title='bbox 2857 3231 3014 3286; x_wconf 82' lang='grc' dir='ltr'>τοῦτο</span> <span class='ocrx_word' id='word_1_446' title='bbox 3037 3231 3188 3296; x_wconf 80' lang='grc' dir='ltr'>Θεός.</span> 
     </span>
    </p>
   </div>
   <div class='ocr_carea' id='block_1_63' title="bbox 674 3301 3894 3390">
    <p class='ocr_par' dir='ltr' id='par_1_63' title="bbox 674 3301 3894 3390">
     <span class='ocr_line' id='line_1_63' title="bbox 674 3301 3894 3390; baseline 0.006 -36"><span class='ocrx_word' id='word_1_447' title='bbox 674 3316 816 3355; x_wconf 88' lang='lat' dir='ltr'><strong>unus</strong></span> <span class='ocrx_word' id='word_1_448' title='bbox 841 3301 986 3357; x_wconf 83' lang='lat' dir='ltr'><strong>solus</strong></span> <span class='ocrx_word' id='word_1_449' title='bbox 1019 3304 1158 3357; x_wconf 88' lang='lat' dir='ltr'><strong>Deus</strong></span> <span class='ocrx_word' id='word_1_450' title='bbox 1184 3307 1534 3360; x_wconf 85' lang='lat' dir='ltr'><strong>annuntiatur</strong></span> <span class='ocrx_word' id='word_1_451' title='bbox 1561 3327 1572 3360; x_wconf 89' lang='lat'>:</span> <span class='ocrx_word' id='word_1_452' title='bbox 1603 3324 1773 3376; x_wconf 88' lang='lat' dir='ltr'><strong>neque</strong></span> <span class='ocrx_word' id='word_1_453' title='bbox 1791 3310 1926 3364; x_wconf 89' lang='lat' dir='ltr'><strong>alius</strong></span> <span class='ocrx_word' id='word_1_454' title='bbox 1949 3314 2217 3382; x_wconf 87' lang='lat' dir='ltr'><strong>quispiam</strong></span> <span class='ocrx_word' id='word_1_455' title='bbox 2258 3330 2451 3386; x_wconf 69' lang='lat' dir='ltr'><strong>prmter</strong></span> <span class='ocrx_word' id='word_1_456' title='bbox 2476 3301 2482 3302; x_wconf 23' lang='grc'><strong><em>⁷</em></strong></span> <span class='ocrx_word' id='word_1_457' title='bbox 2511 3337 2632 3376; x_wconf 88' lang='lat' dir='ltr'><strong>eum</strong></span> <span class='ocrx_word' id='word_1_458' title='bbox 2667 3341 2681 3377; x_wconf 90' lang='lat'><strong>:</strong></span> <span class='ocrx_word' id='word_1_459' title='bbox 2738 3337 2877 3377; x_wconf 90' lang='lat' dir='ltr'><strong>unus</strong></span> <span class='ocrx_word' id='word_1_460' title='bbox 2947 3322 3132 3376; x_wconf 88' lang='lat' dir='ltr'><strong>itidem</strong></span> <span class='ocrx_word' id='word_1_461' title='bbox 3187 3321 3278 3377; x_wconf 88' lang='lat' dir='ltr'><strong>Dei</strong></span> <span class='ocrx_word' id='word_1_462' title='bbox 3325 3318 3490 3377; x_wconf 81' lang='lat' dir='ltr'><strong>Filius</strong></span> <span class='ocrx_word' id='word_1_463' title='bbox 3548 3321 3894 3390; x_wconf 75' lang='lat' dir='ltr'><strong>unigenitus,</strong></span> 
     </span>
    </p>
   </div>
   <div class='ocr_carea' id='block_1_64' title="bbox 674 3394 2431 3481">
    <p class='ocr_par' dir='ltr' id='par_1_64' title="bbox 674 3394 2431 3481">
     <span class='ocr_line' id='line_1_64' title="bbox 674 3394 2431 3481; baseline 0.011 -32"><span class='ocrx_word' id='word_1_464' title='bbox 674 3394 850 3466; x_wconf 72' lang='lat' dir='ltr'><strong>imago</strong></span> <span class='ocrx_word' id='word_1_465' title='bbox 895 3408 1132 3465; x_wconf 71' lang='lat' dir='ltr'><strong>paterna:</strong></span> <span class='ocrx_word' id='word_1_466' title='bbox 1186 3398 1420 3466; x_wconf 87' lang='lat' dir='ltr'><strong>deitatis,</strong></span> <span class='ocrx_word' id='word_1_467' title='bbox 1481 3409 1640 3468; x_wconf 88' lang='lat' dir='ltr'><strong>atque</strong></span> <span class='ocrx_word' id='word_1_468' title='bbox 1693 3403 1764 3456; x_wconf 84' lang='lat' dir='ltr'><strong>ita</strong></span> <span class='ocrx_word' id='word_1_469' title='bbox 1816 3403 1954 3459; x_wconf 90' lang='lat' dir='ltr'><strong>Deus</strong></span> <span class='ocrx_word' id='word_1_470' title='bbox 1989 3408 2057 3460; x_wconf 89' lang='lat' dir='ltr'><strong>ob</strong></span> <span class='ocrx_word' id='word_1_471' title='bbox 2100 3408 2201 3463; x_wconf 92' lang='lat' dir='ltr'><strong>hoc</strong></span> <span class='ocrx_word' id='word_1_472' title='bbox 2238 3411 2431 3481; x_wconf 89' lang='lat' dir='ltr'><strong>ipsum.</strong></span> 
     </span>
    </p>
   </div>
   <div class='ocr_carea' id='block_1_65' title="bbox 1293 3493 1572 3549">
    <p class='ocr_par' dir='ltr' id='par_1_65' title="bbox 1293 3493 1572 3549">
     <span class='ocr_line' id='line_1_65' title="bbox 1293 3493 1572 3549; baseline 0.011 -3"><span class='ocrx_word' id='word_1_473' title='bbox 1293 3493 1442 3548; x_wconf 82' lang='lat' dir='ltr'><strong>CAP.</strong></span> <span class='ocrx_word' id='word_1_474' title='bbox 1489 3493 1572 3549; x_wconf 89' lang='lat' dir='ltr'><strong>Ill.</strong></span> 
     </span>
    </p>
   </div>
   <div class='ocr_carea' id='block_1_66' title="bbox 677 3583 2223 3657">
    <p class='ocr_par' dir='ltr' id='par_1_66' title="bbox 677 3583 2223 3657">
     <span class='ocr_line' id='line_1_66' title="bbox 677 3583 2223 3657; baseline 0.007 -21"><span class='ocrx_word' id='word_1_475' title='bbox 677 3583 830 3649; x_wconf 73' lang='lat' dir='ltr'><strong>Quod</strong></span> <span class='ocrx_word' id='word_1_476' title='bbox 863 3586 1318 3657; x_wconf 19' lang='lat' dir='ltr'><strong>oariiaﬂerroribus</strong></span> <span class='ocrx_word' id='word_1_477' title='bbox 1371 3589 1610 3656; x_wconf 84' lang='lat' dir='ltr'><strong>impliciti</strong></span> <span class='ocrx_word' id='word_1_478' title='bbox 1641 3593 1948 3657; x_wconf 77' lang='lat' dir='ltr'><strong>erraverint,</strong></span> <span class='ocrx_word' id='word_1_479' title='bbox 1985 3594 2048 3645; x_wconf 82' lang='lat' dir='ltr'><strong>de</strong></span> <span class='ocrx_word' id='word_1_480' title='bbox 2083 3592 2223 3648; x_wconf 81' lang='lat' dir='ltr'><strong>Filio</strong></span> 
     </span>
    </p>
   </div>
   <div class='ocr_carea' id='block_1_67' title="bbox 1007 3656 1894 3714">
    <p class='ocr_par' dir='ltr' id='par_1_67' title="bbox 1007 3656 1894 3714">
     <span class='ocr_line' id='line_1_67' title="bbox 1007 3656 1894 3714; baseline 0.005 -6"><span class='ocrx_word' id='word_1_481' title='bbox 1007 3656 1210 3709; x_wconf 73' lang='lat' dir='ltr'><strong>diversa</strong></span> <span class='ocrx_word' id='word_1_482' title='bbox 1240 3659 1515 3711; x_wconf 76' lang='lat' dir='ltr'><strong>sentientes</strong></span> <span class='ocrx_word' id='word_1_483' title='bbox 1548 3661 1610 3710; x_wconf 83' lang='lat' dir='ltr'><strong>ab</strong></span> <span class='ocrx_word' id='word_1_484' title='bbox 1639 3658 1894 3714; x_wconf 81' lang='lat' dir='ltr'><strong>Ecclesia.</strong></span> 
     </span>
    </p>
   </div>
   <div class='ocr_carea' id='block_1_68' title="bbox 747 3741 2217 3820">
    <p class='ocr_par' dir='ltr' id='par_1_68' title="bbox 747 3741 2217 3820">
     <span class='ocr_line' id='line_1_68' title="bbox 747 3741 2217 3820; baseline 0.008 -24"><span class='ocrx_word' id='word_1_485' title='bbox 747 3741 913 3810; x_wconf 86' lang='lat' dir='ltr'><strong>Quam</strong></span> <span class='ocrx_word' id='word_1_486' title='bbox 943 3745 1158 3813; x_wconf 90' lang='lat' dir='ltr'><strong>quidem</strong></span> <span class='ocrx_word' id='word_1_487' title='bbox 1185 3747 1465 3815; x_wconf 72' lang='lat' dir='ltr'><strong>theologia:</strong></span> <span class='ocrx_word' id='word_1_488' title='bbox 1501 3749 1764 3804; x_wconf 80' lang='lat' dir='ltr'><strong>rationem</strong></span> <span class='ocrx_word' id='word_1_489' title='bbox 1789 3750 2031 3820; x_wconf 88' lang='lat' dir='ltr'><strong>plerique</strong></span> <span class='ocrx_word' id='word_1_490' title='bbox 2060 3753 2217 3808; x_wconf 86' lang='lat' dir='ltr'><strong>intel-</strong></span> 
     </span>
    </p>
   </div>
   <div class='ocr_carea' id='block_1_69' title="bbox 675 3831 2222 3900">
    <p class='ocr_par' dir='ltr' id='par_1_69' title="bbox 675 3831 2222 3900">
     <span class='ocr_line' id='line_1_69' title="bbox 675 3831 2222 3900; baseline 0.009 -16"><span class='ocrx_word' id='word_1_491' title='bbox 675 3831 843 3900; x_wconf 75' lang='lat' dir='ltr'><strong>ligere</strong></span> <span class='ocrx_word' id='word_1_492' title='bbox 878 3849 982 3888; x_wconf 91' lang='lat' dir='ltr'><strong>non</strong></span> <span class='ocrx_word' id='word_1_493' title='bbox 1012 3834 1274 3900; x_wconf 85' lang='lat' dir='ltr'><strong>valentes,</strong></span> <span class='ocrx_word' id='word_1_494' title='bbox 1313 3837 1490 3890; x_wconf 87' lang='lat' dir='ltr'><strong>varios</strong></span> <span class='ocrx_word' id='word_1_495' title='bbox 1545 3839 1645 3892; x_wconf 73' lang='lat' dir='ltr'><strong>sibi</strong></span> <span class='ocrx_word' id='word_1_496' title='bbox 1676 3855 1918 3894; x_wconf 87' lang='lat' dir='ltr'><strong>errorum</strong></span> <span class='ocrx_word' id='word_1_497' title='bbox 1982 3845 2222 3898; x_wconf 75' lang='lat' dir='ltr'><strong>tramizes</strong></span> 
     </span>
    </p>
   </div>
   <div class='ocr_carea' id='block_1_70' title="bbox 675 3925 2226 3996">
    <p class='ocr_par' dir='ltr' id='par_1_70' title="bbox 675 3925 2226 3996">
     <span class='ocr_line' id='line_1_70' title="bbox 675 3925 2226 3996; baseline 0.008 -20"><span class='ocrx_word' id='word_1_498' title='bbox 675 3925 1088 3979; x_wconf 84' lang='lat' dir='ltr'><strong>adinvenerunt.</strong></span> <span class='ocrx_word' id='word_1_499' title='bbox 1126 3926 1264 3980; x_wconf 88' lang='lat' dir='ltr'><strong>Sunt</strong></span> <span class='ocrx_word' id='word_1_500' title='bbox 1294 3929 1382 3996; x_wconf 92' lang='lat' dir='ltr'><strong>qui</strong></span> <span class='ocrx_word' id='word_1_501' title='bbox 1416 3927 1608 3982; x_wconf 83' lang='lat' dir='ltr'><strong>Filium</strong></span> <span class='ocrx_word' id='word_1_502' title='bbox 1668 3931 1828 3984; x_wconf 92' lang='lat' dir='ltr'><strong>Deum</strong></span> <span class='ocrx_word' id='word_1_503' title='bbox 1877 3947 1995 3987; x_wconf 88' lang='lat' dir='ltr'><strong>esse</strong></span> <span class='ocrx_word' id='word_1_504' title='bbox 2029 3949 2226 3988; x_wconf 88' lang='lat' dir='ltr'><strong>conce-</strong></span> 
     </span>
    </p>
   </div>
   <div class='ocr_carea' id='block_1_71' title="bbox 675 4013 2226 4092">
    <p class='ocr_par' dir='ltr' id='par_1_71' title="bbox 675 4013 2226 4092">
     <span class='ocr_line' id='line_1_71' title="bbox 675 4013 2226 4092; baseline 0.008 -26"><span class='ocrx_word' id='word_1_505' title='bbox 675 4013 864 4068; x_wconf 87' lang='lat' dir='ltr'><strong>dentes</strong></span> <span class='ocrx_word' id='word_1_506' title='bbox 887 4014 1154 4069; x_wconf 84' lang='lat' dir='ltr'><strong>hominem</strong></span> <span class='ocrx_word' id='word_1_507' title='bbox 1185 4018 1412 4086; x_wconf 80' lang='lat' dir='ltr'><strong>ejerant,</strong></span> <span class='ocrx_word' id='word_1_508' title='bbox 1441 4033 1597 4085; x_wconf 91' lang='lat' dir='ltr'><strong>quem</strong></span> <span class='ocrx_word' id='word_1_509' title='bbox 1628 4022 1932 4090; x_wconf 84' lang='lat' dir='ltr'><strong>assumpsit.</strong></span> <span class='ocrx_word' id='word_1_510' title='bbox 1970 4023 2070 4076; x_wconf 84' lang='lat' dir='ltr'><strong>Alii</strong></span> <span class='ocrx_word' id='word_1_511' title='bbox 2104 4040 2226 4092; x_wconf 87' lang='lat' dir='ltr'><strong>pro-</strong></span> 
     </span>
    </p>
   </div>
   <div class='ocr_carea' id='block_1_72' title="bbox 675 4105 2228 4183">
    <p class='ocr_par' dir='ltr' id='par_1_72' title="bbox 675 4105 2228 4183">
     <span class='ocr_line' id='line_1_72' title="bbox 675 4105 2228 4183; baseline 0.008 -27"><span class='ocrx_word' id='word_1_512' title='bbox 675 4105 802 4159; x_wconf 80' lang='lat' dir='ltr'><strong>lessi</strong></span> <span class='ocrx_word' id='word_1_513' title='bbox 845 4120 965 4159; x_wconf 92' lang='lat' dir='ltr'><strong>eum</strong></span> <span class='ocrx_word' id='word_1_514' title='bbox 992 4106 1262 4161; x_wconf 91' lang='lat' dir='ltr'><strong>hominem</strong></span> <span class='ocrx_word' id='word_1_515' title='bbox 1313 4109 1534 4174; x_wconf 88' lang='lat' dir='ltr'><strong>nudum,</strong></span> <span class='ocrx_word' id='word_1_516' title='bbox 1589 4110 1750 4163; x_wconf 90' lang='lat' dir='ltr'><strong>Deum</strong></span> <span class='ocrx_word' id='word_1_517' title='bbox 1780 4111 1831 4164; x_wconf 90' lang='lat' dir='ltr'><strong>in</strong></span> <span class='ocrx_word' id='word_1_518' title='bbox 1864 4112 1981 4180; x_wconf 87' lang='lat' dir='ltr'><strong>ipso</strong></span> <span class='ocrx_word' id='word_1_519' title='bbox 2013 4115 2228 4183; x_wconf 81' lang='lat' dir='ltr'><strong>ignora-</strong></span> 
     </span>
    </p>
   </div>
   <div class='ocr_carea' id='block_1_73' title="bbox 2971 3512 3234 3572">
    <p class='ocr_par' dir='ltr' id='par_1_73' title="bbox 2971 3512 3234 3572">
     <span class='ocr_line' id='line_1_73' title="bbox 2971 3512 3234 3572; baseline 0.011 -8"><span class='ocrx_word' id='word_1_520' title='bbox 2971 3512 3130 3572; x_wconf 66' lang='grc' dir='ltr'><strong>ΚΕΦ,</strong></span> <span class='ocrx_word' id='word_1_521' title='bbox 3161 3512 3234 3567; x_wconf 72' lang='grc' dir='ltr'><strong>Ρ.</strong></span> 
     </span>
    </p>
   </div>
   <div class='ocr_carea' id='block_1_74' title="bbox 2330 3592 3895 3665">
    <p class='ocr_par' dir='ltr' id='par_1_74' title="bbox 2330 3592 3895 3665">
     <span class='ocr_line' id='line_1_74' title="bbox 2330 3592 3895 3665; baseline -0.001 -14"><span class='ocrx_word' id='word_1_522' title='bbox 2330 3599 2454 3651; x_wconf 86' lang='grc' dir='ltr'><strong>Ὅτι</strong></span> <span class='ocrx_word' id='word_1_523' title='bbox 2485 3598 2766 3664; x_wconf 73' lang='grc' dir='ltr'>ποικίλως</span> <span class='ocrx_word' id='word_1_524' title='bbox 2808 3598 3167 3665; x_wconf 68' lang='grc' dir='ltr'>ἐσφάλησαν</span> <span class='ocrx_word' id='word_1_525' title='bbox 3221 3601 3273 3652; x_wconf 79' lang='grc' dir='ltr'>οἱ</span> <span class='ocrx_word' id='word_1_526' title='bbox 3311 3592 3661 3665; x_wconf 69' lang='grc' dir='ltr'>ἐτερόδοξοί</span> <span class='ocrx_word' id='word_1_527' title='bbox 3689 3598 3765 3650; x_wconf 70' lang='grc' dir='ltr'><strong>ἐν·</strong></span> <span class='ocrx_word' id='word_1_528' title='bbox 3813 3595 3895 3663; x_wconf 71' lang='grc' dir='ltr'><strong>τῷ</strong></span> 
     </span>
    </p>
   </div>
   <div class='ocr_carea' id='block_1_75' title="bbox 2774 3668 3422 3746">
    <p class='ocr_par' dir='ltr' id='par_1_75' title="bbox 2774 3668 3422 3746">
     <span class='ocr_line' id='line_1_75' title="bbox 2774 3668 3422 3746; baseline 0.008 -26"><span class='ocrx_word' id='word_1_529' title='bbox 2774 3668 2904 3736; x_wconf 80' lang='grc' dir='ltr'>περί</span> <span class='ocrx_word' id='word_1_530' title='bbox 2917 3739 2925 3746; x_wconf 87' lang='lat'><strong>_</strong></span> <span class='ocrx_word' id='word_1_531' title='bbox 2937 3669 3042 3722; x_wconf 88' lang='grc' dir='ltr'>τοῦ</span> <span class='ocrx_word' id='word_1_532' title='bbox 3075 3668 3208 3722; x_wconf 80' lang='grc' dir='ltr'>Υίοῦ</span> <span class='ocrx_word' id='word_1_533' title='bbox 3244 3669 3422 3737; x_wconf 71' lang='grc' dir='ltr'>λόγῳ.</span> 
     </span>
    </p>
   </div>
   <div class='ocr_carea' id='block_1_76' title="bbox 2399 3759 3889 3832">
    <p class='ocr_par' dir='ltr' id='par_1_76' title="bbox 2399 3759 3889 3832">
     <span class='ocr_line' id='line_1_76' title="bbox 2399 3759 3889 3832; baseline 0 -20"><span class='ocrx_word' id='word_1_534' title='bbox 2399 3761 2502 3812; x_wconf 82' lang='grc' dir='ltr'>Ἢν</span> <span class='ocrx_word' id='word_1_535' title='bbox 2525 3761 2588 3832; x_wconf 81' lang='grc' dir='ltr'>δὴ</span> <span class='ocrx_word' id='word_1_536' title='bbox 2637 3759 2910 3828; x_wconf 88' lang='grc' dir='ltr'>θεολογίαν</span> <span class='ocrx_word' id='word_1_537' title='bbox 2960 3762 3009 3813; x_wconf 77' lang='lat' dir='ltr'><strong>ot</strong></span> <span class='ocrx_word' id='word_1_538' title='bbox 3035 3760 3218 3813; x_wconf 80' lang='grc' dir='ltr'>πολλοὶ</span> <span class='ocrx_word' id='word_1_539' title='bbox 3249 3761 3386 3812; x_wconf 86' lang='grc' dir='ltr'>νοεῖν</span> <span class='ocrx_word' id='word_1_540' title='bbox 3420 3759 3480 3812; x_wconf 81' lang='grc' dir='ltr'>οὐ</span> <span class='ocrx_word' id='word_1_541' title='bbox 3514 3761 3889 3831; x_wconf 75' lang='grc' dir='ltr'>χωρήσαντες.</span> 
     </span>
    </p>
   </div>
   <div class='ocr_carea' id='block_1_77' title="bbox 2323 3851 3893 3924">
    <p class='ocr_par' dir='ltr' id='par_1_77' title="bbox 2323 3851 3893 3924">
     <span class='ocr_line' id='line_1_77' title="bbox 2323 3851 3893 3924; baseline 0 -20"><span class='ocrx_word' id='word_1_542' title='bbox 2323 3852 2566 3914; x_wconf 79' lang='grc' dir='ltr'>ποικίλας</span> <span class='ocrx_word' id='word_1_543' title='bbox 2606 3853 2878 3922; x_wconf 81' lang='grc' dir='ltr'>ἀτραποὺς</span> <span class='ocrx_word' id='word_1_544' title='bbox 2911 3853 3212 3924; x_wconf 78' lang='grc' dir='ltr'>ἐπενόησαν</span> <span class='ocrx_word' id='word_1_545' title='bbox 3259 3851 3483 3920; x_wconf 83' lang='grc' dir='ltr'>πλάνης·</span> <span class='ocrx_word' id='word_1_546' title='bbox 3533 3853 3584 3904; x_wconf 90' lang='grc' dir='ltr'><strong>οί</strong></span> <span class='ocrx_word' id='word_1_547' title='bbox 3618 3852 3712 3922; x_wconf 66' lang='grc' dir='ltr'>μὲν</span> <span class='ocrx_word' id='word_1_548' title='bbox 3751 3851 3893 3904; x_wconf 74' lang='grc' dir='ltr'>Θεὸν</span> 
     </span>
    </p>
   </div>
   <div class='ocr_carea' id='block_1_78' title="bbox 2321 3942 3862 4013">
    <p class='ocr_par' dir='ltr' id='par_1_78' title="bbox 2321 3942 3862 4013">
     <span class='ocr_line' id='line_1_78' title="bbox 2321 3942 3862 4013; baseline -0.001 -17"><span class='ocrx_word' id='word_1_549' title='bbox 2321 3943 2500 4005; x_wconf 79' lang='grc' dir='ltr'>δόντες</span> <span class='ocrx_word' id='word_1_550' title='bbox 2519 3943 2608 3995; x_wconf 83' lang='grc' dir='ltr'><strong>τὸν</strong></span> <span class='ocrx_word' id='word_1_551' title='bbox 2634 3943 2780 4006; x_wconf 85' lang='grc' dir='ltr'>Υίὸν,</span> <span class='ocrx_word' id='word_1_552' title='bbox 2818 3943 2909 3996; x_wconf 77' lang='grc' dir='ltr'><strong>τὸν</strong></span> <span class='ocrx_word' id='word_1_553' title='bbox 2935 3943 2980 3995; x_wconf 83' lang='grc' dir='ltr'><strong>δ’</strong></span> <span class='ocrx_word' id='word_1_554' title='bbox 3010 3942 3309 4013; x_wconf 83' lang='grc' dir='ltr'>ἄνθρωπον,</span> <span class='ocrx_word' id='word_1_555' title='bbox 3354 3942 3411 3995; x_wconf 84' lang='grc' dir='ltr'>ὃν</span> <span class='ocrx_word' id='word_1_556' title='bbox 3439 3942 3743 4012; x_wconf 80' lang='grc' dir='ltr'>ἀνείληφεν,</span> <span class='ocrx_word' id='word_1_557' title='bbox 3786 3945 3862 4011; x_wconf 87' lang='grc' dir='ltr'><strong>ἀρ</strong></span> 
     </span>
    </p>
   </div>
   <div class='ocr_carea' id='block_1_79' title="bbox 2323 4032 3888 4105">
    <p class='ocr_par' dir='ltr' id='par_1_79' title="bbox 2323 4032 3888 4105">
     <span class='ocr_line' id='line_1_79' title="bbox 2323 4032 3888 4105; baseline -0.002 -18"><span class='ocrx_word' id='word_1_558' title='bbox 2323 4036 2636 4105; x_wconf 78' lang='grc' dir='ltr'>νησάμενοιο</span> <span class='ocrx_word' id='word_1_559' title='bbox 2664 4038 2710 4087; x_wconf 86' lang='grc' dir='ltr'><strong>οί</strong></span> <span class='ocrx_word' id='word_1_560' title='bbox 2745 4035 2801 4088; x_wconf 75' lang='grc' dir='ltr'><strong>δὲ</strong></span> <span class='ocrx_word' id='word_1_561' title='bbox 2831 4033 2984 4104; x_wconf 80' lang='grc' dir='ltr'>ψιλὸν</span> <span class='ocrx_word' id='word_1_562' title='bbox 3022 4034 3304 4105; x_wconf 76' lang='grc' dir='ltr'>ἄνθρωπον</span> <span class='ocrx_word' id='word_1_563' title='bbox 3338 4032 3672 4102; x_wconf 79' lang='grc' dir='ltr'>ὑποθέμενοι,</span> <span class='ocrx_word' id='word_1_564' title='bbox 3703 4033 3807 4085; x_wconf 82' lang='grc' dir='ltr'><strong>τὸν</strong></span> <span class='ocrx_word' id='word_1_565' title='bbox 3843 4032 3888 4084; x_wconf 82' lang='grc' dir='ltr'><strong>δ’</strong></span> 
     </span>
    </p>
   </div>
   <div class='ocr_carea' id='block_1_80' title="bbox 2327 4123 3887 4198">
    <p class='ocr_par' dir='ltr' id='par_1_80' title="bbox 2327 4123 3887 4198">
     <span class='ocr_line' id='line_1_80' title="bbox 2327 4123 3887 4198; baseline -0.001 -20"><span class='ocrx_word' id='word_1_566' title='bbox 2327 4129 2383 4178; x_wconf 84' lang='grc' dir='ltr'>ὲν</span> <span class='ocrx_word' id='word_1_567' title='bbox 2429 4126 2572 4197; x_wconf 78' lang='grc' dir='ltr'><strong>αὐτῷ</strong></span> <span class='ocrx_word' id='word_1_568' title='bbox 2599 4126 2728 4180; x_wconf 81' lang='grc' dir='ltr'>Θεὸν</span> <span class='ocrx_word' id='word_1_569' title='bbox 2775 4127 3154 4198; x_wconf 73' lang='grc' dir='ltr'>ἀγνοήσαντεςο</span> <span class='ocrx_word' id='word_1_570' title='bbox 3190 4128 3237 4178; x_wconf 88' lang='grc' dir='ltr'><strong>οί</strong></span> <span class='ocrx_word' id='word_1_571' title='bbox 3260 4125 3336 4188; x_wconf 81' lang='grc' dir='ltr'><strong>δὲ,</strong></span> <span class='ocrx_word' id='word_1_572' title='bbox 3382 4123 3528 4194; x_wconf 74' lang='grc' dir='ltr'>φόϐῳ</span> <span class='ocrx_word' id='word_1_573' title='bbox 3555 4123 3648 4176; x_wconf 79' lang='grc' dir='ltr'>τοῦ</span> <span class='ocrx_word' id='word_1_574' title='bbox 3698 4123 3887 4178; x_wconf 77' lang='grc' dir='ltr'>δοκεῖν</span> 
     </span>
    </p>
   </div>
   <div class='ocr_carea' id='block_1_81' title="bbox 675 4195 2218 4287">
    <p class='ocr_par' dir='ltr' id='par_1_81' title="bbox 675 4195 2218 4267">
     <span class='ocr_line' id='line_1_81' title="bbox 675 4195 2218 4267; baseline 0.006 -17"><span class='ocrx_word' id='word_1_575' title='bbox 675 4205 822 4250; x_wconf 87' lang='lat' dir='ltr'><strong>runt.</strong></span> <span class='ocrx_word' id='word_1_576' title='bbox 854 4195 1045 4262; x_wconf 88' lang='lat' dir='ltr'><strong>Tertii,</strong></span> <span class='ocrx_word' id='word_1_577' title='bbox 1072 4209 1212 4252; x_wconf 89' lang='lat' dir='ltr'><strong>metu</strong></span> <span class='ocrx_word' id='word_1_578' title='bbox 1240 4199 1330 4253; x_wconf 91' lang='lat' dir='ltr'><strong>Dei</strong></span> <span class='ocrx_word' id='word_1_579' title='bbox 1351 4199 1571 4254; x_wconf 84' lang='lat' dir='ltr'><strong>alterius</strong></span> <span class='ocrx_word' id='word_1_580' title='bbox 1595 4201 1992 4267; x_wconf 90' lang='lat' dir='ltr'><strong>introducendi,</strong></span> <span class='ocrx_word' id='word_1_581' title='bbox 2016 4203 2218 4258; x_wconf 89' lang='lat' dir='ltr'><strong>Patrem</strong></span> 
     </span>
    </p>
   </div>
   <div class='ocr_carea' id='block_1_82' title="bbox 2322 4195 3888 4287">
    <p class='ocr_par' dir='ltr' id='par_1_82' title="bbox 2326 4195 3888 4287">
     <span class='ocr_line' id='line_1_82' title="bbox 2326 4195 3888 4287; baseline 0 -19"><span class='ocrx_word' id='word_1_582' title='bbox 2326 4195 2570 4287; x_wconf 80' lang='grc' dir='ltr'>δεύτερον</span> <span class='ocrx_word' id='word_1_583' title='bbox 2619 4195 2948 4287; x_wconf 81' lang='grc' dir='ltr'>είσηγεῖσθαι</span> <span class='ocrx_word' id='word_1_584' title='bbox 2980 4216 3135 4279; x_wconf 78' lang='grc' dir='ltr'>Θεὸν,</span> <span class='ocrx_word' id='word_1_585' title='bbox 3161 4216 3250 4269; x_wconf 82' lang='grc' dir='ltr'><strong>τὸν</strong></span> <span class='ocrx_word' id='word_1_586' title='bbox 3296 4215 3456 4269; x_wconf 83' lang='grc' dir='ltr'>αὐτὸν</span> <span class='ocrx_word' id='word_1_587' title='bbox 3485 4211 3620 4268; x_wconf 78' lang='grc' dir='ltr'>εἶναι</span> <span class='ocrx_word' id='word_1_588' title='bbox 3657 4215 3888 4287; x_wconf 78' lang='grc' dir='ltr'>Πατέρα</span> 
     </span>
    </p>
   </div>
   <div class='ocr_carea' id='block_1_83' title="bbox 675 4287 2224 4362">
    <p class='ocr_par' dir='ltr' id='par_1_83' title="bbox 675 4287 2224 4362">
     <span class='ocr_line' id='line_1_83' title="bbox 675 4287 2224 4362; baseline 0.008 -24"><span class='ocrx_word' id='word_1_589' title='bbox 675 4297 834 4356; x_wconf 84' lang='lat' dir='ltr'><strong>atque</strong></span> <span class='ocrx_word' id='word_1_590' title='bbox 850 4287 1037 4341; x_wconf 84' lang='lat' dir='ltr'><strong>Filium</strong></span> <span class='ocrx_word' id='word_1_591' title='bbox 1057 4305 1220 4344; x_wconf 90' lang='lat' dir='ltr'><strong>unum</strong></span> <span class='ocrx_word' id='word_1_592' title='bbox 1239 4306 1356 4345; x_wconf 87' lang='lat' dir='ltr'><strong>esse</strong></span> <span class='ocrx_word' id='word_1_593' title='bbox 1372 4293 1726 4362; x_wconf 87' lang='lat' dir='ltr'><strong>eumdcmque</strong></span> <span class='ocrx_word' id='word_1_594' title='bbox 1753 4293 2063 4360; x_wconf 86' lang='lat' dir='ltr'><strong>opinantur.</strong></span> <span class='ocrx_word' id='word_1_595' title='bbox 2081 4295 2224 4362; x_wconf 87' lang='lat' dir='ltr'><strong>Quas</strong></span> 
     </span>
    </p>
   </div>
   <div class='ocr_carea' id='block_1_84' title="bbox 675 4380 2221 4454">
    <p class='ocr_par' dir='ltr' id='par_1_84' title="bbox 675 4380 2221 4454">
     <span class='ocr_line' id='line_1_84' title="bbox 675 4380 2221 4454; baseline 0.007 -23"><span class='ocrx_word' id='word_1_596' title='bbox 675 4380 795 4432; x_wconf 85' lang='lat' dir='ltr'><strong>vias</strong></span> <span class='ocrx_word' id='word_1_597' title='bbox 823 4381 949 4433; x_wconf 89' lang='lat' dir='ltr'><strong>dum</strong></span> <span class='ocrx_word' id='word_1_598' title='bbox 978 4380 1217 4435; x_wconf 88' lang='lat' dir='ltr'><strong>declinat</strong></span> <span class='ocrx_word' id='word_1_599' title='bbox 1248 4381 1484 4436; x_wconf 86' lang='lat' dir='ltr'><strong>Ecclesia</strong></span> <span class='ocrx_word' id='word_1_600' title='bbox 1518 4383 1633 4447; x_wconf 89' lang='lat' dir='ltr'><strong>Dei,</strong></span> <span class='ocrx_word' id='word_1_601' title='bbox 1663 4385 1985 4453; x_wconf 74' lang='lat' dir='ltr'><strong>evangelicae</strong></span> <span class='ocrx_word' id='word_1_602' title='bbox 2017 4401 2221 4454; x_wconf 59' lang='lat' dir='ltr'><strong>praco-</strong></span> 
     </span>
    </p>
   </div>
   <div class='ocr_carea' id='block_1_85' title="bbox 675 4470 2221 4546">
    <p class='ocr_par' dir='ltr' id='par_1_85' title="bbox 675 4470 2221 4546">
     <span class='ocr_line' id='line_1_85' title="bbox 675 4470 2221 4546; baseline 0.004 -21"><span class='ocrx_word' id='word_1_603' title='bbox 675 4470 769 4525; x_wconf 90' lang='lat' dir='ltr'><strong>nio</strong></span> <span class='ocrx_word' id='word_1_604' title='bbox 796 4471 1040 4525; x_wconf 84' lang='lat' dir='ltr'><strong>veritatis</strong></span> <span class='ocrx_word' id='word_1_605' title='bbox 1067 4472 1342 4540; x_wconf 83' lang='lat' dir='ltr'><strong>gloriatur.</strong></span> <span class='ocrx_word' id='word_1_606' title='bbox 1396 4473 1570 4529; x_wconf 89' lang='lat' dir='ltr'><strong>Unum</strong></span> <span class='ocrx_word' id='word_1_607' title='bbox 1611 4476 1826 4543; x_wconf 87' lang='lat' dir='ltr'><strong>quidem</strong></span> <span class='ocrx_word' id='word_1_608' title='bbox 1859 4476 2024 4532; x_wconf 90' lang='lat' dir='ltr'><strong>Deum</strong></span> <span class='ocrx_word' id='word_1_609' title='bbox 2060 4478 2221 4546; x_wconf 82' lang='lat' dir='ltr'><strong>proli-</strong></span> 
     </span>
    </p>
   </div>
   <div class='ocr_carea' id='block_1_86' title="bbox 672 4563 2220 4637">
    <p class='ocr_par' dir='ltr' id='par_1_86' title="bbox 672 4563 2220 4637">
     <span class='ocr_line' id='line_1_86' title="bbox 672 4563 2220 4637; baseline 0.005 -23"><span class='ocrx_word' id='word_1_610' title='bbox 672 4563 773 4622; x_wconf 82' lang='lat' dir='ltr'><strong>teri</strong></span> <span class='ocrx_word' id='word_1_611' title='bbox 802 4575 880 4625; x_wconf 85' lang='lat' dir='ltr'><strong>se,</strong></span> <span class='ocrx_word' id='word_1_612' title='bbox 912 4576 1069 4630; x_wconf 81' lang='lat' dir='ltr'><strong>supra</strong></span> <span class='ocrx_word' id='word_1_613' title='bbox 1102 4577 1288 4617; x_wconf 85' lang='lat' dir='ltr'><strong>omnes</strong></span> <span class='ocrx_word' id='word_1_614' title='bbox 1323 4565 1644 4631; x_wconf 86' lang='lat' dir='ltr'><strong>venditans;</strong></span> <span class='ocrx_word' id='word_1_615' title='bbox 1674 4582 1838 4621; x_wconf 91' lang='lat' dir='ltr'><strong>unum</strong></span> <span class='ocrx_word' id='word_1_616' title='bbox 1893 4582 2106 4637; x_wconf 86' lang='lat' dir='ltr'><strong>quoque</strong></span> <span class='ocrx_word' id='word_1_617' title='bbox 2129 4567 2220 4624; x_wconf 80' lang='lat' dir='ltr'><strong>Fi-</strong></span> 
     </span>
    </p>
   </div>
   <div class='ocr_carea' id='block_1_87' title="bbox 674 4650 2219 4721">
    <p class='ocr_par' dir='ltr' id='par_1_87' title="bbox 674 4650 2219 4721">
     <span class='ocr_line' id='line_1_87' title="bbox 674 4650 2219 4721; baseline 0.005 -15"><span class='ocrx_word' id='word_1_618' title='bbox 674 4652 804 4706; x_wconf 89' lang='lat' dir='ltr'><strong>lium</strong></span> <span class='ocrx_word' id='word_1_619' title='bbox 839 4652 1168 4721; x_wconf 82' lang='lat' dir='ltr'><strong>unigenitum</strong></span> <span class='ocrx_word' id='word_1_620' title='bbox 1215 4650 1330 4721; x_wconf 78' lang='lat' dir='ltr'><strong>ejus</strong></span> <span class='ocrx_word' id='word_1_621' title='bbox 1351 4693 1366 4718; x_wconf 94' lang='lat'><strong>,</strong></span> <span class='ocrx_word' id='word_1_622' title='bbox 1406 4655 1574 4710; x_wconf 85' lang='lat' dir='ltr'><strong>Deum</strong></span> <span class='ocrx_word' id='word_1_623' title='bbox 1603 4657 1670 4711; x_wconf 90' lang='lat' dir='ltr'><strong>de</strong></span> <span class='ocrx_word' id='word_1_624' title='bbox 1722 4659 1829 4712; x_wconf 88' lang='lat' dir='ltr'><strong>Deo</strong></span> <span class='ocrx_word' id='word_1_625' title='bbox 1853 4658 2035 4714; x_wconf 82' lang='lat' dir='ltr'><strong>Jesum</strong></span> <span class='ocrx_word' id='word_1_626' title='bbox 2059 4659 2219 4713; x_wconf 79' lang='lat' dir='ltr'><strong>Chri-</strong></span> 
     </span>
    </p>
   </div>
   <div class='ocr_carea' id='block_1_88' title="bbox 669 4747 2222 4819">
    <p class='ocr_par' dir='ltr' id='par_1_88' title="bbox 669 4747 2222 4819">
     <span class='ocr_line' id='line_1_88' title="bbox 669 4747 2222 4819; baseline 0.003 -19"><span class='ocrx_word' id='word_1_627' title='bbox 669 4753 814 4800; x_wconf 79' lang='lat' dir='ltr'><strong>stum</strong></span> <span class='ocrx_word' id='word_1_628' title='bbox 845 4759 1141 4815; x_wconf 85' lang='lat' dir='ltr'><strong>agnoscens</strong></span> <span class='ocrx_word' id='word_1_629' title='bbox 1170 4764 1185 4811; x_wconf 88' lang='lat'><strong>;</strong></span> <span class='ocrx_word' id='word_1_630' title='bbox 1211 4747 1458 4802; x_wconf 90' lang='lat' dir='ltr'><strong>eumdem</strong></span> <span class='ocrx_word' id='word_1_631' title='bbox 1482 4749 1653 4818; x_wconf 86' lang='lat' dir='ltr'><strong>ipsum</strong></span> <span class='ocrx_word' id='word_1_632' title='bbox 1687 4748 1926 4819; x_wconf 81' lang='lat' dir='ltr'><strong>professa</strong></span> <span class='ocrx_word' id='word_1_633' title='bbox 1966 4749 2222 4806; x_wconf 88' lang='lat' dir='ltr'><strong>Servato-</strong></span> 
     </span>
    </p>
   </div>
   <div class='ocr_carea' id='block_1_89' title="bbox 671 4836 2220 4905">
    <p class='ocr_par' dir='ltr' id='par_1_89' title="bbox 671 4836 2220 4905">
     <span class='ocr_line' id='line_1_89' title="bbox 671 4836 2220 4905; baseline 0.005 -15"><span class='ocrx_word' id='word_1_634' title='bbox 671 4851 788 4892; x_wconf 86' lang='lat' dir='ltr'><strong>rem</strong></span> <span class='ocrx_word' id='word_1_635' title='bbox 821 4847 874 4892; x_wconf 90' lang='lat' dir='ltr'><strong>et</strong></span> <span class='ocrx_word' id='word_1_636' title='bbox 915 4836 1111 4894; x_wconf 77' lang='lat' dir='ltr'><strong>Filium</strong></span> <span class='ocrx_word' id='word_1_637' title='bbox 1161 4839 1416 4894; x_wconf 87' lang='lat' dir='ltr'><strong>hominis.</strong></span> <span class='ocrx_word' id='word_1_638' title='bbox 1448 4838 1548 4905; x_wconf 84' lang='lat' dir='ltr'><strong>Qui</strong></span> <span class='ocrx_word' id='word_1_639' title='bbox 1605 4856 1727 4895; x_wconf 88' lang='lat' dir='ltr'><strong>cum</strong></span> <span class='ocrx_word' id='word_1_640' title='bbox 1790 4842 2021 4897; x_wconf 89' lang='lat' dir='ltr'><strong>nondum</strong></span> <span class='ocrx_word' id='word_1_641' title='bbox 2059 4844 2220 4898; x_wconf 90' lang='lat' dir='ltr'><strong>homo</strong></span> 
     </span>
    </p>
   </div>
   <div class='ocr_carea' id='block_1_90' title="bbox 671 4925 2216 5000">
    <p class='ocr_par' dir='ltr' id='par_1_90' title="bbox 671 4925 2216 5000">
     <span class='ocr_line' id='line_1_90' title="bbox 671 4925 2216 5000; baseline 0.005 -20"><span class='ocrx_word' id='word_1_642' title='bbox 671 4925 852 4988; x_wconf 75' lang='lat' dir='ltr'><strong>factus</strong></span> <span class='ocrx_word' id='word_1_643' title='bbox 875 4927 1073 4994; x_wconf 81' lang='lat' dir='ltr'><strong>fuerat,</strong></span> <span class='ocrx_word' id='word_1_644' title='bbox 1110 4929 1278 4986; x_wconf 82' lang='lat' dir='ltr'><strong>Filius</strong></span> <span class='ocrx_word' id='word_1_645' title='bbox 1310 4930 1402 4984; x_wconf 85' lang='lat' dir='ltr'><strong>Dei</strong></span> <span class='ocrx_word' id='word_1_646' title='bbox 1430 4940 1607 4985; x_wconf 87' lang='lat' dir='ltr'><strong>tamen</strong></span> <span class='ocrx_word' id='word_1_647' title='bbox 1651 4934 1961 4988; x_wconf 79' lang='lat' dir='ltr'><strong>exsistebat.</strong></span> <span class='ocrx_word' id='word_1_648' title='bbox 1994 4932 2216 5000; x_wconf 85' lang='lat' dir='ltr'><strong>Factus,</strong></span> 
     </span>
    </p>
   </div>
   <div class='ocr_carea' id='block_1_91' title="bbox 671 5019 2216 5092">
    <p class='ocr_par' dir='ltr' id='par_1_91' title="bbox 671 5019 2216 5092">
     <span class='ocr_line' id='line_1_91' title="bbox 671 5019 2216 5092; baseline 0.006 -21"><span class='ocrx_word' id='word_1_649' title='bbox 671 5019 816 5088; x_wconf 85' lang='lat' dir='ltr'><strong>quod</strong></span> <span class='ocrx_word' id='word_1_650' title='bbox 843 5034 949 5073; x_wconf 88' lang='lat' dir='ltr'><strong>non</strong></span> <span class='ocrx_word' id='word_1_651' title='bbox 972 5020 1119 5089; x_wconf 89' lang='lat' dir='ltr'><strong>prius</strong></span> <span class='ocrx_word' id='word_1_652' title='bbox 1146 5020 1343 5086; x_wconf 80' lang='lat' dir='ltr'><strong>fuerat,</strong></span> <span class='ocrx_word' id='word_1_653' title='bbox 1371 5023 1441 5078; x_wconf 93' lang='lat' dir='ltr'><strong>ob</strong></span> <span class='ocrx_word' id='word_1_654' title='bbox 1457 5021 1878 5092; x_wconf 77' lang='lat' dir='ltr'><strong>inexplicabilem</strong></span> <span class='ocrx_word' id='word_1_655' title='bbox 1902 5025 2216 5082; x_wconf 88' lang='lat' dir='ltr'><strong>misericor-</strong></span> 
     </span>
    </p>
   </div>
   <div class='ocr_carea' id='block_1_92' title="bbox 673 5109 1571 5180">
    <p class='ocr_par' dir='ltr' id='par_1_92' title="bbox 673 5109 1571 5180">
     <span class='ocr_line' id='line_1_92' title="bbox 673 5109 1571 5180; baseline -0.002 -13"><span class='ocrx_word' id='word_1_656' title='bbox 673 5109 774 5167; x_wconf 67' lang='lat' dir='ltr'><strong>diae</strong></span> <span class='ocrx_word' id='word_1_657' title='bbox 800 5117 1036 5180; x_wconf 76' lang='lat' dir='ltr'><strong>paterna:</strong></span> <span class='ocrx_word' id='word_1_658' title='bbox 1061 5113 1571 5169; x_wconf 87' lang='lat' dir='ltr'><strong>transcendentiam.</strong></span> 
     </span>
    </p>
   </div>
   <div class='ocr_carea' id='block_1_93' title="bbox 747 5269 1916 5344">
    <p class='ocr_par' dir='ltr' id='par_1_93' title="bbox 747 5269 1916 5344">
     <span class='ocr_line' id='line_1_93' title="bbox 747 5269 1916 5344; baseline 0.006 -20"><span class='ocrx_word' id='word_1_659' title='bbox 747 5274 806 5334; x_wconf 59' lang='grc'><strong>’14</strong></span> <span class='ocrx_word' id='word_1_660' title='bbox 830 5269 929 5325; x_wconf 89' lang='lat' dir='ltr'><strong>Ed.</strong></span> <span class='ocrx_word' id='word_1_661' title='bbox 956 5270 1126 5326; x_wconf 87' lang='lat' dir='ltr'><strong>Paris.</strong></span> <span class='ocrx_word' id='word_1_662' title='bbox 1154 5285 1271 5344; x_wconf 80' lang='lat' dir='ltr'><strong>pag.</strong></span> <span class='ocrx_word' id='word_1_663' title='bbox 1298 5273 1385 5329; x_wconf 73' lang='lat'><strong>62.</strong></span> <span class='ocrx_word' id='word_1_664' title='bbox 1458 5273 1504 5306; x_wconf 76' lang='lat'>“</span> <span class='ocrx_word' id='word_1_665' title='bbox 1532 5273 1735 5330; x_wconf 82' lang='lat' dir='ltr'><strong>Coloes.</strong></span> <span class='ocrx_word' id='word_1_666' title='bbox 1766 5289 1826 5341; x_wconf 90' lang='grc' dir='ltr'><strong>ιι,</strong></span> <span class='ocrx_word' id='word_1_667' title='bbox 1864 5277 1916 5333; x_wconf 89' lang='lat'><strong>9.</strong></span> 
     </span>
    </p>
   </div>
   <div class='ocr_carea' id='block_1_94' title="bbox 743 5424 2215 5548">
    <p class='ocr_par' dir='ltr' id='par_1_94' title="bbox 743 5424 2215 5548">
     <span class='ocr_line' id='line_1_94' title="bbox 743 5424 2215 5548; baseline 0.006 -67"><span class='ocrx_word' id='word_1_668' title='bbox 743 5424 852 5548; x_wconf 64' lang='grc'><strong>(18)</strong></span> <span class='ocrx_word' id='word_1_669' title='bbox 875 5424 932 5480; x_wconf 87' lang='lat' dir='ltr'><strong>lu</strong></span> <span class='ocrx_word' id='word_1_670' title='bbox 979 5427 1104 5490; x_wconf 84' lang='lat' dir='ltr'><strong>line,</strong></span> <span class='ocrx_word' id='word_1_671' title='bbox 1151 5429 1358 5514; x_wconf 49' lang='lat' dir='ltr'><strong>legend:</strong></span> <span class='ocrx_word' id='word_1_672' title='bbox 1405 5433 1830 5502; x_wconf 82' lang='grc' dir='ltr'>ὲγκαταλέξασα.</span> <span class='ocrx_word' id='word_1_673' title='bbox 1868 5435 1939 5490; x_wconf 77' lang='grc' dir='ltr'><strong><em>Μ.</em></strong></span> <span class='ocrx_word' id='word_1_674' title='bbox 1979 5465 2050 5477; x_wconf 92' lang='lat'><strong><em>——</em></strong></span> <span class='ocrx_word' id='word_1_675' title='bbox 2096 5435 2215 5490; x_wconf 79' lang='lat' dir='ltr'><strong>Mox</strong></span> 
     </span>
     <span class='ocr_line' id='line_1_95' title="bbox 761 5497 1472 5548; baseline 0 0"><span class='ocrx_word' id='word_1_676' title='bbox 761 5510 826 5548; x_wconf 84' lang='lat' dir='ltr'><strong>tto</strong></span> <span class='ocrx_word' id='word_1_677' title='bbox 855 5497 1010 5548; x_wconf 75' lang='grc' dir='ltr'>γάοις</span> <span class='ocrx_word' id='word_1_678' title='bbox 1036 5500 1068 5548; x_wconf 78' lang='grc' dir='ltr'>ἠ</span> <span class='ocrx_word' id='word_1_679' title='bbox 1094 5516 1187 5548; x_wconf 81' lang='grc' dir='ltr'><strong>του</strong></span> <span class='ocrx_word' id='word_1_680' title='bbox 1210 5502 1472 5548; x_wconf 61' lang='lat' dir='ltr'><strong>famaue-</strong></span> 
     </span>
    </p>
   </div>
   <div class='ocr_carea' id='block_1_95' title="bbox 673 5497 1472 5573">
    <p class='ocr_par' dir='ltr' id='par_1_95' title="bbox 673 5497 1472 5573">
     <span class='ocr_line' id='line_1_96' title="bbox 673 5497 1472 5573; baseline -0.005 0"><span class='ocrx_word' id='word_1_681' title='bbox 673 5497 1010 5573; x_wconf 62' lang='grc' dir='ltr'><strong>νυξιρχᾴρις</strong></span> <span class='ocrx_word' id='word_1_682' title='bbox 1036 5497 1472 5573; x_wconf 49' lang='lat' dir='ltr'><strong>inﬁmam.</strong></span> 
     </span>
    </p>
   </div>
   <div class='ocr_carea' id='block_1_96' title="bbox 742 5563 2212 5639">
    <p class='ocr_par' dir='ltr' id='par_1_96' title="bbox 742 5563 2212 5639">
     <span class='ocr_line' id='line_1_97' title="bbox 742 5563 2212 5639; baseline 0.005 -21"><span class='ocrx_word' id='word_1_683' title='bbox 742 5563 1028 5632; x_wconf 59' lang='grc' dir='ltr'><strong>(Πηγῶν</strong></span> <span class='ocrx_word' id='word_1_684' title='bbox 1057 5563 1142 5622; x_wconf 67' lang='grc' dir='ltr'><strong>δέ.</strong></span> <span class='ocrx_word' id='word_1_685' title='bbox 1169 5569 1257 5624; x_wconf 88' lang='lat' dir='ltr'><strong>Sic</strong></span> <span class='ocrx_word' id='word_1_686' title='bbox 1283 5563 1589 5639; x_wconf 64' lang='lat' dir='ltr'><strong>legendum,</strong></span> <span class='ocrx_word' id='word_1_687' title='bbox 1610 5588 1735 5636; x_wconf 89' lang='lat' dir='ltr'><strong>non,</strong></span> <span class='ocrx_word' id='word_1_688' title='bbox 1773 5585 1831 5627; x_wconf 84' lang='lat' dir='ltr'><strong>nt</strong></span> <span class='ocrx_word' id='word_1_689' title='bbox 1862 5575 1992 5639; x_wconf 81' lang='lat' dir='ltr'><strong>alihi</strong></span> <span class='ocrx_word' id='word_1_690' title='bbox 2017 5575 2110 5628; x_wconf 80' lang='grc' dir='ltr'><strong>νῦν</strong></span> <span class='ocrx_word' id='word_1_691' title='bbox 2136 5575 2212 5626; x_wconf 86' lang='grc' dir='ltr'><strong>δέ.</strong></span> 
     </span>
    </p>
   </div>
   <div class='ocr_carea' id='block_1_97' title="bbox 675 5631 2216 5717">
    <p class='ocr_par' dir='ltr' id='par_1_97' title="bbox 675 5631 2216 5717">
     <span class='ocr_line' id='line_1_98' title="bbox 675 5631 2216 5717; baseline 0.005 -28"><span class='ocrx_word' id='word_1_692' title='bbox 675 5631 1071 5717; x_wconf 53' lang='grc' dir='ltr'>Ιίιοιιιοε-ῳρς,</span> <span class='ocrx_word' id='word_1_693' title='bbox 1106 5639 1272 5717; x_wconf 53' lang='lat' dir='ltr'><strong>cujus</strong></span> <span class='ocrx_word' id='word_1_694' title='bbox 1303 5631 1667 5712; x_wconf 43' lang='lat' dir='ltr'><strong>cognitiofut</strong></span> <span class='ocrx_word' id='word_1_695' title='bbox 1726 5631 1890 5716; x_wconf 75' lang='grc' dir='ltr'>γέρας</span> <span class='ocrx_word' id='word_1_696' title='bbox 1947 5638 2216 5716; x_wconf 76' lang='grc' dir='ltr'>ἐξαίρετον</span> 
     </span>
    </p>
   </div>
   <div class='ocr_carea' id='block_1_98' title="bbox 675 5701 1294 5765">
    <p class='ocr_par' dir='ltr' id='par_1_98' title="bbox 675 5701 1294 5765">
     <span class='ocr_line' id='line_1_99' title="bbox 675 5701 1294 5765; baseline 0.005 -4"><span class='ocrx_word' id='word_1_697' title='bbox 675 5701 898 5765; x_wconf 75' lang='lat' dir='ltr'><strong>dabatur</strong></span> <span class='ocrx_word' id='word_1_698' title='bbox 926 5701 1191 5764; x_wconf 66' lang='lat' dir='ltr'><strong>Ecclesiae.</strong></span> <span class='ocrx_word' id='word_1_699' title='bbox 1226 5708 1294 5764; x_wconf 83' lang='grc' dir='ltr'><strong>Μ.</strong></span> 
     </span>
    </p>
   </div>
   <div class='ocr_carea' id='block_1_99' title="bbox 2328 4306 3887 4380">
    <p class='ocr_par' dir='ltr' id='par_1_99' title="bbox 2328 4306 3887 4380">
     <span class='ocr_line' id='line_1_100' title="bbox 2328 4306 3887 4380; baseline 0 -20"><span class='ocrx_word' id='word_1_700' title='bbox 2328 4313 2419 4368; x_wconf 71' lang='grc' dir='ltr'>καὶ</span> <span class='ocrx_word' id='word_1_701' title='bbox 2460 4309 2584 4363; x_wconf 86' lang='grc' dir='ltr'>Υἱδν</span> <span class='ocrx_word' id='word_1_702' title='bbox 2624 4310 2956 4380; x_wconf 84' lang='grc' dir='ltr'>ὁρισάμενοι,</span> <span class='ocrx_word' id='word_1_703' title='bbox 3003 4307 3098 4371; x_wconf 80' lang='grc' dir='ltr'>οὓς</span> <span class='ocrx_word' id='word_1_704' title='bbox 3129 4308 3458 4378; x_wconf 76' lang='grc' dir='ltr'>ὲκτραπεῖσα</span> <span class='ocrx_word' id='word_1_705' title='bbox 3495 4309 3528 4378; x_wconf 77' lang='grc' dir='ltr'><strong>ἡ</strong></span> <span class='ocrx_word' id='word_1_706' title='bbox 3585 4306 3887 4379; x_wconf 78' lang='grc' dir='ltr'>Ἐκκλησία</span> 
     </span>
    </p>
   </div>
   <div class='ocr_carea' id='block_1_100' title="bbox 2327 4393 3886 4468">
    <p class='ocr_par' dir='ltr' id='par_1_100' title="bbox 2327 4393 3886 4468">
     <span class='ocr_line' id='line_1_101' title="bbox 2327 4393 3886 4468; baseline -0.001 -18"><span class='ocrx_word' id='word_1_707' title='bbox 2327 4396 2419 4451; x_wconf 81' lang='grc' dir='ltr'>τοῦ</span> <span class='ocrx_word' id='word_1_708' title='bbox 2451 4397 2582 4451; x_wconf 84' lang='grc' dir='ltr'>Θεοῦ</span> <span class='ocrx_word' id='word_1_709' title='bbox 2615 4397 2693 4468; x_wconf 81' lang='grc' dir='ltr'><strong>τῷ</strong></span> <span class='ocrx_word' id='word_1_710' title='bbox 2742 4398 2838 4467; x_wconf 84' lang='grc' dir='ltr'>τῆς</span> <span class='ocrx_word' id='word_1_711' title='bbox 2873 4395 3129 4466; x_wconf 79' lang='grc' dir='ltr'>ἀληθείας</span> <span class='ocrx_word' id='word_1_712' title='bbox 3183 4394 3516 4466; x_wconf 82' lang='grc' dir='ltr'>εὐαγγελικῷ</span> <span class='ocrx_word' id='word_1_713' title='bbox 3564 4393 3886 4466; x_wconf 81' lang='grc' dir='ltr'>κηρύγματι</span> 
     </span>
    </p>
   </div>
   <div class='ocr_carea' id='block_1_101' title="bbox 2328 4483 3882 4557">
    <p class='ocr_par' dir='ltr' id='par_1_101' title="bbox 2328 4483 3882 4557">
     <span class='ocr_line' id='line_1_102' title="bbox 2328 4483 3882 4557; baseline -0.001 -17"><span class='ocrx_word' id='word_1_714' title='bbox 2328 4487 2662 4557; x_wconf 77' lang='grc' dir='ltr'>σεμνύνεται,</span> <span class='ocrx_word' id='word_1_715' title='bbox 2695 4486 2790 4540; x_wconf 63' lang='grc' dir='ltr'>ἕνα</span> <span class='ocrx_word' id='word_1_716' title='bbox 2833 4487 2930 4557; x_wconf 82' lang='grc' dir='ltr'>μὲν</span> <span class='ocrx_word' id='word_1_717' title='bbox 2955 4485 3042 4537; x_wconf 82' lang='grc' dir='ltr'><strong>τὸν</strong></span> <span class='ocrx_word' id='word_1_718' title='bbox 3071 4484 3163 4538; x_wconf 71' lang='grc' dir='ltr'><strong>ἐπὶ</strong></span> <span class='ocrx_word' id='word_1_719' title='bbox 3191 4485 3402 4540; x_wconf 83' lang='grc' dir='ltr'>πάντων</span> <span class='ocrx_word' id='word_1_720' title='bbox 3429 4484 3559 4538; x_wconf 82' lang='grc' dir='ltr'>Θεὸν</span> <span class='ocrx_word' id='word_1_721' title='bbox 3587 4483 3726 4554; x_wconf 66' lang='grc' dir='ltr'>ἔχειν</span> <span class='ocrx_word' id='word_1_722' title='bbox 3781 4486 3882 4541; x_wconf 79' lang='grc' dir='ltr'><strong>αὐ-</strong></span> 
     </span>
    </p>
   </div>
   <div class='ocr_carea' id='block_1_102' title="bbox 2325 4575 3883 4649">
    <p class='ocr_par' dir='ltr' id='par_1_102' title="bbox 2325 4575 3883 4649">
     <span class='ocr_line' id='line_1_103' title="bbox 2325 4575 3883 4649; baseline -0.001 -18"><span class='ocrx_word' id='word_1_723' title='bbox 2325 4579 2508 4649; x_wconf 87' lang='grc' dir='ltr'>χοῦσα·</span> <span class='ocrx_word' id='word_1_724' title='bbox 2533 4575 2629 4634; x_wconf 73' lang='grc' dir='ltr'>ἕνα</span> <span class='ocrx_word' id='word_1_725' title='bbox 2655 4580 2710 4632; x_wconf 82' lang='grc' dir='ltr'><strong>δὲ</strong></span> <span class='ocrx_word' id='word_1_726' title='bbox 2751 4579 2844 4633; x_wconf 78' lang='grc' dir='ltr'>καὶ</span> <span class='ocrx_word' id='word_1_727' title='bbox 2887 4577 3012 4631; x_wconf 79' lang='grc' dir='ltr'>Υίδν</span> <span class='ocrx_word' id='word_1_728' title='bbox 3048 4577 3326 4649; x_wconf 83' lang='grc' dir='ltr'>μονογενῆ,</span> <span class='ocrx_word' id='word_1_729' title='bbox 3358 4575 3488 4630; x_wconf 78' lang='grc' dir='ltr'>Θεὸν</span> <span class='ocrx_word' id='word_1_730' title='bbox 3511 4577 3574 4629; x_wconf 77' lang='grc' dir='ltr'>ὲκ</span> <span class='ocrx_word' id='word_1_731' title='bbox 3597 4575 3731 4628; x_wconf 87' lang='grc' dir='ltr'>Θεοῦ</span> <span class='ocrx_word' id='word_1_732' title='bbox 3780 4577 3883 4648; x_wconf 79' lang='grc' dir='ltr'><strong>Ἰη-</strong></span> 
     </span>
    </p>
   </div>
   <div class='ocr_carea' id='block_1_103' title="bbox 2328 4666 3880 4742">
    <p class='ocr_par' dir='ltr' id='par_1_103' title="bbox 2328 4666 3880 4742">
     <span class='ocr_line' id='line_1_104' title="bbox 2328 4666 3880 4742; baseline -0.001 -18"><span class='ocrx_word' id='word_1_733' title='bbox 2328 4671 2452 4724; x_wconf 87' lang='grc' dir='ltr'>σοῦν</span> <span class='ocrx_word' id='word_1_734' title='bbox 2478 4671 2710 4742; x_wconf 81' lang='grc' dir='ltr'>Χριστὸν</span> <span class='ocrx_word' id='word_1_735' title='bbox 2739 4669 3166 4742; x_wconf 75' lang='grc' dir='ltr'>ἐπιγραφομένῃ,</span> <span class='ocrx_word' id='word_1_736' title='bbox 3195 4669 3422 4740; x_wconf 78' lang='grc' dir='ltr'>Σωτῆρα</span> <span class='ocrx_word' id='word_1_737' title='bbox 3451 4668 3541 4721; x_wconf 82' lang='grc' dir='ltr'><strong>τὸν</strong></span> <span class='ocrx_word' id='word_1_738' title='bbox 3571 4666 3728 4719; x_wconf 75' lang='grc' dir='ltr'>αὐτὸν</span> <span class='ocrx_word' id='word_1_739' title='bbox 3785 4671 3880 4722; x_wconf 80' lang='grc' dir='ltr'>καὶ</span> 
     </span>
    </p>
   </div>
   <div class='ocr_carea' id='block_1_104' title="bbox 2325 4758 3878 4834">
    <p class='ocr_par' dir='ltr' id='par_1_104' title="bbox 2325 4758 3878 4834">
     <span class='ocr_line' id='line_1_105' title="bbox 2325 4758 3878 4834; baseline -0.002 -20"><span class='ocrx_word' id='word_1_740' title='bbox 2325 4762 2447 4815; x_wconf 84' lang='grc' dir='ltr'>Υίὸν</span> <span class='ocrx_word' id='word_1_741' title='bbox 2470 4761 2752 4834; x_wconf 85' lang='grc' dir='ltr'>ἀνθρώπου</span> <span class='ocrx_word' id='word_1_742' title='bbox 2780 4763 3078 4832; x_wconf 85' lang='grc' dir='ltr'>γινόμενον,</span> <span class='ocrx_word' id='word_1_743' title='bbox 3093 4759 3446 4831; x_wconf 84' lang='grc' dir='ltr'>ὁμολογοῦσα·</span> <span class='ocrx_word' id='word_1_744' title='bbox 3469 4758 3594 4812; x_wconf 72' lang='grc' dir='ltr'>ὄντα</span> <span class='ocrx_word' id='word_1_745' title='bbox 3620 4758 3716 4828; x_wconf 77' lang='grc' dir='ltr'>μὲν</span> <span class='ocrx_word' id='word_1_746' title='bbox 3738 4758 3878 4811; x_wconf 79' lang='grc' dir='ltr'>Υίδν</span> 
     </span>
    </p>
   </div>
   <div class='ocr_carea' id='block_1_105' title="bbox 2323 4851 3873 4925">
    <p class='ocr_par' dir='ltr' id='par_1_105' title="bbox 2323 4851 3873 4925">
     <span class='ocr_line' id='line_1_106' title="bbox 2323 4851 3873 4925; baseline -0.001 -19"><span class='ocrx_word' id='word_1_747' title='bbox 2323 4853 2475 4919; x_wconf 89' lang='grc' dir='ltr'>Θεοῦ,</span> <span class='ocrx_word' id='word_1_748' title='bbox 2525 4854 2654 4924; x_wconf 79' lang='grc' dir='ltr'>πρὶν</span> <span class='ocrx_word' id='word_1_749' title='bbox 2682 4854 2716 4924; x_wconf 81' lang='grc' dir='ltr'>ἢ</span> <span class='ocrx_word' id='word_1_750' title='bbox 2755 4853 2848 4906; x_wconf 72' lang='grc' dir='ltr'>καὶ</span> <span class='ocrx_word' id='word_1_751' title='bbox 2883 4851 3165 4925; x_wconf 83' lang='grc' dir='ltr'>ἀνθρώπου</span> <span class='ocrx_word' id='word_1_752' title='bbox 3192 4853 3462 4921; x_wconf 75' lang='grc' dir='ltr'>γενέσθαιο</span> <span class='ocrx_word' id='word_1_753' title='bbox 3494 4853 3584 4906; x_wconf 74' lang='grc' dir='ltr'>καὶ</span> <span class='ocrx_word' id='word_1_754' title='bbox 3611 4851 3772 4905; x_wconf 79' lang='grc' dir='ltr'>τοῦτο</span> <span class='ocrx_word' id='word_1_755' title='bbox 3816 4852 3873 4905; x_wconf 62' lang='grc' dir='ltr'><strong>εἰ</strong></span> 
     </span>
    </p>
   </div>
   <div class='ocr_carea' id='block_1_106' title="bbox 2321 4939 3872 5016">
    <p class='ocr_par' dir='ltr' id='par_1_106' title="bbox 2321 4939 3872 5016">
     <span class='ocr_line' id='line_1_107' title="bbox 2321 4939 3872 5016; baseline 0.001 -20"><span class='ocrx_word' id='word_1_756' title='bbox 2321 4944 2624 5015; x_wconf 84' lang='grc' dir='ltr'>γενόμενον,</span> <span class='ocrx_word' id='word_1_757' title='bbox 2661 4945 2796 5014; x_wconf 86' lang='grc' dir='ltr'>ὅπερ</span> <span class='ocrx_word' id='word_1_758' title='bbox 2830 4944 2930 4998; x_wconf 84' lang='grc' dir='ltr'>οὐκ</span> <span class='ocrx_word' id='word_1_759' title='bbox 2958 4939 3046 5014; x_wconf 75' lang='grc' dir='ltr'>ἦν,</span> <span class='ocrx_word' id='word_1_760' title='bbox 3095 4943 3162 4998; x_wconf 80' lang='grc' dir='ltr'>δι’</span> <span class='ocrx_word' id='word_1_761' title='bbox 3199 4944 3398 5014; x_wconf 74' lang='grc' dir='ltr'>ἄφατον</span> <span class='ocrx_word' id='word_1_762' title='bbox 3442 4943 3742 5016; x_wconf 69' lang='grc' dir='ltr'>ὑπερϐολὴν</span> <span class='ocrx_word' id='word_1_763' title='bbox 3771 4944 3872 5012; x_wconf 76' lang='grc' dir='ltr'><strong>τῆς</strong></span> 
     </span>
    </p>
   </div>
   <div class='ocr_carea' id='block_1_107' title="bbox 2320 5031 3112 5105">
    <p class='ocr_par' dir='ltr' id='par_1_107' title="bbox 2320 5031 3112 5105">
     <span class='ocr_line' id='line_1_108' title="bbox 2320 5031 3112 5105; baseline 0.003 -19"><span class='ocrx_word' id='word_1_764' title='bbox 2320 5032 2413 5093; x_wconf 80' lang='grc' dir='ltr'>τοῦ</span> <span class='ocrx_word' id='word_1_765' title='bbox 2451 5034 2661 5105; x_wconf 74' lang='grc' dir='ltr'>Πατρδς</span> <span class='ocrx_word' id='word_1_766' title='bbox 2692 5031 2880 5103; x_wconf 81' lang='grc' dir='ltr'>φιλανθ</span> <span class='ocrx_word' id='word_1_767' title='bbox 2889 5033 3112 5105; x_wconf 81' lang='grc' dir='ltr'>ρωπίας.</span> 
     </span>
    </p>
   </div>
   <div class='ocr_carea' id='block_1_108' title="bbox 2388 5432 3869 5506">
    <p class='ocr_par' dir='ltr' id='par_1_108' title="bbox 2388 5432 3869 5506">
     <span class='ocr_line' id='line_1_109' title="bbox 2388 5432 3869 5506; baseline 0.001 -16"><span class='ocrx_word' id='word_1_768' title='bbox 2388 5437 2499 5506; x_wconf 88' lang='lat' dir='ltr'><strong>(l7)</strong></span> <span class='ocrx_word' id='word_1_769' title='bbox 2550 5434 2619 5506; x_wconf 82' lang='grc' dir='ltr'><strong>Τὸ</strong></span> <span class='ocrx_word' id='word_1_770' title='bbox 2647 5434 2948 5506; x_wconf 55' lang='grc' dir='ltr'>πλήρωμα,</span> <span class='ocrx_word' id='word_1_771' title='bbox 2989 5434 3139 5490; x_wconf 80' lang='lat' dir='ltr'><strong>Illum</strong></span> <span class='ocrx_word' id='word_1_772' title='bbox 3173 5433 3260 5506; x_wconf 80' lang='lat' dir='ltr'><strong>qui</strong></span> <span class='ocrx_word' id='word_1_773' title='bbox 3297 5432 3728 5506; x_wconf 34' lang='grc' dir='ltr'>ενοι-πλήρωμα,</span> <span class='ocrx_word' id='word_1_774' title='bbox 3779 5444 3869 5491; x_wconf 74' lang='lat' dir='ltr'><strong>aut</strong></span> 
     </span>
    </p>
   </div>
   <div class='ocr_carea' id='block_1_109' title="bbox 2322 5503 3656 5579">
    <p class='ocr_par' dir='ltr' id='par_1_109' title="bbox 2322 5503 3656 5579">
     <span class='ocr_line' id='line_1_110' title="bbox 2322 5503 3656 5579; baseline -0.002 -19"><span class='ocrx_word' id='word_1_775' title='bbox 2322 5503 2525 5579; x_wconf 74' lang='grc' dir='ltr'>ἔχοντα.</span> <span class='ocrx_word' id='word_1_776' title='bbox 2541 5505 2683 5579; x_wconf 76' lang='lat' dir='ltr'><strong>Post</strong></span> <span class='ocrx_word' id='word_1_777' title='bbox 2701 5503 2969 5579; x_wconf 68' lang='grc' dir='ltr'>θεότητος,</span> <span class='ocrx_word' id='word_1_778' title='bbox 2989 5508 3079 5579; x_wconf 86' lang='lat' dir='ltr'><strong>qui</strong></span> <span class='ocrx_word' id='word_1_779' title='bbox 3109 5503 3359 5579; x_wconf 56' lang='lat' dir='ltr'><strong>habebaL</strong></span> 
     </span>
    </p>
   </div>
   <div class='ocr_carea' id='block_1_110' title="bbox 2392 5573 3869 5643">
    <p class='ocr_par' dir='ltr' id='par_1_110' title="bbox 2392 5573 3869 5643">
     <span class='ocr_line' id='line_1_111' title="bbox 2392 5573 3869 5643; baseline 0 -15"><span class='ocrx_word' id='word_1_780' title='bbox 2392 5578 2501 5643; x_wconf 81' lang='grc'><strong>(18)</strong></span> <span class='ocrx_word' id='word_1_781' title='bbox 2540 5573 2945 5628; x_wconf 73' lang='grc' dir='ltr'>Ἐπαίδευάεν.</span> <span class='ocrx_word' id='word_1_782' title='bbox 2976 5573 3284 5642; x_wconf 77' lang='lat' dir='ltr'><strong>Apostolus,</strong></span> <span class='ocrx_word' id='word_1_783' title='bbox 3321 5573 3526 5628; x_wconf 68' lang='lat' dir='ltr'><strong>Coloss.</strong></span> <span class='ocrx_word' id='word_1_784' title='bbox 3560 5573 3597 5638; x_wconf 86' lang='lat' dir='ltr'><strong>i,</strong></span> <span class='ocrx_word' id='word_1_785' title='bbox 3635 5574 3723 5635; x_wconf 77' lang='grc'><strong>19,</strong></span> <span class='ocrx_word' id='word_1_786' title='bbox 3783 5573 3869 5628; x_wconf 86' lang='lat' dir='ltr'><strong>do-</strong></span> 
     </span>
    </p>
   </div>
   <div class='ocr_carea' id='block_1_111' title="bbox 2323 5643 3864 5723">
    <p class='ocr_par' dir='ltr' id='par_1_111' title="bbox 2323 5643 3864 5723">
     <span class='ocr_line' id='line_1_112' title="bbox 2323 5643 3864 5723; baseline -0.003 -23"><span class='ocrx_word' id='word_1_787' title='bbox 2323 5647 2558 5723; x_wconf 65' lang='lat' dir='ltr'><strong>ret,_iza_&#39;tv</strong></span> <span class='ocrx_word' id='word_1_788' title='bbox 2585 5645 2646 5695; x_wconf 81' lang='grc' dir='ltr'><strong>τὸ</strong></span> <span class='ocrx_word' id='word_1_789' title='bbox 2678 5645 2944 5723; x_wconf 52' lang='grc' dir='ltr'>πλήρωμα</span> <span class='ocrx_word' id='word_1_790' title='bbox 2997 5647 3047 5698; x_wconf 89' lang='lat' dir='ltr'><strong>in</strong></span> <span class='ocrx_word' id='word_1_791' title='bbox 3075 5645 3173 5723; x_wconf 66' lang='lat' dir='ltr'><strong>illo</strong></span> <span class='ocrx_word' id='word_1_792' title='bbox 3207 5643 3557 5723; x_wconf 39' lang='grc' dir='ltr'>κατοικῆσαι..</span> <span class='ocrx_word' id='word_1_793' title='bbox 3610 5653 3668 5696; x_wconf 85' lang='lat' dir='ltr'><strong>et</strong></span> <span class='ocrx_word' id='word_1_794' title='bbox 3727 5644 3864 5723; x_wconf 71' lang='lat' dir='ltr'><strong>quod</strong></span> 
     </span>
    </p>
   </div>
   <div class='ocr_carea' id='block_1_112' title="bbox 2323 5714 3866 5784">
    <p class='ocr_par' dir='ltr' id='par_1_112' title="bbox 2323 5714 3866 5784">
     <span class='ocr_line' id='line_1_113' title="bbox 2323 5714 3866 5784; baseline -0.008 -10"><span class='ocrx_word' id='word_1_795' title='bbox 2323 5717 2409 5775; x_wconf 90' lang='lat' dir='ltr'><strong>hic</strong></span> <span class='ocrx_word' id='word_1_796' title='bbox 2434 5715 2720 5782; x_wconf 83' lang='lat' dir='ltr'><strong>indicatur,</strong></span> <span class='ocrx_word' id='word_1_797' title='bbox 2749 5714 2952 5771; x_wconf 66' lang='lat' dir='ltr'><strong>ualuas.</strong></span> <span class='ocrx_word' id='word_1_798' title='bbox 2986 5731 3044 5784; x_wconf 87' lang='grc' dir='ltr'><strong>ιι,</strong></span> <span class='ocrx_word' id='word_1_799' title='bbox 3071 5715 3128 5782; x_wconf 73' lang='grc' dir='ltr'><strong>θ,</strong></span> <span class='ocrx_word' id='word_1_800' title='bbox 3179 5715 3286 5769; x_wconf 76' lang='grc' dir='ltr'>πᾶν</span> <span class='ocrx_word' id='word_1_801' title='bbox 3317 5714 3377 5767; x_wconf 78' lang='grc' dir='ltr'><strong>τὸ</strong></span> <span class='ocrx_word' id='word_1_802' title='bbox 3441 5714 3712 5783; x_wconf 73' lang='grc' dir='ltr'>πλήρωμα</span> <span class='ocrx_word' id='word_1_803' title='bbox 3773 5714 3866 5781; x_wconf 67' lang='grc' dir='ltr'><strong>τῆς</strong></span> 
     </span>
    </p>
   </div>
  </div>
