4068 6316
210 388 327 445 8'53

870 489 1020 553 κει».
1052 502 1122 555 A'.

210 592 353 647 ὀτι
390 599 581 661 μάτην
604 591 995 661 Χριστιανοὺς
1021 590 1269 661 ἑαυτοὺς
1289 590 1593 661 λέγουσιν,
1626 589 1774 659 οιμὴ

288 659 607 729 ὐρὶστάναι
638 660 742 712 τὸν
785 661 919 712 flor
949 660 1053 712 τοῦ
1082 660 1229 713 Θεοῦ
1257 659 1705 728 ὁμολογοῦντες.

302 750 360 804 '0
394 751 492 821 μὲν
512 750 575 819 δὴ
599 751 696 819 τῆς
722 749 976 817 ἀληθείας
1004 748 1157 814 λόγος
1190 749 1341 800 ταῦτ’
1379 751 1444 800 ἐκ
1487 747 1776 817 προσώπου

214 840 322 913 βοᾷ
338 842 431 910 τῆς
447 840 782 907 Ἑκκλησίας·
806 842 855 892 oi
882 840 937 891 δὲ
955 839 1044 891 τὸν
1061 839 1186 890 Υἰὸν
1215 837 1309 889 τοῦ
1346 837 1480 891 Θεοῦ
1509 838 1673 907 ἅρνού
1684 856 1779 907 με-

211 948 323 996 νοι,
349 932 441 984 ενα
481 929 535 981 δὲ
565 929 694 982 Θεὸν
716 925 847 981 εἶναι
892 929 1207 995 φάσκοντες,
1250 928 1341 980 καὶ
1386 926 1535 979 οὐδὲν
1574 928 1775 997 ἓτερον,

211 1022 272 1075 τί
306 1022 397 1074 καὶ
420 1020 800 1091 παρενοχλοῦσι
843 1021 1017 1090 μάτην
1040 1023 1106 1089 τῇ
1144 1020 1459 1091 Ἐκκλησία,
1487 1022 1605 1080 ταῖς
1653 1020 1779 1072 Ἰου-

211 1112 381 1166 δαίων
406 1112 745 1182 προσομιλεῖν
775 1113 1114 1179 συναγωγαῖς
1143 1111 1293 1177 δέον;
1325 1112 1387 1163 Τί
1417 1110 1473 1163 δὲ
1504 1110 1597 1162 καὶ
1621 1109 1778 1179 βλασ-

215 1205 422 1274 φήμοις
478 1205 615 1272 σφᾶς
664 1203 860 1264 αὐτοὺς
896 1202 1275 1274 περιπείρουσι
1308 1202 1501 1269 λόγοις,
1543 1200 1631 1253 τὸν
1685 1202 1779 1253 ἕνα

212 1294 352 1347 Θεὸν
379 1294 829 1361 συκοφαντοῦντες
867 1293 976 1362 (19)
1020 1294 1222 1355 διτταῖς
1265 1293 1606 1362 ὲπηγορίαις,
1640 1294 1685 1345 εί
1714 1292 1777 1362 δὴ

210 1384 314 1438 τὸν
334 1385 493 1438 αὐτὸν
512 1384 727 1452 Πατέρα
757 1386 850 1436 καὶ
865 1384 952 1435 τὸν
970 1385 1128 1436 αὐτὸν
1146 1382 1268 1435 Υίόν
1288 1382 1623 1435 ὑποτίθενται
1640 1399 1653 1447 ;
1672 1385 1779 1435 Καὶ

212 1474 363 1536 τίνος
398 1474 503 1543 γάρ
529 1474 641 1524 ἐστι
665 1473 841 1543 πατὴρ
869 1473 1089 1543 μηδενὸς
1116 1473 1418 1543 ὑφεστῶτος
1452 1472 1567 1526 υἱοῦ
1592 1490 1604 1536 ;
1627 1475 1780 1535 Τίνος

212 1564 279 1617 δὲ
306 1565 414 1626 υίὸς
436 1564 604 1624 ἔσται,
642 1565 714 1633 μὴ
757 1565 1194 1634 προϋπάρχοντος
1229 1564 1319 1616 τοῦ
1365 1567 1777 1635 γεγεννηκότος;

213 1652 318 1717 Εἷς
338 1655 392 1706 δὲ
418 1654 510 1717 ῶν,
542 1656 754 1717 πάντως
778 1671 879 1707 που
918 1655 1078 1717 αὐτὸς
1110 1654 1259 1707 ἔσται
1294 1657 1320 1707 ὀ
1360 1656 1663 1727 σαρκωθεὶς
1688 1658 1781 1709 καὶ

214 1745 407 1798 παθὼν

217 1836 357 1906 βίον.

465 1746 556 1797 καὶ
626 1746 716 1798 τὸν
774 1748 829 1798 ὲν
908 1744 1211 1815 ἀνθρώποις
1271 1746 1524 1810 διανύσας
1591 1747 1779 1800 θνητὸν

1156 374 1244 436 DE
1282 378 1812 438 ECCLESIASTICA
1854 377 2247 435 THEOLOGIA
2285 375 2411 431 LIB.
2444 376 2487 432 Ι.

1803 516 1850 572 Α

3337 368 3441 425 851

2524 494 2675 551 CAP.
2702 494 2789 549 iV.

1885 591 2037 657 Quod
2064 592 2262 660 {rustra
2292 607 2343 643 se
2372 589 2701 660 denominant
2737 584 3090 660 Christianos,
3119 583 3209 653 qui
3238 580 3441 636 Filium

2248 660 2345 713 Dei
2374 676 2475 713 non
2497 659 2728 727 fatentur
2761 656 3068 709 substitisse.

1949 756 2124 825 Atque
2146 756 2244 811 ista
2271 756 2490 825 quidem
2524 753 2770 807 veritatis
2800 750 2977 805 oratio
3013 756 3093 803 est
3126 760 3224 815 per
3255 745 3442 800 Eccle-

1878 842 1973 897 siae
1996 846 2323 912 praaconium
2369 842 2719 912 proclamata.
2770 838 2848 892 Illi
2910 852 3071 907 porro
3119 836 3209 904 qui
3244 835 3441 888 Filium

1882 933 1976 987 Dei
2017 934 2350 997 inficiantur,
2386 949 2550 986 unum
2580 947 2710 985 vero
2742 930 2913 985 solum
2948 927 3113 981 Deum
3137 941 3257 981 esse
3289 925 3441 979 dicti-

1882 1033 2015 1089 tant,
2054 1040 2153 1079 nec
2180 1032 2372 1094 pncter
2398 1024 2546 1077 illum
2584 1022 2727 1075 aliud
2762 1040 2774 1074 :
2808 1034 3064 1089 quorsum
3102 1032 3161 1072 se
3186 1016 3439 1070 molestos

1881 1116 2134 1170 Ecclesiae
2164 1114 2253 1169 Dei
2280 1115 2535 1169 exhibent
2557 1114 2802 1175 ulterius,
2829 1113 2918 1181 qui
2948 1112 3129 1179 potius
3144 1110 3445 1164 debuerant

1880 1205 2159 1273 segregari
2191 1208 2255 1258 ad
2282 1218 2581 1274 synagogas
2598 1202 2941 1257 Iudaeorum?
2972 1207 3029 1263 >14
3060 1201 3325 1266 Quorsum
3356 1212 3443 1252 se-

1880 1307 1990 1351 met
2020 1310 2233 1365 quoque
2266 1296 2409 1364 ipsos
2440 1296 2619 1349 verbis
2653 1295 3024 1361 trnnsadigunt
3067 1291 3447 1360 blaspheman-

1882 1389 2043 1448 tihus,
2076 1402 2238 1440 unum
2271 1388 2457 1446 Deum,
2485 1387 2829 1455 sycophaan
2860 1384 3001 1436 velut
3031 1382 3226 1441 solent,
3262 1381 3448 1435 convi-

1882 1480 2090 1532 cianles
2119 1494 2215 1547 per
2254 1479 2361 1531 duo
2392 1478 2733 1546 cognomina,
2788 1477 2829 1529 si
2862 1476 3109 1529 eumdem
3146 1476 3320 1543 ipsum
3352 1474 3445 1527 Fi-

1882 1570 2033 1633 lium,
2060 1584 2218 1638 quem
2259 1580 2312 1622 et
2340 1567 2575 1633 Patrem,
2612 1585 2706 1635 per
2736 1566 2912 1621 omnia
2942 1581 3061 1620 esse
3086 1566 3443 1619 contendunt.

1882 1659 2044 1727 Cujus
2070 1662 2269 1713 etenim
2297 1670 2449 1727 pater
2474 1672 2618 1713 esset
2654 1660 2760 1723 ille,
2796 1660 2883 1727 qui
2916 1658 3087 1711 [ilium
3115 1672 3221 1711 non
3250 1657 3449 1711 haheat

1882 1752 1969 1818 qui
2001 1752 2298 1804 snbsistat?
2332 1750 2499 1821 Cujus
2533 1768 2694 1821 porro
2720 1761 2775 1806 el
2813 1751 2903 1804 ille
2934 1751 3094 1811 lilius,
3143 1748 3296 1814 cujus
3331 1748 3449 1799 nul-

1888 1840 1968 1895 lus
2007 1844 2410 1909 prmexstiterit,
2446 1844 2537 1911 qui
2570 1845 2755 1914 genuit
2788 1858 2909 1896 eum
2950 1839 3149 1911 pater?
3177 1840 3332 1895 Unus
3376 1839 3450 1892 si-

216 1934 444 2002 quidem
506 1948 627 1986 cum
693 1933 935 1995 exsistat,
970 1948 1067 1986 nec
1099 1932 1266 1998 aliud,
1310 1935 1529 1987 omnino
1568 1934 1684 1987 ﬁeri
1738 1950 1844 1988 non
1888 1946 2061 2003 potest
2095 1938 2271 2003 aliter,
2307 1940 2438 2007 quin
2486 1954 2625 1992 unus
2680 1937 3046 2007 idemqueqsit
3092 1938 3448 2000 incarnatus,

217 2041 438 2097 passus,
468 2036 523 2081 et
570 2028 621 2080 in
655 2027 868 2081 homine
893 2044 1011 2091 suo,
1064 2030 1227 2080 vitam
1272 2028 1577 2098 transigens
1620 2030 1926 2085 mortalem.

899 2144 1053 2195 ΚΕΦ.
1086 2141 1165 2195 Ε’.

215 2235 422 2304 Ὅπως
468 2233 817 2304 Μᾴρκελλος
868 2233 975 2285 τόν
1015 2234 1149 2286 Υιὸν
1183 2234 1290 2286 τοῦ
1331 2234 1478 2288 Θεοῦ
1522 2236 1778 2304 ἠρνεῖτο,

327 2302 440 2370 τὴν
458 2302 563 2356 τοῦ
589 2304 914 2356 Σαϐελλίου
932 2304 1277 2371 προαίρεσιν
1291 2302 1673 2373 μιμούμείὍς.

305 2392 463 2445 Ἀλλὰ
514 2392 684 2445 ταῦτα
714 2392 938 2459 λέγοντα
974 2392 1256 2444 Σαόέλλιον
1296 2395 1328 2463 ή
1370 2394 1663 2462 Ἐκκλησία
1688 2395 1780 2447 τοῦ

215 2482 356 2534 Θεοῦ
384 2481 458 2545 ὡς
483 2481 613 2535 ἄθεα
652 2482 744 2535 καὶ
768 2482 996 2551 δυσσεϐῆ
1024 2481 1323 2551 τολμῶντα,
1354 2481 1565 2553 μακρὰν
1596 2482 1780 2551 ἤλασε.

218 2571 408 2626 Ταῦτα
449 2572 504 2625 δὲ
532 2573 845 2645 Μάρκελλος
884 2572 1232 2626 ἀνανεοῦσθαι
1268 2576 1542 2645 πειρᾶται,
1575 2591 1784 2644 προκα·

216 2664 463 2735 λύμματι
506 2664 779 2736 χρώμενος
823 2665 882 2717 οὐ
941 2664 1149 2734 πιθανῷ
1194 2665 1352 2735 λόγῳ.
1402 2665 1531 2718 Θεὸν
1562 2665 1669 2734 γὰρ
1692 2666 1786 2718 ἕνα

216 2755 399 2825 ὀρθῶς
422 2755 753 2826 ὁριζόμενος,
783 2755 966 2808 τοῦτον
995 2756 1153 2807 αὑτὸν
1184 2756 1353 2823 Λόγον
1388 2756 1529 2825 ἔχειν
1568 2757 1625 2808 ὲν
1658 2757 1785 2808 ἑαυ-

216 2845 305 2916 τῷ
326 2847 596 2916 ἡνωμένον
630 2848 721 2902 καὶ
757 2848 1095 2917 συνημμένον
1120 2846 1267 2916 αὐτῷ
1317 2864 1479 2918 φησιν
1501 2864 1515 2880 ο
1555 2849 1786 2902 κᾶπειτα

218 2937 320 2991 τοῦ
350 2938 464 3001 ἐνὸς
489 2938 623 2991 Θεοῦ
650 2939 710 2990 τὸ
742 2939 839 3008 μέν
869 2956 921 2991 τι
946 2938 1166 3009 Πατέρα
1186 2937 1356 3003 καλεῖ,
1388 2939 1447 2991 τὸ
1471 2939 1525 2991 δὲ
1542 2939 1687 2993 Υίόν·
1712 2941 1787 3003 ὼς

219 3028 415 3099 διπλῆν
452 3046 569 3081 τινα
601 3030 692 3081 καὶ
726 3025 973 3081 σύνθετον
1000 3028 1183 3081 οὐσίαν
1214 3032 1269 3081 ὲν
1302 3029 1474 3099 ἐαυτῷ
1495 3025 1628 3083 εἶναι

221 3123 338 3175 Καὶ
365 3120 511 3193 πόσῳ
554 3119 740 3174 τούτου
789 3120 1049 3190 κρείττων
1102 3122 1156 3172 ὲν
1191 3119 1373 3173 κακῶν
1426 3120 1617 3191 ἐκλογῇ
1653 3122 1681 3173 ὁ
1713 3120 1788 3192 μὴ

221 3209 446 3279 διαιρῶν
496 3209 591 3279 μὲν
636 3209 733 3277 τὴν
756 3207 991 3277 ἄναρχον
1026 3209 1118 3259 καὶ
1146 3208 1435 3279 ἀγέννητον
1472 3210 1564 3262 καὶ
1603 3210 1788 3279 θεῖκὴν

221 3297 472 3367 δύναμιν,
514 3296 603 3349 τὸν
636 3296 794 3348 αὑτὸν
842 3295 885 3348 δ’
943 3292 1077 3347 εἶναι
1132 3296 1403 3365 ὁμολογῶν
1469 3297 1657 3369 γυμνῷ
1712 3299 1789 3369 τῷ

223 3387 371 3457 λόγῳ
399 3386 528 3456 (21).
560 3387 715 3455 Πόσῳ
739 3386 793 3437 δὲ
814 3386 1082 3456 ἑκατέρων
1114 3385 1331 3454 βελτίων
1355 3388 1665 3452 ὁἸουδαϊος,
1698 3391 1788 3442 τὸν

2527 2128 2679 2181 CAP.
2726 2126 2791 2181 ν.

1885 2215 2158 2279 Quomodo
2193 2218 2474 2273 Marcellus
2516 2218 2713 2271 Filium
2746 2219 2840 2271 Dei
2885 2219 3179 2299 abnegavit,
3212 2216 3437 2273 Sabellii

2234 2300 2428 2342 δεειαηι
2453 2300 2661 2342 secutus
2685 2300 2731 2343 el
2754 2301 3097 2358 proposuitm.

1956 2382 2240 2435 Enimvero
2281 2380 2574 2435 Sabellium
2605 2394 2727 2432 cum
2757 2373 2869 2433 haec
2890 2390 3156 2443 tueretur,
3188 2388 3446 2441 tanquam

1885 2471 2101 2524 atheum
2153 2470 2426 2524 hominem
2458 2478 2512 2522 et
2539 2468 2699 2537 imple
2738 2470 3018 2533 audacem,
3049 2469 3293 2524 Ecclesia
3329 2468 3449 2533 Dei,

1884 2563 2072 2630 procul
2103 2562 2432 2618 amandavit.
2454 2561 2577 2616 H:ce
2599 2563 2786 2615 eadem
2822 2560 3107 2614 Marcellus
3138 2560 3453 2615 instaurare

1888 2655 2100 2708 demum
2142 2652 2364 2722 satagit,
2414 2658 2675 2719 prmlextu
2709 2652 2939 2718 quodam
2992 2639 3143 2711 usus,
3200 2663 3453 2703 sermone

1888 2760 1993 2797 non
2026 2744 2310 2797 admodum
2340 2742 2624 2811 probabili.
2662 2740 2833 2795 Unum
2870 2740 3015 2793 enim
3068 2739 3236 2792 Deum
3303 2749 3455 2793 recte

1887 2835 2162 2904 professus
2192 2837 2332 2889 hunc
2364 2837 2539 2903 ipsum
2585 2835 2774 2896 Deum,
2804 2831 3143 2887 continuisse
3175 2832 3226 2884 iu
3258 2845 3317 2884 se
3366 2830 3453 2883 ai-

1890 2928 2067 2980 ilrmat
2112 2926 2348 2980 Verbum
2375 2941 2530 2979 suum
2576 2924 2679 2978 sibi
2738 2923 3037 2989 adunitum,
3087 2922 3298 2990 sibique
3324 2936 3454 2975 con-

1888 3027 2115 3072 cretum.
2146 3019 2322 3084 Atque
2375 3016 2501 3069 hinc
2529 3030 2872 3083 progressus,
2922 3014 3064 3067 illius
3099 3014 3258 3067 unius
3290 3029 3453 3081 quem

1891 3109 2063 3163 tenuit
2094 3109 2214 3170 Dei,
2245 3107 2391 3160 aliud
2417 3104 2633 3159 Patrem
2673 3116 2865 3170 vocat,
2925 3105 3070 3158 aliud
3116 3103 3334 3169 Filium,
3390 3114 3469 3159 ac

1890 3201 1934 3254 si
1962 3201 2012 3254 in
2046 3215 2151 3253 uno
2173 3208 2228 3253 et
2259 3199 2446 3253 eodem
2494 3197 2634 3251 foret
2672 3198 2867 3266 duplex
2905 3200 3151 3267 quaedam
3190 3199 3450 3261 essentia.

1892 3292 2079 3346 eadem
2106 3299 2161 3344 et
2188 3290 2509 3358 composita.
2548 3289 2610 3343 Et
2636 3298 2839 3354 quanto
2870 3288 3091 3358 quidem
3128 3289 3365 3352 rectius,
3422 3302 3453 3343 ο

1893 3382 2099 3435 duobus
2135 3381 2311 3444 malis,
2345 3382 2389 3434 is
2415 3380 2505 3449 qui
2533 3381 2791 3443 divinam,
2820 3381 3110 3448 ingenitam
3144 3390 3198 3434 et
3232 3380 3453 3449 impriu-

224 3480 326 3532 ινα
348 3478 477 3530 Θεὸν
507 3477 567 3530 οὐ
603 3476 823 3547 διαιρῶν
845 3479 923 3541 είς
962 3476 1177 3546 Πατέρα
1215 3479 1308 3529 καὶ
1341 3478 1464 3531 Υἰὸν
1488 3480 1786 3551 Μαρκέλλῳ

1891 3470 2143 3539 cipiatam
2169 3470 2423 3523 virtutem
2456 3483 2795 3537 nequaquam
2824 3470 3090 3531 dividens,
3138 3485 3303 3522 unum
3335 3482 3456 3523 esse

226 3569 638 3641 παραπλησίως,
654 3568 772 3622 οὐδὲ
792 3568 881 3621 τὸν
905 3567 1063 3621 αὑτὸν
1087 3568 1394 3641 Υἱοπάτορα
1422 3570 1559 3622 κατὰ
1586 3565 1674 3622 τὸν
1696 3573 1791 3623 Σα-

226 3662 435 3715 δέλλιον
463 3662 713 3729 εἰσάγων,
737 3660 869 3714 ἀλλὰ
902 3662 1070 3715 σέϐων
1100 3662 1196 3731 μὲν
1218 3662 1306 3714 τὸν
1327 3662 1476 3725 Θεὸν,
1512 3662 1789 3733 γνωρίζων

226 3754 287 3807 δὲ
318 3754 410 3805 καὶ
458 3754 765 3823 προσδοκῶν
815 3754 904 3806 τὸν
941 3753 1170 3822 Χριστὸν
1224 3754 1384 3806 αὑτοῦ
1438 3754 1526 3807 τὸν
1571 3755 1658 3808 διὰ
1683 3756 1790 3808 τῶν

227 3844 520 3917 προφητῶν
564 3843 711 3916 ἥξειν
745 3845 1156 3916 κηρυττόμενον·
1199 3845 1255 3899 ὃν
1289 3846 1527 3909 ἐλθόντα,
1558 3847 1678 3899 ἐπεὶ
1716 3850 1788 3919 μὴ

227 3937 606 4008 παρεδέξαντο,
639 3938 792 4008 δίκην
835 3938 931 4008 τῆς
962 3939 1041 4001 είς
1084 3935 1242 3990 αὐτὸν
1274 3939 1530 4003 ἀπιστίας
1558 3940 1790 4011 ὑπέσχον

227 4044 290 4080 τε
326 4029 417 4080 καὶ
448 4026 719 4097 ὑφέξουσι.

851 4297 1031 4349 xeo.
1058 4299 1145 4362 (τι.

376 4385 573 4450 Ὅπως
598 4386 636 4453 ὴ
670 4386 1001 4454 Ἐκκλησιά
1022 4388 1127 4439 τοῦ
1166 4387 1312 4441 Θεοῦ
1363 4390 1649 4442 πιστεύει.

304 4478 369 4529 Oi
394 4477 449 4529 δὲ
478 4476 748 4529 πιστεύειν
778 4480 855 4539 εἰς
882 4477 972 4531 τὸν
1012 4479 1332 4547 ἀφικόμενον
1360 4479 1423 4530 δι’
1453 4479 1613 4548 εὐχῆς
1645 4478 1792 4548 ἕχον·-

230 4583 326 4630 τις
368 4568 491 4637 τρία
547 4568 714 4621 ταῦτα
746 4568 1080 4639 γνωριοῦσιψ
1120 4570 1231 4639 (22)
1256 4570 1344 4621 τὸν
1386 4572 1448 4622 ὲκ
1484 4570 1792 4639 σπέρματος

234 4658 418 4722 Δαὸὶδ,
449 4660 541 4712 καὶ
568 4660 665 4730 τῆς
685 4660 851 4729 αὐτῆς
894 4659 1049 4727 ἁγίας
1077 4660 1368 4731 Παρθένου·
1408 4661 1499 4713 καὶ
1534 4660 1623 4713 τὸν
1654 4663 1792 4713 ἐνοι-

235 4749 480 4818 κήσαντα
504 4750 674 4819 τούτῳ
699 4749 824 4802 Υίὸν
853 4748 944 4803 τοῦ
980 4749 1111 4802 Θεοῦ
1142 4750 1372 4821 προόντα
1401 4752 1494 4803 καὶ
1522 4750 1793 4813 οὐσιωδῶς

310 4952 371 5011 ᾖ(
396 4947 496 5005 Ed.
529 4946 701 5003 Paris.
729 4962 851 5018 pag.
880 4947 968 5013 65,
1005 4947 1090 5020 64.)

244 5130 510 5206 θεότητος,
526 5135 852 5206 σωματικῶς
869 5137 1203 5206 κατοικῆσαι.
1226 5136 1489 5189 M.-—Mox
1513 5138 1671 5204 vulgo
1705 5139 1784 5191 διὸ
1815 5145 1861 5203 ι)

1890 3572 2050 3629 atque
2070 3560 2283 3613 unicum
2314 3561 2567 3613 exsertim
2596 3558 2894 3613 afﬁrmavit.
2918 3559 2981 3613 Et
3002 3567 3205 3628 quanto
3238 3559 3454 3626 quidem

1890 3658 2121 3717 utroque
2148 3650 2337 3703 melius
2364 3648 2605 3711 Judaeus,
2632 3664 2795 3703 unum
2833 3649 2999 3703 Deum
3042 3664 3146 3702 non
3205 3650 3456 3702 dividens

1891 3742 1943 3795 in
1976 3741 2192 3795 Patrem
2225 3750 2279 3795 et
2310 3742 2362 3794 iu
2393 3740 2627 3794 Filium?
2670 3741 2811 3810 quod
2840 3740 3119 3795 Marcellus
3165 3740 3318 3794 facit.
3346 3740 3457 3794 Nec

1890 3832 2135 3886 eumdem
2183 3832 2323 3900 quod
2375 3831 2639 3885 Sabellius
2674 3832 2821 3893 l'acit,
2848 3830 3458 3885 Filio-Patrem-iutro—

1893 3926 2043 3978 ducit
2072 3942 2084 3978 :
2115 3927 2207 3978 sed
2241 3940 2361 3978 cum
2394 3925 2557 3977 Deum
2595 3933 2907 3986 veneretur.
2956 3922 3199 3992 agnoscit
3253 3932 3306 3976 et
3357 3937 3455 3976 ex-

1890 4026 2099 4084 spectat
2130 4017 2398 4070 Christum
2427 4017 2542 4085 ejus
2567 4030 2662 4083 pcr
2706 4016 2995 4084 prophetas
3023 4015 3400 4067 annuntiatum
3436 4030 3453 4068 :

1891 4118 2048 4172 quem
2067 4120 2185 4157 cum
2208 4104 2527 4168 advenisset,
2548 4104 2671 4171 quia
2701 4119 2804 4156 non
2830 4112 3201 4170 susceperant.
3225 4102 3457 4155 inﬁdeli-

1892 4197 2020 4251 tatis
2046 4197 2188 4251 illius
2229 4212 2438 4267 pinnam
2495 4195 2757 4249 sull'erunt
2797 4196 2971 4248 adhuc
2999 4204 3052 4249 et
3082 4194 3449 4249 sustinebunt.

2492 4288 2509 4357 |
2537 4286 2684 4341 CAP.
2720 4284 2803 4340 Vl.

2223 4377 2495 4442 Quomodo
2524 4378 2704 4430 credat
2739 4376 2975 4430 Ecclesia
3008 4374 3120 4428 Dei.

1963 4473 2033 4525 At
2059 4472 2147 4539 qui
2176 4472 2226 4523 in
2262 4470 2428 4535 illum,
2456 4471 2546 4538 qui
2573 4470 2810 4533 advenit,
2853 4469 3080 4521 credere
3121 4466 3453 4532 desiderant,

1896 4565 2007 4618 ham
2058 4566 2158 4616 tria
2204 4563 2487 4615 manifeste
2543 4562 2947 4616 conﬁtebuntur
2984 4581 2998 4615 :
3050 4571 3233 4614 natum
3264 4561 3331 4614 de
3367 4574 3455 4613 sc-

1896 4658 2037 4710 tnine
2073 4656 2305 4718 Davidis,
2358 4656 2582 4726 ipsaque
2611 4655 2743 4709 adeo
2775 4656 3118 4708 sanetissima
3178 4651 3397 4723 Virgine
3432 4669 3446 4706 :

1896 4748 2100 4801 Filium
2154 4763 2367 4817 quoque
2419 4748 2513 4802 Dei
2550 4762 2673 4801 eum
2722 4747 3139 4809 inhabitantem,
3174 4746 3263 4815 qui
3305 4746 3455 4815 prius

1958 5140 2067 5210 (2|)
2099 5128 2313 5208 Γυιῖνῷ
2339 5135 2419 5210 τῷ
2449 5136 2628 5205 λόγῳ.
2659 5133 3189 5210 δσιιθιίίιισ-ηηρι-ψιιξ
3206 5131 3329 5210 _vnlt
3361 5149 3451 5210 er-

241 5200 405 5279 u,_ei
428 5207 497 5279 ἣν
606 5200 809 5272 θεολογ.
840 5216 893 5279 et
917 5200 996 5279 οἷς
1026 5200 1253 5279 ἐκτραπ.
1278 5218 1331 5260 et
1361 5207 1485 5259 Υἱὸν
1526 5200 1633 5259 τοῦ
1647 5210 1779 5262 Θεοῦ

1888 5200 1971 5276 κη’
1985 5200 2292 5263 uda-mium
2326 5200 2489 5279 clam.
2510 5200 2622 5279 non
2642 5204 2907 5279 cxsertini
2932 5200 3329 5279 Σαβελλιάζειν.
3350 5202 3424 5279 ..1η
3437 5232 3453 5243 -

243 5289 301 5324 π.
322 5273 745 5344 -ᾷνθρωπον
776 5285 828 5327 r-t
848 5276 941 5327 ἕνα
970 5277 1017 5327 δ.
1050 5273 1137 5326 τὸν
1160 5277 1219 5327 Θ.

310 5342 417 5411 (i9)
453 5341 602 5411 Vulg.
626 5346 1135 5411 Συκοφαντοῦντα.
1167 5347 1273 5399 luto
1308 5347 1781 5413 συκοφαντοῦντες.

1886 5274 1983 5333 ὅςεί
2052 5281 2210 5331 Deum
2276 5295 2379 5329 "(HI
2434 5277 2784 5327 dividi-bunt:
2822 5274 2943 5340 ψιίὶι
3000 5274 3267 5325 UH‘ISW'"
3314 5274 3450 5338 "ius,

1891 5351 2062 5401 adhuc
2086 5356 2451 5413 exspectatum
2482 5347 2789 5401 credebant.
2835 5352 2886 5393 et
2923 5344 3145 5394 credunt
3178 5357 3370 5413 verum
3400 5353 3453 5394 et

239 5409 334 5484 [ist
376 5409 513 5464 enim
546 5409 875 5484 συκοφαντία
914 5416 1038 5467 illttd
1081 5418 1145 5467 de
1176 5416 1279 5468 Deo
1312 5409 1622 5481 praedicare,
1650 5409 1788 5484 quod
1893 5434 2097 5471 morum
2139 5409 2427 5474 hominem.
2457 5414 2867 5484 dehominihus
2892 5414 3149 5465 futurum.
3177 5409 3449 5465 M.-—-Mox

240 5478 381 5534 Deus
414 5495 516 5533 non
540 5478 754 5551 erat.'ln
790 5492 1054 5551 postremo
1084 5484 1185 5536 line
1208 5478 1421 5551 capitis,
1443 5485 1564 5537 ierri
1607 5478 1783 5541 fol-san

240 5561 418 5622 posset
448 5560 502 5622 et
533 5550 720 5620 θνητὸν
756 5552 885 5619 βίον.
909 5550 1185 5606 M.—-‘Dein
1215 5554 1261 5604 εί
1280 5550 1343 5605 ⁷δὲ
1376 5563 1429 5606 et
1453 5554 1567 5605 υἱοῦ
1593 5555 1779 5622 ὑφεστ.

236 5626 291 5672 et
319 5619 580 5688 tympéwv
618 5619 707 5672 καὶ
733 5638 848 5675 συν.

1897 5490 2056 5549 vulgo
2086 5486 2255 5539 σέϐων
2282 5487 2372 5537 καὶ
2407 5486 2497 5537 τὸν
2519 5483 2578 5535 Θ.

1958 5557 2069 5625 (Ξέ)
2115 5557 2277 5625 Vulgo
2312 5554 2667 5625 γνωρίζουσις
2700 5562 2749 5625 ει
2771 5550 3257 5625 ἀπεστάλΟη-Μεὶρ
3282 5564 3450 5625 corr;

1888 5616 2009 5679 mox
2052 5616 2242 5694 vulgo"
2266 5616 2471 5686 ρι’Υἰὸς
2498 5616 2609 5673 τοῦ
2634 5622 2784 5693 ἄνθρ.
2821 5625 2877 5694 5y
2901 5634 2952 5676 et
2988 5616 3149 5691 τριῶν
3173 5620 3230 5672 δέ
3264 5631 3315 5670 et
3344 5616 3453 5694 εἶεν

308 5686 758 5764 (Ξογυύσίανέκ
778 5691 965 5764 ἐαυτῷ
1004 5692 1173 5745 εἶναι.
1224 5690 1435 5764 ﬂecte,
1492 5706 1545 5747 et
1604 5704 1779 5750 tamen

1887 5696 2075 5748 ἁποόλ.
2110 5686 2166 5747 (εἴ
2197 5694 2292 5764 τὴν
2329 5696 2424 5763 μὲν
2462 5694 2637 5764 σάρκα
2672 5686 2805 5745 τ.’σ.
2836 5692 3003 5746 Porro
3027 5686 3196 5757 'iulgo
3252 5691 3453 5741 σκοπὸν

235 5755 398 5826 ιχειν,
425 5768 478 5811 ut
503 5761 655 5826 paulo
675 5761 822 5828 prius
852 5755 947 5829 legi
978 5772 1200 5831 poterat.
1224 5758 1289 5811 Μ.

1885 5776 1934 5819 et
1969 5765 2397 5834 δογματίζοντες.
