4068 6316
716 360 825 419 835

1378 356 1645 416 EUSEBII
1680 356 2154 415 CE‘SARIENSIS
2190 356 2339 417 OPP.
2378 356 2556 414 PARS
2590 356 2684 414 Π.
2721 388 2791 403 -—
2826 356 3245 415 DOGIA‘HCA.

717 476 979 541 exstabat,
1026 481 1081 529 et
1130 475 1555 531 substantialiter
1584 477 1914 532 consistebat
1950 494 1965 531 :
2000 491 2101 533 nec
2147 492 2247 531 non

2356 476 2657 545 ὑφεστῶτα·
2682 478 2776 531 καὶ
2805 476 2897 529 τὸν
2936 474 3124 530 τούτου
3155 475 3374 546 Πατέρα
3397 473 3552 538 Θεὸν,
3587 474 3681 544 ὑφ’
3712 468 3778 527 οὗ
3821 477 3901 530 aa‘.

718 566 872 623 istius
905 565 1129 639 Patrem
1164 567 1328 621 Deum
1353 606 1370 631 ,
1428 582 1458 620 a
1504 582 1612 637 quo
1650 570 1847 623 missus
1896 566 2113 621 advenit
2143 567 2252 630 ille,

716 659 1161 727 quernadmodum
1204 657 1271 713 ab
1318 659 1433 726 ipso
1478 673 1617 727 saepe
1644 658 1857 726 ponitur
1886 659 1939 712 in
1986 658 2252 715 confesso.

715 747 879 802 Nobis
907 750 1068 818 igitur
1086 764 1221 804 unus
1246 747 1386 802 Deus
1414 759 1517 814 est,
1536 766 1567 801 α
1594 762 1696 819 quo
1721 757 1840 803 aaut
1870 751 2045 803 omnia
2066 748 2134 813 “,
2168 764 2254 805 se-

713 842 945 894 cundum
985 839 1221 910 Apostoli
1282 840 1506 894 dictum.
1537 840 1604 894 Et
1633 854 1770 895 unus
1800 841 2051 895 Dominus
2103 842 2257 896 Jesus

712 926 961 987 Christus
1004 944 1097 1000 per
1142 946 1290 996 quem
1323 940 1444 984 sunt
1488 945 1659 983 omnia
1714 932 1783 992 ",
1819 932 1909 999 qui
1941 930 2048 985 Deo
2084 931 2256 986 Filius

714 1020 1018 1089 unigenitus
1044 1020 1465 1089 praexsistebat.
1500 1019 1564 1072 Et
1592 1020 1799 1081 tertius,
1820 1022 2112 1074 secundum
2138 1036 2257 1075 car-

713 1123 833 1163 nem
859 1108 1021 1163 Filius
1062 1110 1295 1164 hominis
1329 1127 1343 1163 :
1374 1123 1532 1179 quem
1578 1110 1847 1163 hominem
1878 1120 2057 1163 nostra
2093 1126 2255 1165 causa

711 1201 942 1269 suscepit
966 1200 1131 1254 Filius
1160 1202 1273 1255 Dei.
1300 1199 1403 1254 Sed
1439 1215 1535 1254 nec
1561 1215 1754 1269 corpus
1776 1202 1917 1269 quod
1942 1204 2252 1269 assumpsit,

709 1296 828 1341 erat
873 1287 1014 1341 idem
1048 1302 1169 1341 cum
1220 1287 1355 1341 Filio
1391 1288 1503 1353 Dei,
1545 1288 1635 1357 qui
1676 1290 1966 1357 assumpsit
2005 1304 2019 1340 :
2084 1303 2258 1357 neque

710 1376 828 1444 ipse
855 1377 946 1431 Dei
985 1378 1156 1433 Filius
1196 1394 1334 1433 unus
1361 1379 1605 1447 idemque
1628 1380 1782 1433 debet
1804 1380 2099 1433 existimari
2133 1395 2254 1434 cum

708 1469 953 1536 genitore
980 1479 1095 1523 suo.
1126 1468 1167 1523 Ε
1200 1469 1371 1522 tribus
1400 1477 1577 1523 autem
1630 1469 1890 1536 subjectis
1932 1471 2081 1524 hisce
2106 1510 2122 1536 ,
2181 1470 2256 1523 illi

709 1557 798 1625 qui
822 1556 1031 1612 duobus
1060 1559 1334 1613 concessis
1360 1558 1578 1615 tertium
1607 1558 1879 1627 rejiciuut,
1908 1562 1975 1616 ah
2019 1560 2255 1616 Ecclesia

708 1647 803 1702 Dei
841 1657 964 1704 sunt
996 1648 1295 1719 rejicieudi.

1334 1736 1483 1792 car.
1528 1736 1634 1792 vn.
1662 1737 1674 1810 ι

2353 568 2514 631 αὐτὸς
2570 567 2900 621 ἀπεστάλθαι
2938 566 3173 636 συνεχῶς
3214 566 3484 637 ὁμολογεῖ,
3524 566 3697 636 Ἥμτν
3739 566 3900 621 τοίνυν

2353 653 2431 721 εἷς
2457 658 2586 720 Θεὸς
2613 660 2642 711 ό
2677 658 2883 728 Πατὴρ,
2922 658 2991 722 ἐξ
3025 654 3096 714 οὗ
3126 660 3197 711 τὰ
3222 658 3437 720 πάντα.
3468 658 3720 711 κατάτὺν
3760 658 3899 711 ’Διό-

2355 748 2553 801 στολονο
2610 751 2701 803 καὶ
2741 746 2821 815 εἷς
2846 751 3043 821 Κύριος
3082 748 3284 819 Ἰησοῦς
3309 750 3561 821 Χριστος,
3611 747 3688 802 δι’
3723 742 3804 803 οὗ
3834 750 3897 802 τὸ

2354 837 2564 901 πάντα,
2594 841 2623 891 ὁ
2650 839 2829 909 προὼν
2857 840 2949 893 τοῦ
2978 838 3108 892 Θεοῦ
3138 840 3424 911 μονογενὴς
3450 840 3599 904 Υἱὸς,
3616 840 3715 892 καὶ
3732 837 3898 909 τρίτος

2352 928 2381 979 ὀ
2414 928 2549 980 κατά
2577 929 2752 999 σάρκα
2782 930 2904 993 Υἰὸς
2927 929 3226 1000 ἀνθρώπου,
3258 930 3315 983 ὃν
3358 930 3422 1003 διέ
3455 932 3605 1002 ημᾶς
3625 932 3898 1003 ἀνείληφεν

2352 1019 2381 1069 δ
2408 1018 2534 1082 Υἱὸς
2554 1019 2647 1071 τοῦ
2679 1019 2835 1074 Θεοῦ.
2884 1021 3020 1074 Ἀλλ’
3042 1022 3162 1075 οὔτε
3192 1022 3221 1073 δ
3248 1004 3498 1091 ἀνείληφε
3532 1023 3697 1094 σῶμα
3721 1024 3899 1077 τείνειν

2351 1101 2513 1177 ἦντῷ
2540 1108 2844 1178 ἀνειληφότα
2884 1109 2996 1180 Υἰῷ
3022 1110 3115 1164 τοῦ
3158 1108 3311 1164 Θεοῦδ
3342 1108 3467 1163 οὔτε
3508 1111 3676 1174 αὐτὸς
3710 1114 3742 1164 ὀ
3786 1111 3899 1171 Tib:

2351 1197 2445 1250 τοῦ
2471 1198 2602 1251 Θεοῦ
2633 1194 2712 1260 εἷς
2743 1200 2838 1252 καὶ
2879 1202 2909 1252 ὁ
2950 1201 3110 1265 αὐτὸς
3142 1200 3207 1254 ἀν
3237 1200 3515 1271 νομισθείη
3537 1200 3620 1271 τῷ
3652 1218 3898 1273 γεγεννη-

2351 1292 2491 1342 κότι·
2521 1291 2688 1361 τριῶν
2713 1291 2776 1362 δὴ
2810 1292 3010 1347 τούτων
3039 1294 3422 1363 ὑποκειμένων,
3446 1296 3497 1347 οἰ
3516 1295 3616 1348 δύο
3660 1295 3896 1361 Maneo,

2351 1380 2413 1433 τὸ
2445 1382 2623 1453 τρίτον
2655 1382 2699 1435 δ’
2724 1383 2960 1438 ικποδὼν
2991 1385 3313 1456 ποιούμενοι,
3342 1385 3438 1457 τῆς
3454 1385 3785 1458 Ἐκκλησίας
3804 1384 3899 1443 εἷεν

2355 1470 2422 1523 ἂν
2452 1471 2763 1543 ἀπόϐλητα.

3000 1747 3153 1801 ΚΕΦ.
3184 1748 3258 1802 Ζ’.

706 1844 858 1919 Quod
870 1848 1126 1919 digerunt
1147 1848 1210 1901 ab
1234 1846 1467 1901 Ecclesia
1481 1848 1668 1917 dogma
1684 1858 1899 1913 tuentes,
1918 1868 1948 1903 α
1964 1850 2247 1919 theologica

2355 1832 2542 1899 Ὅπως
2579 1836 2633 1887 οἰ
2654 1834 2981 1919 ἐτεφδρεοι
3008 1837 3437 1919 διαφόρως-,τῆς
3468 1841 3604 1917 κερί
3635 1839 3746 1894 τοῦ
3776 1840 3897 1895 Υἰοῦ

703 1920 767 1969 de
790 1917 883 1969 Dei
911 1914 1052 1969 Filio
1074 1919 1297 1983 ratione,
1334 1932 1433 1970 non
1463 1914 1566 1970 uno
1600 1922 1749 1971 modo
1782 1921 1893 1973 solo
1917 1914 2245 1974 exciderint.

773 2005 999 2059 Carnem
1029 2015 1177 2059 certe
1213 2004 1518 2061 Scrutaris
1553 2007 1699 2060 athei
1744 2008 1960 2076 quidam
2011 2010 2248 2065 haeretici

702 2093 1038 2164 abuegando,
1073 2103 1128 2150 et
1184 2097 1437 2165 opinione
1488 2105 1693 2151 tantum
1748 2099 1908 2161 nuda,
1965 2108 2124 2169 atque
2155 2114 2250 2169 per

698 2186 1039 2253 phantasiam
1094 2186 1148 2239 in
1195 2187 1355 2241 terris
1402 2188 1714 2257 apparuisse
1758 2187 1929 2241 solam
1980 2190 2245 2257 dicendo,

697 2275 856 2345 primi
879 2284 1033 2329 erant
1062 2276 1155 2345 qui
1184 2276 1237 2329 in
1278 2278 1377 2330 hoc
1404 2291 1599 2346 genere
1633 2292 1663 2331 a
1699 2292 1862 2346 scopo
1887 2280 2131 2333 veritatis
2154 2295 2249 2333 es-

697 2367 967 2422 ciderunt.
1019 2368 1179 2437 Atqui
1209 2368 1662 2437 dispensationem
1707 2370 1851 2423 illam
1881 2370 1931 2423 in
1958 2385 2119 2425 carne
2150 2371 2244 2426 ad-

696 2458 980 2525 miserunt,
1028 2459 1359 2526 ahnegantes
1416 2462 1901 2528 pmessistentiam
1946 2460 2069 2515 Filii
2130 2463 2244 2529 Dei,

696 2552 895 2615 Varias,
930 2552 1205 2620 quodjam
1231 2552 1365 2614 disi,
1408 2565 1651 2605 errorum
1698 2553 1917 2608 semitas
1962 2554 2248 2610 adinvene-

696 2652 842 2695 runt.
878 2641 1014 2695 Sunt
1036 2642 1125 2711 qui
1160 2658 1367 2696 merum
1403 2642 1548 2694 illum
1589 2642 1859 2696 hominem
1891 2644 2241 2711 arbitrantur,

697 2731 865 2784 nihilo
895 2731 1168 2785 meliorem
1198 2731 1475 2785 hominum
1514 2739 1704 2783 natura
1764 2734 2079 2796 communi,
2137 2734 2243 2786 nisi

694 2832 950 2889 quantum
970 2823 1034 2875 ad
1056 2821 1271 2875 virtutis
1297 2822 1696 2888 przerogativas.
1723 2823 1792 2874 At
1819 2825 1906 2891 qui
1940 2825 2112 2891 ipsum
2144 2839 2241 2877 su-

692 2924 788 2978 per
816 2909 995 2963 omnia
1032 2910 1196 2963 Deum
1220 2924 1417 2975 corpus
1469 2910 1799 2963 inhabitasse
1840 2909 2127 2977 :tﬂirmant,
2184 2920 2240 2965 et

693 3000 865 3068 ipsum
888 3000 967 3054 sui
1008 3001 1173 3068 ipsius
1212 2999 1404 3053 Filium
1432 3000 1705 3054 exstitisse
1738 3012 2001 3063 asserunt,
2028 3012 2241 3070 propter

694 3089 837 3141 illam
864 3089 1152 3141 secundum
1176 3088 1445 3141 hominem
1481 3088 1960 3157 dispensationem,
1991 3105 2111 3142 cum
2136 3093 2239 3145 duo

695 3181 1072 3242 concederent,
1116 3180 1280 3231 Deum
1328 3191 1486 3246 atque
1547 3181 1853 3243 hominem,
1900 3195 1927 3232 a
1965 3182 2122 3233 tertio
2156 3196 2240 3234 se-

693 3266 951 3335 metipsos
968 3266 1330 3331 excluserunt,
1355 3267 1699 3319 Servatorem
1729 3268 1901 3333 ipsum
1928 3268 2015 3321 Dei
2047 3268 2239 3323 Filium

693 3357 1020 3425 unigenitum
1061 3356 1391 3425 ahnegando.
1419 3362 1475 3418 ὦ
1507 3355 1655 3410 Hanc
1688 3358 1813 3410 olim
1840 3357 2103 3411 Sabellius
2130 3368 2241 3413 tue-

690 3446 851 3500 batur
888 3447 1211 3499 sententiam
1240 3466 1251 3499 :
1310 3456 1364 3501 et
1398 3448 1463 3500 ad
1512 3447 1655 3499 illam
1686 3462 1827 3501 nunc
1860 3448 2068 3501 delatus
2097 3448 2239 3502 Marc

690 3537 855 3590 cellus
885 3538 1034 3589 abiit.
1064 3536 1184 3602 Qui,
1214 3553 1319 3591 non
1350 3539 1508 3591 aliter
1564 3552 1723 3606 quam
1757 3537 1924 3591 Judaei
1958 3540 2196 3595 infideles
2220 3579 2236 3603 ,

688 3642 746 3682 se
781 3629 943 3680 Deum
969 3642 1256 3696 agnoscere
1276 3630 1613 3697 proﬁtentur,
1632 3631 1720 3697 qui
1744 3640 1825 3683 est
1844 3645 2005 3698 super
2028 3645 2235 3695 omnes,

688 3718 869 3772 ethoc
915 3720 1259 3773 vehementer
1310 3730 1521 3789 urgent.
1579 3722 1826 3777 Secundo
1859 3736 2069 3791 quoque
2121 3723 2237 3777 loco

692 3822 908 3860 carnem
937 3819 1229 3875 agnoscunt
1250 3811 1313 3863 de
1339 3809 1555 3877 Virgine
1582 3823 1844 3879 sumptam
1861 3812 2231 3866 sanctissima:

692 3897 909 3948 tertium
943 3912 1069 3950 vero
1100 3899 1251 3962 illud,
1278 3900 1416 3965 quod
1444 3908 1527 3951 est
1550 3901 1776 3966 primum
1814 3900 2002 3953 salutis
2039 3912 2235 3955 nostra;

690 3997 870 4053 caput,
898 3985 1111 4051 Filium,
1141 4004 1298 4057 quem
1333 3989 1474 4042 velut
1520 3992 1692 4043 obviis
1725 3990 1862 4043 ulnis
1896 3994 2233 4058 amplectun-

690 4086 797 4138 tur,
824 4076 994 4130 lucem
1025 4088 1184 4142 atque
1216 4081 1520 4145 veritatem,
1549 4096 1641 4149 per
1667 4081 2068 4150 abnegationem
2091 4086 2233 4152 Filii,

686 4181 717 4220 α
746 4169 989 4223 veritatis
1027 4170 1141 4223 luce
1175 4172 1506 4225 exciderunt.
1539 4172 1675 4227 Hinc
1698 4184 1799 4237 est,
1827 4185 1883 4227 tit
1908 4174 2023 4227 illos
2048 4179 2234 4230 audia-

684 4273 807 4313 mus
836 4275 997 4314 unum
1033 4262 1249 4328 quidem
1281 4262 1444 4316 Deum
1469 4266 1805 4328 coulitentes,
1828 4276 1881 4317 et
1908 4280 2119 4320 carnem
2143 4283 2233 4321 ve-

685 4360 941 4403 nerantes
968 4367 995 4403 a
1027 4351 1318 4406 Servatore
1342 4364 1643 4423 susceptam
1678 4373 1692 4408 :
1727 4364 1781 4407 at
1822 4354 2012 4409 Filium
2042 4357 2233 4410 nihilo-

2733 1907 3037 1975 θεολογίας
3057 1908 3527 1962 ὲκπεπτώωσιπ.

2422 1991 2531 2062 Τὴν
2578 1992 2640 2064 δὴ
2688 1993 2784 2061 μὶν
2829 1995 3006 2065 σάρκα
3053 1995 3145 2048 τοῦ
3183 1996 3430 2067 Σωτῆρος
3471 1996 3623 2051 ἀθεοί
3640 1997 3902 2061 τινεςτῶν

2350 2084 2665 2154 ἑτεροδόξων
2698 2088 3179 2159 παραιτησάμενοι,
3223 2090 3346 2163 δόξῃ
3374 2091 3429 2143 δέ
3468 2109 3575 2145 τινι
3613 2094 3903 2160 φαντασίας

2348 2167 2522 2242 ὦφθαι
2550 2176 2709 2228 αὑτὸν
2730 2177 2819 2229 επὶ
2853 2178 2951 2248 τῆς
2986 2178 3089 2254 γῆς
3126 2181 3421 2250 εἰρηκότες,
3452 2182 3664 2252 πρῶτοι
3696 2183 3789 2236 ταῦ
3810 2183 3902 2254 τῆς

2348 2265 2602 2335 ἀληθείας
2630 2268 2827 2320 σκοποῦ
2877 2251 3325 2341 διημαρθτήκασιν.
3354 2274 3415 2325 Ol
3442 2251 3615 2343 δὲτὴν
3649 2251 3902 2345 ενσαρκον

2348 2359 2654 2428 οἰκονομίαν
2688 2361 3158 2432 παραδεδεγμένοι,
3188 2364 3280 2416 τὸν
3312 2364 3367 2417 δὲ
3394 2365 3629 2436 προῦντα
3648 2366 3745 2419 τοῦ
3773 2366 3900 2419 Θεοὸ

2348 2447 2473 2499 Υἰὸν
2517 2450 2899 2519 ἀρνησάμενοι,
2941 2451 3205 2516 ποικίλας,
3243 2454 3318 2516 ὡς
3349 2454 3505 2523 ἔφην,
3548 2456 3768 2519 ἑαυτοῖς
3809 2458 3904 2511 ἀν·

2347 2538 2492 2602 οδίας
2524 2542 2842 2611 ἐπενόησαν.
2876 2543 2938 2595 Οἱ
2964 2543 3020 2595 δὲ
3063 2542 3214 2611 ψιλὸν
3261 2544 3565 2615 ἄνθρωπον,
3594 2546 3695 2615 τῆς
3724 2547 3904 2617 κοινῆς

2347 2630 2595 2683 ἀπάντων
2614 2632 2822 2700 φύσεως
2858 2636 2975 2686 κατ’
3005 2635 3153 2687 οὐδὲν
3186 2637 3461 2707 κρείττονα
3490 2636 3523 2707 ἢ
3552 2639 3677 2691 ὅσον
3706 2639 3903 2709 ἀρετῆς

2343 2723 2736 2792 προτερήμασι,
2770 2724 3045 2791 γεγονέναι
3087 2726 3244 2778 αὑτὸν
3289 2729 3587 2798 εἰρηκότες.
3620 2730 3684 2781 Οἰ
3726 2729 3774 2781 δ’
3819 2732 3904 2783 αὑ-

2342 2812 2431 2863 τὸν
2455 2814 2729 2883 ἐνοικῆσαι
2773 2814 2860 2868 τὸν
2902 2815 3008 2868 τῶν
3036 2817 3169 2869 ὅλων
3192 2817 3322 2870 om
3356 2818 3434 2886 τῷ
3467 2819 3677 2889 σώματι
3698 2821 3902 2890 δογμα-

2342 2902 2606 2967 τίσαντες,
2644 2906 2769 2958 Υἰόν
2795 2924 2854 2959 τε
2882 2908 3042 2960 αὐτὸν
3097 2908 3289 2960 ἑαυτοῦ
3322 2911 3653 2980 χρηματίσαι
3680 2913 3899 2980 φάντες,

2340 2993 2408 3045 δι’
2432 2996 2497 3063 ἢν
2546 2996 2804 3065 ὑπέμεινε
2851 3000 2967 3051 κατ’
3016 2999 3293 3071 ἄνθρωπον
3337 3002 3666 3071 οἰκονομίαν,
3712 3003 3809 3056 δύο
3829 3003 3901 3055 δι-

2340 3082 2517 3147 δόντες
2570 3077 2733 3148 οὗτοι,
2769 3086 2902 3139 Θεὸν
2952 3087 3044 3139 καὶ
3093 3086 3393 3158 ἄνθρωπον.
3441 3087 3534 3141 τοῦ
3582 3090 3775 3159 τρίτου
3812 3089 3901 3141 τὸν

2266 3143 2306 3198 C
2344 3143 2604 3240 μονογενῆ
2620 3143 2877 3225 τοῦΘεοῦ
2905 3173 3050 3240 Υἰὸν,
3070 3143 3452 3246 ἀρνησάμενοι.
3492 3143 3709 3228 Τούτων
3734 3176 3900 3230 πάλαι

2343 3264 2439 3331 μὲν
2475 3262 2772 3327 Σαϐέλλιος,
2819 3266 2935 3317 νυνί
2991 3266 3047 3318 δὲ
3093 3268 3429 3336 Μάρκελλος,
3465 3271 3529 3338 τῇ
3560 3267 3759 3341 γνώμῃ
3788 3287 3901 3327 συν-

2339 3353 2698 3421 απαχθέντες,
2719 3354 2809 3407 τὸν
2831 3356 2927 3425 μὲν
2956 3357 3048 3408 ἐπὶ
3083 3358 3295 3410 πάντων
3338 3358 3470 3410 Θεὸν
3505 3359 3897 3424 Ἰουδαίων-τοϊς

2339 3441 2581 3504 ἀπίστοις
2604 3445 2799 3513 ὁμοίως
2844 3442 2902 3498 εὖ
2929 3446 3071 3517 μάλα
3098 3448 3293 3500 εἰδέναι
3314 3448 3763 3519 διισχυρίζονται·
3801 3452 3893 3505 καὶ

2338 3532 2583 3603 δεύτερον
2632 3536 2728 3605 τὴν
2783 3536 2953 3608 σάρκα
2997 3537 3091 3608 τὴν
3144 3541 3208 3591 ὲκ
3263 3538 3360 3608 τῆς
3403 3541 3560 3607 ἁγίας
3614 3541 3891 3613 Παρθένου

2339 3626 2832 3693 συνωμολογήκασι·
2880 3627 2991 3696 (23)
3030 3629 3091 3681 τὸ
3120 3628 3177 3681 δὲ
3206 3628 3409 3699 τρίτον,
3446 3631 3576 3682 αὐτὸ
3620 3631 3684 3683 τὸ
3720 3632 3894 3701 κεφά-

2346 3713 2497 3766 λαιον
2541 3716 2638 3785 τῆς
2669 3718 2915 3771 ἁπάντων
2953 3720 3105 3790 ἡμῶν
3156 3721 3446 3792 σωτηρίας,
3500 3723 3591 3773 τὸν
3622 3724 3752 3775 Υἰὸν
3802 3725 3891 3777 τοῦ

2336 3802 2468 3855 Θεοῦ
2498 3808 3055 3877 παραγκωνισάμενοι,
3074 3808 3187 3876 φῶς
3200 3809 3328 3861 ὄντα
3351 3810 3441 3861 καί
3464 3810 3718 3879 ἀλήθειαν
3733 3813 3889 3883 ὁμοῦ,

2336 3898 2397 3963 τῇ
2429 3897 2651 3965 ἀρνήσει
2703 3898 2793 3950 τοῦ
2845 3898 2991 3961 Υἰοῦ,
3037 3899 3246 3951 καὶτοῦ
3282 3900 3379 3968 τῆς
3425 3900 3679 3970 ἀληθείας
3717 3905 3890 3971 φωτὸς

2337 3988 2767 4043 ὲκπεπτώκασιν.
2816 3990 3004 4043 Ἔνθεν
3035 3991 3129 4044 ἕνα
3168 3986 3264 4061 μὲν
3304 3991 3437 4043 Θεὸν
3486 3995 3888 4062 ὁμολογούντων

2335 4078 2509 4130 αὐτῶν
2544 4079 2783 4143 ἀκούσει,
2827 4080 2918 4134 καὶ
2967 4080 3063 4151 τὴν
3096 4082 3271 4152 σάρκα
3306 4082 3362 4135 δὲ
3403 4083 3494 4135 τοῦ
3533 4085 3781 4157 Σωτῆρος
3808 4105 3886 4139 τις

2338 4169 2575 4239 μώντων·
2594 4171 2683 4225 τὸν
2713 4170 2767 4223 δὲ
2792 4174 3137 4242 ὲνοικήσαντα
3170 4177 3235 4245 τῇ
3274 4178 3434 4247 σαρκὶ
3458 4177 3589 4229 Θεοῦ
3625 4179 3753 4231 Υἰὸν
3783 4198 3887 4249 φω-

2333 4262 2393 4328 νῇ
2420 4261 2513 4329 μὲν
2549 4260 2640 4313 καὶ
2682 4262 2881 4329 χείλεσι
2912 4264 3379 4333 παραδεχομένων,
3424 4266 3568 4337 ἔργῳ
3602 4267 3659 4320 δὲ
3698 4287 3886 4341 παραι-

2332 4352 2619 4421 τουμένων.
2645 4353 2771 4406 Υἰὸν
2792 4354 2897 4425 γάρ
2916 4354 3048 4407 Θεοῦ
3083 4357 3217 4426 χρῆν
3245 4356 3443 4427 ζητεῖν,
3474 4359 3688 4428 ἀληθῶς
3713 4362 3884 4424 ζῶντα

686 4440 862 4493 minus
899 4440 991 4494 Dei
1026 4442 1413 4497 inliabitantem
1456 4444 1592 4498 hanc
1620 4460 1861 4509 carnem,
1900 4462 2025 4499 voce
2079 4458 2230 4503 lenus

2342 4442 2423 4493 mi.
2450 4442 2748 4509 ὑφεστῶτω
2788 4444 2909 4497 οὔτε
2958 4446 3048 4498 τὸν
3086 4447 3264 4508 αὑτὸν,
3318 4442 3362 4515 ᾧ
3405 4450 3713 4517 ἀνείληφεν,
3760 4452 3881 4505 ὅντα

686 4538 849 4596 atque
877 4530 1049 4595 labiis,
1083 4548 1201 4585 cum
1237 4543 1550 4602 agnoscant,
1577 4549 1634 4589 re
1660 4536 1769 4605 ipsa
1817 4538 2031 4605 penitus
2067 4541 2230 4593 abne-

2342 4530 2563 4601 σὼματι,
2593 4532 2712 4585 οὔτε
2738 4534 2827 4586 τὸν
2843 4536 3001 4586 αὑτὸν
3031 4535 3155 4588 ὄντα
3174 4536 3250 4605 τῷ
3275 4537 3390 4608 Θεῷ
3412 4541 3502 4591 καὶ
3528 4540 3719 4611 Πατρί.
3749 4541 3879 4593 Οὔτε

682 4629 890 4685 cantes.
915 4620 1046 4673 Nam
1077 4621 1265 4675 Filium
1296 4624 1387 4677 Dei
1440 4624 1706 4691 inquirere
1734 4627 1989 4681 debemus
2033 4630 2181 4683 illum
2213 4672 2229 4696 ,

2342 4620 2437 4692 γὰρ
2456 4622 2546 4673 τὸν
2580 4623 2832 4677 ἐπέκεινα
2860 4624 2965 4676 τῶν
3001 4626 3135 4679 ὅλων
3176 4626 3307 4679 Θεὸν
3353 4629 3477 4681 Υἰὸν
3512 4631 3576 4684 ἀν
3600 4648 3687 4694 τις
3717 4631 3878 4685 εἰπὼν

682 4708 778 4775 qui
802 4710 944 4762 vivat
971 4719 1025 4763 et
1050 4711 1301 4765 subsistat
1324 4728 1478 4767 vere:
1510 4729 1610 4767 non
1646 4717 1782 4769 idem
1806 4720 1892 4784 qui
1920 4732 2225 4787 censeatur,

2342 4713 2554 4784 εὐσεεὴς
2578 4715 2680 4787 εἴη·
2700 4716 2863 4784 (τίνος
2886 4716 2992 4787 γὰρ
3028 4716 3177 4770 ἔσται
3205 4719 3329 4783 Υἱὸς
3356 4722 3384 4773 ὁ
3414 4721 3509 4789 τὴν
3535 4723 3767 4793 ἀναρχον
3791 4724 3876 4776 καὶ

683 4812 804 4851 cum
830 4799 917 4852 illo
970 4804 1108 4868 quod
1169 4805 1455 4873 assumpsit
1486 4819 1739 4873 corpore;
1791 4823 1889 4860 nec
1923 4810 2058 4861 idem
2103 4824 2227 4861 cum

2342 4804 2617 4875 ἀγέννητον
2647 4806 2871 4876 θεότητα
2902 4808 3353 4879 περιεεὸλημένος
3374 4813 3413 4878 ς)
3445 4811 3565 4864 οὕτε
3598 4814 3688 4866 τὸν
3728 4829 3875 4884 μονο-

683 4886 791 4939 Deo
833 4899 991 4956 atque
1018 4889 1194 4944 Patre.
1239 4892 1418 4961 Neque
1462 4895 1601 4946 enim
1645 4898 1935 4949 secundum
1974 4898 2226 4965 pietatem

2342 4898 2453 4967 τενῆ
2482 4897 2573 4950 τοῦ
2599 4898 2729 4951 Θεοῦ
2774 4899 2899 4951 Υἰὸν
2928 4900 3085 4953 αὐτὸν
3117 4897 3253 4955 εἶναι
3300 4902 3389 4957 τὸν
3427 4904 3645 4975 Πατέρα
3688 4923 3769 4970 τις
3801 4906 3873 4959 εἰ·

684 4991 808 5033 Vere
841 4982 1068 5033 senserit
1123 4983 1189 5047 is,
1233 4985 1323 5051 qui
1382 4983 1577 5037 Filium
1608 4986 1885 5051 profitetur
1911 5002 2029 5041 esse
2076 4987 2223 5041 illum

2342 4987 2439 5041 τὼν
2475 4990 2730 5061 δράσεται
2761 4990 2858 5060 τὴν
2896 4990 3032 5045 κατὰ
3060 4991 3167 5045 τῶν
3194 4992 3484 5064 δυσφήμων
3519 4996 3695 5067 δίκην.

684 5065 849 5119 Deum
884 5070 971 5136 qui
1011 5078 1096 5122 est
1144 5086 1303 5139 super
1352 5074 1553 5127 omnia.
1602 5073 1831 5143 Eceujus
1881 5078 2074 5129 matris
2107 5092 2226 5131 esse
2264 5088 2438 5145 potest
2464 5080 2553 5132 ille
2580 5079 2769 5145 Filius,
2793 5082 2882 5149 qui
2926 5083 3207 5137 divinitate
3268 5085 3503 5177 ingenita
3572 5065 3639 5143 et
3673 5089 3868 5161 absque

681 5159 787 5213 ullo
818 5162 1099 5231 principio,
1129 5166 1411 5220 amicitur?
1440 5167 1549 5221 Nec
1580 5170 1621 5221 si
1647 5169 1765 5235 quis
1798 5171 2133 5239 unigenitum
2166 5171 2261 5225 Dei
2302 5172 2512 5236 Filium,
2548 5174 2907 5229 eumdemmet
2927 5184 2981 5230 et
3002 5174 3212 5232 Patrem
3242 5159 3365 5233 esse
3390 5184 3597 5246 doceat,
3619 5159 3867 5249 judicium

681 5257 874 5321 poterit
916 5258 1207 5325 declinare,
1241 5263 1383 5331 quod
1434 5273 1517 5317 est
1567 5272 1751 5317 contra
1779 5266 2069 5321 maledicos
2114 5268 2485 5322 constitutum.

753 5476 810 5533 ἧς
839 5469 933 5525 Ed.
965 5473 1135 5531 Paris.
1170 5490 1286 5544 pag.
1314 5475 1401 5531 65.
1516 5478 1563 5510 “
1590 5478 1796 5533 Culoss.
1826 5492 1865 5547 ι,
1896 5480 1981 5535 16.
2058 5481 2103 5513 ⁸⁸
2130 5479 2263 5536 lhid.
2302 5480 2382 5535 l7.

750 5641 861 5714 (25-)
907 5646 972 5731 Tt)
994 5646 1060 5700 δὲ
1088 5651 1477 5734 τρίτονΝιιίςο
1510 5655 1643 5735 ἀλλὰ
1666 5655 1923 5737 τδητρίτον
1958 5667 2011 5713 el
2041 5656 2087 5711 Μ
2093 5676 2147 5741 1i.
2179 5675 2247 5726 γρ

751 5713 835 5777 'so
864 5730 965 5777 χρη
1003 5719 1177 5777 Cum
1203 5734 1254 5777 et
1284 5739 1418 5774 κατα
1441 5741 1487 5775 -.-.
1518 5727 1783 5777 οοδςπειῑριν
1817 5728 1969 5777 δίκην
2002 5740 2054 5777 ει
2090 5728 2169 5777 οιὸ
2201 5728 2247 5777 δὲ

2342 5657 2449 5777 gf):
2499 5658 2614 5715 loco
2642 5658 2796 5731 ὁμοῦ,
2829 5672 2880 5719 ct
2904 5681 2990 5736 γρ.
3033 5664 3281 5729 ἀκούστις
3323 5665 3439 5724 loco
3466 5666 3713 5723 ἀκούσει.
3743 5664 3869 5721 Drin

674 5713 835 5782 “1‘80
864 5717 965 5782 χρὴ
1003 5713 1177 5785 ζητέίν
1203 5734 1254 5777 et
1284 5713 1487 5775 κατὰντ.
1518 5713 1795 5779 διαπηδῶν
1817 5728 1969 5797 δίκην
2002 5740 2054 5784 et
2090 5713 2169 5780 διὸ
2191 5713 2257 5781 ’δὲ
2292 5713 2409 5795 τήν.
