4068 6316
147 397 260 457 8’57

811 512 963 566 ΚΕΟ.
996 510 1076 563 H’.

145 606 485 675 Παρὰθεσις
522 604 631 674 τῆς
678 601 884 675 ὑγιοῦς
933 602 1027 675 ξφ)
1083 600 1586 665 ἐκκλησιαστικης
1628 605 1723 659 ορ·

779 669 1075 735 θοδοείας.

218 768 315 820 Διὸ
342 767 406 838 δὴ
430 766 528 837 τὴν
553 764 766 817 εὐθεῖαν
797 761 889 814 καὶ
914 758 1196 830 βασιλικὴν
1221 756 1336 810 ὁδὸν
1355 752 1721 829 ὀρθοτομοῦσα

147 858 179 928 Il
229 855 526 927 Ἐκκλησία
564 853 655 908 τοῦ
683 852 837 917 Θεοῦ,
869 852 962 913 τὰς
996 850 1091 920 μὲν
1129 848 1291 911 ἀλλας
1338 844 1723 918 παρεκτροπάς

144 946 539 1016 ἀπεδοκίμασε,
572 946 683 1007 τοῖς
704 943 749 997 δ’
773 942 943 1012 αὐτῆς
971 940 1247 1011 θρέμμασι
1274 938 1374 1008 τῆς
1402 935 1583 989 ἐνθέου
1622 934 1721 1004 χά-

144 1053 301 1109 ριτος
329 1034 656 1105 παραδίδωσι
694 1032 791 1104 τὴν
831 1031 1052 1101 γνῶσιν,
1092 1031 1211 1084 κατ’
1243 1029 1372 1082 αὐτὸ
1398 1028 1496 1098 τῆς
1531 1026 1723 1093 παλιγ-

146 1127 399 1194 γενεσίας
436 1126 727 1196 μυστήριον
766 1123 1047 1194 ὁμολογεῖν
1087 1120 1408 1175 διδάσκουσα
1453 1119 1589 1187 (καὶ)
1635 1136 1723 1169 πι-

144 1214 365 1267 στεύειν
395 1213 506 1281 (24)
525 1216 604 1277 είς
634 1214 729 1267 ἕνα
757 1210 1141 1281 Θεὸν,Πατέρα
1174 1208 1606 1279 παντοκράτορα,
1637 1222 1723 1259 τε·-

144 1309 200 1356 λε
212 1304 302 1357 ίαν
328 1304 419 1357 καὶ
448 1304 648 1374 ἀκριϐῆ
698 1303 789 1355 καὶ
814 1302 1101 1372 ὀλόκληρον
1137 1299 1338 1370 ταύτην
1382 1298 1578 1351 ειδέναι
1607 1296 1719 1367 (25)

144 1393 493 1463 παρέχουσαν
520 1392 615 1462 τὴν
641 1390 931 1460 θεολογίαν,
959 1390 992 1460 ἡ
1016 1390 1147 1444 Θεὸν
1180 1391 1276 1459 μὲν
1308 1389 1400 1441 ἕνα
1424 1386 1723 1458 παραδίδω-

146 1500 258 1545 σιν,
302 1485 629 1553 ἀφορίζουσα
666 1484 762 1553 τῆς
808 1482 1118 1552 Ἑλληνικῆς
1162 1480 1253 1533 καὶ
1285 1478 1543 1532 πολυθέου
1590 1476 1719 1527 πλά-

146 1590 267 1641 νης·
315 1575 529 1645 Πατέρα
554 1574 610 1625 δὲ
637 1573 795 1626 αὐτὸν
819 1569 923 1625 οἶδε
956 1572 1055 1642 τῆς
1094 1571 1386 1639 Ἰουδαϊκῆς
1418 1566 1721 1638 χωρίζουσα

146 1663 511 1727 διδασκαλίας,
561 1663 973 1735 παντοκράτορα
1008 1663 1065 1716 δὲ
1108 1662 1266 1715 αὐτὸν
1314 1660 1582 1728 ὁμολογεῖ,
1624 1658 1721 1726 τῆς

146 1751 259 1804 τῶν
314 1753 484 1806 ἀθέων
530 1754 847 1823 ἑτεροδόξων
898 1750 1344 1821 ἀποστρεφομένη
1394 1748 1491 1817 τὴν
1536 1747 1722 1798 δυσσέ-

1146 383 1235 443 DE
1271 376 1799 441 ECCLESIASTICA
1832 370 2229 431 THEOLOGIA
2259 368 2389 426 LIB.
2423 364 2470 423 I.

3278 352 3388 416 ωε

2478 486 2586 541 AP.
2632 483 2769 541 VIII.

2432 488 2586 543 CAP.
2632 488 2769 541 VIII.

1823 587 2149 655 Proponitttr
2198 582 2492 637 orthodoxa
2537 587 2591 633 et
2637 574 2893 632 salutaris
2940 571 3190 628 Ecclesia!
3230 569 3389 640 ﬁdos.

1891 744 2233 812 Quapropter
2255 741 2341 795 via
2373 740 2517 809 regia
2547 746 2705 809 atque
2736 745 2881 791 recta
2914 734 3171 791 incedens
3197 733 3390 789 Eccle-

1822 838 1901 892 sia
1955 836 2069 900 Dei,
2126 832 2443 889 diverticula
2489 848 2520 885 a
2573 845 2633 885 se
2670 830 2883 898 ablegat
2937 825 3392 896 cujusquemodi:

1823 927 1959 990 suis,
1988 926 2077 995 qui
2124 934 2265 987 sunt,
2299 923 2529 978 alumnis
2571 922 2761 992 gratia‘.
2798 921 2997 975 divina:
3028 920 3389 989 cognitionem

1824 1017 2165 1070 commendat
2214 1030 2229 1066 :
2274 1013 2399 1067 dum
2454 1014 2508 1067 in
2564 1013 2684 1089 ipso
2725 1011 3152 1081 regenerationis
3211 1008 3394 1065 sacra-

1822 1105 2002 1162 mento
2031 1106 2185 1160 docet
2221 1104 2485 1170 conﬁteri,
2539 1113 2594 1157 et
2627 1103 2850 1159 credere
2905 1103 2957 1157 in
3009 1117 3172 1157 unum
3227 1102 3395 1157 Deum

1824 1199 2040 1253 Patrem
2088 1199 2553 1267 omnipotentem,
2624 1194 2919 1264 perlectam
2984 1196 3096 1249 suis
3152 1192 3399 1248 numeris

1823 1297 2095 1349 exactam,
2116 1297 2171 1340 et
2196 1294 2626 1341 consummatam
2662 1284 2899 1353 undique
2928 1284 3069 1337 hanc
3101 1296 3212 1351 prae
3237 1296 3296 1336 se
3318 1281 3397 1335 ie-

1824 1392 1950 1432 rens
1980 1376 2301 1430 credendam
2329 1374 2609 1441 theologia:
2639 1374 2925 1437 rationem,
2974 1385 3079 1440 qua
3108 1370 3249 1425 Deus
3276 1384 3396 1424 esse

1824 1483 1958 1521 unus
1993 1469 2240 1532 traditur,
2284 1480 2619 1536 paganorum
2673 1465 2739 1518 de
2788 1465 2891 1518 diis
2940 1463 3123 1517 multis
3175 1476 3396 1517 errores

1823 1558 2181 1619 refelluntur;
2226 1572 2327 1625 qua
2354 1556 2665 1626 agnoscitur
2708 1555 2847 1608 idem
2882 1555 3024 1609 Deus
3057 1553 3221 1631 Pater
3253 1572 3265 1633 ς
3298 1567 3397 1621 per

1822 1665 1982 1719 quam
2040 1648 2439 1703 confessionem
2490 1662 2645 1701 suam
2692 1647 3017 1701 discernitur
3068 1644 3309 1699 Ecclesia
3364 1659 3396 1699 a

1823 1740 2067 1806 Judmis;
2114 1754 2218 1809 qua
2283 1739 2592 1805 agnoscitur
2638 1737 2781 1792 idem
2840 1736 3181 1806 omnipotens
3234 1750 3392 1798 esse,

148 1841 324 1895 ϐειαν.
362 1844 543 1905 Οὐδεὶς
570 1843 697 1910 γοῦν
730 1844 836 1896 τῶν
868 1842 1183 1913 ἑτεροδόξων
1214 1841 1356 1893 είποι
1390 1839 1455 1892 ἂν
1485 1838 1572 1890 τὸν
1606 1839 1719 1891 Ila-

1824 1835 2104 1886 atheorum
2137 1840 2192 1885 et
2244 1830 2623 1885 haereticorum
2666 1829 2997 1898 impietatem
3053 1828 3393 1883 detestanda.

149 1931 284 2001 τέρα
319 1931 410 1985 τοῦ
442 1934 697 2005 Χριστοῦ,
735 1934 898 1987 αὑτὸν
927 1928 1063 1985 εἶναι
1111 1932 1203 1985 τὸν
1235 1932 1365 1983 Θεὸν
1396 1932 1489 1982 τὸν
1526 1942 1721 1983 παντο-

151 2024 416 2094 κράτορα,
442 2025 517 2089 ώς
557 2026 675 2077 οὐδὲ
718 2025 982 2078 Ἰουδαίων
1015 2024 1397 2094 ὁμολογήσειεν
1432 2021 1497 2073 ἄν
1524 2038 1606 2084 τις
1629 2022 1719 2074 τὸν

150 2116 286 2168 Θεὸν
310 2104 526 2185 Πατέρα
559 2111 714 2180 εῖναι,
749 2116 838 2169 τὸν
873 2116 1133 2185 μονογενῆ
1171 2116 1295 2167 Υίὸν
1327 2114 1399 2184 μὴ
1420 2113 1571 2176 είδώς
1595 2130 1607 2142 ’
1639 2115 1723 2166 οὑ-

150 2204 205 2255 δέ
235 2222 301 2271 γε
326 2204 521 2274 Ἕλλην
557 2206 652 2258 ἕνα
684 2205 840 2275 μόνον
867 2208 1086 2275 φήσειεν
1117 2204 1310 2257 εἰδέναι
1338 2202 1488 2255 Θεόν.
1520 2203 1617 2255 Διά
1639 2220 1719 2254 τοι

150 2291 356 2345 τούτων
377 2293 621 2347 ἁπάντων
642 2294 1079 2361 ἀποκαθαίρουσα
1102 2293 1197 2363 τὴν
1217 2292 1419 2362 πλάνην
1439 2294 1469 2361 ἡ
1496 2292 1721 2362 Ἐκκλη-

153 2380 263 2444 σία,
299 2383 389 2433 τὸν
418 2382 512 2433 ἕνα
544 2382 672 2434 Θεὸν
708 2382 981 2451 κηρύττει,
1012 2383 1173 2435 αὑτὸν
1213 2378 1348 2435 εἶναι
1382 2382 1474 2433 καὶ
1504 2364 1721 2451 Πατέρα

153 2476 246 2527 καὶ
280 2473 685 2545 παντοκράτορα
723 2474 1063 2537 διδάσκουσα,
1111 2474 1325 2544 Πατέρα
1360 2458 1457 2542 μὲν
1488 2473 1602 2534 ἐνὸς
1627 2472 1719 2523 τοῦ

150 2566 391 2636 Χριστοῦ
435 2567 614 2643 μόνου,
660 2565 765 2626 τῶν
814 2566 868 2618 δὲ
911 2567 1109 2619 λοιπῶν
1149 2567 1401 2619 ἁπάντων
1447 2568 1577 2621 Θεὸν
1627 2572 1721 2623 καὶ

153 2657 378 2725 κτίστην
417 2655 510 2707 καὶ
542 2656 760 2727 Κύριον.
793 2656 945 2708 Οῦτω
988 2658 1081 2709 καὶ
1114 2657 1239 2709 Υἱὸν
1284 2658 1416 2710 Θεοῦ
1460 2661 1719 2729 μονογενῆ

167 2747 373 2815 Ἰησοῦν
401 2748 628 2817 Χριστὸν
656 2749 1003 2817 παραδίδωσι,
1032 2750 1122 2801 τὸν
1144 2750 1249 2819 πρὸ
1276 2752 1488 2803 πάντων
1514 2752 1720 2804 αἰώνων

155 2836 219 2889 ἐκ
239 2837 334 2889 τοῦ
368 2839 575 2908 Πατρὸς
602 2841 987 2909 γεγεννημένον
1009 2859 1021 2869 ·
1063 2841 1123 2891 οὐ
1167 2841 1256 2891 τὸν
1284 2841 1442 2891 αὐτὸν
1486 2842 1611 2893 ὄντα
1646 2843 1721 2911 τῷ

156 2928 351 2999 Πατρὶ,
388 2930 506 2981 καθ’
545 2931 731 2981 ἑαυτὸν
766 2929 819 2981 δὲ
848 2930 975 2982 ὄντα
1011 2930 1101 2982 καὶ
1131 2930 1326 2992 ζῶντα,
1375 2932 1467 2982 καὶ
1508 2933 1722 3001 ἀληθῶς

156 3017 282 3070 Υἰὸν
337 3020 557 3071 συνόντα
590 3018 722 3089 (26),
772 3019 902 3071 Θεὸν
948 3019 1057 3089 (27)
1090 3020 1153 3069 ὲκ
1187 3019 1342 3081 Θεοῦ,
1392 3020 1485 3071 κα)⁵
1518 3021 1630 3087 φῶς
1659 3023 1722 3071 ὲκ

158 3108 352 3175 φωτὸς,
388 3111 478 3161 καὶ
518 3110 658 3179 ζωὴν
698 3112 761 3161 ὲκ
806 3110 982 3179 ζωῆς’
1027 3108 1271 3171 ἀλέκτοις
1305 3110 1398 3163 καὶ
1443 3112 1718 3182 ἀρρήτοις,

161 3200 251 3252 καὶ
284 3200 625 3253 παντάπασιν
666 3201 961 3268 ἀγνώστοις
1003 3202 1152 3271 ἡμῖν,
1195 3203 1289 3253 καὶ
1322 3204 1721 3273 ἀκαταλήπτοις
1750 3200 1791 3226 “

161 3290 334 3359 λόγοις
365 3295 429 3345 ἐκ
456 3292 547 3345 τοῦ
568 3294 778 3363 Πατρὸς
808 3294 897 3345 ἐπὶ
921 3295 1159 3364 σωτηρίᾳ
1189 3296 1294 3346 τῶν
1315 3295 1449 3346 ὅλων
1472 3311 1722 3366 γεγεννη-

164 3385 337 3452 μένον,
356 3388 449 3438 κα)⁴
470 3382 786 3455 οὑχόμοίως
816 3387 909 3455 μὲν
938 3388 1047 3447 τοῖς
1075 3386 1276 3448 λοιποῖς
1300 3389 1569 3457 γεννητοῖς
1597 3388 1725 3439 ὑπο-

164 3477 379 3539 στάντα,
416 3477 532 3529 οὺδὲ
561 3474 700 3546 ζωὴν
733 3477 939 3547 ἐμφερῆ
970 3478 1077 3539 τοῖς
1115 3478 1179 3528 δι’
1204 3478 1361 3529 αὑτοῦ
1394 3478 1722 3546 γεγεννημέ-

164 3582 268 3627 νοις
302 3566 497 3630 ζῶντα,
541 3568 697 3637 μόνον
748 3568 804 3619 δὲ
858 3565 916 3630 ἐξ
950 3566 1114 3618 αὐτοῦ
1154 3567 1246 3619 τοῦ
1294 3568 1503 3637 Πατρὸς
1533 3570 1725 3619 ἀποτε-

163 3656 379 3727 χθέντα,
416 3660 508 3711 καὶ
536 3659 811 3730 αὑτοζωὴν
854 3660 995 3711 ὄντα.
1027 3659 1136 3711 Καὶ
1164 3659 1365 3729 ἔπρεπε
1400 3658 1507 3728 γάρ
1530 3658 1606 3728 τῷ
1635 3661 1723 3711 ἐπὶ

164 3749 375 3803 πάντων
400 3749 538 3819 Θεῷ,
573 3749 677 3819 πρὸ
716 3748 913 3811 παντὸς
949 3746 1227 3816 γεννητοῦ,
1260 3747 1351 3799 καὶ
1376 3748 1479 3818 πρὸ
1510 3747 1723 3800 πάντων

165 3836 389 3903 αἰώνων,
432 3840 492 3891 τὸ
527 3839 805 3908 μονογενὲς
848 3838 1003 3889 τοῦτο
1038 3837 1427 3908 προϐάλλεσθαι
1462 3838 1721 3908 γέννημα,

167 3926 346 3999 ῶσπερ
379 3930 499 3983 τινὰ
530 3929 769 3999 κρηπίδα
796 3929 887 3981 καὶ
920 3928 1161 3997 θεμέλιον
1201 3928 1435 3997 ἀρραγῆ,
1466 3928 1571 3978 τῶν
1600 3926 1725 3997 μελ-

166 4014 358 4073 λόντων
380 4022 443 4073 δι’
460 4021 617 4073 αὑτοῦ
643 4020 1011 4091 γεννήσεσθαι.
1034 4021 1122 4071 Διὸ
1238 4019 1342 4087 πρὸ
1373 4019 1585 4071 πάντων
1621 4018 1724 4070 τῶν

172 4111 466 4179 μελλόντων
490 4112 703 4165 ἔσεσθαι
735 4090 822 4163 τὸν
847 4112 973 4163 Υἱὸν
998 4090 1209 4179 ἐγέννα,
1238 4110 1425 4180 ὥσπερ
1442 4110 1582 4171 τινὸς
1612 4126 1722 4175 φω-

168 4201 251 4262 τὸς
282 4203 493 4267 ἀκτῖνα,
516 4204 610 4254 καὶ
641 4201 785 4269 ζωῆς
824 4202 1022 4268 πηγὴν,
1076 4202 1165 4252 καὶ
1192 4200 1456 4269 θησαυρὸν
1487 4197 1721 4264 ἀγαθῶν,

175 4302 193 4335 ι
216 4288 268 4337 ὲν
292 4282 335 4353 ᾧ
363 4289 561 4350 πάντες
616 4290 748 4340 εἰσιν
779 4290 826 4339 οί
870 4288 1127 4358 θησαυροὶ
1164 4288 1259 4356 τῆς
1289 4287 1475 4355 σοφίας
1506 4287 1597 4337 καὶ
1626 4288 1725 4352 τῆς

177 4379 458 4443 «γνώσεως
494 4379 817 4450 ἀπόκρυφοι,
845 4399 861 4429 ι
899 4380 1037 4430 κατὰ
1082 4379 1169 4429 τὸν
1196 4379 1333 4429 θεῖον
1385 4376 1720 4429 Ἀπόστολον.

172 4463 441 4523 Τοσούτων
474 4471 707 4538 ἀγαθῶν,
748 4472 776 4521 ό
812 4470 965 4540 μόνος

174 4557 359 4632 ὑφίστη
391 4560 664 4630 αὑτοζωὴν
709 4562 855 4624 ὄντα,
895 4560 1150 4623 ζωοποιὸν
1183 4560 1289 4611 τῶν
1322 4560 1475 4623 ὅλων,
1510 4559 1601 4610 καὶ
1633 4558 1726 4609 αῦ-

172 4649 338 4715 τοφῶς
364 4651 424 4704 τὸ
447 4651 713 4720 ἀληθινὸν,
742 4653 832 4703 καὶ
861 4652 1036 4720 πάσης
1059 4652 1245 4721 νοερᾶς
1277 4652 1366 4703 καὶ
1395 4651 1613 4719 λογικῆς
1642 4651 1729 4701 οὺ-

176 4734 287 4800 σίας
331 4742 683 4807 φωτιστικόν’
735 4743 825 4793 καὶ
869 4742 1171 4808 αὺτὸλογον,
1222 4743 1313 4794 καὶ
1370 4742 1578 4810 σοφίαν,
1640 4759 1726 4793 σο-

178 4827 284 4893 φῶς
311 4830 422 4897 (28)
456 4830 522 4883 τά
548 4833 721 4883 πάντα
747 4832 840 4883 καὶ
890 4832 1116 4897 λογικῶς
1150 4832 1506 4900 ὑφιστάμενον
1534 4850 1591 4883 τε
1634 4835 1726 4885 καὶ

177 4914 482 4972 διοικοῦντα.
514 4914 611 4971 ’Ὧν
649 4920 711 4991 δὴ
749 4924 904 4992 χάριν
933 4925 959 4973 ό
994 4923 1280 4991 μονογενὴς
1311 4922 1435 4984 Υίὸς
1464 4923 1557 4974 τοῦ
1591 4922 1724 4975 Θεοῦ

184 5007 329 5073 μόνος
388 5010 548 5073 αὐτὸς
603 5012 696 5063 καὶ
750 5013 871 5064 οὐδὲ
921 5012 1075 5075 ἄλλος
1124 5013 1481 5085 ἀνηγόρευται
1528 5030 1587 5065 τε
1639 5016 1731 5067 καὶ

180 5093 335 5152 εστιν.

248 5370 351 5449 (Ξί)
380 5376 759 5449 Διδάσκουσα
786 5381 1107 5443 πιστεύειν,
1142 5381 1255 5449 lege
1292 5382 1385 5435 καὶ
1437 5382 1730 5435 πιστεύειν.

188 5433 347 5520 Corde
378 5447 518 5520 enim
548 5451 803 5520 creditur,
835 5465 953 5520 ore
984 5451 1042 5501 ﬁt
1097 5433 1361 5505 'conI'essio
1397 5468 1409 5503 :
1448 5433 1734 5520 utrumque

188 5515 412 5584 exigitur
445 5515 495 5566 in
523 5531 676 5584 sacro
700 5517 1041 5584 baptismate.

257 5579 784 5661 (ξδληαρέχουσαιξ
818 5589 1147 5661 θεολογίαν.
1200 5588 1339 5661 Lege
1396 5592 1729 5661 παρέχουσα.

191 5638 411 5726 Ecclesia
435 5638 797 5726 ⁸ιξιξιῖἶριξλεγιιίς
824 5638 1081 5710 alumnis
1094 5638 1239 5710 banc
1251 5638 1600 5724 "ititeui'fs'i’é'

195 5720 280 5769 lim
314 5720 634 5794 χωρίζουσα.
673 5725 741 5778 Μ.
772 5756 837 5765 --
870 5726 988 5780 Mox
1023 5732 1180 5797 vulgo
1209 5728 1299 5779 τὸν
1328 5720 1729 5799 ΘεὸνΠατέρα.

1822 1921 2009 1975 Nullus
2036 1932 2214 1975 autem
2251 1920 2412 1989 plane
2453 1920 2594 1973 inter
2649 1919 2805 1972 aliter
2850 1918 3199 1985 proﬁtentes,
3232 1931 3396 1985 quam

1821 2014 2063 2073 Ecclesia
2108 2013 2303 2074 docet,
2353 2012 2700 2067 conﬁtebitur
2730 2011 2895 2064 Deum
2931 2010 3147 2064 Patrem
3192 2008 3397 2065 Christi

1820 2125 1939 2165 esse
1987 2104 2135 2164 illum
2179 2105 2270 2177 qui
2308 2102 2449 2157 Deus
2483 2114 2567 2157 est
2602 2103 2977 2171 omnipotens;
3010 2106 3068 2164 >I<
3102 2108 3162 2153 ut
3217 2115 3317 2155 nec
3364 2114 3398 2155 ε

1820 2200 2122 2255 Iudaeorum
2171 2204 2319 2254 secta
2367 2193 2635 2261 quispiam
2694 2199 2778 2245 est
2820 2189 3164 2256 prolessurus
3224 2186 3397 2243 Deum

1821 2293 2057 2355 Patrem,
2087 2308 2206 2346 cum
2240 2292 2358 2360 ejus
2386 2286 2584 2345 rubum
2610 2282 2943 2350 unigenitum
2977 2294 3083 2335 non
3108 2278 3391 2334 admittat:

1820 2384 1915 2437 sed
1974 2397 2073 2437 nec
2134 2398 2464 2453 paganorum
2546 2382 2685 2435 ullus
2786 2372 3156 2437 concesserit.
3227 2385 3396 2424 unum

1821 2473 1993 2527 solum
2036 2488 2157 2527 esse
2191 2474 2382 2527 Deum.
2436 2472 2518 2527 Ab
2558 2473 2781 2526 istorum
2823 2463 3069 2525 omnium
3119 2462 3397 2516 erroribus

1820 2565 2059 2619 Ecclesia
2119 2576 2178 2617 se
2214 2563 2500 2627 mundans,
2558 2574 2722 2617 unum
2780 2563 2945 2616 Deum
2999 2553 3292 2631 pradicet.
3342 2558 3398 2604 et

1820 2657 2064 2711 eumdem
2100 2670 2219 2709 esse
2250 2658 2405 2710 docet
2438 2654 2655 2709 Patrem
2697 2664 2751 2707 et
2783 2655 3205 2723 omnipotentem
3240 2669 3253 2705 :
3292 2642 3397 2702 Pe-

1823 2758 1957 2800 trem
1988 2747 2202 2814 quidem
2233 2747 2394 2801 unius
2421 2746 2588 2800 solius
2634 2744 2833 2799 Christi
2861 2760 2875 2809 ;
2917 2744 3156 2798 omnium
3211 2750 3391 2794 autem

1821 2836 2103 2891 Dominum
2154 2845 2207 2888 et
2254 2836 2612 2898 conditorem,
2666 2840 2719 2887 et
2771 2832 2961 2887 Deum.
3007 2831 3089 2886 Ad
3144 2830 3391 2885 eumdem

1821 2948 2031 3002 quoque
2078 2934 2293 2986 modum
2346 2932 2440 2985 Dei
2496 2930 2693 2983 Filium
2745 2930 3079 2999 unigenitum
3150 2925 3394 2993 agnoscit

1821 3040 1966 3090 eum,
1998 3027 2086 3093 qui
2122 3034 2246 3078 ante
2281 3025 2464 3078 omnia
2492 3020 2689 3076 saecula
2718 3022 2785 3075 de
2812 3022 2971 3075 Patre
3002 3021 3101 3073 fuit
3132 3021 3343 3087 genitus
3374 3037 3387 3072 :

1824 3129 1927 3167 non
1970 3114 2117 3167 illum
2145 3124 2309 3178 certe,
2351 3112 2595 3167 eumdem
2656 3126 2781 3165 cum
2822 3110 2979 3163 Patre
3020 3110 3392 3174 exsistentem,

1826 3214 1880 3258 at
1910 3220 2005 3273 per
2034 3220 2089 3259 se
2134 3195 2542 3269 subsistentem,
2588 3205 2965 3270 viventemque
3004 3216 3131 3254 vere
3176 3201 3389 3263 Filium,

1826 3308 1947 3346 cum
1978 3292 2135 3346 Patre
2173 3296 2593 3349 coexsistentem
2635 3293 2798 3347 Deum
2847 3293 2912 3346 de
2945 3292 3071 3357 Deo,
3104 3291 3279 3343 Iumcn
3330 3294 3395 3344 de

1825 3385 2022 3438 lumine
2050 3399 2062 3441 :
2101 3388 2264 3438 vitam
2293 3386 2357 3439 de
2385 3387 2492 3453 vita
2522 3404 2534 3451 ;
2575 3384 3036 3439 inenarrabilibus
3059 3422 3072 3444 ,
3108 3382 3395 3436 ineffabili-

1825 3474 1967 3537 bus,
2022 3475 2333 3530 omnimodo
2382 3477 2677 3545 incognitis
2730 3487 2782 3529 et
2838 3475 3395 3543 imperscrutabilibus

1824 3565 2123 3619 rationibus
2153 3565 2219 3620 de
2248 3567 2407 3620 Patre
2441 3570 2705 3637 genitum,
2742 3570 2806 3620 ad
2844 3566 3073 3619 salutem
3130 3566 3395 3618 universis

1824 3658 2242 3724 procurandam.
2306 3656 2419 3710 Non
2477 3659 2731 3712 similiter
2786 3657 2907 3710 aliis
2958 3657 3389 3709 subsistentem:

1825 3763 1923 3801 nec
1949 3748 2110 3799 vitam
2142 3748 2407 3801 viventem
2437 3764 2556 3801 cum
2596 3750 2700 3801 illis
2730 3764 2910 3817 parem
2950 3749 3038 3816 qui
3070 3750 3137 3802 ab
3171 3763 3235 3801 eo
3268 3756 3394 3801 sunt

1825 3839 2037 3891 creati:
2075 3838 2245 3891 solum
2289 3840 2354 3892 de
2411 3840 2525 3892 solo
2578 3839 2740 3894 Patre
2786 3842 3019 3910 genitum
3053 3856 3067 3893 ε
3101 3841 3395 3907 ipsammet

1823 3930 1989 3981 vitam
2028 3930 2400 3983 exsistentem.
2440 3930 2568 3983 Erat
2620 3932 2762 3983 enim
2816 3931 2925 3985 Deo
2970 3932 3297 3984 conveniens
3340 3942 3393 3984 et

1825 4033 2142 4087 congruum,
2186 4021 2275 4088 qui
2322 4034 2482 4088 super
2520 4035 2707 4075 omnes
2746 4031 2849 4083 est,
2904 4022 2994 4088 qui
3036 4030 3161 4075 ante
3214 4024 3393 4075 omnia

1826 4110 2027 4177 genita,
2063 4119 2185 4164 ante
2226 4111 2420 4165 saecula
2470 4114 2650 4165 omnia
2682 4112 3009 4175 exsistebat,
3060 4115 3391 4181 unigenitum

1826 4202 1927 4269 hoc
1973 4204 2217 4269 genimen
2278 4206 2612 4270 producere,
2661 4202 2822 4256 veluti
2867 4205 3152 4272 quamdam
3219 4206 3390 4258 basim

1826 4291 2063 4345 futurum
2106 4304 2159 4345 et
2188 4293 2618 4358 fundamentum,
2652 4306 2705 4347 et
2746 4295 3165 4349 sustentaculum
3200 4295 3395 4349 immo-

1826 4385 1929 4438 bile
1963 4400 2145 4437 eorum
2174 4386 2412 4439 omnium
2449 4401 2568 4455 qua:
2601 4397 2758 4441 erant
2794 4388 2845 4440 in
2888 4388 3143 4441 secundis
3198 4390 3397 4460 produ—

1016 4470 1213 4537 ἀγαθὸς
1258 4470 1444 4539 Πατὴρ
1472 4470 1560 4521 τὸν
1599 4468 1724 4520 Υἱὸν

1829 4475 2014 4527 cendo.
2055 4474 2201 4528 llanc
2229 4478 2297 4528 ob
2320 4491 2539 4529 causam
2581 4475 2778 4529 Filium
2831 4478 3225 4547 progeneravit,
3272 4488 3395 4531 ante

1832 4580 1891 4619 ea
1940 4566 2119 4619 omnia
2166 4582 2285 4635 quae
2328 4568 2668 4636 producenda
2728 4580 2920 4633 erant,
2962 4579 3212 4638 tanquam
3263 4571 3397 4624 lucis

1832 4657 2104 4721 cujusdam
2160 4658 2389 4721 radium,
2438 4660 2559 4713 vitae
2609 4659 2835 4724 fontem,
2874 4660 3133 4713 bonorum
3184 4662 3396 4713 thesau-

1833 4762 1970 4807 rum,
1997 4765 2013 4795 ι
2038 4748 2089 4798 in
2120 4763 2226 4815 quo
2244 4758 2570 4802 suntomnes
2594 4751 2869 4817 sapientia:
2898 4752 3133 4803 thesauri
3168 4753 3397 4804 abscon-

1832 4836 1922 4887 diti
1948 4848 1999 4889 et
2028 4839 2371 4905 cognitionis,
2400 4858 2415 4889 ι
2437 4842 2882 4907 quemadmodum
2911 4842 3123 4894 divinus
3156 4843 3395 4895 docebat

1832 4925 2121 4993 Apostolus
2160 4928 2224 4982 ⁸⁸.
2279 4929 2571 4983 Tantorum
2629 4932 2921 5001 taliumque
2960 4933 3247 4999 bonorum,
3306 4936 3394 5001 qui

1828 5016 1973 5070 solus
2026 5019 2197 5072 bonus
2263 5014 2421 5074 Pater
2467 5031 2569 5087 est,
2622 5022 2813 5075 Filium
2864 5027 3151 5092 progenuit
3213 5041 3393 5087 suum,

1833 5108 2118 5177 ipsammet
2148 5110 2311 5163 vitam
2339 5114 2687 5166 exsistentem
2708 5154 2723 5179 ,
2765 5121 2820 5167 et
2849 5115 3088 5167 onmium
3122 5128 3241 5181 quae
3272 5125 3398 5167 sunt

1902 5384 2009 5455 (26)
2048 5384 2183 5455 Υίόν
2207 5384 2699 5455 συνόνταηῡθθεῑ,
2726 5383 2802 5455 τῷ
2828 5383 3023 5455 Πατρί.

1902 5453 2025 5525 (27)
2057 5454 2161 5525 Μρἶ
2196 5472 2284 5525 γρ.
2328 5454 2509 5525 ,Πατρί
2548 5466 2671 5507 ante
2720 5454 2849 5507 Θεόν
2889 5453 3211 5525 ponendum.
3271 5454 3392 5508 Mox

2486 5523 2508 5533 -

1830 5526 1988 5583 vulgo
2009 5523 2087 5575 διὸ
2109 5523 2165 5573 δέ
2194 5523 2244 5575 et
2280 5524 2408 5575 αὐτὸ
2436 5523 2568 5591 φῶς,
2602 5534 2706 5575 etc.

1901 5592 2013 5658 (28)
2049 5594 2155 5643 Καὶ
2194 5595 2439 5659 σοφίαν,
2470 5592 2693 5659 σαφῶς.
2736 5593 2919 5646 Potius
2943 5591 3264 5657 αῦτοσοφίαν
3286 5631 3299 5653 ,
3332 5603 3390 5659 ειμι

1832 5653 2137 5727 αὐτόλογον.
2183 5653 2349 5713 ’ἐίοέι
2382 5677 2508 5715 mss.
2543 5653 2614 5715 ér.
2742 5664 2835 5715 121
2875 5664 2933 5716 D.
2974 5662 3087 5715 Mox
3128 5653 3282 5729 vulgo
3321 5653 3391 5712 tbi.

1830 5729 1886 5781 δέ
1913 5740 1965 5784 et
1996 5730 2398 5797 ἀναγορεύεται.
