4068 6316
1095 351 1182 407 DE
1222 349 1763 435 ECCLESIASTICA
1804 348 2202 408 THEOLOGIA
2238 348 2372 407 LIB.
2413 349 2453 405 l.

280 488 309 536 π,
330 468 557 536 ἐκεῖνος
576 466 937 539 ἐξηγήσατο.
964 488 981 518 ι
1020 466 1178 519 Ἀλλὰ
1202 466 1294 519 καὶ
1317 466 1479 519 αὑτοῦ
1501 466 1593 520 τοῦ
1618 467 1698 520 Σω

1832 463 2077 518 eamdem
2115 459 2281 517 veluti
2311 460 2486 533 sigillo
2512 474 2614 517 suo
2638 461 3093 518 communiturus.
3139 461 3409 530 Quocirca

343 563 401 614 ὲν
421 562 539 624 ταῖς
565 562 689 632 περὶ
713 558 877 611 αὑτοῦ
903 555 1268 618 διδασκαλίαις
1290 555 1443 607 ταῦτ’
1468 556 1727 627 ἐπισφρα-

3304 353 3410 410 842

1828 568 1952 608 cum
1973 551 2282 622 hujusmodi
2310 552 2682 609 testimonium
2723 553 2823 622 ipsi
2856 553 3235 610 universorum
3266 554 3407 612 Deus

128 654 469 723 γιςομένου,
512 651 581 704 δι’
624 645 699 702 ὧν
743 649 947 716 ἕλεγεψ
988 648 1151 701 Οὕτω
1192 647 1302 714 γὰρ
1340 644 1698 715 ἠγάπησεν-ι

1827 643 2176 709 exhibuerit;
2244 658 2479 713 cumque
2536 644 2758 700 disertis
2820 644 3003 701 verbis
3053 644 3403 718 Evangelista

127 744 293 811 Θεὸς
316 743 421 797 τόν
444 746 691 811 κόσμον,
723 739 877 794 ὥστε
912 740 1017 793 τόν
1045 738 1181 792 Υιὸν
1204 738 1391 793 αὑτοῦ
1416 737 1521 791 τὸν
1537 756 1719 808 μονο-

122 836 290 906 τενῆ
328 835 569 897 ἔδωκεν,
603 834 704 887 ἵνα
737 830 855 899 πᾶς
884 835 917 886 ὀ
956 831 1258 884 πιστεύων
1290 831 1375 895 εις
1395 829 1581 884 αὑτὸν
1609 832 1719 899 ἔχῃ

121 927 295 997 ζωὴν
321 926 579 980 αἰώνιον.
612 926 669 979 '0
694 927 830 996 μετὰ
848 923 1050 987 ταύτας
1080 922 1179 986 τὰς
1203 921 1386 992 φωνὰς
1408 922 1629 993 γενητὸν
1658 922 1718 986 ἐξ

117 1020 230 1071 οὑκ
282 1018 470 1081 ὄντων,
498 1018 591 1071 καὶ
638 1018 841 1089 κτίσμα
867 1016 977 1087 (56)
1019 1014 1361 1086 προηγμένον
1401 1014 1466 1066 ἐκ
1506 1012 1599 1066 τοῦ
1641 1014 1715 1085 μὴ

118 1109 290 1171 ὄντος
324 1110 416 1162 τὸν
440 1108 567 1162 Υιδν
595 1108 926 1180 ὁριζόμενος,
958 1104 1147 1177 λέληθε
1173 1104 1409 1175 τοῦνομα
1443 1104 1542 1175 μὲν
1563 1104 1714 1175 αὑτῷ

121 1201 299 1271 μόνον
331 1200 707 1271 χαριζόμενος,
724 1199 784 1251 τὸ
809 1198 853 1252 δ’
874 1196 1089 1269 ἀληθῶς
1112 1197 1237 1250 Υἰὸν
1264 1193 1401 1250 εἶναι
1438 1194 1708 1268 ἀρνούμε-

118 1307 241 1353 νος.
290 1291 349 1343 ’0
390 1291 497 1361 γὰρ
530 1288 589 1354 ἐξ
620 1291 718 1342 οὑκ
754 1288 922 1341 ὄντων
959 1288 1215 1356 γεγονὼς,
1256 1287 1356 1339 οὑκ
1400 1286 1464 1339 ἂν
1496 1285 1711 1357 ἀληθῶς

118 1381 331 1449 γένοιτ’
354 1382 419 1436 ἂν
448 1384 573 1448 Υἱὸς
606 1382 699 1435 τοῦ
722 1380 886 1435 Θεοῦ·
921 1381 1002 1433 ὅτι
1043 1378 1175 1451 μηδὲ
1207 1377 1333 1434 ἄλλο
1362 1394 1414 1430 τι
1446 1378 1555 1431 τῶν
1588 1395 1710 1445 γεν-

120 1489 332 1542 νητων.

1822 736 2159 808 pronuntiet.
2190 750 2313 791 eum
2349 748 2472 791 esse
2496 734 2693 790 Filium
2731 736 3093 807 unigenitum,
3121 738 3247 794 dum
3277 755 3406 811 pro-

1827 827 2043 882 nuntiat
2076 844 2090 881 :
2124 826 2294 881 Deum
2326 842 2474 881 nemo
2497 828 2629 882 vidit
2654 843 2886 896 unquam
2910 844 2929 882 :
2949 826 3269 900 Unigenitus
3300 831 3408 886 Fi-

1823 920 1927 973 lius
1970 916 2085 989 (aut
2126 918 2269 973 Deus
2301 918 2634 989 unigenitus)
2668 922 2758 991 qui
2801 930 2912 974 erat
2949 923 3004 976 in
3037 923 3160 977 sinu
3195 921 3403 990 Patris,

1822 1012 1933 1081 ipse
1952 1011 2222 1066 enarravit
2247 1009 2313 1065 ⁵³.
2348 1010 2539 1065 Adhuc
2566 1025 2689 1065 cum
2724 1011 2987 1067 Servatur
3015 1013 3237 1083 insuper
3263 1014 3400 1083 ipse,

1820 1104 1965 1157 inter
2017 1101 2343 1166 docendum,
2404 1102 2509 1156 hoc
2560 1104 2819 1173 assignet,
2869 1104 2958 1159 ubi
2997 1104 3068 1159 ita
3112 1104 3399 1175 loquitur:

1818 1194 1904 1249 lla
1925 1193 2067 1249 Deus
2089 1193 2273 1249 dilexit
2302 1198 2562 1249 mundum
2584 1234 2601 1261 ,
2646 1206 2701 1249 ut
2732 1194 2933 1250 Filium
2961 1198 3125 1265 ipsius
3160 1198 3405 1269 unigeni-

1817 1296 1928 1339 tum
1961 1286 2202 1353 dederit,
2230 1296 2287 1340 ut
2319 1287 2491 1341 omnis
2533 1289 2621 1355 qui
2643 1287 2697 1341 in
2732 1304 2851 1343 eum
2886 1290 3199 1355 crediderit,
3241 1292 3401 1346 vitam

1814 1378 2081 1443 possideat
2111 1387 2361 1433 teter-nam
2408 1378 2475 1433 “.
2521 1378 2783 1449 Quisquis
2830 1380 2994 1450 igitur
3030 1384 3089 1444 Et
3117 1390 3239 1452 post
3284 1380 3401 1436 hac

1817 1470 2127 1525 testimonia
2164 1471 2504 1543 progenitum
2532 1472 2684 1527 illum
2717 1473 2785 1528 de
2810 1487 2916 1528 non
2941 1474 3197 1538 entibus,
3242 1482 3299 1530 et
3331 1489 3401 1529 ex

117 1579 238 1621 non
273 1573 400 1627 ente
456 1563 775 1633 productam
841 1561 1191 1618 aﬂirmaverit
1231 1571 1559 1623 creaturam,
1604 1561 1768 1616 istum
1810 1563 2043 1631 Filium;
2121 1580 2315 1621 nomen
2370 1567 2421 1621 ei
2499 1568 2701 1623 nudum
2768 1567 3143 1623 tantummodo
3208 1566 3399 1639 largiri

121 1654 575 1725 deprehenditur,
624 1668 812 1710 revera
868 1663 1045 1710 autem
1078 1651 1273 1709 Filium
1327 1667 1467 1720 esse,
1508 1667 1825 1726 pernegare.
1861 1656 1995 1710 Nam
2040 1658 2131 1729 qui
2194 1658 2261 1713 de
2320 1674 2424 1713 non
2496 1658 2885 1715 exsistentibus
2922 1667 3217 1730 generatus
3272 1674 3399 1727 est,

120 1753 175 1812 is
206 1764 363 1811 certe
388 1753 479 1809 Dei
506 1752 679 1809 Filius
717 1768 839 1810 esse
875 1765 1065 1808 revera
1110 1750 1297 1822 nequit
1328 1767 1343 1806 :
1376 1766 1483 1807 non
1528 1754 1703 1822 magis
1741 1768 1903 1823 quam
1942 1755 2158 1824 quidvis
2183 1755 2334 1810 aliud
2363 1764 2631 1811 creatum.

805 1845 961 1899 ΚΕΦ.
993 1846 1049 1899 I’.

122 1939 251 1991 Ὀτι
278 1939 464 2008 μόνος
496 1938 562 1991 ἐκ
596 1938 701 1993 τοῦ
732 1938 961 2006 Πατρός
990 1939 1298 2008 γεννηθεὶς
1333 1940 1573 2005 εἰκότως
1610 1942 1709 1996 καὶ

194 2009 349 2075 Θεὸς
396 2010 489 2062 καὶ
532 2009 868 2079 μονογενὴς
927 2010 1055 2075 Υἱὸς
1095 2012 1281 2079 μόνος
1325 2011 1506 2075 αὐτὸς
1538 2014 1713 2066 ἀνει-

180 2095 390 2146 ρηται.

192 2170 313 2237 (57)
352 2171 407 2224 Ὀ
435 2170 478 2223 δ’
504 2168 719 2239 ἀληθῶς
753 2169 878 2233 Υἱὸς
905 2169 999 2223 τοῦ
1031 2172 1165 2224 Θεοῦ
1202 2170 1263 2237 ἐξ
1304 2171 1467 2226 αὑτοῦ
1508 2172 1608 2226 ἅτε
1645 2171 1708 2242 δὴ

114 2262 183 2315 ὲκ
207 2262 421 2333 Πατρός
450 2262 784 2333 ἁποτεχθεὶς,
812 2263 1034 2325 εἰκότως
1056 2263 1148 2316 καὶ
1164 2264 1465 2335 Ἀγαπητὸς
1498 2266 1589 2317 κα)⁸
1606 2265 1712 2318 Μο-

114 2357 348 2425 νογενὴς
399 2356 785 2426 χρηματίζειεν
814 2356 881 2409 ἂν
911 2354 1006 2409 τοῦ
1052 2356 1293 2427 Πατρός·
1336 2356 1476 2409 οὕτω
1515 2357 1571 2410 δὲ
1616 2357 1709 2409 κα)⁵

114 2447 253 2510 Θεὸς
286 2447 349 2501 ἂν
372 2448 456 2518 εῐη
488 2447 619 2518 (58).
650 2447 713 2499 Τί
742 2446 849 2519 γὰρ
883 2447 949 2501 ἂν
975 2446 1185 2516 γένοιτο
1212 2447 1345 2502 Θεοῦ
1370 2450 1614 2519 γέννημα
1630 2447 1708 2519 τῷ

114 2541 473 2609 γεγεννηκότι
508 2538 976 2610 ἀφωμοιωμένον;
1028 2540 1216 2605 Κτιξει
1258 2540 1357 2611 μὲν
1398 2537 1493 2596 οὖν
1550 2540 1705 2611 βασι-

114 2627 241 2691 λεὺς
266 2629 441 2692 πόλιν,
468 2629 582 2683 ἀλλ’
606 2629 665 2680 οὑ
696 2630 861 2699 γεννᾷ
886 2628 1041 2680 πόλιν
1064 2646 1075 2659 ·
1114 2631 1309 2700 γεννᾷν
1334 2629 1391 2683 δὲ
1422 2630 1558 2696 υἱὸν,
1592 2629 1703 2683 ἀλλ’

113 2720 176 2773 οὺ
205 2722 412 2786 κτίζειν
444 2720 660 2788 λέγεται
682 2737 697 2751 ⁸
733 2721 826 2773 καὶ
851 2722 880 2772 ό
913 2720 1239 2792 δημιουργὸς
1270 2722 1543 2793 τεχνίτης,
1586 2720 1702 2774 ἀλλ’

116 2813 240 2883 οὑχὶ
269 2813 451 2884 πατὴρ
489 2812 682 2879 γένοιτ’
726 2812 792 2865 ἂν
821 2810 916 2863 τοῦ
963 2814 1098 2884 πρὸς
1139 2815 1300 2867 αὑτὸν
1345 2815 1705 2885 δημιουργου-

118 2906 286 2974 μένου
306 2921 320 2934 '
359 2904 454 2958 τοῦ
486 2904 531 2958 δ’
561 2903 619 2971 ἐξ
644 2903 809 2958 αὑτοῦ
833 2902 1029 2971 φύντος
1062 2903 1178 2958 υἱοῦ
1211 2906 1311 2959 οὑκ
1341 2905 1406 2959 ἂν
1438 2905 1702 2976 δημιουρ-

114 2999 211 3067 γὸς
255 3000 495 3070 λεχθείη.
531 3000 639 3052 Καὶ
673 2997 737 3070 δὴ
781 2998 875 3051 καὶ
906 2998 934 3050 ὁ
980 2998 1089 3051 τῶν
1118 2998 1254 3053 ὅλων
1281 2999 1413 3062 Θεὸς
1462 2998 1555 3051 τοῦ
1606 3000 1702 3069 μὲν

116 3092 249 3145 Υιοῦ
278 3092 488 3163 Πατὴρ,
520 3090 613 3144 τοῦ
654 3090 711 3143 δὲ
756 3089 961 3160 κόσμου
987 3090 1210 3161 κτίστης
1253 3089 1319 3143 ἂν
1352 3090 1574 3153 εἰκότως
1609 3091 1702 3143 καὶ

2504 1852 2613 1907 AP.
2658 1849 2727 1906 Χ.

2504 1852 2613 1907 AP.
2658 1852 2727 1906 Χ.

1816 1942 1969 2010 Quod
2007 1960 2125 1999 cum
2151 1945 2294 2000 solus
2319 1946 2387 1998 sit
2406 1852 2660 1999 deCPatre
2693 1945 3019 2015 progenitus,
3044 1946 3230 2001 merito
3250 1946 3397 2002 salus

1882 2039 2075 2092 dicitur
2104 2038 2212 2106 ipse
2237 2048 2284 2092 et
2310 2036 2469 2101 Deus,
2499 2049 2545 2092 et
2575 2035 2916 2108 Unigenitus,
2942 2048 3097 2107 atque
3130 2035 3331 2092 Filius.

1885 2175 1986 2243 Qui
2026 2176 2321 2231 secundum
2363 2176 2651 2232 veritatem
2688 2175 2787 2231 Dei
2824 2175 2994 2231 Filius
3037 2184 3153 2239 est,
3198 2174 3267 2230 de
3298 2175 3392 2231 illo

1811 2269 1915 2323 hoc
1940 2278 2047 2335 est,
2078 2268 2145 2324 de
2172 2268 2333 2323 Patre
2362 2270 2602 2338 genitus,
2629 2268 2756 2338 quid
2780 2270 2977 2322 mirum
3004 2268 3048 2322 si
3074 2266 3394 2325 etDilectus

1812 2362 2015 2425 audiat,
2060 2372 2114 2417 et
2141 2360 2316 2415 Patris
2371 2361 2455 2415 sui
2492 2358 2836 2431 Unigenitus,
2878 2360 2949 2415 ob
3007 2373 3168 2431 quam
3217 2361 3392 2431 ipsam

1809 2468 2029 2508 causam
2064 2463 2119 2510 et
2144 2454 2289 2509 Deus
2340 2452 2541 2507 fuerit?
2569 2452 2643 2507 De
2664 2451 2775 2507 Deo
2792 2451 3057 2522 siquidem
3082 2454 3211 2522 quid
3242 2456 3393 2509 aliud

1807 2546 1951 2616 gigni
1978 2546 2167 2614 possit,
2197 2560 2359 2614 quam
2396 2544 2540 2615 quod
2568 2544 2670 2614 ipsi
2701 2559 2797 2615 per
2831 2546 3015 2600 omnia
3056 2546 3131 2600 sit
3173 2545 3391 2601 similli-

1808 2638 1992 2692 mum?
2036 2636 2235 2692 Condit
2272 2636 2523 2707 equidem
2564 2636 2841 2691 civitatem
2884 2651 3003 2701 rex,
3058 2650 3165 2691 non
3207 2646 3390 2692 autem

1807 2729 1975 2800 gignit
2012 2728 2318 2794 civitatem;
2349 2730 2571 2800 gignere
2606 2742 2735 2782 vero
2767 2726 2933 2782 tilium
2956 2767 2971 2791 ,
3004 2742 3111 2782 non
3148 2728 3392 2785 condere

1806 2822 2006 2876 dicitur
2053 2840 2066 2878 :
2131 2820 2326 2875 artifex
2378 2821 2545 2875 etiam
2604 2829 2977 2882 constructor,
3041 2832 3389 2889 nequaquam

1807 2929 1941 2968 vero
1978 2922 2132 2983 pater
2164 2913 2280 2982 ejus
2323 2913 2432 2967 dici
2486 2913 2672 2980 debet,
2720 2912 2864 2981 quod
2900 2912 3211 2967 construxit
3244 2928 3259 2965 :
3295 2913 3389 2982 qui

1806 3003 1900 3057 lilii
1935 3004 2080 3059 dese
2107 3004 2444 3074 progenerati
2488 3004 2738 3058 conditor
2782 3018 2890 3055 non
2932 3001 3261 3071 appellatur.
3304 3003 3390 3056 Ad

1806 3097 2058 3152 eumdem
2088 3096 2306 3151 modum
2334 3096 2713 3151 universorum
2741 3094 3043 3161 Deus,Filii
3077 3096 3159 3150 sui
3198 3094 3385 3160 Pater,

116 3185 349 3256 ποιητὴς
374 3183 601 3252 λέγοιτο.
630 3182 693 3234 Εἰ
720 3182 763 3236 δ’
791 3181 937 3247 ἆπαξ
965 3198 1067 3233 που
1092 3182 1185 3253 τῆς
1211 3182 1430 3253 Γραφῆς
1457 3182 1698 3253 εὑρίσκει

1808 3187 1991 3239 mundi
2022 3185 2273 3240 conditor
2308 3185 2512 3254 Optimo
2534 3184 2658 3253 jure
2685 3195 2739 3238 et
2765 3194 3113 3239 constructor
3142 3185 3388 3253 appella-

113 3292 195 3336 τις
218 3274 528 3345 εἰρημένον,
554 3274 767 3339 Κύριος
800 3271 1002 3326 ἕκτισέ
1022 3290 1097 3343 με
1117 3273 1313 3341 ἀρχὴν
1332 3273 1484 3327 ὁδῶν
1512 3273 1696 3327 αὑτοῦ

114 3368 199 3431 εὶς
240 3366 385 3434 ἔργα
421 3364 607 3417 αὐτοῦ
633 3403 647 3425 ,
688 3362 778 3415 τὸν
812 3361 935 3415 νοῦν
972 3366 1291 3416 ἐπισκοπεῖν
1324 3364 1426 3435 χρὴ
1465 3364 1557 3417 τοῦ
1606 3364 1697 3418 λό-

115 3473 232 3522 γου,
268 3456 328 3508 ὃν
385 3456 579 3527 μικρὸν
608 3455 831 3529 ὕστερον
861 3455 1192 3527 ἐκθήσομαι⁸
1250 3456 1384 3510 ἀλλὰ
1425 3458 1521 3527 μὴ,
1558 3456 1696 3510 κατὰ

116 3547 453 3619 Μάρκελλον,
484 3550 548 3601 ἐκ
586 3550 711 3619 μιᾶς
741 3548 939 3614 λέξεως
979 3548 1039 3600 τὸ
1071 3548 1404 3619 κυριώτατον
1432 3548 1530 3618 τῆς
1572 3548 1695 3601 Ἐκ-

118 3642 344 3710 κλησίας
374 3642 774 3712 παρασαλεύειν
823 3643 1016 3711 δόγμα.
1054 3643 1323 3704 Κάκεῖνος
1368 3640 1497 3712 γὰρ,
1551 3641 1696 3708 ἅπαξ

117 3733 354 3796 ἀκούσας
392 3734 559 3802 Λόγον
594 3730 729 3787 εἶναι
758 3735 849 3788 τὸν
872 3733 1019 3797 my,
1047 3730 1141 3785 ἐπὶ
1164 3732 1256 3787 τὸν
1280 3730 1565 3801 ἄνθρωπον
1598 3749 1696 3785 κα-

115 3824 387 3887 ταπεσὼν,
418 3824 516 3894 τὴν
546 3822 776 3895 ὓπαρξιν
800 3822 977 3893 metu
1004 3821 1191 3875 αὑτοῦ.
1225 3823 1318 3875 Ὃν
1346 3822 1410 3893 δὴ
1442 3822 1534 3876 καὶ
1560 3822 1697 3895 πρὸς

117 3916 276 3969 αὑτοῦ
299 3918 392 3970 καὶ
418 3916 552 3986 πρὸς
577 3916 668 3968 τοῦ
686 3914 897 3986 Πατρός
918 3913 1360 3985 μαρτυρούμενον
1382 3910 1522 3966 εἶναι
1545 3913 1692 3977 Υἱὸν,

119 4008 233 4069 πῶς
263 4010 378 4071 τοῖς
417 4008 623 4071 λοιποῖς
650 4008 925 4077 γεννητοῖς
960 4003 1325 4075 παραϐάλλειν
1351 4004 1529 4071 ὃσιον;
1570 4004 1694 4068 Πῶς

118 4103 159 4156 δ’
188 4104 338 4159 ἔσται
374 4106 703 4176 Μονογενὴς,
732 4104 808 4174 τῷ
836 4102 1030 4173 πλήθει
1060 4102 1170 4156 τῶν
1200 4103 1497 4172 γεγονότων
1530 4120 1691 4156 συνα-

120 4198 511 4269 ριθμούμενος;
545 4198 654 4251 Καὶ
686 4196 789 4267 μὴν
824 4195 883 4259 ἐξ
922 4194 1091 4263 αὑτῆς
1125 4196 1221 4265 τῆς
1254 4197 1623 4267 προσηγορίας
1666 4198 1695 4249 ό

122 4290 229 4353 υἱὸς
256 4291 356 4362 τὴν
384 4291 518 4361 πρὸς
558 4290 651 4343 τὸν
684 4288 895 4360 πατέρα
936 4287 1167 4359 φυσικὴν
1204 4287 1386 4357 σχέσιν
1424 4289 1692 4359 παρίστη-

122 4394 203 4431 σιν
221 4396 233 4409 ·
260 4380 338 4442 ὡς
372 4375 439 4433 αὖ
465 4380 624 4433 πάλιν
650 4379 711 4431 τὸ
746 4377 1026 4448 μονογενὲς
1065 4378 1234 4446 ὄνομα
1262 4379 1354 4429 καί
1382 4377 1475 4429 τοῦ
1504 4378 1693 4446 γένους

122 4470 440 4538 ἐφάπτεται,
471 4473 563 4523 καὶ
593 4471 688 4541 τῆς
720 4472 1022 4541 γεννήσεως
1050 4470 1238 4538 αὑτῆς,
1281 4468 1373 4521 καὶ
1412 4468 1505 4522 τοῦ
1535 4470 1692 4540 μόνον

1802 3286 1910 3331 tur.
1937 3277 2091 3343 Quod
2112 3277 2155 3332 si
2174 3275 2339 3329 semel
2366 3290 2462 3345 per
2483 3275 2790 3343 Scripturas
2808 3275 3119 3329 inveniatur
3144 3275 3382 3330 dictum:

1800 3370 2059 3425 Dominus
2110 3369 2346 3423 condidit
2395 3384 2474 3421 me
2516 3368 2833 3436 principium
2875 3370 3082 3422 viarum
3117 3369 3269 3438 ejus,
3314 3370 3386 3423 ad

1797 3478 1953 3530 opera
1991 3467 2105 3531 ejus
2140 3462 2208 3529 ⁵⁸,
2232 3460 2447 3530 penitus
2490 3460 2819 3514 sententiam
2852 3458 2972 3529 ejus
3020 3460 3171 3526 dicti,
3218 3474 3385 3532 quam

1796 3553 1953 3624 paulo
1988 3564 2108 3623 post
2136 3552 2488 3622 expositurus
2520 3566 2663 3616 sum,
2690 3552 2953 3607 debemus
2973 3552 3331 3623 introspicere
3364 3572 3379 3608 :

1796 3660 1895 3700 nec
1942 3645 2085 3715 quod
2137 3643 2392 3699 Marcello
2452 3651 2770 3714 usurpatum
2824 3642 2948 3708 fuit,
3003 3656 3227 3715 propter
3276 3646 3383 3702 hoc

1796 3735 2015 3790 unicum
2070 3736 2480 3799 testimonium,
2532 3734 2966 3790 ecclesiasticum
3040 3736 3379 3806 pmcipuum

1794 3824 1987 3897 dogma
2009 3826 2353 3881 labefactare.
2376 3826 2468 3881 Ille
2484 3826 2625 3881 enim
2648 3841 2770 3882 cum
2794 3828 3091 3883 audivisset
3115 3829 3193 3884 vel
3210 3830 3379 3885 semel

1796 3919 2027 3986 positum
2074 3918 2268 3972 Filium
2330 3916 2568 3971 Verbum
2620 3918 2923 3982 nominari,
2981 3918 3049 3972 ad
3104 3916 3377 3974 humanas

1797 4009 2033 4063 rationes
2064 4007 2349 4077 delapsus,
2395 4007 2564 4077 ipsius
2598 4006 2757 4075 plane
2809 4006 3030 4061 sustulit
3071 4005 3377 4062 subsisten-

1795 4101 1945 4155 tiam.
1978 4099 2111 4156 Cum
2142 4101 2232 4171 qui
2271 4114 2366 4168 per
2392 4099 2657 4169 seipsum,
2686 4108 2739 4154 et
2764 4112 2861 4167 per
2895 4097 3074 4154 Patris
3102 4099 3375 4169 prolatum

1796 4192 2188 4256 testimonium,
2224 4190 2395 4245 Filius
2423 4200 2796 4259 usurparetur,
2827 4190 2931 4243 nisi
2963 4204 3233 4244 summam
3276 4204 3375 4261 per

1794 4284 2124 4353 impietatem
2175 4298 2301 4338 cum
2362 4282 2570 4338 caeteris
2629 4282 2895 4337 creaturis
2956 4297 3059 4339 nec
3117 4285 3374 4354 componi

1794 4374 1986 4429 debeat
2018 4389 2193 4444 neque
2211 4375 2536 4443 comparari.
2567 4372 2699 4427 Nam
2730 4387 2837 4443 quo
2862 4383 3020 4445 pacto
3049 4373 3375 4446 Unigenitus

1795 4464 2049 4534 appellari
2077 4472 2275 4535 queat,
2317 4464 2409 4533 qui
2446 4479 2569 4518 cum
2604 4463 2949 4519 multitudine
2978 4476 3376 4523 annumeratur

122 4558 273 4627 εἶναι,
316 4564 409 4617 καὶ
442 4564 732 4634 μηδέτερον
769 4561 915 4633 αὑτῷ
960 4563 1058 4632 τῆς
1102 4560 1345 4630 υἱότητος
1388 4564 1684 4618 κοινωνεῖν.

1803 4555 2205 4611 creaturarum?
2225 4556 2356 4610 Cum
2376 4557 2459 4610 vel
2482 4556 2549 4609 de
2570 4556 2805 4609 nominis
2828 4556 2999 4611 solius
3022 4559 3375 4627 usurpatione

133 4649 262 4704 Ἀλλ’
292 4655 499 4706 ἐοίκασι
522 4653 710 4705 ταύτὸν
730 4652 1032 4723 Μαρκέλλῳ
1064 4649 1230 4713 πάθος
1252 4651 1572 4704 πεπονθέναι
1596 4653 1689 4706 καὶ

123 4740 276 4799 οὗτοι.
325 4747 381 4799 '0
416 4746 512 4817 μὲν
544 4745 652 4816 γὰρ
673 4745 779 4798 δέει
807 4746 901 4797 τοῦ
939 4745 1011 4815 μὴ
1045 4744 1137 4797 δύο
1167 4744 1329 4806 θεοὺς
1361 4746 1552 4807 εἰπεῖν,
1589 4744 1687 4814 τὴν

123 4835 339 4909 ἄρνησιν
360 4839 453 4891 τοῦ
475 4838 602 4891 Υἱοῦ
632 4838 1015 4909 προύϐάλλετο,
1043 4837 1139 4906 τὴν
1166 4837 1459 4888 ὑπόστασιν
1482 4836 1687 4889 ἀθετῶν

126 4930 277 4983 αὑτοῦ
300 4948 313 4961 ·
343 4933 391 4984 οἱ
417 4932 599 4995 δὲ,δὺο
630 4930 807 4993 δόντες
830 4930 1173 4992 ὑποστάσεις,
1202 4930 1300 4997 τὴν
1335 4930 1431 4998 μὲν
1462 4929 1686 4999 ἀγέννη-

117 5035 227 5082 τον,
255 5021 355 5089 τὴν
405 5020 443 5072 δ’
474 5018 532 5083 ὲξ
562 5020 658 5071 οὑκ
690 5018 857 5071 όντων
901 5018 1232 5078 κτισθεῖσαν,
1274 5019 1368 5069 ἕνα
1419 5018 1517 5086 μὲν
1552 5016 1684 5071 Θεὸν

118 5110 452 5177 ὑρίστανται.
490 5112 547 5163 Ὀ
578 5110 633 5163 δὲ
674 5110 792 5173 Υἱὸς
817 5111 915 5163 οὑκ
950 5109 1021 5161 ἔτ’
1052 5110 1251 5171 αὑτοῖς,
1286 5108 1407 5159 οὐδὲ
1438 5110 1679 5177 Μονογε-

1796 4649 1938 4703 [ilius
1974 4648 2275 4703 naturalem
2325 4648 2615 4717 quamdam
2660 4647 2906 4702 obtineat
2955 4650 3022 4703 ad
3068 4649 3373 4720 genitorem

1795 4753 1949 4793 suum
1985 4738 2322 4803 relationem,
2357 4752 2589 4808 cumque
2615 4753 2812 4793 nomen
2850 4739 3002 4803 illud,
3034 4741 3370 4811 unigenitus,

1795 4829 1861 4884 ad
1891 4845 2059 4899 genus
2090 4831 2359 4900 pertingat
2382 4871 2396 4895 ,
2447 4840 2502 4884 et
2547 4832 2951 4901 generationem
2979 4871 2994 4897 ,
3034 4831 3207 4887 solum
3248 4847 3375 4888 eum

1792 4922 1995 4977 indicet
2020 4933 2070 4976 et
2090 4923 2393 4977 solitarium
2432 4940 2444 4975 :
2475 4936 2576 4977 nec
2609 4923 2663 4977 in
2691 4923 2956 4977 liliatione
2979 4937 3098 4990 sua,
3130 4938 3372 4993 quocun-

1791 5030 1895 5083 que
1938 5030 2059 5068 cum
2109 5016 2215 5068 alio
2266 5014 2699 5083 participantem.
2733 5016 2885 5079 >3At
2933 5016 3078 5071 enim
3119 5018 3373 5071 videntur

1790 5106 1949 5159 iidem
1979 5107 2065 5161 isti
2098 5122 2219 5161 cutn
2245 5106 2495 5162 Marcello
2536 5107 2727 5162 eodem
2760 5108 2921 5177 plane
2949 5108 3108 5163 modo
3156 5106 3361 5164 aﬂecti.

201 5278 252 5335 vis
284 5272 380 5327 Ed.
409 5272 601 5337 Paris,
639 5287 792 5343 pagg.
818 5270 907 5338 68,
935 5272 1020 5326 69.
1102 5272 1145 5301 ⁵³
1174 5270 1326 5325 Joan.
1362 5286 1397 5335 ι,
1429 5270 1515 5324 18.
1589 5270 1634 5301 ³⁸
1661 5270 1698 5325 ,1.

1803 5310 1813 5323 .
1850 5284 1932 5333 ιιι,
1970 5265 2051 5320 16.
2130 5267 2174 5296 ⁵⁵
2208 5264 2365 5319 Prov.
2395 5278 2514 5330 vttt,
2550 5263 2641 5316 22.

188 5467 291 5531 (36)
324 5468 718 5537 Προηγμένον.
747 5468 931 5526 Recte.
975 5469 1112 5521 male
1137 5479 1312 5523 autem
1339 5468 1392 5521 in
1427 5467 1676 5534 Socrate,

131 5538 542 5622 προηγούμενον,
577 5538 734 5622 [οι-ιο,
765 5538 1135 5622 προαγόμενον
1171 5554 1206 5622 τ.
1236 5540 1328 5593 sed
1359 5539 1525 5622 'hanc
1580 5556 1675 5622 tto-

132 5608 284 5661 ttram
311 5609 585 5662 lectionem
615 5608 1277 5678 Inalitn.M.—Ueinvulgo
1309 5608 1515 5676 γένοιτο
1545 5610 1674 5672 υἱός.

199 5678 306 5758 ςόη
343 5680 405 5732 '0
426 5678 753 5758 δὀἀληθῶς.
808 5682 1060 5758 _S_o_crat_es
1100 5680 1262 5758 legit,
1286 5681 1315 5731 ό
1346 5679 1389 5731 δ’
1446 5679 1672 5758 ἀλύτῳς,

134 5751 213 5801 sed
245 5752 415 5803 llllllllS
450 5750 660 5803 sincera
706 5762 789 5802 est
820 5751 961 5805 illius
989 5751 1148 5805 lectio
1181 5766 1338 5823 quam
1367 5760 1567 5806 nostra.
1600 5750 1671 5804 Μ.

141 5844 192 5858 κ
234 5818 358 5877 Dein
382 5822 536 5888 vulgo
573 5820 666 5872 ἆτε
698 5818 775 5871 δέ.

442 5912 711 5974 Ριτιιοι..
743 5911 857 5971 Gn.
888 5913 1097 5973 XXIV

1852 5471 1965 5541 (38)
2000 5470 2289 5549 Τίγὰρᾶν
2319 5474 2569 5549 γᾴνοιτο.
2601 5471 2761 5524 Deest
2806 5485 2906 5549 vox
2958 5470 3165 5537 γένοιτο
3223 5470 3363 5549 apud

1782 5541 2059 5595 Socratem
2093 5544 2251 5606 male,
2285 5543 2375 5609 qui
2402 5551 2455 5595 et
2480 5543 3081 5610 nostramscripturam
3116 5543 3361 5608 corrigit,

1778 5610 1989 5683 legend.
2031 5614 2193 5683 enim,
2218 5612 2251 5683 ἢ
2281 5612 2362 5677 τὸ,
2388 5611 2467 5683 τῷ
2488 5610 2859 5683 γεγεννηκότι.
2890 5610 3179 5683 Μ.-Μοι
3207 5614 3363 5683 ψει-,ει

1780 5680 1908 5754 δημ.
1946 5680 2281 5754 τεχνίτης-ει
2312 5680 2463 5754 ἐκκλ.
2530 5682 2902 5753 ωρασκεὺειν
2933 5682 3111 5751 δόγμα
3143 5690 3197 5736 et
3228 5680 3285 5733 ὃν
3306 5680 3362 5732 δὲ

1778 5750 1872 5805 καί
1906 5762 1959 5810 et
1993 5750 2216 5821 συναριθ
2226 5753 2324 5823 μού
2333 5769 2513 5823 μενον.

2961 5912 3035 5967 :27

2963 5953 2998 5968 υ
