4068 6316
166 333 269 391 διε
367 384 378 394 .

1172 323 1259 379 DE
1297 319 1824 379 ECCLESIASTICA
1864 313 2261 372 THEOLOGIA
2301 312 2432 368 LIB.
2473 311 2517 365 I.

3313 300 3408 357 με

161 465 228 502 τα
270 447 378 518 (Η)
431 445 902 517 ὑποστησάμενος·
965 443 994 493 6
1043 438 1388 495 ἀποστέλλων
1448 436 1638 490 αὐτόν·
1704 437 1731 486 6

1843 440 2078 486 neratam
2112 444 2235 485 cum
2267 425 2615 482 monarcliica
2650 431 2923 494 potestate
2977 436 3230 493 suprema
3283 433 3416 491 pos-

161 539 508 610 προστάττων
554 535 724 604 αὐτῷ,
772 536 801 587 6
845 531 1250 601 ἐντελλόμενος·
1312 532 1341 581 6
1375 528 1669 582 διδάσκωνο
1706 527 1733 577 6

163 625 336 678 πάντα
367 623 514 694 αὐτῷ
539 623 887 693 παραδιδοὺς,
928 623 956 673 6
987 619 1222 685 δοξάζων
1263 619 1423 671 αὐτόν
1444 634 1457 646 ⁸
1499 619 1527 670 6
1563 618 1732 688 ὑπερ-

162 719 307 788 υψῶν
325 735 339 749 ο
373 719 402 769 6
431 715 714 778 ἀναδείξας
738 713 960 783 βασιλέα
991 712 1099 765 τῶν
1122 710 1256 763 ὅλων
1276 729 1289 742 ·
1322 713 1350 763 6
1380 712 1558 763 πᾶσαν
1584 708 1733 777 αὑτῷ

159 809 254 880 τὴν
285 808 464 878 κρίσιν
491 804 851 876 παραδιδούς·
898 806 926 856 6
978 804 1066 857 καὶ
1091 804 1237 873 ἡμᾶς
1270 801 1414 873 αὐτῷ
1453 799 1732 854 πείθεσθαι

161 900 506 970 βουλόμενοςο
540 899 569 950 6
599 897 689 949 τὸν
723 898 780 948 ἐν
800 895 950 966 δεξιᾷ
981 897 1079 966 τῆς
1114 892 1583 964 μεγαλοπρεπείας
1637 893 1734 943 αὑ-

158 989 248 1044 τοῦ
286 989 533 1059 κατέχειν
574 988 759 1059 θρόνον
789 987 1237 1057 ἐγκελευόμενος;
1281 986 1339 1037 ἐν
1370 984 1446 1055 τῷ
1481 1000 1734 1053 προσφω-

160 1085 268 1136 νεῖν
299 1081 446 1152 αὺτῷ
477 1082 569 1138 καὶ
611 1082 823 1150 λέγειν·
860 1079 1056 1134 Κάθου
1082 1079 1149 1132 ἐκ
1176 1076 1391 1142 δεξιῶν
1419 1092 1559 1145 μου’
1590 1078 1618 1128 6
1648 1075 1735 1128 διὰ

161 1171 330 1226 ταῦτα
365 1173 562 1236 πάντα,
598 1173 693 1225 καὶ
727 1171 891 1226 αὐτοῦ
936 1168 1195 1240 ὑπάρχων
1229 1169 1321 1222 τοῦ
1353 1167 1482 1222 Υἱοῦ
1507 1168 1658 1230 Θεὸς,
1691 1159 1735 1233 ᾧ

161 1263 476 1334 πειθόμενος
504 1266 532 1317 6
564 1262 870 1333 Μονογενὴς
891 1261 1055 1316 αὑτοῦ
1077 1262 1240 1324 παῖς,
1273 1261 1574 1314 ἐκένωσεν
1596 1261 1733 1312 ἐαυ-

160 1355 282 1419 τὸν,
315 1355 716 1409 stetisti-mer
738 1354 973 1417 ἑαυτὸν,
1006 1352 1242 1422 μορφὴν
1257 1352 1479 1406 δούλου
1497 1352 1736 1418 ἀνειλη-

160 1462 292 1514 φεν,
315 1444 584 1512 ὑπήκοος
607 1444 783 1514 μέχρι
805 1444 1062 1500 θανάτου
1089 1443 1356 1513 γέγονεν’
1377 1435 1422 1510 ᾧ
1448 1443 1542 1496 καὶ
1566 1458 1736 1513 προσ-

159 1536 398 1607 εύχεται,
423 1531 466 1604 ᾧ
493 1536 763 1590 κελεύοντι
791 1535 1063 1589 πείθεταιο
1098 1529 1142 1602 ᾧ
1176 1535 1271 1587 καῖ
1298 1534 1639 1604 εὐχαριστεῖ·
1677 1531 1734 1583 ὃν

159 1630 253 1684 καὶ
317 1629 472 1700 μόνον
520 1627 769 1700 ἀληθινὸν
821 1627 954 1679 Θεὸν
989 1625 1238 1696 ἡγεῖσθαι
1280 1627 1425 1696 ἡμᾶς
1474 1624 1733 1688 διδάσκει,

161 1723 380 1793 μείζονά
415 1740 475 1776 τε
508 1719 643 1775 εἶναι
694 1721 884 1776 ἐαυτοῦ
915 1720 1198 1792 ὁμολογεῖ·
1239 1720 1298 1773 ὃν
1331 1720 1424 1773 ἐπὶ
1450 1721 1581 1772 πᾶσι
1615 1719 1736 1771 τού-

1836 525 2044 587 sidens,
2080 513 2276 576 Filium
2311 518 2634 588 participem
2663 515 2795 570 fecit
2824 529 2936 569 sua:
2961 513 3082 568 vitae
3124 523 3181 567 et
3215 511 3420 567 divini-

1838 615 1968 670 tatis
1997 634 2010 669 :
2043 629 2135 669 sua
2172 607 2353 666 omnia
2386 609 2630 678 subjecta
2669 608 2716 662 ei
2751 606 2973 660 tradidit
3018 623 3032 658 :
3072 620 3198 660 cum
3239 603 3415 669 misit,

1835 707 2118 764 mandavit
2150 706 2252 771 illi,
2285 706 2338 760 in
2373 702 2658 773 praeceptis
2693 701 2862 764 dedit,
2896 699 3102 764 docuit,
3130 699 3312 754 omnia
3339 695 3416 751 illi

1836 800 2078 867 donavit,
2133 797 2284 852 illum
2345 793 2688 867 gloriﬁcavit,
2757 792 2909 844 illum
2963 789 3412 860 superexaltavit,

1835 909 2020 962 regem
2059 893 2438 947 universorum
2476 880 2798 950 declaravit,
2828 884 3091 951 judicium
3136 899 3297 940 omne
3339 883 3415 939 illi

1840 987 2084 1048 tradidit,
2129 999 2228 1040 nos
2282 982 2452 1037 voluit
2503 981 2577 1034 illi
2634 975 3034 1048 obtemperare,
3082 977 3245 1046 jussit
3291 990 3414 1030 eum

1837 1081 2021 1136 sedem
2063 1092 2217 1132 suam
2278 1074 2615 1131 constituere
2670 1091 2700 1128 a
2759 1073 2951 1127 dextra
2995 1069 3419 1140 magniﬁcentiae

1837 1180 1967 1228 suae,
2014 1180 2137 1218 cum
2173 1164 2252 1218 sic
2291 1162 2441 1216 illum
2489 1160 2687 1216 affatus
2730 1163 3174 1231 proloqueretur,
3211 1159 3346 1215 Sede
3383 1169 3419 1213 ο

1838 1258 2036 1312 dextris
2080 1260 2230 1324 meis,
2251 1258 2351 1327 Qui
2385 1257 2456 1311 ob
2487 1256 2588 1310 ista
2609 1254 2819 1324 singula
2853 1266 2906 1310 et
2939 1255 3221 1322 universa,
3248 1254 3418 1325 ipsius
3504 1267 3507 1269 '

1837 1347 2200 1405 Filiiexsistat
2233 1347 2406 1403 Deus:
2435 1348 2519 1403 cui
2553 1349 2957 1416 obtemperatus
2995 1346 3302 1417 unigenitus
3333 1337 3418 1401 Fi-

1838 1442 1966 1506 lius,
2007 1448 2184 1496 semet
2211 1441 2516 1495 exinanivit
2551 1441 2748 1507 ipsum,
2778 1438 3259 1518 sese‘humiliavit,
3302 1438 3417 1493 for-

1840 1548 1981 1587 mam
2030 1535 2174 1586 scrvi
2227 1532 2524 1601 accipiens,
2570 1532 2750 1584 factus
2798 1530 3059 1586 obediens
3110 1545 3284 1601 usque
3345 1533 3416 1586 ad

1839 1636 2090 1680 mortem.
2121 1624 2294 1691 Quem
2324 1624 2577 1692 precibus
2612 1622 2952 1692 interpellat:
2987 1622 3073 1678 cui
3096 1622 3304 1690 obedit,
3329 1624 3419 1679 cui

1838 1718 2042 1788 gratias
2093 1718 2224 1787 agit,
2274 1731 2434 1786 quem
2499 1716 2673 1770 solum
2727 1715 2945 1769 unicum
3004 1729 3195 1770 verum
3248 1716 3418 1771 Deum

156 1831 267 1879 τοις
297 1815 529 1868 καὶΘεὸν
558 1809 696 1868 εἶναι
723 1816 915 1867 ἑαυτοῦ
947 1815 1152 1876 πάντας
1210 1815 1357 1884 ἡμᾶς
1387 1812 1580 1866 εἰδέναι
1613 1810 1732 1881 βού-

1843 1811 2060 1865 credere
2115 1824 2213 1863 nos
2256 1808 2455 1863 docet;
2500 1823 2660 1878 quem
2707 1822 2765 1862 se
2798 1808 3060 1877 majorem
3102 1808 3414 1878 proﬁtetur,

158 1905 328 1960 λεται.
360 1907 455 1960 Ὃν
482 1906 621 1959 οὕτω
659 1905 951 1970 δοξάζοντα
974 1905 1062 1959 τὸν
1090 1904 1282 1958 ἑαυτοῦ
1304 1905 1540 1975 Πατέρα,
1575 1907 1736 1975 ἀμοι-

159 1998 328 2062 ϐαίως
359 1999 714 2066 ἀντιδοξάζων
751 2001 777 2052 6
811 2000 1020 2071 Πατὴρ,
1053 2001 1148 2052 καὶ
1180 1998 1403 2069 Κύριον,
1438 1999 1530 2051 καὶ
1553 1999 1737 2068 Σωτῆ-

159 2109 249 2162 ρα,
274 2091 367 2145 καὶ
394 2091 526 2145 Θεὸν
556 2093 664 2144 τῶν
695 2091 849 2155 ὅλων,
878 2091 970 2144 καὶ
1003 2090 1286 2162 σύνθρονον
1318 2091 1417 2160 τῆς
1449 2089 1611 2143 αὐτοῦ
1643 2090 1739 2160 βα-

160 2182 362 2246 σιλείας
384 2183 637 2249 ἀνέδειξε.
665 2184 731 2235 ’Ἀ
751 2183 814 2253 δὴ
842 2182 1243 2254 πεπαιδευμένη
1269 2185 1301 2253 ἡ
1334 2183 1626 2255 Ἐκκλησία
1642 2181 1733 2235 τοῦ

158 2274 313 2340 Θεοῦ,
341 2276 538 2346 ἑαυτῆς
563 2277 659 2346 μὶν
687 2278 779 2329 καὶ
804 2276 957 2339 Θεὸν,
991 2276 1084 2329 καὶ
1127 2275 1329 2348 Κύριον
1363 2278 1456 2330 καὶ
1491 2279 1734 2348 Σωτῆρα,

159 2366 252 2421 τοῦ
302 2368 346 2420 δ’
373 2369 465 2421 ἐπὶ
497 2369 712 2422 πάντων
743 2368 878 2422 Θεοῦ
909 2367 1037 2421 Υίὸν
1067 2369 1329 2439 μονογενῆ
1380 2369 1540 2424 αὐτὸν
1575 2368 1735 2438 γινώ-

160 2475 308 2511 σκειν
328 2499 342 2522 ,
371 2462 463 2513 καὶ
489 2461 677 2515 οὐδένα
705 2462 803 2532 μὲν
828 2460 984 2514 ἄλλον
1004 2459 1112 2512 τῶν
1138 2460 1408 2529 γεννητῶν
1439 2460 1737 2531 ἀναγορεύ-

161 2566 240 2602 ειν
273 2550 408 2606 Θεὸν
435 2551 594 2617 ἀξιοί,
627 2553 784 2623 μόνον
808 2553 863 2606 δέ
900 2553 1085 2606 τοῦτον
1119 2548 1224 2605 οἶδε
1253 2552 1408 2616 Θεὸν,
1437 2552 1495 2604 ὃν
1522 2553 1678 2622 μόνον
1710 2555 1737 2606 6

161 2643 348 2716 Πατὴρ
373 2644 432 2708 ἐξ
458 2644 650 2698 ἑαυτοῦ
680 2646 889 2714 ἐγέννα.
929 2647 1135 2718 Ὥσπερ
1163 2640 1255 2698 οὖν
1284 2644 1445 2708 αὐτὸς
1469 2644 1557 2698 διὰ
1584 2644 1738 2698 Σολο-

169 2733 345 2804 μῶνος
400 2736 639 2807 παρίστη
667 2736 840 2805 λέγων
867 2755 879 2768 ·
928 2737 1048 2807 Πρὸ
1072 2736 1178 2791 τοῦ
1215 2736 1319 2804 ὄρη
1351 2735 1733 2804 ἑδρασθῆναι,

165 2825 277 2894 πρὸ
305 2827 373 2881 δὲ
397 2828 640 2883 πάντων
663 2829 906 2894 ,Βουνῶν
932 2829 1115 2902 γεννᾷ
1144 2847 1238 2900 με,
1275 2824 1376 2883 ὧδέ
1411 2848 1485 2901 πη
1515 2832 1615 2902 όρη
1646 2831 1739 2883 καὶ

166 2915 383 2984 βουνοὺς
407 2918 507 2983 τὰς
535 2919 685 2984 θείας
719 2922 811 2974 καὶ
843 2919 1245 2992 ὑπερκοσμίους
1275 2920 1531 2990 δυνάμεις
1563 2921 1736 2973 αἰνιτ-

165 3009 406 3080 τόμενος.

800 3285 956 3340 ΚΕΦ.
1007 3286 1106 3339 IB'.

211 3372 306 3439 Ὠς
343 3375 607 3444 ἇρῤητος
633 3379 819 3433 αὐτοῦ
844 3381 883 3448 ἡ
903 3379 972 3432 ἐκ
1001 3380 1108 3434 τοῦ
1141 3380 1370 3448 Πατρός
1400 3379 1704 3449 γέννησις.

237 3466 301 3518 El
336 3465 394 3520 δὲ
428 3466 492 3538 δὴ
520 3468 631 3535 (42)
667 3470 1080 3541 περιεργάζοιτό
1109 3489 1212 3535 τις,
1253 3472 1348 3524 καὶ
1378 3460 1586 3534 πῶς’ἂν
1620 3487 1743 3539 γεν-

165 3560 376 3630 νήσειεν
399 3562 429 3614 6
460 3561 614 3626 Θεὸς,
639 3563 755 3627 πῶς
782 3563 828 3616 δ’
853 3564 1004 3618 ἔσται
1031 3565 1220 3637 Πατὴρ
1249 3566 1317 3635 (ό)
1348 3566 1603 3618 ἐπέκεινα
1634 3566 1743 3619 τῶν

165 3651 336 3717 ὃλωνς
391 3652 450 3706 τὸ
479 3655 751 3726 τολμηρὸν
775 3657 872 3710 τοῦ
903 3657 1185 3729 πύσματος
1217 3661 1556 3730 κατασιγάσῃ
1586 3661 1613 3710 6
1633 3659 1741 3729 φή-

167 3762 262 3808 σας
281 3764 295 3776 ·
341 3745 641 3813 Βαθύτερά
675 3748 783 3817 (45)
815 3763 929 3802 σου
955 3749 1040 3818 μὴ
1073 3750 1244 3815 (istst,
1275 3751 1370 3804 καὶ
1399 3752 1744 3822 ὑψηλότερά

163 3853 278 3892 σου
289 3837 376 3908 μὴ
394 3838 626 3902 ἐξέταζε
651 3857 664 3870 ·
695 3839 732 3893 ἁ
755 3841 1092 3910 προσετάγη
1121 3859 1238 3908 σοι,
1263 3843 1447 3897 ταῦτα
1477 3845 1737 3899 διανοοῦ·

163 3931 236 3984 οὐ
249 3929 362 3999 γάρ
380 3931 516 3984 ἐστι
526 3946 624 3984 σοι
639 3933 808 4000 χρεία
824 3933 942 3985 τῶν
969 3933 1265 4001 κρυπτῶν.
1285 3936 1393 3987 Καὶ
1407 3937 1434 3988 6
1455 3937 1662 4000 Παῦλος
1686 3937 1744 3990 δὲ

164 4019 353 4074 εἰπών’
378 4021 446 4074 Ὠ
460 4021 651 4087 ,βάθος
675 4023 939 4076 πλούτου
961 4024 1057 4077 καὶ
1084 4027 1319 4093 σοφίας,
1345 4026 1442 4081 καὶ
1472 4026 1746 4094 γνώσεως

167 4111 314 4166 Θεοῦ
330 4112 351 4163 !
389 4113 469 4178 ὡς
505 4113 942 4182 ἁνεξερεύνητα
988 4117 1061 4169 τὰ
1103 4117 1352 4185 κρίματα
1389 4117 1574 4172 αὑτοῦ
1597 4117 1616 4169 .'
1647 4119 1746 4171 καὶ

163 4202 624 4272 ἀνεξιχνίαστοι
655 4208 714 4259 al
747 4205 872 4260 ὁδοὶ
901 4207 1124 4261 αὐτοῦί
1154 4208 1258 4261 Τὸν
1295 4208 1604 4280 περαιτέρω
1635 4226 1745 4279 χω-

168 4296 278 4366 ρεῖν
310 4295 630 4366 τολμῶντα,
663 4296 737 4368 μὴ
768 4299 1075 4366 ἁνεφίκτοις
1118 4300 1414 4371 ἐπιχειρεῖν
1447 4300 1478 4369 ἢ
1515 4299 1746 4352 πειθέτω

164 4382 337 4454 λέγων
357 4387 618 4458 πρότερον
643 4388 823 4451 αὐτὸς,
851 4387 886 4440 ἃ
903 4387 966 4458 δή
1003 4406 1164 4459 φησιν
1191 4389 1250 4454 ἐξ
1275 4391 1376 4443 οὐκ
1401 4390 1567 4444 ὅντων
1591 4408 1746 4459 γεγο-

1842 1916 2114 1972 quemque
2151 1900 2325 1955 adhuc
2365 1915 2530 1970 super
2556 1899 2762 1966 omnia,
2797 1915 2954 1955 suum
2988 1915 3206 1971 quoque
3249 1900 3416 1957 Deum

1840 2007 1981 2057 esse,
2016 2008 2113 2047 nos
2140 2007 2330 2048 omnes
2366 2003 2421 2046 et
2465 1991 2710 2062 singulos
2741 1992 2883 2047 scire
2927 1992 3119 2049 voluit.
3149 1995 3319 2063 Quem
3350 1990 3418 2050 ad

1841 2085 2003 2141 istum
2041 2087 2258 2141 modum
2305 2083 2523 2140 Patrem
2555 2100 2712 2140 suum
2764 2083 3184 2155 gloriﬁcanlem,
3229 2086 3416 2154 Pater,

1839 2179 1958 2233 vice
1977 2193 2130 2234 versa
2178 2175 2520 2248 gloriﬁcavit,
2573 2189 2804 2243 eumque
2857 2177 3165 2244 Dominum,
3217 2179 3417 2234 Serva-

1843 2279 2039 2338 torem,
2071 2271 2239 2325 Deum
2269 2268 2672 2336 universorum,
2711 2279 3024 2324 consortem
3068 2271 3149 2326 sui
3196 2286 3418 2342 quoque

1841 2362 2051 2432 imperii
2084 2362 2260 2432 palam
2285 2361 2604 2417 declaravit.
2636 2359 2763 2416 Ilaec
2793 2377 2822 2415 a
2854 2351 2965 2418 Deo
2998 2364 3187 2418 edocta
3231 2364 3418 2420 Ecclea

1838 2457 1918 2512 sia
1958 2455 2106 2511 illum
2138 2458 2328 2521 Deum,
2357 2456 2666 2521 Dominum,
2695 2455 3065 2525 Servatorem,
3097 2455 3294 2514 Filium
3320 2455 3416 2516 [rei

1849 2552 2087 2620 supremi
2123 2550 2469 2622 Unigenitum
2507 2551 2775 2623 agnoscit,
2812 2567 2913 2608 nec
2940 2552 3008 2608 ab
3045 2567 3112 2610 eo
3160 2569 3283 2608 cum
3339 2572 3419 2609 re-

1841 2645 2088 2711 cesserit,
2129 2645 2272 2701 inter
2310 2654 2613 2710 creaturas,
2649 2654 2911 2714 prteterea
2956 2646 3256 2717 quidquam
3286 2662 3417 2715 pro-'-

1841 2741 2026 2792 litetur
2071 2737 2264 2793 Deum.
2318 2736 2504 2794 Solum
2568 2735 2722 2791 illum
2757 2736 2956 2807 quippe
3007 2737 3178 2792 Deum
3231 2739 3408 2803 novit,

1839 2846 2002 2902 quem
2026 2830 2202 2886 solum
2246 2831 2314 2886 de
2343 2844 2402 2885 se
2436 2829 2622 2901 genuit
2644 2828 2825 2885 Pater.
2865 2829 3331 2898 Quemadmodum
3364 2839 3420 2884 et

1841 2925 1957 2994 ipse
1989 2939 2085 2992 per
2124 2922 2470 2979 Salomonem
2510 2924 2754 2995 loquitur
2794 2939 2809 2976 :
2847 2920 3172 2993 Priusquam
3218 2934 3420 2978 montes

1839 3014 2223 3077 atabilirentur,
2285 3028 2407 3068 ante
2443 3017 2620 3070 omnes
2679 3015 2839 3070 colles
2867 3017 3144 3087 progenuit
3171 3027 3272 3071 nte.
3318 3015 3425 3071 Per

1768 3143 1814 3206 ϐ
1846 3117 2057 3162 montes
2081 3116 2139 3162 et
2168 3106 2337 3161 colles
2389 3107 2463 3162 ibi
2497 3107 2742 3163 iudicare
2779 3108 2948 3163 voluit
2989 3106 3205 3163 divinas
3236 3117 3293 3164 et
3326 3115 3423 3163 stt-

1845 3199 2244 3268 permundanas
2283 3204 2602 3270 potestates.

2476 3291 2628 3347 CAP.
2673 3290 2782 3346 XII.

1884 3389 1942 3447 ὦ
1968 3383 2117 3449 Quod
2145 3384 2210 3438 sit
2247 3385 2616 3438 inenarrabilis
2643 3385 2790 3439 illius
2813 3384 2878 3440 de
2906 3383 3071 3441 Patre
3097 3388 3388 3458 generatio.

1916 3475 2074 3541 Quod
2105 3476 2150 3530 si
2177 3475 2300 3545 quis
2335 3477 2603 3532 curiosius
2637 3476 2729 3531 hic
2757 3477 3040 3548 sategerit,
3061 3487 3118 3533 et
3153 3480 3427 3548 quomodo

1845 3567 1916 3623 sit
1945 3568 2035 3624 ille
2066 3567 2213 3624 Deus
2245 3580 2398 3639 roget
2426 3590 2439 3624 ε
2471 3569 2742 3640 quomodo
2773 3571 2879 3626 erit
2923 3569 3107 3636 Pater,
3138 3571 3230 3642 qui
3261 3585 3429 3643 super

1845 3661 2026 3715 omnia
2069 3662 2198 3717 est?
2244 3663 2503 3718 audacem
2551 3663 2709 3733 hujus
2761 3663 2993 3719 hominis
3044 3663 3428 3735 interrogatio-

1847 3767 1969 3805 nem
2008 3765 2323 3823 compescet
2350 3756 2396 3810 is
2423 3755 2516 3824 qui
2549 3756 2648 3819 ait,
2680 3752 3047 3820 Profundiora
3069 3763 3119 3809 te
3143 3795 3160 3820 ,
3192 3772 3255 3810 ne
3281 3773 3428 3826 quc-

1845 3841 2030 3896 siveris
2051 3884 2066 3907 ,
2115 3853 2162 3896 et
2204 3842 2492 3897 excelsiora
2541 3852 2590 3897 te
2615 3883 2632 3911 ,
2675 3858 2738 3896 ne
2768 3842 3025 3912 ,exquiras
3052 3859 3071 3895 :
3100 3841 3197 3896 illa
3227 3845 3429 3912 cogite,

1845 3950 1963 4002 qua:
2000 3931 2091 3983 tibi
2119 3931 2388 3998 imperauit
2418 3948 2436 3984 :
2464 3948 2626 4002 neque
2661 3933 2796 3985 enim
2826 3932 2921 3984 tibi
2947 3948 3078 4000 opus
3099 3945 3174 3986 est
3199 3944 3431 3988 secreta-

1848 4041 1966 4078 rum
1992 4024 2072 4089 “;
2108 4034 2162 4079 et
2190 4023 2390 4078 Paulus
2413 4023 2489 4076 ait
2511 4024 2678 4078 etiam
2726 4038 2740 4074 :
2777 4022 2821 4078 0
2847 4023 3072 4077 altitudo
3098 4024 3424 4093 divitiarum,

1846 4117 2119 4185 sapientia:
2147 4126 2194 4171 et
2233 4117 2467 4170 scientia
2496 4114 2594 4170 Dei
2619 4116 2638 4168 !
2669 4130 2829 4184 quam
2875 4115 3428 4184 incomprehensibilia

1848 4218 1969 4262 sunt
2009 4209 2223 4278 judicia
2251 4207 2412 4279 ejus!
2461 4217 2513 4263 et
2556 4208 3047 4280 impervestigabiles
3080 4213 3176 4266 viae
3215 4212 3328 4281 ejus
3359 4213 3427 4265 θ’.

1849 4299 2010 4354 Hunc
2036 4314 2167 4354 vero
2200 4313 2614 4370 progressurum
2636 4297 2830 4353 audaci
2861 4299 3106 4357 facinore
3142 4302 3318 4356 adhuc
3349 4302 3434 4357 ul-

1852 4390 2024 4446 terius
2055 4391 2312 4446 coliibere
2347 4391 2541 4446 saltem
2574 4391 2828 4458 debeant,
2875 4401 2934 4446 ut
2960 4393 3240 4449 inaccessa
3277 4409 3436 4465 pror-

165 4477 330 4543 νέναι,
377 4478 494 4543 πῶς
521 4480 614 4532 καὶ
661 4478 781 4532 τίνα
809 4480 1007 4550 τρόπον
1041 4482 1271 4553 ὑπέστη,
1312 4483 1534 4554 μηδαμῆ
1575 4484 1740 4553 μηδα-

1854 4498 1946 4536 sus
1991 4483 2358 4554 aggrediatur,
2387 4498 2451 4539 ea
2483 4498 2604 4554 quae
2650 4493 2778 4538 sunt
2807 4484 2876 4538 ab
2904 4484 3020 4554 ipso
3055 4488 3205 4556 prius
3233 4488 3432 4556 posita,

168 4569 284 4638 μῶς
315 4569 449 4622 ὅντα
471 4570 752 4641 πρότερον.
781 4571 854 4624 Ού
881 4571 988 4644 γὰρ
1024 4572 1088 4643 δὴ
1123 4574 1264 4627 κατὰ
1297 4575 1422 4636 τοὺς
1453 4577 1580 4646 παρ’
1615 4577 1744 4646 ἡμῖν

166 4657 438 4729 τεχνίτας,
461 4658 591 4731 ὓλην
619 4662 1090 4732 προῦποκειμένην
1114 4661 1289 4736 λαϐὼν
1315 4666 1434 4727 ταῖς
1458 4665 1662 4736 χερσὶν,
1691 4665 1750 4717 τὸ

167 4749 276 4802 πᾶν
303 4749 650 4821 ἐτεκτήνατο.
681 4751 890 4824 Ὥσπερ
919 4752 983 4823 δὴ
1027 4753 1204 4817 τοῦτο,
1234 4756 1300 4824 τῇ
1338 4752 1497 4821 φύσει
1531 4755 1748 4825 ἀμήχα-

165 4855 275 4905 νον,
304 4839 431 4893 ὅσον
459 4841 544 4893 ἐπ’
575 4839 900 4912 ἀνθρώποις,
925 4843 1067 4911 λέγω
1095 4842 1150 4896 δὲ
1181 4843 1243 4896 τὸ
1278 4843 1542 4914 μηδαμῶς
1577 4845 1751 4915 ὑπάρ-

165 4949 258 5002 χον
284 4932 351 4985 ἐκ
373 4931 472 4984 τοῦ
497 4932 571 5003 μὴ
605 4933 756 4996 ὄντος
788 4937 868 4997 είς
896 4934 956 4988 τὸ
983 4932 1121 4989 εἶναι
1151 4936 1441 5007 παράγειν,
1490 4937 1638 5007 αὐτῷ
1661 4937 1749 4990 δυ-

167 5025 322 5089 Ἳατὸν
353 5023 614 5095 κατέστη,
646 5026 741 5077 καὶ⁸
762 5025 950 5095 γέγονε
985 5026 1096 5098 (44)
1116 5027 1222 5080 τῶν
1247 5027 1381 5080 ὅλων
1412 5028 1662 5100 ποιητὴς,
1689 5029 1749 5081 οὐ

239 5151 301 5209 ›Ῑ‹
331 5143 434 5199 Ed.
465 5141 663 5210 Paris.,
701 5160 822 5215 pag.
853 5146 942 5200 71.

189 5375 199 5385 ⁹
235 5303 352 5385 (61)
408 5304 960 5385 Ὑποστησάμενοᾳ
986 5308 1332 5385 Βερει-αὺτῷ
1357 5352 1371 5375 ,
1408 5328 1629 5385 nempe
1662 5311 1752 5366 Fi-

165 5375 259 5428 lio.
295 5375 427 5428 Haec
455 5379 660 5440 omnia,
688 5375 764 5431 de
787 5381 1004 5434 homine
1037 5380 1256 5437 Christo
1304 5375 1360 5436 in
1395 5375 1566 5438 sacris
1599 5383 1749 5438 litte-

168 5447 245 5516 ris
275 5445 528 5510 recitata,
563 5450 629 5516 ad
654 5449 910 5513 deitatem
939 5451 1122 5504 retulit
1179 5451 1464 5516 Eusebius,
1497 5454 1748 5508 Ariauaia

172 5514 273 5594 lide
297 5530 546 5594 prorsus.
577 5515 648 5569 M.
675 5520 888 5594 tilio;
921 5523 1079 5594 vulgo
1104 5521 1192 5594 τὸν
1218 5525 1280 5574 ἐκ
1307 5514 1484 5587 δεξιᾶ-ς
1521 5541 1570 5574 τ.
1599 5540 1654 5592 μ.
1698 5535 1752 5577 et

168 5585 326 5637 ἐταπ.
357 5585 552 5663 ἐαντὸν
585 5605 641 5639 υ..
676 5585 1037 5663 60151.11qu
1063 5585 1391 5663 γενόμενος,
1411 5585 1614 5663 uiuissu
1662 5610 1750 5647 se-

169 5666 367 5734 quente
393 5655 641 5734 767mlst,
666 5668 722 5734 et
751 5661 845 5712 καὶ
876 5655 1145 5716 κελεύοντι
1179 5655 1230 5718 ἐι
1267 5655 1371 5734 τῆς
1409 5662 1745 5733 ἐαυτοῦ-βασ.

170 5734 223 5778 et
246 5723 338 5799 ἅδε
360 5741 495 5799 πε-π.
521 5734 575 5779 et
603 5728 803 5799 Σαλομ.

241 5796 355 5868 (ιὲ)
398 5795 568 5866 Vulgo
597 5795 659 5867 δή
689 5795 821 5869 0ῐὶιά
870 5801 992 5857 dein
1036 5803 1191 5875 vulgo
1245 5805 1345 5876 τῆς
1400 5804 1649 5871 πεύσεως
1700 5815 1752 5864 et

1853 4575 1920 4628 de
1943 4575 2402 4645 progeneratione
2427 4590 2458 4629 e
2500 4590 2606 4631 non
2635 4576 3034 4633 exsistentibus
3067 4595 3080 4632 :
3117 4581 3260 4648 quod
3295 4594 3434 4650 quo—

1859 4667 2020 4720 modo
2052 4667 2164 4721 ﬁeri
2198 4668 2373 4737 potuit
2420 4667 2582 4723 velim
2635 4671 2909 4740 explicet,
2943 4685 3064 4725 cum
3119 4672 3436 4743 neutiquam

1858 4756 2048 4810 nullibi
2094 4768 2372 4812 exstarent
2404 4759 2510 4814 illa.
2547 4759 2666 4815 Non
2713 4762 2881 4825 enim,
2930 4771 2989 4816 ut
3021 4761 3261 4818 artiﬁces
3296 4766 3438 4834 apud

1859 4862 1958 4902 nos
1984 4847 2178 4916 solent,
2213 4849 2500 4904 materiam
2527 4851 2910 4920 prtejacentein
2959 4860 3238 4921 acceptam
3269 4852 3440 4905 mani-

1859 4940 1981 5006 bus,
2021 4941 2334 4996 universum
2363 4942 2561 5000 exinde
2610 4943 2975 4999 conformavit
3003 4962 3017 4998 :
3053 4945 3146 5000 sed
3177 4954 3237 5000 ut
3262 4945 3436 5016 ipsum

1859 5031 1962 5086 hoc
2013 5044 2220 5089 natura:
2273 5035 2490 5105 quidem
2545 5037 2882 5105 impossibile
2927 5035 3128 5102 fuerat,
3176 5047 3435 5108 quantum

1040 5149 1083 5178 ⁸¹
1106 5147 1257 5206 Eccl.
1293 5164 1376 5215 ιιι,
1406 5147 1500 5206 22.
1582 5151 1626 5181 ⁶²
1653 5148 1812 5206 Rom.
1841 5167 1919 5218 XI,
1948 5153 2040 5211 5'5.

1855 5317 2202 5388 κατασιγάση
2215 5357 2228 5370 .

1927 5388 2040 5457 (45)
2067 5386 2373 5456 Baden-pd
2401 5404 2538 5442 σου.
2573 5387 2748 5442 Locus
2779 5397 2862 5442 est
2886 5387 3060 5443 Sirae.
3087 5404 3168 5452 Ill,
3198 5388 3290 5450 9.2,
3351 5387 3442 5442 ubi

1853 5455 2087 5531 legimus
2118 5455 2476 5531 χαλεπώτερα
2505 5475 2600 5531 σου
2640 5460 2713 5531 μὴ
2765 5459 2939 5530 ζήτει,
2973 5461 3067 5512 καὶ
3117 5459 3446 5529 ἰσχυρότερα

1858 5545 1949 5580 σου
1976 5528 2050 5598 μὴ
2083 5528 2335 5594 ἐξέταζε,
2373 5528 2460 5583 ubi
2489 5529 2593 5582 alia
2631 5528 2738 5582 sint
2781 5528 2832 5582 in
2865 5535 3107 5584 eamdem
3152 5528 3272 5598 cum
3326 5531 3446 5583 istis

1856 5597 2200 5672 sententiam.
2222 5599 2292 5652 M.
2318 5631 2386 5639 —
2414 5601 2544 5654 Dein
2580 5600 2735 5668 vulgo
2757 5602 3050 5672 ἐπιχωρεῖν
3087 5599 3124 5666 ἦ
3148 5609 3202 5655 et
3233 5597 3269 5653 ἃ.
3289 5599 3348 5654 δὲ
3380 5616 3442 5672 φ.

1858 5679 1912 5722 et
1947 5670 2053 5721 πᾶν
2089 5670 2439 5723 ἐπεκτείνατο
2475 5680 2530 5724 cl
2556 5675 2913 5738 προαγαγεῖν.

1933 5740 2042 5809 (43)
2078 5739 2198 5792 Ίὼν
2224 5741 2381 5794 ὅλων
2413 5740 2689 5804 ποιητὴς.
2734 5739 2825 5792 Vel
2857 5751 2914 5794 ut
2959 5743 3010 5792 in
3041 5740 3284 5808 margine
3317 5739 3437 5797 fuit.

1862 5814 2081 5882 ποιητῇ,
2114 5812 2297 5869 statim
2324 5811 2487 5868 αὑτοῦ
2517 5809 2632 5863 υἱοῦ
2669 5811 2908 5879 γένησις.
2951 5811 3024 5868 Μ.
3058 5839 3125 5852 -
3170 5813 3301 5865 Dein
3343 5809 3437 5863 τοῦ
