4068 6316
212 413 321 467 M9
1241 404 1328 460 DE
1369 398 1904 459 ECCLESIASTICA
1950 398 2345 458 THEOLOGIA
2390 400 2519 457 LIB.
2562 402 2603 455 1.
3374 403 3482 462 850

211 552 323 597 σει,
348 543 583 603 τοσουτῳ
608 532 713 603 χρὴ
742 531 879 582 νοεῖν
911 528 1003 582 καὶ
1030 528 1129 599 τῆς
1158 527 1265 579 τῶν
1288 526 1507 598 σαρκῶν
1536 526 1778 594 γενέσεωι

1908 532 2006 576 Ire.
2033 522 2203 579 Nemo
2229 526 2372 579 enim
2400 534 2512 579 tum
2543 524 2708 579 vitam
2740 531 3166 594 consequeretur
3190 534 3475 591 attentam,

207 623 686 696 ἀπηλλπριῶσθαι
719 621 808 673 τὸν
837 621 1057 691 τρόπον,
1090 618 1210 673 καθ’
1240 618 1298 672 ὃν
1331 620 1358 671 ὁ
1382 617 1569 688 Πατὴρ
1603 615 1778 684 ἐγέννα

1898 618 1942 671 si
1997 617 2110 672 lucc
2152 617 2391 673 conditio
2423 626 2624 674 statuta
2672 616 2864 672 fuisset
2893 635 2907 672 :
2942 616 3102 687 quia,
3134 616 3306 672 Nemo
3335 622 3478 673 novit

203 716 303 769 τὸν
331 716 472 769 Υἰόν.
517 714 591 767 οὐ
621 712 729 783 γάρ
768 732 821 766 τι
862 711 1204 783 προϊέμενος,
1249 709 1361 764 οὐδ’
1393 707 1778 780 ἀλλοιούμενος

1899 703 2118 761 Patrem
2148 707 2251 761 nisi
2296 705 2487 772 Filius,
2504 723 2665 777 neque
2700 705 2902 761 Filium
2929 708 3047 777 quis
3072 709 3212 762 nouit
3242 709 3347 763 nisi
3378 708 3481 763 Pa-

202 808 335 861 ούδέ
362 824 424 876 γε
453 804 770 876 παθητικῶς
795 804 1129 875 κινούμενος,
1151 802 1260 856 οὐδ’
1293 802 1432 866 ὅλως
1463 819 1517 854 τι
1534 801 1642 855 τῶν
1665 802 1795 872 ἡμῖν

204 896 687 967 συνεγνωσμένων,
724 896 1029 967 ὑπομένων,
1064 895 1261 966 ύφίστη
1296 895 1477 949 αὐτόν.
1515 894 1649 948 Οὐδὲ
1686 894 1794 965 γὰρ

206 988 373 1059 σῶμα
401 983 488 1056 ἦν,
518 988 595 1051 ὡς
629 987 927 1060 ἀπόρροιαν
954 985 1063 1056 (46)
1098 986 1130 1057 ἢ
1178 986 1423 1057 μείωσιν,
1482 984 1516 1056 ἢ
1552 984 1792 1047 ἔκτασιν,

200 1081 238 1151 ἢ
287 1080 608 1151 μεταϐολὴν.
651 1080 947 1153 ῆτροπὴν,
992 1079 1207 1152 won.
1259 1079 1292 1151 ἢ
1338 1079 1525 1151 μέρος,
1558 1079 1593 1151 ἢ
1624 1077 1794 1143 πάθος

199 1172 298 1223 ἐπ’
331 1169 477 1241 αὐτῷ
503 1170 850 1240 λογίσασθαι·
882 1171 1088 1225 τούτων
1119 1172 1166 1225 δ’
1202 1172 1358 1234 ἐκτὸς
1401 1172 1658 1227 ἁπάντων
1696 1172 1793 1245 ἄῤ-

202 1265 375 1332 ρητον
404 1266 533 1335 ἡμῖν
579 1265 672 1317 καὶ
702 1264 1131 1332 ἀνεπιλόγιστον,
1170 1264 1369 1335 μᾶλλον
1402 1266 1458 1319 δὲ
1493 1265 1641 1338 πάσῃ
1670 1282 1793 1334 γεν-

197 1360 346 1426 νητῇ
381 1354 538 1424 φύσει
561 1355 977 1427 ἀνεξερεύνητον
1012 1357 1105 1409 καὶ
1135 1357 1537 1427 ἀνεξιχνίαστον
1568 1359 1666 1428 τὴν
1694 1376 1789 1428 γε-

195 1450 552 1519 νεσιουργίαν
598 1450 817 1521 ύφίστη.
858 1450 1025 1521 Γεννᾷ
1060 1452 1157 1521 μὲν
1186 1448 1280 1506 οὖν
1314 1453 1407 1505 καὶ
1449 1454 1477 1505 ὁ
1515 1452 1665 1523 ἥλιος
1693 1452 1789 1523 τὴν

196 1540 417 1612 αὐγὴν,
459 1542 676 1609 λέγεται
717 1542 772 1594 δὲ
810 1542 904 1595 καὶ
944 1544 973 1596 ὁ
1012 1543 1139 1607 Υἱὸς
1186 1546 1553 1614 ἀπαύγασμα
1595 1546 1791 1615 φωτὸς

192 1634 401 1688 ἀϊδίου
432 1634 529 1687 καὶ
551 1635 916 1705 ἀπαύγασμα
940 1636 1050 1705 τῆς
1075 1636 1281 1703 δόξης,
1309 1637 1369 1690 ού
1396 1638 1495 1708 μὲν
1520 1638 1659 1690 κατά
1690 1639 1789 1709 τὴν

192 1725 468 1797 αἰσθητὴν
499 1724 593 1779 τοῦ
618 1727 793 1794 φωτὸς
817 1728 1002 1781 εἰκόνα
1026 1728 1302 1796 (ἐπέκεινα
1327 1727 1436 1800 γὰρ
1461 1728 1663 1792 παντὸς
1691 1746 1789 1781 πα-

197 1819 606 1889 ραδείγματος),
630 1819 890 1890 ἀρρήτοις
920 1821 1082 1874 αὐτὸν
1120 1823 1213 1875 καὶ
1257 1823 1662 1893 ἀκαταλήπτοις
1703 1824 1785 1877 λό-

193 1928 325 1979 γοις
349 1910 567 1982 ὑφίστη,
589 1912 684 1963 καὶ
708 1911 895 1965 τοῦτον
918 1912 1014 1966 ἕνα
1046 1914 1137 1965 καὶ
1158 1915 1458 1986 Μονογενῆ.
1490 1914 1781 1970 Δυσσεσῶν

190 2001 257 2054 δὲ
294 2000 384 2053 καὶ
421 1999 596 2054 ἀθέων
636 2001 867 2073 ἀνδρῶν,
916 2002 1013 2074 τὴν
1041 2003 1300 2058 πολύθεον
1333 2004 1541 2075 πλάνην
1562 2024 1784 2078 νενοση-

191 2093 396 2156 κότων,
425 2095 833 2165 ἀποπεφράχθω
878 2099 986 2150 πᾶν
1020 2097 1212 2166 στόμα,
1251 2101 1298 2152 οἰ
1337 2098 1431 2152 τοῦ
1466 2100 1786 2171 μονογενοῦς

193 2184 335 2239 Υἰοῦ
358 2185 453 2256 τὴν
475 2186 746 2258 ἐξαίρετον
766 2190 861 2241 καὶ
884 2189 1187 2253 ἰδιάζουσαν
1204 2191 1454 2263 γέννησιν
1480 2195 1559 2257 εἰς
1583 2193 1787 2263 πλῆθος

188 2278 627 2342 καταϐάλλοντες
668 2282 898 2349 Πατέρα
926 2282 1159 2351 ἀνδρῶν
1200 2301 1264 2337 τε
1296 2283 1445 2339 θεῶν
1477 2288 1785 2359 τε.ἀνειρή-

189 2371 379 2434 κασίν,
444 2370 580 2440 ὁμοῦ
630 2371 730 2441 μὲν
780 2371 977 2442 ἄνδρας
1023 2374 1278 2443 μίξαντες
1326 2375 1489 2440 θεοῖς,
1535 2376 1671 2448 ὁμοῦ
1725 2378 1782 2431 δὲ

186 2460 410 2524 τούτοις
441 2462 657 2533 ὁμοφυῆ
692 2462 783 2515 καὶ
811 2463 902 2516 τὸν
938 2465 1097 2518 αὑτὸν
1124 2467 1503 2539 εἰσηγούμενοι
1540 2471 1779 2541 Πατέρα.

201 2552 351 2605 Ἀλλ’
380 2554 499 2606 οὐδὲ
542 2555 639 2624 μὲν
669 2556 917 2625 ἐνεργείᾳ
943 2556 1229 2629 δαιμονικῇ
1263 2559 1324 2611 τὸ
1348 2560 1607 2624 δυσσεϐὲς
1631 2562 1783 2615 τουτὶ

186 2643 297 2697 καὶ
326 2644 482 2699 ἄθεον
515 2646 824 2717 προήκαντο
860 2649 1029 2719 ῥῆμα,
1062 2647 1141 2719 τῷ
1165 2649 1343 2721 θνητῷ
1375 2652 1470 2705 καὶ
1495 2652 1782 2727 παθητικῷ

186 2737 294 2789 καὶ
332 2736 688 2807 ἁμαρτητικῷ
715 2738 861 2807 γένει
892 2738 998 2792 τῶν
1036 2739 1339 2811 ἀνθρώπων
1380 2744 1639 2814 ὁμοφυεῖς
1688 2749 1782 2801 καὶ

182 2827 495 2894 ὁμοπαθεῖς
527 2826 703 2891 θεοὺς,
744 2829 835 2881 καὶ
873 2827 964 2881 τὸν
1007 2829 1213 2883 τούτων
1244 2832 1419 2885 κοινὸν
1458 2834 1781 2905 ὑποθέμενοι

186 2918 434 2989 Πατέρα,
486 2918 703 2982 πάντως
741 2936 844 2973 που
879 2924 991 2985 τοῖς
1020 2924 1207 2975 παισὶν
1240 2926 1726 2995 παρωμοιωμένον,
1753 2932 1782 2981 ὁ

1896 811 1977 854 ter
1998 803 2162 864 solus,
2192 804 2281 871 qui
2316 800 2465 853 illum
2515 802 2783 869 generavit
2812 801 2879 855 ⁸⁵.
2927 800 3134 855 Sufﬁcit
3160 814 3291 872 ergo
3322 804 3479 856 nobis

1898 893 1963 946 ad
1994 892 2223 948 salutem
2261 893 2395 946 lides
2418 931 2434 955 ,
2470 907 2533 948 ea
2582 908 2702 961 quae
2741 893 2906 946 Deum
2936 894 3092 947 nobis
3120 894 3345 949 exhibet
3383 893 3477 947 Pa-

1899 990 2035 1035 trem
2061 1020 2076 1046 ,
2106 982 2535 1051 omnipotentem
2566 1022 2582 1046 ,
2617 992 2670 1037 et
2722 980 2919 1035 Filium
2973 982 3147 1049 ipsius
3192 980 3477 1050 snbsignat

1900 1076 2271 1135 Servatorem.
2306 1073 2409 1140 Qui
2438 1082 2491 1127 et
2531 1073 2647 1134 ipse
2689 1072 2831 1128 inter
2858 1072 2964 1127 alia
3000 1072 3155 1127 nobis
3181 1071 3284 1125 ista
3326 1085 3477 1126 coru-
3535 1126 3541 1143 ,

1900 1168 2174 1221 mendavit
2205 1167 2490 1238 inquiens:
2522 1166 2675 1231 Quod
2714 1174 2895 1218 natum
2931 1174 3008 1219 est
3051 1179 3117 1218 ea:
3138 1178 3319 1228 carne,
3351 1176 3476 1217 caro

1897 1269 1974 1314 est
2004 1277 2023 1325 ;
2050 1271 2097 1313 et
2127 1261 2266 1329 quod
2310 1272 2489 1321 natum
2540 1269 2615 1312 est
2646 1274 2711 1311 ea:
2752 1259 2941 1323 spiritu
2964 1298 2979 1321 ,
3022 1256 3241 1325 spiritus
3271 1264 3348 1308 est
3386 1254 3471 1320 “;

1897 1350 2038 1407 Deus
2086 1362 2263 1406 autem
2307 1353 2525 1418 spiritus
2559 1361 2633 1404 est
2674 1349 2739 1401 ⁸⁷.
2776 1350 3128 1416 Consequens
3177 1347 3340 1416 igitur
3366 1353 3474 1411 est,

1892 1457 1953 1501 ut
1977 1443 2524 1515 intelligamus.quod
2557 1450 2741 1496 natum
2764 1450 2849 1495 est
2882 1440 2948 1494 de
2981 1439 3110 1505 Deo,
3144 1438 3313 1493 Deum
3331 1451 3471 1492 esse.

1897 1539 2165 1605 Quantum
2198 1552 2328 1592 vero
2360 1536 2503 1591 Deus
2528 1536 2617 1591 ille
2655 1534 3032 1589 universorum
3065 1545 3226 1600 super
3253 1543 3473 1583 carnem

1894 1634 2033 1689 hanc
2058 1644 2335 1687 terrenam
2373 1630 2643 1687 exaltatus
2669 1668 2687 1693 ,
2732 1629 2800 1683 ab
2852 1627 2999 1682 illius
3049 1625 3211 1680 modo
3245 1621 3479 1678 recessit-

1890 1735 1946 1781 et
1973 1741 2231 1780 mensura
2261 1743 2275 1779 :
2303 1724 2357 1779 in
2409 1732 2621 1777 tantum
2655 1720 2814 1777 nobis
2843 1719 3023 1774 animo
3054 1713 3471 1785 concipiendum

1890 1812 1974 1874 est
2008 1857 2022 1882 ,
2072 1818 2289 1872 modum
2338 1817 2491 1870 illum
2518 1856 2533 1880 ,
2575 1812 2871 1869 secundum
2901 1825 3059 1881 quem
3095 1808 3256 1863 Pater
3288 1807 3473 1877 genuit

1896 1910 2119 1975 Filium,
2154 1909 2339 1964 multis
2374 1906 2590 1976 quidem
2625 1904 2960 1974 parasangis,
2992 1901 3269 1958 carnalem
3304 1914 3468 1970 gene-

1891 2000 2045 2054 randi
2089 2000 2306 2053 modum
2344 2012 2695 2065 exsuperare.
2734 2001 2791 2058 ὦ
2846 1994 3031 2062 Neque
3076 1994 3220 2047 enim
3265 1991 3469 2059 aliquid

1888 2092 2211 2159 emittendo,
2249 2090 2445 2146 nedum
2495 2090 2611 2157 ipse
2663 2088 2925 2143 alteratus
2950 2126 2965 2151 ,
3002 2097 3095 2138 aut
3128 2100 3225 2154 per
3255 2083 3469 2153 passio-

1889 2202 2010 2241 nem
2051 2184 2291 2243 aﬂ‘ectus
2322 2183 2656 2252 aliqualiter,
2681 2192 2775 2248 et,
2807 2192 2867 2235 ut
2918 2172 3200 2250 espediam
3255 2176 3426 2232 verbo
3450 2215 3466 2238 ,

1888 2277 2023 2333 nihil
2053 2292 2240 2332 eorum
2277 2276 2581 2339 subeundo,
2622 2290 2743 2345 quae
2778 2274 2981 2330 nostris
3008 2271 3203 2327 animis
3222 2279 3352 2325 sunt
3377 2284 3470 2324 co-

1885 2370 2126 2441 gnitione
2160 2367 2643 2438 apprehensibilia,
2674 2366 2825 2421 illum
2854 2365 3151 2420 subsistere
3184 2362 3332 2417 fecit.
3347 2360 3469 2417 Non

1884 2465 2028 2519 enim
2063 2477 2264 2533 corpus
2296 2471 2414 2517 erat
2444 2460 2611 2523 Patri,
2666 2468 2727 2514 ut
2760 2457 3015 2513 eﬂluxum
3059 2458 3195 2525 ipsi,
3223 2454 3468 2509 diminu-

1888 2558 2111 2619 tionem,
2151 2554 2556 2620 extensionem,
2585 2551 3119 2612 transmutationem,
3156 2546 3468 2601 conversio-

1884 2665 2007 2705 nem
2036 2688 2053 2715 ,
2080 2646 2284 2704 ﬂuxum
2311 2687 2327 2712 ,
2357 2656 2541 2718 partes
2562 2685 2575 2710 ,
2614 2645 2925 2715 passionem
2970 2642 3331 2697 attribuatnus
3358 2638 3468 2693 ullo

1883 2750 2062 2813 pacto.
2094 2742 2176 2796 Ab
2226 2740 2346 2795 istis
2377 2747 2560 2793 autem
2597 2738 2856 2791 omnibus
2905 2735 3044 2789 liber
3077 2744 3131 2788 et
3178 2739 3423 2787 semotus
3449 2769 3465 2793 .

1883 2831 2250 2901 generationis
2286 2829 2505 2883 modum
2555 2827 2757 2883 subivit
2784 2826 2897 2891 ille,
2932 2840 3037 2879 non
3064 2822 3465 2892 explicabilem,

1883 2921 2480 2989 incomprehensibilem
2520 2945 2529 2975 ;
2571 2921 2680 2974 imo
2706 2928 2761 2973 et
2792 2918 3058 2972 universae
3088 2927 3463 2971 creaturarum

183 3011 235 3064 δ’
261 3011 707 3080 ὲκκλησιαστικδς
733 3012 905 3083 κήρυξ
934 3014 1049 3077 ἑνὸς
1078 3014 1210 3066 Θεοῦ
1234 3014 1329 3067 ἕνα
1366 3021 1626 3090 μονογενῆ
1654 3020 1778 3073 Υἱὸν

1885 3024 2089 3069 naturas
2117 3052 2133 3079 ,
2167 3013 2328 3069 nullis
2359 3013 2602 3082 vestigiis
2651 3010 2984 3067 odorandam
3011 3050 3029 3077 ,
3062 3008 3208 3061 nulla
3241 3006 3466 3061 investi-

184 3106 308 3166 τοῖς
356 3106 519 3158 πᾶσιν
576 3105 960 3176 ἀνακηρύττει,
1014 3106 1073 3159 ὃν
1134 3107 1275 3179 ὑπὲρ
1332 3111 1429 3179 τῆς
1493 3110 1601 3163 τῶν
1664 3129 1778 3179 γεν-

1885 3109 2104 3175 gatione
2156 3107 2569 3175 assequendam.
2614 3102 2895 3173 Progignit
2943 3103 3161 3171 quidem
3202 3096 3452 3180 splendo-

186 3192 375 3257 νητῶν
442 3194 699 3250 ἁπάντων
768 3197 1038 3266 σωτηρίας
1100 3214 1157 3249 τε
1223 3198 1316 3251 καὶ
1359 3199 1616 3269 προνοίας
1674 3203 1777 3273 ὑφ-

1885 3214 1995 3254 retn
2026 3199 2092 3254 de
2119 3213 2177 3254 se
2206 3198 2309 3253 sol.
2342 3196 2555 3250 Dicitur
2589 3205 2769 3250 autem
2798 3194 2989 3284 Filius,
3038 3192 3287 3261 splendor
3326 3190 3464 3243 lucis

190 3277 341 3351 ἰστη.

1885 3303 2094 3347 ωιενηιε
2126 3292 2171 3323 ⁸⁸
2205 3308 2220 3347 :
2269 3302 2316 3344 et
2356 3289 2542 3359 gloria:
2566 3288 2814 3357 splendor
2844 3277 2911 3353 ⁸⁸,
2959 3286 3054 3340 sed
3104 3299 3211 3338 non
3263 3293 3463 3336 secnn-

188 3369 323 3422 dtttn
372 3370 508 3426 lucis
563 3371 837 3428 sensibilis
868 3373 1181 3444 imaginem.
1225 3374 1358 3430 Nam
1394 3393 1559 3449 supra
1590 3385 1769 3439 omnis
1809 3385 2039 3455 exempli
2111 3383 2521 3439 similitudinem
2549 3421 2565 3445 ,
2634 3374 3100 3435 iuenarrabilihus
3125 3391 3251 3430 eum
3287 3372 3463 3429 modis

186 3474 251 3519 et
303 3464 883 3535 incomprehendendis
932 3470 1189 3539 produxit
1250 3471 1413 3529 Pater
1464 3494 1475 3529 :
1533 3492 1766 3549 eumque
1806 3498 1971 3536 unutn
2008 3490 2063 3536 et
2113 3480 2488 3551 Unigenitnm.
2557 3475 2745 3545 lmpiis
2808 3485 2986 3530 autem
3026 3472 3299 3539 omnibus,
3331 3479 3387 3525 et
3429 3486 3461 3525 ιι

187 3557 396 3626 pietate
437 3561 699 3626 remotis,
746 3576 837 3631 qut
889 3565 1081 3619 morbo
1127 3564 1377 3621 laborant
1424 3569 1489 3624 de
1544 3571 1767 3628 deorum
1808 3575 2177 3639 multitudine,
2242 3572 2569 3629 obturantur
2628 3586 2773 3627 ora:
2810 3570 2901 3637 qui
2931 3570 3260 3640 singularem
3298 3568 3459 3622 istam

186 3661 248 3708 et
272 3662 525 3708 aeternam
556 3656 815 3726 unigeniti
856 3657 973 3713 Filii
1013 3661 1451 3730 generationem,
1487 3665 1540 3721 in
1578 3668 1981 3726 multitudinem
2044 3671 2299 3726 deorsum
2363 3666 2697 3737 conjiciunt,
2757 3663 2976 3720 Patrem
3052 3665 3324 3718 hominum
3362 3676 3463 3718 no—

188 3749 464 3806 minantes
503 3753 821 3823 deorumque
844 3794 860 3821 ,
906 3754 1152 3813 homines
1195 3758 1296 3813 diis
1321 3763 1734 3820 commiscentes
1756 3808 1771 3833 ,
1812 3765 2028 3822 Patrem
2058 3776 2423 3838 supponentes
2486 3767 2569 3821 his
2633 3779 3016 3835 congenerem.
3052 3763 3192 3829 Alii,
3225 3777 3321 3830 per
3346 3760 3458 3815 da:—

189 3854 417 3895 monum
474 3842 886 3911 operationem,
942 3844 1164 3911 impium
1227 3848 1369 3903 istud
1428 3855 1647 3907 verbum
1715 3866 1769 3909 et
1810 3858 2077 3912 atheismo
2136 3858 2353 3929 plenum
2427 3856 2724 3929 protulere,
2774 3857 2902 3911 deos
2943 3869 3301 3923 congeneres,
3358 3852 3459 3908 iis-

188 3931 427 4001 demque
460 3932 801 4004 passionibus
835 3932 1120 4001 obnoxios,
1146 3936 1342 4005 quibus
1380 3942 1629 4008 mortale,
1688 3946 1961 4012 possibile,
2032 3955 2087 4002 et
2151 3947 2428 4016 peccabile
2450 3962 2621 4017 genus
2667 3946 2947 4001 hominum
2978 3945 3242 4015 subjacet,
3265 3944 3457 3999 horum

187 4024 437 4078 omnium
488 4033 543 4078 et
588 4025 922 4093 singulorum
982 4025 1198 4082 Patrem
1267 4028 1458 4097 Deum,
1509 4036 1737 4104 singulis
1786 4046 1840 4092 et
1893 4041 2161 4095 universis
2207 4042 2518 4096 assimiluri.
2568 4038 2757 4094 Prteco
2802 4048 2981 4093 autem
3037 4038 3455 4094 Ecclesiasticus

188 4116 353 4169 unius
381 4116 493 4181 Dei,
523 4131 685 4171 unum
720 4118 1022 4182 annuntiat,
1051 4128 1107 4173 et
1146 4122 1483 4191 unigenitum
1512 4127 1709 4183 Filium
1743 4148 1755 4183 :
1797 4145 1956 4201 quem
2013 4134 2176 4190 Pater
2227 4136 2294 4189 ad
2342 4134 2571 4191 salutem
2606 4134 3028 4198 universorum,
3111 4140 3166 4186 et
3230 4130 3457 4203 singulis

190 4207 586 4276 providendum
618 4210 904 4275 creaturis,
935 4213 1231 4270 subsistere
1257 4215 1409 4271 fecit.

841 4302 999 4357 ΚΕΦ.
1012 4304 1106 4358 ΙΓθ.

187 4389 322 4443 Ὀτι
363 4390 659 4458 ἀναγκαία
697 4392 796 4471 καί
832 4394 1129 4471 σωτήριος
1170 4398 1297 4471 τοῖς
1341 4399 1534 4456 πᾶσιν
1587 4405 1622 4471 ἠ
1667 4405 1773 4459 τοῦ

725 4465 859 4518 Υἱσῦ
893 4464 1237 4524 ἐπιστασία.

271 4555 488 4627 Ἐπειδὴ
512 4557 621 4627 γὰρ
641 4560 674 4628 ὴ
699 4557 807 4612 τῶν
839 4560 1137 4636 γεγονότων
1161 4562 1322 4631 φύσις
1352 4564 1409 4617 ὲν
1440 4564 1652 4636 σώμασι
1677 4568 1771 4621 καὶ

186 4649 521 4719 ἀσωμάτοις,
554 4650 820 4720 ἐμψύχοις
844 4667 903 4703 τε
934 4652 1027 4703 καὶ
1050 4628 1296 4723 ἀᾷύγοις,
1325 4628 1561 4723 λογικοές
1590 4676 1649 4711 τε
1675 4661 1769 4713 καὶ

184 4740 420 4809 ἀλόγοις,
469 4741 680 4812 θνητοῖς
720 4760 780 4795 τε
825 4744 918 4797 καὶ
944 4744 1249 4811 ἀθανάτοις,
1283 4749 1343 4800 τὸ
1384 4749 1639 4822 διάφορον
1671 4768 1766 4803 κε-

185 4835 433 4905 κτημένη
458 4874 473 4898 ,
502 4835 580 4905 τῷ
616 4836 754 4909 ὑπὲρ
782 4839 998 4892 πάντων
1032 4841 1123 4893 καὶ
1151 4842 1245 4894 ἐπὶ
1277 4843 1491 4896 πάντων
1518 4844 1636 4914 Θεῷ
1666 4862 1763 4897 πε-

182 4926 367 4989 “ἀζειν
394 4928 487 4979 καὶ
515 4926 620 4979 τῶν
644 4928 743 4998 τῆς
768 4929 932 4983 αὐτοῦ
966 4931 1218 5001 θεότητος
1254 4935 1631 5006 μαρμαρυγῶν
1664 4937 1762 5009 οὐχ

179 5034 215 5060 η
236 5033 269 5072 α
299 5035 358 5071 τε
392 5014 458 5089 ἦν
497 5019 742 5089 μετέχειν
772 5020 838 5073 δι’
869 5022 1175 5093 ὑπερϐολὴν
1205 5025 1302 5095 τῆς
1326 5027 1433 5081 ἀπὸ
1463 5026 1556 5079 τοῦ
1586 5028 1764 5098 κρείτ-

181 5126 334 5174 ³ιονος
355 5111 663 5180 ἐλλείψεως,
700 5113 915 5184 μακρὰν
942 5114 998 5166 δὲ
1039 5116 1133 5168 καὶ
1160 5118 1515 5189 πορρωτάτω,
1548 5118 1760 5187 φύσεως

182 5201 455 5273 ἀσθενείᾳ,
485 5201 743 5255 διολισθὲν
767 5204 833 5257 ἂν
862 5202 971 5275 εἴη,
1001 5205 1110 5275 (47)
1149 5209 1197 5260 εἰ
1232 5208 1306 5279 μὴ
1331 5208 1464 5262 Θεοῦ
1512 5211 1763 5282 Σωτῆρος

183 5290 339 5361 ετυχε
389 5291 602 5363 βοηθοῦ,
643 5292 865 5357 εἰκότως
897 5295 929 5364 ἡ
964 5298 1202 5368 πατρικὴ
1238 5298 1638 5370 φιλανθρωπία,
1674 5303 1764 5355 τὸν

2492 4311 2645 4367 CAP.
2691 4310 2825 4365 ΧΙΙΙ.

1952 4403 2105 4470 Quod
2134 4404 2386 4457 adventus
2418 4401 2546 4456 Filii
2585 4404 2824 4457 omnibus
2856 4402 3015 4474 fuerit
3057 4403 3306 4459 salutaris
3336 4414 3385 4459 et

2495 4491 2700 4528 necessu
2708 4492 2751 4527 fl
2761 4492 2841 4530 us.

1946 4564 2394 4635 Quandoquidem
2427 4580 2560 4621 vero
2609 4580 2790 4620 rerum
2835 4576 3316 4637 progeneratarum
3359 4582 3458 4623 na-

1874 4668 2013 4724 tura,
2052 4674 2173 4728 quae
2198 4658 2561 4713 diﬂ‘crentiam
2600 4661 2793 4713 sortita
2832 4669 2917 4714 est
2945 4660 3325 4730 multiplicem,
3358 4675 3458 4731 per

1872 4766 2165 4819 corporeus
2192 4763 2243 4806 et
2270 4752 2623 4819 incorporeas
2658 4757 2926 4808 essentias
2945 4793 2960 4818 ,
2988 4755 3257 4810 animatas
3286 4766 3343 4809 et
3368 4756 3456 4810 in-

1870 4847 2141 4899 animatas
2172 4887 2186 4908 ,
2215 4847 2548 4907 rationales.
2578 4857 2633 4901 et
2664 4847 3045 4913 irrationales,
3090 4851 3345 4905 mortales
3401 4861 3458 4907 et

1869 4935 2210 4992 immortales
2234 4978 2250 5001 ,
2300 4941 2739 5010 appropinquare
2772 4942 2881 4996 Deo
2908 4981 2924 5009 ,
2953 4944 3043 5010 qui
3076 4959 3238 5013 super
3270 4947 3454 4999 omnia

1867 5036 1921 5081 et
1956 5043 2050 5096 per
2084 5030 2266 5082 omnia
2298 5042 2513 5098 marest,
2538 5037 2596 5095 ᾖ
2634 5032 2778 5086 illius
2800 5033 3105 5087 divinitatis
3132 5034 3455 5103 splendores

1868 5118 2013 5172 nullo
2068 5121 2227 5174 modo
2274 5121 2453 5190 potuit
2492 5122 2818 5191 participare
2848 5162 2862 5186 ,
2907 5122 2977 5176 ob
3030 5121 3249 5174 nimiam
3304 5121 3451 5174 illam

1868 5228 2019 5264 suam
2057 5212 2423 5267 delicientiam
2451 5254 2465 5278 ,
2495 5229 2591 5284 per
2640 5230 2800 5283 quam
2841 5232 2869 5267 a
2911 5223 3101 5268 natura
3153 5215 3239 5268 illa
3281 5213 3450 5268 subli-

1871 5306 2111 5360 tnissima
2153 5318 2482 5363 semovetur.
2517 5306 2668 5362 Unde
2699 5322 2895 5377 magno
2920 5348 2936 5373 ,
2986 5310 3096 5362 imo
3132 5306 3449 5377 longissimo

258 5458 320 5519 is
347 5454 443 5511 Ed.
477 5456 675 5523 Paris.,
698 5474 856 5529 pagg.
879 5459 1061 5525 75,7i.
1093 5461 1135 5493 νδ
1156 5460 1345 5520 Matth.
1385 5465 1570 5533 st,27.
1601 5464 1900 5533 “Joatmn,
1936 5464 1989 5519 6.
2030 5466 2248 5521 "Joan.
2271 5468 2454 5533 "324.
2532 5467 2577 5501 °'
2593 5467 2720 5535 Sap.
2753 5483 2859 5532 vn,
2891 5466 2978 5521 26.
3061 5468 3105 5499 ⁸⁸
3122 5467 3348 5536 ﬂebm,
3389 5469 3442 5523 3.

259 5692 565 5781 (δῶ-νειμ)
592 5700 696 5781 λαὶ
732 5698 995 5781 μείωσινζ
1011 5699 1131 5781 dein
1162 5701 1287 5773 ῥοὴν
1317 5714 1369 5758 et
1396 5722 1745 5781 γεννησιουρ-

182 5767 386 5850 γίαχςι
416 5766 510 5850 καί
532 5768 561 5819 ὁ
588 5766 821 5850 ἥλιος-ει
846 5770 943 5823 ἀπ.
966 5766 1344 5850 δόξηςίροὶ-το-
1383 5766 1640 5850 αἰσθητόν
1684 5766 1741 5834 ἲιῑ

183 5835 425 5913 αἰ-ἀτδιον
458 5844 515 5913 et
544 5835 983 5913 καταθάλλοντες
999 5853 1051 5897 et
1080 5835 1235 5913 ἀνδρ.
1267 5848 1358 5901 καὶ
1391 5835 1551 5904 θεῶνί
1599 5850 1734 5906 Ileiu

183 5907 323 5961 ἄλλοι
353 5907 409 5962 δὲ
450 5908 549 5981 μέν
573 5920 627 5965 et
656 5908 734 5976 τῷ
760 5911 907 5979 διαφ.
944 5912 1047 5983 Μι).
1074 5915 1142 5967 is.
1171 5907 1247 5967 τό.

1935 5716 2045 5787 (47)
2082 5719 2150 5771 El
2172 5716 2259 5788 μὴ
2302 5720 2451 5772 Θεοῦ
2481 5719 2797 5788 Σωτήριος.
2836 5718 2910 5772 Ita
2952 5718 3160 5786 legend.
3220 5718 3446 5788 omnino

1857 5798 2005 5853 patet
2028 5787 2210 5863 [vulgo
2240 5789 2480 5863 siq‘pﬁ],
2511 5787 2715 5856 statim,
2743 5790 3023 5863 χωροῦντα
3050 5789 3153 5862 [sic
3184 5798 3234 5846 et
3254 5787 3444 5863 codd.)

1856 5874 2045 5929 uctupe
2072 5859 2256 5915 lilium.
2299 5860 2365 5914 Μ.
