4068 6316
134 374 263 432 853

1150 378 1236 432 DE
1276 379 1807 435 ECCLESIASTICA
1846 378 2233 436 THEOLOCIA
2272 380 2396 433 LIB.
2440 382 2476 432 Ι.

3308 380 3413 435 856

132 492 316 548 diem
340 490 484 546 Patri
510 507 679 562 usque
709 493 773 546 ad
831 502 1080 548 mortem.
1150 494 1225 549 lta
1264 504 1319 548 ut
1353 496 1801 564 quemadmodum
1842 512 1990 553 mors
2024 512 2120 567 per
2149 512 2312 551 unum
2339 496 2611 551 hominem
2646 506 2979 566 peccantem,
3012 497 3064 551 in
3097 511 3266 566 genus
3293 500 3413 552 uni-

131 601 377 644 versum
414 589 691 644 dominata
735 589 907 644 fuerat
939 608 951 641 :
982 592 1060 646 sic
1098 599 1153 643 et
1197 592 1306 644 vita
1359 602 1578 652 artemo,
1631 607 1727 659 per
1768 592 1937 657 ipsius
1999 594 2225 663 gratiam
2252 633 2265 656 ,
2304 592 2588 660 imperium
2657 592 2711 646 in
2752 606 2846 647 eos
2897 604 3085 647 omnes
3118 588 3411 658 obtineret,

128 682 247 751 qui
287 683 340 737 in
369 681 515 738 illum
564 682 887 744 crederent,
912 690 966 736 et
996 696 1090 748 per
1116 681 1263 736 illum
1290 726 1304 749 ,
1338 683 1445 739 Deo
1481 694 1535 738 ct
1585 682 1731 736 Patri
1774 684 1961 751 ipsius,
2000 685 2201 754 cogniti
2235 680 2769 740 commendarentur.

796 775 952 826 ΚΕΦ.
991 775 1084 826 ΙΔ’.

133 864 285 923 ὀτι
324 867 579 936 εὐλόγως
618 867 656 933 ἠ
697 866 1025 936 Ἐκκλησία
1067 865 1137 918 τὰ
1175 866 1327 919 αὐτὰ
1353 866 1740 936 φρονήσαντα

367 936 670 1001 Σαϐελλίφ
694 935 1051 1003 Μάρκελλον
1084 935 1509 1005 ἀπεδοκίμασε.

216 1025 463 1089 Εἰκότως
495 1024 608 1096 (52)
658 1025 722 1095 δὴ
764 1025 937 1078 ταῦτα
972 1024 1315 1097 κηρύττουσα
1349 1028 1381 1095 ἡ
1422 1025 1734 1097 Ἐκκλησία,

128 1116 345 1188 ὥσπερ
371 1134 422 1170 τι
453 1116 707 1187 κίϐδηλον
733 1114 1195 1187 παραχαράξαντα
1220 1117 1480 1187 νόμισμα,
1511 1116 1610 1185 τὴν
1641 1116 1737 1186 ἀρ-

128 1225 311 1278 νησιν
335 1206 431 1260 τοῦ
467 1206 596 1260 Υίοῦ
648 1206 743 1260 τοῦ
797 1204 967 1269 Θεοῦ,
1013 1206 1103 1259 τὸν
1150 1206 1431 1261 Σαόέλλιον
1487 1207 1737 1260 ἀπεδοκί-

131 1316 320 1373 μασε,
360 1298 533 1352 καίτοι
586 1298 717 1352 Θεὸν
743 1297 839 1351 ἕνα
886 1297 1104 1361 ειδέναι,
1142 1297 1253 1369 (53)
1286 1299 1380 1350 καὶ
1404 1297 1544 1369 πλὴν
1568 1298 1732 1352 αὐτοῦ

130 1388 226 1459 μὴ
254 1384 418 1453 εῖναι,
457 1386 759 1459 Μαρκέλλῳ
793 1384 1187 1457 παραπλησίως
1220 1386 1445 1454 λέγοντα
1467 1404 1479 1416 ·
1509 1386 1603 1439 καὶ
1638 1387 1735 1439 αὑ-

122 1480 243 1537 τοῦ
284 1480 341 1534 δὶ
386 1479 481 1533 τοῦ
513 1479 765 1550 Σωτῆρος
796 1478 953 1549 ἡμῶν
990 1479 1039 1531 oi
1083 1480 1508 1550 πρωτοκήρυκες
1548 1478 1733 1532 Ἐὁιω-

125 1569 335 1636 ναίους
367 1567 646 1641 ὠνόμαζον
682 1568 940 1640 Ἐὁραῐκῇ
985 1572 1135 1640 φωνῇ
1163 1609 1177 1633 ,
1209 1569 1322 1636 (54)
1354 1587 1603 1640 πτωχους
1631 1569 1732 1640 τὴν

126 1660 391 1717 διάνοιαν
424 1658 846 1723 ἀποκαλοῦντες,
876 1660 1002 1722 τοὺς
1039 1658 1135 1710 ἕνα
1164 1658 1267 1728 μὲν
1292 1658 1423 1712 Θεὸν
1476 1658 1733 1727 λέγοντας

126 1752 369 1817 εἰδέναι,
399 1753 494 1805 καὶ
532 1750 628 1803 τοῦ
653 1750 904 1821 Σωτῆρος
938 1750 1000 1803 τὸ
1036 1750 1194 1820 σῶμα
1237 1749 1313 1824 μὴ
1343 1749 1728 1821 ἀρνουμένους,

125 1842 245 1915 τὴν
276 1843 332 1896 δὲ
360 1843 453 1897 τοῦ
487 1840 612 1895 Υἱοῦ
642 1840 866 1913 θεότητα
904 1840 978 1912 μὴ
1011 1842 1237 1905 εἰδότας.
1278 1842 1389 1895 Καὶ
1433 1841 1525 1895 τὸν
1557 1843 1731 1912 Σαμο-

130 1935 318 1995 σατέα
344 1935 407 2006 δὴ
435 1936 637 2005 καίπερ
679 1934 886 2006 Ἰησοῦν
923 1935 1017 1988 τὸν
1054 1935 1290 2005 Χριστὸν
1318 1933 1412 1987 τοῦ
1430 1933 1567 1987 Θεοῦ
1592 1930 1729 1988 εἷναι

124 2026 484 2091 διδάσκοντα,
514 2026 646 2080 Θεόν
669 2042 728 2078 τε
760 2025 856 2079 ἕνα
882 2026 973 2079 τὸν
1004 2027 1098 2078 ἐπὶ
1127 2027 1345 2080 πάντων
1372 2026 1572 2097 ὁμοίως
1601 2028 1729 2097 ὁμο-

1754 786 1803 838 Δ

2444 774 2592 829 CAP.
2640 773 2779 827 XIV.

1888 862 2042 928 Quod
2072 862 2336 927 Ecclesia,
2371 881 2461 937 nec
2485 868 2763 937 immerita,
2797 865 3107 921 Marcellum
3138 869 3367 937 eiecerit,

1988 939 2221 987 eamdem
2257 951 2373 988 cum
2398 934 2629 992 Sabellio
2663 935 2917 1003 foventem
2948 934 3265 1005 Opinionem.

1911 1023 2041 1087 Jure
2072 1026 2278 1093 optimo
2321 1026 2589 1093 Ecclesia,
2618 1042 2737 1096 qua:
2785 1029 3065 1082 veritatem
3089 1031 3249 1085 istam
3285 1044 3409 1101 pro-

1839 1115 2048 1182 ﬁtetur,
2080 1115 2371 1172 Sabellium
2398 1133 2428 1172 a
2460 1133 2518 1173 se
2548 1117 2806 1186 reiectum
2840 1118 3134 1190 ablegavit,
3166 1120 3257 1188 qui
3290 1130 3411 1175 tan-

1836 1221 2000 1278 quam
2041 1208 2403 1263 adulterinum
2458 1209 2726 1278 quoddam
2774 1211 3081 1276 numisma,
3137 1210 3258 1266 Filii
3316 1212 3409 1268 Dei

1836 1300 2615 1372 consignavitabnegationem
2648 1320 2663 1356 :
2716 1311 2995 1373 utcunque
3026 1318 3193 1359 unum
3240 1304 3408 1360 Deum

1836 1393 1926 1448 ille
1974 1394 2322 1449 conﬁteretur
2348 1434 2363 1458 ,
2399 1404 2489 1459 et,
2526 1395 2975 1463 quemadmodum
3010 1412 3155 1453 nunc
3176 1396 3407 1453 Marcel-

1836 1484 1941 1550 lus,
2006 1485 2185 1553 palam
2217 1485 2656 1555 proloqueretur,
2694 1501 2753 1541 se
2786 1486 3001 1541 nonnisi
3044 1502 3207 1541 unum
3237 1488 3408 1543 Deum

1834 1575 2167 1642 agniturum.
2205 1574 2314 1631 Sed
2344 1585 2400 1630 et
2433 1575 2739 1639 Servatorls
2774 1579 2942 1633 nostri
2974 1580 3133 1649 primi
3165 1579 3239 1635 illi
3267 1595 3409 1651 prte-

1832 1682 1998 1723 cones
2027 1665 2335 1735 Ebionasos,
2364 1668 2470 1723 hoc
2502 1677 2588 1723 est
2610 1671 2907 1736 mendicos,
2945 1670 3210 1729 Hebraice
3230 1673 3408 1729 nomi~

1834 1769 2036 1813 narunt
2061 1758 2201 1824 illos,
2232 1770 2456 1828 propter
2486 1760 2790 1816 intellectus
2836 1763 3113 1833 animique
3140 1763 3405 1819 mendici-

1833 1860 2019 1915 tatem,
2053 1850 2148 1921 qui
2182 1866 2243 1907 se
2275 1851 2442 1907 Deum
2476 1868 2642 1906 unum
2685 1862 2895 1907 tantum
2948 1855 3231 1923 agnituros
3255 1852 3406 1909 dice-

1831 1941 1981 2005 bant,
2005 1949 2060 1996 et
2090 1942 2217 1996 licet
2244 1957 2465 1997 carnem
2490 1941 2689 1999 Christi
2724 1957 2826 1998 non
2882 1944 3241 2013 abnegarent,
3276 1943 3400 2000 Filii

1833 2023 2009 2089 tamen
2034 2032 2128 2087 Dei
2168 2033 2509 2090 divinitatem
2548 2050 2654 2090 non
2691 2034 3016 2091 fatebantur.
3050 2035 3156 2092 Sed
3187 2046 3241 2092 et
3265 2035 3406 2092 Pauo

124 2117 404 2188 λογοῦντα
433 2117 734 2189 Μαρκέλλῳ
752 2158 767 2185 ,
798 2118 903 2189 τῆςι
937 2118 1261 2187 Ἑκκλησίας
1281 2116 1375 2171 τοῦ
1401 2116 1535 2171 Θεοῦ
1573 2117 1722 2171 ἀλλό-

1832 2122 1943 2176 lum
1980 2122 2045 2178 de
2071 2123 2378 2189 Samosata,
2411 2124 2646 2179 alienum
2704 2126 2773 2179 ab
2819 2125 3062 2182 Ecclesia
3088 2129 3404 2198 pronuntia-

123 2227 295 2283 τριον
322 2209 608 2280 ἀπέφηναν
667 2210 717 2262 οί
754 2210 1192 2280 ὲκκλησιαστικοὶ
1230 2207 1492 2280 Πατέρες,
1535 2208 1615 2262 ὅτι
1653 2210 1727 2282 μὴ

128 2302 239 2355 καὶ
265 2302 392 2355 Υίὸν
416 2300 574 2367 Θεοῦ,
605 2302 699 2355 καὶ
726 2301 879 2365 Θεὸν,
904 2302 1011 2373 πρὸ
1036 2302 1136 2372 τῆς
1167 2301 1435 2371 ὲνσάρκου
1461 2300 1729 2368 γενέσεως

126 2394 274 2447 δντα
302 2394 393 2447 τὸν
423 2393 657 2465 Χριστὸν
683 2392 968 2465 ὡμολόγει.
1010 2392 1149 2445 Ἀλλ’
1173 2385 1327 2456 οὗτος
1358 2393 1456 2461 μὲν
1476 2432 1491 2455 ,
1538 2392 1613 2455 ὡς
1645 2394 1729 2455 είς

125 2484 232 2537 τὸν
267 2485 501 2556 Χριστὸν
534 2484 775 2550 ἀσεϐῶν,
812 2486 911 2556 τῆς
944 2485 1267 2553 Ἐκκλησίας
1304 2484 1466 2538 αὑτοῦ
1510 2467 1727 2555 μακρὰν

125 2575 430 2643 ἠλαύνετο·
466 2574 751 2640 Σαὸέλλιος
776 2576 842 2644 δ’,
875 2576 949 2640 ὡς
980 2577 1060 2640 είς
1082 2576 1247 2630 αὐτὸν
1278 2574 1611 2646 πλημμελῶν
1634 2576 1728 2629 τὸν

130 2668 384 2739 ῌατέρα,
413 2667 473 2721 ὃν
495 2667 622 2722 Υίὸν
653 2667 832 2737 λέγειν
866 2667 1086 2738 ἐτόλμα,
1120 2668 1217 2737 τὴν
1257 2666 1377 2738 ίσην
1406 2670 1517 2731 τοῖς
1546 2666 1727 2731 ἀθέοις

130 2756 493 2829 αἰρεσιιίπαις
525 2758 715 2829 ὑπεῖχε
747 2759 1035 2830 τιμωρίαν.
1088 2758 1200 2830 (55)
1245 2759 1327 2813 Τά
1370 2758 1460 2813 ίσα
1505 2758 1549 2811 δ’
1575 2759 1726 2829 αὑτῷ

132 2848 496 2919 ὑπειδόμενος
520 2848 836 2920 Μάρκελλος
885 2848 1096 2915 παθεῖν,
1156 2851 1477 2921 καινοτέραν
1534 2849 1724 2917 ὲξεῦοε

133 2943 206 3011 τῇ
244 2941 425 3015 πλάνῃ
452 2943 720 3013 μηχανὴν,
745 2941 876 2995 Θεὸν
904 2942 1113 2995 καὶτὸν
1146 2944 1203 2995 ἐν
1241 2942 1390 3013 αὐτῷ
1422 2943 1593 3012 Λόγον
1626 2944 1724 2997 ἕνα

140 3034 247 3106 μιν
286 3029 428 3087 εἶναι
474 3033 805 3107 ὁριζόμενος,
842 3032 935 3087 δύο
972 3033 1015 3086 δ’
1051 3032 1199 3103 αὐτῷ
1231 3034 1444 3105 Πατρὸς
1472 3034 1568 3087 καὶ
1593 3032 1722 3087 Υίοῦ

134 3126 499 3198 χαριζόμενος
534 3127 853 3198 ἑπηγορίας.
901 3126 977 3179 Οὐ
1015 3125 1120 3197 μὴν
1150 3125 1336 3181 ἔλαθεν
1356 3166 1381 3197 ,η
1402 3125 1509 3178 οὐδ’
1534 3125 1725 3194 ἐξέφυ-

136 3232 260 3285 γεν,
292 3216 390 3285 ὀψέ
424 3233 553 3271 ποτε
583 3216 854 3287 φωραθεὶς
877 3219 992 3281 τοῖς
1016 3216 1129 3287 (56)
1155 3216 1317 3280 αὐτὸς
1347 3214 1511 3271 αὑτοῦ
1539 3216 1723 3272 δικτύ-

132 3326 245 3373 οις.
284 3308 452 3379 Πλὴν,
472 3309 567 3363 καὶ¹
593 3309 721 3381 πρὶν
748 3307 969 3373 ἁλῶναι,
1005 3306 1303 3377 συνειδήσει
1332 3306 1719 3378 πληττόμενος,

137 3403 224 3464 είς
246 3400 557 3471 ἀποσκευὴν
580 3400 679 3470 τῆς
708 3400 980 3464 ὑπονοίας,
1010 3399 1347 3471 βλασφημεῖν
1375 3398 1602 3471 ὥρμητο
1628 3400 1722 3453 τὸν

138 3491 450 3546 Σαόέλλιον.

1834 2222 1956 2265 runt
1978 2210 2170 2267 Patres
2191 2213 2576 2279 ecclesiastici,
2602 2216 2729 2271 licet
2753 2215 2935 2272 Jesum
2970 2217 3065 2273 Dei
3120 2217 3400 2274 Christum

1831 2304 2177 2373 proﬁteretur
2206 2321 2221 2359 :
2257 2305 2421 2360 Deum
2466 2322 2630 2363 unum
2658 2323 2819 2379 super
2842 2323 3050 2376 omnes,
3080 2310 3308 2380 perinde
3334 2324 3403 2365 se

1831 2390 2140 2459 Marcellus,
2186 2407 2535 2467 agnosceret,
2574 2409 2862 2469 propterea
2895 2401 3037 2471 quod
3068 2417 3175 2456 non
3235 2401 3399 2456 simul

1830 2487 2081 2541 crederet
2114 2486 2388 2543 Christum
2416 2488 2586 2546 fuisse
2635 2489 2829 2546 Filium
2866 2492 2959 2548 Dei
2987 2504 3043 2549 et
3078 2493 3245 2549 Deum
3272 2503 3401 2549 ante

1829 2590 1981 2633 suam
2034 2577 2484 2635 incarnationem.
2519 2581 2805 2650 Quocirca,
2840 2584 3003 2640 veluti
3045 2585 3097 2639 in
3121 2584 3398 2641 Christum

1830 2668 2048 2737 impius,
2085 2667 2241 2740 longe
2295 2672 2395 2725 fuit
2444 2673 2512 2728 ab
2563 2675 2803 2731 Ecclesia
2832 2676 3030 2731 Christi
3066 2676 3396 2731 eliminatus.

1830 2759 2097 2819 Sabellius
2128 2762 2346 2835 insuper
2378 2772 2435 2829 ᾖ(
2468 2767 2629 2822 veluti
2661 2769 2857 2839 impius
2880 2769 3121 2839 inipsum
3154 2768 3395 2832 Patrem,

1828 2870 1989 2923 quem
2024 2854 2217 2909 Filium
2256 2858 2528 2927 appellare
2554 2876 2717 2915 ausus
2752 2860 2949 2925 fuerat,
2976 2862 3222 2916 eamdem
3257 2876 3400 2928 quoe

1827 2960 1932 3013 que
1959 2958 2175 3014 pcenam
2221 2962 2343 3001 cum
2376 2949 2642 3004 haereticis
2665 2950 2944 3021 sacrilegis
2972 2950 3196 3005 subivit.
3254 2947 3398 3004 Mar-

1827 3035 1997 3090 cellus
2050 3038 2255 3093 veritus
2294 3053 2361 3093 ne
2391 3040 2507 3108 pari
2537 3054 2658 3094 cum
2682 3040 2771 3095 illo
2804 3055 2962 3109 pmna
3020 3028 3394 3107 mulctaretur.

1828 3126 2019 3180 haeresi
2056 3142 2167 3181 sua:
2214 3129 2520 3183 machinam
2562 3129 2985 3185 sulllaminandae
3019 3146 3212 3186 novam
3244 3131 3401 3186 adiu-

1825 3217 2008 3281 veuit;
2073 3217 2239 3271 Deum
2269 3229 2430 3288 atque
2454 3220 2691 3275 Verbum
2722 3222 2774 3275 in
2819 3221 2949 3288 Deo,
2984 3238 3147 3276 unum
3176 3224 3396 3293 quidem

1827 3308 2254 3373 determinando,
2280 3311 2374 3365 sed
2401 3311 2575 3366 eidem
2606 3313 2874 3383 geminam
2910 3313 3393 3381 uomenclaturam,

1827 3400 2003 3454 Patris
2068 3412 2229 3470 atque
2277 3400 2397 3455 Filii
2450 3402 2774 3471 adaptando.
2853 3402 2972 3458 Sed.
3000 3418 3174 3473 neque
3206 3404 3294 3459 ille
3319 3405 3393 3459 ita

1745 3487 1787 3544 C
1823 3492 1982 3546 latuit
2012 3510 2026 3546 :
2060 3506 2160 3547 nec
2192 3507 2315 3547 sero
2347 3494 2473 3548 licet
2506 3494 2777 3560 irretitus,
2820 3510 2917 3549 sua
2961 3496 3131 3565 ipsius
3159 3495 3292 3551 retia
3318 3494 3400 3551 ef-

142 3584 333 3657 fugere
357 3584 557 3655 potuit.
590 3585 658 3641 At
692 3585 967 3642 enimvero
991 3625 1006 3652 ,
1061 3586 1375 3654 priusquam
1442 3586 1960 3656 deprehenderetur,
2029 3588 2369 3644 conscientia
2436 3589 2751 3646 stimulante
2800 3592 3045 3662 propria,
3076 3598 3136 3646 ut
3176 3605 3394 3648 omnem

142 3698 175 3737 a
206 3698 267 3739 se
290 3682 655 3755 suspicionem
688 3683 1025 3745 amoliretur,
1046 3683 1114 3737 ad
1143 3680 1438 3738 Sabellium
1463 3684 1714 3754 prorupit
1753 3685 2193 3740 conViciandum.

770 3777 928 3832 ΚΕΦ.
980 3777 1082 3831 lE'.

150 3868 403 3935 Ὁκοίοις
417 3867 1002 3940 ρήμασιδιάρκελλος
1021 3869 1127 3923 τόν
1143 3870 1469 3925 Σαὸέλλιον
1480 3869 1713 3935 ἔκοπτε,

249 3939 762 4010 προσποιούμενος
792 3939 879 4009 μὴ
912 3941 985 3994 τὰ
1018 3940 1122 3993 ἴσα
1145 3940 1305 4006 αὺτῷ
1338 3940 1601 4010 φρονεῖν.

218 4027 404 4093 Ὅπως
430 4027 487 4081 δὲ
518 4028 609 4083 τὸν
641 4026 809 4099 ἄνδρα
840 4028 1084 4083 διέσαλεν
1124 4029 1381 4100 ὀνομαστὶ
1414 4030 1716 4101 μνημονεύ-

147 4136 244 4182 σας
278 4119 461 4183 αὑτοῦ,
496 4119 818 4183 ἐπάκουσον,
846 4120 1019 4174 ταῦτα
1044 4122 1172 4193 περὶ
1198 4119 1380 4193 αὐτοῦ
1416 4123 1715 4193 γράφοντος

145 4212 332 4275 αὐταῖς
354 4209 666 4275 συλλαϐαἰςο
705 4231 723 4264 ι
745 4211 1027 4275 sesamo;
1058 4212 1165 4283 γὰρ
1197 4214 1292 4265 καὶ
1324 4214 1484 4277 αὐτὸς
1509 4214 1607 4284 τῆς
1632 4214 1717 4284 ὀρ-

152 4322 170 4353 ι
206 4298 306 4370 θῆς
346 4300 632 4372 όλισθήσας
688 4301 940 4367 πίστεως,
995 4301 1117 4355 οὔτε
1168 4302 1260 4356 τὸν
1305 4302 1436 4357 Θεὸν
1473 4302 1715 4375 ἀκριόῶς

153 4414 171 4445 ι
206 4392 365 4463 ῑγνω,
394 4392 517 4446 οὔτε
545 4394 637 4447 τὸν
677 4394 831 4461 ἅγιον
862 4393 1028 4448 αὑτοῦ
1054 4394 1243 4463 Λόγον.
1286 4394 1345 4449 '0
1370 4393 1480 4465 γὰρ
1521 4394 1596 4465 μὴ
1624 4396 1714 4448 τὸν

153 4506 169 4536 ι
206 4484 375 4553 Λόγον
394 4484 553 4553 γνοὺς
575 4486 809 4556 ἠγνόησε
836 4487 930 4539 καὶ
955 4485 1047 4540 τὸν
1069 4486 1309 4557 Πατέρα.
1356 4486 1563 4553 Οὐδεὶς
1604 4488 1714 4558 γὰρ

2460 3780 2611 3837 CAP.
2644 3782 2761 3837 XV.

1826 3915 2030 3981 Quibus
2066 3917 2233 3971 verbis
2299 3915 2586 3970 Marcellus
2640 3916 2933 3973 Sabellium
2972 3914 3231 3984 concidit,
3266 3920 3398 3974 dum

2165 3988 2229 4039 ab
2258 4004 2318 4041 eo
2350 4004 2403 4041 se
2436 3988 2600 4043 uideri
2630 3989 2736 4042 uult
2762 3989 3059 4044 dissentire.

1893 4119 2031 4176 Audi
2074 4137 2204 4178 vero
2246 4123 2443 4193 quibus
2481 4124 2570 4179 ille
2610 4124 2788 4181 verbis
2819 4124 3115 4180 Sabellium
3147 4135 3393 4190 accusat,

1822 4212 1877 4266 in
1911 4213 2113 4282 quibus
2163 4214 2312 4269 illum
2360 4217 2649 4285 compellat
2676 4218 2742 4271 de
2765 4219 3002 4271 nomine.
3044 4216 3182 4271 Sunt
3213 4226 3395 4272 autem

1822 4320 1944 4375 quae
1968 4306 2160 4363 scribit
2196 4308 2312 4363 haec
2360 4310 2657 4379 ipsissima.
2689 4307 2776 4381 [R.
2824 4307 3117 4381 XXXVIII]
3150 4328 3170 4359 ι
3203 4310 3397 4365 Sabel-

1828 4415 1845 4446 σ
1877 4397 1978 4452 lius
2013 4407 2193 4452 autem
2222 4398 2313 4453 ille
2345 4413 2468 4453 cum
2494 4415 2522 4452 a
2550 4410 2697 4455 recta
2737 4398 2842 4454 lide
2894 4401 3184 4462 deviasset,
3219 4414 3397 4468 neque

1828 4506 1846 4539 ι
1886 4489 2049 4543 Deum
2090 4500 2281 4545 exacte
2340 4492 2705 4561 agnoscebat,
2761 4507 2934 4562 neque
2988 4492 3392 4547 sanctissimum

153 4599 168 4627 ι
205 4572 347 4638 οἵδε,
395 4578 549 4647 φησὶ,
594 4578 700 4630 τὸν
754 4576 985 4645 Πατέρα
1050 4580 1103 4630 εί
1142 4577 1227 4647 μὴ
1298 4582 1329 4632 ό
1392 4578 1545 4645 Υἱὸς,
1602 4578 1714 4651 (57)

1828 4599 1846 4632 ι
1885 4581 2003 4645 ejus
2048 4580 2301 4637 Verbum.
2343 4582 2475 4637 Nam
2507 4584 2599 4654 qui
2632 4584 2874 4639 Verbum
2906 4584 3202 4647 nesciebat,
3250 4586 3295 4640 is
3345 4596 3398 4640 et

153 4690 169 4719 ι
200 4668 491 4731 τουτέστιν,
530 4670 559 4722 ό
587 4668 756 4737 Λόγος
782 4669 848 4722 δι’
880 4669 1044 4722 αὑτοῦ
1077 4670 1175 4740 τὴν
1213 4669 1305 4722 τοῦ
1342 4671 1555 4742 Πατρὸς
1581 4689 1716 4743 παρ-

155 4778 173 4814 (
204 4758 316 4829 ἔχει
350 4758 569 4827 γνῶσιν.
612 4758 768 4814 Οὕτω
830 4760 937 4833 γὰρ
975 4761 1066 4814 καὶ
1098 4762 1234 4833 πρὸς
1276 4761 1401 4825 τοὺς
1435 4762 1712 4833 οἰομένους

154 4866 171 4898 ι
212 4848 504 4919 τηνικαῦτα
547 4848 653 4903 τῶν
695 4850 963 4905 Ἰουδαίων
1011 4849 1208 4905 εἰδέναι
1259 4852 1350 4906 τὸν
1381 4851 1533 4919 Θεὸν,
1584 4854 1711 4908 ἀθε-

219 4966 278 5026 tIt
314 4960 412 5019 Ed.
439 4962 637 5027 Paris.,
662 4980 783 5035 pag.
816 4965 905 5020 76.
965 4968 1009 4999 ⁷⁸
1043 4967 1230 5027 Matth.
1262 4986 1341 5035 ιι,
1369 4969 1462 5029 2'7.

217 5118 323 5261 $52)
353 5119 523 5190 Vulgo
548 5121 606 5175 δέ
626 5131 679 5175 ει
705 5122 861 5190 Θεοῦ,
892 5124 1198 5180 Σαδέλλιον.

242 5190 327 5261 55)
388 5191 497 5245 Kal
556 5190 741 5258 πλήν.
800 5196 1113 5250 Addendum
1167 5198 1198 5251 h

1829 4690 1847 4721 ι
1887 4672 2097 4727 Patrem
2136 4674 2320 4743 utique
2350 4675 2650 4743 ignorabat.
2685 4672 2855 4728 Nemo
2876 4676 3259 4745 enim,jnquit.
3284 4673 3391 4729 ι’σ-

1826 4783 1842 4816 ι
1887 4776 2013 4819 trem
2043 4767 2177 4820 novit
2210 4768 2307 4819 nisi
2333 4765 2505 4820 Filius
2533 4768 2603 4833 ",
2627 4767 2731 4823 hoc
2785 4780 2869 4822 est
2924 4767 3157 4828 Verbum
3185 4784 3283 4838 per
3314 4785 3374 4822 se

1830 4876 1847 4907 ι
1891 4856 2068 4912 Patris
2097 4860 2458 4928 cognitionem
2482 4859 2718 4925 exhibet.
2770 4858 2882 4915 Hoc
2932 4860 3077 4915 enim
3107 4861 3271 4916 modo
3299 4860 3382 4915 lu.

1820 5133 1979 5206 ναῖοι-
2012 5132 2457 5206 χρηματίζουσιν,
2486 5136 2535 5186 οί
2575 5135 2716 5206 ἀπὸ*
2740 5134 3014 5190 Ἰουδαίων
3054 5135 3147 5188 τὸν
3186 5136 3359 5206 Ἰησοῦ

242 5190 508 5278 ὅθηιίαί
554 5190 773 5278 θηλήν..
798 5196 1275 5278 addendummhic,
1320 5197 1404 5252 vel
1449 5198 1588 5278 ἑνός,
1630 5198 1713 5278 vel

1826 5200 1893 5265 ὡς
1936 5190 2168 5278 Χρῖἀτὸν
2191 5190 2641 5276 παραδεξάμενοι.
2670 5203 2825 5261 M.—
2855 5206 2978 5262 Mox
3009 5207 3166 5277 vulgo
3198 5190 3365 5278 ὲνσάρ

153 5260 317 5338 αὐτοῦ.
335 5261 460 5338 [l_i_oc
488 5273 581 5338 est
599 5264 651 5316 in
676 5263 1061 5338 codd:],_etiam
1091 5267 1307 5338 st_6évai,
1329 5285 1424 5338 pro
1455 5260 1615 5322 εἶναι.
1639 5269 1709 5327 Μ.

221 5330 634 5406 (infami);on
671 5331 785 5406 τὴν
805 5330 1092 5406 διάνοιαν.
1116 5330 1409 5393 Transtulit
1445 5341 1515 5393 ab
1563 5341 1711 5406 Igna-

159 5402 246 5482 εἰη,
283 5402 347 5455 ad
387 5402 719 5482 Philadelph.
757 5406 871 5482 καὶΔ
896 5405 1039 5482 {cr-rw
1057 5409 1085 5459 ό
1115 5408 1372 5482 τοιοῦτος,
1398 5410 1566 5481 πένης
1588 5402 1708 5482 ⁷τὴν

1818 5274 2275 5345 κουμγεννήσεως.

1887 5342 2002 5484 (55;
2029 5340 2207 5412 Vulgo
2229 5344 2296 5412 τᾲ
2333 5345 2376 5399 δ’
2406 5340 2496 5399 ἴσα
2522 5346 2669 5418 αὐτῷ
2693 5356 2747 5400 et
2779 5345 3089 5415 ὲξέφευγεν.

1889 5413 1980 5482 (56
2032 5414 2159 5480 Τοῖς
2192 5415 2395 5483 αὐτοῖς
2418 5419 2603 5473 αὐτοῦ
2640 5417 2923 5484 δικτύοις.
2985 5420 3143 5472 Deest
3187 5417 3349 5484 aliqui

1889 5413 2002 5484 (56)
2032 5414 2395 5489 Τοῖς-αὺτοῖς
2418 5419 2603 5473 αὐτοῦ
2640 5413 2923 5484 δικτύοις.
2960 5413 3143 5489 Deest
3187 5417 3389 5489 aliquid

156 5472 379 5551 δῄνοιαν
513 5474 1091 5551 ἐπίκλην-Ἑϐιῴνηιίες
1134 5479 1217 5533 his
1249 5471 1467 5551 Origen.
1522 5471 1708 5534 contra

1826 5471 2091 5540 sententiae
2117 5471 2421 5551 fulcienda},
2450 5471 2718 5543 irretitum
2749 5489 2859 5541 vult
2879 5471 3003 5542 suis
3054 5471 3384 5545 retibusrbl.

158 5543 373 5621 Celsum,
406 5543 495 5597 lib.
528 5558 586 5621 tt,
636 5548 697 5598 Ol.
896 5547 1164 5621 Ἰουδαίων
1204 5551 1283 5613 είς
1312 5543 1572 5621 ,Χριστὸν
1623 5570 1710 5605 πι-

160 5612 455 5702 εςὶεςειῖοντεςζ
507 5614 567 5666 οὐ
628 5616 1059 5702 κατανλελοίπασιι
1100 5618 1191 5671 τὸν
1251 5612 1477 5702 harp-nov
1523 5622 1705 5702 νόμον.

1810 5586 1880 5594 -
1896 5555 2062 5609 Codd.
2085 5560 2199 5621 τοῖς
2218 5556 2378 5621 αὐτὸς

2404 5558 2605 5625 αὑτοῦ;
2637 5558 2760 5613 dein
2791 5557 2950 5627 vulgo
2976 5559 3275 5613 διέόαλλεν.

1884 5623 1992 5695 (57)
2006 5626 2328 5680 Τουτέστινὸ
2348 5628 2503 5697 λόγος
2525 5647 2537 5659 ·
2568 5623 2719 5699 όγὰρ
2736 5623 3153 5697 λόγος’διάὺτοῦ
3182 5631 3294 5684 Ret

1910 5697 1973 5749 A.
2009 5697 2141 5752 Dein
2174 5711 2332 5753 vultto
2363 5699 2615 5753 παρέγοι.
2658 5716 2781 5753 mox
2810 5700 2987 5753 οὐδεὶς
3019 5700 3277 5753 γινώσκει
3364 5720 3382 5753 ;

159 5682 325 5771 βιοῦσι
360 5682 491 5771 ,γὰρ
543 5686 661 5771 κατ’
712 5687 907 5771 αὑτὸν,
958 5686 1231 5759 ἐπώνυμοι
1277 5682 1378 5771 τῆς
1425 5682 1709 5771 κ-αεεὰ,’τὴν
1812 5682 1987 5749 ’18Ἀί
2009 5697 2141 5771 Dein
2174 5711 2333 5771 vulgo
2363 5682 2781 5771 παρέχοι,ὐίοκ
2808 5682 3277 5771 οὐδείςνγινῶσκεϋι

160 5752 365 5830 ἐκδοχὴν
399 5752 695 5830 πτωχείας,
712 5756 804 5830 τοῦ
832 5758 995 5830 νόμου
1024 5752 1396 5830 γεγενημένοι.
1431 5762 1619 5816 Ἑσιών
1649 5752 1708 5815 τε

161 5823 297 5896 γάρὸ
318 5823 529 5895 πτωχὸς
564 5825 711 5897 παρὰ
751 5823 1020 5894 Ἰουδαίοις
1036 5823 1317 5885 καλεῖται·
1382 5832 1474 5886 καὶ
1521 5833 1708 5887 Ἐὅιω-

1811 5781 1988 5908 ροττῖ
1995 5766 2151 5841 vulgo
2172 5766 2425 5840 ὴσφάλει.
2446 5766 2490 5827 Β
2511 5766 2720 5827 induxit
2752 5770 3015 5842 ἀκριϐῶς,
3033 5766 3169 5827 mox
3226 5772 3386 5843 vulgo

1841 5852 1945 5907 γρα
1992 5853 2037 5893 ε·

1841 5852 2037 5907 γραψιο
