4068 6316
210 386 324 443 857

1192 382 1285 439 DE
1320 381 1863 439 ECCLESIASTICA
1904 380 1996 438 ΤΗ
2009 378 2315 439 EOLOGIA
2350 376 2483 435 LIB.
2522 376 2565 435 ι.

3371 365 3481 433 θῦδ

210 501 311 566 τάς
353 498 450 555 τοῦ
480 499 732 572 Σωτῆρος
758 496 964 569 φωνὰς,
1003 498 1070 553 δι’
1111 489 1188 552 ὧν
1218 497 1322 569 ἔφη
1349 514 1363 529 ο
1401 498 1615 563 Οὐδεὶς
1642 496 1784 568 Ern.

1903 496 1959 549 ln
1995 494 2089 550 illo
2114 501 2295 548 autem
2320 506 2482 563 passu
2512 504 2620 560 quo
2654 487 2953 546 Sabellium
3008 493 3255 554 accusat,
3310 483 3479 542 verba

209 592 323 645 τὸν
343 591 574 660 Πατέρα
595 594 649 645 et
674 590 761 661 μὴ
792 594 825 644 ὁ
864 590 1017 658 Υἱὸς,
1047 590 1146 644 καί
1173 582 1220 656 ᾧ
1244 590 1321 644 ἂν
1353 594 1387 644 ὁ
1413 590 1545 657 Υἱὸς
1565 590 1792 644 ἀποκα-

207 686 419 753 λύψει.
454 684 663 759 Ὠσπερ
705 681 763 735 δέ
812 680 1283 752 ἐπανορθούμενος
1312 681 1502 747 αὐτάς,
1544 682 1667 736 ἀντὶ
1698 679 1793 735 τοῦ

217 775 362 829 Υίοῦ
401 776 597 844 Λόγον
635 768 791 834 αὖθις
834 773 1117 844 ὀνομάζει,
1153 767 1255 826 ὦδε
1290 774 1481 843 λέγων·
1522 791 1541 822 σ
1583 771 1796 837 Οὐδεὶς

211 886 234 920 s
277 867 384 937 γὰρ
404 862 550 930 οἶδε,
578 867 731 936 φησὶ,
762 865 867 921 τὸν
894 868 1123 936 Πατέρα
1146 870 1196 920 εὶ
1231 863 1316 935 μὴ
1356 870 1388 919 ό
1426 866 1577 930 Υἱὸς,
1611 863 1796 917 τουτέ-

211 977 233 1011 e
278 977 389 1012 στιν
432 961 460 1012 ὁ
508 960 718 1029 Λόγος,
759 980 775 1009 ι
806 962 901 1013 καὶ
934 960 1183 1031 ἐπιφέρει
1206 977 1218 989 ο
1254 978 1273 1009 ι
1308 959 1365 1012 '0
1391 958 1498 1028 γὰρ
1527 958 1699 1025 Λόγος
1726 956 1793 1009 δι’

214 1070 234 1101 ι
287 1049 476 1103 ἐαυτοῦ
504 1048 600 1121 τὴν
613 1050 825 1122 Πατρὸς
844 1050 1069 1121 παρέχει
1101 1048 1323 1118 γνῶσιν,
1352 1068 1368 1097 ι
1394 1048 1488 1101 καὶ
1508 1045 1794 1117 προστίθη-

207 1159 319 1195 σινσ
349 1160 368 1193 ι
408 1140 689 1196 Ἀδύνατον
719 1138 787 1213 ἦν
819 1142 1017 1212 ἑτέρως
1042 1140 1245 1208 γνῶναι
1262 1140 1351 1193 τὸν
1367 1138 1568 1210 Θεὸν,ῆ
1592 1136 1679 1193 διὰ
1698 1136 1792 1191 τοῦ

213 1252 234 1285 ι
250 1232 379 1285 ἰδίου
392 1234 589 1300 Λόγου.
606 1236 741 1288 »Καὶ
758 1230 910 1295 αὖθις
927 1234 1139 1301 Λόγον,
1161 1232 1281 1285 ἀντὶ
1296 1230 1389 1285 τοῦ
1415 1230 1571 1294 Υίοῦ,
1588 1229 1787 1299 τίθησιο

206 1326 311 1379 καὶ
345 1325 435 1377 τὸν
462 1324 614 1393 ἆγιον
652 1324 815 1379 αὑτοῦ
852 1325 1023 1393 Λόγον
1057 1321 1341 1377 ἀποκαλεῖ.
1398 1323 1507 1374 Καὶ
1547 1324 1605 1374 ἐν
1649 1320 1791 1375 οὕτω

206 1418 570 1489 βραχυτάτοις
603 1418 809 1488 ῥήμασι
842 1414 1101 1478 πολλάκις
1154 1416 1250 1485 μὲν
1282 1414 1654 1485 ἐμνημόνευσε
1690 1413 1791 1467 Λό-

202 1528 332 1578 γου,
370 1510 498 1563 Υίοῦ
517 1511 571 1563 δὲ
597 1510 703 1562 οὐδ’
722 1509 887 1574 ἅπαξ.
918 1508 1073 1561 ’Λλλὰ
1092 1510 1185 1561 καὶ
1214 1509 1383 1577 αὐτὴν
1406 1507 1499 1561 τοῦ
1538 1508 1789 1578 Σωτῆρος

208 1603 500 1670 μεταποιεῖ
528 1600 627 1671 τὴν
650 1600 827 1670 ῥῆσιν,
853 1600 973 1653 ἀντὶ
1005 1599 1121 1663 τοῦ,
1140 1600 1168 1651 ό
1189 1599 1314 1662 Υἱὸς
1335 1597 1576 1665 ἐπάγων,
1604 1596 1790 1650 τουτέ-

207 1707 332 1742 στιν
371 1694 404 1744 ό
434 1692 624 1759 Λόγος
646 1732 660 1755 ,
706 1689 826 1760 οὐχὶ
862 1689 1061 1760 μᾶλλον
1092 1689 1191 1759 τῆς
1223 1687 1318 1741 τοῦ
1355 1687 1483 1739 Υἱοῦ
1514 1687 1788 1756 σημασίας

206 1782 556 1856 ἁρμοζούσης
588 1785 651 1853 τῇ
675 1783 766 1836 τοῦ
798 1783 1011 1854 Πατρὸς
1046 1781 1335 1853 ἐπηγορίᾳ..
1368 1779 1530 1832 Ὅθεν
1561 1779 1785 1841 εἰκότως

200 1880 235 1929 ὁ
256 1853 361 1947 *μὲν
382 1853 567 1948 Σωτὴρ
598 1874 888 1946 προσφυῶς
919 1853 1196 1944 ἐφήρμοσε
1224 1875 1289 1943 τῇ
1316 1870 1408 1925 τοῦ
1441 1870 1650 1941 Πατρὸς
1686 1869 1785 1941 τὴν
1820 1853 1858 1908 Β

199 1968 303 2021 τοῦ
336 1966 463 2020 Υίοῦ
499 1966 757 2035 συζυγίαν
776 1984 789 1997 ο
808 1968 836 2018 ὁ
877 1965 933 2017 δὲ
964 1964 1055 2017 τὸν
1087 1964 1212 2015 Υἰὸν
1240 1965 1411 2015 εἰπεῖν
1440 1960 1785 2031 παραιτησά-

207 2077 372 2130 μενος
396 2060 506 2113 ἄνω
528 2058 677 2111 κάτω
704 2059 793 2111 τὸν
824 2058 993 2123 Λόγον
1022 2055 1133 2124 (62)
1165 2054 1349 2125 θρυλεί
1382 2055 1474 2107 καὶ
1496 2044 1785 2107 Σαϐελλίου

206 2153 313 2223 μὲν
360 2152 674 2221 κατηγορεῖ,
726 2149 818 2201 τὸν
866 2149 993 2201 Υἱὸν
1050 2145 1417 2217 ἀρνουμένουο
1477 2146 1669 2198 ταύτὸν
1729 2144 1784 2198 δὲ

201 2245 462 2315 πράττων
508 2244 721 2313 ἐκείνῳ,
757 2240 1170 2313 σχηματίζεται,
1213 2242 1281 2311 τῇ
1312 2240 1431 2294 κατ’
1462 2238 1625 2292 αὑτοῦ
1668 2237 1784 2290 δια-

200 2336 335 2408 ϐολῇ
354 2338 455 2408 τὴν
473 2340 573 2407 τῆς
600 2335 917 2401 κακοδοξίας
942 2335 1198 2388 ὑπόνοιαν
1224 2333 1491 2387 ἐκκλίνειν
1517 2333 1780 2403 οἰόμενος.

200 2430 270 2482 Et
300 2429 399 2499 μὲν
426 2424 518 2481 οῦν
544 2427 621 2497 τῷ
644 2428 912 2499 Σαῦελλίῳ
944 2426 1219 2498 μέμφεται
1248 2426 1338 2479 τὸν
1368 2426 1497 2478 Υἱὸν
1526 2424 1619 2479 τοῦ
1648 2424 1783 2478 Θεοῦ

199 2519 545 2591 ἀρνουμένῳ,
597 2521 769 2591 ἐαυτῷ
794 2522 1055 2591 πρότερον
1077 2520 1215 2591 χρῆν
1238 2516 1565 2590 ’μέμψασθαι
1590 2536 1601 2548 ·
1646 2519 1694 2571 εί
1726 2518 1783 2571 δὲ

199 2614 289 2666 ὅτι
325 2613 386 2667 ὃν
418 2614 578 2678 αὐτὸς
619 2614 845 2685 ὡρίζετο
879 2614 1071 2682 Λόγον,
1108 2612 1392 2675 Σαϐἑλλιος
1434 2612 1651 2680 ἠγνόειο
1683 2613 1783 2666 οὐκ

196 2705 379 2775 ὀρθῶς
401 2704 559 2758 τοῦτό
583 2722 645 2774 γε
672 2707 879 2779 ᾐτιᾶτο.
915 2705 1053 2759 Οῦτε
1080 2705 1188 2775 γὰρ
1211 2703 1519 2769 Σαϐέλλιον,
1542 2702 1654 2757 οὒτ’
1683 2704 1783 2757 αὐ-

195 2798 329 2862 τοὺς
370 2797 676 2863 Ἰουδαίους,
709 2800 835 2861 τοὺς
862 2798 951 2851 τὸν
977 2798 1211 2868 Χριστὸν
1238 2796 1331 2849 τοῦ
1350 2795 1485 2849 Θεοῦ
1517 2794 1783 2866 ἀρνουμέ-

196 2907 346 2953 νους,
380 2890 439 2947 ὃν
463 2907 596 2959 φησι
624 2889 943 2961 Μάρκελλος
965 2892 1021 2943 ἐν
1051 2890 1127 2960 τῷ
1155 2888 1273 2959 Θεῷ
1306 2884 1443 2942 εἶναι
1472 2888 1644 2956 Λόγον
1662 2928 1676 2951 ,
1712 2884 1779 2938 δι’

196 2976 266 3035 οῦ
288 2983 476 3035 Μωσεῖ
503 2982 597 3034 καὶ
630 2984 743 3046 τοῖς
778 2982 1081 3053 προφήταις
1106 2980 1533 3051 κεχρημάτικεν,
1582 2977 1780 3047 ἀγνοῆ-

200 3090 315 3136 σαι,
350 3072 539 3126 τοῦτον
581 3073 637 3125 δὲ
667 3072 910 3145 ἀκριϐῶς
942 3072 1162 3137 εἰδέναι,
1194 3071 1289 3125 καὶ
1322 3074 1352 3125 ὁ
1377 3072 1484 3134 πᾶς
1512 3069 1654 3123 είποι
1689 3068 1776 3134 ἂν,

1899 584 2208 642 Servatoris
2261 581 2753 647 commemoravit,
2796 581 2995 650 quibus
3028 579 3144 634 ait:
3182 576 3353 633 Nemo
3383 592 3480 631 tto-

1894 677 1967 732 vit
1994 673 2211 730 Patrem
2236 675 2337 728 nisi
2370 670 2569 737 Filius,
2593 684 2640 726 et
2658 673 2745 726 cui
2772 670 2950 727 Filius
2972 671 3131 726 uoluit
3156 670 3387 724 revelare
3406 668 3476 724 ".

1896 768 2028 835 Quae
2074 768 2202 823 dum
2254 766 2469 830 recitat,
2514 774 2769 833 tanquam
2839 772 3215 827 correcturus,
3261 767 3321 826 ἧς
3378 776 3479 833 pro

1900 859 2045 915 Filio
2098 857 2329 915 Verbum
2375 871 2501 913 eum
2562 856 2881 911 nominavit.
2938 856 3029 910 Sic
3080 855 3222 910 enim
3279 853 3473 907 fatur:

1902 970 1923 1003 ι
1969 950 2139 1005 Nemo
2164 952 2301 1004 nouit
2354 948 2572 1002 Patrem
2599 947 2700 1001 nisi
2731 945 2930 1013 Filius,
2963 947 3068 1002 hoc
3095 955 3181 1002 est
3222 943 3475 1011 Verbum,

1900 1062 1919 1094 ι
1953 1043 2156 1113 quibus
2192 1041 2342 1101 addit
2379 1061 2391 1095 :
2434 1038 2673 1095 Verbum
2708 1038 2908 1093 etenim
2936 1052 3032 1107 per
3066 1052 3129 1093 se
3167 1034 3347 1091 Patris
3377 1050 3477 1092 ex-

1902 1156 1921 1188 (
1952 1134 2103 1191 hibet
2131 1133 2495 1205 cognitionem
2525 1149 2541 1186 :
2569 1130 2767 1201 quibus
2800 1128 3047 1199 adiungit
3074 1146 3089 1185 :
3135 1126 3476 1198 lmpossihile

1902 1250 1918 1283 t
1951 1226 2217 1298 siquidem
2246 1234 2368 1281 erat
2391 1223 2639 1291 alioquin
2662 1222 2830 1277 Deum
2856 1234 3207 1293 cognoscere,
3247 1218 3352 1275 nisi
3376 1232 3476 1288 per

1898 1342 1915 1374 ι
1952 1321 2226 1391 proprium
2256 1318 2425 1391 ipsius
2464 1315 2723 1373 Verbum.
2762 1334 2782 1371 ι
2820 1316 3017 1372 lterum
3042 1324 3223 1371 autem
3254 1330 3353 1384 pro
3385 1313 3477 1368 Fi-

1892 1414 1964 1468 lio
2026 1413 2308 1468 substituit
2376 1410 2641 1465 Verbum:
2675 1417 2731 1465 et
2769 1419 3017 1464 sanctum
3074 1407 3192 1478 ejus
3240 1406 3475 1463 Verbum

1891 1507 2154 1560 nominat.
2194 1503 2349 1571 Sa'pe
2380 1517 2606 1558 numero
2642 1511 2823 1557 autem
2860 1517 2959 1571 per
3001 1514 3164 1556 voces
3190 1511 3300 1554 tam
3334 1514 3473 1570 pau—

1890 1600 2141 1654 cissimas
2175 1597 2362 1664 Verbi,
2396 1596 2584 1650 nullibi
2620 1603 2803 1651 autem
2850 1593 2998 1657 Filii,
3038 1593 3369 1649 mentionem
3400 1591 3473 1647 fa-

1888 1692 1985 1745 cit.
2016 1689 2155 1756 Quin
2183 1699 2237 1746 et
2267 1689 2443 1761 ipsam
2497 1685 2807 1743 Servatoris
2858 1687 3153 1742 dictionem
3204 1684 3475 1741 transfor-

1896 1792 2007 1836 mat
2043 1798 2057 1833 :
2093 1781 2181 1835 ubi
2220 1795 2320 1850 pro
2354 1780 2516 1846 Filio,
2550 1779 2840 1844 subinfert,
2902 1780 3007 1835 boc
3055 1788 3140 1835 est
3190 1778 3469 1836 Verbum:

1890 1874 2053 1943 idque
2077 1888 2201 1927 cum
2233 1870 2358 1928 Filii
2394 1874 2710 1946 appellatio,
2751 1874 2921 1928 multo
2974 1871 3145 1942 magis
3168 1869 3472 1941 paternita-

1890 1966 1959 2020 tis
1980 1965 2245 2022 vocabulo
2271 1966 2598 2023 conveniret
2637 1983 2798 2037 quam
2830 1964 2993 2021 Verbi
3026 1982 3039 2019 :
3083 1980 3205 2018 cum
3248 1974 3304 2019 et
3357 1964 3473 2031 ipse

1889 2056 2149 2112 Servator
2174 2058 2330 2128 juxta
2381 2059 2816 2129 congruentiam,
2874 2057 3067 2112 Filium
3122 2070 3246 2112 cum
3310 2053 3475 2109 Patre

1888 2149 2257 2219 copulaverat.
2322 2150 2401 2206 lta
2446 2164 2663 2221 semper
2721 2150 2994 2221 refugiens
3048 2148 3472 2219 appellationem

1886 2242 2030 2305 Filii,
2060 2242 2319 2311 Verbum,
2349 2256 2544 2299 vocem
2578 2258 2781 2314 susque
2807 2242 2982 2312 deque
3017 2249 3217 2296 versat.
3279 2239 3476 2295 Sabel-

1887 2334 2017 2389 lium
2046 2343 2195 2390 certe
2234 2334 2457 2388 damnat
2496 2332 2858 2405 abnegantem
2904 2333 3125 2398 Filium,
3175 2340 3231 2387 et
3291 2340 3469 2385 tamen

1886 2441 1945 2481 se
1971 2423 2306 2481 coul‘ormem
2332 2424 2506 2480 eidem
2532 2434 2751 2494 praestat
2777 2441 2791 2478 :
2823 2423 2977 2492 quasi
3014 2431 3198 2493 posset
3245 2431 3301 2477 et
3358 2420 3471 2476 vel-

1886 2521 1982 2588 let,
2032 2520 2103 2574 ab
2150 2519 2294 2575 illius
2328 2517 2712 2583 accusatione,
2770 2518 3139 2586 suspicionem
3196 2516 3472 2571 haereseos

1883 2613 2122 2668 amoliri.
2152 2612 2285 2669 Cum
2313 2612 2357 2668 si
2384 2612 2546 2666 vellet
2571 2611 2864 2668 Sabellium
2896 2612 2966 2666 ob
3001 2610 3052 2665 id
3084 2610 3259 2678 ipsum
3286 2609 3471 2663 redar-

1883 2722 2068 2777 guere,
2098 2708 2244 2776 quod
2270 2704 2469 2759 Filium
2497 2704 2587 2758 ille
2626 2704 2721 2760 Dei
2753 2704 3075 2773 ahnegarct,
3111 2702 3469 2773 semetipsum

1883 2807 2009 2853 ante
2029 2812 2152 2851 eum
2184 2797 2421 2853 debebat
2451 2811 2733 2852 accusare.
2763 2797 2917 2864 Quod
2945 2796 2991 2850 si
3019 2794 3292 2851 Sabellius
3317 2795 3471 2864 igno-

1882 2890 2061 2954 rabat,
2084 2903 2244 2957 quem
2277 2900 2437 2945 vocat
2479 2890 2594 2960 ipse
2632 2890 2897 2956 Verbum,
2942 2906 3049 2945 non
3085 2898 3206 2943 erat
3230 2889 3334 2944 hoc
3368 2903 3467 2941 no-

1880 2984 2025 3039 mine
2051 2984 2402 3039 incusandus.
2431 2984 2569 3039 Nam
2613 2998 2713 3039 nec
2734 2992 2886 3039 certe
2907 2982 3205 3048 Sabellius,
3252 2997 3320 3037 ne
3347 2980 3472 3051 qui-

1882 3073 2003 3127 dent
2053 3072 2225 3129 Judaei
2278 3075 2371 3143 qui
2430 3074 2707 3132 Christum
2746 3075 2894 3129 illum
2941 3075 3037 3131 Dei
3100 3075 3468 3140 abnuebant,

195 3167 264 3219 οὐ
292 3166 450 3236 μόνον
484 3166 751 3221 Ἰουδαίων
779 3165 915 3219 ἀλλὰ
943 3166 1036 3219 καὶ
1076 3166 1361 3236 Ἑλλήνων.
1418 3163 1647 3233 Λογικὸν
1672 3161 1780 3233 γὰρ

1887 3180 2043 3234 quem
2072 3164 2361 3255 βίοι-τουπ
2391 3166 2647 3233 aﬂirmat,
2687 3168 2739 3222 in
2774 3168 2887 3222 Deo
2923 3165 3163 3221 Verbum
3187 3180 3329 3230 esse,
3373 3180 3470 3235 per

193 3258 284 3321 τίς
310 3259 409 3311 οὐκ
430 3257 494 3309 ἂν
513 3257 896 3329 ὁμολογήσειεν
922 3253 1061 3310 εἶναι
1088 3256 1180 3309 τὸν
1204 3255 1357 3319 Θεὸν,
1376 3254 1451 3318 ὼς
1478 3255 1571 3307 καὶ
1595 3253 1778 3323 σοφὸν,

196 3351 297 3403 καὶ
322 3351 523 3419 ἀγαθὸν
554 3351 647 3404 καὶ
678 3351 902 3404 δυνατόν
926 3368 941 3413 ;
976 3349 1265 3413 Σαϐἐλλιος
1290 3349 1346 3401 δὲ
1369 3348 1528 3401 τοῦτο
1561 3348 1658 3418 μὲν
1682 3347 1784 3400 οὐκ

195 3441 268 3495 ἂν
316 3442 576 3513 άρνηθείη
616 3443 850 3508 εἰδέναι;
894 3443 975 3495 ὅτι
1007 3442 1064 3495 δὲ
1096 3443 1169 3513 μὴ
1217 3442 1311 3493 καὶ
1343 3440 1471 3493 Υίὸν
1512 3438 1606 3492 τοῦ
1644 3437 1781 3492 Θεοῦ

195 3534 378 3597 ζῶντα
416 3534 507 3587 καὶ
537 3533 844 3603 ὑφεστῶτα,
870 3534 1003 3587 ὄντα
1026 3550 1083 3587 τε
1107 3534 1199 3585 καὶ
1228 3532 1462 3603 προόντα
1494 3530 1592 3600 τῆς
1648 3548 1782 3602 σαρ-

194 3628 295 3690 κὸς
350 3628 621 3698 ὁμολογεῖ.
660 3627 879 3697 Ταύτης
916 3628 1077 3679 ἕνεκα
1125 3626 1223 3695 τῆς
1260 3625 1398 3695 πρὸς
1462 3623 1782 3694 Μάρκελλον

197 3716 540 3787 συμφωνίας,
578 3717 777 3786 ὁμοίως
818 3715 969 3786 αὐτῷ
1005 3716 1104 3786 τῆς
1137 3715 1230 3769 τοῦ
1269 3716 1405 3769 Θεοῦ
1460 3715 1785 3785 Ἐκκλησίας

191 3810 393 3879 ἠλάθη.
429 3810 550 3872 Πῶς
573 3810 629 3862 δὲ
653 3809 723 3862 τὰ
757 3810 847 3864 ἴσα
876 3810 1195 3881 Μάρκελλος
1218 3809 1294 3879 τῷ
1318 3809 1591 3881 Σαϐελλίῳ
1623 3809 1785 3880 ἐφρό-

189 3920 297 3965 νει,
332 3902 489 3973 δῆλος
541 3901 605 3955 ἂν
656 3902 742 3972 εἴη
792 3902 852 3967 ἐξ
886 3895 961 3955 ὧν
1008 3901 1065 3956 ἓν
1103 3902 1197 3955 καὶ
1252 3902 1447 3955 ταύτὸν
1505 3898 1646 3956 εἶναι
1694 3902 1785 3955 τὸν

188 3995 328 4045 Θεὸν
382 3996 475 4048 καὶ
534 3996 624 4048 τὸν
679 3996 843 4048 αὑτοῦ
876 3995 1045 4064 Λόγον
1095 3995 1446 4061 διεστείλατο,
1514 3996 1643 4049 ποτέ
1686 3995 1785 4066 μὲν

189 4088 378 4149 αὐτοῖς
411 4089 649 4158 ῥήμασιν
677 4086 866 4141 εἰπών.

1885 3269 2046 3325 quem
2070 3254 2273 3310 Mosem
2331 3265 2386 3313 et
2426 3257 2721 3327 prophetas
2772 3258 3171 3329 alloquebatur,
3212 3254 3325 3312 lmo
3363 3270 3469 3311 non

1884 3344 2255 3401 soliseJudaei
2287 3348 2391 3404 hoc
2442 3348 2625 3403 dicent
2685 3350 2930 3419 apprime
2984 3348 3326 3418 intelligere,
3374 3345 3473 3403 sed

1886 3438 1986 3505 ipsi
2021 3437 2188 3493 etiam
2222 3440 2445 3509 pagani.
2475 3439 2611 3494 Nam
2636 3440 2761 3510 quis
2786 3455 2889 3494 non
2927 3439 3095 3494 Deum
3145 3447 3327 3495 mente
3350 3452 3474 3495 esse

1885 3531 2171 3599 praeditum
2198 3531 2480 3599 fatebitur,
2514 3542 2574 3589 ut
2627 3534 2957 3605 sapientem,
3014 3542 3077 3587 ut
3134 3532 3335 3588 bonum
3363 3572 3381 3597 ,
3412 3546 3473 3585 ;.ι

1885 3623 2203 3691 potentem?
2239 3621 2508 3679 Sabellius
2539 3624 2688 3680 nullo
2711 3634 2859 3679 certe
2900 3632 3062 3680 [nodo
3115 3631 3379 3677 lateretur
3409 3637 3473 3680 sa

1884 3716 1985 3769 hoc
2019 3715 2293 3784 ignorare.
2322 3716 2463 3783 Quin
2513 3716 2711 3771 Filium
2738 3716 2830 3772 Dei
2857 3718 3039 3771 vivum
3075 3728 3130 3772 et
3166 3715 3472 3771 subsisten-

1883 3818 2011 3875 tem,
2045 3810 2133 3879 qui
2160 3818 2404 3873 etesset,
2432 3820 2486 3865 et
2518 3821 2643 3866 ante
2673 3824 2895 3865 carnem
2932 3818 3269 3879 assumptam
3300 3816 3467 3871 esset,

1883 3911 2227 3970 agnosceret.
2269 3900 2336 3955 Et
2369 3912 2547 3957 tamen
2587 3902 2657 3957 ob
2679 3902 2823 3955 hanc
2853 3901 3022 3970 ipsam
3048 3914 3173 3954 cum
3205 3899 3308 3954 boc
3337 3898 3474 3951 Mar-

1884 3993 2021 4048 cello
2051 3996 2597 4060 contesserationem,
2623 3995 2833 4066 ejectus
2864 3993 2951 4048 ille
2990 3992 3092 4047 fuit
3124 3990 3195 4045 ab
3226 3989 3471 4046 Ecclesia

1883 4086 2001 4142 Dei.
2029 4086 2149 4154 Quo
2204 4099 2364 4159 pacto
2423 4103 2608 4143 autem
2669 4088 2953 4143 Marcellus
2990 4088 3223 4151 dicatur,
3278 4084 3467 4139 eadem

189 4193 317 4230 cum
346 4176 582 4232 Sabellio
613 4181 886 4249 opinatus,
955 4182 1301 4239 manifestum
1371 4182 1501 4246 flet,
1558 4189 1844 4251 propterea
1884 4181 2025 4250 quod
2063 4197 2229 4236 unum
2282 4193 2444 4252 atque
2501 4183 2643 4238 idem
2688 4183 3008 4255 proﬁteatur
3056 4180 3249 4244 Deum,
3304 4186 3473 4248 atque

189 4269 363 4339 ipsius
393 4268 488 4325 Dei
520 4268 775 4337 Verbum,
814 4273 965 4328 hisce
1004 4275 1297 4345 aliquando
1329 4276 1510 4331 verbis
1538 4289 1692 4329 usus.

828 4369 989 4425 ΚΕΦ.
1030 4370 1129 4426 ιΖ’.

191 4455 396 4523 Ὅπως
431 4456 667 4526 ἠρνεῖτο
698 4459 1254 4585 τυμιηλτῑίῧιεεαλῇ
1286 4464 1402 4532 τὴν
1433 4466 1778 4519 ὑπόστασιν

825 4549 934 4585 του
1038 4551 1136 4585 ηου.

825 4549 934 4585 του
984 4549 1136 4588 ιιου.

270 4640 291 4673 t
325 4623 387 4675 Εί
428 4624 525 4694 μὲν
552 4624 658 4695 γὰρ
690 4626 722 4695 ἡ
753 4624 848 4678 τοῦ
884 4624 996 4693 (65)
1043 4627 1356 4697 πνεύματος
1400 4627 1643 4693 ἐξέτασις
1690 4628 1777 4698 γί-

196 4733 218 4765 ι
264 4730 445 4778 γνοιτο
505 4702 661 4786 μόνη,
698 4716 755 4769 ἓν
805 4717 899 4769 καὶ
936 4718 1132 4771 ταύτὸν
1179 4720 1410 4783 εἰκότως
1444 4720 1510 4774 ἂν
1550 4721 1578 4772 ὁ
1608 4720 1779 4787 Λόγος

204 4825 223 4855 ι
266 4802 406 4859 εἶναι
434 4806 511 4876 τῷ
540 4807 657 4877 Θεῷ
686 4810 946 4877 φαίνοιτο·
973 4830 990 4861 ι
1020 4810 1131 4876 (64)
1162 4812 1293 4864 ποτέ
1320 4812 1377 4865 δὲ
1416 4813 1777 4883 παραϐάλλων

180 4899 267 4970 τῷ
302 4899 626 4971 ἀνθρωπείῳ
665 4902 809 4971 λόγῳ
851 4903 943 4955 τὸν
984 4902 1078 4955 τοῦ
1128 4903 1285 4968 Θεοῦ,
1327 4904 1422 4957 καὶ
1484 4906 1769 4974 ἐπιλέγων,

188 5010 210 5043 ι
248 4989 309 5043 ἓν
359 4992 453 5044 καὶ
484 4992 678 5045 ταύτὸν
714 4988 853 5046 εἶναι
888 4992 967 5064 τῷ
1022 4992 1347 5066 ἀνθρωπείῳ
1392 4996 1483 5048 τὸν
1537 4996 1594 5048 ἐν
1625 4994 1773 5065 αὐτῷ

190 5102 211 5135 e
250 5083 446 5151 Λόγον,
498 5083 673 5137 οὐδενὶ
708 5082 1072 5155 χωριζόμενον
1103 5087 1275 5158 ἑτέρῳ
1307 5088 1341 5159 ἦ
1396 5087 1534 5161 μόνῃ
1570 5090 1637 5159 τῇ
1671 5086 1771 5157 τῆς

267 5222 328 5279 vlt
362 5216 461 5272 Ed.
502 5216 703 5284 Paris.,
730 5234 853 5290 pag.
886 5218 977 5284 78,
1006 5220 1093 5277 79.
1170 5222 1216 5253 ’⁸
1252 5222 1443 5279 Matth.
1470 5240 1547 5289 ιι,
1571 5224 1658 5281 27.

270 5430 383 5501 (62)
420 5430 587 5501 Vulgo
621 5432 837 5501 θρύλλει
890 5444 945 5489 et
989 5436 1157 5501 ἐχρῆν
1212 5440 1385 5501 μέμψ.
1445 5451 1500 5497 et
1536 5444 1715 5501 ὁρίζετ

193 5431 1385 5578 λάξίρξξιγιιιιιιςξεεέᾳεέλξεινημέμψ·
1445 5451 1500 5497 ει

269 5572 383 5649 (ϐξὶ)
436 5572 780 5649 ureti/latag-
811 5572 1109 5649 ἐξέτασις.
1168 5576 1317 5645 Vult,
1347 5581 1557 5649 opinor,
1591 5593 1645 5639 ut
1690 5599 1776 5639 se-

189 5645 433 5699 cundum
464 5648 743 5709 deitatem,
782 5648 870 5698 vel
893 5648 1127 5702 divinam
1167 5645 1435 5705 rationein
1466 5645 1777 5711 considere—

195 5728 321 5791 nms
349 5713 671 5791 Myov,_ttatn
694 5714 941 5791 πνεῦμα,
974 5718 1071 5791 ipsi
1096 5720 1311 5791 ponitur
1332 5737 1430 5791 pro
1460 5723 1571 5779 Deo
1604 5744 1616 5778 :
1650 5728 1777 5791 quia

195 5740 321 5767 litua
350 5740 524 5781 Αυγυν,
550 5740 671 5768 "aut
704 5740 941 5786 πνευμα,
976 5740 1071 5784 IpSI
1096 5740 1311 5788 pOltlull'
1332 5740 1430 5791 pro
1463 5740 1571 5779 υεο
1604 5744 1616 5778 :
1689 5742 1737 5780 Ill

192 5784 463 5864 Senator
488 5785 654 5864 dixit,
683 5784 822 5840 Deus
851 5790 1071 5864 spiritus
1106 5790 1388 5864 estfloau.
1422 5808 1495 5859 Iv,
1525 5740 1737 5862 ﬁlii.

268 5854 381 5921 (66)
414 5853 565 5909 "ore
594 5853 661 5908 δὲ
702 5857 1120 5925 ,ταίιιιΰάλλωη
1175 5853 1494 5930 Marcellus,
1543 5853 1775 5922 Verbum

2414 4371 2473 4428 >I<
2514 4363 2667 4419 CAP.
2707 4362 2873 4420 XVII.

1993 4455 2147 4522 Quod
2170 4456 2601 4525 manifestissime
2628 4466 2867 4528 perneget
2897 4456 3211 4528 hypostasin
3238 4453 3395 4510 Filii.

1956 4569 1975 4601 σ
2018 4550 2107 4623 [Β.
2132 4549 2272 4604 LXII
2297 4550 2419 4605 coll.
2446 4566 2499 4620 p.
2558 4549 2709 4623 107.]
2738 4550 3015 4619 Siquidem
3038 4550 3207 4605 solius
3247 4548 3472 4617 spiritus

1888 4662 1907 4695 ι
1952 4644 2259 4711 disquisitio
2324 4643 2438 4706 ﬁat,
2492 4643 2735 4707 omnino,
2800 4658 2901 4698 nec
2962 4642 3181 4712 injuria,
3226 4639 3469 4696 Verbum

1885 4755 1902 4787 ι
1947 4751 2109 4789 unum
2138 4746 2299 4805 atque
2329 4737 2470 4790 idem
2504 4752 2627 4790 cum
2662 4736 2771 4792 Deo
2804 4735 3073 4789 videbitur
3094 4750 3233 4790 esse.
3256 4753 3275 4785 ι
3302 4732 3469 4789 Com-

1880 4842 2085 4897 ponens
2136 4837 2314 4883 autem
2361 4827 2649 4899 aliquando
2694 4827 2931 4882 Verbum
2964 4826 3055 4879 Dei
3080 4840 3202 4880 cum
3228 4825 3473 4879 humano

1881 4916 2077 4979 verbo,
2138 4915 2388 4985 adiungit
2434 4935 2445 4971 :
2484 4935 2503 4968 ι
2561 4915 2733 4970 Unum
2776 4927 2941 4985 atque
2977 4931 3071 4986 per
3093 4914 3277 4970 omnia
3321 4913 3469 4968 idem

1884 5024 1903 5057 ε
1946 5023 2067 5061 cum
2118 5010 2339 5062 homine
2370 5023 2491 5063 esse
2546 5008 2674 5063 illud
2721 5010 2863 5078 quod
2902 5011 2954 5062 in
2983 5010 3097 5078 ipso
3129 5008 3288 5067 inest.
3334 5006 3467 5059 Ver-

1884 5117 1902 5149 ι
1945 5101 2072 5155 bum
2121 5101 2291 5157 nihilo
2320 5102 2537 5173 quidem
2582 5102 2650 5157 ab
2695 5101 2803 5157 alio
2846 5102 3313 5164 discriminatum,
3363 5097 3467 5154 nisi

1878 5445 1994 5505 Dei.
2020 5459 2144 5500 cum
2181 5444 2416 5498 hominis
2447 5443 2613 5499 verbo
2642 5444 3034 5510 componebat.
3065 5452 3114 5497 et
3160 5442 3463 5494 ἐνδιάοετον

1873 5526 1932 5587 et
1958 5516 2309 5587 προφορικόν.
2344 5515 2621 5587 legendum
2648 5514 2727 5584 τῷ
2752 5516 2809 5567 ὲν
2830 5513 3123 5587 ἀνθρώπῳ,
3151 5528 3255 5587 n_o_n
3280 5510 3465 5587 «pay-

1878 5582 2153 5657 θρωπείῳζ
2185 5594 2331 5657 patet
2352 5582 2418 5639 ei
2444 5584 2605 5657 paulo
2628 5582 2765 5657 post
2773 5582 3149 5657 sequentibus.
3169 5582 3460 5657 _M.—:Dein

1878 5605 2153 5709 ῠρωπειις.
2185 5605 2331 5653 patet.
2352 5605 2418 5639 CX
2444 5605 2605 5651 p3|ll0
2629 5605 2751 5649 νοδι
2773 5605 3149 5653 διεψιϐηῑιυυδ.
3172 5605 3460 5635 Μ.-υειιι

1874 5658 2103 5741 vulgar:
2136 5657 2202 5741 ὴν
2224 5656 2273 5709 θ.
2312 5672 2376 5741 μζ
2410 5656 2563 5741 οὐδὲν
2616 5658 2702 5740 ἐτ.
2736 5651 2826 5725 ἦν.
2873 5656 3041 5741 Porro
3066 5652 3462 5741 ’νιιιεοιιγρακ

1877 5724 2061 5810 ψενίοι
2082 5724 2291 5810 τούτοις
2314 5724 2479 5810 αὑτὸν
2512 5726 2699 5790 εἰπὼν,
2728 5724 2823 5810 πρ.
2863 5736 2916 5781 ct
2948 5724 3195 5796 χωρῆσαι
3230 5732 3284 5779 et
3336 5724 3459 5777 ἑπι-

1882 5799 2103 5853 σκόπτει
2128 5808 2180 5853 ct
2209 5798 2267 5851 οὐ
2302 5798 2407 5874 γὰρ
2445 5796 2505 5851 ἂν
2537 5809 2589 5853 et
2615 5796 2837 5868 παρείη.
