4068 6316
631 326 739 390 8Β9

1327 320 1591 378 EUSEBII
1630 321 2094 379 CESABIENSIS
2130 321 2278 379 OPP.
2320 321 2496 378 PARS
2531 321 2620 378 IV.
2660 353 2728 368 -
2763 320 3180 380 DOGMATICA.

639 465 664 502 e
700 448 877 515 operis
906 445 1270 499 tantummodo
1304 444 1560 500 eﬂicacia.
1609 464 1629 499 ι
1660 445 1922 513 Quocirca
1965 445 2053 500 ubi
2113 444 2183 498 ita

2295 461 2315 493 ι
2351 442 2600 514 πράξεως
2637 443 2904 516 ἐνεργείᾳ.
2933 461 2952 496 ι
2977 443 3197 516 Διόπερ,
3229 445 3357 498 ποτὲ
3399 443 3498 514 μιν
3521 442 3844 514 ἀπεφαίνετο

633 537 836 602 statuit,
887 536 1200 605 priusquam
1254 537 1482 590 mundus
1541 539 1926 604 produceretur
1960 577 1974 600 ,
2056 536 2185 591 nihil

633 627 856 684 omnino
904 630 1099 695 praeter
1169 625 1333 680 Deum
1400 627 1686 690 exstitisse,
1742 636 1797 680 et
1859 625 1984 680 allbi
2039 627 2188 680 hisce

629 715 762 782 Ipsis
799 715 980 772 verbis
1027 716 1238 769 utitur:
1287 734 1304 765 ι
1343 713 1479 769 Cum
1529 715 1761 769 nondum
1810 715 1912 771 iste
1959 715 2187 769 mundus

636 825 658 858 e
699 807 988 877 productus
1030 805 1220 872 fuerat,
1274 815 1469 875 prater
1508 806 1671 861 Deum
1710 804 1925 874 quidem
1990 805 2184 870 solum,

637 914 658 951 ι
701 897 833 952 nihil
886 906 1004 954 erat
1053 896 1231 962 aliud;
1263 915 1282 949 ι
1324 908 1378 950 et
1424 897 1511 952 ubi
1559 897 1797 950 divinum
1861 896 1992 952 illud
2055 896 2188 952 Ver-

631 989 800 1055 bum,
867 996 1050 1044 nostro
1104 987 1393 1044 indicativo
1454 1002 1548 1057 per
1608 987 1790 1042 omnia
1869 988 2188 1046 assimilavit

632 1082 816 1146 verbo,
865 1081 919 1136 in
957 1081 1151 1151 quibus
1184 1080 1284 1135 ista
1317 1080 1508 1135 scribit
1562 1078 1655 1150 [R.
1712 1078 1801 1134 LV
1835 1079 1956 1135 coll.
2014 1095 2066 1149 p.
2119 1079 2188 1136 59

632 1173 697 1227 ἰ).
730 1171 831 1228 m
859 1172 918 1233 υ.
947 1170 1049 1228 125
1065 1169 1151 1244 8.]
1196 1187 1256 1225 ιι
1295 1170 1751 1238 Quemadmodum
1803 1186 1890 1227 res
1925 1173 2188 1228 universa:

639 1282 660 1316 ι
698 1276 818 1334 qua
843 1263 1118 1333 producta
1140 1261 1368 1326 fuerunt,
1394 1278 1424 1316 a
1451 1260 1611 1318 Patre
1636 1263 2070 1334 producebantur
2090 1277 2188 1332 per

641 1373 662 1406 ο
705 1352 961 1421 Verbum,
1017 1355 1083 1409 ad
1111 1352 1356 1409 eumdem
1380 1353 1594 1408 modum
1622 1363 1677 1411 et
1697 1369 1816 1425 qua:
1847 1370 1877 1408 a
1923 1353 2082 1410 Patre
2102 1354 2186 1410 di-

638 1465 656 1497 ι
693 1446 974 1506 eebantur,
1004 1461 1099 1518 per
1114 1445 1348 1501 Verbum
1382 1447 1610 1503 indicem
1631 1446 1982 1503 edebantur.»
2008 1448 2186 1518 Atque

632 1539 731 1604 ita,
759 1551 881 1592 cum
911 1537 1012 1593 boc
1036 1544 1188 1606 pacto
1231 1537 1580 1592 indicatlvnm
1606 1536 1830 1592 verbum
1863 1537 2183 1608 compellans-

632 1635 718 1683 σοι
758 1627 955 1699 ipsum.
989 1641 1239 1682 sermone
1284 1628 1659 1702 progrediente
1707 1635 1885 1682 tamen
1933 1628 2184 1682 eumdem

629 1717 807 1787 ipsum
851 1731 878 1771 a
910 1715 1068 1772 Patre
1097 1717 1508 1787 inseparabilem
1531 1718 1866 1787 pronuntiat,
1893 1718 2035 1787 quod
2061 1731 2183 1785 spe-

2288 534 2512 605 πρὸτῆς
2537 534 2630 588 τοῦ
2663 536 2869 605 κόσμου
2915 535 3222 598 συστάσεως
3263 535 3428 607 μηδὲν
3477 535 3669 606 ἓτερον
3715 532 3842 591 εἶναι

2289 627 2427 698 πλὴν
2466 625 2601 680 Θεοῦ
2621 667 2636 690 ,
2696 627 2792 681 καὶ
2840 627 3003 681 πάλιν
3049 628 3230 691 αὐτοῖς
3266 629 3504 699 ῥήμασιν
3539 628 3745 696 ἔλεγεν,
3772 631 3842 684 ὅτι

2291 737 2310 769 t
2358 720 2524 790 μήπω
2553 718 2648 772 τοῦ
2680 719 2882 791 κόσμου
2907 718 3206 788 γεγονότος.
3227 719 3379 772 οὐδὲν
3418 719 3605 791 ἕτερον
3629 713 3698 790 ἦν
3718 719 3840 789 πλὴν

2292 829 2310 859 ι
2355 808 2490 863 Θεοῦ
2539 810 2734 880 μόνου·
2778 830 2796 862 ι
2849 811 2979 864 ποτε
3016 808 3189 880 δὲτῷ
3225 811 3477 882 ἡμετέρῳ
3531 810 3841 882 σημαντικῆ

2288 902 2430 972 λόγῳ
2464 901 2555 955 τὸν
2585 900 2680 954 τοῦ
2706 900 2840 955 Θεοῦ
2870 901 3224 973 παρέϐαλλεν,
3254 902 3313 955 ἑν
3336 897 3419 966 οἷς
3445 895 3552 956 ὧδε
3573 902 3810 974 ἔγραφεν
3832 918 3843 931 ·

2293 1011 2311 1044 ι
2335 993 2548 1065 Ὠσπερ
2573 992 2644 1047 τά
2662 994 2922 1062 γεγονότα
2949 991 3125 1048 πάντα
3152 993 3256 1046 ὑπὸ
3285 992 3380 1046 τοῦ
3414 993 3635 1064 Πατρὺς
3654 992 3742 1046 διά
3758 993 3846 1047 τοῦ

2291 1102 2310 1134 ι
2358 1084 2531 1152 Λόγου
2567 1082 2810 1152 γέγονεν,
2863 1083 3009 1137 οὕτω
3042 1082 3136 1137 καὶ
3184 1081 3253 1135 τά
3301 1081 3572 1152 λεγόμενα
3609 1081 3716 1135 ὑπὸ
3761 1080 3847 1134 τοῦ

2290 1191 2309 1221 ι
2349 1173 2565 1246 Πατρός
2592 1173 2680 1228 διὰ
2708 1171 2804 1226 τοῦ
2833 1173 3008 1242 Λόγου
3031 1173 3370 1245 σημαίνεται.
3413 1190 3433 1224 ι
3475 1172 3590 1226 Καὶ
3613 1172 3683 1244 δὴ
3702 1171 3849 1240 λόγον

2286 1263 2614 1336 σημαντικὸν
2636 1267 2695 1318 ιν
2735 1264 2945 1329 τούτοις
2973 1264 3136 1318 αὐτὸν
3173 1261 3428 1326 ἀνειπὼν,
3467 1262 3676 1334 προῖὼν
3709 1262 3848 1332 ιεῆςν

2285 1353 2586 1427 ἀχώριστον
2629 1354 2792 1410 αὐτὸν
2823 1356 2891 1426 τῇ
2935 1355 3246 1419 ὑποστάσει,
3271 1353 3331 1408 ἓν
3360 1354 3456 1407 καὶ
3481 1353 3686 1408 ταύτὸν
3718 1349 3852 1407 εἶναι

2282 1446 2361 1518 τῷ
2407 1447 2584 1519 Πατρὶ
2629 1445 2984 1517 παρίστησιν,
3029 1436 3133 1497 ὧδέ
3175 1461 3251 1516 πη
3299 1443 3502 1512 λέγων’
3545 1460 3567 1494 ι
3607 1440 3854 1495 Τοῦτοδδ

2289 1556 2310 1590 ε
2355 1538 2534 1610 ῥᾴδιον
2555 1533 2832 1608 οἵμαιτοῖς
2855 1534 3195 1607 εὐφρανοῦσι,
3227 1537 3321 1588 καὶ
3347 1534 3458 1588 ἀπὸ
3481 1532 3688 1606 μικροῦ
3715 1549 3854 1597 τινος

2289 1648 2308 1680 ι
2353 1629 2446 1682 καὶ
2458 1627 2712 1682 ταπεινοῦ
2727 1627 2846 1682 καθ’
2862 1628 3011 1698 ἡμᾶς
3023 1625 3460 1698 παραδείγματος
3481 1624 3714 1693 γνῶναι.
3727 1622 3856 1676 Οὺδὶ

2292 1739 2308 1770 ι
2350 1718 2459 1792 γὰρ
2491 1719 2584 1772 τὸν
2613 1717 2706 1772 τοῦ
2726 1717 3014 1790 ἀνθρώπου
3032 1716 3190 1786 λόγον
3201 1716 3427 1788 δυνάμει
3447 1716 3544 1769 καὶ
3565 1716 3856 1770 ὑποστάσει

629 1813 745 1860 etat
782 1805 850 1860 ad
902 1805 1220 1877 bypostasin
1277 1823 1465 1874 suam,
1523 1822 1795 1876 unumque
1845 1823 1970 1863 cum
2024 1806 2184 1863 Patre

2294 1830 2313 1863 ι
2353 1811 2583 1886 χωρίσαι
2603 1812 2711 1866 τινὶ
2740 1810 2982 1865 δυνατόν.
3012 1809 3110 1864 Ἕν
3151 1808 3260 1880 γάρ
3287 1809 3400 1860 ἑστι
3432 1806 3526 1862 καὶ
3557 1807 3760 1860 ταύτὸν
3785 1806 3858 1876 τῷ

629 1902 793 1967 atque
838 1895 977 1951 idem
1028 1897 1206 1962 docet,
1255 1899 1402 1954 bisce
1448 1897 1672 1954 verbis:
1715 1918 1734 1952 ι
1776 1898 1954 1968 Atque
2015 1898 2182 1965 istud,

633 2000 656 2037 ι
694 1985 910 2059 opinor,
958 1989 1050 2059 qui
1081 1998 1228 2044 recte
1271 1989 1454 2045 volunt
1494 2003 1708 2058 sapere,
1754 2004 1859 2044 non
1893 1989 2182 2045 admodum

634 2091 657 2130 ι
693 2075 980 2132 diﬂculter
1006 2077 1280 2134 collecturi
1311 2087 1436 2135 sunt
1464 2079 1532 2134 ab
1558 2080 1683 2134 exili
1714 2080 1948 2151 quodam
2000 2091 2054 2136 et
2079 2081 2184 2136 bu-

633 2182 655 2217 r
695 2165 807 2220 mili
854 2166 996 2222 inter
1024 2168 1268 2224 homines
1289 2168 1552 2240 exemplo.
1580 2167 1714 2224 Nam
1743 2186 1843 2225 nec
1865 2171 2182 2237 humanum,

634 2275 652 2306 ι
702 2255 769 2312 ab
798 2256 1014 2314 homine
1042 2261 1285 2327 verbum,
1306 2269 1579 2330 potestate
1615 2263 1794 2332 quivis
1823 2272 1878 2318 et
1908 2263 2185 2335 bypostasi

634 2367 654 2400 ι
694 2349 1046 2417 separaverit.
1083 2350 1174 2404 Est
1206 2351 1351 2406 enim
1380 2352 1628 2420 verbum,
1654 2368 1818 2408 unum
1851 2362 2013 2424 atque
2044 2355 2185 2410 idem

633 2455 654 2488 ε
685 2452 807 2494 cum
834 2439 1048 2494 bomine
1079 2455 1095 2492 :
1125 2455 1230 2496 non
1254 2440 1410 2496 aliter
1434 2442 1653 2498 omnino
1683 2443 2184 2514 eeparabile,quan

637 2544 667 2591 ο,
692 2527 859 2584 solius
897 2529 1228 2599 operationis
1272 2527 1486 2584 eﬂecIu.
1519 2550 1539 2583 ι
1564 2529 1680 2598 Qua
1731 2531 2082 2589 similitudine
2129 2543 2187 2588 et

632 2615 758 2673 alibi
788 2633 916 2674 usus
940 2627 1043 2684 est,
1076 2620 1161 2676 ubi
1193 2621 1270 2675 ait
1298 2621 1388 2694 [ιι.
1425 2621 1556 2696 LVI]
1585 2641 1599 2676 :
1636 2641 1657 2675 ι
1685 2621 2028 2692 Quacunque
2060 2635 2186 2679 sunt

635 2725 659 2760 e
699 2721 819 2778 qua
840 2706 998 2764 Pater
1021 2708 1164 2780 loqui
1196 2709 1634 2780 deprehenditur,
1678 2712 1768 2766 illa
1797 2713 1978 2768 omnia
2007 2713 2186 2784 prolo-

633 2815 658 2850 ε
694 2798 878 2869 quitur
906 2813 1003 2867 per
1033 2797 1264 2855 Verbum
1312 2815 1489 2856 suum.
1532 2805 1711 2872 Atque
1761 2803 1864 2859 hoc
1918 2803 1972 2858 iu
2031 2806 2187 2862 nobis

637 2903 660 2941 ι
701 2890 830 2957 ipsis
856 2899 1079 2959 apparet
1104 2903 1226 2944 esse
1258 2891 1351 2952 ita,
1379 2892 1644 2962 siquidem
1666 2895 1847 2965 parvis
1876 2894 2035 2950 liceat
2065 2911 2183 2951 ma-

637 2996 657 3032 ι
695 2995 800 3051 σοι
826 2995 1166 3052 componere.
1215 2980 1349 3038 Nam
1380 2998 1711 3056 quacunque
1759 3001 1857 3042 nos
1899 2985 2051 3057 juxta
2087 3005 2188 3044 no-

2295 1923 2314 1955 e
2353 1903 2674 1976 ἀνθρώπῳό
2699 1901 2874 1972 λόγος,
2915 1902 3010 1957 καὶ
3032 1901 3208 1956 οὐδενὶ
3249 1900 3620 1973 χωριζόμενος
3667 1900 3855 1987 £1599.

2294 2015 2312 2048 ι
2357 1996 2392 2066 ἢ
2421 1995 2562 2067 μόνῃ
2595 1997 2663 2068 τῇ
2691 1993 2792 2064 τῆς
2821 1993 3074 2065 πράξεως
3104 1993 3376 2066 ἐνεργείᾳ.
3407 2009 3428 2043 ι
3467 1991 3584 2047 Καὶ
3610 1987 3771 2054 αὖθις
3795 1994 3859 2060 τῇ

2288 2088 2423 2159 αὐτῇ
2460 2087 2722 2160 κέχρηται
2753 2084 2920 2139 εἰκόνι
2950 2085 3008 2139 ἐν
3045 2079 3130 2149 οἷς
3157 2100 3320 2156 φησι·
3359 2101 3379 2135 ι
3416 2082 3605 2138 Πάντα
3629 2083 3742 2153 γὰρ
3764 2082 3862 2136 ὅσα

2296 2197 2314 2230 ι
2355 2179 2424 2233 ἀν
2451 2181 2482 2233 ό
2517 2177 2706 2250 Πατὴρ
2731 2175 2889 2250 λέγῃ,
2912 2175 3085 2230 ταῦτα
3129 2173 3406 2246 πανταχοῦ
3437 2173 3530 2227 διά
3555 2173 3652 2227 τοῦ
3688 2175 3860 2243 Λόγου

2296 2291 2313 2322 ι
2353 2271 2526 2341 λέγων
2555 2271 2820 2341 φαίνεται.
2838 2268 3010 2324 Τοῦτο
3037 2270 3096 2324 δὲ
3121 2268 3280 2340 δῆλόν
3310 2269 3431 2322 ἑστι
3451 2268 3550 2322 καὶ
3581 2269 3678 2338 ἀφ’
3704 2267 3859 2339 ήμῶν

2296 2383 2315 2416 ι
2360 2363 2561 2427 αὐτῶν,
2595 2363 2697 2417 ὅσα
2727 2361 2898 2434 μικρά
2931 2360 3187 2433 μεγάλοις
3210 2359 3303 2414 καὶ
3330 2358 3497 2423 θείοις
3532 2359 3857 2413 ἀπεικάσαι.

2297 2475 2314 2508 ι
2360 2456 2470 2510 Καὶ
2514 2455 2681 2526 ἡμεῖς
2709 2452 2838 2524 γὰρ,
2875 2453 3052 2511 πάντα
3080 2452 3183 2506 δσα
3209 2449 3276 2505 ἀν
3314 2448 3592 2521 θέλωμεν,
3626 2447 3774 2503 κατά
3801 2447 3863 2502 τδ

2296 2567 2314 2599 ι
2351 2545 2570 2600 δυνατὸν
2598 2543 2774 2611 λέγειν
2787 2559 2861 2611 ⁵ιιτε
2891 2544 2986 2598 καὶ
3007 2544 3200 2606 mutii,
3217 2540 3295 2612 τῷ
3317 2539 3574 2612 ἡμετέρῳ
3599 2539 3862 2610 ποιοῦμεν

2297 2659 2314 2690 ι
2353 2639 2514 2710 λόγῳ.
2559 2656 2578 2690 ι
2611 2633 2798 2690 Ταῦτα
2827 2634 2888 2688 οὐ
2930 2633 3132 2705 μᾶλλον
3161 2631 3482 2707 Μαρκέλλω
3508 2632 3543 2702 ἢ
3565 2630 3862 2685 Σαδελλίοο

2289 2731 2532 2799 λέγοντος
2574 2726 2792 2782 ἀκούειν
2827 2726 3091 2798 προσήκει
3111 2723 3370 2795 νομίζειν,
3394 2724 3443 2777 si
3478 2721 3553 2794 μὴ
3578 2722 3687 2794 ἀρα
3718 2721 3865 2777 rei?

2290 2819 2625 2875 ὲπισκώτιτοι
2652 2816 2924 2888 Σαδελλίῳ
2951 2813 3294 2888 Μάρκελλος,
3310 2815 3394 2868 δτι
3421 2813 3496 2885 μὴ
3521 2814 3758 2878 ἀναιδῶς
3774 2813 3864 2868 τδν

2290 2917 2350 2968 ὲν
2375 2911 2454 2983 τῷ
2479 2909 2598 2982 Θεῷ
2627 2908 2960 2981 σημαντικὸν
2985 2908 3175 2976 Λόγον,
3216 2905 3295 2971 ὡς
3324 2906 3488 2970 αὐτὸς
3508 2905 3703 2971 οἴεται,
3737 2905 3865 2959 nt»

2291 3003 2490 3075 ἐτόλμα
2509 2999 2810 3073 ὀνομάζειν.
2842 3000 2916 3054 Οὐ
2939 2998 3049 3070 γὰρ
3074 2993 3142 3053 αὖ
3173 2997 3407 3068 τοσαύτη
3432 2995 3584 3068 αὐτῷ
3598 2994 3865 3066 λογισμοῦ

633 3101 646 3116 ι
697 3081 870 3125 atrum
898 3085 1086 3141 posse,
1128 3072 1308 3128 dicere
1337 3073 1418 3128 vel
1457 3074 1638 3132 facere
1674 3079 2058 3148 cupiverimus,
2091 3095 2188 3145 per

640 3177 662 3190 Α
699 3172 939 3190 ..ωε-...ια
987 3177 1084 3190 -Α-
1135 3163 1356 3190 ..Α-ιη.--
1405 3166 1492 3190 ιιι-
1527 3166 1710 3190 -.--ι-
1747 3169 1930 3190 Δ-.μ..-
2064 3170 2184 3190 II---

2293 3072 2472 3168 ωρῆν
2493 3072 2668 3158 ἀνοια,
2687 3092 2762 3158 ὡς
2788 3091 2958 3161 Λόγον
3198 3087 3526 3190 ἀνθρωποις,
3536 3087 3648 3190 fat
3671 3086 3760 3190 τῷ
3775 3087 3867 3190 ἐπὶ

637 3177 662 3215 ι
699 3172 939 3216 nostrum
987 3177 1087 3219 nos
1135 3163 1359 3220 verbum
1404 3166 1495 3222 illa
1523 3166 1716 3224 eﬂecta
1742 3169 1954 3226 damus.
2007 3190 2028 3224 ι
2063 3170 2189 3227 Haec

633 3267 734 3308 nos
774 3263 985 3322 oportet
1029 3255 1341 3313 existimare
1389 3273 1494 3313 non
1524 3260 1701 3315 minus
1738 3260 2050 3318 Marcellum
2107 3263 2190 3318 di-

633 3348 848 3397 centem
886 3343 1092 3408 audire,
1130 3361 1292 3414 quam
1327 3345 1642 3406 Sabellium.
1684 3350 1794 3407 Nisi
1842 3351 1982 3409 forte
2007 3354 2188 3410 riden-

631 3433 758 3487 dum
800 3433 1016 3491 volebat
1044 3435 1336 3492 Sabellium
1381 3437 1665 3496 lareellus
1702 3442 2024 3513 propinare;
2064 3447 2189 3516 quia

633 3540 740 3580 non
791 3526 1044 3595 audebat,
1106 3528 1248 3598 quod
1295 3545 1460 3588 ausus
1485 3541 1570 3588 est
1623 3534 1756 3604 ipse,
1789 3534 2022 3592 Verbum
2063 3537 2192 3594 illud

630 3614 730 3672 Dei
766 3617 1150 3686 indicativum,
1193 3624 1338 3692 quod
1377 3624 1648 3680 existimat
1703 3635 1944 3695 tantum,
1994 3628 2190 3685 Filium

631 3708 728 3765 Dei
768 3710 1067 3768 nominare.
1109 3712 1269 3770 Certe
1319 3731 1426 3772 non
1475 3731 1542 3773 eo
1567 3718 1810 3790 prorupit
1853 3719 1900 3774 is
1945 3720 2188 3786 insania,

2293 3187 2508 3242 πάντων
2539 3187 2736 3241 διδόναι
2765 3182 2902 3254 Θεῷ.
2946 3181 3070 3236 Οὐδ’
3096 3180 3270 3246 οὕτως
3301 3179 3506 3251 ἠλίθιος
3533 3174 3626 3251 ἦν,
3654 3179 3737 3242 ὡς
3778 3177 3867 3232 τὸν

2293 3279 2368 3351 μὴ
2390 3276 2670 3347 ὑφεστῶτα
2693 3276 2876 3346 λόγον,
2905 3273 3034 3328 Υίδν
3048 3272 3183 3327 Θεοῦ
3202 3271 3407 3327 καλεῖν.
3429 3271 3651 3341 Διόπερ,
3675 3267 3870 3323 Σαδελ-

2289 3371 2400 3434 λιος
2452 3369 2547 3423 ινα
2603 3367 2734 3422 Θεὸν
2786 3364 2978 3430 είπὼν,
3029 3364 3124 3418 τδν
3181 3363 3241 3418 δὲ
3287 3362 3416 3416 Υίδν
3460 3361 3864 3433 ἀρνησάμενος.

2289 3461 2571 3533 ἑπομένως
2607 3463 2675 3530 τῇ
2719 3457 2868 3530 αὐτῷ
2895 3455 3114 3530 δοθείσῃ
3146 3453 3419 3519 ὑποθέσει,
3446 3453 3539 3507 τὸν
3568 3451 3734 3506 αὐτὸν
3759 3451 3870 3505 Πα-

2289 3551 2423 3622 τέρα
2443 3545 2581 3603 εῖναι
2601 3550 2694 3602 καὶ
2708 3545 2834 3601 Υῑὸν
2855 3545 3079 3616 ἔφασκε.
3096 3541 3416 3616 Μάρκελλος
3435 3541 3492 3596 δὶ
3509 3540 3644 3613 (65),
3667 3540 3870 3612 ὁμοίως

2291 3641 2486 3710 εκείνῳ
2508 3638 2566 3692 ἓν
2591 3638 2686 3691 καὶ
2707 3635 2902 3691 ταύτὸν
2932 3630 3070 3689 εἶναι
3105 3633 3197 3686 τδν
3217 3631 3370 3698 Θεδν,
3404 3631 3612 3685 καὶτὸν
3637 3633 3698 3684 ιν
3719 3629 3870 3700 αύτῷ

2293 3727 2465 3795 Λόγον
2496 3723 2690 3788 διδοὺς,
2727 3723 2904 3794 μάτην
2930 3719 3194 3790 ὲσφάλθαι
3218 3719 3308 3773 τδν
3331 3718 3638 3781 Σαδέλλιον,
3672 3719 3795 3791 οὐχὶ
3813 3719 3869 3771 δὲ

634 3809 696 3854 ut
728 3813 1056 3870 sermonem,
1109 3819 1205 3874 per
1252 3807 1434 3861 omnia
1471 3808 1708 3864 humano
1757 3809 2089 3866 simillimum
2129 3818 2187 3877 r14

2296 3819 2388 3872 καὶ
2414 3816 2604 3870 ἑαυτὸν
2630 3813 2898 3886 ὁμολογεῖ.
2943 3812 3014 3866 Ἦ
3063 3812 3174 3884 γάρ
3209 3810 3458 3865 κάκεῖνον
3504 3808 3866 3881 ἀποδέχεσθαι

636 3891 1010 3947 Deoomninm
1059 3908 1313 3963 supremo
1345 3895 1570 3952 auderet
1598 3898 1892 3954 ascribere.
1943 3899 2049 3955 Sed
2092 3915 2188 3955 nec

2296 3905 2515 3980 χρῆν,ἢ
2547 3907 2641 3959 καὶ
2677 3902 2841 3959 αὑτὸν
2877 3900 3186 3974 μέμφεσθαι
3211 3915 3226 3929 ⁸
3261 3901 3295 3974 ἢ
3335 3901 3690 3973 μεμφόμενον
3726 3901 3868 3954 ἀκεῖ-

632 3994 701 4036 eo
725 3982 970 4039 stultitiae
998 3984 1233 4047 desenit,
1262 3996 1320 4040 ut
1355 3985 1578 4042 verbum
1611 3987 1827 4059 aliquod
1878 4005 1981 4045 non
2014 3992 2188 4047 subsi-

2297 4016 2411 4066 νον,
2446 3998 2546 4071 τὴν
2583 3997 2773 4067 ὁμοίαν
2804 3994 2956 4066 αὐτῷ
2993 3991 3312 4060 κακοδοξίαν
3350 3992 3738 4065 ἐκτρέπεσθαι,
3775 3993 3870 4046 καὶ

633 4090 805 4150 alens,
850 4080 1048 4137 Filium
1102 4082 1195 4137 Dei
1225 4083 1548 4138 nominaret.
1603 4081 1866 4150 Quocirca
1899 4087 1990 4157 qui
2030 4102 2188 4142 unum

2302 4089 2376 4161 μὴ
2403 4084 2836 4160 ἀνδριαντοποιοῦ
2873 4084 3029 4154 δίκην
3065 4081 3412 4137 ὑποτίθεσθαι
3452 4081 3546 4136 τὸν
3590 4080 3748 4147 Θεδν,
3801 4084 3867 4152 τῇ

632 4171 768 4228 dixit
807 4172 975 4227 Deum
1021 4172 1309 4241 Sabellius,
1361 4171 1553 4229 Filium
1577 4188 1704 4229 vero
1735 4174 2040 4245 abnegavit,
2069 4193 2188 4232 cou-

2300 4177 2491 4234 ἑαυτοῦ
2531 4178 2824 4268 ἐρυμήσει
2850 4172 3044 4246 καὶτῷ
3069 4173 3184 4245 ἰδίῳ
3201 4172 3449 4268 M‘FP‘?’

631 4273 958 4335 sequenter,
1015 4267 1306 4321 secundum
1358 4280 1510 4321 suam
1563 4267 1980 4335 suppositionem
2049 4284 2188 4322 eum-

2305 4289 2483 4344 μενον,
2516 4264 2674 4324 αὐτόν
2700 4287 2759 4324 τε
2789 4267 2964 4339 ἑαυτῷ
2998 4264 3499 4341 παρακελευόμενον
3519 4266 3724 4336 λέγειν,
3752 4265 3866 4336 (δῦ)

629 4355 752 4410 dem
805 4355 1089 4410 aiiirmavit
1114 4355 1351 4421 Patrem,
1385 4371 1544 4426 quem
1585 4364 1639 4412 et
1678 4355 1892 4411 Filium.
1923 4355 2188 4414 Marcellus

2305 4365 2438 4432 Ἀγε
2482 4361 2814 4431 ποιήσωμεν,
2856 4357 2958 4426 άγε
3003 4355 3297 4428 πλάοωμεν
3341 4354 3660 4428 ἀνδριάντα.
3717 4355 3869 4410 06w

631 4461 761 4502 vero
790 4448 882 4518 qui
919 4449 1139 4512 perinde
1192 4457 1356 4519 atque
1401 4449 1490 4504 ille
1524 4451 1688 4504 Deum
1732 4465 1896 4504 unum
1949 4450 2188 4520 idemque

2304 4454 2411 4525 γὰρ
2432 4452 2523 4506 καὶ⁵
2543 4451 2632 4504 τὸν
2641 4449 2771 4503 Θεὸν
2787 4447 3064 4520 εἰρηκέναι
3075 4447 3160 4512 τὸ,
3174 4445 3524 4517 Ποιήσωμεν
3537 4447 3867 4517 ἄνθρωπον,

630 4539 902 4595 statuebat
931 4556 1052 4596 cum
1087 4538 1263 4596 Verbo
1288 4557 1406 4606 suo,
1435 4542 1615 4612 inepte
1644 4554 1868 4598 accusat
1893 4543 2188 4599 Sabellium

2303 4547 2426 4618 ἔφη,
2455 4544 2586 4616 μηδὲ
2597 4543 2726 4596 ποτὲ
2756 4542 2854 4614 μὶν
2873 4539 3191 4604 ἐνδιάθετον,
3215 4540 3290 4604 ὼς
3311 4538 3683 4612 ὲπ⁵ἀνθρώπῳ
3697 4541 3868 4610 λόγον,

627 4632 854 4700 erroris,
882 4648 1105 4702 prorsus
1131 4635 1231 4689 nisi
1265 4649 1323 4690 se
1346 4644 1400 4689 et
1427 4649 1638 4691 errasse
1664 4635 1916 4692 fateatur.
1949 4635 2082 4690 Nam
2114 4636 2188 4690 vel

2305 4624 2432 4691 ποτὶ
2472 4635 2528 4688 δὲ
2551 4632 2908 4707 σημαντικὸν,
2924 4631 3105 4696 ὼςτὺν
3138 4633 3197 4685 ιν
3217 4633 3348 4703 ἡμῖν
3373 4631 3709 4704 προφορικδν
3730 4673 3745 4692 ,
3782 4629 3872 4686 καὶ

632 4738 756 4780 cum
800 4725 1036 4780 Sabellio
1065 4726 1385 4794 conspirare
1434 4727 1686 4793 debebat,
1726 4729 1810 4783 vel
1839 4729 2193 4797 semetipsum

631 4817 984 4886 redarguere.
1025 4828 1118 4874 aut
1157 4819 1204 4874 si
1254 4821 1581 4889 redarguere
1619 4819 1917 4875 Sabellium
1957 4817 2194 4884 volebat,

631 4910 874 4966 eamdem
921 4926 1139 4983 pravam
1173 4928 1325 4967 suam
1371 4913 1618 4967 haresim
1661 4910 1912 4980 abiurare
1942 4927 2066 4968 eum
2106 4912 2198 4966 de—

517 4989 522 5000 ’
631 5002 799 5058 cuit:
841 5018 941 5060 nec
988 5004 1282 5062 admodum
1336 5004 1567 5076 alicujus
1611 5015 1806 5060 statuae
1855 5003 2195 5069 conﬂatoris,

635 5095 802 5151 Deum
839 5111 1142 5169 supponere
1178 5098 1594 5169 colloquentem,
1626 5113 1747 5152 cum
1777 5113 1874 5153 sua
1897 5095 2192 5152 ratiocina-

637 5190 805 5252 tione,
849 5197 904 5244 et
950 5190 1114 5246 animi
1171 5191 1252 5246 sui
1309 5189 1712 5260 intelligentia:
1756 5191 2041 5260 ipsumque
2093 5183 2196 5238 sibi

635 5279 738 5353 ipsi
763 5281 1114 5351 imperantem
1142 5284 1484 5341 introducere
1511 5285 1578 5340 ad
1613 5283 1754 5338 nunc
1795 5282 2011 5338 modum
2045 5295 2058 5331 :
2093 5276 2198 5332 Fa-

722 5425 784 5486 »Ῑι
816 5421 914 5478 Ed.
935 5422 1132 5492 Paris.,
1159 5440 1282 5496 pag.
1319 5425 1407 5483 80.

732 5583 798 5640 65
849 5585 1018 5654 Vulgo
1042 5587 1240 5658 ὁμοίως
1269 5588 1417 5659 αύεῷ
1440 5599 1493 5644 et
1512 5588 1665 5642 ἁποδ.
1697 5589 1882 5661 ἐχρῆν.

709 5583 821 5725 leui
853 5658 982 5725 Ἀτε
1018 5659 1383 5725 ποιήσωμεν.
1423 5659 1727 5725 Legendqu
1763 5661 1882 5725 -ποιή

732 5654 982 5732 66)-ᾍγε
1018 5654 1400 5729 ποιήσωμεν(
1423 5654 2107 5732 [ιειζοῃιίυιιῖποιήσωμεν.
2145 5668 2202 5732 ut

641 5723 776 5782 altas
802 5723 1069 5796 'liab'etur,
1114 5723 1294 5788 statim
1330 5747 1425 5801 pro
1464 5723 1764 5800 μῖιὸὲποτε,
1813 5723 2035 5788 restitue
2075 5731 2202 5784 ποτὲ

2305 4733 2362 4784 ὲν
2398 4729 2475 4802 τῷ
2489 4726 2608 4799 Θεῷ
2637 4723 3000 4780 ὑποτίθεσθαι.
3033 4722 3220 4779 Ταῦτα
3242 4724 3352 4796 γὰρ
3379 4722 3669 4778 Σαδελλίου
3694 4724 3871 4797 ἢἸουο

2305 4821 2469 4875 δαίων
2497 4819 2642 4882 τινὸς
2674 4816 2785 4871 τῶν
2809 4816 2900 4870 τὸν
2931 4814 3060 4869 Υίὺν
3088 4815 3186 4868 τοῦ
3224 4813 3358 4868 Θεοῦ
3395 4812 3871 4885 ἀπαρακαλύπτως

2303 4911 2644 4984 ἀρνουμένων
2659 4907 2883 4964 ἀνεκτδν
2904 4902 2973 4978 ἦν
3005 4903 3252 4977 μῶλονῆ
3271 4901 3598 4975 Χριστιανοῦ
3629 4902 3874 4972 λέγοντος

2304 5001 2540 5058 ἀκούειν.
2580 5001 2639 5057 '0
2660 5001 2728 5068 δ’,
2747 5000 2936 5071 ὥσπερ
2954 4995 3490 5068 ιγκαλλωπιζόμενος
3515 4998 3585 5067 τῇ
3614 4995 3868 5065 Ἰουδαϊκῇ

2302 5094 2634 5166 διδασκαλίᾳ,
2667 5095 2725 5164 τῇ
2749 5090 3046 5164 Ἐκκλησία
3071 5086 3306 5162 Χριστοῦ
3335 5088 3466 5159 περὶ
3504 5086 3600 5140 τοῦ
3642 5087 3719 5158 μὴ
3746 5081 3871 5140 εἶναι

2302 5187 2394 5240 τὸν
2425 5187 2552 5241 Υίδν
2591 5184 2687 5239 τοῦ
2728 5183 2884 5249 Θεοῦ,
2931 5181 2993 5236 τὺ
3037 5181 3294 5245 δυσσεϐὲς
3350 5179 3502 5233 τουτὶ
3564 5177 3661 5232 καὶ
3725 5175 3869 5231 ἄθεον

2307 5279 2514 5349 εἰσάγει
2546 5278 2740 5350 δόγμα,
2776 5274 2885 5349 πρὸ
2917 5273 3014 5328 τοῦ
3054 5274 3146 5328 τὸν
3181 5273 3383 5344 κόσμον
3424 5268 3681 5338 γενέσθαι
3718 5266 3868 5338 μηδὲν

2385 5603 2433 5640 ν.
2474 5583 2544 5637 Ii.
2566 5580 2823 5707 -V:l$o
2853 5596 3012 5662 supra
3046 5579 3394 5658 πλάσσωμεν.
3420 5573 3537 5630 Mox
3562 5573 3722 5660 vulgo
3757 5572 3873 5653 ποτὶ

2399 5672 2528 5707 στω..
2581 5663 2636 5706 et
2668 5653 2695 5705 lt
2771 5705 2774 5707 λ
2805 5692 2820 5707 .
2850 5669 2944 5707 του
2975 5669 3062 5707 νο.
3097 5661 3148 5707 et
3178 5666 3270 5702 του
3305 5647 3622 5707 ποιηθέντος
3656 5650 3803 5707 αντῳ
3828 5655 3873 5700 ει

2312 5647 2374 5728 δὴ
2399 5672 2464 5728 ση
2517 5695 2528 5709 .
2581 5663 2636 5706 et
2668 5647 2820 5713 ἑκτὰ.
2850 5647 2944 5712 τοῦ
2975 5669 3062 5723 χρ.
3097 5661 3148 5708 et
3178 5647 3285 5702 τοῦ
3305 5647 3622 5718 ποιηθέντος
3656 5647 3803 5714 αὐτῷ
3828 5655 3876 5700 et

2312 5673 2820 5794 παοαόίδειγμὲνον.
