4068 6316
204 401 306 461 861
1164 402 1253 459 DE
1300 399 1842 460 ECCLESIASTICA
1884 396 2286 456 TIIEOLOGIA
2326 395 2453 454 LIB.
2494 396 2535 456 I.
3391 402 3498 455 δη

201 522 390 594 ἓτερον
424 520 563 580 εἶναι
601 526 738 598 πλὴν
770 525 904 580 Θεοῦ
942 527 1125 598 μόνου,
1155 526 1220 579 δι’
1252 525 1373 579 ὅλου
1402 522 1496 577 τοῦ
1534 522 1768 593 πονηθέν

1900 522 2109 577 ciamus
2140 520 2393 589 agedum,
2438 520 2668 588 agedum
2706 518 2993 587 ﬁngamus,
3052 534 3155 589 age
3187 520 3419 577 conﬂem
3435 534 3499 573 us

202 630 298 679 τος
315 616 462 688 αὐτῷ
488 620 916 691 συγγράμματος
938 619 1381 683 κατασκευάζων,
1406 616 1470 670 ἶν’
1488 615 1769 689 ἀποκλείσῃ

1897 623 2155 669 statuam.
2189 612 2264 665 Ila
2299 612 2443 666 enim
2476 613 2734 681 supponit
2773 613 2937 666 Deum
2984 612 3277 683 aliquando
3306 616 3487 684 prolo-

199 706 280 778 τῷ
325 710 435 782 Υἱῷ
480 710 577 782 τὴν
629 712 882 783 πάροδον.
928 713 1088 766 ’Λλλά
1118 713 1213 765 καὶ
1246 710 1568 780 σεμνύνεται
1602 708 1769 779 αὐχῶι

1894 714 2101 766 culum,
2136 700 2425 756 Faciamus
2457 704 2720 756 hominem
2749 704 2814 757 ⁷⁷.
2842 704 3119 773 Nusquam
3144 714 3297 760 certe
3331 713 3490 761 vocat

199 801 302 853 ἕνα
354 801 485 855 Θεὸν
531 802 747 856 ειδέναι·
798 805 874 868 ὠς
930 804 1051 874 οὐχὶ
1103 804 1195 858 καὶ
1224 802 1383 874 ἡμῶν
1407 802 1566 857 τοῦτο
1597 802 1769 869 λεγόν⁴

1894 797 2130 851 Verbum
2168 796 2313 850 iutus
2342 796 2719 861 constitutum,
2748 800 3021 865 quomodo
3055 797 3206 867 loqui
3243 812 3360 851 mos
3394 805 3488 851 est

196 909 331 957 των,
362 893 452 947 τὸν
481 895 609 949 Υίὺν
654 895 747 950 τοῦ
778 896 913 951 Θεοῦ
948 896 1161 967 ἀληθῶς
1200 894 1330 948 Υίὸν
1376 890 1516 949 εἶναι
1546 892 1769 965 παραδε-

1892 890 1943 943 in
1982 890 2264 943 humanis:
2291 900 2347 943 at
2385 890 2656 944 interdum
2698 900 2854 944 vocat
2889 892 3268 954 indicativum,
3309 890 3487 945 simil-

198 985 519 1058 Bstypévwv,
558 990 688 1060 παρ’
705 989 869 1043 αὑτοῦ
883 987 1364 1060 ταμεμαθηκότων
1382 988 1479 1042 ἕνα
1495 986 1769 1058 γνωρίζειη

1888 984 2076 1039 limum
2110 995 2299 1039 nostro
2329 986 2493 1039 verbo
2516 985 2813 1058 prolatitio.
2846 984 3001 1039 Esset
3026 984 3131 1040 hoc
3162 985 3216 1039 in
3245 982 3487 1039 Sabellio

196 1077 353 1143 Θεὸν,
386 1080 549 1135 αὐτόν
579 1099 638 1135 τε
661 1078 801 1137 εἶναι
820 1082 955 1137 Θεὸν
988 1082 1123 1153 ὁμοῦ
1146 1084 1241 1138 καὶ
1264 1082 1486 1153 Πατέρα
1506 1078 1618 1151 (67)
1649 1078 1769 1132 Υἱοί

1887 1077 2108 1147 quidem
2186 1078 2511 1134 tolerabile:
2543 1079 2627 1132 vel
2673 1079 2723 1143 in
2758 1077 3072 1134 Judteorum
3140 1076 3325 1147 aliquo
3386 1075 3485 1147 qui

193 1170 295 1223 τοῦ
327 1172 669 1243 μονογενοῦς,
696 1176 891 1230 ἑαυτοῦ
907 1176 1114 1248 δηλαδὴ
1124 1176 1278 1240 ῧντος
1290 1173 1505 1247 ἀληθῶς
1520 1172 1651 1227 Υἱοῦ
1676 1171 1769 1244 πρέ

1886 1172 2004 1226 sine
2036 1171 2487 1239 tergiversatione
2518 1172 2696 1241 aliqua
2732 1170 2929 1226 Filium
2954 1171 3048 1225 Dei
3081 1178 3485 1241 pernegatttrua

194 1262 416 1316 πάντων
445 1264 656 1319 αίώνων
690 1265 750 1332 ἐξ
785 1266 951 1321 αὑτοῦ
976 1267 1368 1338 γεγενημένου,
1394 1266 1490 1319 καὶ
1518 1264 1579 1317 οὑ
1620 1263 1769 1336 μόνοι

1885 1273 2029 1319 esset
2066 1284 2080 1319 :
2119 1274 2174 1317 at
2206 1266 2330 1334 quis
2366 1266 2482 1320 haec
2511 1265 2783 1319 dicentem
2810 1263 3185 1319 Christianum
3212 1263 3388 1319 lerat?
3414 1263 3486 1318 At

191 1354 369 1423 Λόγου
413 1356 749 1429 κεκλημένου
801 1357 909 1431 πρὸ
940 1358 1037 1430 τῆς
1077 1357 1394 1429 ἀναλήψεως
1424 1356 1523 1427 τῆς
1554 1355 1769 1427 σαρκδςς

1887 1356 1979 1411 ille
2024 1356 2186 1412 veluti
2225 1359 2316 1427 qui
2372 1358 2701 1429 gloriaretur
2750 1358 2817 1413 de
2864 1356 3185 1423 Judaismo,
3249 1356 3482 1428 impium

191 1447 331 1519 ὅπερ
354 1448 387 1499 ό
416 1450 661 1517 γενναῖος
702 1449 1021 1522 διορίζεται,
1071 1450 1207 1503 ἀλλά
1244 1449 1339 1501 καὶ
1384 1447 1558 1520 μυρία
1590 1446 1769 1518 ἕτερα¹

1886 1450 2081 1521 dogma
2120 1460 2284 1519 atque
2323 1453 2548 1505 atheum
2590 1450 2891 1505 introducit
2941 1450 2993 1503 in
3035 1447 3359 1514 Ecclesiam,
3392 1446 3485 1503 Fi-

186 1542 217 1592 ό
235 1540 297 1594 δὲ
328 1539 435 1594 κάν
464 1540 659 1613 τούτῳ,
687 1542 788 1614 τῆς
809 1541 962 1607 θείας
980 1542 1207 1619 Γραφῆς
1234 1541 1651 1613 καταψεύδεται,
1672 1542 1769 1613 πρὸ

1886 1543 2017 1598 lium
2043 1544 2139 1599 Dei
2162 1545 2477 1615 neutiquam
2509 1545 2809 1609 exstitisse,
2858 1554 2986 1598 ante
3031 1541 3217 1596 mundi
3272 1541 3481 1611 produ—

183 1634 294 1705 τῆς
348 1636 615 1707 ἑνσάρκου
673 1636 978 1707 παρουσίας
1031 1637 1195 1713 μηδὲν
1234 1636 1422 1710 ἕτερον
1478 1636 1769 1708 κεκλῆσθαι

1886 1634 2119 1691 ctionem
2151 1655 2164 1691 :
2199 1653 2321 1691 cum
2349 1638 2467 1692 solo
2497 1636 2605 1692 Deo
2637 1647 2867 1706 excepto
2899 1634 3033 1690 nihil
3057 1634 3218 1705 plane
3240 1643 3483 1690 exstaret

184 1728 353 1782 αὑτὸν
376 1727 865 1801 ἀπισχυριζόμενος
890 1729 923 1799 ἢ
945 1729 1134 1799 Λόγον.

1886 1728 2004 1783 ibi:
2050 1730 2263 1799 hocque
2313 1729 2490 1801 ipsum
2540 1730 2921 1794 constabilire,
2961 1744 3059 1801 per
3106 1727 3300 1796 scripti
3331 1725 3481 1781 illius

185 1822 277 1877 sui
308 1835 619 1891 processum
649 1832 881 1878 conatur
914 1809 1230 1879 universum
1264 1840 1279 1878 :
1319 1824 1372 1879 in
1402 1839 1525 1881 eum
1578 1823 1765 1890 tinem,
1803 1832 1861 1879 ut
1893 1823 2033 1880 Filio
2098 1840 2319 1880 omnem
2385 1827 2592 1881 aditum
2628 1826 2695 1879 ad
2742 1824 3158 1880 subsistentiam
3210 1820 3481 1885 interclu-

184 1920 304 1975 dat.
342 1916 449 1975 Sed
481 1928 537 1975 et
563 1919 787 1991 insuper
817 1922 1170 1989 vehementer
1203 1923 1484 1991 gloriatur.
1519 1936 1580 1978 se
1610 1938 1775 1976 unum
1818 1924 2194 1978 tantummodo
2240 1924 2407 1978 Deum
2479 1938 2812 1995 agnoscere:
2877 1923 3037 1993 quasi
3072 1923 3176 1979 hoc
3221 1937 3321 1977 nos
3369 1936 3479 1975 non

182 2012 575 2069 conﬁteremur
603 2029 727 2071 cum
751 2015 866 2083 illo,
896 2016 989 2095 qui
1020 2026 1199 2082 tamen
1232 2017 1325 2081 Dei
1356 2032 1544 2079 revera
1575 2018 1773 2073 Filium
1812 2032 1937 2075 esse
1989 2020 2326 2088 accepimus,
2374 2028 2429 2075 et
2488 2019 2557 2074 ab
2596 2020 2828 2087 ipsemet
2869 2019 3035 2072 etiam
3102 2016 3244 2086 Filio
3309 2033 3479 2071 unum

182 2108 357 2165 Deum
389 2123 689 2181 agnoscere
722 2111 903 2168 edocti
942 2112 1167 2177 fuimus,
1199 2113 1485 2185 ipsumque
1520 2114 1687 2170 Deum
1708 2128 1830 2177 esse
1869 2098 2032 2171 simul
2052 2127 2217 2186 atque
2237 2114 2452 2171 Patrem
2481 2115 2605 2170 Filii
2630 2115 2923 2186 unigeniti,
2952 2116 3037 2170 sui
3062 2129 3259 2186 nempe
3278 2114 3479 2184 ipsius,

180 2201 281 2271 qui
313 2217 411 2259 nos
449 2204 529 2260 sic
552 2205 757 2272 docuit,
799 2208 892 2279 qui
942 2224 1068 2265 vere
1104 2208 1275 2270 Filius
1313 2210 1615 2265 exsistebat
1640 2220 1769 2265 ante
1814 2211 1999 2266 omnia
2040 2211 2262 2277 saecula,
2304 2212 2373 2267 de
2408 2211 2501 2267 illo
2552 2211 2717 2266 Patre
2775 2212 3013 2283 genitus,
3039 2225 3201 2281 quem
3239 2225 3345 2266 non
3382 2225 3475 2265 so,

182 2298 296 2352 tum
339 2298 576 2356 Verbum
648 2305 975 2374 compellare
1023 2304 1266 2361 solemus
1296 2346 1312 2372 ,
1364 2306 1529 2363 etiam
1567 2314 1695 2361 ante
1734 2318 2047 2378 susceptam
2071 2322 2315 2372 carnem,
2352 2308 2431 2361 uti
2459 2307 2610 2361 illum
2657 2303 3066 2362 circumscribit
3130 2305 3309 2360 bonus
3372 2304 3480 2359 iste

178 2398 291 2461 vir,
324 2396 419 2452 sed
452 2398 633 2454 multis
660 2399 781 2455 aliis
814 2401 1129 2457 nominibus
1157 2441 1174 2465 ,
1227 2402 1321 2472 qui
1386 2402 1492 2469 huc
1550 2402 1666 2472 ipso
1716 2401 1984 2467 mendacii
2046 2402 2296 2473 coarguit
2323 2400 2688 2471 Scripturam,
2734 2400 2870 2458 dum
2915 2399 3297 2456 vehementius
3329 2411 3480 2455 asse-

176 2500 339 2546 verat
390 2489 540 2548 illum
588 2492 736 2550 nullo
765 2493 872 2550 alio
920 2494 1142 2549 nomine
1197 2494 1475 2551 exstitisse
1502 2502 1716 2563 notum,
1748 2502 1879 2549 ante
1910 2508 2065 2549 suam
2100 2495 2559 2549 incarnationem.

2418 2596 2481 2655 >11
2508 2587 2663 2646 CAP.
2716 2586 2900 2643 XVIII.

175 2676 383 2753 'oawc
428 2678 544 2747 πρὸ
590 2678 705 2753 Ξῆς
752 2629 1265 2752 ένοῖῖθῶἷεένεοκ
1334 2671 1539 2753 amr;
1564 2680 1769 2753 mpm

1885 2683 2037 2752 Quod
2066 2684 2285 2753 animiet
2335 2629 2688 2753 Filiiimﬂiante
2718 2685 3048 2753 assumptum
3089 2693 3309 2753 earnest

248 2746 522 2824 {gnam
534 2746 847 2824 firmatis:
893 2746 1030 2824 Υῖὸν
1052 2746 1103 2822 ἦ
1122 2746 1338 2823 Λόγον,
1383 2751 1547 2820 αὐτῷ
1578 2746 1774 2824 μόὶὋν

249 2818 460 2888 ὅμοιον
484 2820 566 2887 τῷ
591 2821 726 2891 παρ’
750 2818 1104 2893 ἀνθρὼποις’.

261 2909 597 2964 Ἕπάκουσον
643 2909 797 2980 γοῦν,
839 2911 917 2975 ὡς
952 2904 1389 2977 διαϐεϐαιοῦται,
1437 2911 1621 2974 αὐτοῖς
1672 2910 1773 2982 Μ’

179 3018 316 3074 μασι
366 3001 554 3057 τοῦτον
594 3004 823 3077 γράφων
861 3003 955 3058 τὸν
994 3004 1197 3077 τρόπον
1214 3022 1228 3036 ·
1285 3024 1304 3057 t
1352 3004 1515 3058 Ὥστε
1564 3019 1772 3057 παντα-

180 3116 202 3151 σ
250 3096 409 3169 κόθεν
442 3096 554 3170 (68)
592 3098 718 3152 ἐστὶ
748 3097 929 3170 δῆλον,
965 3099 1129 3172 μηδὲν
1162 3099 1350 3172 ἕτερον
1391 3100 1458 3171 τῇ
1506 3097 1770 3170 ἀῖδιότητι

181 3208 202 3241 t
247 3186 347 3243 τοῦ
368 3187 541 3258 Λόγου
570 3188 864 3261 ἁρμόττειν
889 3188 1079 3260 ὄνομα,
1118 3188 1151 3260 ἢ
1180 3187 1350 3256 τοῦθ’,
1382 3189 1520 3261 ὅπερ
1542 3190 1572 3242 ὁ
1602 3186 1773 3256 ἁγιώ-

178 3302 201 3337 s
247 3298 410 3346 τατος
442 3280 537 3335 τοῦ
569 3280 704 3335 Θεοῦ
749 3280 999 3353 μαθητὴς
1036 3280 1131 3334 καὶ
1163 3279 1460 3343 ἀπόστολος
1495 3279 1769 3351 Ἰωάννης,

178 3395 199 3429 ι
248 3376 309 3427 ἑν
359 3375 500 3447 ἀρχῇ
551 3373 646 3427 τοῦ
700 3372 1036 3442 Εὐαγγελίου
1086 3372 1329 3446 εἴρηκεν.
1387 3372 1608 3445 Ἐπειδὴ
1662 3371 1771 3445 γὰρ

180 3486 199 3519 t
255 3465 396 3538 μετά
440 3465 539 3538 τὴν
584 3465 686 3536 τῆς
740 3466 942 3538 σαρκὸς
981 3465 1246 3537 ἀνάληψιν
1294 3465 1532 3538 Χριστός
1576 3481 1637 3519 τε
1680 3464 1773 3519 καὶ

174 3577 197 3610 e
261 3556 469 3629 Ἰησοῦς
496 3556 845 3631 κηρύττεται,
874 3556 987 3629 ζωή
1020 3575 1080 3611 τε
1115 3558 1208 3611 καὶ
1247 3557 1399 3624 ὁδὸς,
1454 3557 1550 3611 καὶ
1590 3557 1771 3629 ἡμέρα

178 3666 200 3700 ε
249 3650 346 3703 καὶ
376 3649 710 3716 ἀνάστασις,
756 3648 851 3705 καὶ
901 3647 1041 3720 θύρα
1105 3648 1200 3703 καὶ
1246 3648 1448 3721 ἄρτος,
1496 3649 1593 3701 καὶ
1639 3648 1693 3703 εῐ
1714 3666 1770 3703 τι

174 3759 197 3792 t
245 3740 437 3812 ἕτερον
492 3741 600 3795 ὑπὸ
659 3740 771 3795 τῶν
816 3740 979 3797 θείων
1025 3740 1344 3813 ὀνομάζοιτο
1398 3741 1652 3814 Γραφῶν,
1708 3741 1770 3796 οὑ

175 3854 196 3888 t
248 3834 405 3906 παρά
458 3834 616 3889 τοῦτο
658 3835 873 3905 ἀγνοεῖν
928 3836 1076 3908 ἡμᾶς
1122 3836 1390 3905 προσήκει
1448 3834 1510 3889 τὸ
1556 3834 1772 3907 πρῶτον

1945 2748 2166 2823 ρι-ονειὶε
2202 2752 2353 2808 aliud
2384 2752 2646 2807 exstitisse
2667 2766 2829 2819 quam
2880 2748 3129 2811 Verberat.
3162 2748 3473 2810 consimilit-

1948 2841 2096 2879 nttutt
2118 2824 2353 2878 humano
2384 2824 2560 2878 verbo.

1948 2918 2086 2974 Audi
2108 2928 2293 2973 autem
2311 2917 2586 2988 quomodo
2602 2916 2705 2971 hoc
2725 2915 2901 2987 ipsum
2920 2914 3140 2975 doceat,
3160 2913 3289 2969 dum
3308 2912 3482 2969 diser.

1874 3009 1947 3065 tis
1970 3009 2191 3079 quidem
2208 3007 2400 3081 verbis
2419 3009 2493 3063 ita
2527 3007 2721 3063 scribit
2750 3004 2842 3080 [Β.
2866 3004 3141 3079 XXXVII}
3166 3022 3212 3059 ει
3234 3005 3385 3059 Adeo
3417 3012 3481 3060 It

1880 3118 1901 3153 ι
1944 3100 2102 3171 plane
2123 3101 2272 3156 omni
2292 3100 2454 3155 modo
2486 3100 2837 3165 manifestum
2864 3100 3049 3167 fuerit,
3071 3098 3279 3155 nullum
3309 3098 3479 3155 alium

1880 3208 1900 3241 ι
1944 3203 2140 3247 nomen
2167 3190 2455 3245 teternltati
2480 3187 2639 3245 Verbi
2657 3190 3047 3247 convenienter
3068 3190 3476 3255 ascribendum,

1880 3304 1898 3335 ι
1942 3299 2103 3354 quam
2128 3283 2234 3339 hoc
2258 3282 2459 3353 ipsum,
2483 3284 2628 3354 quod
2658 3298 2688 3337 a
2719 3284 3068 3340 sanctissimo
3102 3283 3199 3339 Dei
3224 3282 3481 3353 apostolo

1880 3394 1900 3428 ι
1942 3386 1997 3431 et
2026 3375 2298 3445 discipulo
2342 3374 2577 3443 Joanne,
2629 3377 2681 3431 in
2722 3377 2998 3449 principio
3026 3377 3251 3448 ponitur
3289 3374 3475 3431 Evano

1880 3489 1901 3522 ι
1941 3467 2087 3541 gelii.
2154 3468 2438 3541 Siquidem
2492 3471 2558 3537 is,
2618 3479 2744 3539 post
2798 3479 3134 3542 assumptam
3201 3484 3473 3535 carnem,

1881 3582 1910 3627 ι,
1939 3563 2191 3619 Christus
2229 3571 2284 3618 et
2308 3560 3080 3634 lesusprtedicaturnitaque
3102 3570 3161 3619 et
3190 3562 3300 3627 via,
3332 3562 3470 3629 dies,

1880 3675 1907 3719 ι
1946 3657 2300 3722 resurrectio,
2337 3656 2563 3723 ostium,
2594 3656 2773 3727 panis,
2810 3666 2864 3714 et
2897 3662 3018 3728 quia
3039 3665 3241 3713 cetera
3271 3655 3347 3711 illi
3375 3668 3476 3711 no-

1881 3767 1900 3799 ι
1948 3749 2090 3804 mina
2151 3749 2205 3803 iu
2266 3748 2568 3820 Scripturis
2635 3750 3009 3805 sacrosanctis
3069 3749 3467 3811 ascribuutur,

1883 3861 1909 3899 ι
1949 3852 2129 3903 tamen
2170 3859 2277 3898 non
2308 3844 2570 3899 debemus
2612 3845 2889 3913 ignorare,
2923 3843 3068 3913 quod
3113 3841 3369 3912 princeps
3394 3840 3473 3897 illi

178 3949 199 3983 ι
247 3930 443 4000 ὄνομα.
478 3929 559 3983 ὅτι
597 3927 771 3999 Λόγος
813 3926 924 3999 (69)
968 3922 1060 4002 ἦν.
1104 3927 1205 3982 Διά
1232 3928 1393 3982 τοῦτο
1436 3926 1569 3999 γὰρ,
1602 3926 1698 3981 καὶ
1747 3929 1769 3981 ό

1885 3952 1903 3986 ι
1949 3948 2143 3995 nomen
2196 3932 2434 3993 Verbum
2486 3932 2685 3991 fuerat.
2718 3931 2801 3991 0b
2851 3934 2992 4015 hanc
3024 3932 3199 4003 ipsam
3248 3945 3472 3989 causam

173 4041 195 4076 ε
241 4022 550 4093 ἀγιώτατος
591 4022 983 4095 εὐαγγελιστὴς
1011 4022 1106 4076 καὶ
1143 4021 1389 4094 μαθητὴς
1411 4021 1504 4075 τοῦ
1534 4018 1762 4093 Κυρίου,

172 4136 195 4171 s
244 4115 451 4187 σφόδρα
485 4114 805 4189 ἐγρηγορὼς
833 4116 913 4188 τῷ
945 4114 1237 4188 πνεύματι,
1266 4114 1366 4186 τῆς
1399 4112 1606 4170 ἀνωθεν
1642 4131 1771 4185 μνη-

172 4230 191 4263 s
245 4209 489 4282 μονεὺων
522 4191 735 4286 ἀρά-ῆς,
773 4210 868 4263 καὶ
923 4207 1147 4282 μηδενὸς
1186 4207 1299 4279 (70)
1345 4207 1633 4279 νεωτέρου,
1674 4206 1771 4260 Ἑν

170 4322 192 4355 s
242 4302 403 4391 ἀρχῇ
443 4297 581 4386 ἧνό
618 4302 829 4382 Λόγος,
874 4299 1000 4391 ἔφη,
1043 4299 1143 4355 καί
1182 4303 1216 4354 ό
1254 4300 1446 4369 Λόγος
1493 4294 1575 4368 ἦν
1618 4296 1769 4391 πρὸς

171 4416 191 4448 t
241 4389 363 4450 τόγ’
387 4392 559 4459 Θεὸν,
586 4394 685 4449 καὶ
726 4393 871 4460 Θεὸς
906 4389 986 4464 ἦν
1021 4396 1055 4448 ό
1081 4395 1294 4464 Λόγος,
1330 4393 1418 4445 ἵνα
1446 4391 1597 4465 δείξῃ
1630 4390 1685 4443 εἴ
1712 4408 1766 4444 τι

172 4508 193 4534 σ
244 4487 430 4553 καινὸν
455 4488 551 4541 καὶ
590 4486 852 4559 νεώτερον
879 4486 1070 4557 ὄνομα,
1102 4484 1244 4539 τοῦτ’
1284 4485 1392 4538 ἀπὸ
1426 4485 1525 4555 τῆς
1574 4483 1767 4554 καινῆς

169 4601 194 4637 s
244 4581 393 4653 αὑτῷ
440 4581 536 4635 καὶ
574 4580 702 4645 νέας
731 4579 940 4652 ὑπῆρξε
974 4578 1117 4643 κατά
1162 4578 1340 4649 σάρκα
1383 4576 1713 4647 οἰκονομίας.
1742 4595 1761 4627 ι

166 4675 284 4730 Καὶ
315 4673 444 4746 ἑξῆς
491 4674 765 4742 ἐπιλέγειο
809 4691 827 4723 ι
857 4671 1087 4734 Οὐκοῦν,
1133 4669 1241 4741 πρὸ
1286 4669 1387 4740 μὲν
1428 4667 1524 4722 τοῦ
1574 4666 1768 4720 κατελ-

171 4790 193 4822 ε
244 4768 358 4823 θεῖν
410 4769 504 4822 καὶ
554 4766 642 4821 διὰ
687 4767 788 4837 τῆς
826 4765 1102 4838 Παρθένου
1146 4762 1438 4835 τεχθῆναι,
1487 4762 1659 4830 Λόγος
1698 4756 1766 4833 ἦν

156 4885 176 4913 α
246 4861 428 4935 μόνον.
467 4861 643 4928 Ἐπεὶ,
673 4860 727 4912 τί
757 4859 871 4931 (71)
906 4859 1093 4931 ἓτερον
1123 4852 1216 4929 ἦν,
1248 4856 1355 4927 πρὸ
1386 4855 1483 4909 τοῦ
1528 4855 1629 4927 τὴν
1668 4856 1764 4909 ἀν-

156 4978 176 5007 ε
243 4954 527 5027 θρωπίνην
551 4953 841 5019 ἀναλαὸεϊν
868 4954 1047 5026 σάρκα
1079 4951 1141 5007 τὸ
1178 4949 1437 5003 κατελθὸν
1468 4949 1556 5002 ἔπ’
1598 4947 1763 5019 ὲσχά-

157 5074 176 5103 ι
240 5066 353 5105 των
380 5047 491 5102 τῶν
530 5046 791 5119 ήμερῶν;
834 5045 908 5110 ὡς
944 5032 1044 5098 καὶ
1077 5042 1242 5121 αὐτὸς
1284 5041 1514 5113 ἔγραφε.
1562 5041 1673 5093 Καὶ
1704 5040 1767 5093 τὸ

157 5165 175 5195 ι
238 5140 503 5214 γεννηθὲν
528 5143 594 5194 ὲκ
643 5140 741 5211 τῆς
787 5138 948 5208 ἀγίας
982 5136 1281 5210 Παρθένου,
1322 5136 1475 5189 οὐδὲν
1506 5135 1695 5207 ἕτερον
1728 5134 1763 5205 ἢ

159 5260 201 5293 c,
247 5236 483 5306 Λόγος.»
534 5233 647 5287 Καὶ
693 5232 856 5287 πάλιν
908 5230 1192 5303 ἐπιφέρει·
1249 5250 1267 5282 ‹
1304 5228 1575 5299 Πρότερον
1634 5228 1761 5301 γὰρ,

160 5344 178 5378 ι
241 5324 435 5395 ὥσπερ
481 5322 739 5386 πολλάκις
773 5322 931 5394 Εφην,
956 5322 1109 5375 οὐδὲν
1138 5322 1323 5393 ἕτερον
1354 5317 1423 5393 ἦν
1458 5320 1491 5391 ἢ
1522 5320 1711 5389 Λόγος.
1738 5340 1757 5371 ›

253 5473 315 5534 ὥ
353 5466 451 5525 Ed.
477 5466 678 5533 Paris.,
698 5481 821 5537 pag.
846 5466 932 5523 8t.
985 5466 1029 5496 ⁷⁷
1064 5464 1200 5519 Gen.
1240 5482 1281 5531 ι,
1314 5463 1405 5520 26.
1480 5463 1527 5494 "
1554 5460 1714 5517 Joan.
1740 5477 1779 5528 ι,
1814 5463 1865 5517 1.

246 5632 364 5703 (67)
408 5634 515 5688 Καὶ
546 5633 684 5688 Υιὸν
704 5633 1097 5702 μονογενοῦς.
1149 5629 1319 5703 ΡεὶιοιΔ
1362 5629 1649 5703 legendum
1677 5630 1765 5703 (ex

176 5700 493 5775 codd.'dedi
521 5700 743 5775 Πατέρα
774 5700 906 5775 me
942 5704 1033 5775 τοῦ
1061 5720 1179 5773 μον.
1216 5711 1265 5755 et
1291 5700 1463 5775 deler
1506 5716 1631 5775 mox
1656 5702 1765 5754 τῶν

178 5785 308 5831 ante
338 5772 568 5843 αἰώνων)
602 5771 821 5845 Πατέρα
846 5774 981 5827 Υίοῦ
1038 5771 1381 5845 μονογενοῦς.
1428 5771 1621 5845 Statim
1655 5788 1768 5845 *ζο-

174 5845 378 5909 scribe,
409 5846 495 5899 ὅδε
522 5834 629 5900 κ’ᾱν
657 5834 831 5916 τούτῳ
860 5845 963 5916 [sic
994 5834 1057 5903 et"
1075 5834 1257 5913 codd,
1296 5834 1455 5915 vulgo
1477 5834 1626 5899 sed.
1654 5841 1726 5898 st.

248 5916 361 5989 (68)
395 5916 559 5989 Vulgo
593 5918 709 5971 ἐστὶ
734 5916 914 5988 δῆλον.

1878 4042 1896 4075 s
1940 4024 2318 4079 sanctissimus
2359 4023 2693 4093 evangelista
2749 4032 2805 4078 et
2867 4021 3167 4092 discipulus
3215 4020 3469 4086 Domini,

1881 4133 1902 4167 ο
1946 4114 2101 4171 valde
2125 4116 2347 4187 quidem
2374 4116 2461 4171 ille
2485 4117 2680 4186 spiritu
2711 4116 2973 4187 vigilans,
3004 4116 3095 4170 ubi
3122 4114 3291 4178 illius,
3321 4112 3471 4183 quod

1880 4230 1899 4261 ι
1937 4222 2057 4266 erat
2080 4210 2148 4265 ab
2176 4212 2325 4270 omni
2357 4220 2507 4266 retro
2541 4210 2849 4266 aeternitate
2885 4209 3144 4279 principii
3188 4207 3466 4271 meminit,

1880 4321 1898 4354 ι
1945 4317 2044 4357 nec
2072 4301 2301 4359 inferius
2328 4304 2688 4369 descendens,
2730 4302 2800 4358 In
2832 4302 3115 4373 principio,
3153 4301 3314 4366 dixit,
3353 4309 3468 4355 erat

1878 4412 1897 4445 ι
1948 4392 2171 4449 Verbum
2195 4410 2214 4448 :
2245 4406 2294 4449 et
2347 4393 2571 4449 Verbum
2634 4404 2747 4449 erat
2787 4396 2928 4463 apud
2970 4394 3139 4448 Deum
3166 4411 3186 4445 :
3226 4404 3273 4452 et
3325 4392 3466 4447 Delta

1878 4507 1894 4539 I
1932 4497 2044 4541 erat
2091 4486 2229 4542 illud
2280 4486 2511 4543 Verbum
2527 4488 2596 4552 ⁷⁸,
2652 4498 2709 4542 ut
2740 4488 2820 4543 sic
2859 4486 3203 4552 ostenderet,
3240 4487 3285 4541 si
3317 4485 3466 4556 quod

1878 4600 1895 4631 ι
1938 4580 2083 4635 aliud
2111 4581 2177 4636 de
2201 4595 2340 4635 novo
2362 4592 2418 4636 et
2441 4582 2703 4637 novitium
2735 4581 2811 4635 illi
2846 4579 3213 4649 adaptahatur
3240 4593 3464 4644 nomen,

1877 4691 1895 4723 ι
1941 4674 2068 4727 illud
2093 4673 2143 4728 ei
2177 4672 2497 4738 accessisse,
2532 4688 2560 4727 a
2594 4688 2732 4727 nova
2765 4672 2855 4731 illa
2884 4686 2982 4726 sua
3015 4670 3315 4728 secundum
3341 4685 3467 4725 car-

1877 4784 1894 4817 ι
1940 4781 2060 4820 uem
2086 4765 2514 4835 dispensatione.
2566 4784 2586 4818 ι
2620 4763 2832 4832 Quibus
2858 4763 3114 4832 adiunxit
3140 4763 3194 4817 in
3228 4777 3468 4832 sequen-

1870 4859 2053 4913 tibus:
2092 4878 2110 4911 ι
2148 4860 2419 4926 Quocirca
2448 4859 2766 4938 priusquam
2789 4858 2897 4913 huc
2925 4857 2993 4911 ad
3033 4872 3133 4913 nos
3162 4857 3462 4913 descende-

1876 4970 1895 5003 ι
1940 4958 2042 5016 ret,
2077 4962 2131 5007 et
2176 4954 2243 5007 de
2295 4952 2513 5023 Virgine
2555 4960 2892 5017 nasceretur,
2923 4949 3156 5007 Verbum
3192 4964 3293 5006 nec
3327 4965 3467 5020 pra:-

1873 5064 1893 5097 t
1935 5059 2079 5100 terea
2111 5046 2405 5117 quidquam
2430 5046 2551 5103 fuit.
2578 5047 2713 5101 Nam
2741 5047 2868 5118 quid
2907 5055 3025 5099 erat
3048 5044 3191 5097 aliud
3210 5083 3225 5107 ,
3254 5057 3466 5112 quaeso,

1874 5158 1891 5189 ι
1938 5139 2250 5208 priusquam
2290 5140 2579 5194 humanam
2629 5150 2931 5196 assumeret
2966 5152 3210 5201 carnem,
3240 5136 3289 5190 id
3320 5135 3469 5205 quod

1875 5252 1893 5281 ‹
1937 5233 2214 5288 descendit
2245 5233 2296 5287 in
2323 5234 2632 5289 novissimis
2665 5233 2892 5289 diebus?
2917 5230 3060 5302 quod
3096 5240 3151 5284 et
3186 5228 3361 5293 ipsum
3400 5228 3469 5283 ab

1877 5342 1895 5375 ι
1935 5340 2001 5381 eo
2036 5326 2296 5396 scriptum
2323 5323 2641 5381 afﬁrmatur.
2672 5327 2980 5390 Enimvero,
3011 5321 3153 5392 quod
3178 5323 3245 5375 de
3278 5328 3469 5373 sancta

1942 5636 2055 5704 (69)
2083 5637 2254 5703 Vulgo
2286 5637 2380 5690 ὧν.

1945 5699 2057 5777 (70)
2084 5699 2213 5763 Post
2240 5713 2291 5762 It.
2329 5726 2377 5759 v.
2412 5707 2476 5762 li.
2503 5707 2763 5777 ὀνόματος
2782 5703 3025 5777 ἐμνήσθη
3043 5702 3125 5757 vel
3142 5700 3319 5757 simile
3336 5699 3472 5773 quid

1871 5779 2139 5834 excidisse
2171 5781 2362 5835 credit.

1942 5850 2054 5922 (7t)
2080 5849 2254 5926 Vulgo
2282 5845 2349 5921 ἦν
2380 5851 2599 5922 ἕτεροις
2634 5865 2758 5908 mox
2798 5847 2953 5921 vulgo
2982 5842 3212 5925 ἔγραψε.
