4068 6316
580 299 687 356 865
1247 293 1332 351 Ευ
1344 291 1516 348 SEBII
1555 290 2034 350 CESARIENSIS
2071 291 2172 346 OPI

2275 290 2445 347 PARS
2482 290 2570 346 IV.
2613 323 2680 334 —
2719 291 3138 350 οοοιίΑτιοΑ.
3729 287 3835 340 86's

588 438 606 470 ι
651 415 868 486 Virgine
899 413 1247 476 nascebatur,
1293 411 1424 468 nihil
1460 413 1560 468 nisi
1602 413 1834 467 Verbum
1865 423 2000 467 erat.
2045 431 2063 463 ι
2095 411 2158 466 Et

2275 413 2371 465 Kal
2401 411 2752 482 προστίθησιν
2778 406 2932 474 αὖθις
2960 410 3186 479 φάσκων
3204 427 3217 439 ·
3255 427 3274 460 ι
3308 408 3368 462 ’0
3400 407 3500 476 μὲν
3528 404 3642 474 γάρ
3663 403 3835 469 Λόγος

583 504 852 561 subinfert
867 505 1043 560 denuo
1063 502 1156 576 [Β.
1185 502 1344 558 XLIII
1362 502 1486 560 coll.
1511 520 1565 573 p.
1587 504 1680 566 35,
1701 503 1759 555 D.
1781 501 1850 556 ἢ.
1884 497 2147 574 ΧΧΧῪΙ]

2321 505 2380 556 ὲν
2427 503 2569 574 ἀρχῇ
2609 499 2697 575 ἦν,
2737 504 2900 576 μηδὲν
2946 503 3131 574 ἓτερον
3175 501 3251 556 ὢν
3296 501 3329 571 ἢ
3369 499 3560 567 Λόγος·
3593 498 3624 549 ὁ
3657 496 3712 549 δὲ
3762 494 3837 563 τῷ

588 620 605 652 ι
655 598 812 653 Prius
843 598 1013 662 enim,
1046 599 1120 652 uti
1153 599 1354 652 dictum
1382 606 1466 652 est
1495 611 1656 666 saepe,
1700 595 1832 680 nihil
1881 596 1985 650 nisi
2022 593 2152 649 Ver-

2321 595 2479 665 Λάγῳ
2515 594 2736 659 ἑνωθεὶς
2783 595 3091 667 ἄνθρωπος,
3133 595 3233 648 οὑκ
3265 593 3341 646 ὣν
3377 591 3645 662 πρότερον
3677 591 3839 654 γέγο-

587 709 604 738 σ
649 689 774 742 bum
793 688 991 743 fuerat.
1033 707 1052 740 ›
1101 687 1181 742 Ad
1227 702 1346 757 qua:
1390 687 1639 754 deinceps
1687 684 1951 739 accedunt
2003 686 2148 738 ista:

2323 705 2410 740 νεν
2458 687 2761 758 ἄνθρωπος,
2791 687 2866 751 ὡς
2907 687 3145 740 διδάσκει
3193 687 3341 756 ἡμᾶς
3389 683 3502 754 (72)
3536 681 3798 747 Ἰωάννης
3821 693 3834 705 ³

585 800 602 829 ι
651 780 884 834 Verbum
910 780 1123 848 quidem
1158 780 1208 833 in
1251 779 1518 850 principio
1555 787 1690 838 erat.
1718 777 1850 832 nihil
1887 777 2154 832 essistens

2275 798 2277 827 ῖ
2325 778 2434 833 Καὶ
2467 780 2500 830 d
2548 779 2743 848 Λόγος
2786 775 2944 845 σὰρξ
2995 775 3249 845 ἐγένετο.
3305 771 3404 826 Διά
3448 769 3610 823 τοῦτο
3655 767 3837 818 τοίνυν

587 891 604 918 α
649 871 818 934 aliud,
845 887 1006 941 quam
1031 869 1291 927 Verbum.
1328 871 1500 928 Verbo
1529 869 1866 924 autem‘huic
1898 870 2153 924 adunitus

2275 890 2278 922 ξ
2324 869 2417 923 τοῦ
2449 871 2623 938 Λόγου
2661 869 3014 941 μνημονεύων
3054 867 3300 936 φαίνεται
3347 864 3524 935 μόνον.
3557 862 3684 914 Εἴτε
3724 857 3838 928 γὰρ

586 980 604 1011 ι
653 962 836 1024 homo,
867 977 988 1016 cum
1013 963 1162 1031 prius
1177 978 1282 1018 non
1300 972 1472 1028 esset,
1501 962 1662 1016 homo
1683 959 1863 1024 ﬂebat,
1889 960 2030 1028 quod
2055 974 2154 1014 nos

2275 982 2279 1015 ι
2338 962 2533 1034 Ἰησοῦ,
2571 963 2682 1016 εῐτε
2714 960 2950 1034 Χριστοῦ
2979 960 3238 1032 ὀνόματος
3281 955 3609 1030 μνημονεύω
3645 954 3680 1023 ἡ
3714 949 3838 1004 θεία

585 1074 602 1104 ι
655 1053 836 1108 docuit
877 1051 1155 1109 Joannes:
1191 1053 1260 1108 Et
1309 1053 1528 1109 Verbum
1576 1067 1700 1106 caro
1746 1055 1943 1120 factum
1976 1061 2052 1104 est
2083 1052 2152 1115 "’,

2275 1073 2278 1106 t
2328 1053 2535 1124 Γραφὴ,
2562 1052 2652 1106 τὸν
2687 1052 2823 1122 μετά
2850 1051 2951 1121 τῆς
2973 1048 3316 1122 ἀνθρωπίνης
3353 1045 3482 1100 ὅντα
3511 1040 3718 1115 σαρκὸς
3737 1036 3837 1092 τοῦ

589 1164 606 1193 ι
649 1153 708 1199 ut
751 1145 918 1201 solius
962 1144 1126 1200 Verbi
1162 1147 1409 1201 videatur
1445 1147 1514 1199 ob
1565 1145 1671 1199 hoc
1720 1144 1892 1214 ipsum
1957 1142 2158 1198 fecisse

2275 1165 2281 1198 l
2329 1145 2465 1200 Θεοῦ
2499 1146 2669 1213 Λόγον
2694 1143 2983 1215 ὀνομάζειν
3022 1143 3290 1212 φαίνεται.
3323 1140 3386 1193 Ei
3407 1137 3463 1191 δέ
3498 1153 3582 1198 τις
3609 1130 3839 1203 ml.ch

557 1273 560 1276 .
590 1255 608 1284 ι
653 1239 1004 1293 mentionem.
1051 1236 1183 1292 Nam
1230 1237 1344 1292 sive
1375 1237 1600 1300 Christi,
1631 1251 1726 1290 seu
1755 1234 1990 1290 nominis
2027 1231 2154 1290 Jesu

2275 1257 2281 1290 ι
2325 1238 2425 1308 τῆς
2456 1237 2599 1300 Νέας
2623 1235 2914 1306 Διαθήκης.
2935 1234 3044 1304 (75)
3073 1231 3167 1286 τοῦ
3196 1228 3454 1301 Χριστοῦ,
3482 1225 3619 1279 Υἱοῦ
3647 1225 3839 1294 ὄνομα,

589 1349 609 1381 ι
655 1330 998 1387 meminerint
1027 1344 1196 1384 sacrm
1213 1329 1451 1394 Littera,
1479 1329 1727 1384 videntur
1746 1328 1833 1382 his
1850 1327 2158 1382 nominibus

2275 1348 2281 1382 l
2328 1329 2439 1398 (74)
2464 1327 2540 1400 τῷ
2573 1327 2730 1398 Λόγῳ
2760 1327 2906 1398 μόνῳ
2947 1324 3219 1379 δεικνύναι
3254 1320 3514 1376 δύνασθαι
3562 1313 3840 1385 ἐπαγγέλ-

593 1440 612 1472 ι
648 1420 972 1497 compellare
995 1418 1231 1475 Verbum
1275 1420 1403 1474 illud
1447 1420 1565 1484 Dei,
1608 1424 1666 1484 r14
1707 1429 1829 1490 post
1852 1428 2155 1486 susceptam

2275 1440 2282 1473 l
2325 1421 2489 1483 λοιτο,
2515 1419 2736 1491 εὑρήσει
2765 1417 2924 1471 τοῦτο
2951 1413 3302 1488 προφητικῶς
3337 1409 3647 1483 εἰρημένον.
3674 1426 3694 1458 s
3731 1406 3845 1460 Καὶ

592 1533 610 1562 ι
653 1527 894 1570 carnem.
957 1511 1109 1578 Quod
1152 1512 1196 1565 si
1254 1512 1380 1582 quis
1431 1511 1698 1580 receperit
1726 1525 1782 1566 se
1814 1519 2155 1566 ostensurum

2275 1511 2380 1581 μεθ’
2422 1512 2584 1582 ἕτερα
2632 1512 2827 1580 ἐπάγει
2869 1509 3079 1579 λέγων·
3127 1525 3145 1557 ι
3177 1503 3415 1566 Εἰκότως
3457 1497 3552 1554 οὖν
3591 1498 3705 1570 πρὸ
3744 1497 3844 1566 τῆς

592 1626 610 1655 ι
656 1617 846 1659 nomen
878 1602 1098 1670 Christi,
1130 1601 1289 1665 Filii,
1321 1611 1447 1657 ante
1481 1601 1616 1655 Novi
1643 1601 1981 1657 Testamenti
2020 1609 2158 1654 tem-

2275 1623 2284 1656 l
2327 1603 2554 1657 καθόδου
2597 1603 2758 1658 τοῦτο
2823 1598 2914 1674 ἦν,
2971 1603 3106 1672 ὅπερ
3154 1597 3412 1660 πολλάκις
3457 1594 3693 1664 ἔφαμεν,
3733 1588 3843 1659 (75)

595 1715 612 1744 ι
653 1710 780 1763 pora
800 1704 1141 1763 usurpatum,
1167 1705 1221 1749 et
1242 1692 1413 1748 Verbo
1437 1694 1752 1761 ascriptum,
1772 1691 1818 1746 is
1840 1690 1976 1746 sciat
1995 1703 2156 1758 opor-

2275 1715 2286 1747 l
2333 1696 2535 1764 Λόγος·
2568 1696 2706 1766 μετά
2747 1696 2803 1749 δὲ
2835 1695 2932 1766 τὴν
2961 1693 3205 1755 κάθοδον,
3235 1691 3330 1744 καὶ
3366 1690 3463 1760 τὴν
3504 1687 3605 1758 τῆς
3646 1682 3848 1756 σαρκὸς

598 1805 616 1835 ι
661 1794 756 1852 tet,
795 1785 910 1841 haec
954 1785 1135 1839 omnia
1173 1783 1487 1855 prophetice
1543 1783 1616 1836 ita
1653 1782 1818 1837 dicta.
1857 1800 1877 1834 ι
1931 1780 1999 1836 Et
2039 1787 2163 1851 post

2275 1806 2290 1839 t
2336 1763 2602 1859 ἀνάληψιν
2663 1763 2935 1858 διαφόρων
2999 1785 3094 1839 καὶ
3155 1783 3266 1837 τῶν
3319 1779 3634 1852 ὲπηγοριῶν
3687 1774 3846 1829 τετύο

590 1887 782 1932 caetera
819 1875 1087 1931 subinfert
1123 1875 1373 1945 inquiens
1400 1891 1417 1926 ι
1452 1892 1471 1926 ι
1511 1873 1628 1930 Νοιι
1662 1873 1931 1930 immerito
1960 1873 2157 1944 igitur,

2275 1898 2293 1931 ι
2338 1896 2492 1950 χηκε.
2523 1898 2540 1931 ι
2584 1879 2770 1932 Ταῦτα
2815 1880 2916 1950 μὲν
2942 1875 3054 1942 οὖν,
3080 1877 3146 1932 δι’
3180 1870 3255 1930 ὧν
3280 1872 3599 1946 Μάρκελλος
3631 1868 3846 1923 tuim-

597 1989 614 2018 ι
664 1969 768 2034 iam
817 1983 959 2040 saepe
1002 1967 1263 2031 diximus,
1302 1976 1428 2022 ante
1472 1983 1628 2023 suum
1667 1967 1986 2035 descensum
2043 1974 2162 2022 erat

2275 1989 2378 2035 ται,
2417 1970 2506 2024 τὸν
2545 1973 2643 2042 μὲν
2672 1972 2799 2025 Υίὸν
2826 1971 2918 2025 τοῦ
2956 1970 3091 2024 Θεοῦ
3117 1970 3211 2023 τὸν
3245 1969 3393 2032 ὄντα,
3423 1966 3520 2019 καὶ
3546 1962 3731 2028 ζῶντα
3755 1962 3849 2014 καὶ

595 2082 611 2110 ι
651 2058 887 2114 Verbum
914 2077 929 2113 :
958 2067 1081 2130 post
1111 2059 1430 2113 descensum
1453 2067 1508 2112 et
1532 2057 1712 2114 carnis
1732 2057 2153 2126 assumptionem

595 2175 614 2206 ι
654 2156 832 2210 varias
873 2154 1067 2209 exinde
1112 2152 1500 2223 appellationes
1540 2152 1796 2208 obtinuit.
1857 2171 1875 2205 ι
1917 2151 1983 2206 Et
2042 2151 2157 2206 hac

587 2255 716 2301 sunt
742 2245 958 2315 quidem
998 2243 1108 2306 illa,
1163 2243 1360 2313 quibus
1387 2242 1823 2306 demonstratur,
1845 2239 2154 2295 Marcellum

588 2337 985 2404 deprehensum
1004 2333 1207 2388 Filium
1235 2334 1326 2388 Dei
1345 2332 1492 2387 illum
1519 2332 1788 2386 viventem
1828 2345 1955 2386 vere
1976 2341 2030 2384 et
2059 2346 2156 2386 ex-

592 2434 872 2487 sistentem
913 2445 1042 2486 vere
1075 2430 1372 2500 abnegasse
1403 2446 1414 2480 :
1453 2438 1508 2484 et
1539 2428 1738 2483 nudum
1779 2437 1986 2484 tantum
2022 2427 2156 2483 Ver-

591 2522 1047 2593 bumimagiuari.
1083 2519 1188 2576 Sed
1215 2529 1271 2576 et
1301 2521 1520 2590 insuper
1552 2530 1793 2590 apparet,
1831 2535 1897 2574 ex
1933 2520 1998 2574 iis
2038 2535 2158 2590 quae

592 2613 646 2667 in
677 2613 1105 2682 praecedentibus
1132 2612 1199 2666 de
1240 2611 1408 2680 ipsius
1450 2609 1589 2666 libro
1633 2611 1806 2680 posita
1858 2618 2004 2675 sunt,
2067 2625 2159 2664 cu-

585 2701 826 2772 jusmodi
859 2702 1006 2756 illum
1032 2702 1267 2757 Verbum
1296 2716 1417 2756 esse
1445 2701 1784 2770 opinabatur,
1815 2715 1935 2755 cum
1967 2715 2158 2756 exem-

591 2791 683 2864 plo
707 2794 774 2847 de
799 2794 1033 2847 humano
1063 2792 1228 2846 verbo
1255 2801 1516 2846 uteretur.
1568 2791 1743 2847 Unum
1770 2806 1963 2874 nempe
1987 2791 2159 2847 idem-

2259 2061 2473 2133 ἀληθῶς
2499 2061 2625 2116 Υίδν
2656 2062 2783 2116 ὄντα
2809 2061 3161 2134 ἀρνούμενος,
3205 2059 3376 2128 Λόγον
3413 2056 3471 2110 δὲ
3504 2053 3664 2126 ψιλὸν
3700 2050 3847 2106 εἰσά-

2260 2173 2392 2225 γων.
2432 2155 2708 2210 Δέδεικται
2741 2155 2798 2209 δὲ
2829 2155 2918 2209 διὰ
2948 2153 3056 2207 τῶν
3099 2149 3406 2222 ἔμπροσθεν
3433 2140 3848 2217 παρατεθεισῶν

2261 2248 2425 2302 αὑτοῦ
2455 2249 2647 2319 φωνῶν
2686 2249 2780 2302 καὶ
2805 2249 2986 2314 ὁποῖον
3015 2247 3176 2301 αὑτὸν
3208 2241 3345 2296 εἶναι
3367 2240 3538 2310 Λόγον
3567 2235 3851 2301 ὑπετίθετο

2265 2341 2672 2413 παραδείγματι
2704 2341 2982 2412 χρώμενος
3019 2339 3096 2410 τῷ
3129 2336 3455 2408 ἀνθρωπείῳ
3495 2333 3665 2402 λόγῳ,
3695 2331 3753 2383 ἓν
3793 2343 3850 2380 τε

2266 2435 2361 2486 καὶ
2391 2433 2586 2486 ταὺτὸν
2615 2429 2754 2486 εἶναι
2785 2433 2959 2502 λέγων
2993 2429 3155 2485 αὑτὸν
3194 2429 3272 2499 τῷ
3304 2426 3443 2498 Θεῷ.
3471 2425 3584 2478 Καὶ
3615 2423 3683 2492 δὴ
3725 2418 3850 2473 ταύ-

2264 2543 2364 2596 την
2408 2526 2580 2599 ἀρχὴν
2632 2526 3113 2596 ὑποστησάμενος,
3170 2520 3475 2584 ἀκολούθως
3515 2520 3581 2570 ὲκ
3614 2514 3718 2584 τῆς
3764 2512 3848 2565 δο-

2266 2615 2452 2687 θείσης
2480 2615 2627 2687 αὑτῷ
2675 2616 3025 2678 ὑποστάσεως
3067 2614 3160 2666 ἐπὶ
3204 2611 3266 2664 τὸ
3297 2603 3731 2676 καταψεύδεσθαι
3757 2601 3851 2671 τῆς

2266 2706 2624 2763 θεοπνεύστου
2655 2710 2874 2781 Γραφῆς
2911 2705 3265 2778 διαστρόφους
3293 2719 3352 2755 τε
3387 2700 3558 2770 αὑτῆς
3587 2692 3850 2751 ποιεῖσθαι

2264 2800 2364 2864 τὰς
2390 2802 2702 2875 ἑρμηνείας-

593 2901 700 2955 que
747 2886 892 2940 illum
945 2900 1066 2941 cum
1115 2885 1223 2940 Deo
1273 2899 1392 2940 esse
1443 2893 1706 2940 statuens.
1761 2883 1872 2940 Hoc
1905 2865 1971 2939 aud
2025 2886 2169 2944 hunc
2244 2865 2470 2950 modum
2522 2865 2830 2952 constituto
2857 2892 3127 2965 principio
3171 2899 3568 2957 consequenter
3598 2883 3665 2937 ad
3712 2880 3849 2936 hanc

593 2995 746 3035 suam
798 2979 1249 3050 suppositionem,
1305 2978 1479 3046 pergit
1525 2979 1589 3034 ad
1660 2979 2002 3034 mendacium
2055 2980 2350 3052 Scriptura!
2415 2987 2844 3058 impingendum,
2914 2995 2970 3040 et
3012 2985 3078 3038 ad
3131 2981 3278 3036 illam
3346 2973 3849 3047 interpretandsm,

595 3073 862 3127 dctortam
885 3072 939 3127 in
979 3074 1301 3128 sententiam
1331 3088 1504 3127 suam.

1223 3165 1371 3222 CAP.
1417 3166 1555 3222 XIX.

600 3259 754 3328 Quod
779 3277 943 3314 sacrm
961 3258 1270 3331 ειν-ἔρωτα,
1297 3276 1398 3313 non
1423 3259 1785 3331 tantummodo
1818 3258 2045 3314 Verbum
2076 3279 2173 3331 ap-

665 3332 852 3399 pellent
884 3331 978 3384 Dei
1012 3328 1055 3382 F
1061 3333 1230 3394 ilium,
1262 3332 1351 3383 sed
1387 3331 1642 3383 sexcentis
1676 3330 1794 3383 aliis
1824 3331 2042 3387 diuersis
2083 3328 2177 3387 no-

667 3401 915 3465 minibus,
943 3401 1104 3455 etiam
1130 3409 1251 3455 ante
1275 3401 1693 3454 incarnationem
1715 3416 1890 3456 suam.

672 3489 748 3546 De
771 3491 966 3559 quibus
987 3492 1230 3560 quidem.
1251 3490 1296 3546 si
1322 3491 1374 3544 in
1407 3491 1680 3560 praesenti,
1707 3492 1981 3563 paulisper
2006 3494 2173 3565 dispi-

601 3589 832 3648 ciamus,
869 3598 980 3637 non
1023 3583 1255 3639 absurde
1279 3582 1522 3637 facturos
1543 3582 1891 3649 arbitramur,
1921 3593 1979 3640 ut
2003 3586 2173 3655 ignari

601 3677 793 3730 hrum
825 3690 1004 3730 rerum
1040 3673 1365 3745 intelligant,
1405 3674 1608 3729 nullam
1646 3675 1805 3745 plane
1835 3675 2173 3746 Scripturam

603 3768 753 3823 illius
787 3767 972 3822 favere
1008 3767 1272 3838 opinioni,
1299 3765 1391 3836 qui
1431 3766 1659 3822 novitati
1704 3767 1930 3822 studens
1963 3782 1994 3822 a
2028 3777 2175 3822 recta

602 3859 711 3913 ﬁde
751 3859 1025 3914 aberravit
1049 3874 1060 3908 :
1089 3857 1199 3912 imo
1222 3858 1381 3928 plane
1410 3856 1744 3912 contrarium
1783 3858 2178 3928 proloquantur

604 3965 796 4007 omnes
811 3966 824 4003 :
841 3959 894 4005 et
906 3949 1206 4004 occlamant
1220 3948 1336 4005 suis
1350 3948 1674 4004 testimoniis
1691 3959 1876 4004 contra
1895 3965 2178 4019 perversae

603 4043 776 4110 ipsius
815 4041 1174 4095 narrationes.
1206 4039 1440 4095 Omnino
1467 4047 1648 4094 autem
1678 4054 1899 4095 necesse
1919 4039 2178 4095 fuitistuil

607 4129 850 4203 aggredi,
881 4133 1176 4198 propterea‘
1208 4131 1351 4200 quod
1382 4138 1530 4195 sunt,
1559 4129 1648 4198 qui
1683 4130 1988 4197 suspiciunt
2015 4131 2177 4184 istum

605 4223 904 4289 hominem,
953 4238 1021 4276 ne
1071 4221 1192 4290 quis
1256 4219 1492 4274 fortasse
1545 4220 1613 4273 de
1643 4219 1857 4274 illorum
1931 4235 2178 4285 numero,

606 4328 702 4384 per
762 4329 1039 4370 sacrarum
1125 4313 1454 4368 Litterarum
1535 4313 1920 4383 ignorantiam,
1992 4312 2181 4367 existi-

606 4415 719 4461 met
756 4406 922 4462 ferire
956 4407 1102 4461 illum
1121 4420 1341 4475 scopum
1381 4403 1646 4459 veritatis.
1687 4406 1866 4472 Atque
1896 4403 2026 4457 illud
2055 4414 2181 4458 ante

607 4500 713 4555 alia
747 4499 801 4552 in
837 4500 1193 4568 quaestionem
1225 4511 1501 4562 vocemus,
1545 4496 1686 4567 quod
1717 4497 1986 4551 alilrmare
2017 4512 2181 4553 ausus

608 4601 712 4654 est,
745 4591 942 4646 Filium
977 4593 1064 4646 Dei
1090 4590 1232 4645 nullo
1256 4589 1363 4645 alio
1395 4590 1632 4655 nomine,
1668 4590 1772 4644 nisi
1802 4589 1964 4646 Verbi
1993 4599 2178 4644 notum

612 4681 989 4752 appellatione,
1054 4681 1368 4750 priusquam
1431 4681 1497 4736 de
1548 4681 1772 4750 Virgine
1829 4690 2172 4736 nasceretur.

610 4767 775 4838 quue
801 4769 870 4824 ob
907 4784 1026 4823 eam
1052 4783 1272 4824 causam
1299 4770 1442 4839 quod
1471 4779 1597 4825 ante
1619 4771 1963 4840 praesentiam
1993 4772 2176 4826 incar-

608 4861 848 4916 nationis
879 4861 1012 4916 nihil
1037 4861 1179 4915 aliud
1225 4868 1283 4927 sit
1333 4877 1493 4931 quam
1535 4862 1769 4917 Verbum
1797 4871 1918 4917 erat
1951 4881 1964 4917 :
2003 4877 2182 4931 neque

609 4953 718 5008 alio
749 4953 858 5009 ullo
923 4954 1166 5020 nomine,
1209 4955 1311 5010 nisi
1360 4954 1674 5024 prophetice
1704 4965 2011 5010 vocaretur.
2049 4954 2184 5009 Ver-

689 5079 748 5137 »Β
783 5072 878 5131 Ed.
912 5072 1108 5141 Paris.,
1139 5090 1262 5144 pag.
1303 5072 1484 5139 82,85.
1524 5074 1567 5104 τ’
1597 5071 1755 5127 Joan.
1787 5090 1825 5130 l.
1849 5074 1937 5128 N.

687 5214 802 5286 (72)
845 5214 1014 5284 Vulgo
1043 5216 1071 5267 ὁ
1109 5215 1282 5269 Ἰωάν.
1313 5213 1379 5270 Β.
1414 5214 1635 5267 alterum
1658 5213 1942 5286 ἄνθρωπος
1964 5213 2104 5269 delet
2137 5223 2192 5268 et

617 5303 738 5338 mox
779 5302 937 5356 μονον
966 5287 1130 5341 scrib.

620 5352 968 5478 1"(7.5)MT02'3
1018 5353 1299 5424 Χριστοῦ,
1354 5354 1461 5408 τοῦ
1505 5353 1664 5409 Υἱοῦ.
1732 5352 1968 5425 Legend.
2016 5354 2050 5422 ἢ
2091 5352 2186 5406 τοῦ

673 5444 773 5478 ;ου.
863 5467 873 5476 .
1851 5454 1875 5468 η.

673 5444 773 5479 ;ου.
807 5444 873 5478 Μ.
1851 5454 1875 5468 -

693 5497 802 5567 (74)
839 5495 927 5562 Τῷ
964 5497 1123 5567 λόγῳ
1165 5498 1349 5565 μόνῳ.
1411 5492 1654 5549 Obscure
1686 5534 1700 5558 ,
1758 5505 1812 5550 et
1872 5492 2187 5567 imperfecte

623 5565 934 5638 ill_utl,'_qu0tl
969 5565 1217 5638 τῷλόγῳ
1250 5567 1412 5638 μόνῳ,
1452 5567 1596 5622 idem.
1621 5577 1735 5630 est,
1769 5580 1829 5638 ac
1863 5566 1908 5619 si
1958 5565 2183 5638 (liceret,

619 5636 700 5705 τῷ
741 5635 883 5707 λόγῳ
916 5635 1072 5707 μονον
1131 5635 1287 5702 ὄντι,
1335 5635 1485 5690 deest
1532 5646 1709 5707 autem
1738 5705 1744 5707 Α
1773 5635 2184 5707 διαφερόμενον,

624 5704 1065 5776 προστιθέμενον,
1098 5719 1190 5761 aut
1220 5708 1392 5762 simile
1414 5707 1561 5774 quid.
1596 5704 1849 5776 Δοθείσης
1880 5704 2029 5776 αὑτῷ
2056 5706 2188 5757 ὑπο-

626 5759 901 5843 στάσεως,
930 5759 1084 5832 antea
1103 5759 1612 5833 meminit'm'dlieaw
1643 5759 1922 5847 scriptum,
1963 5759 2049 5831 ubi
2072 5784 2190 5831 erat

2199 3175 2248 3238 C

2915 3167 3072 3221 ΚΕΦ.
3114 3164 3212 3219 18'.

2277 3263 2468 3328 Ὅπως
2496 3262 2556 3313 al
2583 3258 2729 3315 θεῖαι
2749 3259 2977 3329 Γραραὶ
3007 3259 3080 3312 οὐ
3100 3256 3300 3329 ,μόνον
3320 3253 3535 3329 Λόγον,
3757 3245 3848 3300 καί

2339 3317 2525 3402 μυριά
2558 3317 2808 3402 Δἕτερα,⁷
3003 3317 3151 3402 πρὸ-
3177 3323 3285 3402 τῆς
3344 3317 3850 3390 ἐνανθρωπήσεως

2344 3395 2644 3472 ὢιῖόμαζον
2672 3395 2782 3454 τὸν
2813 3399 2950 3454 nor
2979 3395 3084 3453 τοῦ
3116 3395 3284 3450 Θεοῦ.

2348 3493 2461 3563 (76)
2501 3487 2600 3545 ’Ὧν
2634 3492 2912 3563 βραχείας,
2941 3489 3032 3543 ἐπὶ
3060 3486 3150 3541 τοῦ
3186 3485 3472 3557 παρόντος,
3508 3482 3694 3545 καλῶς
3718 3481 3852 3553 ἔχειν

2276 3585 2449 3656 ὲφάνη
2478 3602 2567 3654 μοι
2593 3581 3006 3652 διασκέψασθαι,
3035 3584 3144 3644 τοῖς
3172 3596 3229 3632 τε
3254 3577 3542 3647 ἀγνοοῦσιν
3570 3575 3851 3641 ἐπιδεῖξαι,

2277 3679 2353 3741 ὼς
2396 3677 2619 3748 οὐδεμία
2665 3676 2763 3748 μὲν
2795 3674 2942 3746 αὑτῷ
2986 3671 3356 3745 νεωτερίζοντι
3389 3670 3485 3724 καὶ
3535 3670 3636 3740 τῆς
3675 3667 3852 3737 ὑγιοῦς

2280 3770 2666 3843 ὲκτρεπομένῳ
2717 3770 2950 3832 πίστεως
2999 3767 3214 3838 συνᾴδει
3277 3763 3488 3836 Γραφὴ,
3548 3759 3852 3815 τούναντίον

2280 3857 2336 3910 δὲ
2373 3859 2541 3911 πᾶσαι
2583 3856 3052 3927 ἀντιφθέγγονται,
3085 3854 3180 3909 καὶ
3227 3849 3694 3924 ἀντιμαρτυροῦσι
3742 3852 3854 3911 ταῖς

2280 3950 2378 4002 οὑκ
2415 3947 2588 4019 ὀρθῶς
2624 3947 2769 4019 αὑτῷ
2809 3947 3280 4020 παραληφθείσαις
3319 3944 3659 4014 διηγήσεσιν.
3685 3942 3852 4011 Ὅπερ

2282 4044 2446 4113 ἐχρῆν
2480 4041 2710 4113 μάλιστα
2740 4044 2852 4106 τοῖς
2895 4042 2988 4095 τὸν
3021 4040 3190 4111 ἄνδρα
3221 4037 3453 4109 τιμῶσιν
3494 4033 3848 4102 ἐνδείξασθαι,

2288 4138 2489 4207 μήποτ’
2528 4135 2637 4206 ἀρα
2661 4151 2743 4199 τις
2805 4135 2985 4189 αὑτῶν
3013 4133 3240 4205 ἀπειρία
3270 4131 3382 4185 τῶν
3425 4130 3584 4184 θείων
3628 4131 3852 4198 ἀναγνω-

2288 4229 2472 4300 μάτων
2521 4229 2806 4298 τυγχάνειν
2848 4228 3010 4282 αὑτὸν
3055 4226 3150 4280 τοῦ
3206 4227 3305 4297 τῆς
3354 4224 3613 4297 ἀληθείας
3659 4225 3849 4278 σκοποῦ

2284 4321 2572 4390 νομίσειεν.
2608 4321 2718 4374 Καὶ
2743 4320 2807 4388 δὴ
2839 4320 3028 4374 τοῦτον
3053 4318 3268 4392 πρῶτον
3291 4316 3706 4387 διασκοπητέον,
3737 4317 3766 4369 ὂ
3791 4315 3848 4386 δὴ

2285 4413 2378 4466 καὶ
2402 4414 2735 4485 τετόλμηκεν
2764 4412 3167 4485 ἀποφήνασθαι,
3196 4411 3324 4483 πρὶν
3372 4409 3629 4481 τεχθῆναι
3653 4410 3741 4464 διὰ
3763 4409 3850 4478 τῆς

2213 4538 2255 4592 D
2287 4501 2561 4572 Παρθένου
2591 4502 2680 4555 τὸν
2696 4502 2822 4555 Υἰὸν
2841 4500 2935 4555 τοῦ
2959 4499 3117 4564 Θεοῦ,
3147 4501 3219 4592 μη
3245 4499 3355 4568 (77)
3374 4497 3673 4568 κεκλῆσθαι
3695 4497 3850 4568 ἑτέρῳ

2288 4592 2506 4661 ὀνόματι
2534 4592 2566 4663 ἢ
2605 4592 2793 4661 Λόγον.
2828 4591 2980 4660 Μηδὲ
3028 4592 3136 4662 γὰρ
3167 4586 3301 4643 εἶναι
3340 4590 3501 4643 αὑτόν
3533 4607 3585 4642 τι
3623 4590 3730 4659 πρὸ
3764 4588 3847 4660 τῆς

2285 4682 2548 4753 ἐνσάρκου
2572 4681 2924 4754 παρουσίαςῆ
2950 4681 3141 4750 Λόγον,
3168 4681 3289 4751 μηδ’
3306 4679 3623 4751 ὠνομάσθαι
3642 4679 3844 4750 ἑτέρως.

2286 4776 2332 4826 εξ
2375 4776 2447 4846 μὴ
2491 4775 2598 4844 ἀρα
2640 4774 3024 4846 προφητικῶς·
3067 4773 3238 4841 Λόγον
3302 4772 3411 4843 γὰρ
3464 4767 3603 4826 εἶναί
3658 4789 3718 4824 τε
3766 4773 3843 4825 καὶ

2289 4863 2623 4937 ὠνομάσθαι,
2657 4865 2751 4918 καὶ
2794 4864 2946 4917 οὐδὲν
2991 4863 3177 4934 ἕτερον
3226 4865 3442 4932 φάσκει,
3487 4861 3624 4934 μετὰ
3675 4863 3730 4916 δὲ
3761 4864 3842 4934 τήν

2293 4954 2553 5026 ενσαρκον
2588 4955 2907 5027 παρουσίαν,
2948 4954 3217 5027 διαφόρων
3264 4956 3358 5008 καὶ
3410 4954 3519 5007 τῶν
3555 4952 3841 5025 ὲπηγοριῶν

2297 5215 2506 5284 legend.
2569 5215 2887 5276 ὑπόστασιν.
2939 5215 3028 5284 hic
3085 5228 3183 5284 pro
3226 5212 3598 5276 ὑποστάσεως,
3656 5209 3836 5280 legend.

2297 5287 2605 5358 ὑποθέσεως
2631 5287 2708 5358 [et
2723 5287 2811 5358 sic
2832 5283 3061 5358 _c0tld.]._

2366 5359 2476 5421 (75)
2499 5351 2682 5427 Vulg-0
2712 5357 2741 5408 ὁ
2773 5354 2941 5422 Λόγος
2973 5351 3028 5409 ei
3052 5355 3188 5427 infra
3219 5351 3468 5408 ὑπέθετο.

2362 5429 2473 5495 (76)
2490 5422 2708 5495 [uitium
2733 5427 2901 5494 ipsqu
2924 5424 3485 5495 capiti_s_depra_vatum
3511 5431 3613 5495 est,
3645 5422 3835 5495 legenti.

2295 5491 2424 5569 aspir
2457 5491 2555 5551 ’ὧν
2606 5496 2725 5569 διὰ..
2753 5491 2904 5569 βραη
2939 5491 3045 5551 etc.
3081 5491 3153 5548 Μ.
3180 5491 3251 5534 —F
3283 5492 3407 5548 Mox
3443 5493 3601 5562 vulgo
3639 5493 3838 5567 οὐδεμία

2293 5565 2438 5622 αὑτῶ
2466 5585 2513 5622 ν.
2545 5577 2599 5621 et
2627 5569 2656 5620 ὁ
2685 5566 2741 5619 δὲ
2770 5565 2882 5620 καί.

2365 5620 2477 5722 (7⁸7)
2503 5620 2602 5722 illi]
2619 5635 2951 5722 esurialis).
2965 5634 3078 5717 imo
3092 5633 3405 5722 κεκλῇσθαι.
3424 5632 3691 5722 λξμ-ῌοι
3708 5634 3841 5708 vulgo

2295 5705 2608 5780 ὠνομάσθαι
2643 5708 2826 5780 ἕτερον
2858 5718 2912 5765 et
2937 5706 3090 5763 τοῦτο
3122 5705 3177 5760 δὲ
3202 5705 3297 5761 οὖν
3323 5722 3420 5775 πρ.
3445 5705 3679 5761 δεκτέον.
