4068 6316
194 346 317 404 865
1198 338 1285 397 DE
1320 338 1859 398 ECCLESIASTICA
1900 336 2302 395 THEOLOGIA
2345 335 2474 392 LIB.
2518 336 2559 392 l.
3379 338 3490 398 866

194 468 588 541 τετυχηκέναι.
633 466 804 522 Τοῦτο
829 465 895 536 δὴ
927 460 1023 519 οὖν
1052 461 1265 536 πρῶτον
1302 464 1539 529 δεκτέον,
1565 463 1774 536 ἀμαθῶς

1901 463 2029 517 bum
2056 476 2186 517 vero
2204 471 2259 517 et
2281 470 2407 517 erat
2430 470 2541 515 tum
2566 470 2619 516 et
2644 460 2948 525 dicebatur,
2973 468 3029 515 ct
3056 460 3196 516 nihil
3225 461 3395 519 aliud.
3418 467 3489 521 At

195 563 310 617 «καὶ
342 562 450 616 τῶν
482 561 643 615 θείων
686 558 920 633 ΓραφιῖΝ
960 557 1428 630 ἁνεπιστημόνιικ,
1463 555 1626 611 αὑτὸν
1658 557 1774 611 ἀπο

1896 561 2184 624 postquam
2217 566 2383 608 carne
2432 562 2647 623 sumpta
2678 551 2919 617 advenit,
2970 553 3211 609 diversis
3263 556 3485 622 quidem

199 656 543 730 φηνάμενον.
1896 642 2070 698 titulis
2107 644 2495 715 usurpabatur.
2528 643 2685 711 Quod
2732 644 2799 700 ab
2840 644 2935 700 illo
2975 644 3051 699 ita
3079 646 3340 715 positum,
3382 647 3489 703 lni-

1894 735 2071 804 perite
2098 736 2325 800 dictum,
2357 745 2412 790 et
2436 750 2532 805 per
2562 751 2832 791 summam
2873 735 3282 807 Scripturarum
3326 737 3481 806 igno-

1896 827 2151 894 rantiam,
2178 838 2304 883 ante
2331 829 2513 884 omnia
2557 828 3043 883 demonstrandum
3062 838 3168 884 est.

2529 918 2683 975 CAP.
2726 918 2846 974 XX.

1894 1030 2195 1101 Proposita:
2234 1051 2328 1100 per
2373 1043 2553 1101 partes
2581 1051 2608 1088 e
2636 1037 2801 1090 sacris
2852 1034 3089 1101 Litteris,
3121 1045 3171 1091 et
3202 1034 3485 1107 explicata!

2357 1120 2465 1160 nx
2505 1107 3013 1160 demonstrationes.

860 916 1015 970 ΚΕΦ.
1058 916 1142 970 K’.

189 1007 570 1079 Παραθέσεις
602 1008 700 1079 tua}
738 1007 1041 1079 ἑρμηνεῖαι
1082 1005 1316 1079 μερικῴ
1354 1002 1473 1058 τῶν
1520 1003 1642 1079 ἀπὸ
1680 1002 1790 1073 τῆς

275 1075 439 1146 θείας
481 1076 727 1147 Γραφῆς
754 1075 1139 1142 ἀποδείξεων,
1178 1078 1248 1130 ἐν
1275 1076 1441 1141 ὅλοις
1471 1075 1790 1143 τριάκοντα

274 1151 643 1219 κεφαλαίοις.

270 1248 340 1295 α’.
381 1241 605 1314 Πρῶτον
652 1240 752 1311 μὲν
786 1238 895 1311 γὰρ
928 1239 1090 1302 αὐτὸς
1125 1242 1154 1291 ὸ
1192 1238 1334 1302 θεῖος
1395 1238 1790 1310 εὐαγγελιστὴς

204 1333 491 1404 Ἰωάννης,
508 1334 537 1385 ὁ
555 1332 620 1403 δὴ
636 1332 772 1403 (77')
790 1331 964 1399 Λόγον
980 1331 1141 1385 αὑτὸν
1168 1330 1426 1393 ἀνειπὼν,
1444 1331 1545 1383 οὐκ
1569 1333 1648 1393 εἰς
1681 1348 1788 1396 μα·

185 1426 355 1498 κρὸν,
393 1425 509 1480 ἀλλ’
556 1423 717 1487 εὐθὺς
766 1424 861 1476 καὶ
904 1423 1055 1495 παρὰ
1108 1424 1243 1477 πόδα
1276 1423 1411 1477 Θεὸν
1450 1424 1611 1477 αὑτὸν
1648 1423 1787 1476 ὠνό-

187 1534 362 1589 μασε,
409 1520 622 1588 φήσαςο
682 1514 791 1570 Καὶ
848 1514 994 1581 Θεὸς
1029 1510 1107 1586 ἦν
1139 1518 1172 1569 ό
1219 1516 1430 1584 Λόγος.
1481 1515 1788 1585 Δυνάμενος

1966 1243 2019 1296 1.
2056 1239 2327 1310 Imprimis
2372 1240 2703 1311 evangelista
2757 1239 3001 1296 Joannes
3064 1250 3204 1310 ipse,
3262 1241 3357 1311 qui
3419 1242 3488 1296 de

1892 1332 2056 1389 Verbi
2090 1332 2457 1405 appellatione
2504 1349 2629 1389 eum
2661 1334 2910 1404 agnovit,
2943 1348 3049 1389 non
3081 1333 3271 1391 inultis
3310 1333 3487 1389 inter-

1890 1426 2105 1495 positis,
2138 1426 2267 1496 quin
2313 1428 2519 1492 statim,
2556 1434 2611 1482 et
2664 1426 2718 1481 in
2769 1429 3057 1496 procinctu
3106 1427 3275 1494 velut,
3313 1427 3486 1483 Deum

1890 1519 2144 1573 eumdem
2176 1519 2433 1589 appellat,
2464 1518 2721 1589 inquiens
2754 1536 2769 1573 :
2798 1517 2869 1573 Et
2903 1518 3048 1575 Deus
3075 1530 3190 1575 erat
3236 1518 3486 1575 Verbum.

181 1610 329 1679 γοῦν
355 1610 552 1673 εἰπεῖν,
581 1607 694 1680 (Ἱ8)
721 1609 815 1661 καὶ
836 1608 972 1661 Θεοῦ
1000 1604 1068 1680 ἦν
1089 1608 1119 1660 ὁ
1155 1607 1347 1676 Λόγος,
1373 1606 1531 1662 τοῦτο
1563 1608 1659 1679 μὲν
1687 1608 1774 1661 οὐκ

1890 1610 2025 1665 Cum
2060 1612 2206 1666 enim
2245 1612 2295 1667 ei
2341 1611 2503 1666 facile
2530 1610 2724 1667 fuisset
2748 1612 2933 1668 dicere
2962 1629 2977 1665 :
3007 1620 3064 1667 et
3097 1614 3340 1668 divinum
3362 1625 3486 1667 erat

180 1703 325 1774 εφη,
352 1702 427 1765 ὡς
450 1701 516 1755 ἂν
558 1701 632 1772 μή
663 1718 745 1764 τις
773 1700 935 1755 αὑτὸν
972 1699 1051 1771 τῷ
1080 1698 1232 1772 παρὰ
1260 1698 1565 1771 ἀνθρώποις
1597 1700 1774 1771 ὅμοιον

1890 1701 2155 1768 Verbum,
2192 1702 2296 1757 hoc
2329 1719 2437 1758 non
2488 1704 2562 1757 ita
2613 1709 2818 1773 posuit,
2851 1719 2923 1760 ne
2951 1706 3078 1775 quis
3109 1704 3263 1759 illum
3291 1706 3485 1773 opina-

180 1791 335 1848 εἶναι
393 1795 618 1864 φήσειε·
668 1791 801 1845 Θεὸν
844 1791 899 1844 δὲ
952 1792 1115 1845 αὐτὸν
1156 1792 1345 1856 καλεῖ,
1390 1792 1454 1844 τὸ
1508 1792 1774 1863 ὑπερφυὲς

1890 1804 2047 1846 retur
2094 1792 2330 1847 similem
2386 1797 2627 1848 humano
2676 1795 2894 1850 cuidam
2942 1795 3111 1851 verbo
3155 1796 3479 1851 exstitisse:

180 1886 292 1940 τοῦ
328 1887 455 1954 περὶ
504 1884 667 1938 αὑτὸν
714 1882 1053 1955 θεοπρεποῦς
1097 1881 1441 1954 ἀξιώματος,
1492 1882 1634 1937 οὕτω
1668 1884 1774 1937 δει-

1886 1888 1984 1941 sed
2013 1886 2253 1957 appellat
2283 1903 2406 1941 eum
2440 1887 2611 1943 Deum
2641 1904 2787 1959 :quo
2817 1889 3016 1945 divina:
3050 1890 3333 1963 dignitatis
3364 1891 3484 1962 ejus

181 1975 350 2039 κνύς.
1885 1978 2403 2034 excellentissimam
2447 1981 2710 2035 indicaret
2737 1992 3008 2035 naturam.

267 2069 331 2140 β’.
371 2066 627 2131 Μεταϐὰς
656 2067 713 2120 δὲ
750 2068 835 2137 ἐφ’
862 2067 1053 2139 ἑτέραν
1096 2068 1339 2121 ἐπίνοιαν
1383 2067 1482 2139 τῆς
1514 2067 1642 2139 περὶ
1687 2069 1774 2120 αὑ-

1956 2070 2011 2124 2.
2055 2068 2356 2126 Transiens
2416 2073 2546 2127 hinc
2617 2074 2684 2127 ad
2746 2073 2909 2127 aliam
2975 2072 3481 2129 considerationem

177 2162 289 2215 τοῦ
334 2160 671 2229 δοξολογίας,
714 2161 843 2225 Φῶς
891 2160 1050 2213 αὑτὸν
1082 2160 1365 2231 ὠνόμασε,
1405 2162 1774 2232 προϋπάρχειν

1885 2161 2200 2231 quamdam,
2234 2162 2382 2217 illius
2427 2177 2591 2233 quam
2625 2164 2863 2219 habebat
2892 2162 3335 2234 gloriﬁcationis,
3367 2162 3480 2216 Lu-

177 2253 357 2307 αὑτὸν
405 2254 502 2323 τῆς
558 2252 654 2304 τοῦ
721 2251 971 2322 σώματος
1017 2250 1372 2321 ἀναλήψεως,
1436 2249 1579 2303 κατὰ
1622 2249 1774 2303 τοῦτο

1884 2270 1995 2307 cem
2048 2254 2197 2308 illum
2248 2262 2431 2321 vocat,
2466 2265 2522 2311 et
2570 2270 2669 2325 per
2696 2255 2849 2311 illum
2880 2257 3059 2327 ipsum
3095 2256 3307 2311 titulum
3341 2272 3482 2327 prae-

178 2347 327 2403 ιιὺτὸ
383 2345 663 2417 δηλώσας,
727 2346 785 2398 ὲν
847 2339 929 2409 οἷς
986 2345 1115 2415 περὶ
1160 2344 1255 2397 τοῦ
1317 2342 1623 2399 Βαπτιστοῦ
1672 2362 1774 2416 φη-

1883 2346 2163 2400 exstitisse
2196 2359 2320 2400 eum
2352 2346 2599 2402 indicare
2628 2346 2799 2403 voluit
2831 2357 2958 2403 ante
2982 2359 3325 2417 assumptum
3355 2364 3482 2404 cor-

180 2460 301 2497 σιν*
1884 2452 1984 2507 pus
2012 2453 2168 2493 suum
2201 2457 2213 2492 :
2245 2438 2515 2508 siquidem
2540 2439 2606 2495 de
2635 2439 2880 2508 Baptista
2920 2440 3134 2496 locutus
3152 2440 3264 2495 ait:

262 2534 329 2605 γ’.
378 2535 497 2587 Οὐκ
535 2528 615 2603 ἦν
663 2529 893 2597 ἐκεῖνος
940 2529 1007 2583 τὸ
1045 2528 1190 2599 φῶς,
1232 2528 1371 2582 ἀλλ’
1413 2528 1514 2580 ἵνα
1555 2544 1774 2597 μαρτυ-

1954 2530 2008 2585 3.
2049 2530 2177 2584 Non
2205 2538 2323 2584 erat
2356 2532 2443 2584 ille
2480 2530 2594 2595 lux,
2628 2532 2718 2586 sed
2757 2541 2814 2586 ut
2842 2534 3201 2588 testimonium
3239 2532 3483 2602 perhibe-

168 2630 355 2698 ρήσῃ
380 2626 515 2695 περὶ
541 2624 647 2679 τοῦ
676 2623 889 2694 φωτὸς,
917 2623 947 2677 ὃ
975 2622 1203 2692 φωτίζει
1232 2620 1428 2674 πάντα
1466 2621 1774 2689 ἄνθρωπον

1882 2635 1960 2677 ret
1990 2624 2055 2677 de
2085 2623 2285 2677 lumine
2323 2622 2441 2690 illo,
2469 2624 2609 2695 quod
2650 2624 2919 2678 illuminat
2964 2640 3168 2679 omnem
3209 2627 3479 2680 hominem

176 2722 516 2791 ἐρχόμενον
560 2720 645 2783 εὶς
684 2716 790 2769 τὸν
841 2718 1094 2785 κόσμον.
1146 2715 1242 2766 Ἐν
1286 2711 1366 2778 τῷ
1422 2713 1631 2781 κόσμῳ
1676 2708 1775 2783 ἦν,

178 2812 291 2869 καὶ
330 2815 362 2866 ό
398 2812 625 2879 κόσμος
673 2807 747 2860 δι’
792 2806 978 2861 αὑτοῦ
1027 2804 1287 2873 ἐγένετο,
1324 2804 1422 2856 καὶ
1470 2805 1503 2856 ό
1547 2803 1777 2871 κόσμος

177 2904 378 2962 αὐτόν
424 2905 536 2957 οὐκ
565 2904 737 2970 ἔγνω.
769 2900 875 2964 Εἰς
922 2897 996 2950 τὰ
1030 2896 1152 2950 Ζδια
1193 2892 1363 2966 ἦλθε,
1406 2894 1505 2947 καὶ
1538 2896 1593 2947 οἱ
1640 2893 1777 2947 ἴδιοι

178 2996 375 3051 αὐτὸν
403 2995 475 3047 οὺ
524 2989 885 3059 παρέλαϐον.
926 2988 1089 3058 Ὀρᾷς
1131 2988 1280 3049 ὅπως
1324 2983 1537 3048 τούτοις
1574 2986 1635 3037 οὐ
1676 2985 1777 3037 Λό-

180 3105 285 3156 γον
318 3086 497 3157 μόνον,
524 3084 598 3146 ὡς
628 3081 801 3134 ἐδόκει
841 3077 1170 3149 Μαρκέλλῳ,
1200 3075 1335 3131 ἀλλὰ
1366 3077 1459 3129 καὶ
1492 3076 1646 3140 Θεὸν,
1678 3078 1775 3129 καὶ

1881 2716 2167 2769 uenientem
2187 2715 2241 2769 in
2277 2715 2414 2769 hunc
2438 2716 2717 2771 mundum.
2752 2713 2819 2770 In
2857 2718 3055 2771 mundo
3084 2727 3224 2783 erat,
3257 2727 3306 2773 et
3328 2734 3479 2772 mute.

1881 2807 1979 2858 dus
2000 2822 2093 2875 per
2125 2807 2297 2875 ipsum
2326 2806 2503 2875 [actus
2524 2817 2622 2871 est,
2647 2818 2696 2861 et
2727 2808 2959 2862 mundus
2998 2825 3117 2862 eum
3145 2825 3250 2863 non
3278 2826 3479 2879 cogno-

1880 2902 1969 2951 uit.
2005 2897 2070 2950 In
2100 2899 2319 2967 propria
2350 2900 2513 2962 venit,
2552 2908 2603 2951 et
2633 2900 2717 2953 sui
2770 2916 2890 2953 eum
2932 2917 3037 2953 non
3079 2915 3382 2970 receperunt
3406 2903 3477 2959 ⁸⁸.

1882 2987 2045 3043 Vides
2077 3000 2283 3056 autem,
2316 2999 2373 3044 ut
2414 2990 2469 3044 in
2509 2991 2629 3046 iSiis
2681 3006 2790 3045 non
2826 2990 3066 3047 Verbum
3105 2994 3477 3064 solummodo,

1880 3082 1975 3136 sed
2026 3092 2081 3136 et
2128 3082 2295 3137 Deum
2343 3090 2400 3136 et
2457 3082 2659 3147 lucem,
2693 3082 2848 3136 illum
2902 3083 3234 3149 nominavit,
3284 3096 3478 3144 contra

182 3181 306 3252 φῶς
348 3179 510 3232 αὑτὸν
541 3176 815 3247 ὠνόμασε,
852 3172 1225 3245 προϋπάρχειν
1260 3188 1319 3224 τε
1357 3171 1519 3226 αὑτὸν
1548 3170 1773 3237 ἐδίδαξε,

1881 3190 2041 3244 quam
2108 3174 2362 3229 Marcello
2427 3175 2741 3229 videbatur.
2798 3158 3203 3231 firmexstitisse
3260 3193 3481 3249 quoque

180 3275 283 3329 καὶ
320 3274 414 3325 τὸν
458 3272 662 3339 κόσμον
689 3268 756 3321 δι’
786 3266 949 3320 αὑτοῦ
979 3264 1281 3334 γεγονέναι.
1310 3264 1518 3334 Ὥσπερ
1551 3265 1659 3335 γὰρ
1688 3264 1776 3317 διὰ

178 3366 282 3421 τοῦ
326 3363 462 3417 Θεοῦ
524 3360 635 3433 (79)
704 3360 879 3428 Λόγου
929 3357 1286 3427 γεγεννῆσθαι
1327 3356 1393 3409 τὰ
1427 3359 1633 3421 πάντα,
1684 3358 1778 3409 καὶ

179 3459 358 3529 χωρὶς
387 3454 552 3509 αὑτοῦ
593 3451 849 3522 γενέσθαι
896 3451 1049 3503 οὐδὲν
1093 3450 1460 3520 προείρηκεν,
1506 3448 1649 3501 οὕτω
1683 3450 1778 3501 καὶ

177 3553 275 3605 διὰ
301 3550 413 3620 (80)
453 3547 547 3602 τοῦ
580 3547 754 3615 φωτός
776 3563 789 3576 ο
822 3546 875 3597 '0
902 3542 1013 3613 γὰρ
1042 3544 1289 3611 κόσμος,
1314 3543 1470 3613 φησὶ.
1498 3542 1571 3595 δι’
1589 3544 1776 3597 αὑτοῦ

178 3644 443 3713 ἐγένετο.
483 3642 571 3705 Ὠς
608 3636 747 3693 εἶναι
780 3638 836 3691 ἓν
878 3638 971 3691 καὶ
1011 3636 1205 3689 ταύτὸν
1246 3634 1313 3689 τὸ
1358 3635 1483 3704 φῶς
1526 3634 1625 3689 καὶ
1670 3635 1777 3691 τὸν

182 3737 340 3791 Θεὸν
376 3738 591 3803 Λόγον.
620 3732 808 3800 Λέγων
836 3730 893 3783 δὲ
924 3730 991 3782 δι’
1021 3729 1187 3782 αὐτοῦ
1224 3728 1605 3799 γεγεννῆσθαι,
1644 3730 1776 3783 ποτὲ

185 3825 288 3894 μὲν
316 3823 409 3874 τὸν
442 3822 669 3889 κόσμον,
703 3818 833 3871 ποτὲ
873 3816 927 3868 δὲ
972 3815 1039 3870 τὰ
1072 3818 1271 3881 πάντα,
1320 3815 1382 3869 τὸ
1422 3816 1531 3886 (8-1)
1566 3818 1774 3890 ὑπηρε-

177 3916 338 3968 τικὸν
367 3913 462 3966 τοῦ
496 3912 631 3965 Θεοῦ
662 3910 982 3982 παρίστησι.
1024 3909 1333 3979 Δυνάμενος
1369 3908 1499 3978 γοῦν
1540 3913 1567 3963 ὁ
1611 3911 1775 3979 εὐαγ-

181 4005 439 4076 γελιστὴς
496 4006 689 4061 εἰπεῖν.
738 4001 942 4056 Πάντα
996 4000 1096 4055 ὑπ’
1144 4001 1331 4055 αὑτοῦ
1381 4001 1639 4071 ἐγένετο,
1682 4002 1777 4055 καὶ

180 4097 371 4162 αὖθις,
407 4098 517 4151 Καὶ
557 4100 589 4150 ό
626 4095 855 4163 κόσμος
883 4096 983 4146 ὑπ’
1010 4093 1198 4147 αὑτοῦ
1228 4093 1486 4163 ἐγένετο,
1512 4096 1631 4165 οὐχ,
1674 4098 1775 4147 ὑπ’

179 4190 394 4253 αὐτοῦ,
430 4190 553 4259 ἔφη,
589 4188 723 4241 ἀλλὰ
748 4186 821 4239 δι’
844 4186 1029 4239 αὑτοῦ
1064 4181 1142 4256 ἦν
1172 4202 1185 4215 °
1215 4187 1277 4237 ἵν’
1302 4187 1448 4255 ἡμᾶς
1480 4187 1778 4260 ἀναπέμψῃ

180 4288 277 4338 ἐπὶ
308 4285 405 4355 τὴν
434 4284 542 4336 τῶν
571 4282 707 4334 ὅλων
739 4278 1052 4349 ποιητικὴν,
1085 4276 1179 4329 τοῦ
1222 4278 1433 4349 ﬂat-:90;
1468 4276 1772 4331 αὑθεντίαν.

193 4376 360 4430 Ἀλλὰ
391 4375 489 4428 καὶ
519 4378 551 4428 ό
582 4373 840 4442 κόσμος,
869 4372 1051 4441 φησιν,
1094 4370 1282 4424 αὑτὸν
1313 4372 1422 4423 οὐκ
1454 4369 1629 4439 ἔγνω.
1672 4371 1776 4425 Τὸν

176 4468 242 4521 δὶ
282 4469 375 4520 ἐπὶ
418 4466 635 4517 πάντων
662 4464 793 4516 Θεὸν
825 4466 1079 4531 φυσικαῖς
1112 4463 1344 4525 ἐννοίαις
1375 4463 1613 4526 ἅπαντες
1640 4464 1773 4535 ὁμο-

1882 3265 2113 3321 afﬁrmat
2171 3266 2321 3319 illum
2372 3282 2385 3318 :
2437 3274 2491 3319 et
2548 3267 2810 3319 mundum
2874 3282 2972 3336 per
3025 3267 3204 3337 ipsum
3266 3270 3479 3327 factum

1880 3359 2070 3415 fuisse.
2099 3358 2569 3425 Quemadmodum
2599 3359 2747 3413 enim
2776 3359 2830 3414 in
2855 3362 3294 3429 praecedentibus
3324 3366 3479 3419 dixe-

1880 3460 1986 3518 rat,
2018 3452 2201 3505 omnia
2227 3450 2487 3520 producta
2520 3450 2692 3505 fuisse
2718 3466 2815 3521 per
2854 3452 3096 3507 Verbum
3125 3452 3243 3520 Dei,
3270 3466 3326 3511 et
3354 3455 3478 3512 sine

1880 3544 1973 3598 illo
2032 3544 2167 3598 nihil
2209 3542 2371 3613 plane
2424 3553 2817 3613 procreatum,
2880 3545 2960 3599 ita
3014 3561 3233 3616 quoque
3282 3559 3338 3603 et
3381 3564 3479 3619 per

1880 3632 2055 3689 lucent
2087 3633 2206 3686 ait:
2238 3630 2383 3686 Nam
2416 3632 2670 3696 mundus,
2717 3632 2920 3702 inquit,
2958 3650 3050 3701 per
3094 3634 3249 3687 illum
3300 3636 3476 3703 [actus

1878 3736 1975 3787 est,
2017 3734 2078 3779 ut
2110 3727 2183 3778 ita
2216 3739 2356 3778 unus
2390 3725 2642 3790 idemque
2676 3721 2862 3788 fuerit,
2895 3720 3035 3787 Lux,
3069 3733 3123 3778 et
3156 3722 3301 3778 Deus
3341 3722 3475 3778 Ver-

1880 3817 2291 3885 bum.Cumque
2324 3830 2422 3885 per
2451 3816 2599 3870 illum
2633 3814 2868 3871 aﬂ‘irmet
2900 3814 3105 3870 factum
3138 3832 3283 3873 nunc
3314 3832 3477 3871 mun-

1878 3916 2032 3976 dum,
2074 3926 2217 3965 nunc
2275 3922 2474 3965 caetera
2524 3908 2736 3973 omnia,
2785 3908 3097 3964 subindicat
3152 3908 3302 3963 illum
3359 3910 3479 3966 Deo

1878 4003 2343 4059 subministrasse.
2375 3998 2509 4053 Nam
2548 4004 2607 4063 iis
2642 4014 2766 4052 cum
2814 4007 3003 4067 posset
3034 3996 3102 4051 ad
3143 3998 3309 4053 istum
3358 4013 3474 4053 mo-

1880 4096 2004 4150 dum
2028 4093 2277 4165 prol'erre
2298 4090 2629 4160 evangelista
2659 4105 2673 4141 :
2714 4089 2910 4143 Omnia
2938 4090 3005 4143 ab
3037 4088 3130 4143 illo
3154 4090 3298 4158 facta
3320 4100 3472 4157 sunt,

1880 4198 2042 4255 atque
2077 4188 2273 4240 iterum
2308 4200 2322 4238 :
2355 4183 2590 4236 Mundus
2624 4188 2686 4235 ab
2721 4181 2815 4234 illo
2846 4181 3022 4250 factus
3066 4191 3165 4250 est,
3200 4196 3307 4237 non
3338 4182 3471 4239 illud

1879 4281 2079 4352 posuit,
2113 4280 2177 4332 ab
2205 4296 2265 4333 e0
2291 4296 2309 4333 :
2344 4278 2439 4332 sed
2468 4294 2561 4345 per
2584 4294 2722 4331 eum.
2767 4275 2886 4343 Quo
2920 4275 3133 4331 scilicet
3163 4277 3471 4333 remitteret

1879 4390 1976 4429 nos
2022 4373 2089 4428 ad
2143 4372 2511 4426 authenticam
2543 4370 2723 4425 Patris
2752 4369 2937 4425 omnia
2967 4368 3189 4423 creandi
3225 4377 3470 4439 potesta-

1881 4479 2010 4519 tem.
2059 4464 2167 4519 Sed
2218 4474 2265 4518 et
2306 4466 2559 4527 mundus,
2595 4463 2794 4532 inquit,
2828 4462 3001 4531 ipsum
3048 4476 3152 4514 non
3203 4461 3471 4530 cognovit.

180 4556 436 4626 λογοῦσιν
474 4555 771 4627 ἄνθρωποι,
801 4554 894 4607 καὶ
928 4553 1135 4624 πρῶτοί
1172 4571 1234 4622 γε
1273 4554 1540 4607 Ἰουδαίων
1584 4557 1774 4621 παῖδες

1881 4558 2013 4613 Cum
2046 4560 2236 4623 Deum,
2269 4557 2363 4627 qui
2416 4556 2489 4611 sit
2534 4571 2699 4625 super
2728 4552 2933 4619 omnia,
2975 4568 3074 4623 per
3106 4553 3356 4609 notiones
3389 4552 3473 4606 in-

178 4654 251 4703 ὲκ
282 4649 391 4701 τῶν
446 4645 796 4718 προφητικῶν
849 4645 888 4697 Γ
894 4644 1080 4716 ραφῶν
1129 4645 1656 4716 χειραγωγούμενοι,
1697 4647 1772 4710 ὡς

181 4744 282 4798 καὶ
316 4742 476 4804 αὐτὸς
506 4741 741 4811 παρίστη
778 4737 1117 4809 Μάρκελλος,
1146 4741 1201 4791 ἐν
1227 4744 1339 4803 τοῖς
1382 4740 1507 4809 ἑξῆς
1541 4739 1767 4811 προϊών.

181 4834 400 4890 Οὐκοῦν
436 4834 619 4903 ἕτερος
644 4828 711 4902 ἦν
742 4827 915 4893 οὗτος,
942 4831 999 4884 ὃν
1024 4834 1052 4882 ὁ
1085 4832 1288 4901 κόσμος
1322 4833 1421 4884 οὐκ
1454 4832 1613 4900 ἔγνω,
1640 4832 1772 4896 Θεὸς

181 4930 280 4982 καὶ
296 4928 487 4995 Λόγος,
518 4925 632 4994 φῶς
651 4925 910 4995 ὑπάρχων
940 4941 999 4975 τε
1017 4926 1107 4977 καὶ
1123 4925 1512 4994 ὠνομασμένος
1533 4944 1544 4953 ·
1569 4926 1683 4994 φῶς
1706 4925 1764 4977 δὲ

180 5022 285 5075 οὐκ
301 5019 577 5090 αἰσθητὸν,
599 5016 720 5070 οὐδὲ
738 5018 846 5088 (ΒΞ)
864 5017 1083 5087 σαρκῶν
1096 5018 1229 5089 (82”)
1245 5016 1553 5088 ὀφθαλμοὺς
1570 5018 1770 5089 ὁμοίως

263 5214 327 5273 pls
350 5207 447 5263 Ed.
477 5207 681 5267 Paris.,
718 5221 839 5276 pag.
866 5204 955 5263 8|.
1040 5206 1086 5236 ⁸ο
1118 5204 1275 5259 Joan.
1311 5222 1350 5270 i,
1385 5204 1439 5270 8,
1482 5205 1568 5259 ll.

285 5416 397 5487 77')
421 5415 593 5486 Vulgo
625 5418 732 5471 ὁδε.

285 5419 397 5487 77')
421 5419 593 5486 Vulgo
625 5419 732 5471 ὁδε.

258 5419 372 5561 ί78)
404 5488 511 5561 Kal
542 5490 684 5561 Θεὸς
706 5488 785 5557 ἦν
812 5490 843 5541 ό
868 5487 1076 5561 Λόγος.
1107 5484 1358 5561 Ιιηοριαὶ
1385 5480 1705 5561 θεῖος-[ἀρφ
1729 5496 1761 5537 e

185 5552 363 5630 codd.’
383 5577 436 5611 κ.
476 5552 669 5630 6206],
700 5552 909 5630 poterat
946 5552 1184 5630 Joannes
1221 5557 1443 5630 dixisse,
1472 5552 1593 5630 uel:
1617 5552 1760 5630 esito;

185 5626 255 5703 ἦν
289 5632 317 5681 ὁ
345 5628 520 5703 ὶόγος,
545 5640 599 5681 at
620 5625 774 5703 dixit,
803 5628 900 5703 aeui
931 5630 1074 5703 Θεὸς
1092 5625 1191 5699 ἦν,
1220 5626 1421 5695 aliquid
1450 5626 1596 5703 aliud
1626 5626 1765 5703 dixit

189 5695 464 5768 pretend
512 5698 735 5768 φωτίζει
768 5699 944 5753 πάντα
984 5695 1299 5770 ἄνθρωπον;
1332 5696 1610 5770 _mutilate
1630 5695 1764 5770 citat

189 5763 582 5843 iivaugelistaiii
605 5812 620 5835 ,
665 5773 1005 5843 apudquem
1034 5763 1253 5843 degitur
1276 5808 1291 5832 ,
1318 5763 1507 5843 ﬁred
1528 5764 1654 5835 φῶς
1697 5764 1765 5819 τὸ

190 5836 479 5911 άλιιθῖνόν
495 5840 527 5895 ὃ
542 5840 787 5911 φωτίζει.
811 5836 955 5896 Μζ-
968 5836 1279 5913 ιηῐτιιῖιιιιεο
1295 5836 1669 5911 προϋπάρχειν
1685 5852 1758 5888 τε.

1880 4651 2017 4705 sitas
2046 4667 2075 4703 ii
2106 4658 2302 4703 natura
2336 4657 2672 4719 cognoscant
2699 4661 2893 4701 omnes
2923 4663 2937 4701 :
2969 4646 3240 4715 imprimis
3284 4656 3469 4699 autem

1880 4744 1975 4798 ﬁlii
2016 4742 2346 4809 Judaorum,
2418 4740 2839 4795 manuductione
2880 4738 3290 4807 Scripturarum
3344 4753 3471 4806 pro-

1879 4835 2262 4906 pheticarum,
2311 4834 2456 4903 quod
2516 4832 2900 4903 progrediente
2966 4844 3220 4885 sermone
3282 4829 3473 4883 docuit

1878 4928 2110 4997 ipsemet
2143 4925 2451 4981 Marcellus.
2484 4923 2756 4990 Quocirca
2802 4932 2923 4977 erat
2967 4922 3108 4977 alius
3149 4923 3253 4977 iste
3297 4936 3465 4989 quem

1881 5020 2116 5075 mundus
2161 5036 2268 5074 non
2305 5018 2580 5090 cognovit,
2632 5015 2774 5071 Deus
2814 5024 2979 5084 atque
3026 5012 3290 5079 Verbum,
3344 5012 3467 5067 Lux

1942 5410 2055 5480 (79l
2085 5411 2189 5462 Ἵσ.
2224 5410 2382 5477 λόγον
2409 5408 2515 5477 Mp.
2548 5406 2670 5461 Mox
2694 5405 2855 5477 vulgo
2878 5403 2997 5457 οὐδὲ
3027 5401 3086 5480 ἓν
3124 5418 3220 5474 πρ.

1943 5471 2057 5553 (80)
2088 5481 2197 5534 Τοῦ
2235 5471 2477 5553 φωτός-ί
2523 5481 2585 5553 ΪΟ
2610 5480 2720 5553 γὰρ
2760 5471 3021 5553 κοσμος..
3044 5471 3328 5553 Lege_r_em,
3369 5471 3460 5525 Ἕν

1868 5544 2160 5623 τῷ’κόσμῳ
2186 5544 2293 5621 γᾶρ
2332 5544 2429 5622 ἦν,
2451 5552 2546 5603 καὶ
2573 5544 2836 5623 ὁκόσμος
2867 5544 2932 5599 δι’
2962 5544 3145 5599 αὑτοῦ.
3186 5544 3296 5599 Hoc
3350 5554 3457 5611 est,

1871 5619 1960 5693 qui
1990 5619 2086 5676 qu‘
2112 5619 2228 5675 erat
2254 5619 2309 5676 et
2338 5619 2641 5693 dicebatur.
2678 5619 2749 5678 Μ.

1945 5694 2056 5757 (Si)
2108 5694 2507 5761 Ύπηρετικόν.
2548 5692 2712 5747 Forte
2738 5687 2929 5759 αὑτοῦ,
2960 5688 3038 5759 τῷ
3065 5685 3203 5756 Θεῷ.
3240 5684 3313 5742 Μ.

1950 5763 2062 5828 (82)
2089 5761 2262 5831 Vulgo
2286 5763 2569 5833 σαρκικόν.

1946 5834 2082 5904 (82')
2118 5834 2249 5889 osa:
2285 5836 2432 5907 (suo,
2466 5832 2571 5905 np.
