4068 6316
669 299 775 358 88⁸1

1336 295 1600 353 EUSEBII
1639 293 2118 351 CASSANIENSIS
2155 291 2306 349 OPP.
2348 291 2532 348 PARS
2571 291 2661 348 IV.
2702 323 2770 333 —
2809 289 3230 349 DOGMATICA.
3839 285 3922 340 8&3

669 417 941 471 essistens
965 424 1018 469 et
1044 414 1469 485 appellatuslux.
1501 416 1616 471 Lux
1649 426 1830 471 autem
1863 431 1968 470 non
2002 415 2222 470 sensibi-

2341 414 2474 484 ἡλίῳ
2524 409 2786 482 φωτίζον·
2837 413 2978 467 οὕτω
3022 414 3128 484 γὰρ
3181 412 3248 466 ἂν
3301 409 3399 464 καὶ
3446 410 3480 480 ἠ
3547 404 3662 460 τῶν
3726 402 3926 471 ἀλόγων

668 507 760 570 lis,
796 521 898 562 non
931 506 1231 576 corporalis
1264 525 1277 560 :
1307 523 1409 560 non
1443 523 1563 575 qua:
1596 507 1806 570 oculos,
1837 517 1895 560 ut
1923 505 2002 560 sol
2038 506 2234 560 illumi-

670 605 815 653 raret
841 619 857 652 :
900 613 1023 650 nam
1059 599 1137 652 sic
1167 598 1306 652 illius
1343 599 1478 652 adeo
1528 600 1816 668 participes
1861 599 2056 653 ﬁerent
2083 612 2236 652 crea-

669 700 802 744 tura:
839 690 1199 745 irrationales.
1243 689 1396 744 Nunc
1425 691 1601 758 qualis
1630 702 1748 744 erat
1779 690 1866 744 ille
1899 690 1990 744 lux
2016 705 2116 745 nos
2143 692 2235 746 du-

667 793 777 847 cet,
809 782 1102 850 inquiens:
1134 781 1262 836 Erat
1311 793 1485 836 autem
1531 783 1626 835 tu
1670 783 1981 836 illuminant
2027 799 2234 836 omnem

665 882 928 934 hominem
957 877 1231 931 venientem
1268 874 1322 927 in
1343 873 1480 928 hunc
1510 876 1785 927 mundum.
1819 875 1899 926 Ad
1933 873 2076 928 solos
2106 887 2235 939 ergo

665 967 912 1021 homines
961 963 1263 1033 pertinebat
1320 963 1600 1018 rationalis
1657 964 1762 1018 ista
1816 963 1929 1018 lux.
1964 962 2232 1030 Quocirca

664 1074 761 1126 per
790 1057 1086 1128 potentiam
1116 1071 1268 1109 suam
1301 1055 1556 1123 praeditus
1590 1056 1874 1110 intellectu
1902 1067 1958 1111 et
1990 1057 2227 1121 ratione,

663 1153 756 1222 qui
799 1160 882 1206 est
925 1151 1038 1213 lux,
1071 1150 1137 1203 ad
1186 1148 1475 1218 imaginem
1526 1163 1680 1202 suam
1715 1157 1770 1203 et
1821 1148 2230 1202 similitudinem

664 1236 953 1298 rationales
1010 1241 1218 1294 animas
1266 1250 1320 1294 et
1366 1239 1731 1310 intelligentes
1787 1241 2059 1309 produxit.
2114 1241 2230 1296 Non

660 1344 778 1390 erat
806 1349 936 1405 ergo
961 1335 1046 1388 illa
1075 1334 1162 1387 lux
1199 1333 1502 1397 sensibilis;
1537 1343 1594 1387 ut
1629 1349 1801 1403 neque
1835 1335 1975 1388 Deus
2000 1344 2118 1388 erat
2147 1334 2232 1388 ille

661 1427 751 1495 qui
791 1434 876 1481 est
908 1439 1070 1494 super
1093 1427 1367 1480 universa.
1407 1423 1551 1478 Deus
1577 1427 1721 1479 enim
1757 1425 1844 1478 lux
1873 1434 1978 1491 est,
2007 1437 2061 1481 et
2091 1435 2232 1481 tene-

659 1516 770 1571 bra:
796 1533 900 1571 non
934 1526 1055 1569 sunt
1085 1515 1137 1568 in
1173 1530 1258 1569 eo.
1285 1514 1398 1568 Lux
1425 1523 1605 1567 autem
1642 1525 1724 1569 est
1746 1515 2048 1578 inaccessa,
2085 1518 2230 1584 quod

658 1606 946 1677 Apostolus
983 1609 1159 1671 docet,
1194 1606 1281 1659 ubi
1317 1609 1391 1659 ait
1424 1625 1436 1659 :
1469 1605 1657 1660 Lucem
1689 1608 1938 1661 habitans
1993 1608 2226 1662 inacces-

658 1719 794 1764 sam,
823 1715 971 1770 quem
1025 1713 1172 1752 nemo
1202 1699 1348 1761 uidit,
1392 1700 1482 1752 sed
1525 1716 1614 1752 nec
1643 1710 1810 1765 potest
1839 1701 2010 1753 videre
2033 1700 2099 1756 ⁸¹.
2130 1699 2230 1753 Ille

659 1800 831 1845 autem
862 1791 916 1843 in
951 1792 1144 1843 mundo
1187 1793 1321 1855 erat,
1354 1790 1664 1844 illuminans
1722 1808 1921 1844 omnem
1967 1793 2228 1846 hominem

658 1882 941 1937 venientem
1001 1883 1054 1935 in
1108 1884 1382 1934 mundum.
1438 1883 1543 1935 Sed
1589 1891 1645 1935 et
1691 1884 1945 1946 mundus,
1994 1884 2091 1946 ait,
2135 1899 2230 1952 per

657 1975 799 2028 hanc
830 1973 1006 2028 lucem
1039 1973 1214 2027 lactus
1247 1984 1399 2038 erat;
1443 1974 1719 2039 nimirum,
1747 1976 1890 2044 quod
1942 1990 2228 2045 supremus

654 2065 840 2127 Pater,
865 2081 961 2134 per
988 2061 1184 2120 Filium
1224 2079 1380 2119 suum
1424 2066 1675 2120 universa
1725 2067 2101 2122 constituerat.
2133 2071 2228 2121 At-

653 2172 763 2225 que
807 2158 878 2211 ita
933 2167 1041 2211 tres
1092 2158 1207 2210 istze
1262 2157 1673 2228 appellationes,
1721 2159 1775 2212 in
1830 2174 1996 2213 unum
2049 2159 2224 2214 locum

653 2253 924 2316 congesta:
974 2261 1003 2298 a
1059 2245 1328 2315 theologo,
1369 2246 1422 2299 lu
1462 2248 1730 2317 principio
1776 2247 2080 2318 Scriptura:
2114 2266 2227 2306 suae

651 2338 926 2409 leguntur,
954 2353 1074 2408 quae
1102 2338 1189 2407 pie
1215 2339 1434 2408 quidem
1471 2346 1526 2393 et
1557 2339 1678 2395 sine
1723 2340 1834 2394 ulla
1871 2341 2105 2407 oﬂensa,
2132 2360 2228 2412 po-

652 2438 907 2484 testatem
959 2429 1260 2499 lnsiguiunt
1320 2427 1447 2484 Filii
1504 2429 1640 2497 Dei,
1690 2446 1887 2503 nempe
1952 2431 2226 2502 Verbum,

652 2520 796 2576 Deus
822 2530 984 2591 atque
1015 2521 1128 2577 lux.

722 2615 775 2670 4.
819 2614 1075 2682 Quartam
1113 2615 1200 2670 his
1235 2614 1474 2670 annectit
1513 2615 1658 2670 idem
1693 2616 1918 2684 eoloco,
1965 2618 2227 2692 Unigeni—

652 2722 766 2764 tum
797 2710 1069 2780 appellans
1091 2710 1211 2765 istis
1235 2711 1492 2765 vocibus:
1516 2710 1585 2763 Et
1632 2709 1852 2766 Verbum
1875 2730 1998 2769 caro
2022 2716 2224 2784 factum

661 2814 759 2868 est,
800 2815 848 2857 et
877 2803 1124 2856 [cubitavit
1153 2804 1206 2854 in
1237 2800 1384 2856 nobis
1414 2825 1425 2856 :
1461 2802 1529 2855 Et
1566 2804 1792 2859 vidimus
1818 2806 2040 2875 gloriam
2084 2811 2221 2878 ejns,

651 2895 876 2968 gloriam
915 2897 1068 2966 quasi
1105 2894 1368 2966 Unigeniti
1396 2914 1427 2949 a
1478 2896 1659 2962 Patre,
1691 2901 1900 2970 plenum
1938 2905 2129 2973 gratiae
2173 2914 2223 2959 et

655 2989 892 3043 ueritatis
915 2982 984 3043 θ’.
1021 2985 1097 3041 lta
1126 3004 1340 3058 quoque
1367 2999 1421 3042 et
1452 2988 1768 3060 Unigenitus
1799 2995 2083 3050 dicebatur
2108 2996 2220 3063 ille,

2338 505 2490 569 ζώων
2565 507 2724 576 φύσις
2800 509 3044 577 μετεῖχεν
3117 503 3304 558 αὐτοῦ.
3367 501 3510 555 Νυνὶ
3566 500 3628 552 δὲ
3693 495 3926 548 διδάσκῃ

2334 599 2517 650 ὀπυιον
2574 594 2642 668 ἦν
2701 599 2848 667 φῶς,
2897 598 3101 665 λέγων·
3152 593 3273 652 Ἦν
3327 593 3444 661 (83)
3518 589 3589 643 τὸ
3653 587 3817 657 φῶς,
3871 587 3923 637 τὸ

2335 687 2583 756 φωτίζον
2625 690 2822 743 πάντα
2845 690 3155 758 ἄνθρωπον
3191 689 3523 756 ἐρχόμενον
3544 685 3637 748 εις
3662 682 3770 732 τόν
3792 679 3926 732 κίσ-

2331 799 2466 850 μον.
2502 782 2640 851 (85⁸)
2667 784 2842 836 Μόνον
2871 785 2976 854 ἄρα
3003 778 3071 853 ἦν
3103 779 3403 848 ἀνθρώπων
3418 778 3483 830 τὸ
3520 775 3744 843 λογικὸν
3778 773 3925 826 107m

2335 875 2468 944 φῶς.
2509 877 2599 928 Διὸ
2623 877 2849 946 δυνάμει
2892 877 3051 946 νοερᾷ
3088 875 3181 928 καὶ
3212 873 3402 942 λογικῇ
3442 871 3544 934 τάς
3580 870 3707 923 κατ’
3748 867 3925 919 suum

2333 973 2430 1041 τὴν
2463 969 2626 1022 αὑτοῦ
2660 969 2752 1022 καὶ
2790 969 3047 1039 ὁμοίωσιν
3090 964 3464 1035 πεποιημένας
3506 959 3694 1031 ψυχὰς
3735 956 3923 1028 νοεράς

2334 1061 2426 1114 καὶ
2458 1060 2682 1127 λογικὰς
2711 1057 3094 1136 ἀπειργάζετο.
3131 1058 3218 1120 Ὠς
3244 1055 3300 1108 δὲ
3323 1055 3421 1106 οὐκ
3455 1051 3727 1122 αἰσθητὸν
3770 1045 3925 1114 ἐτύγ-

2335 1171 2461 1225 χανε
2502 1153 2636 1222 φῶς,
2668 1153 2839 1216 οὕτως
2880 1154 3000 1206 οὐδὲ
3031 1153 3091 1204 τὸ
3136 1150 3389 1204 ἐπέκεινα
3421 1146 3533 1199 τῶν
3577 1146 3722 1198 ὅλων
3767 1142 3924 1205 αὐτὸς

2332 1248 2360 1298 6
2387 1245 2517 1308 Θεὸς
2539 1241 2627 1316 ἦν.
2669 1245 2730 1298 Ὀ
2759 1244 2872 1314 γὰρ
2919 1244 3051 1307 Θεὸς
3103 1242 3216 1312 φῶς
3258 1245 3392 1302 ἐστι,
3437 1239 3536 1292 καὶ
3581 1238 3780 1290 σκοτία
3829 1237 3922 1288 οὐκ

2333 1337 2478 1389 ἐστιν
2513 1339 2568 1388 ἐν
2604 1335 2751 1403 αὺτῷ
2771 1337 3016 1406 οὐδεμία.
3054 1335 3161 1388 Καὶ
3199 1335 3306 1406 γὰρ
3343 1337 3371 1387 6
3421 1334 3518 1402 μὲν
3553 1327 3676 1398 φῶς
3715 1326 3920 1397 ἀπρόσ-

2336 1447 2444 1482 ιτον
2467 1426 2555 1499 ἦν,
2579 1428 2652 1492 ὡς
2681 1431 2708 1482 6
2734 1429 2873 1491 θεῖος
2915 1428 3232 1490 Ἀπόστολος
3261 1426 3502 1479 διδάσκει
3525 1464 3538 1486 ,
3573 1422 3774 1489 λέγων·
3797 1417 3920 1482 Φῶς

2330 1522 2509 1575 οἰκῶν
2552 1524 2898 1589 ἀπρόσιτον,
2956 1521 3028 1574 ὃν
3085 1519 3245 1574 εἶδεν
3290 1518 3523 1584 οὐδεὶς,
3586 1515 3718 1568 οὐδ’
3775 1511 3921 1565 ιδεῖν

2331 1613 2598 1667 δύναται.
2647 1614 2696 1665 ’0
2729 1613 2779 1665 δ’
2817 1614 2884 1666 ἐν
2923 1612 3002 1677 τῷ
3042 1614 3244 1681 κόσμῳ
3278 1606 3374 1679 ἦν,
3419 1606 3686 1677 φωτίζων
3724 1603 3918 1657 πάντα

2332 1705 2648 1774 ἄνθρωπον
2674 1708 2996 1776 ἐρχόμενον
3041 1707 3128 1770 είς
3168 1704 3272 1756 τὸν
3315 1703 3564 1770 κόσμον.
3617 1697 3786 1750 Ἀλλά
3827 1697 3917 1747 καὶ

2336 1802 2364 1853 6
2405 1798 2624 1868 κόσμος,
2661 1799 2814 1867 φησὶ,
2863 1796 2949 1849 διά
2995 1795 3146 1849 τοῦδε
3198 1794 3287 1846 τοῦ
3335 1793 3511 1861 φωτὸς
3543 1790 3775 1858 γέγονε,
3825 1785 3913 1838 το]

2337 1892 2668 1963 κρείττονος,
2711 1890 2911 1964 δηλαδὴ
2962 1889 3056 1941 τοῦ
3104 1887 3314 1959 Πατρὸς
3370 1885 3456 1938 διὰ
3511 1882 3604 1936 τοῦ
3675 1879 3812 1933 Υίοῦ
3858 1878 3914 1929 τὸ

2338 1986 2444 2037 πᾶν
2479 1985 2886 2053 συνισταμένου.
2919 1983 3078 2054 Τρεῖς
3114 1983 3210 2050 μὲν
3239 1980 3301 2048 δὴ
3335 1973 3492 2033 αὗται
3528 1976 3668 2030 κατά
3694 1974 3752 2027 τὸ
3786 1970 3914 2026 αὐτὸ

2335 2073 2442 2126 τῶν
2468 2069 2561 2126 τοῦ
2601 2069 2730 2126 Υίοῦ
2769 2071 2860 2125 τοῦ
2893 2071 3026 2125 Θεοῦ
3059 2071 3169 2140 (84)
3208 2068 3518 2140 δυναμένων
3551 2065 3790 2136 εὖφημοι
3825 2061 3912 2114 καὶ

2335 2163 2575 2227 εὐσεϐεῖς
2627 2163 2914 2234 ἐπηγορίαι
2953 2162 3031 2234 τῷ
3085 2161 3318 2230 θεολόγῳ
3354 2160 3451 2229 τῆς
3483 2157 3710 2228 Γραφῆς
3755 2154 3912 2222 ἀρκτι-

2339 2257 2484 2326 μένῳ
2523 2254 2988 2328 παρελήφθησαν·
3020 2257 3049 2307 ὁ
3081 2253 3271 2321 Λόγος,
3314 2251 3408 2304 καὶ
3453 2253 3480 2303 6
3525 2248 3682 2312 Θεὸς,
3719 2246 3816 2298 καὶ
3856 2244 3912 2295 τδ

2338 2369 2469 2419 φως.

2403 2622 2465 2676 δ’.
2512 2621 2648 2693 Ἤδη
2718 2622 2774 2675 δὲ
2828 2623 2920 2675 καὶ
2987 2621 3252 2692 τετάρτην
3323 2618 3678 2691 προστίθησιν
3730 2619 3756 2672 6
3812 2618 3908 2672 αὖ·

2332 2709 2443 2777 τὸς,
2478 2712 2757 2782 Μονογενῆ
2809 2713 2899 2765 τὸν
2954 2711 3115 2765 αὑτὸν
3169 2709 3476 2774 ἀποκαλῶν,
3519 2712 3576 2761 ἐν
3622 2704 3705 2772 οἷς
3743 2723 3906 2779 φησν

2332 2807 2441 2860 Καὶ
2501 2809 2533 2860 ό
2592 2808 2780 2874 Λόγος
2839 2805 2996 2873 σὰρξ
3066 2803 3332 2873 ἐγένετο,
3389 2804 3490 2856 καὶ
3558 2801 3910 2867 ἐσκήνωσε·

2331 2900 2401 2952 ὲν
2456 2898 2618 2967 ἡμῖν,
2691 2898 2787 2951 καί
2846 2896 3215 2965 ἐθεασάμεθα
3271 2895 3389 2963 τὴν
3454 2894 3642 2958 δόξαν
3700 2891 3906 2956 αὑτοῦ.

2332 2990 2521 3055 δόξαν
2591 2992 2672 3056 ὡς
2733 2988 3114 3058 Μονογενοῦς
3191 2989 3349 3056 παρὰ
3425 2988 3686 3055 Πατρός,
3751 2987 3906 3052 κλή-

647 3082 960 3153 priusquam
1030 3082 1430 3136 incarnaretur.
1486 3082 1620 3137 Nam
1686 3095 1962 3156 utcunque
2035 3098 2222 3143 nostra

2328 3101 2441 3151 ρης
2500 3082 2739 3152 χάριτος
2791 3081 2890 3134 καί
2940 3081 3243 3148 ἀληθείας.
3301 3079 3507 3132 Οὐκοῦν
3560 3079 3654 3132 καὶ
3708 3080 3737 3131 ὸ
3791 3079 3907 3132 me.

649 3185 834 3234 causa,
859 3172 1002 3239 quod
1029 3172 1104 3224 ait
1136 3189 1150 3224 :
1176 3170 1314 3224 Caro
1337 3172 1513 3240 {actus
1535 3185 1608 3228 est
1635 3172 1835 3229 Sermo.
1865 3175 2222 3233 Nihilominus

2329 3177 2553 3245 νογενὴς
2601 3174 2692 3227 τοῦ
2742 3171 2876 3226 Θεοῦ
2933 3174 3059 3243 πρὶν
3117 3172 3150 3241 ἢ
3197 3170 3296 3238 τὴν
3357 3173 3532 3242 σάρκα
3590 3169 3903 3228 ἀναλαὸεῖν,

648 3275 750 3317 nos
787 3259 889 3330 ipsi
942 3262 1138 3331 quibus
1175 3263 1417 3318 revelare
1467 3269 1525 3327 ὦ
1574 3267 1825 3336 dignatus
1853 3278 1938 3322 est
1972 3269 2226 3324 divinita-

649 3362 762 3410 tem
791 3368 969 3422 suam,
1006 3359 1318 3426 neutiquam
1366 3358 1418 3412 in
1466 3371 1685 3413 carnem
1737 3361 2110 3430 respicientes,
2142 3371 2224 3417 est

649 3445 796 3498 enim
834 3459 962 3499 caro
1002 3448 1145 3500 servi
1201 3445 1396 3513 forma,
1429 3449 1522 3504 sed
1570 3449 1624 3502 in
1665 3450 1830 3519 ipsius
1877 3450 2106 3520 gloriam
2141 3453 2223 3506 in-

648 3546 884 3602 tuentes,
915 3552 1035 3607 quae
1082 3550 1238 3593 extra
1287 3541 1504 3608 quidem
1555 3556 1755 3610 corpus
1798 3558 1828 3596 a
1877 3553 2060 3598 mente
2089 3559 2220 3614 pura

645 3627 841 3683 visitur
883 3639 939 3683 et
975 3630 1255 3696 defaecata,
1301 3633 1531 3688 vidimus
1562 3633 1680 3702 ejus
1708 3633 1958 3704 gloriam,
1991 3621 2219 3703 gloriam

645 3717 994 3787 ineﬂ‘abilem,
1023 3729 1075 3775 et
1129 3714 1346 3792 captum
1397 3723 1691 3792 quemlibet
1739 3725 2033 3780 humanum
2068 3735 2218 3779 tran-

645 3813 1020 3878 scendentem,
1048 3814 1261 3882 qualem
1298 3814 1556 3868 nimirum
1591 3815 1714 3884 quis
1764 3817 2048 3887 imaginari
2092 3814 2220 3873 velit

649 3903 882 3973 gloriam
937 3903 1211 3975 Unigeniti
1266 3906 1381 3960 Del.
1441 3906 1571 3960 Erat
1618 3917 1800 3960 autem
1829 3924 1858 3962 a
1893 3909 2076 3974 Patre,
2112 3910 2218 3964 ista

647 3997 844 4068 gloria.
883 3997 1286 4052 Animadvertis
1325 4013 1430 4054 non
1459 3999 1549 4053 hic
1571 4000 1699 4065 dici,
1727 4002 1958 4056 vidimus
1984 4003 2215 4070 gloriam

646 4089 784 4159 ejus,
822 4089 1050 4161 gloriam
1089 4089 1250 4143 veluti
1283 4088 1469 4156 Verbi,
1514 4107 1579 4146 ne
1621 4102 1730 4145 tum
1773 4108 1894 4147 cum
1924 4093 2132 4148 dixerat
2162 4095 2214 4148 in

645 4181 1113 4251 praecedentibus:
1150 4181 1376 4236 Verbum
1439 4200 1562 4236 caro
1606 4184 1804 4252 factum
1849 4185 1970 4250 fuit,
2014 4187 2107 4239 sed
2160 4196 2218 4239 ut

645 4271 870 4343 intelligi
917 4282 1096 4342 posset
1129 4273 1428 4343 cujusmodi
1485 4273 1718 4328 Verbum
1755 4272 1845 4328 ille
1884 4288 2005 4328 eum
2051 4290 2218 4345 pone-

646 4376 750 4429 ret,
799 4364 1062 4437 (minime
1101 4367 1315 4436 quidem
1371 4366 1724 4420 indicativum
1756 4382 1767 4416 :
1803 4382 1928 4420 nam
1976 4368 2214 4424 Verbum

2327 3266 2712 3337 ἐχρημάτιζεν.
2761 3265 2822 3316 Et
2881 3264 2988 3334 γὰρ
3043 3263 3138 3316 καὶ
3179 3263 3262 3339 ,τά
3323 3263 3590 3332 μάλιστα,
3637 3262 3804 3331 φησὶ,
3844 3261 3908 3314 δι’

2326 3362 2492 3430 ἡμᾶς,
2525 3361 2553 3412 6
2587 3361 2776 3428 Λόγος
2799 3357 2954 3425 σὰρξ
2975 3356 3230 3424 ἐγένετο,
3269 3355 3382 3408 ἀλλ’
3414 3358 3562 3426 ὅμως
3589 3357 3794 3425 ἡμεῖς.
3828 3350 3906 3417 οἷς

2324 3452 2659 3521 κατηξίωσεν
2691 3449 3020 3516 ἐνδείξασθαι
3047 3449 3142 3518 τὴν
3175 3448 3366 3501 ἑαυτοῦ
3405 3448 3632 3518 θεότητα
3655 3488 3669 3511 ,
3699 3448 3797 3500 οὐκ
3831 3450 3904 3509 εἰς

2320 3545 2419 3614 τὴν
2445 3545 2621 3614 σάρκα
2656 3541 2986 3612 ἀφορῶντες,
3013 3541 3149 3611 αὕτη
3195 3539 3303 3611 γάρ
3336 3539 3448 3608 (85)
3493 3539 3674 3612 μορφὴ
3720 3538 3902 3592 δούλου

2319 3631 2408 3704 ἦν,
2445 3636 2558 3689 ἀλλ’
2585 3638 2662 3698 εἰς
2688 3635 2786 3706 τὴν
2815 3632 2971 3699 δόξαν
3002 3631 3165 3685 αὑτοῦ
3201 3632 3298 3705 τὴν
3328 3632 3484 3694 ἐκτὸς
3524 3632 3619 3685 τοῦ
3656 3631 3904 3702 σώματος

2321 3727 2396 3796 νῷ
2423 3727 2648 3797 καθαρῷ
2674 3725 3076 3797 θεωρουμένην,
3111 3725 3454 3796 ἐθεασάμεθα
3486 3724 3584 3796 τὴν
3614 3724 3772 3791 δόξαν
3817 3727 3903 3778 αὖα

2321 3822 2436 3884 τοῦ,
2491 3820 2650 3885 δόξαν
2709 3820 2944 3892 ἄρρητον
3002 3819 3096 3871 καὶ
3147 3817 3325 3871 πάντα
3379 3817 3588 3886 θνητῶν
3647 3817 3899 3888 λογισμὸν

2323 3912 2773 3982 ὑπερϐαίνουσαν,
2806 3913 2994 3965 ὁποίαν
3014 3927 3096 3974 τις
3119 3913 3386 3982 ἐννοήσειε
3418 3909 3571 3973 δόξαν
3603 3909 3733 3962 Υίοῦ
3765 3909 3893 3962 Θεοῦ

2323 4006 2662 4076 μονογενοῦς.
2705 4002 2810 4058 Ἦν
2849 4004 2904 4057 δέ
2949 4004 3085 4075 αὕτη
3143 4003 3292 4075 παρά
3343 4002 3438 4056 τοῦ
3491 4003 3703 4074 Πατρὸς
3752 4003 3891 4069 δόξα.

2330 4100 2492 4169 Ὁρᾷς
2519 4137 2532 4160 ,
2565 4099 2710 4160 ὅπως
2754 4099 2852 4150 οὐκ
2889 4093 3040 4161 εἷπε,
3075 4097 3166 4149 καὶ
3214 4093 3555 4165 ἐθεασάμεθα
3599 4095 3700 4167 τὴν
3745 4095 3892 4159 δόξαν

2320 4191 2502 4255 αὑτοῦ,
2533 4190 2686 4253 δόξαν
2711 4188 2784 4252 ὼς
2816 4189 3010 4255 Λόγου,
3039 4188 3214 4242 καίτοι
3265 4185 3560 4258 προειπὼν,
3615 4186 3680 4238 ⁸0
3709 4188 3890 4254 Λόγος

2317 4279 2472 4349 σὰρξ
2501 4279 2753 4348 ἐγένετο,
2783 4278 2896 4331 ἀλλ’
2928 4281 3012 4330 ἵνα
3029 4278 3214 4352 διδάξῃ
3250 4279 3430 4331 ὁποῖον
3461 4277 3621 4330 αὐτὸν
3661 4278 3887 4348 ὑπεστή-

2320 4392 2449 4428 σατο
2476 4375 2663 4443 Λόγον·
2697 4373 2798 4445 (ὅτι
2830 4373 2904 4444 μὴ
2929 4375 3280 4446 σημαντικὸν,
3303 4375 3419 4436 πῶς
3441 4375 3549 4446 γὰρ
3579 4377 3675 4429 καὶ
3702 4369 3809 4429 οἷον
3833 4392 3885 4427 τε

645 4459 861 4527 quidem
901 4459 1028 4523 tale,
1060 4474 1189 4512 caro
1221 4457 1339 4514 ﬁeri
1389 4459 1670 4529 nequibat)
1697 4459 2048 4528 Unigenitum
2077 4476 2214 4532 pras—

2328 4464 2387 4539 ἧν
2409 4469 2499 4521 τὸν
2526 4468 2760 4521 τοιοῦτον
2786 4470 2964 4539 σάρκα
2998 4466 3248 4536 γενέσθαι
3270 4484 3285 4528 ;
3310 4467 3330 4535 )
3383 4467 3694 4534 ἀναγκαίως
3733 4469 3885 4521 Μονο-

644 4551 876 4617 dixerat,
907 4561 963 4606 et
1009 4551 1232 4618 gloriam
1293 4551 1408 4620 ejus
1446 4551 1626 4616 talem,
1681 4553 1898 4622 qualem
1938 4552 2063 4609 Filii
2114 4553 2210 4611 Dei

645 4642 910 4712 unigeniti
959 4643 1186 4711 gloriam
1221 4643 1587 4712 intelligimus.
1621 4645 1684 4697 Et
1709 4646 1936 4714 gloriam
1983 4647 2056 4700 illi
2093 4662 2212 4702 eam

642 4746 669 4785 a
707 4730 865 4786 Patre
916 4748 1127 4802 quoque
1181 4734 1338 4787 docet
1384 4743 1439 4786 et
1490 4750 1594 4790 non
1643 4737 1860 4792 aliunde
1907 4737 2213 4794 advenisse.

640 4825 776 4880 Nam
820 4842 918 4881 nec
958 4829 1273 4898 ingenitam,
1317 4846 1414 4885 nec
1452 4833 1720 4902 principio
1771 4841 2069 4901 carentem,
2113 4850 2214 4891 nec

637 4933 670 4971 a
714 4933 772 4973 se
808 4934 1133 4989 possessam,
1171 4931 1227 4976 et
1269 4938 1372 4976 non
1420 4924 1638 4978 aliunde
1683 4925 1912 4996 gloriam
1951 4926 2206 4992 habebat,

641 5013 736 5067 sed
765 5027 795 5066 a
824 5013 982 5068 Patre
1028 5029 1126 5070 suo
1178 5025 1456 5083 acceptam
1491 5035 1504 5070 :
1535 5017 1675 5085 quod
1734 5018 1895 5072 docet
1950 5021 2066 5090 ipse
2121 5019 2208 5074 in-

642 5106 838 5175 quiens
868 5123 881 5158 :
916 5105 1098 5173 Pater,
1137 5107 1374 5177 gloriﬁca
1411 5123 1490 5161 me
1533 5108 1700 5178 gloria
1731 5108 1825 5164 illa
1871 5128 2029 5181 quam
2067 5115 2207 5181 apud

644 5208 694 5253 te
742 5200 924 5267 habui,
971 5211 1093 5256 ante
1145 5203 1566 5256 constitutionem
1611 5205 1762 5257 istius
1809 5207 1994 5259 mundi
2018 5206 2084 5269 ⁸³,
2114 5207 2202 5260 cui

2323 4561 2452 4630 γενῆ
2512 4557 2671 4613 αὑτὸν
2722 4562 2970 4632 προεῖπε.
3012 4559 3123 4612 Καὶ
3153 4558 3251 4629 τὴν
3295 4556 3451 4622 δόξαν
3477 4559 3642 4612 αὐτοῦ
3694 4560 3882 4632 ταύτην

2324 4650 2461 4706 εἶναι
2486 4647 2757 4719 διδάσκει,
2809 4651 2929 4706 καθ’
2963 4651 3030 4721 ἢν
3067 4654 3261 4705 νοεῖται
3295 4651 3591 4723 μονογενὴς
3629 4652 3724 4706 τοῦ
3758 4653 3879 4707 Θεοῦ

2322 4743 2466 4809 Υίὸς.
2517 4743 2810 4816 Ὑπάρχειν
2834 4761 2895 4796 τε
2924 4742 3034 4815 (86)
3070 4742 3237 4814 αὐτῷ,
3265 4743 3418 4813 φησὶ,
3464 4745 3563 4815 τὴν
3598 4743 3756 4811 δόξαν
3794 4745 3878 4797 οὐκ

2322 4837 2540 4892 ἄλλοθεν
2567 4837 2600 4909 ἢ
2633 4837 2782 4908 παρὰ
2806 4833 2900 4888 τοῦ
2929 4834 3139 4906 Πατρός
3161 4847 3176 4861 ·
3204 4834 3263 4887 οὐ
3299 4834 3407 4905 γάρ
3435 4833 3746 4905 ἀγέννητον,
3772 4835 3874 4888 om

2321 4932 2572 5002 ἄναρχον,
2603 4930 2724 4984 οὐδὲ
2759 4929 3054 5000 ίδιόκτητον
3087 4923 3198 4999 εἶχε
3222 4927 3320 4997 τήν
3345 4915 3501 4992 δόξαν
3519 4967 3535 4994 ,
3562 4927 3696 4982 ἀλλά
3743 4927 3870 4998 παρὶ

2317 5021 2407 5075 τοῦ
2465 5022 2674 5094 Πατρὸς
2709 5019 2886 5072 λαϐών
2940 5019 3069 5092 (87).
3124 5017 3192 5074 Ὅ
3219 5019 3280 5091 δὴ
3318 5021 3411 5072 καὶ
3451 5019 3611 5083 αὐτὸς
3650 5020 3868 5089 παρίστι

2317 5113 2505 5184 λέγων,
2525 5113 2737 5182 Πάτερ,
2774 5112 3040 5178 δόξασόν
3062 5129 3139 5181 με
3163 5110 3236 5180 τῇ
3269 5111 3438 5180 δόξῃ,
3462 5109 3545 5178 ἦν
3577 5107 3742 5179 εἶχον
3768 5106 3867 5178 api

2314 5209 2420 5262 τοῦ
2452 5208 2559 5262 τὸν
2589 5210 2821 5276 κόσμον
2851 5206 3002 5260 εἶναι
3021 5205 3181 5276 παρὰ
3203 5204 3326 5260 σοι.
3359 5207 3456 5258 ὀν
3477 5204 3574 5258 καὶ
3603 5201 3867 5275 ἀμείϐεται

718 5365 777 5424 ὦ
806 5361 903 5416 Ed;
947 5361 1145 5431 Paris.,
1172 5379 1296 5437 pag.
1323 5366 1410 5422 85.
1486 5366 1529 5400 ⁸¹
1552 5369 1573 5424 ι
1600 5367 1740 5424 Tim.
1763 5386 1832 5437 vx,
1867 5371 1955 5430 16.
2032 5372 2077 5404 ³³
2101 5369 2222 5426 Joar

2328 5371 2425 5435 μ.
2505 5373 2551 5405 ⁸³
2575 5371 2735 5432 Joan.
2758 5386 2892 5440 xvtt,
2923 5371 2976 5427 5.

849 5519 962 5598 *ξι-νῄ
986 5526 1013 5577 6
1041 5525 1197 5598 ὶξγος
1226 5527 1399 5598 vulgo.

714 5592 1070 5671 (gbf)_hi6vuiv
1098 5592 1346 5671 μικΜοὶ
1379 5600 1537 5671 vulgo
1570 5601 1807 5658 διδάσκει
1840 5602 2169 5670 Δπόστολος.

714 5661 830 5802 ἒὸι)
856 5665 954 5731 Mp.
990 5667 1062 5718 ῖσ.
1100 5661 1397 5736 δυνάμεων.
1446 5661 1582 5725 Infra
1610 5679 1763 5739 vulgo
1808 5661 2196 5750 ἐχρημάτισεν.

739 5731 828 5802 85)
863 5733 1027 5802 Vulgo
1067 5754 1175 5796 om.
1222 5741 1332 5792 καί.
1369 5743 1511 5797 lnl'ra
1556 5743 1744 5802 θνητὸν
1800 5747 1822 5799 >
1921 5721 2196 5802 imasqu-

739 5721 828 5804 85)
863 5721 1027 5808 vulgo
1067 5754 1175 5796 om.
1222 5721 1332 5792 καί.
1360 5721 1759 5814 ιήιιιίίέὀνῆἔέᾇ
1800 5721 2198 5818 ἶ

2317 5554 2606 5679 “galla.
2639 5606 2787 5675 αὐτῷ
2817 5608 2899 5664 vel
2927 5605 3096 5663 αὑτοῦ
3131 5607 3262 5677 Μρ..
3283 5609 3442 5679 vulgo
3474 5608 3670 5679 αὖτόνε

2384 5678 2496 5754 (8-7)
2524 5677 2698 5754 Vulgo
2723 5679 2828 5738 ὅδε.
2853 5691 2918 5754 et
2937 5697 3055 5754 uno:
3089 5681 3237 5754 παρά
3264 5698 3358 5735 σου
3376 5677 3683 5754 ἑζέδόξασά
3706 5678 3866 5738 usa!

2307 5758 2362 5805 ct
2386 5748 2551 5803 αὑτοῦ
2587 5751 2788 5814 πάντες
2817 5761 2870 5807 et
2897 5751 3086 5805 ἀκούει
3119 5748 3252 5806 Σαό.
