4068 6316
216 326 336 383 869

1188 327 1271 383 DE
1310 326 1847 383 ECCLESIASTICA
1887 326 2282 384 THEOLOGIA
2323 328 2455 385 LIB.
2497 325 2537 383 l.

3392 328 3497 383 870

215 441 409 509 λέγων
440 441 469 493 6
500 441 709 515 Πατήρ·
749 441 859 497 Καὶ
890 440 1155 505 ἐδόξασα
1200 441 1300 494 καί
1328 441 1513 495 πάλιν
1550 441 1800 506 δοξάσωι

1918 446 2252 511 respondens
2294 443 2367 496 ait
2413 441 2577 497 Pater
2610 456 2625 495 :
2655 438 2723 494 Et
2757 441 3057 512 ρίου-ἑῇσαυὶ
3102 450 3172 507 te,
3207 453 3254 497 et
3304 444 3494 499 iterum

216 535 344 587 Καὶ
384 535 464 589 ἔτι
513 537 712 608 μᾶλλον
750 536 852 608 τὴν
903 536 1200 589 ὑπόστασιν
1245 535 1409 589 αὐτοῦ
1448 536 1758 606 συνίστησιν
1786 539 1814 589 6

215 625 397 689 αὐτὸς
445 626 835 698 εὐαγγελιστὴς
866 628 1176 698 ἐπιφέρων,
1244 628 1494 697 Ἰωάννης
1543 630 1815 700 μαρτυρεῖ

211 716 359 787 περὶ
385 717 548 770 αὑτοῦ
575 718 668 769 καὶ¹
694 717 933 789 κέκραγε
976 719 1148 786 λέγων
1174 737 1187 750 ο
1219 714 1411 786 Οὗτος
1442 717 1519 791 ἦν
1552 724 1583 775 ὀ
1619 723 1811 774 ὀπίσω

211 820 345 868 μου
367 803 688 872 ἐρχόμενος
713 844 726 867 ,
758 806 826 872 ὃς
855 808 1195 876 ἔμπροσθέν
1230 826 1347 876 μου
1385 810 1630 879 τόνον-εν
1652 851 1666 873 ,
1721 810 1810 865 ὅτι

212 893 458 962 πρῶτός
482 915 600 965 μου
641 894 742 971 ἦν,
779 900 867 952 ὅτι
918 900 987 953 ἐκ
1033 900 1142 953 τοῦ
1189 900 1581 968 πληρώματος
1623 902 1807 955 αὑτοῦ

209 986 399 1053 ἡμεῖς
429 987 651 1055 πάντες
699 992 1009 1061 ἐλάϐομεν.
1065 991 1225 1044 Ἀλλὰ
1277 992 1505 1061 βοῶντος
1542 994 1806 1052 Ἰωάννου.

210 1077 306 1129 ὅτι
336 1078 551 1147 πρῶτος
595 1078 663 1151 ἦν
701 1082 863 1135 αὑτοῦ
891 1123 905 1146 ,
932 1083 1028 1136 οὐκ
1071 1084 1256 1136 ἀκούει
1298 1086 1324 1136 ό
1354 1085 1469 1147 νέος
1499 1086 1803 1148 Σαῢέλλιος,

209 1168 401 1221 καίτοι
432 1172 570 1224 κατὰ
591 1174 770 1244 σάρκα
790 1174 996 1244 προῆγε
1044 1174 1137 1227 τοῦ
1166 1173 1381 1246 (88-89)
1420 1176 1517 1245 τὴν
1544 1179 1755 1244 γένεσιν
1780 1181 1807 1230 6

208 1259 535 1332 Βαπτιστὴς
580 1263 847 1331 Ἰωάννης.
882 1263 1005 1326 [Ιῶς
1039 1258 1131 1315 οὖν
1154 1264 1510 1334 μαρτύρεται,
1547 1266 1629 1317 ὅτι
1657 1266 1802 1336 πρῶ-

202 1368 315 1416 τος
344 1353 505 1406 αὑτοῦ
541 1350 607 1423 ἦν
631 1357 727 1424 ;τῇ
755 1356 852 1424 μὲν
881 1355 989 1426 γὰρ
1014 1358 1155 1409 κατὰ
1186 1359 1361 1427 σάρκα
1393 1360 1556 1427 γεννή
1569 1374 1669 1416 σει,
1706 1358 1803 1410 οὐκ

205 1438 290 1514 ἦν
315 1445 530 1515 πρῶτος
557 1446 719 1499 αὐτοῦ
744 1450 771 1498 6
796 1448 984 1518 Σωτήρ
1010 1465 1023 1477 ·
1060 1448 1258 1501 οὐκοῦν
1282 1449 1403 1501 καθ’
1436 1450 1465 1501 6
1491 1450 1804 1520 Μονογενὴς

202 1528 287 1604 ἦν
319 1532 412 1586 τοῦ
434 1533 589 1597 Θεοῦ,
620 1533 832 1605 πρῶτος
862 1531 930 1607 ἦν
960 1536 1052 1588 τοῦ
1084 1538 1351 1595 Ἰωάννου.
1379 1539 1471 1591 καὶ
1496 1538 1803 1609 ἔμπροσθεν

206 1623 387 1677 αὑτοῦ
414 1625 652 1693 γέγονεν.
685 1621 809 1697 'Ap'
832 1624 924 1679 οὖν
944 1629 1249 1699 ἐπιδέχεται
1266 1630 1439 1683 ταῦτα
1461 1632 1553 1683 ἐπὶ
1578 1631 1667 1683 τὸν
1693 1634 1803 1685 Πα-

204 1715 359 1786 τέρα
381 1717 473 1769 καλ⁸
486 1715 618 1769 Θεὸν
642 1716 747 1769 τῶν
766 1719 901 1771 ὅλων
937 1720 1323 1791 ἀναφέρεσθαι,
1352 1722 1385 1792 ἢ
1421 1723 1513 1775 ἐπὶ
1546 1722 1801 1775 ἀνούσιω

1916 532 2308 602 gloriﬁcabo“.
2368 534 2473 588 Sed
2516 535 2695 589 adhuc
2734 535 2966 588 ulterius
3019 535 3354 606 evangelista
3408 537 3497 591 ille

1914 624 2058 679 idem
2086 624 2155 679 de
2184 625 2462 695 hypostasi
2490 625 2662 693 ipsius
2688 625 2939 694 perhibet
2970 627 3365 694 testimonium,
3402 629 3494 682 ubi

1913 713 2147 770 Joannes
2195 716 2438 786 Baptista
2490 717 2857 771 testimonium
2890 718 2938 771 ei
2970 718 3265 787 perhibuit,
3290 729 3345 774 et
3377 721 3494 775 cla-

1914 810 2081 864 mavit
2114 811 2298 865 dicens
2334 810 2479 865 :Hic
2528 820 2642 864 erat
2684 812 2775 879 qui
2803 818 2919 878 post
2960 828 3043 865 me
3087 813 3321 877 veniens,
3370 824 3493 866 ante

1912 921 1993 957 me
2024 902 2196 972 factus
2228 916 2325 969 est,
2358 904 2480 973 quia
2515 906 2663 972 prior
2692 920 2772 957 me
2817 915 2952 969 erat,
2985 907 3109 975 quia
3152 908 3217 960 de
3260 908 3491 975 plenitu-

1910 1002 2034 1054 dine
2061 1001 2176 1071 ejus
2204 1018 2378 1053 omnes
2409 1001 2701 1067 accepimus
2718 1002 2785 1057 ⁸⁵,
2831 1001 2937 1056 Sed
2972 1003 3296 1055 clamantem
3321 1000 3456 1055 Joan
3476 1030 3492 1041 -

1912 1108 2033 1147 nem
2065 1093 2206 1161 quod
2256 1094 2407 1161 prior
2445 1093 2564 1161 ipso
2605 1090 2787 1157 fuerit,
2818 1092 3087 1149 Sabellius
3149 1109 3254 1147 non
3316 1095 3488 1159 audit,

1910 1199 2184 1255 utcunque
2227 1187 2293 1240 de
2326 1188 2681 1255 generatione
2718 1179 2859 1254 ap'ud
2894 1186 3109 1240 Patrem
3138 1186 3382 1255 Baptista
3408 1188 3492 1241 in-

1909 1281 2167 1333 stituebat
2223 1293 2549 1333 sermonem.
2602 1278 2886 1345 Quomodo
2931 1278 3095 1344 igitur
3140 1278 3189 1332 ei
3241 1279 3490 1332 testimo-

1908 1374 2054 1425 nium
2084 1372 2350 1439 perbibet,
2389 1371 2534 1440 quod
2565 1381 2691 1426 ante
2730 1371 2906 1440 ipsum
2953 1368 3114 1423 erat?
3142 1369 3309 1424 Certe
3340 1371 3486 1438 quod

1906 1472 2117 1531 spectat
2170 1463 2353 1517 carnis
2398 1463 2841 1533 generationem,
2884 1458 3146 1516 Servator
3208 1475 3315 1514 non
3367 1467 3489 1513 erat

1906 1564 2031 1605 ante
2054 1570 2175 1607 eum
2206 1570 2220 1605 :
2252 1557 2565 1608 necessario
2594 1554 2703 1607 vult
2741 1554 3037 1607 secundum
3069 1567 3213 1618 eam,
3244 1565 3349 1620 qua
3390 1550 3486 1604 Dei

1906 1645 2103 1699 dicitur
2140 1644 2480 1717 Unigenitus.
2526 1644 2835 1700 Secundum
2887 1646 3031 1699 hanc
3090 1648 3240 1712 prior
3279 1642 3487 1698 Joanne

1907 1730 2029 1793 fuit,
2064 1740 2118 1785 et
2147 1742 2273 1786 ante
2310 1748 2431 1785 eum
2497 1732 2848 1785 nascebatur.
2893 1730 3211 1783 Patieturue
3263 1731 3365 1782 ista
3418 1731 3486 1782 ad

209 1807 316 1859 καὶ
331 1806 696 1859 ἀνυπόστατον
712 1810 769 1861 ὲν
799 1808 878 1878 τῷ
907 1808 1025 1879 Θεῷ
1062 1811 1231 1878 Λόγον
1245 1811 1333 1865 τὸν
1371 1810 1529 1863 αὑτὸν
1566 1812 1694 1865 ὄντα
1726 1812 1800 1882 τῷ

1905 1813 2117 1868 Patrem
2151 1825 2206 1870 et
2237 1816 2613 1870 universorum
2642 1816 2811 1869 Deum
2845 1816 3060 1880 referri,
3094 1832 3161 1868 an
3194 1816 3374 1884 potius
3412 1815 3482 1866 ad

206 1897 375 1969 Θεῷ;
425 1900 534 1951 Καὶ
565 1900 679 1963 πῶς
717 1900 782 1955 ἂν
810 1902 894 1970 εἴη
918 1900 1137 1954 δυνατὸν
1169 1903 1295 1974 περὶ
1329 1903 1420 1956 τοῦ
1452 1904 1527 1974 μὴ
1561 1905 1803 1972 ὑφεστῶ-

206 2006 311 2053 τος
340 1990 496 2057 λόγου
514 1991 765 2059 λέγεσθαι
786 1994 864 2056 τὸ,
894 1992 1271 2061 ’Ἐμπροσθέγ
1292 2013 1410 2063 μου
1433 1995 1637 2063 γέγονε
1664 2013 1681 2055 ;
1708 1996 1801 2058 Τίς

206 2080 264 2131 δ’
296 2079 439 2134 οὕτω
465 2083 678 2152 μανείη,
713 2084 787 2148 ὡς
844 2085 1060 2155 νομίσαι
1096 2084 1347 2155 Ἰωάννην
1379 2085 1468 2137 τὸν
1492 2086 1801 2157 Βαπτιστὴν

206 2173 352 2242 περὶ
366 2172 458 2225 τοῦ
477 2174 611 2227 Θεοῦ
628 2175 734 2228 τῶν
753 2176 889 2229 ὅλων
906 2176 1183 2247 εἰρηκέναι
1198 2176 1670 2245 τὸ,¹Έμπροσθέν
1682 2196 1801 2248 μου

207 2261 428 2332 γέγονε
448 2305 462 2328 ,
495 2266 589 2318 καὶ
632 2268 716 2319 ὅτι
772 2267 999 2335 πρῶτός
1021 2286 1139 2339 μου
1166 2265 1278 2338 ﬁt»;
1306 2269 1511 2323 Οὐκοῦν
1536 2271 1800 2325 δέδεικται

207 2355 306 2406 διὰ
352 2357 554 2410 τούτων
611 2360 976 2429 προῦπάρχων
1024 2361 1121 2429 τῆς
1172 2362 1413 2414 Ἰωάννου
1466 2364 1729 2430 γενέσεως
1773 2366 1801 2416 6

208 2448 660 2520 Οεολογούμενος,
697 2452 790 2505 καὶ
847 2451 1153 2523 ἔμπροσθεν
1198 2453 1361 2506 αὑτοῦ
1406 2454 1643 2523 γεγονὼς
1688 2454 1799 2520 ε90)

210 2540 451 2611 συνέστη
474 2560 531 2594 τε
565 2545 625 2595 οὐ
664 2544 821 2613 μόνον
858 2545 1027 2613 Λόγος
1047 2587 1061 2611 ,
1093 2545 1227 2599 ἀλλὰ
1265 2548 1355 2599 καί
1383 2546 1513 2609 Θεὸς
1541 2548 1631 2600 καὶ
1664 2547 1797 2614 φῶς,

208 2634 313 2686 καὶ
340 2634 667 2705 Μονογερνὴς,
702 2636 806 2708 πρὸ
840 2636 937 2707 τῆς
978 2638 1241 2708 ὲνσάρκου
1288 2642 1585 2709 παρουσίας
1629 2640 1801 2713 ὑπάρ-

208 2744 331 2794 χων
360 2742 416 2778 τε
446 2728 538 2779 καὶ
564 2727 966 2799 ὠνομασμένος.
995 2731 1210 2783 Τούτων
1244 2730 1297 2783 δὲ
1332 2731 1494 2784 πόθεν
1533 2734 1567 2792 ἡ
1602 2732 1798 2799 γνῶσις

208 2816 295 2887 τῷ
330 2806 705 2889 εὐαγγελιστῇ,
737 2820 895 2882 αὐτὸς
933 2820 1159 2890 δηλώσει
1183 2821 1353 2887 λέγων
1386 2821 1542 2891 ὲξῆς,
1576 2825 1603 2874 6
1628 2824 1799 2875 Μονο-

210 2910 383 2979 γενὴς
418 2911 541 2974 Υἱὸς
577 2914 606 2963 6
627 2910 701 2963 ὢν
735 2914 813 2974 εἰς
835 2914 923 2964 τὸν
954 2913 1149 2965 κόλπον
1174 2913 1266 2965 τοῦ
1295 2914 1507 2983 Πατρὸς
1528 2954 1543 2975 ,
1593 2916 1800 2976 ἐκεῖνος

210 2999 543 3071 ἐξηγήσατο.
600 3003 761 3074 Ὁρᾷς
814 3002 963 3073 παρὰ
1014 3004 1157 3067 τίνος
1203 3004 1485 3073 μεμάθηκε
1532 3004 1625 3056 τοῦ
1670 3005 1796 3057 Υίοῦ

212 3092 321 3161 τὴν
349 3091 641 3159 Θεολογίαν.

1907 1909 2131 1960 verbum
2180 1908 2607 1961 involuntarium
2649 1918 2703 1961 et
2742 1908 3041 1961 inexistens
3079 1907 3133 1960 in
3163 1907 3305 1971 Deo,
3340 1907 3484 1975 quod

1906 2014 2025 2053 cum
2047 1999 2154 2053 Deo
2186 2001 2323 2054 idem
2347 2000 2417 2054 sit
2437 2000 2460 2052 ἲ
2483 1999 2585 2054 Sed
2607 2001 2670 2056 de
2698 2001 2860 2053 verbo
2886 2016 2991 2054 non
3020 1999 3372 2063 subsistente,
3398 2010 3483 2052 est

1906 2088 2237 2159 impossibile
2260 2100 2320 2143 ut
2348 2090 2562 2143 dicatur
2603 2089 2737 2143 illud
2772 2107 2783 2141 :
2824 2091 2961 2143 Ante
3004 2106 3086 2143 me
3127 2089 3321 2157 fuerat.
3348 2088 3482 2154 Quis

1905 2185 2041 2235 adeo
2072 2182 2296 2235 insanus
2330 2190 2431 2243 est,
2466 2191 2523 2234 ut
2556 2181 2809 2249 opinetur
2835 2181 3136 2249 Baptistam
3172 2182 3237 2235 de
3258 2182 3481 2235 univer-

1906 2288 2086 2329 sorum
2133 2273 2244 2329 Deo
2297 2274 2485 2327 isthaac
2546 2288 2882 2339 usurpasse:
2916 2273 3048 2325 Erat
3090 2284 3210 2327 ante
3269 2290 3369 2336 me,
3426 2285 3483 2328 et

1903 2369 2050 2435 prius
2075 2382 2152 2419 me
2198 2367 2405 2434 genitus
2430 2366 2553 2419 est?
2592 2371 2648 2428 »Β
2680 2364 2818 2419 llinc
2849 2366 3016 2434 igitur
3044 2365 3480 2419 demonstratum

1904 2469 2011 2523 est,
2045 2474 2168 2513 eum
2218 2458 2285 2511 de
2334 2457 2491 2523 cujus
2532 2456 2819 2511 divinitate
2852 2458 3054 2526 agitur,
3085 2464 3211 2509 ante
3238 2456 3479 2525 genitum

1901 2550 2165 2606 Joannem
2220 2550 2567 2611 substitisse:
2604 2557 2658 2603 et
2707 2549 2858 2618 prius
2898 2547 2988 2602 illo
3037 2549 3275 2617 genitum
3308 2548 3481 2602 exsti-

1904 2640 2085 2695 tisse:
2125 2640 2215 2710 qui
2269 2654 2373 2695 non
2414 2639 2585 2694 solum
2638 2640 2795 2694 modo
2850 2637 3115 2703 Verbum,
3173 2639 3268 2695 sed
3316 2640 3478 2702 Deus,

1903 2732 2020 2796 lux,
2053 2731 2399 2802 Unigenitus,
2430 2741 2557 2786 ante
2586 2731 2878 2785 adventum
2908 2730 2959 2783 in
2990 2744 3157 2785 carne
3184 2739 3238 2784 et
3281 2739 3398 2785 erat
3422 2740 3481 2784 et

1902 2824 2204 2878 dicebatur.
2267 2824 2423 2879 Unde
2481 2838 2611 2877 vero
2665 2824 2781 2877 haec
2832 2821 3074 2893 cognitio
3130 2821 3481 2890 evangelista:

1901 2916 2216 2977 accesserit,
2237 2915 2348 2984 ipse
2370 2930 2466 2969 nos
2493 2916 2708 2969 docebit
2736 2915 2787 2967 in
2814 2912 3195 2981 sequentibus,
3219 2912 3480 2981 Unigeni-

1903 3013 1989 3057 tus
2030 3003 2220 3069 Filius,
2265 3005 2357 3073 qui
2389 3016 2508 3058 erat
2547 3006 2598 3058 in
2640 3005 2761 3058 sinu
2798 3003 3002 3065 Patris,
3029 3004 3145 3071 ipse
3172 3002 3475 3057 enarravit.

1906 3093 2065 3148 Vides
2089 3094 2250 3149 Verbi
2283 3095 2583 3149 divinitatis
2624 3094 2862 3148 rationes
2890 3092 3031 3147 unde
3053 3092 3265 3147 didicit.

290 3182 351 3235 ε’.
380 3186 453 3237 Οὺ
484 3185 588 3255 γὰρ
622 3186 824 3255 Μωσῆς
849 3202 1010 3253 φησιν
1037 3184 1169 3254 (91).
1219 3187 1339 3239 οὐδὲ
1380 3188 1673 3259 προφητῶν
1717 3207 1798 3253 τις

1972 3186 2023 3240 5.
2066 3185 2183 3239 Non
2232 3185 2442 3255 Moyses
2491 3187 2585 3252 ait,
2624 3187 2717 3241 sed
2762 3200 2865 3240 nec
2906 3182 3289 3254 prophetarum
3332 3184 3482 3255 quis-

210 3273 329 3325 τῶν
360 3274 494 3343 μετὰ
522 3274 723 3327 Μωσέα
745 3291 756 3303 ο
789 3273 907 3325 οὐδέ
932 3290 997 3340 γε
1017 3274 1264 3342 ἀγγέλων
1289 3293 1391 3338 τις,
1421 3276 1453 3345 ἧ
1483 3277 1588 3328 τῶν
1624 3295 1802 3348 κρειτ-

212 3362 388 3415 τόνων
434 3363 714 3432 δυνάμεων
736 3402 748 3426 ,
782 3362 895 3415 ἀλλ’
918 3364 1077 3427 αὐτὸς
1112 3366 1139 3415 6
1190 3368 1480 3436 μονογενὴς
1512 3367 1634 3429 Υἱὸς
1660 3369 1798 3421 τοῦτ’

213 3454 540 3524 ἐξηγήσατο.
567 3454 770 3508 Οὐκοῦν
816 3458 843 3508 6
883 3456 979 3526 μὲν
1021 3457 1249 3526 ἀόρατος
1290 3457 1420 3520 Θεὸς
1463 3459 1561 3511 οὐκ
1607 3459 1801 3531 ἐξηγή-

216 3562 387 3609 σατο,
425 3548 453 3599 6
499 3547 555 3599 δὲ
605 3546 895 3619 μονογενὴς
937 3547 1061 3610 Υἱὸς
1110 3548 1301 3618 ὁρατὸς
1338 3549 1656 3619 γενόμενος,
1701 3553 1799 3621 τὴν

215 3639 352 3709 περὶ
373 3638 463 3690 τοῦ
494 3638 705 3708 Πατρὸς
738 3638 1041 3710 ἀνθρώποις
1068 3639 1325 3710 ἐξήγησιν
1355 3642 1665 3710 ἐποιήσατο,
1694 3643 1801 3694 ἓτε-

218 3753 314 3807 ρος
359 3734 431 3787 ὣν
475 3734 673 3805 δηλαδὴ
720 3735 867 3805 παρὰ
897 3737 985 3787 τὸν
1038 3736 1268 3804 ἀόρατον
1322 3736 1487 3790 Θεόν·
1530 3737 1667 3790 ἀλλὰ
1706 3739 1799 3791 καὶ

218 3827 588 3898 προῦπάρχων
618 3823 708 3897 ἦν,
743 3829 841 3879 οὑκ
887 3829 943 3879 ὲν
970 3830 1036 3898 τῇ
1086 3828 1291 3899 διανοίᾳ
1322 3827 1412 3880 τοῦ
1442 3829 1654 3900 Πατρὸς
1677 3868 1690 3893 ,
1725 3830 1798 3892 ὡς

220 3916 396 3967 ἐδόκει
424 3916 745 3987 Μαρκέλλῳ,
780 3917 891 3969 ἀλλ’
918 3918 973 3969 ὲν
1005 3920 1116 3981 τοῖς
1140 3918 1358 3981 κόλποις
1392 3917 1582 3983 αὐτοῦ,
1610 3916 1797 3991 ὥσπερ

222 4008 338 4075 (92)
364 4008 426 4077 δὴ
454 4009 585 4077 ἡμῖν
614 4008 941 4078 ἐπήγγελται
965 4010 995 4061 6
1028 4008 1216 4079 Σωτὴρ
1240 4010 1319 4073 είς
1339 4010 1571 4073 κόλπους
1604 4010 1797 4081 Ἀδρα-

222 4102 303 4169 ἀμ
332 4102 424 4150 καὶ
461 4098 644 4152 Ἰσαὰκ
671 4101 760 4152 καὶ
798 4098 989 4152 Ἰακὼό
1018 4098 1512 4161 διαναπαύσασθαι,
1538 4100 1681 4154 οὕτω
1704 4103 1796 4154 καὶ

220 4194 248 4243 6
284 4192 409 4253 Υἱὸς
438 4195 513 4254 είς
535 4191 624 4244 τὸν
654 4193 849 4244 κόλπον
877 4187 945 4262 ἦν
974 4190 1068 4243 τοῦ
1095 4192 1307 4263 Πατρὸς
1330 4232 1345 4258 ,
1376 4194 1471 4262 οὐχ
1519 4191 1601 4255 είς
1644 4195 1738 4246 καὶ
1768 4196 1796 4247 6

221 4282 381 4345 αὐτὸς
421 4282 495 4335 ὣν
524 4283 599 4353 τῷ
639 4284 829 4353 Πατρὶ,
861 4283 982 4334 ἐπεὶ
1015 4282 1148 4353 μηδὲ
1178 4285 1337 4354 ἡμεῖς
1365 4284 1519 4337 αὐτοὶ
1559 4285 1793 4355 ἐσόμεθα

219 4377 333 4437 τοῖς
357 4376 530 4442 ἁγίοις
571 4376 860 4444 πατράσιν.
906 4373 1065 4426 Ἀλλὰ
1092 4374 1199 4444 γὰρ
1226 4375 1319 4427 ἐπὶ
1358 4376 1570 4438 τούτοις
1616 4378 1790 4447 τήρει,

220 4470 368 4528 ὅπως
391 4467 526 4536 μετὰ
541 4468 600 4519 τὸ
614 4466 759 4530 ἅπαξ
780 4466 1039 4537 ὀνομάσαι
1059 4467 1228 4534 Λόγον
1254 4466 1346 4519 καὶ
1361 4466 1490 4519 Θεὸν
1514 4468 1603 4520 τὸν
1630 4470 1790 4522 αὑτὸν

221 4561 483 4622 ἀνειπεῖν,
517 4560 610 4611 καὶ
634 4560 747 4627 φῶς
770 4555 1133 4625 ἀποκαλέσαι,
1167 4558 1261 4610 καὶ
1292 4558 1569 4628 Μονογενῆ
1600 4559 1785 4627 φάναι,

223 4652 318 4703 καὶ
341 4651 465 4702 Υίὸν
491 4650 623 4703 Θεοῦ
666 4650 1025 4721 ὁμολογῆσαι,
1057 4652 1155 4705 οὐκ
1194 4651 1272 4704 ἔτι
1303 4650 1472 4718 Λόγον
1512 4652 1785 4722 ὀνομάζει,

222 4742 357 4798 ἀλλὰ
388 4743 480 4795 καὶ
512 4742 672 4795 αὑτὸν
701 4742 883 4795 λοιπὸν
922 4744 1122 4813 ἱστορεῖ
1171 4744 1259 4796 τὸν
1293 4744 1556 4814 Σωτῆρα,
1592 4744 1651 4797 οὺ
1684 4744 1786 4797 Λό-

222 4853 316 4904 γον
345 4833 535 4886 ἑαυτὸν
558 4833 932 4887 ἀποκαλοῦντα
954 4872 968 4896 ,
1016 4834 1150 4888 ἀλλὰ
1186 4836 1313 4888 Υἰὸν
1343 4837 1436 4888 καὶ
1484 4834 1783 4906 Μονογενῆ,

224 4926 314 4980 καὶ
345 4926 475 4992 φῶς,
512 4926 603 4978 καὶ
629 4924 772 4995 ζωὴν
789 4934 810 4989 ·,
854 4927 947 4977 καὶ
972 4926 1261 4995 ἀλήθειαν,
1297 4928 1390 4979 καὶ
1414 4926 1550 4979 ἄλλα
1588 4928 1785 4997 μυρία’

222 5021 406 5087 ὥσπερ
430 5015 521 5071 οὖν
546 5017 773 5072 ἀκοῦσαι
807 5019 1066 5091 πάρεστιν
1088 5019 1251 5073 αὑτοῦ
1279 5013 1378 5073 ὧδέ
1407 5036 1483 5089 πη
1507 5019 1787 5071 διδάσκον-

222 5126 309 5170 τος
332 5126 344 5139 ·
382 5109 541 5161 Οὕτω
562 5108 670 5176 γὰρ
696 5107 1010 5175 ἠγάπησεν
1025 5112 1056 5163 ό
1077 5109 1217 5174 Θεὸς
1243 5109 1348 5162 τὸν
1360 5110 1609 5177 κόσμον,
1632 5108 1786 5161 ὥστε

222 5202 329 5255 τόν
373 5199 504 5253 Υὶόν
527 5198 709 5253 αὑτοῦ
752 5199 856 5252 τόν
876 5199 1172 5269 μονογενῆ
1212 5199 1435 5253 ἔδωκεν
1458 5240 1472 5261 ,
1508 5199 1610 5252 ἵνα
1668 5196 1785 5264 πᾶς

296 5388 355 5447 >14
381 5381 479 5437 Ed.
501 5379 697 5449 Paris.,
731 5397 853 5453 pag.
879 5378 967 5436 86.
1042 5380 1089 5411 “
1120 5380 1274 5435 Joan.
1308 5396 1404 5446 xu,
1432 5379 1522 5433 28.
1580 5380 1623 5454 (ξ’
1650 5378 1801 5433 Joan.
1838 5392 1877 5445 ι,

295 5624 505 5695 (88-89)
537 5622 700 5695 Vulgo
725 5625 931 5695 πατρός
953 5633 1004 5680 et
1037 5623 1170 5678 infra
1196 5621 1408 5692 πρῶτος
1442 5622 1603 5674 αὐτοῦ
1627 5618 1693 5693 ἦν
1730 5632 1785 5677 et

221 5699 312 5753 ἐπὶ
335 5695 583 5749 ἀκούσιον
609 5708 661 5749 et
683 5697 926 5767 νομίσας.

291 5768 398 5837 (90)
429 5763 764 5833 Συνέστηκεν
792 5767 851 5819 οὐ
888 5766 1043 5836 vulgo
1078 5776 1129 5821 et
1158 5767 1249 5819 τοῦ
1285 5766 1411 5819 Υἱοῦ
1443 5763 1744 5832 Θεολογιαν.

1901 3278 2046 3346 piam
2080 3285 2201 3347 post
2243 3277 2482 3346 Moysem
2509 3291 2523 3329 :
2549 3292 2653 3332 non
2687 3291 2717 3330 e
2762 3289 2988 3330 numero
3018 3274 3357 3343 angelorum,
3386 3286 3482 3328 aut

1903 3369 2215 3425 sublimium
2245 3370 2443 3438 aliquis
2470 3376 2797 3438 potestatum
2831 3385 2845 3421 :
2872 3368 2965 3422 sed
3007 3368 3123 3435 ipse
3150 3364 3321 3422 Filius
3350 3368 3479 3421 uni-

1901 3463 2137 3529 genitus,
2180 3462 2282 3515 hoc
2320 3462 2634 3515 enarrabat.
2691 3459 3019 3530 Unigenitus
3054 3457 3247 3522 Filius,
3294 3458 3477 3516 factus

1900 3552 2153 3615 visibilis,
2190 3555 2589 3606 enarrationem
2636 3552 2702 3606 de
2738 3550 2901 3605 Patre
2932 3551 3075 3621 apud
3120 3552 3367 3606 homines
3392 3553 3479 3605 in-

1900 3645 2160 3700 stituebat
2185 3645 2349 3709 alius,
2374 3659 2567 3713 nempe
2591 3644 2890 3709 exsistens,
2932 3644 2999 3698 ab
3029 3643 3285 3698 invisibili
3326 3642 3473 3697 Deo:

1900 3736 1993 3787 sed
2018 3745 2072 3789 et
2102 3736 2519 3801 prmexsistebat
2554 3734 2643 3787 ille
2678 3750 2811 3797 non,
2841 3736 2984 3803 quod
3015 3733 3268 3788 Marcello
3300 3735 3475 3787 visum

1899 3834 2001 3887 est,
2042 3825 2095 3878 in
2146 3836 2326 3879 mente
2366 3824 2700 3889 Patris;sed
2746 3826 2800 3879 in
2845 3827 2969 3879 sinu
3012 3823 3169 3892 ejus:
3202 3826 3475 3894 quomodo

1897 3916 2150 3980 promisit
2203 3916 2461 3971 Servator
2517 3916 2693 3980 nobis,
2753 3930 2853 3970 nos
2903 3916 2958 3969 in
3000 3916 3123 3969 sinu
3171 3917 3471 3982 Abraham,

1898 4004 2066 4072 lsaac,
2100 4014 2154 4061 et
2184 4002 2352 4061 Jacob
2389 4007 2671 4077 quieturos
2706 4023 2719 4061 :
2754 4007 2828 4061 ita
2862 4016 2917 4063 et
2962 4005 3079 4076 ipse
3114 4016 3237 4060 erat
3268 4006 3321 4061 in
3350 4006 3471 4062 sinu

1897 4097 2095 4163 Patris,
2124 4113 2233 4154 non
2260 4115 2400 4154 unus
2438 4099 2688 4167 idemque
2713 4113 2835 4153 cum
2867 4114 2965 4153 suo
2992 4098 3174 4152 Patre.
3203 4097 3335 4152 Nam
3374 4113 3473 4155 nec

1898 4205 1996 4244 uos
2025 4190 2193 4245 futuri
2227 4205 2417 4244 sumus
2447 4191 2609 4246 iidem
2644 4207 2765 4245 cum
2810 4190 3014 4245 sanctis
3058 4190 3165 4245 illis
3203 4193 3468 4260 patribus.

1896 4282 2003 4337 Sed
2035 4293 2090 4337 et
2132 4284 2261 4337 illud
2307 4284 2530 4353 insuper
2560 4284 2960 4338 observandum
2994 4284 3161 4347 venit,
3205 4284 3349 4353 quod
3382 4284 3471 4339 ubi

1895 4376 2061 4430 semel
2078 4376 2308 4430 Verbum
2329 4377 2730 4438 nominaveral,
2760 4375 3007 4430 eumdem
3035 4376 3199 4431 etiam
3225 4384 3279 4429 et
3304 4376 3471 4430 Deum

1895 4476 1949 4520 et
1978 4466 2152 4521 lucem
2189 4467 2347 4532 dixit,
2371 4476 2426 4522 et
2456 4466 2799 4536 Unigenitum
2832 4466 3143 4537 appellavit,
3180 4477 3237 4521 et
3276 4465 3471 4521 Filium

1895 4559 1989 4613 Dei
2020 4559 2328 4613 conﬁtetur.
2364 4556 2474 4613 Nec
2532 4540 2787 4628 deinceps
2823 4559 2975 4613 illum
3024 4556 3260 4614 Verbum
3310 4574 3470 4613 usur-

1894 4663 2007 4722 pat,
2040 4654 2136 4707 sed
2164 4662 2217 4707 et
2250 4651 2592 4705 Servatorem
2620 4661 3031 4714 commemorat,
3051 4652 3271 4720 insuper
3297 4650 3471 4718 ipsum

1895 4754 1955 4795 se
1986 4739 2255 4797 dicentem
2297 4756 2405 4795 non
2434 4742 2693 4805 Verbum,
2729 4741 2823 4794 sed
2864 4739 3060 4792 Filium
3108 4740 3468 4807 unigenitum,

1896 4832 2092 4899 lucem,
2130 4834 2316 4896 vitam,
2362 4833 2671 4895 veritatem,
2704 4840 2761 4885 et
2788 4840 3045 4885 sexcenta
3082 4832 3300 4900 quidem
3338 4832 3465 4885 alia.

1890 4925 2155 4979 Nimirum
2186 4928 2375 4979 audire
2403 4926 2530 4980 licet
2564 4926 2738 4995 ipsum
2780 4927 2860 4979 sic
2896 4926 3179 4978 docentem
3212 4942 3227 4978 :
3261 4923 3349 4978 Sic
3387 4928 3471 4977 di-

1892 5014 2019 5067 lexit
2065 5015 2205 5069 Deus
2251 5019 2525 5078 mundum,
2575 5026 2629 5066 ut
2674 5013 2877 5067 Filium
2924 5032 3080 5067 suum
3143 5016 3469 5083 unigenitum

1893 5112 2063 5171 daret,
2094 5118 2149 5160 ut
2178 5111 2347 5161 omnis
2376 5108 2465 5177 qui
2498 5108 2670 5160 credet
2718 5109 2772 5160 in
2807 5123 2923 5160 eum
2961 5123 3063 5159 non
3099 5120 3273 5171 pereat
3300 5108 3365 5159 ⁸⁸.
3403 5108 3468 5161 Ει

1894 5201 2127 5254 iterum:
2157 5200 2339 5270 Neque
2387 5204 2525 5255 enim
2572 5203 2715 5257 misit
2775 5202 2916 5255 Deus
2971 5200 3172 5255 Filium
3225 5218 3377 5254 suum
3414 5204 3471 5255 in

1911 5379 1997 5445 15,
2033 5381 2115 5434 16.
2191 5381 2235 5412 ⁸⁸
2268 5378 2422 5435 Joan.
2455 5382 2654 5445 111,16.

1960 5619 2042 5687 (91
2090 5618 2239 5672 Ἀλλ’
2266 5619 2408 5672 οὐδὲ
2452 5618 2777 5688 προφητῶν
2832 5636 2942 5685 τις.
2972 5618 3095 5676 llaec
3136 5627 3219 5676 est
3251 5631 3377 5673 vera
3399 5618 3463 5674 ιθ

1892 5691 2016 5744 ctio.
2046 5688 2189 5759 M.—;-
2219 5690 2349 5759 (Ego
2382 5693 2539 5746 codd.
2563 5701 2781 5747 secutus
2807 5706 2924 5747 sum
2954 5690 2972 5759 )

1960 5759 2070 5831 (92)
2113 5758 2386 5829 vulgosé.
