4068 6316
188 411 303 465 875

1143 409 1231 464 DE
1270 410 1809 467 ECCLESIAST.G.\
1848 413 2241 469 THEOLOGIA
2282 415 2409 470 LIB.
2455 417 2496 471 Ι.

3352 430 3455 483 674

185 522 410 595 ἀληθῶς
464 520 642 585 ζῶντα
707 523 799 574 καὶ
856 520 1143 589 ὑφεστῶτα
1204 522 1508 587 ἐδίδασκεν,
1554 522 1629 586 ῶς
1688 522 1740 575 λέ

1844 574 1850 584 ,
1879 524 2055 578 dimus
2085 524 2287 591 itaque,
2313 526 2456 594 quod
2508 526 2703 581 Filium
2755 545 2912 584 suum
2945 531 3090 587 Deus
3124 548 3243 588 cum
3269 537 3459 609 dilige-

185 636 311 685 γειν
332 660 346 680 ,
382 617 444 673 '0
465 619 665 686 Πατὴρ
703 614 906 685 ἀγαπᾷ
934 615 1040 669 τὸν
1090 616 1223 671 Υἱόν
1253 616 1351 669 καὶ
1382 617 1576 669 πάντα
1597 617 1773 671 δέδω-

186 728 300 763 κεν
330 707 403 762 ἐν
445 709 519 777 τῇ
553 711 703 778 χειρί
756 710 973 765 αὐτοῦ·
1009 714 1041 763 ό
1091 710 1389 762 πιστεύων
1417 709 1529 777 (97)
1556 712 1642 774 εις
1666 710 1772 763 τὸν

1881 626 1961 668 ret
1992 616 2171 680 Pater,
2200 618 2385 671 omnia
2415 618 2517 686 ipsi
2565 620 2617 673 in
2650 636 2842 676 manus
2878 625 3119 679 tradidit.
3162 628 3458 685 Attendeu-

1874 707 1998 759 dum
2038 719 2121 761 est
2165 722 2328 776 porro
2372 710 2563 764 sedulo
2603 712 2669 765 ad
2704 713 2856 780 illud,
2895 718 3095 781 omnia,
3135 730 3320 787 utpote
3347 738 3458 793 quo

199 804 347 855 Υἱὸν
377 801 499 869 ἔχει
534 798 685 869 ζωὴν
728 802 987 855 αἰώνιον.
1043 800 1393 870 Πιστεύωμεν
1430 802 1642 867 τοίνυν,
1688 803 1740 853 ὅτ

199 894 284 916 -λη
308 895 430 916 καὶ».
467 894 687 916 .‘,---._."...
716 895 735 916 1
757 895 901 916 "__J_
922 911 942 916 -
981 894 1150 916 _L-._..
1176 892 1272 916 k1}-
1292 910 1399 916 .---..
1435 896 1490 916 2...
1533 896 1590 916 -3
1627 913 1702 916 -.-.
1723 913 1737 916 -

1875 812 2054 851 rerum
2085 801 2326 855 omnium
2362 803 2731 859 subsistentia:
2764 798 3298 879 comprehendantur
3323 833 3336 868 :
3357 834 3471 869 inn--

1873 889 1934 916 [Ιη
1982 899 2029 916 ιιι
2077 890 2262 916 -υέΑΙΑ-.-
2306 892 2570 916 η...ζ--Ξ-...
2633 908 2812 916 __-_-.
2938 915 2941 916 ,
3036 904 3046 913 ο
3135 904 3166 916 ιι

184 894 285 945 τὸν
308 895 431 947 Υίὸν
460 894 689 961 ἀγαπῶν
712 895 946 965 ὁΠατὴρ
978 894 1153 945 πάντα
1172 892 1400 998 δέδωκεν
1433 896 1491 946 ἐν
1529 896 1593 997 τῇ
1626 913 1740 999 χείρ

1871 889 1936 943 de
1980 899 2036 943 et
2077 890 2264 947 videre
2302 892 2573 963 quispiam
2633 908 2817 965 posset
2870 904 3297 971 magnitudinem
3347 924 3447 977 po-

183 984 374 1037 αὐτοῦ.
425 985 726 1056 Ἐπιμελῶς
751 987 808 1039 δὲ
838 985 1165 1056 προσεκτέον
1198 983 1276 1054 τῷ
1298 985 1493 1039 πάντα
1524 986 1625 1055 τῆς
1658 989 1740 1040 τῶν

1871 979 2053 1035 lentim
2084 981 2206 1036 Filii
2252 985 2380 1051 Dei;
2410 986 2536 1039 dum
2575 990 2862 1059 recogitet,
2903 1006 3165 1063 quantam
3208 1000 3456 1070 qualem-

184 1078 460 1148 γεννητῶν
502 1079 785 1150 ὑπάρξεως
813 1078 1067 1131 ἁπάντων
1094 1077 1475 1149 περιληπτικῴ
1516 1079 1628 1130 ὄντι
1654 1119 1667 1141 ,
1697 1080 1763 1133 δι’

176 1164 248 1223 οὗ
282 1171 341 1224 τὸ
376 1170 601 1242 μέγεθος
629 1174 727 1241 τῆς
746 1170 839 1225 τοῦ
867 1170 997 1223 Υἱοῦ
1032 1171 1126 1223 106
1156 1170 1291 1224 Θεοῦ
1324 1171 1626 1241 δυνάμεως,
1666 1171 1760 1223 ίδοι

176 1262 251 1313 ἂν
278 1279 379 1325 τις,
416 1264 673 1333 ἐννοήσας
697 1263 797 1333 ὅσῃ
832 1263 925 1314 καὶ
957 1262 1120 1333 ὁποίᾳ
1159 1263 1302 1333 χειρὶ
1344 1264 1491 1335 παρὰ
1524 1263 1616 1317 τοῦ
1651 1265 1763 1317 Πα-

170 1354 309 1423 τρὸς
340 1355 659 1407 ὑπεδέδεκτο
692 1354 790 1424 τὴν
838 1354 944 1407 τῶν
994 1353 1162 1406 ὄντων
1202 1356 1456 1409 ἁπάντων
1504 1355 1757 1429 ὓπαρξιν.

171 1445 245 1496 El.
274 1445 380 1514 γὰρ
411 1443 474 1513 δὴ
505 1444 673 1512 μέγας
704 1444 731 1494 ό
777 1443 1000 1512 σύμπας
1042 1444 1270 1512 οὐρανός
1308 1461 1365 1497 τε
1409 1445 1500 1497 καὶ
1534 1445 1755 1516 κόσμιος,

171 1535 274 1587 καί
316 1535 519 1587 τούτων
562 1534 642 1586 ἔτι
711 1534 909 1605 μακρῷ
965 1533 1248 1603 κρείττονα
1295 1536 1389 1588 καὶ
1436 1536 1758 1607 διαφέροντα

166 1625 430 1693 τυγχάνει
475 1623 543 1677 τὰ
590 1624 845 1677 ἐπέκεινα
869 1624 975 1677 τῶν
1017 1624 1310 1695 ὁρωμένων
1354 1627 1413 1678 ἐν
1446 1628 1756 1698 ἀσωμάτοις

169 1717 271 1768 καὶ
301 1716 616 1785 άφθάρτοις,
644 1719 855 1786 νοεραίς
878 1733 937 1768 τε
963 1718 1057 1769 καὶ
1090 1717 1264 1780 θείαις
1300 1718 1583 1787 ὑφεστῶτα
1606 1719 1756 1773 δυνάο

1867 1073 2047 1139 quein
2093 1090 2310 1131 manum
2378 1080 2577 1134 tradita
2624 1084 2695 1137 sit
2732 1099 2760 1137 a
2806 1084 2971 1143 Patre
3010 1105 3192 1146 rerum
3233 1094 3454 1149 univer-

1864 1178 2046 1217 sarum
2078 1166 2447 1223 subsistentia.
2485 1170 2540 1225 Si
2591 1188 2842 1244 magnum
2901 1179 2973 1234 sit
3018 1182 3217 1238 cmlum
3261 1196 3314 1240 et
3349 1188 3451 1243 hoc

1866 1253 2197 1322 universum,
2224 1270 2371 1316 certe
2403 1277 2521 1330 qua:
2550 1280 2711 1334 supra
2741 1276 2868 1321 sunt
2892 1270 2994 1324 ista
3017 1274 3191 1329 oculis
3220 1292 3451 1347 usurpa-

1866 1354 1936 1409 ta,
1965 1346 2016 1400 in
2047 1352 2410 1417 potestatibus
2433 1356 2785 1413 subsistentia
2814 1361 3172 1433 incorporeis,
3201 1370 3448 1423 incorru-

1862 1439 2165 1507 ptibilibus,
2200 1444 2631 1517 intelligibilibus
2658 1461 2713 1505 et
2752 1454 2975 1520 divinis,
3016 1458 3186 1514 multo
3224 1463 3445 1531 quidem

1862 1532 2011 1585 hisce
2058 1544 2184 1589 sunt
2212 1536 2522 1607 majora,et
2552 1543 2621 1597 ab
2670 1545 2790 1602 istis
2838 1548 2995 1620 longe
3039 1551 3445 1623 discrepantia:

1857 1638 2029 1692 etque
2059 1626 2127 1681 ab
2157 1628 2277 1684 istis
2304 1633 2582 1703 universa,
2610 1653 2731 1706 quae
2764 1655 2887 1694 cum
2917 1652 3135 1711 captum
3164 1656 3448 1704 transcen-

1857 1714 1988 1769 dant
2039 1729 2302 1785 nostrum,
2337 1735 2577 1780 nostram
2614 1742 2834 1799 quoque
2884 1733 3446 1807 refugiuntcoguitio-

171 1823 325 1875 μεσι,
371 1808 546 1861 πάντα
588 1825 649 1860 τε
694 1809 795 1860 ὅσα
842 1808 934 1862 τὸν
983 1809 1251 1881 ἡμέτερον
1313 1811 1740 1883 διαδιδράσκοντα

1859 1821 2003 1861 nem.
2034 1808 2135 1864 Ista
2182 1815 2361 1868 omnia
2393 1827 2449 1871 et
2496 1819 2702 1889 singula
2744 1838 2865 1877 cum
2918 1829 3076 1881 unica
3114 1829 3201 1883 illa
3250 1847 3447 1890 manu3

165 1871 317 1959 νοῦν,
344 1898 442 1965 τὴν
468 1896 742 1968 ἡμετέραν
785 1898 983 1965 γνῶσιν
1018 1899 1303 1954 λανθάνει·
1336 1901 1542 1956 τούτων
1580 1904 1740 1958 ἁπάν-

1860 1898 1980 1953 Filii
2017 1899 2111 1956 Dei
2157 1905 2421 1976 unigeniti
2464 1871 2856 1980 apprehendat,
2892 1922 3150 1986 potentiae
3187 1937 3299 1977 suae
3332 1927 3441 1979 vir--

164 2003 278 2038 των
321 1986 419 2056 μία
448 1986 539 2040 τοῦ
570 1988 907 2056 Μονογενοῦς
950 1990 1078 2043 Υἱοῦ
1118 1990 1213 2044 τοῦ
1262 1992 1396 2045 Θεοῦ
1435 1995 1556 2065 χεὶρ
1594 2014 1751 2067 περι-

163 2076 524 2148 δραττομένη.
558 2079 653 2149 τῆς
682 2080 1143 2151 ἁπειρομεγέθους
1165 2083 1327 2136 06106
1348 2084 1633 2157 δυνάμεως
1655 2089 1753 2160 τὴν

163 2170 369 2242 ἀρετὴν
403 2170 771 2224 ἐπιδείκνυται
810 2172 941 2243 (98).
981 2175 1045 2227 Ὃ
1068 2174 1132 2247 δὴ
1148 2177 1242 2229 καὶ
1278 2177 1344 2229 δι’
1370 2177 1563 2249 ἑτέρας
1592 2180 1752 2233 πάλιν

162 2264 333 2324 αὐτὸς
385 2265 414 2315 ό
463 2264 591 2327 Υἱὸς
638 2267 876 2338 παρίστη
915 2267 1119 2338 φωνῆς,
1169 2267 1375 2336 λέγων,
1422 2270 1626 2325 Πάντα
1647 2290 1751 2340 μοι

159 2354 467 2423 παρεδόθη
504 2356 621 2411 ὑπὸ
674 2357 778 2410 τοῦ
834 2358 1066 2426 Πατρός
1109 2377 1251 2427 μου.
1302 2356 1437 2424 Εἶθ’,
1464 2360 1538 2425 ὡς
1593 2362 1750 2433 ἡμῶν

162 2445 516 2518 ἀπορούντων
538 2488 553 2511 ,
576 2448 661 2511 τίς
697 2448 819 2501 ποτ’
850 2444 938 2520 ἧν,
972 2450 1065 2502 κα)⁵
1114 2451 1142 2503 ό
1177 2450 1441 2522 πηλίκος,
1476 2454 1504 2505 ό
1532 2452 1631 2525 τὴν
1661 2472 1749 2508 το-

160 2537 370 2608 σαύτην
387 2539 853 2611 παρακαταθήκην
868 2541 1312 2612 ὑποδεδεγμένος,
1334 2542 1431 2611 Μὴ
1449 2542 1623 2612 ζήτει,
1646 2563 1750 2617 φη-

164 2618 398 2699 σῖ,μηὸ’
433 2630 635 2698 ἐρώτα.
681 2632 756 2685 Οὐ
787 2632 894 2703 γὰρ
923 2631 1036 2702 ἔχει
1071 2634 1231 2702 φύσιν
1261 2634 1567 2707 ἀνθρώποις
1608 2656 1745 2707 γνω-

162 2721 445 2792 ρίζεσθαι,
490 2723 601 2776 ἀλλ’
645 2725 765 2777 οὑδέ
808 2729 929 2788 ταῖς
983 2727 1254 2796 κρείττοσι
1302 2729 1397 2782 καὶ
1449 2729 1746 2801 θειοτέραις

160 2814 455 2884 δυνάμεσιν
483 2816 515 2885 ἡ
545 2816 779 2886 ἀκριϐὴς
806 2817 899 2869 106
948 2817 1078 2871 Υἱοῦ
1118 2819 1212 2871 106
1245 2819 1379 2872 Θεοῦ
1419 2822 1739 2894 κατάληψις.

158 2907 253 2958 Διὸ
302 2909 606 2978 προφήσας,
652 2907 853 2961 Πάντα
878 2926 978 2977 μοι
1007 2909 1306 2978 παρεδόθη
1340 2912 1459 2965 ὐπὸ
1482 2913 1589 2967 τοῦ
1626 2917 1743 2969 Πα-

158 2998 301 3064 τρός
311 3014 450 3065 μου,
478 3000 726 3069 ἐπήγαγε
749 3016 761 3029 ·
811 2998 922 3052 Καὶ
965 2998 1163 3065 οὐδεὶς
1215 3000 1323 3071 (99)
1365 3000 1739 3071 ἐπιγινώσκει

156 3089 267 3142 τὸν
296 3089 456 3153 Υὶόν,
471 3092 519 3143 εὶ
530 3089 615 3158 μὴ
636 3093 668 3143 ό
681 3089 899 3158 Πατήρ.
926 3090 1239 3158 Σεσιγάσθω
1254 3093 1431 3145 τοίνυν
1454 3095 1561 3158 πᾶς
1577 3096 1741 3166 ἀπόῤ-

1858 1999 2049 2057 tutem,
2074 2008 2290 2050 omnem
2322 2001 2749 2070 magnitudinem
2771 2022 3135 2080 supergressa:
3162 2015 3440 2083 patefacit.

1855 2081 2006 2149 Quod
2050 2084 2247 2155 ipsum,
2279 2097 2335 2142 et
2364 2106 2462 2157 per
2495 2093 2656 2148 aliam
2704 2111 2860 2152 suam
2893 2114 3083 2157 vocem
3115 2081 3321 2161 indicat
3351 2108 3442 2163 Fi-

1852 2172 1957 2229 lius
1996 2176 2083 2229 ubi
2133 2176 2403 2248 loquitur,
2449 2181 2641 2239 Omnia
2666 2188 2790 2242 mihi
2819 2193 3017 2246 tradita
3044 2204 3168 2248 sunt
3210 2214 3243 2251 α
3282 2198 3441 2254 Patre

1853 2281 1965 2321 meo
1991 2268 2057 2321 ”.
2080 2267 2281 2326 Deinde
2308 2288 2373 2328 ac
2402 2275 2447 2329 si
2480 2292 2579 2332 nos
2604 2278 2657 2333 in
2682 2281 2891 2339 incerto
2922 2285 3442 2362 haereremus,quis-

1852 2372 1977 2411 nam
2013 2359 2102 2416 ille
2141 2372 2308 2429 esset,
2341 2375 2395 2419 et
2438 2368 2639 2437 qualis,
2676 2374 2766 2442 qui
2800 2376 3107 2445 depositum
3153 2359 3438 2453 receperat

1849 2447 2193 2519 istiusmodi,
2252 2454 2470 2522 Nolito,
2548 2462 2663 2528 ait,
2742 2482 2979 2535 quarere
3053 2485 3145 2525 nec
3208 2475 3437 2533 interro-

1847 2556 1973 2610 gare
1999 2547 2154 2615 quis?
2208 2546 2327 2604 Non
2381 2563 2466 2608 est
2507 2557 2653 2612 enim
2712 2560 2802 2614 ille
2841 2563 2967 2617 talis
3022 2568 3113 2635 qui
3151 2568 3220 2623 ab
3256 2572 3436 2628 homi-

1850 2636 2008 2690 nibus
2040 2641 2211 2706 possit
2236 2647 2627 2714 comprehendi
2658 2670 2669 2704 :
2705 2653 2815 2710 imo
2858 2673 2927 2713 ne
2951 2662 3167 2729 quidem
3191 2666 3435 2736 perfecte

1848 2723 2074 2796 intelligi
2106 2738 2288 2799 potest
2335 2731 2406 2788 ab
2437 2735 2633 2805 illisce,
2665 2757 2787 2811 qua:
2823 2723 3252 2820 sunt-superne,
3279 2723 3436 2826 pate;

1848 2815 2082 2872 statibus
2119 2836 2134 2886 ;
2165 2835 2288 2876 cum
2338 2823 2410 2879 sit
2449 2825 2621 2883 Filius
2669 2830 2785 2886 Dei.
2835 2815 3105 2903 Quocirca
3147 2815 3434 2915 postquam

1844 2909 2255 2975 enuntiaverat,
2291 2912 2489 2970 Omnia
2522 2921 2655 2974 mihi
2703 2924 2832 2978 data
2874 2942 2996 2984 sunt
3028 2950 3062 2987 α
3088 2909 3256 2990 Patre
3287 2909 3433 3005 Imeo,

1844 2992 2064 3053 intulit:
2096 2999 2165 3055 Et
2211 3019 2362 3058 nemo
2406 3010 2547 3061 novit
2594 3010 2817 3081 Filium,
2852 3022 2955 3074 nisi
3001 3022 3169 3079 Pater
3190 3029 3256 3082 ’⁷.
3289 2992 3434 3097 Quo:

1842 3088 1988 3144 circa
2029 3091 2248 3150 silentio
2289 3098 2598 3156 involvatur
2631 3109 2809 3163 omnis
2841 3111 2908 3166 de
2938 3111 3079 3169 Filio
3110 3118 3203 3172 Dei
3247 3136 3431 3177 sermo

158 3182 324 3251 ρητος
363 3182 489 3251 περὶ
528 3180 622 3233 106
663 3180 793 3234 Υίοῦ
826 3180 919 3235 106
956 3182 1090 3235 Θεοῦ
1116 3184 1321 3252 Λόγος,
1351 3188 1444 3239 καὶ
1483 3187 1629 3257 μόνῳ
1656 3187 1734 3259 τῷ

1844 3182 1931 3249 qui
1954 3192 2037 3236 est
2070 3183 2470 3255 inenarrabilis,
2501 3202 2555 3246 et
2587 3194 2689 3249 soli
2724 3199 2841 3268 ejus
2888 3200 3034 3258 Patri
3076 3214 3432 3268 commende-

154 3272 334 3343 Πατρὶ
350 3272 732 3342 παραδεδόσθω
747 3275 779 3341 ἡ
799 3273 894 3343 τῆς
925 3272 985 3338 ἐξ
1012 3274 1176 3327 06106
1192 3277 1457 3343 γενέσεως
1477 3278 1641 3332 06106
1661 3280 1739 3351 (1)

152 3363 358 3431 γνῶσις
379 3404 393 3427 ,
431 3364 564 3435 μηδὲ
600 3366 910 3436 περαιτέρω
934 3384 1016 3429 τις
1039 3366 1216 3437 ζητῶν
1250 3370 1500 3439 χωρείτω
1525 3372 1737 3441 φύσεως

156 3454 289 3525 πέρι
307 3455 399 3507 καὶ
412 3457 599 3519 οὐσίας
616 3458 947 3529 ἀπορρήτου.
972 3458 1124 3529 Μόνη
1146 3459 1203 3512 δὲ
1222 3460 1351 3530 ἡμῖν
1370 3462 1401 3531 ἡ
1424 3463 1587 3516 06106
1610 3467 1738 3536 περὶ

151 3545 327 3599 αὐτοῦ
351 3547 665 3601 διδασκαλία
696 3552 761 3619 τῇ
791 3549 890 3618 τῆς
914 3549 1149 3613 πίστεως
1170 3549 1504 3620 βεϐαιούσθω
1529 3554 1731 3627 χάριτι,

150 3636 344 3705 σαφῶς
370 3637 543 3692 πάντα
561 3638 707 3708 αὑτῷ
727 3639 831 3691 ὑπὸ
849 3638 941 3691 τοῦ
958 3638 1168 3710 Πατρδς
1192 3642 1587 3711 παραδεδόσθαι
1610 3664 1733 3700 παι-

145 3729 399 3782 δεύουσα.
436 3728 644 3782 Οὐκοῦν
681 3731 709 3781 ὀ
750 3731 845 3799 μὲν
860 3731 988 3793 Θεὸς
1018 3730 1187 3784 ἐδίδου
1210 3734 1304 3785 καὶ
1322 3736 1609 3807 παρεδίδου
1636 3741 1729 3793 ἐπὶ

152 3818 437 3889 βελτιώσει
460 3821 553 3874 καὶ
579 3820 816 3892 ὠφελείᾳ
833 3860 847 3883 ,
871 3818 958 3873 οἷα
979 3821 1190 3895 Σωτῆρι
1214 3826 1308 3877 καὶ
1331 3826 1499 3897 ἰατρῷ
1521 3830 1613 3881 καὶ
1639 3848 1732 3882 κυ-

144 3911 386 3982 σερνήτη
432 3911 539 3965 τῶν
589 3911 724 3964 ὅλων
771 3914 870 3983 τὴν
908 3914 1210 3985 παράδοσιν
1232 3916 1582 3988 ποιούμενος·
1625 3922 1730 3975 ὁδε

143 4002 281 4067 Υἱὸς
312 4002 602 4073 ἐλάμϐανε,
642 4004 735 4057 καὶ
780 4000 869 4058 οἷα
907 4005 1095 4067 πιστὸς
1130 4007 1597 4079 παραθηκοφύλαξ
1629 4014 1730 4082 τὴν

141 4096 295 4150 δόσιν
313 4095 564 4166 ὑπείχετο
587 4096 685 4165 (9.),
709 4098 806 4167 οὑχ
826 4097 900 4161 ὼς
918 4098 1088 4169 Λόγος
1115 4100 1368 4165 ἀνοὺσιος
1396 4104 1488 4157 καὶ
1519 4104 1725 4158 ἀνυπό-

143 4206 364 4253 στατος,
384 4189 499 4242 ἀλλ’
531 4190 606 4253 ὡς
639 4190 854 4260 άληθῶς
872 4192 997 4257 Υἱὸς
1032 4191 1107 4245 ῶν
1134 4195 1443 4265 Μονογενὴς
1470 4196 1564 4249 καὶ
1587 4198 1727 4267 ἀγα-

139 4280 321 4352 πητὸς
352 4279 447 4333 106
478 4281 713 4352 Πατρός.

1843 3280 1931 3326 tur
1971 3273 2117 3331 illius
2162 3277 2227 3333 de
2270 3281 2451 3352 seipso
2489 3290 2859 3353 generationis
2892 3297 3084 3353 modus
3134 3309 3189 3354 et
3233 3304 3432 3359 intelli-

1840 3366 2021 3432 gentia
2060 3382 2076 3418 :
2114 3381 2212 3424 nec
2241 3370 2598 3441 disquirendo
2627 3381 2897 3449 quispiam
2930 3391 3312 3460 progrediatur
3349 3396 3430 3449 ul-

1841 3455 2039 3524 terius,
2075 3458 2127 3511 in
2174 3469 2368 3517 natura
2403 3474 2458 3519 et
2488 3468 2793 3527 substantia
2837 3455 3207 3538 inenarrabili.
3255 3486 3429 3555 Ipsius

1838 3554 2019 3601 autem
2053 3550 2119 3605 de
2172 3552 2351 3623 seipso
2385 3555 2634 3614 doctrina
2682 3563 3024 3624 solummodo
3063 3588 3159 3641 per
3194 3578 3426 3645 gratiam

1836 3654 1958 3708 quae
1985 3657 2052 3696 ex
2083 3642 2196 3700 ﬁde
2218 3658 2301 3703 est
2326 3650 2607 3722 obsignata
2654 3669 2871 3713 maneat
2904 3678 3061 3730 :qna:
3093 3642 3276 3723 omnia
3304 3673 3428 3740 qui-

1837 3731 1957 3785 dem
1998 3733 2098 3802 ipsi
2140 3740 2339 3796 tradita
2388 3758 2417 3796 a
2472 3744 2633 3801 Patre
2672 3762 2774 3803 suo
2810 3752 3098 3809 manifeste
3132 3731 3425 3816 admodum.

1836 3839 1935 3881 nos
1966 3828 2143 3885 docet.
2175 3832 2331 3889 Dedit
2373 3851 2504 3906 ergo
2530 3837 2672 3895 Deus
2708 3851 2873 3910 atque
2905 3848 3127 3903 tradidit
3159 3850 3233 3905 illi
3283 3854 3425 3911 hanc

1836 3919 2184 3978 traditionem
2238 3941 2414 3996 suam,
2446 3930 2513 3985 ad
2554 3935 2991 3993 emendationem
3020 3950 3073 3994 et
3114 3944 3421 4010 profectum

1836 4012 2230 4085 universitatis,
2258 4028 2516 4091 tanquam
2554 4024 2858 4093 Servatori,
2886 4031 3118 4095 medico,
3148 4037 3425 4104 guberna-

1836 4106 1935 4160 tori
1959 4110 2225 4165 omnium.
2262 4120 2321 4178 ›Ῑ‹
2354 4115 2524 4173 Filius
2547 4132 2611 4173 ea
2646 4122 2873 4192 recepit,
2899 4133 2954 4179 et
2986 4137 3245 4198 tanquam
3283 4132 3424 4187 fidus

1832 4201 2101 4272 quispiam
2126 4204 2355 4277 depositi
2384 4222 2567 4267 custos
2605 4213 2804 4270 donum
2850 4217 2979 4273 illud
3013 4224 3155 4291 apud
3186 4239 3245 4279 se
3278 4226 3423 4280 deti-

1830 4294 1978 4361 nuit,
2021 4311 2128 4352 uon
2177 4310 2236 4354 ut
2263 4302 2498 4359 Verbum
2563 4308 2928 4367 insubsistens
2983 4321 3039 4369 et
3104 4316 3413 4373 substantia

138 4388 356 4439 carens,
388 4372 479 4427 sed
516 4383 767 4441 tanquam
798 4374 863 4439 is,
924 4375 1015 4443 qui
1042 4391 1169 4433 vere
1190 4392 1314 4433 cum
1363 4380 1436 4434 sit
1471 4380 1640 4436 Filius
1662 4420 1677 4445 ,
1710 4385 2019 4454 unigenitus
2059 4400 2114 4445 et
2158 4392 2385 4451 dilectus
2424 4396 2594 4465 Patri,
2636 4401 2704 4455 ad
2737 4402 2879 4470 haec,
2914 4408 3263 4478 semetipsum
3303 4413 3419 4481 ipse

138 4466 441 4520 nominavit
466 4480 656 4536 panem
686 4467 825 4529 vitae,
852 4468 1099 4538 inquiens
1132 4486 1147 4523 :

214 4559 282 4622 ζ’.
319 4560 439 4613 Ἔτι
484 4562 618 4633 πρὸς
660 4562 867 4626 τούτοις
900 4566 994 4618 καὶ
1037 4565 1199 4636 ἄρτον
1244 4565 1342 4637 τῆς
1385 4567 1528 4639 ζωῆς
1562 4569 1721 4634 αὐτὸς

1900 4575 1952 4627 7.
1994 4577 2108 4648 Ego
2136 4599 2250 4635 sum
2276 4586 2427 4651 panis
2465 4589 2604 4641 vine.
2644 4589 2758 4660 Ego
2785 4610 2900 4646 sum
2931 4596 3080 4658 panis
3128 4600 3216 4653 ille
3248 4602 3413 4658 vivus:

136 4651 334 4706 ἑαυτὸν
353 4652 620 4723 ὠνόμαζε,
643 4653 813 4722 λέγων
835 4672 846 4684 ·
884 4654 1024 4725 Ἐγώ
1038 4658 1155 4725 ειμι
1172 4661 1202 4711 ό
1220 4655 1397 4726 ἄρτος
1415 4659 1525 4727 τῆς
1543 4660 1712 4728 ζωῆς.

147 4742 295 4813 Ὲτώ
324 4746 441 4814 ειμι
473 4749 506 4799 ό
534 4746 711 4814 ἄρτος
742 4750 775 4802 ό
800 4746 931 4815 ζῶν,
962 4751 995 4802 ό
1026 4749 1095 4803 ἐκ
1120 4749 1229 4804 τοῦ
1253 4751 1513 4819 οὐρανοῦ
1541 4769 1717 4806 κατα-

134 4833 267 4900 ϐάς.
318 4834 429 4887 Καὶ
482 4834 630 4898 ὅπως
679 4836 892 4907 ὑπῆρχε
943 4835 1071 4901 ζῶν,
1116 4838 1359 4909 διεσάφει
1410 4842 1714 4913 τρανότατα

132 4924 428 4997 διαρθρῶν,
458 4929 515 4980 ἐν
546 4922 626 4990 οἷς
660 4945 812 5000 φησι,
844 4929 1051 4997 Καθὼς
1082 4929 1401 4986 ἀπέστειλέ
1428 4950 1505 5003 με
1545 4938 1577 4988 ό
1606 4934 1718 4995 ζῶν

131 5016 360 5086 Πατὴρ,
402 5018 564 5086 κάγὼ
592 5016 665 5079 ζῶ
700 5019 798 5073 διὰ
820 5021 926 5074 τὸν
956 5022 1205 5091 Πατέρα.
1242 5024 1351 5078 Καὶ
1389 5024 1453 5078 '0
1484 5027 1718 5095 τρώγων

123 5127 226 5177 με,
253 5110 529 5177 κάκεῖνος
557 5109 720 5175 ζήσει
751 5110 825 5164 δι’
852 5113 973 5181 ἐμέ.
1008 5111 1179 5167 Τοῦτο
1210 5114 1265 5167 δέ
1292 5114 1386 5168 καὶ
1417 5117 1476 5169 ἐν
1510 5118 1717 5189 ἑτέροις

130 5200 371 5265 ἐδίδαξεν
403 5200 572 5255 εἰπών
591 5219 604 5231 ·
642 5203 867 5270 ’Ὠσπερ
896 5204 1005 5273 γὰρ
1031 5208 1063 5259 ό
1083 5206 1286 5275 Πατὴρ
1311 5206 1464 5276 ζωὴν
1490 5208 1614 5277 ἔχει
1646 5210 1717 5262 ἐν

128 5292 342 5358 ἐαυτῷ,
376 5294 528 5348 οὕτω
563 5294 660 5349 καὶ
710 5296 791 5361 τῷ
840 5296 955 5361 Υἱῷ
984 5296 1063 5368 (3)
1091 5298 1314 5354 ἔδωκεν
1356 5301 1522 5372 ἔχειν
1560 5301 1713 5370 (tuor

208 5430 594 5503 ιΙηᾼβόεΡπίε.
620 5447 742 5503 pag.
776 5431 965 5497 88,89.

1823 4670 1915 4737 qui
1956 4671 2022 4724 de
2047 4674 2173 4727 caelo
2212 4678 2456 4733 descendi
2482 4681 2548 4734 ".
2578 4680 2822 4748 Qualiter
2861 4696 3042 4742 autem
3088 4695 3243 4747 vivus
3271 4697 3415 4750 exsi-

1823 4761 2023 4828 stebat,
2053 4766 2393 4833 apertissime
2432 4771 2730 4827 declaravit
2783 4776 3058 4845 inquiens,
3096 4781 3223 4835 dum
3268 4785 3411 4840 aﬂir-

1826 4862 1957 4916 mat,
1987 4852 2441 4919 Quemadmodum
2480 4864 2625 4916 misit
2665 4882 2745 4919 me
2788 4868 2961 4924 vivens
3013 4869 3193 4937 Pater,
3239 4886 3287 4929 et
3317 4894 3411 4947 ego

1826 4944 1938 4996 rivo
1971 4961 2064 5013 per
2084 4944 2303 5003 Patrem
2330 4951 2398 5007 ”.
2421 4953 2487 5007 Et
2518 4973 2531 5006 :
2562 4955 2667 5021 Qui
2701 4975 2781 5012 me
2804 4963 3051 5031 comedit,
3086 4966 3176 5021 ille
3200 4944 3409 5039 propter

1824 5050 1905 5087 me
1957 5038 2083 5091 vivet
2111 5039 2147 5092 ί.
2194 5039 2307 5097 Hoc
2337 5043 2510 5115 ipsum
2543 5049 2671 5103 alibi
2726 5050 2969 5119 edocuit,
3010 5038 3302 5127 inquiensi
3339 5060 3409 5116 Et

1822 5130 2261 5192 quemadmodum
2312 5134 2477 5192 Pater
2512 5140 2669 5193 vitam
2718 5144 2869 5198 habet
2911 5148 2964 5201 in
2998 5153 3293 5217 semetipso,
3330 5155 3408 5207 ita

1822 5229 1870 5270 et
1900 5216 2045 5274 Filio
2078 5224 2226 5277 dedit
2274 5225 2465 5283 habere
2495 5232 2654 5285 vitam
2685 5235 2737 5287 in
2782 5242 3117 5309 semetipso’.
3154 5216 3285 5298 Erat
3306 5245 3406 5313 igi-

1825 5317 1912 5363 tur
1946 5312 2102 5380 panis
2142 5316 2267 5372 vita
2303 5336 2316 5371 ε
2360 5327 2415 5373 et
2455 5320 2508 5375 in
2557 5324 2699 5378 caelo
2748 5327 3096 5397 subsistebat,
3129 5312 3407 5405 angelicas

199 5502 246 5535 “
273 5500 464 5556 Matth.
494 5516 571 5566 ιι,
598 5500 715 5557 ΞἹῘ
762 5504 808 5534 ⁸⁷
834 5505 963 5558 ibid.
1040 5504 1084 5535 ⁸⁸
1107 5502 1260 5559 Joan.
1287 5522 1358 5569 vr,
1388 5507 1476 5573 53,
1504 5508 1597 5565 41.
1672 5513 1719 5545 ⁹”

1844 5513 1877 5565 Ι.
1911 5513 1999 5567 58.
2079 5515 2093 5545 ¹
2132 5516 2263 5572 ibid.
2341 5519 2360 5549 '
2389 5518 2545 5575 Joan.
2574 5539 2628 5587 γ,
2663 5525 2753 5581 Q6.

196 5678 308 5751 (97)
348 5679 529 5757 Vulgo
551 5680 877 5753 πιστεύομεν
926 5692 979 5737 et
1036 5685 1159 5740 dein
1204 5686 1492 5757 ὑπάρξεως
1526 5692 1700 5746 ἁπάν.

126 5743 231 5807 των
263 5743 313 5803 et
337 5749 678 5805 ἀπεδέδεκτο.

194 5821 310 5885 (98)
341 5819 511 5889 Vulgo
534 5821 621 5875 ὅδε
647 5833 700 5875 et
731 5823 840 5877 ἀπὸ
872 5822 966 5876 τοῦ
993 5844 1050 5877 π.

196 5893 308 5963 (99)
335 5892 505 5962 Vulgo
530 5891 787 5959 γινώσκει
820 5905 875 5948 et
904 5910 1025 5949 mox
1051 5896 1446 5967 παραδιδόσθω.

448 5985 722 6048 Ριτιιοι..
767 5986 886 6049 Gtt.
939 5990 986 6054 Χ
1003 5989 1170 6052 XIV.

1878 5696 1957 5761 (1)
1980 5696 2152 5820 Vlti'go
2176 5714 2286 5755 om.
2306 5703 2473 5757 06106
2502 5715 2555 5759 et
2587 5724 2704 5759 ιιιιη
2734 5711 3140 5781 παραδίδοσθαι.

1878 5765 1956 5820 (2)
1995 5766 2072 5820 Vt]
2098 5784 2164 5820 αο
2199 5773 2373 5820 ὲπείν-
2405 5785 2457 5820 et
2506 5792 2624 5820 mnx
2656 5778 2818 5820 ἅπτου
2850 5783 2951 5820 mir
2998 5784 3030 5820 ι’
3080 5798 3130 5820 ..ι

1878 5765 1956 5836 (2)
1995 5765 2164 5838 Vulgo
2199 5773 2373 5841 ἐπείχ.
2405 5785 2458 5827 et
2506 5792 2624 5830 mox
2656 5765 2825 5848 ἄρτον,
2850 5783 2951 5851 τῆς
2975 5765 3140 5847 et.
3182 5786 3395 5858 τρανῶ-

1807 5853 1967 5889 τατα.

1880 5906 1957 5978 (5)
1992 5906 2162 5979 Vulgo
2184 5911 2435 5969 δέδωκεν.

2996 6021 3075 6077 28
