4068 6316
162 354 269 409 8ῗῖ

1112 354 1201 411 DE
1234 352 1782 412 ECCLESIASTICA
1819 353 2216 410 THEOLOGIA
2256 353 2385 410 Lll’l.
2423 355 2463 410 Ι.

3324 355 3428 412 87R

159 469 208 524 6‘
237 470 297 523 ὲν
334 474 399 543 τῇ
436 474 601 545 σαρκὶ
636 471 727 545 ἦν,
760 476 850 529 ὅτε
883 474 1057 529 ταῦτα
1096 473 1312 542 ἔλεγεν;
1348 474 1489 546 ’Δρά
1520 489 1585 542 γε
1618 471 1744 536 ζῶν,

1854 471 2134 540 parabilis,
2179 472 2402 527 missum
2453 468 2655 527 fatetur
2712 472 3064 543 semetipsum
3100 472 3433 540 lQnomonn

159 560 262 615 καὶ
294 561 557 630 ὑφεστὼς,
592 566 687 618 καὶ
721 565 817 618 τοῦ
847 566 1062 639 Πατρὸς
1107 564 1368 636 ὑπάρχων
1402 566 1591 629 ἐκτός
1637 565 1747 618 Καὶ

159 650 249 714 τίς
274 646 343 722 ἦν
371 653 401 705 ὀ
431 653 619 725 Πατὴρ
664 654 802 721 τότε,
839 657 913 728 μὴ
955 657 1047 710 τὸν
1078 657 1276 710 οἰκεῖον
1314 655 1649 727 κεκτημένος
1685 656 1747 708 ἐν

156 741 343 816 ἑαυτῷ
371 747 564 815 Λόγον,
593 747 709 801 ἀλλ’
744 749 990 819 ὑφεστὼς
1017 750 1145 804 ἀνευ
1190 750 1393 818 Λόγους
1440 747 1666 802 ένοικῶν
1689 748 1746 802 δὲ

156 840 220 893 ὲν
251 843 317 912 τῇ
365 842 527 913 σαρκὶ
565 845 596 897 ό
635 844 827 915 Λόγος,
857 845 935 899 ὅτ’
965 845 1060 899 ἐπὶ
1101 845 1206 916 γῆς
1246 847 1484 900 ἐποιεῖτο
1504 844 1604 909 τάς
1634 844 1748 897 δια-

153 933 373 1005 τριϐὰς,
394 935 443 988 si
468 934 567 1006 μὶν
589 935 684 991 τοῦ
705 937 918 1009 Πατρὸς
937 936 1095 1001 ἐκτὸς
1112 932 1201 1009 ἦν,
1220 937 1329 1003 ζῶν
1356 937 1450 992 καὶ⁵
1474 936 1744 1007 ὑφεστὼς,

154 1025 256 1078 καὶ
292 1027 391 1097 τὴν
438 1026 619 1098 σάρκα
660 1027 826 1083 κινῶν
870 1027 1051 1097 ψυχῆς
1099 1027 1275 1100 δίκην,
1308 1028 1496 1097 lupo;
1538 1028 1744 1099 δηλαδὴ

155 1117 312 1190 παρὰ
337 1118 429 1173 τὸν
456 1119 696 1195 Πατέρα,
736 1122 832 1175 καὶ
866 1119 960 1175 δύο
990 1120 1152 1174 πάλιν
1195 1120 1544 1185 ὑποστάσεις,
1582 1120 1747 1183 αὑτός

150 1226 217 1264 ’τε
247 1211 337 1264 καὶ
364 1211 394 1264 ό
416 1212 637 1284 Πατὴρ,
668 1212 936 1285 ὑπῆρχον.
964 1212 1205 1277 uacum;
1225 1230 1286 1266 τε
1312 1214 1420 1275 πᾶς
1440 1214 1468 1266 6
1488 1211 1743 1283 Μαρκέλ-

152 1299 253 1355 λου
304 1302 620 1375 πεφώραται
677 1303 871 1367 πόνος,
920 1302 1151 1375 ουσιώδη
1193 1304 1369 1373 Λόγον
1416 1303 1595 1368 ζῶντα
1648 1303 1745 1357 καὶ

153 1392 471 1462 ὑφεστῶτα,
510 1394 601 1448 τὸν
633 1395 692 1448 ὲν
708 1396 789 1466 ei):
802 1398 962 1471 σαρκὶ
998 1398 1287 1465 γενόμενον
1309 1394 1645 1467 ὁριζομένου.
1681 1396 1745 1449 El

148 1485 199 1540 δ’
220 1487 377 1551 ἐκτὸς
420 1488 631 1560 ὑπῆρχε
672 1489 769 1543 τοῦ
802 1489 938 1544 Θεοῦ
983 1490 1112 1562 (9)ό
1151 1493 1209 1544 ὲν
1246 1488 1325 1560 τῷ
1354 1488 1571 1559 σώματι
1603 1507 1742 1543 κατ-

146 1578 321 1631 οικῶν
376 1578 576 1647 Λόγος,
615 1580 817 1651 ἥνωται
853 1580 911 1634 δὲ
955 1582 1049 1635 καὶ
1087 1582 1327 1653 συνῆπτο
1372 1580 1451 1651 τῷ
1481 1581 1621 1652 Θεῷ,
1668 1580 1745 1645 ὼς

146 1667 212 1721 ιν
238 1671 333 1723 καὶ
355 1670 547 1724 ταύτὸν
576 1666 716 1725 εἶναι
742 1688 800 1725 τε
830 1672 979 1743 αὐτῷ
1000 1673 1061 1738 ἐξ
1084 1674 1333 1745 ἀνάγκης
1360 1671 1546 1737 δώσει,
1573 1672 1607 1744 ἢ
1641 1672 1743 1725 αὑ-

146 1759 247 1815 τὸν
282 1757 422 1815 εἶναι
452 1762 545 1815 τὸν
583 1763 803 1835 Πατέρα
840 1766 899 1817 έν
927 1768 993 1837 τῇ
1034 1766 1279 1837 σαρκὶ,ῆ
1324 1762 1439 1835 (10)
1477 1764 1570 1817 τὸν
1611 1764 1741 1817 Υἱὸν

1847 577 1969 615 cum
2001 563 2073 616 sit
2109 578 2274 615 unum
2300 572 2464 632 atque
2489 563 2629 617 idem
2662 578 2783 618 eum
2813 564 2940 626 Deo,
2966 579 3025 619 se
3060 564 3167 619 Deo
3195 566 3435 635 cmnpla-

1847 654 2023 706 centia
2067 655 2329 723 perlicere
2379 664 2619 711 testatur
2648 655 2670 709 ?
2698 656 2854 723 Quod
2888 658 2933 713 si
2990 659 3317 727 respondeat
3366 660 3434 711 ad

1849 744 1962 799 haec
1990 743 2301 813 Marcellus,
2346 744 2582 802 Verbum
2631 763 2857 805 carnem
2906 749 3105 805 factum
3143 751 3259 807 haec
3303 766 3437 823 pro-

1846 837 2163 893 nuntiasse:
2193 847 2248 892 et
2275 839 2405 908 quid
2439 841 2581 897 istnd
2613 841 2836 910 inquam
2882 842 2947 895 ad
2978 841 3132 910 illud,
3165 857 3271 898 non
3301 858 3436 899 con-

1849 928 1989 981 titeri
2016 942 2141 983 eum
2177 927 2372 984 Filium
2402 945 2541 996 esse,
2566 932 2661 987 sed
2688 932 2866 988 solum
2896 932 3157 989 Verbum.
3189 934 3436 1003 Qualiter

1846 1035 1975 1074 vero
2003 1019 2058 1075 in
2100 1036 2265 1077 carne
2303 1022 2405 1079 fuit
2432 1039 2556 1079 cum
2585 1024 2699 1081 haec
2725 1025 3139 1097 proloqneretur
3164 1026 3188 1081 ἲ
3220 1027 3435 1083 Numne

1847 1112 2057 1178 vivens,
2098 1112 2440 1179 subsistens,
2473 1125 2629 1172 extra
2687 1115 2903 1171 Patrem
2956 1117 3336 1173 constitutus?
3369 1118 3438 1173 Et

1844 1204 2207 1274 quis,quatso,
2232 1216 2351 1262 erat
2379 1216 2488 1261 tum
2516 1207 2605 1262 ille
2633 1206 2819 1273 Pater,
2845 1208 2935 1278 qni
2961 1223 3117 1265 suum
3142 1208 3195 1264 in
3220 1224 3279 1266 se
3304 1209 3437 1265 Ver-

1846 1297 1971 1348 bum
2004 1304 2132 1350 tunc
2161 1311 2266 1350 non
2292 1296 2649 1367 possidebat?
2676 1299 2772 1354 sed
2796 1298 2915 1354 sine
2960 1312 3061 1353 suo
3096 1297 3275 1354 Verbo
3301 1298 3435 1355 sub-

1846 1385 2076 1441 sistebat
2110 1385 2134 1439 ἲ
2166 1401 2390 1442 carnem
2437 1402 2568 1444 vero
2614 1389 2855 1446 Verbum
2910 1398 3039 1445 tunc
3087 1389 3433 1456 inhabitans,

1846 1495 1969 1533 cum
2012 1480 2064 1534 in
2111 1481 2272 1536 terris
2312 1481 2400 1537 bic
2449 1491 2909 1551 conversaretur,
2958 1483 3226 1554 siquidem
3278 1494 3433 1539 extra

1846 1586 2002 1626 suum
2056 1572 2271 1628 Patrem
2322 1573 2535 1640 fuerat,
2572 1575 2800 1642 vivens,
2835 1578 3161 1642 subsistens,
3213 1592 3435 1633 carnem

1850 1677 2072 1718 movens
2094 1667 2163 1719 ad
2192 1664 2369 1720 instar
2399 1668 2617 1730 animm.
2648 1667 2873 1722 omnino
2897 1677 3017 1723 erat
3055 1666 3196 1723 alius
3218 1682 3247 1721 a
3278 1667 3438 1725 Patre

1846 1771 1966 1820 suo,
1992 1757 2189 1812 et'duae
2209 1766 2321 1811 tum
2343 1756 2688 1829 hypostases,
2730 1761 2843 1831 ipse
2867 1768 3031 1831 atque
3054 1759 3233 1824 Pater,
3258 1759 3441 1817 subsi-

151 1853 443 1922 ὺφαστῶτα
471 1855 590 1909 καθ’
623 1857 815 1911 ἑαυτὸν
844 1858 937 1911 καὶ
965 1836 1292 1930 ἐνεργοῦντα
1315 1861 1373 1912 ιν
1400 1856 1479 1927 ’τῷ
1501 1855 1735 1929 σώματι,

1847 1848 2077 1903 alebant.
2104 1848 2465 1907 Frustraneus
2488 1852 2593 1907 erit
2608 1866 2772 1923 porro
2797 1850 3035 1909 Marcelli
3062 1854 3214 1908 labor
3236 1853 3438 1919 omnis,

147 1944 184 2017 ἢ
210 1944 390 2017 ψυχὴν
432 1946 740 2019 ἀνθρώπου,
788 1948 899 2021 ἢεί
944 1951 1112 2021 μηδὲν
1156 1949 1381 2014 τούτων,
1432 1950 1737 2021 αὐτόματον

146 2037 417 2092 κινεισθαι
454 2038 552 2111 τὴν
596 2040 795 2113 σάρκα,
840 2042 1046 2113 ἀψυχον
1088 2036 1255 2098 οὖσαν
1301 2042 1397 2096 καὶ
1427 2042 1641 2111 ἄλογον.
1675 2043 1737 2095 El

151 2130 256 2199 μὲν
284 2126 377 2183 οὖν
420 2132 512 2186 τὸν
542 2134 761 2206 Πατέρα
807 2134 977 2203 λέγοι,
1027 2134 1180 2188 ἔσται
1229 2136 1258 2189 ό
1307 2136 1499 2207 Πατὴρ
1525 2136 1675 2207 αὐτῷ
1710 2138 1739 2189 6

147 2222 433 2293 γεννηθεὶς
476 2226 571 2279 καὶ
611 2224 797 2279 παθὼν
835 2227 928 2281 καὶ
960 2229 1070 2282 πᾶν
1109 2226 1271 2299 ἔργον
1310 2228 1738 2301 ἀνθρωττοπαθὲς

145 2314 469 2385 ὑπομείνας,
482 2316 510 2369 ό
532 2316 596 2389 δὴ
618 2317 989 2391 φθεγξάμενον
1003 2319 1289 2375 Σαϐέλλιον
1307 2322 1561 2385 ἀσεϐείας
1577 2322 1741 2393 ἐγρά-

145 2405 291 2475 ψατο
324 2407 539 2479 γραφὴν
562 2409 656 2463 τοῦ
689 2410 825 2464 Θεοῦ
864 2412 897 2482 ἠ
934 2412 1251 2483 Ἐκκλησία.
1294 2414 1355 2467 Εἰ
1394 2414 1450 2467 δὲ
1497 2413 1588 2469 τὸν
1623 2415 1739 2465 Πα-

144 2493 286 2565 τέρα
326 2496 501 2565 λέγειν
546 2498 605 2551 οὐ
653 2498 872 2571 θεμιτὸν
916 2502 1431 2576 ὲνανθρωπήσαντα,
1475 2505 1565 2558 τὸν
1620 2505 1740 2558 Υἱὸν

146 2588 434 2658 ὁμολογεῖν
476 2590 710 2663 ἀνάγκη,
754 2592 905 2664 αὺτῷ
953 2594 1428 2666 μαθητευομένους
1466 2596 1623 2650 τοῦτο
1666 2597 1741 2650 δι-

146 2683 420 2739 δάσκοντι.
460 2686 524 2739 El
561 2686 618 2739 δὲ
664 2686 853 2740 τοῦτον
895 2689 1111 2760 ἀρνοῖτο
1148 2690 1469 2761 Μάρκελλος
1506 2691 1742 2760 ὑφεστά-

144 2793 262 2841 ναι,
287 2777 403 2847 ὥρα
432 2777 585 2846 ψιλὸν
612 2779 896 2852 ἄνθρωπον
939 2781 1101 2835 αὐτὸν
1142 2783 1495 2837 ὑποτίθεσθαι
1519 2785 1584 2836 ὲκ
1632 2783 1738 2837 σιτ)-

152 2884 325 2939 ματος
358 2870 453 2924 καὶ
486 2870 669 2941 ψυχῆς
717 2873 1046 2939 συνεστῶτα,
1090 2876 1167 2939 ὡς
1210 2875 1374 2948 μηδὲν
1417 2876 1517 2946 τῆς
1553 2878 1740 2946 κοινῆς

148 2960 458 3033 ἀνθρώπων
484 2963 823 3019 διαλλάττειν
851 2966 1088 3035 φύσεως.
1135 2969 1297 3023 Ἀλλά
1324 2970 1419 3023 καὶ
1444 2970 1605 3023 τοῦτο
1645 2972 1744 3041 τῆς

163 3054 491 3125 Ἐκκλησίας
505 3057 837 3128 ἀπελήλαται
852 3058 912 3112 τὸ
922 3059 1118 3131 δόγμα’
1136 3061 1165 3115 ὃ
1178 3061 1235 3115 δὲ
1260 3062 1425 3116 πάλαι
1449 3062 1545 3134 μὲν
1567 3062 1751 3116 Ἐὁιω-

149 3150 312 3210 ναῖοι,
342 3149 537 3201 νεωστὶ
561 3149 617 3203 δὲ
650 3153 679 3204 6
701 3152 1051 3222 Σαμοσατεὺς
1092 3153 1185 3207 καὶ
1214 3154 1263 3207 οἱ
1299 3154 1529 3225 ἐπίκλην
1557 3153 1616 3219 ἒξ
1654 3154 1750 3206 αὑ-

1839 1938 1932 2007 qui
1960 1938 2132 2007 illum,
2169 1944 2311 2010 quod
2354 1943 2405 1997 in
2442 1957 2611 1998 carne
2646 1942 2748 1997 fuit
2780 1942 3142 1999 substantiale
3173 1941 3437 2008 Verbum,

1841 2032 2043 2098 vivum,
2068 2042 2126 2089 et
2156 2035 2459 2091 subsistens
2485 2036 2889 2091 determinavit.
2916 2036 3075 2105 Quod
3115 2038 3157 2092 si
3197 2036 3434 2092 Verbum

1840 2124 1970 2180 illud
1998 2125 2141 2196 quod
2167 2126 2511 2183 inhabitabat
2544 2142 2789 2194 carnem,
2831 2141 2988 2187 extra
3031 2132 3197 2185 Deum
3237 2131 3438 2193 fuerat,

1841 2218 2051 2273 unitum
2106 2232 2237 2273 vero
2288 2218 2391 2274 fuit
2438 2232 2493 2276 ct
2532 2222 2843 2294 copulatum
2903 2222 3123 2289 eidem,
3173 2231 3434 2292 tanquam

1845 2315 1903 2373 ›Ι‹
1934 2325 2100 2364 unum
2140 2322 2302 2381 atque
2328 2312 2469 2367 idem
2497 2328 2618 2367 cum
2666 2328 2732 2369 eo
2774 2314 3039 2369 :omnino
3068 2329 3436 2370 concessurus

1839 2413 1921 2457 εει
1945 2401 2019 2455 illi
2047 2404 2442 2470 exsistentiam,
2472 2416 2523 2460 et
2556 2406 2728 2476 ipsum
2752 2421 2967 2476 quoque
2991 2420 3134 2473 esse,
3171 2421 3294 2461 cum
3326 2421 3445 2462 car.

1843 2508 1911 2548 ne
1935 2495 2285 2551 exsistentem
2312 2495 2554 2565 Patrem,
2586 2506 2643 2553 et
2669 2497 2865 2553 Filium
2891 2513 2922 2553 ι
2948 2514 3007 2555 se
3028 2508 3083 2555 et
3115 2514 3211 2569 per
3234 2512 3294 2554 se
3319 2499 3445 2554 sub-

1842 2588 2147 2655 sistentem,
2177 2598 2232 2643 et
2266 2590 2318 2643 in
2344 2604 2572 2659 corpore
2594 2601 2907 2661 operantem
2946 2610 2963 2647 :
2991 2602 3087 2647 aut
3118 2592 3307 2647 saltem
3340 2594 3439 2647 hu-

1845 2693 2058 2732 manam
2102 2680 2337 2735 animm
2378 2682 2469 2737 :si
2509 2684 2642 2738 nihil
2694 2684 2929 2751 borum;
2988 2696 3098 2739 tum
3141 2695 3294 2742 certe
3342 2700 3440 2740 sua

1846 2783 2041 2843 sponte
2086 2789 2182 2844 per
2209 2789 2267 2831 se
2297 2778 2502 2831 moveri
2546 2792 2789 2842 carnem,
2837 2777 3071 2833 fateatur
3098 2792 3322 2833 necesse
3357 2790 3445 2833 est

1849 2867 2144 2921 inanimam
2200 2879 2256 2923 et
2309 2869 2676 2925 irrationalem
2723 2889 2737 2923 :
2788 2872 2871 2926 sin
2921 2885 3051 2926 vero
3107 2873 3446 2927 concesserit

1850 2972 1971 3013 esse
2001 2957 2217 3013 Patrem
2251 2977 2265 3013 :
2293 2960 2398 3014 erit
2427 2959 2500 3015 illi
2526 2960 2706 3026 Pater,
2743 2963 2979 3033 genitus,
3008 2977 3224 3031 passus,
3248 2972 3303 3017 et
3327 2978 3444 3017 om-

1852 3050 1943 3102 nia
1969 3050 2207 3104 humana
2238 3065 2401 3119 opera
2440 3052 2531 3121 qui
2569 3053 2790 3107 subivit.
2832 3052 2986 3120 Quod
3022 3068 3146 3109 cum
3178 3053 3445 3108 Sabellius

1851 3141 1981 3196 olim
2028 3140 2340 3207 amrmavit,
2378 3144 2658 3212 inscripsit
2694 3145 2743 3198 ei
2792 3145 2969 3200 dicam
3016 3145 3311 3215 impietatis
3344 3144 3448 3200 Ec-

148 3235 247 3290 τοῦ
279 3237 571 3292 Παυλιανοὶ
598 3212 965 3312 φρονήσαντες
1001 3212 1134 3313 (ll),
1179 3212 1495 3313 δυσφήμουν¹
1516 3212 1744 3311 ὑπέμει-

1853 3235 2013 3290 clesia
2068 3234 2187 3291 Dei.
2246 3234 2400 3302 Quod
2436 3237 2479 3292 si
2532 3237 2684 3291 nefas
2726 3237 2795 3291 sit
2835 3238 3039 3298 dicere.
3092 3212 3445 3292 incarnatum

144 3349 251 3385 ναν
272 3331 445 3402 δίκην.
464 3332 529 3384 Τί
552 3333 616 3405 δὴ
639 3328 730 3386 οὖν
755 3333 1003 3388 λείπεται
1028 3334 1167 3405 μετά
1187 3334 1361 3389 ταῦτα
1381 3334 1413 3405 ἢ
1438 3334 1535 3406 τὴν
1566 3334 1743 3405 σάρκα

151 3424 315 3495 μόνον
345 3426 585 3496 εἰσάγειν
609 3426 731 3498 δίχα
759 3428 961 3493 παντὸς
997 3430 1207 3484 ὲνοικου
1243 3428 1354 3482 τῶν
1393 3429 1551 3499 δίκην
1593 3430 1746 3499 παρά

146 3519 268 3581 τοῖς
294 3517 719 3589 Θαυματοποιοῖς
765 3522 1074 3593 αὐτόματον
1102 3522 1427 3593 κινουμένην
1449 3537 1463 3581 ;
1488 3522 1600 3577 Καὶ
1629 3522 1745 3585 πῶς

149 3611 185 3679 ἡ
214 3609 373 3681 σάρξ,
397 3611 490 3665 καὶ
524 3611 653 3665 αὐτὸ
677 3612 800 3667 καθ’
827 3614 991 3668 ἑαυτὸ
1022 3615 1083 3669 τὸ
1118 3614 1299 3685 σῶμα,
1328 3614 1450 3684 δίχα
1478 3614 1571 3667 τοῦ
1594 3616 1746 3685 ἐνερ-

148 3700 377 3772 γοῦντος
428 3701 579 3758 εἶπεν
614 3704 845 3776 (19.)ἀν,
892 3707 1098 3773 Καθὼς
1142 3707 1380 3772 ἐδίδαξέ
1418 3724 1514 3777 με,
1557 3707 1745 3761 ταῦτα

147 3793 363 3861 ,ιαλῶ;
392 3796 510 3860 πῶς
530 3797 589 3851 δε
606 3800 639 3868 ή
674 3797 829 3869 σὰρξ,
865 3794 1018 3852 εἶπεν
1043 3797 1108 3851 ἄν
1128 3800 1231 3863 ὅτι,
1264 3799 1411 3868 Ἐγὼ
1432 3800 1503 3853 τὰ
1523 3799 1748 3868 ἀρεστὰ

148 3884 316 3951 αὐτῷ
362 3886 509 3940 ποιῶ
550 3886 849 3951 πάντοτε;
886 3889 1011 3953 Πῶς
1044 3889 1104 3944 δὲ
1146 3890 1179 3960 ὴ
1228 3888 1366 3960 σὰρξ
1412 3887 1746 3942 ἀπεστάλθαι

149 3976 354 4048 ἑαυτὴν
390 3979 543 4051 παρά
576 3978 672 4031 τοῦ
716 3981 930 4051 Πατρὸς
966 3980 1190 4049 ἕλεγεν;
1232 3976 1381 4053 *Αρα
1431 3980 1487 4033 δὲ
1526 3979 1748 4049 Πατέρα

148 4069 258 4138 ’τῆς
289 4070 490 4140 σαρκὸς
517 4069 611 4123 τὸν
651 4068 783 4123 Θεὸν
828 4071 1009 4139 λέγειν
1052 4073 1221 4135 ὅσιον,
1254 4072 1287 4141 ἢ
1323 4071 1525 4142 μᾶλλον
1559 4070 1653 4124 τοῦ
1690 4071 1748 4121 ἐν

148 4162 298 4232 αὐτῇ
361 4161 746 4226 κατοικοῦντός
768 4179 827 4216 τε
862 4164 956 4216 καὶ
995 4162 1377 4235 ὲνεργοῦντοςς
1421 4164 1516 4227 Τίς
1554 4159 1646 4217 οὖν
1679 4158 1747 4233 ἦν

147 4244 345 4318 οὖτοςς
375 4250 589 4322 Πότερα
636 4254 665 4307 6
698 4254 756 4307 ὲν
779 4253 857 4324 τῷ
887 4254 999 4324 (l3)
1026 4254 1146 4327 Θεῷ
1188 4256 1380 4325 Λόγος,
1406 4256 1567 4319 αὐτὸς
1610 4254 1683 4309 ὢν
1719 4257 1748 4307 6

148 4344 290 4409 Θεὸς
328 4344 473 4400 κατά
501 4345 814 4408 Σασέλλιον,
863 4346 919 4417 ἢ,
962 4347 1097 4419 ὅπερ
1141 4348 1287 4401 ὅσιον
1320 4348 1412 4401 καὶ
1442 4348 1637 4419 ἀληθὲς
1663 4348 1747 4399 λέ-

150 4454 298 4506 γειν,
320 4438 349 4491 ό
374 4436 483 4501 ζῶν
507 4439 599 4491 καὶ
624 4436 871 4507 ὑφεστὼς
895 4440 1212 4511 Μονογενὴς
1238 4440 1366 4503 Υἱὸς
1388 4440 1479 4493 τοῦ
1504 4440 1659 4495 Θεοῦ.
1686 4442 1748 4493 ΕΞ

1846 3326 2017 3381 fuisse
2050 3324 2267 3381 Patrem
2295 3344 2309 3393 ;
2344 3340 2569 3383 necesse
2604 3337 2689 3382 est
2722 3328 2789 3383 de
2824 3327 2962 3382 Filio
2995 3328 3098 3382 hoc
3129 3326 3449 3397 pronuntie-

1849 3435 1996 3483 mus,
2030 3430 2100 3475 an
2130 3420 2301 3490 ipsius
2331 3420 2518 3475 schola
2544 3428 2601 3476 et
2633 3420 2944 3489 disciplina,
2976 3420 3066 3490 qui
3110 3421 3214 3475 hoc
3238 3419 3445 3482 docuit,

1847 3511 2095 3582 profecti.
2151 3512 2306 3579 Quod
2361 3513 2408 3567 si
2468 3511 2617 3567 illum
2649 3513 3013 3584 abnegaverit
3058 3512 3447 3569 subsistentem

1848 3602 2158 3671 Marcellus,
2196 3620 2406 3661 merum
2435 3607 2583 3661 illum
2617 3606 2889 3661 hominem
2915 3608 3181 3661 concedat
3210 3613 3424 3673 oportet

1847 3694 1917 3749 de
1953 3709 2183 3766 corpore
2214 3706 2379 3767 atque
2408 3698 2590 3751 anima
2617 3698 3013 3752 constitutum:
3047 3698 3117 3751 ita
3157 3706 3270 3751 uta
3306 3684 3449 3757 οοηιξ

1852 3790 1997 3843 muni
2041 3799 2233 3845 natura
2267 3791 2546 3845 hominum
2586 3791 2898 3845 nullatenus
2952 3792 3191 3846 recedat.
3248 3792 3355 3846 Sed
3383 3803 3441 3846 et

1850 3881 2043 3950 dogma
2074 3894 2179 3935 noc
2222 3880 2469 3937 Ecclesia
2496 3882 2685 3948 rejecit
2718 3883 2883 3937 etiam
2925 3897 2941 3935 :
2974 3883 3117 3951 quod
3161 3897 3283 3938 cum
3315 3884 3445 3938 olim

1852 3972 2091 4027 Ebionaei
2129 3982 2447 4028 tuerentur:
2498 3983 2553 4029 et
2578 3989 2684 4028 non
2720 3975 2793 4029 ita
2829 3975 3041 4043 pridem
3072 3986 3446 4047 propugnaret

1852 4064 2265 4131 Samosatenus,
2294 4076 2352 4121 et
2381 4067 2474 4137 qui
2510 4067 2578 4122 ab
2628 4066 2718 4121 illo
2749 4067 3197 4133 denominantur,
3235 4067 3449 4123 Paulis-

1852 4159 1928 4225 ni,
1960 4157 2313 4229 blasphemia:
2335 4158 2684 4222 sententiam,
2710 4160 2778 4213 ab
2810 4158 3050 4216 Ecclesia
3080 4160 3245 4215 latam
3278 4160 3331 4213 in
3354 4176 3451 4217 eos

1852 4250 2155 4307 subierunt.
2184 4250 2325 4318 Quid
2362 4264 2493 4321 ergo
2524 4260 2694 4307 restat
2726 4250 2895 4314 aliud,
2927 4267 3091 4322 quam
3134 4263 3193 4306 ut
3223 4268 3447 4307 carnem

1854 4348 2160 4403 introducat
2192 4346 2393 4401 nudam
2427 4347 2576 4402 omni
2607 4360 2834 4415 prorsus
2871 4348 3228 4403 habitatore?
3260 4351 3449 4403 admo-

1852 4440 1979 4494 dum
2014 4454 2201 4495 eorum
2243 4454 2533 4509 puparum.
2584 4454 2722 4510 quos
2752 4440 2959 4510 seipsos
3000 4441 3334 4504 motitantes,
3384 4458 3447 4495 a-

149 4525 216 4580 δὲ
246 4524 514 4597 μηδέτερα
552 4525 756 4581 τούτων
782 4528 952 4597 λέγοι,
980 4528 1039 4594 ἐξ
1076 4530 1326 4601 ἀνάγκης
1379 4532 1744 4602 ὑποστήσεται

1852 4542 2023 4601 gvrtz
2060 4531 2495 4587 circumducunt.
2530 4530 2595 4584 Et
2622 4546 2731 4601 quo
2763 4540 2923 4598 pacto
2957 4546 3109 4598 caro,
3153 4541 3209 4586 et
3244 4532 3448 4601 ipsum-

157 4618 341 4690 ψυχὴν
380 4618 691 4690 ἀνθρώπου,
728 4622 821 4675 καὶ
853 4622 1005 4675 ἔσται
1040 4622 1191 4694 αὑτῷ
1227 4622 1380 4692 ψιλὸς
1410 4624 1694 4696 ἄνθρωπος
1720 4627 1748 4675 6

153 4710 416 4781 Χριστός.
460 4714 569 4766 Καὶ
599 4712 781 4766 οὐκέτι
840 4713 1144 4779 Σασέλλιος,
1191 4716 1488 4779 Παυλιανὸς
1534 4718 1579 4769 δ’
1615 4720 1747 4788 ἡμῖν

151 4801 333 4865 ἔσται,
356 4804 385 4856 6
412 4803 533 4867 νέος
576 4805 948 4877 συγγραφεύς.
978 4808 1039 4861 Εἰ
1063 4806 1119 4861 δὲ
1158 4808 1249 4861 τὸν
1273 4813 1329 4863 ὲν
1361 4809 1438 4879 τῷ
1468 4810 1587 4883 Θεῷ
1611 4815 1744 4885 φαίη

152 4894 332 4964 Λόγον
362 4896 637 4966 ἐνοικῆσαι
665 4900 731 4968 τῇ
759 4901 941 4970 σαρκὶ,
968 4899 1122 4954 οὐδὲν
1143 4899 1329 4972 ἕτερον
1349 4902 1476 4955 όντα
1502 4902 1743 4975 ῆΛόγον,

153 4988 254 5042 καὶ
283 4989 455 5058 Λόγον
486 4992 819 5061 σημαντικὸν
853 4993 885 5063 ἢ
909 4994 1260 5066 ἐνεργητικόν
1280 5012 1291 5022 ⁸
1320 4996 1414 5049 καὶ
1452 4996 1569 5061 πῶς
1590 4990 1743 5061 οὗτος

152 5074 316 5134 εἷπεν
338 5081 403 5135 ἂν
422 5082 521 5153 ζῇν
547 5081 849 5147 ἰδιάζουσαν
873 5085 1017 5155 ζωὴν
1041 5084 1195 5155 παρά
1228 5085 1323 5140 τὸν
1344 5086 1565 5158 Πατέρα
1587 5104 1601 5151 ;
1631 5086 1741 5141 Ποῦ

150 5171 216 5225 δὲ
241 5172 403 5234 αὐτὸς
425 5172 732 5226 ἀπέσταλτο
756 5173 1099 5241 συνημμένος
1126 5176 1220 5228 καὶ
1244 5176 1521 5246 ἡνωμένος
1546 5177 1633 5229 ἀεὶ
1667 5177 1743 5247 τῷ

238 5378 297 5436 ᾖ(
337 5371 435 5426 Ed.
460 5372 635 5429 Paris.
663 5389 783 5445 pag.
816 5373 908 5428 91.

234 5556 313 5625 (9)
356 5558 583 5640 ‘_E_xf6c_
611 5560 867 5640 ῥπὰρχιι
913 5562 1013 5616 τοῦ
1066 5563 1236 5640 Θεοῦ.
1287 5564 1503 5640 ρθιίιιςι⁸
1536 5568 1753 5640 ὑπῆρχε

1856 4634 1967 4679 inet
1988 4639 2084 4695 per
2114 4625 2352 4695 seipsum
2404 4637 2595 4692 corpus
2626 4624 2836 4693 absque
2873 4624 2980 4678 ullo
3021 4625 3340 4693 inopersnte
3368 4626 3447 4679 di-

1853 4717 2015 4784 xerit,
2056 4716 2187 4783 Quar
2218 4716 2306 4770 ille
2338 4732 2419 4769 me
2467 4715 2669 4781 docuit,
2724 4732 2785 4769 ea
2818 4718 3148 4787 proloquor?
3178 4719 3452 4785 quomodo

1851 4824 1981 4864 caro
2009 4808 2230 4871 dixerit,
2281 4807 2393 4879 Ego
2435 4825 2653 4875 semper,
2697 4818 2745 4861 ct
2772 4809 2964 4879 ubique
2994 4825 3055 4862 ea
3088 4825 3296 4877 operor,
3332 4824 3452 4879 qua:

1850 4910 1970 4952 sunt
1997 4897 2077 4951 illi
2112 4897 2535 4967 complacsntia?
2563 4897 2682 4965 Quo
2742 4908 2918 4967 pacto,
2955 4915 3015 4952 se
3062 4910 3195 4953 caro
3225 4900 3449 4954 missam

1853 4993 2048 5049 dixerit
2081 5006 2111 5045 a
2152 4992 2347 5060 patre?
2388 4994 2545 5047 Anne
2598 4993 2781 5047 carnis
2808 5002 3016 5063 patrem
3046 4994 3230 5048 dicere
3257 4994 3446 5057 Deum,

1851 5095 2097 5141 sanctum
2126 5083 2254 5139 est?
2291 5092 2387 5139 aut
2412 5086 2592 5153 potius
2622 5084 2761 5153 ejus,
2786 5086 2878 5156 qui
2906 5100 3127 5141 carnem
3165 5085 3369 5143 insidet
3397 5102 3452 5141 et

1853 5178 2159 5233 inhabitet?
2187 5177 2320 5243 Quis
2354 5178 2571 5233 tandem
2618 5180 2705 5233 ille
2738 5178 2937 5233 fuerit?
2968 5179 3181 5235 Numne
3218 5180 3448 5234 Verbum

1936 5564 2045 5635 (ll)
2075 5565 2397 5639 ᾁυσφημίας
2428 5564 2498 5619 M.
2534 5568 2586 5622 in
2632 5582 2815 5633 eorr.;
2863 5583 2989 5623 mox
3024 5571 3181 5639 vulgo
3210 5571 3262 5623 τί
3302 5570 3359 5624 δέ
3394 5580 3450 5625 et

160 5626 269 5698 [sic
289 5626 499 5709 coddg.
532 5626 850 5709 utjvw'ra't,
882 5642 938 5687 et
966 5634 1259 5705 συνῆπται.
1286 5636 1356 5691 Μ.
1384 5636 1571 5693 -Μοκ
1597 5626 1744 5709 vulgi:

1863 5626 2082 5709 δίκη-ξίτ

163 5698 332 5765 σαρκὶ
363 5698 470 5752 καῖ
483 5717 533 5753 τ.
567 5698 713 5754 ϊιόν.

163 5767 631 5910 ῐτέέξζνέἓίὲο
654 5774 823 5841 deest,
858 5785 913 5832 et
938 5790 1061 5832 mox
1087 5776 1244 5846 vulgo
1270 5776 1356 5831 ὅδε
1379 5777 1567 5848 φθεγξ,
1595 5794 1645 5835 οι
1678 5781 1749 5835 in.

1938 5653 2020 5689 trv
2052 5652 2082 5687 τ
2123 5653 2151 5686 ν
2172 5652 2228 5685 π.

1938 5682 2051 5790 αξ)
2078 5653 2189 5790 ἓιρ..
2232 5706 2439 5761 εἴπειεν
2464 5724 2497 5790 ;.
2512 5725 2633 5762 mox
2671 5710 2830 5790 vulgo
2858 5709 3063 5790 ἃνβγὼ
3094 5712 3183 5765 τά.

1940 5774 2053 5854 (1'5)
2078 5774 2251 5846 vulgo
2298 5779 2528 5848 ann-«3»,
2566 5790 2621 5835 et
2674 5774 2811 5834 infra
2856 5774 3015 5850 vulgo
3049 5782 3447 5854 συνημμένοςῆ

1866 5846 2156 5914 ήνομένος.
