4068 6316
150 371 255 423 881

1113 359 1198 414 DE
1235 357 1773 415 ECCLESIAS'I'ICA
1825 355 2209 410 l‘HEULOClA
2256 354 2380 407 LIB.
2425 353 2464 406 Ι.
2507 303 2526 324 ἢ

3325 348 3430 404 832

149 486 341 543 semel,
367 485 582 554 quidem
622 484 853 537 Verbum
893 481 1227 543 nominatur,
1259 480 1354 535 sed
1413 478 1582 533 Filius
1626 478 1739 545 Dei,
1780 475 1873 532 sed
1907 477 2237 548 unigenitus.
2281 476 2374 531 sed
2405 473 2518 537 lux,
2584 473 2678 526 scd
2725 471 2856 534 vita,
2915 469 3008 524 sed
3045 469 3244 523 veritas
3281 484 3294 518 :
3332 485 3425 522 seu

147 581 336 632 omnia
367 581 543 646 potius
574 593 734 646 quam
767 577 1021 630 Verbum.

228 678 298 741 η’.
335 671 395 723 Ei
428 669 482 721 δὲ
515 667 847 736 λέγοιταῦτα
880 669 942 721 ὲκ
969 667 1076 746 si};
1104 667 1310 736 Καινῆς
1344 665 1617 736 Διαθήκης
1649 666 1727 717 εἱ-

1903 660 1956 714 8.
1988 657 2139 726 Quod
2158 657 2200 710 si
2221 656 2306 710 hic
2329 663 2582 725 opponat,
2603 656 2702 708 bas
2728 649 2792 706 ile
2826 649 2973 704 Novo
2989 647 3336 703 Testamento
3362 652 3420 707 »Β

149 759 379 830 ρῆσθαι,
404 759 721 829 λεχθήσεται
746 757 914 828 αὐτῷ,
945 757 1027 809 ὃτι
1061 757 1155 809 καὶ
1185 757 1268 819 τὸ,
1320 750 1736 824 Ἐνιὶρχῇῆνό

145 852 366 920 Λόγος,
394 850 498 903 οὐδ’
531 851 793 921 ἑτέρωθεν
821 846 888 921 ἦν
914 850 945 918 ἢ
976 847 1036 912 ἐξ
1068 849 1256 918 αὐτῆς.
1292 849 1385 901 ’Ἐν
1411 848 1520 916 (20)
1555 847 1618 916 δὴ
1645 843 1737 899 οὗν

146 941 252 990 καὶ
281 940 340 991 τὸ
371 938 502 992 αὐτὸ
539 938 887 1007 Εὐαγγέλιον,
919 939 946 989 6
981 937 1140 998 αὑτός
1180 953 1236 988 τε
1270 933 1678 1002 εὐαγγελιστὴς,
1710 934 1736 984 6

146 1031 329 1097 Λόγον
371 1030 530 1083 αὐτὸν
562 1031 749 1095 εἰπὼν,
784 1029 879 1082 καὶ
910 1031 977 1081 τὰ
1009 1029 1168 1081 λοιπὰ
1202 1030 1377 1082 πάντα
1413 1025 1537 1094 περὶ
1572 1024 1736 1078 αὑτοῦ

147 1122 551 1192 συνεγράψατο.
615 1125 725 1177 Καὶ
787 1121 994 1184 Παῦλος
1044 1122 1101 1174 δὲ
1156 1125 1184 1175 6
1232 1121 1371 1184 θεῖος
1416 1119 1735 1182 Ἀπόστολος

149 1213 353 1278 λέγων·

227 1389 290 1444 6'.
328 1391 488 1461 Ἡμῖν
516 1385 601 1456 εἷς
636 1391 775 1456 Θεὸς
800 1396 830 1444 (ἲ
859 1393 1079 1459 Πατὴρ,
1102 1391 1168 1456 ἐξ
1195 1387 1265 1446 οὗ
1300 1391 1369 1444 τὰ
1392 1391 1605 1451 πάι-ττι,
1639 1391 1734 1442 καὶ

142 1478 245 1548 εἷς
269 1484 482 1551 Κύριος
515 1484 755 1550 Ἰησοῦς
785 1485 1058 1550 Χριστὸς,
1087 1483 1159 1536 δι’
1193 1480 1262 1538 οὗ
1298 1484 1367 1537 τὰ
1398 1483 1612 1548 πάντα,
1645 1482 1737 1550 Dr]-

144 1575 247 1638 λὸς
281 1577 395 1628 ἐστι
431 1576 523 1628 τὸν
559 1577 663 1647 πρὸ
694 1577 790 1646 τῆς
824 1579 1088 1647 ἐνσὰιρκου
1131 1577 1433 1648 παρουσίας
1486 1575 1610 1628 Υἱὸν
1645 1574 1736 1627 τοῦ

143 1666 314 1728 Θεοῦ,
357 1667 422 1719 δι’
467 1660 526 1718 οῦ
562 1667 628 1720 τὰ
664 1668 840 1721 πάντα
874 1669 1110 1736 ἐγένετο,
1141 1670 1201 1722 οὺ
1235 1669 1404 1736 Λόγον
1436 1667 1735 1737 ὀνομάζων,

145 1758 292 1811 ἀλλὰ
311 1758 511 1829 Κύριον
546 1758 752 1829 Ἰησοῦν
787 1761 878 1812 καὶ
901 1761 1154 1830 Χριστόν.
1190 1759 1326 1812 Ἀλλ’
1354 1759 1466 1828 (21)
1499 1761 1548 1811 εἰ
1597 1757 1737 1811 κατὰ

145 1851 474 1921 Μάρκελλον
501 1846 580 1914 εἷς
609 1853 700 1904 καὶ
729 1854 757 1904 6
783 1852 941 1915 αὐτὸς
968 1848 1034 1922 ἦν
1066 1853 1095 1904 ὁ
1130 1851 1282 1914 Θεὸς,
1319 1852 1412 1905 καὶ
1443 1853 1469 1904 6
1505 1854 1561 1904 ὲν
1592 1851 1739 1921 αὐτῷ

149 1941 330 2009 Λόγος
351 1943 480 2013 (2‘2),
512 1944 744 2015 ἐπήρκει
774 1944 851 2014 τῷ
880 1944 1186 2014 Ἀποστὸλῳ
1216 1945 1378 2012 φάναι
1401 1961 1414 1974 ⁸
1455 1943 1625 2012 Ἡμῖν
1650 1939 1738 2010 εἷς

1839 758 2152 821 desumptas
2182 763 2304 804 esse
2353 746 2815 807 nomenclaturas,
2868 742 3158 797 dicendum
3209 737 3285 793 illi
3323 751 3426 798 est,

1839 845 1983 915 quod
2023 853 2078 898 et
2103 841 2234 896 illud
2269 839 2659 898 testimonium,
2725 835 2790 888 In
2827 834 3089 902 principio
3136 841 3250 884 erat
3297 821 3422 881 Ver-

1841 938 1957 989 bum
1985 935 2049 998 ",
2086 948 2191 988 non
2223 941 2308 986 est
2338 931 2674 998 deaumptnm
2704 925 2938 990 aliunde,
2969 933 3027 978 ut
3063 937 3228 977 unum
3267 928 3430 988 atque

1841 1030 1978 1084 idem
2008 1024 2377 1096 Evangelium,
2407 1033 2568 1090 atque
2589 1022 2816 1089 ipsemet
2837 1016 3188 1086 evangelista,
3213 1015 3303 1083 qui
3334 1028 3430 1067 no-

1839 1117 2067 1174 minavit
2099 1115 2268 1176 illum,
2302 1114 2564 1176 Verbum,
2604 1111 2691 1165 illa
2733 1119 2927 1164 caetera
2973 1109 3040 1162 de
3071 1105 3259 1161 eodem
3289 1103 3423 1158 scri-

1841 1209 1945 1278 ptis
1991 1204 2351 1262 mandaverit.
2403 1203 2508 1258 Sed
2542 1212 2596 1256 et
2645 1201 2859 1255 divinus
2911 1197 3198 1269 Apostolus
3229 1193 3430 1250 Paulus

1839 1301 1995 1359 dixit,

1910 1394 1963 1447 9.
1995 1390 2142 1446 Unus
2185 1391 2325 1444 Deus
2391 1387 2548 1441 Pater
2584 1403 2609 1440 e
2652 1402 2754 1455 quo
2810 1393 2930 1438 sunt
2961 1383 3159 1446 omnia,
3206 1391 3255 1436 et
3292 1397 3430 1434 unus

1839 1485 2095 1540 Dominus
2129 1481 2285 1536 Jesus
2322 1479 2587 1545 Christus,
2644 1495 2735 1547 per
2772 1492 2922 1548 quem
2986 1483 3108 1528 sunt
3149 1472 3325 1527 omnia
3352 1474 3425 1503 "-

1841 1578 1976 1632 satis
2000 1579 2165 1636 clare,
2202 1571 2296 1626 Dei
2329 1569 2550 1635 Filium,
2573 1584 2670 1638 per
2701 1581 2859 1638 quem
2889 1565 3072 1620 omnia
3101 1563 3244 1618 facta
3277 1571 3407 1618 sunt

1840 1670 2002 1725 etiam
2053 1674 2181 1720 ante
2238 1661 2409 1732 ipsius
2465 1662 2517 1716 in
2553 1675 2721 1716 carne
2776 1660 3093 1718 adventum,
3130 1670 3236 1710 non
3275 1669 3409 1709 voca

1843 1760 2097 1823 Verbum,
2125 1757 2217 1812 sed
2249 1756 2536 1811 Dominum
2591 1753 2771 1807 Jesnm
2803 1750 3100 1806 Christum.
3158 1747 3314 1815 Quod
3363 1747 3430 1811 si,

1841 1848 2296 1922 quemadmodum
2334 1843 2588 1899 Marcello
2621 1843 2817 1912 placet,
2857 1840 3002 1896 idem
3029 1850 3151 1895 erat
3177 1849 3231 1895 et
3260 1839 3427 1903 Deus,

1841 1955 1893 1999 et
1916 1943 1968 1997 in
2002 1941 2112 1996 Deo
2136 1940 2399 2003 Verbum,
2425 1936 2731 1992 suffecisset
2759 1931 3018 2004 Apostolo
3040 1931 3168 1986 illud
3204 1930 3430 1993 dixisse,

148 2033 308 2096 Θεὸς
335 2035 367 2084 ό
398 2012 635 2099 Πατὴρ,
657 2032 725 2098 ἐξ
758 2012 832 2089 οὗ
863 2035 932 2087 τὰ
963 2012 1177 2087 πάντα..
1213 2034 1433 2104 Πλήρης
1462 2034 1570 2105 γὰρ
1605 2029 1674 2104 ἦν
1707 2036 1734 2105 ἡ

1849 2036 2015 2090 Nobis
2057 2050 2191 2089 unus
2223 2032 2363 2088 Deus
2399 2030 2582 2095 Pater,
2618 2045 2644 2084 e
2696 2044 2797 2098 quo
2827 2036 2949 2082 sunt
2989 2026 3184 2080 omnia.
3225 2023 3432 2077 Sensus

145 2122 384 2186 διάνοια,
422 2125 516 2177 καὶ
548 2128 576 2178 6
613 2127 784 2194 Λόγος
829 2127 1141 2198 αὐτοτελὴς,
1178 2128 1269 2180 τὸν
1311 2128 1444 2180 Θεὸν
1494 2127 1743 2198 εἰσηγού-

151 2229 320 2281 μενος
365 2215 592 2286 ποιητὴν
623 2216 730 2269 τῶν
762 2216 918 2271 ὅλων.
976 2218 1134 2271 Ἀλλὰ
1162 2219 1318 2273 τοῦτο
1348 2219 1440 2272 καὶ
1494 2219 1744 2283 Ἰουδαῖος

147 2305 224 2358 ἄν
257 2321 340 2370 τις
379 2307 542 2360 εἴποι.
597 2309 655 2360 Ὀ
695 2308 750 2361 δὲ
795 2310 1234 2382 τῆςἘκκλησίας
1281 2311 1458 2384 κῆρυξ
1494 2313 1628 2384 πρὸς
1664 2313 1743 2383 τῷ

148 2398 410 2469 προτέρῳ
441 2401 533 2452 καὶ
563 2401 621 2452 τὸ
653 2400 904 2472 δεύτερον
941 2406 1015 2475 μὴ
1045 2405 1259 2473 ἀγνοεῖν
1292 2405 1552 2459 διδάσκει.
1590 2407 1655 2458 Ti
1683 2407 1742 2458 δὲ

148 2485 228 2558 ἦν
270 2490 455 2557 τοῦτο;
483 2493 593 2546 Καὶ
640 2488 728 2558 εἷς
775 2497 990 2564 Κύριος
1034 2496 1272 2563 Ἰησοῦς
1310 2497 1583 2566 Χριστός.
1650 2499 1742 2551 Διὸ

150 2580 480 2653 προστίθησι
516 2582 578 2635 τὸ
627 2583 875 2655 δεύτερον
912 2584 1038 2655 ἑξῆς
1081 2586 1276 2654 λέγων,
1307 2587 1452 2655 ἡμῖν
1474 2605 1488 2618 ·
1528 2589 1576 2643 εἰ
1608 2587 1739 2660 γὰρ,

149 2672 252 2724 καὶ
285 2672 359 2743 μὴ
384 2673 566 2734 πᾶσιν.
598 2673 712 2726 ἀλλ’
743 2672 906 2744 ἡμῖν,
935 2676 1119 2747 φησὶν,
1147 2672 1235 2743 εἷς
1264 2679 1477 2745 Κύριος
1513 2679 1743 2746 Ἰησοῦς

151 2763 432 2829 Χριστός.
483 2763 581 2816 Διὰ
614 2764 666 2816 τί
707 2765 763 2818 δὲ
810 2767 947 2836 μετὰ
979 2767 1072 2820 τὸν
1109 2768 1218 2822 ἕνα
1258 2768 1406 2822 Θεὸν
1453 2771 1548 2824 καὶ
1587 2765 1743 2835 οὗτος

153 2852 305 2922 ἡμῖν
353 2850 441 2920 εἷς
484 2856 701 2924 Κύριος
742 2859 1091 2929 παρίστησιν,
1127 2860 1416 2929 ἐπιλέγων,
1458 2861 1533 2915 δι’
1565 2859 1637 2920 οὖ
1670 2865 1742 2918 τὰ

153 2944 355 2998 πάντα
374 2961 392 3009 ;
409 2946 623 3016 Ἐπειδὴ
638 2946 745 3018 γὰρ
760 2949 833 3003 τὰ
852 2949 1049 3004 πάντα
1073 2950 1146 3004 δι’
1164 2953 1351 3008 αὐτοῦ
1378 2953 1630 3024 ἐγένετο,
1662 2959 1740 3010 εξ-

156 3035 334 3100 κὸτως
372 3038 524 3107 ἡμῖν,
572 3041 684 3103 τοῖς
720 3039 863 3094 τοῦτ’
898 3043 1304 3114 ἐπισταμένοις,
1350 3047 1557 3118 Κύριος
1600 3044 1741 3102 εἶναι

151 3125 265 3178 τῶν
293 3124 428 3180 ὅλων
475 3129 615 3198 μετὰ
649 3130 742 3184 τὸν
790 3131 884 3184 ἐπὶ
924 3132 1141 3188 πάντων
1182 3135 1314 3189 Θεὸν
1361 3141 1738 3196 πεπίστευται.

154 3219 283 3271 Ὀτι
320 3218 376 3271 δὲ
402 3222 463 3274 οὐ
495 3223 621 3292 περὶ
649 3222 749 3292 τῆς
781 3224 983 3293 σαρκὸς
1018 3225 1170 3279 ταῦτ’
1206 3226 1317 3297 (25)
1364 3228 1572 3298 ἔλεγεν,
1602 3232 1740 3288 ἀλλὰ

151 3313 287 3382 περὶ
318 3311 411 3364 τοῦ
442 3312 578 3366 Θεοῦ
607 3315 803 3384 Λόγου,
839 3316 996 3385 δῆλός
1028 3317 1177 3373 ἐστιν
1205 3321 1269 3373 ἐκ
1296 3321 1391 3374 τοῦ
1430 3324 1734 3397 ἐπιφέρειν,

149 3402 229 3457 δι’
275 3399 347 3459 οὗ
372 3403 444 3456 τὰ
487 3405 701 3461 πάντα.
731 3437 802 3446 -
830 3407 1001 3476 Ἡμῖν
1040 3409 1172 3478 γὰρ,
1208 3413 1393 3481 φησιν,
1423 3408 1512 3481 εἷς
1543 3416 1737 3483 Θεὸςό

150 3493 380 3563 Πατὴρ,
428 3496 495 3559 ἐξ
530 3492 600 3552 οὗ
630 3497 702 3552 τὰ
739 3497 957 3567 πάντα,
1001 3502 1099 3554 καὶ
1131 3497 1219 3568 εἷς
1246 3504 1458 3573 Κύριος
1511 3506 1738 3574 Ἰησοῦς

148 3587 428 3655 Χριστὸς,
466 3587 539 3641 δι’
579 3586 649 3645 οὗ
683 3590 755 3645 τὰ
784 3590 1002 3647 πάντα.
1037 3595 1102 3648 '0
1128 3595 1192 3665 δὴ
1217 3595 1328 3667 (24)
1357 3598 1451 3651 καὶ
1484 3601 1612 3672 περὶ
1644 3601 1737 3654 τοῦ

151 3680 354 3747 φωτὸς,
395 3683 489 3733 καὶ
521 3683 649 3753 περὶ
684 3683 778 3738 τοῦ
813 3686 1091 3758 περιόντος
1132 3688 1306 3756 Λόγου
1351 3690 1461 3763 (25)
1502 3694 1733 3764 εἴρηται.

151 3772 327 3834 Αὐτὸς
358 3767 450 3825 οῦν
474 3768 542 3844 ἦν
583 3774 790 3845 Ἰησοῦς
824 3775 1056 3848 Χριστὸς
1096 3779 1156 3832 τὸ
1203 3780 1316 3849 φῶς
1343 3784 1435 3836 καὶ
1485 3787 1513 3838 6
1544 3785 1732 3854 Λόγος,

145 3864 220 3915 δι’
257 3855 320 3915 οῦ
349 3865 415 3918 τὰ
442 3865 620 3919 πάντα
647 3867 889 3936 γέγονεν,
921 3870 1036 3922 ἀλλ’
1066 3873 1164 3942 οὐχ
1193 3875 1225 3942 ὴ
1255 3874 1410 3945 σάρξ.
1439 3876 1513 3929 Οὐ
1541 3877 1647 3949 γὰρ
1671 3877 1737 3932 ἂν

147 3956 416 4025 περὶτῆς
457 3959 657 4028 σαρκὸς
689 3961 1072 4034 ἀσυναρτήτως
1113 3963 1225 4034 (‘26)
1266 3965 1438 4032 οὕτως
1473 3965 1625 4023 εἶπεν
1669 3971 1735 4025 ἂν

150 4051 231 4115 τὸ,
250 4047 327 4101 δι’
361 4046 432 4105 οὗ
468 4049 539 4104 τὰ
565 4051 780 4107 πάντα.

218 4137 345 4194 οἶδὲ
395 4142 453 4194 δὲ
507 4146 598 4196 τὸν
634 4145 735 4214 τῆς
770 4147 972 4216 σαρκὸς
1015 4152 1439 4224 προϋπάρχοντα
1471 4155 1564 4208 τοῦ
1597 4155 1732 4208 Θεοῦ

147 4232 284 4284 Υῐὸν
324 4233 556 4304 Χριστὸν
596 4235 879 4305 ὀνομάζειν
924 4240 952 4290 6
999 4241 1161 4304 αὐτὸς
1208 4242 1438 4309 Παῦλος,
1489 4249 1628 4300 κατὰ
1671 4248 1734 4301 τὸ

144 4324 306 4386 αὐτὸ,
329 4323 561 4394 Πέτραν
587 4327 751 4380 αὑτὸν
798 4330 1108 4396 ἀποκαλῶν,
1143 4334 1210 4387 δι’
1257 4327 1332 4389 ὧν
1363 4338 1565 4408 γράφει
1606 4343 1734 4411 περὶ

143 4416 257 4468 τῶν
287 4417 345 4468 ὲν
365 4419 430 4488 τῇ
457 4418 650 4489 ἐρήμῳ
672 4419 1165 4492 ωνδιατριψάντων
1176 4427 1254 4498 τῷ
1269 4429 1507 4491 Μωῦσεῖ,
1535 4431 1728 4500 λέγων,

149 4510 410 4562 "Extrar-
438 4509 547 4577 γὰρ
565 4511 632 4563 ἐκ
665 4513 1069 4582 πνευματικῆς
1111 4519 1571 4588 ἀκολουθούσης
1623 4524 1729 4577 πέ-

143 4615 313 4667 τρας,
353 4599 390 4664 ἠ
424 4598 492 4652 δὲ
514 4601 696 4671 πέτρα
723 4600 800 4672 ἦν
834 4607 867 4658 ό
898 4608 1171 4674 Χριστός.
1203 4611 1311 4664 Καὶ
1339 4615 1730 4686 ὲπισφραγξζε-

1844 2128 2044 2182 etenim
2093 2125 2250 2196 plene
2295 2123 2580 2180 constabat
2626 2140 2639 2174 :
2676 2129 2730 2176 et
2779 2134 2959 2175 sermo
2990 2116 3261 2188 perfectus
3291 2125 3429 2196 erat,

1845 2237 1951 2290 quo
1976 2191 2118 2276 Deus
2149 2217 2386 2274 universi
2432 2215 2684 2272 conditor
2713 2212 3035 2283 ponebatur.
3084 2208 3189 2265 Sed
3232 2191 3432 2263 vellu-

1845 2316 1993 2370 dmus
2024 2317 2099 2368 ita
2133 2311 2446 2367 afﬁrmaret.
2486 2307 2741 2363 Ecelesize
2793 2319 2922 2376 ergo
2959 2317 3158 2374 praeco,
3208 2301 3274 2356 ad
3300 2301 3430 2357 illud

1845 2407 2017 2478 prius,
2041 2406 2143 2460 hoc
2174 2405 2410 2474 positum
2454 2403 2507 2454 in
2540 2397 2794 2454 secundis
2818 2412 2917 2451 nos
2949 2395 3124 2450 noluit
3154 2395 3427 2463 ignorare.

1846 2501 2124 2564 Quodnam
2167 2513 2298 2554 vero
2330 2495 2501 2552 illud?
2532 2493 2602 2548 Et
2632 2507 2770 2546 unus
2795 2489 3056 2544 Dominus
3084 2488 3240 2543 Iesus
3275 2484 3432 2540 Chri-

1845 2606 1974 2649 stus.
2018 2591 2310 2661 Quocirca,
2347 2590 2399 2644 in
2427 2586 2682 2643 secundis
2731 2583 2914 2654 posuit
2958 2581 3116 2646 illud,
3145 2579 3296 2634 nobis
3327 2580 3432 2634 hoc

1844 2703 2031 2754 sensu,
2077 2695 2155 2751 ut,
2211 2700 2318 2740 non
2371 2683 2444 2739 sit
2469 2680 2758 2746 omnibus,
2798 2687 2854 2733 at
2906 2677 3056 2731 nobis
3104 2684 3289 2729 tamen
3321 2683 3427 2739 est,

1847 2797 1981 2834 unus
2023 2778 2280 2834 Dominus
2311 2775 2468 2831 Jesus
2503 2773 2768 2829 Christus.
2801 2770 3069 2838 Quorsum
3103 2781 3237 2823 vero
3277 2776 3431 2836 post-

1845 2887 2004 2940 quam
2036 2870 2300 2933 ediserat,
2347 2853 2482 2922 unus
2512 2865 2675 2932 Deus,
2713 2872 2767 2920 et
2805 2879 2970 2916 unum
3005 2875 3219 2932 quoque
3241 2856 3425 2912 Domi-

1845 2978 1968 3016 num
2001 2959 2198 3030 adjecit
2245 2959 2385 3015 idem
2432 2959 2703 3028 inquiens,
2751 2973 2844 3025 per
2867 2972 3021 3025 quem
3057 2963 3176 3008 sunt
3215 2951 3431 3005 omnia?

1843 3054 2001 3110 Certe
2029 3053 2151 3122 quia
2178 3067 2269 3122 per
2291 3050 2441 3104 illum
2469 3050 2647 3103 omnia
2694 3047 2839 3117 facta
2867 3046 3100 3116 fuerant,
3133 3058 3240 3100 non
3286 3042 3424 3110 inju-

1845 3148 1945 3211 ria,
1983 3153 2103 3214 post
2129 3143 2296 3198 Deum
2335 3141 2483 3194 illum
2507 3141 2909 3203 universorum,
2948 3151 2976 3189 a
3002 3135 3180 3201 nobis,
3207 3133 3299 3203 qui
3326 3131 3430 3186 hoc

1842 3235 2009 3308 probe
2031 3233 2358 3296 noverimus,
2393 3230 2656 3286 Dominus
2681 3230 3059 3284 universorum
3083 3232 3428 3297 agnoscetur.

1843 3327 2067 3384 Constat
2114 3340 2246 3382 vero
2283 3325 2420 3389 lucc,
2458 3338 2561 3378 non
2591 3324 2655 3378 de
2696 3337 2860 3378 carne
2891 3321 3092 3376 dixisse
3134 3318 3306 3382 illum,
3333 3320 3430 3372 sed

1841 3422 1908 3475 de
1942 3420 2034 3476 Dei
2077 3419 2264 3484 verbo,
2292 3429 2579 3488 propterea
2613 3416 2753 3484 quod
2789 3412 3112 3476 subinferat,
3152 3426 3244 3482 per
3273 3424 3430 3482 quem

1840 3523 1962 3567 sunt
1993 3511 2190 3564 omnia.
2225 3538 2294 3549 -—-
2329 3507 2521 3573 Nobis,
2562 3508 2832 3577 inquiens,
2888 3521 3027 3559 unus
3060 3504 3200 3559 Deus
3244 3502 3426 3567 Pater,

1839 3623 1866 3659 e
1893 3621 1996 3670 quo
2029 3611 2153 3659 sunt
2181 3603 2378 3666 omnia,
2414 3611 2461 3655 et
2494 3617 2630 3653 unus
2673 3599 2931 3654 Dominus
2970 3597 3128 3653 Jesus
3159 3597 3427 3659 Christus,

1837 3712 1930 3764 per
1954 3710 2107 3767 quem
2158 3704 2280 3750 sunt
2326 3693 2525 3748 omnia.
2559 3693 2713 3759 Quod
2760 3693 2936 3760 ipsum
2989 3693 3054 3746 de
3092 3691 3232 3754 luce,
3278 3698 3332 3743 et
3363 3689 3430 3741 de

1838 3789 2024 3855 verbo,
2060 3787 2202 3858 quod
2227 3787 2504 3853 circumit,
2534 3787 2717 3841 omnia
2758 3787 2963 3840 dictum
2996 3794 3100 3841 est.
3146 3784 3277 3838 Erat
3305 3785 3428 3836 ideo

1838 3884 1950 3952 ipse
1974 3879 2131 3938 Jesus
2160 3879 2409 3935 Christus
2450 3879 2562 3944 lux,
2605 3887 2661 3932 et
2691 3876 2951 3942 Verbum,
2977 3891 3074 3946 per
3095 3889 3258 3947 quem
3297 3885 3428 3930 sunt

1835 3973 2036 4041 omnia,
2075 3987 2181 4028 non
2209 3981 2387 4027 autem
2419 3985 2566 4025 caro.
2593 3968 2778 4039 Neque
2801 3968 2943 4024 enim
2969 3967 3040 4023 ita
3071 3967 3425 4024 indistinctim

1837 4068 1903 4121 de
1960 4080 2126 4120 carne
2173 4066 2400 4130 diceret,
2459 4080 2550 4134 per
2579 4078 2731 4131 quem
2761 4071 2880 4115 sunt
2914 4062 3112 4115 omnia.

1908 4155 2014 4211 Sed
2037 4169 2137 4212 nec
2160 4153 2462 4212 DeiFilium
2491 4163 2619 4208 ante
2647 4166 2868 4208 carnem
2892 4152 3247 4206 exsistentem
3265 4149 3424 4205 Chri-

1836 4257 1976 4303 stum
1994 4249 2331 4303 nominasset
2359 4247 2498 4300 idem
2525 4244 2742 4310 Paulus,
2789 4244 2855 4298 ad
2896 4243 3145 4297 eumdem
3179 4243 3421 4307 modum,

1834 4342 1923 4396 ubi
1951 4355 2072 4395 eum
2090 4339 2545 4411 appellatpetram
2572 4339 2624 4391 in
2653 4339 2844 4393 eodem
2863 4338 3004 4399 loco,
3042 4336 3109 4390 de
3127 4334 3326 4406 papula
3355 4336 3423 4390 lo-

1832 4447 2006 4504 quens
2021 4433 2112 4502 qui
2131 4447 2251 4487 cum
2270 4431 2452 4503 Moyse
2468 4433 2522 4484 in
2540 4431 2756 4485 deserto
2769 4429 3149 4485 versabantur.
3166 4425 3423 4482 Bibebant

1832 4526 1897 4579 de
1911 4525 2183 4594 spirituali
2212 4525 2447 4592 sequenti
2474 4541 2562 4578 eos
2590 4534 2737 4592 petra
2762 4541 2778 4587 ;
2803 4533 2950 4593 petra
2985 4533 3161 4578 autem
3185 4523 3280 4577 illa
3309 4533 3424 4576 erat

1833 4617 2072 4673 Christus
2099 4619 2161 4670 ’³.
2206 4616 2361 4685 Quod
2407 4617 2580 4688 ipsum
2628 4618 2916 4688 consignat
2953 4617 3094 4672 idem
3121 4616 3304 4672 statim
3334 4615 3420 4668 in-

145 4709 234 4745 ται
264 4692 328 4744 τὸ
356 4693 505 4760 αὐτὸ,
554 4695 670 4763 μεθ’
707 4697 868 4768 ἕτερα
910 4699 1156 4768 φάσκωνθ
1187 4703 1354 4769 Μηδὲ
1386 4706 1734 4776 ἐκπειράζω-

1839 4712 2052 4782 qniens,
2103 4710 2217 4766 Nec
2267 4721 2531 4766 tentemus.
2561 4717 2618 4774 ὦ
2665 4708 2935 4764 Christum
2974 4720 3026 4762 ut
3067 4707 3309 4762 nonnulli
3344 4723 3420 4760 ea-

137 4800 258 4851 μεν
282 4785 388 4837 τὸν
413 4787 689 4853 Χριστιῖν,
727 4791 917 4857 καθώς
948 4808 1107 4859 τινες
1143 4794 1339 4850 αὐτῶν
1371 4798 1718 4867 ἐπείρασαν,

145 4876 244 4930 καὶ
288 4877 402 4930 ὑπὸ
444 4876 558 4930 τῶν
609 4879 803 4948 ὄφεων
851 4883 1184 4942 ἀπώλοντο.
1240 4889 1350 4941 Καὶ
1395 4890 1475 4943 ἔτι
1523 4892 1721 4962 μᾶλλον

139 4966 292 5019 τοῦτ’
323 4967 452 5020 αὐτὸ
484 4968 688 5036 βεϐαιοῖ
716 4971 904 5040 λέγων’
931 4975 1135 5029 Πίστει
1161 4980 1619 5050 Μωϋσῆςμέγας
1633 5002 1723 5053 γε-

146 5059 421 5124 νόμενος,
462 5057 769 5123 ἠρνήσατο
801 5063 1081 5130 λέγεσθαι
1113 5067 1245 5134 υἱὸς
1283 5073 1574 5139 θυγατρὸς
1607 5077 1716 5127 Φα-

133 5145 285 5212 ραώ·
313 5147 552 5214 μείζονα
578 5151 844 5204 πλοῦτον
872 5155 1253 5226 ἡγησάμενος
1274 5163 1393 5213 τῶν
1418 5166 1719 5233 Αἰγύπτου

141 5239 463 5306 θησαιερῶν
496 5243 600 5296 τὸν
625 5243 966 5314 ὀνειδισμὸν
1005 5250 1106 5304 τοῦ
1145 5255 1416 5322 Χριστοῦ.
1467 5259 1714 5329 Ἐναργέ-

215 5385 276 5439 >14
300 5379 400 5451 βά.
435 5379 608 5435 Paris.
650 5398 769 5451 pag.
802 5385 981 5446 95.94.

215 5451 253 5478 "
289 5449 442 5503 Joan.
474 5466 510 5510 I,
555 5453 600 5505 Ι.
652 5449 756 5506 ἠι
782 5455 903 5510 Cor.
934 5474 1048 5524 VIII,
1084 5458 1131 5513 6.
1216 5460 1300 5514 ⁸³1
1338 5462 1461 5516 (Ior.
1497 5479 1548 5530 Χ,
1581 5466 1632 5518 4.

211 5613 324 5678 (20)
353 5610 522 5682 Vulgo
546 5616 622 5669 δέ.

217 5684 328 5737 till
355 5681 526 5752 Vulgo
551 5701 658 5738 om.
697 5689 827 5739 ἀλλ’.

217 5754 326 5812 ς’ῒὶ)
363 5752 530 5821 Vulgo
565 5761 794 5825 imit”;

220 5825 327 5876 π’ἰὸδ
360 5825 528 5888 Vulgo
567 5827 714 5879 .n'ﬂt'.

1833 4821 1946 4856 rum
1975 4814 2304 4858 tentauerunt
2347 4815 2393 4856 et
2432 4822 2464 4856 α
2498 4805 2822 4872 serpentibus
2853 4803 3011 4855 occisi
3047 4812 3165 4855 sunt
3196 4800 3262 4856 ".
3308 4799 3416 4855 Sed

1830 4897 2119 4951 conﬁrmat
2163 4897 2290 4951 illud
2344 4900 2515 4966 ipsum
2582 4899 2671 4952 ubi
2725 4898 2818 4957 ait,
2869 4895 2974 4949 Per
3019 4896 3178 4963 ﬁdem
3214 4893 3421 4964 Moyses

1829 4989 2084 5055 grandior
2122 4989 2316 5057 factus,
2361 4989 2566 5058 negavit
2596 5006 2651 5043 se
2683 5006 2790 5042 esse
2813 4989 2982 5053 [ilium
3019 4987 3145 5053 [ilice
3174 4983 3420 5038 Pharaa~

1832 5083 1930 5134 nis.
1985 5079 2218 5148 Majores
2255 5081 2467 5134 divitias
2512 5082 2782 5135 testimans
2828 5081 3088 5134 thesauris
3126 5077 3416 5148 Egyptiev

1832 5187 1942 5224 rum
1978 5172 2349 5241 improperium
2389 5172 2585 5226 Christi
2613 5174 2676 5228 ⁸⁵.
2723 5171 2830 5227 Sed
2853 5183 2906 5226 ct
2933 5172 3074 5226 idem
3109 5173 3279 5241 ipsum
3313 5169 3413 5224 ad-

1829 5262 1933 5318 huc
1963 5264 2231 5320 emcaeins
2288 5266 2527 5321 insinuat
2560 5264 2648 5318 ubi
2691 5265 2762 5319 ait
2791 5282 2804 5320 :
2848 5264 2958 5318 Iloc
2985 5265 3122 5319 idem
3150 5269 3408 5320 sentiatur

1715 5467 1752 5496 ¹⁴
1789 5468 1914 5522 ibid.
1944 5472 1997 5525 9.
2073 5475 2125 5518 .”‘
2148 5473 2310 5531 Ilclir.
2353 5475 2540 5537 “,2”,
2572 5477 2660 5528 ‘20.

1898 5635 2012 5712 et)
2049 5635 2219 5712 rugo
2295 5639 2370 5689 δέ-

2040 5708 2356 5779 ῌεριόιΐος
2383 5711 2586 5773 λόγων.
2625 5710 2783 5767 Fttt‘lc
2826 5733 2845 5755 ν
2867 5710 3096 5779 puri/uis.
3134 5706 3203 5762 Μ.

1901 5775 2011 5842 (flii)
2042 5777 2207 5843 Vulgo
2241 5780 2305 5831 ἀσ
2322 5795 2625 5850 παρτῃτων
