4068 6316
603 301 697 353 887

1336 296 1602 353 EUSEBII
1641 296 2103 355 CESARIENSIS
2139 293 2286 349 UPP.
2326 293 2503 350 PARS
2542 294 2629 350 li.
2656 324 2725 335 --
2758 292 3174 349 DOGMATICA.

3748 292 3840 347 883

604 431 825 490 posset,
865 421 955 490 qui
990 428 1073 475 est
1121 419 1344 490 imago?
1386 418 1611 475 dixisset
1656 420 1881 489 utique,
1927 434 2044 491 qua:
2091 426 2159 472 est

2277 416 2475 483 λέγειν,
2511 417 2569 478 ὃς
2604 417 2749 467 ἐστιν
2776 412 2971 477 εἰκών,
3008 412 3128 465 δέον
3159 413 3206 465 εἰ
3240 410 3347 482 ἄρα
3388 410 3583 480 φῆσαι,
3616 410 3651 480 ἦ
3702 414 3838 462 εστιν

604 525 802 581 imago.

676 604 758 657 15.
790 601 928 657 Alibi
970 616 1185 673 quoque
1231 601 1371 679 idem
1417 602 1667 657 eumdem
1719 602 1951 672 appellat
1980 601 2170 671 imagi-

605 710 723 747 nem
777 694 890 758 Dei,
928 713 946 747 ι
984 694 1134 761 Quod
1182 695 1226 750 si
1274 696 1651 751 absconditum
1703 694 1773 749 sit
1818 693 2169 762 Evangelium

608 804 627 836 ι
666 796 909 842 nostrum
936 829 949 851 ,
981 787 1047 841 ab
1078 788 1142 842 iis
1169 796 1253 842 est
1285 787 1659 842 absconditum
1691 788 1781 856 qui
1817 797 2077 856 pereunt,
2116 786 2169 840 in

607 895 624 927 ‹
663 879 859 945 quibus
900 879 1040 934 Deus
1074 880 1253 938 saeculi
1302 880 1459 936 istius
1493 880 1793 935 obcaecavit
1837 880 2169 935 intellectum

607 988 625 1018 ‹
664 971 1057 1027 incredulorum
1084 1013 1099 1037 ,
1133 986 1199 1026 ne
1238 971 1523 1027 irradiaret
1559 972 1610 1025 in
1641 972 1898 1027 cordibus
1924 972 2170 1039 ipsorum

608 1081 628 1113 ι
666 1064 985 1120 illuntinatio
1012 1064 1289 1135 Evangelii
1317 1063 1443 1119 Jesu
1493 1064 1720 1127 Christi,
1762 1064 1854 1134 qui
1886 1073 1969 1119 est
1994 1064 2172 1133 imago

607 1174 625 1204 s
661 1154 776 1209 Dei.
833 1174 852 1208 s
910 1155 1010 1211 Ubi
1062 1156 1443 1211 advertendum
1479 1154 1637 1209 nobis
1668 1155 1852 1210 animo
1882 1164 2005 1221 est,
2028 1156 2171 1224 quod

600 1247 812 1301 divinus
828 1248 1119 1317 Apostolus
1146 1245 1614 1302 determinativum
1645 1246 1711 1301 de
1730 1245 1946 1302 Christo
1963 1261 2172 1302 sermo-

601 1350 722 1390 nem
746 1337 999 1402 instituit,
1031 1338 1316 1406 imaginem
1341 1336 1433 1391 Dei
1455 1336 1662 1391 scilicet
1681 1336 1955 1407 appellans
1973 1338 2169 1407 ipsum,

599 1442 669 1482 ne
701 1429 821 1497 quis
849 1428 983 1482 duos
1007 1428 1290 1497 imaginari
1320 1426 1451 1482 deos
1480 1434 1681 1497 posset,
1699 1427 1792 1482 sed
1813 1442 2001 1493 unum,
2022 1442 2172 1482 nem-

599 1532 666 1586 pe
692 1532 813 1572 eum
840 1519 927 1587 qui
961 1532 1119 1587 supra
1153 1518 1335 1572 omnia
1358 1529 1459 1574 est.
1482 1519 1539 1573 Si
1562 1520 1706 1573 enim
1734 1532 1874 1573 unus
1901 1527 1984 1573 est
2007 1517 2169 1584 Deus,

601 1623 652 1665 et
682 1623 874 1681 praeter
899 1610 1049 1665 illum
1078 1626 1183 1665 non
1210 1618 1295 1666 est
1320 1610 1481 1678 alius,
1518 1610 1687 1681 ipsius
1713 1607 1784 1664 sit
1806 1619 2042 1678 oportet,
2078 1610 2167 1679 qui

599 1718 698 1771 per
718 1701 909 1757 Filium
947 1718 1103 1758 suum
1130 1713 1388 1773 tanquam
1410 1718 1505 1773 per
1525 1701 1815 1769 imaginem
1834 1701 2162 1771 agnoscitur.

2273 526 2453 561 εικων.

2347 607 2426 653 ιε’.
2469 599 2578 653 Kal.
2629 600 2686 652 ὲν
2732 599 2901 669 ἑτέρῳ
2954 598 3009 650 δὲ
3060 596 3220 650 πάλιν
3263 597 3291 647 6
3336 596 3496 657 αὐτὸς
3540 592 3723 646 εἰκόνα
3753 592 3839 645 τοῦ

2274 690 2407 744 Θεοῦ
2425 691 2581 743 αὐτὸν
2597 690 2845 760 ὠνόμαζε
2876 690 3066 757 λέγων,
3091 708 3110 741 ι
3140 689 3202 742 Εἰ
3231 690 3287 741 δὲ
3318 689 3408 740 καὶ
3430 686 3544 740 ἔστι
3575 684 3839 754 κεκαλυμ-

2280 805 2299 836 ι
2334 783 2491 855 μένον
2508 781 2566 833 τὸ
2586 781 2696 852 (42)
2714 782 3041 851 Εὑαγγέλιον
3064 783 3097 852 ἡ
3104 782 3241 851 μῶν,
3260 784 3315 833 ὲν
3332 784 3443 843 τοῖς
3459 779 3841 850 ἀπολλυμένοις

2283 896 2301 928 ι
2333 878 2449 930 ἐστὶ
2468 874 2905 945 κεκαλυμμένον,
2926 877 2984 927 ὲν
3003 870 3083 937 οἷς
3106 876 3135 926 6
3156 874 3289 936 Θεὸς
3316 873 3410 926 τοῦ
3440 874 3633 937 αἰῶνος
3654 872 3840 925 τούτου

2279 988 2296 1021 ι
2333 967 2609 1037 ἐτύφλωσε
2640 967 2707 1020 τὰ
2740 970 2983 1039 νοήματα
3013 968 3119 1021 τῶν
3168 966 3432 1028 ἀπίστων,
3478 965 3616 1035 πρὸς
3658 963 3719 1016 τὸ
3772 964 3843 1035 μὴ

2281 1078 2298 1109 ι
2332 1057 2679 1125 καταυγάσαι
2705 1056 2817 1127 (45)
2853 1059 3043 1121 ὲνταῖς
3067 1057 3315 1129 καρδίαις
3344 1054 3523 1108 αὐτῶν
3557 1057 3651 1108 τὸν
3685 1071 3845 1125 φωτι-

2281 1169 2298 1200 s
2338 1147 2473 1218 σμὸν
2498 1147 2593 1201 τοῦ
2624 1148 2957 1216 Εὐαγγελίου
2987 1146 3080 1200 τοῦ
3113 1146 3371 1216 Χριστοῦ,
3406 1147 3465 1209 ὃς
3504 1148 3653 1199 ἐστιν
3686 1144 3845 1199 εἰκὼν

2283 1261 2301 1293 ι
2335 1241 2427 1294 τοῦ
2446 1240 2602 1295 Θεοῦ.
2634 1238 2853 1292 »κἜνΘα
2874 1240 2968 1292 καὶ
2991 1241 3255 1311 προσήκει
3282 1238 3372 1291 τὸν
3395 1237 3518 1290 νοῦν
3537 1237 3843 1308 ἐπιστῆσαι,

2270 1333 2353 1398 ὡς’
2377 1338 2405 1388 6
2437 1335 2577 1399 θεῖος
2627 1334 2943 1397 Ἀπόστολος
2974 1334 3157 1405 ὁρικὸν
3177 1334 3503 1404 ἐξηνέγκατο
3532 1333 3689 1402 λόγον
3725 1332 3847 1402 περὶ

2272 1426 2366 1480 τοῦ
2402 1426 2659 1498 Χριστοῦ,
2682 1424 2851 1479 εἰπὼν
2883 1426 3043 1478 αὑτὸν
3094 1424 3274 1477 εἰκόνα
3304 1424 3398 1476 τοῦ
3439 1421 3594 1486 Θεοῦ,
3632 1424 3721 1475 ἵνα
3770 1423 3843 1492 μή

2271 1536 2355 1582 τις
2385 1519 2477 1571 δύο
2509 1520 2664 1581 θεοὺς
2702 1517 2960 1571 ὑπολάϐοι
2992 1515 3127 1571 εἶναι
3148 1558 3162 1581 ,
3192 1515 3304 1570 ἀλλ’
3343 1517 3439 1568 ἕνα
3470 1515 3561 1567 τὸν
3590 1515 3682 1566 ἐπὶ
3709 1514 3846 1568 πάν-

2271 1628 2397 1665 των.
2428 1611 2489 1664 Εἰ
2516 1610 2626 1683 γὰρ
2654 1606 2733 1675 εἷς
2757 1610 2910 1673 Θεὸς,
2943 1609 3036 1661 καὶ
3067 1608 3165 1661 οὐκ
3198 1608 3342 1659 ἐστιν
3369 1606 3552 1675 ἕτερος
3578 1604 3718 1674 πλὴν
3744 1604 3844 1656 αὐ-

2271 1703 2385 1767 τοῦ,
2428 1704 2589 1765 αὐτὸς
2618 1702 2685 1756 ἂν
2716 1702 2801 1772 εἴη
2830 1704 2857 1753 6
2901 1702 2993 1753 καὶ
3022 1699 3109 1753 διὰ
3141 1700 3233 1752 τοῦ
3268 1698 3397 1751 Υἱοῦ
3424 1697 3499 1759 ὡς
3532 1696 3597 1749 δι’
3638 1697 3845 1758 εἰκόνος

599 1763 939 1862 Quapropter
959 1801 1014 1846 et
1050 1792 1220 1873 Filius
1245 1763 1476 1863 quoque
1506 1763 1772 1855 Deus'est,
1806 1763 2026 1861 propter
2064 1790 2159 1845 Pa-

2270 1763 2684 1866 yvmptCépsvog.
2714 1763 2805 1846 Διό
2840 1794 2933 1845 καὶ
2967 1796 2995 1846 6
3028 1792 3150 1854 Υἱὸς
3180 1790 3333 1853 Θεὸς,
3364 1789 3453 1843 διὰ
3478 1789 3575 1859 τὴν
3610 1789 3669 1840 ἐν
3703 1787 3844 1858 αὑτῷ

600 1884 695 1937 tris
724 1885 971 1953 liguram,
1013 1885 1066 1938 in
1095 1884 1230 1955 ipso,
1258 1894 1314 1938 ut
1343 1884 1394 1938 in
1420 1884 1675 1954 imagine,
1701 1881 2071 1937 resultantem.
2108 1882 2163 1938 ld

598 1975 739 2043 quod
772 1974 987 2030 divinus
1018 1976 1310 2043 Apostolus
1332 1975 1555 2040 indicat,
1587 1977 1714 2030 dum
1761 1974 2054 2047 aliquando
2089 1977 2166 2030 in-

596 2069 757 2135 quit,
785 2069 880 2135 qui
931 2082 1049 2121 cum
1087 2068 1144 2120 in
1182 2065 1282 2121 Dei
1327 2067 1499 2135 [arma
1534 2077 1706 2121 esset:
1739 2066 2029 2137 aliquando
2062 2082 2162 2121 au-

596 2164 725 2223 tem,
757 2172 880 2211 eum
911 2157 1197 2225 imaginem
1234 2159 1324 2213 Dei
1372 2158 1560 2215 detinit
1592 2172 1733 2214 esse.
1762 2161 1944 2227 Atque
1974 2158 2045 2213 ita
2079 2159 2163 2212 in—

600 2258 684 2301 ter
711 2257 939 2303 caeteras
967 2248 1407 2304 nomenclaturas
1451 2247 1624 2305 Filius
1676 2257 1735 2306 et
1764 2259 1884 2305 erat
1916 2260 1971 2306 et
2015 2251 2164 2305 dice-

595 2340 755 2394 batur
810 2340 987 2409 imago
1020 2340 1159 2407 Dei,
1192 2340 1504 2411 priusquam
1549 2340 1603 2394 in
1652 2355 1817 2397 carne
1863 2341 2160 2397 adveniret.

594 2435 770 2502 Atque
786 2433 890 2490 ista
919 2434 1135 2504 quidem
1172 2448 1342 2503 pauca
1376 2433 1445 2489 de
1492 2434 1811 2499 innumeris,
1849 2449 1914 2490 ne
1948 2437 2162 2489 modum

594 2522 941 2589 excedamus,
981 2521 1179 2579 eNovo
1212 2522 1559 2579 Testamento
1610 2525 1837 2579 adducta
1872 2525 2001 2580 sint.
2025 2522 2163 2591 Quin

594 2626 650 2669 et
680 2615 807 2669 olim
832 2617 1155 2671 exsistentes
1180 2617 1456 2686 prophetae
1481 2615 1601 2681 Dei,
1634 2619 1882 2674 eumdem
1931 2618 2162 2674 diversis

596 2707 916 2777 theologicis
942 2708 1251 2762 nominibus
1272 2708 1631 2764 honorarunt.

663 2796 753 2851 16.
783 2797 879 2852 Est
902 2796 992 2867 qui
1020 2813 1140 2851 eum
1164 2838 1179 2862 ,
1212 2795 1473 2868 Spiritum
1518 2798 1611 2854 Dei
1642 2808 1836 2861 vocat,
1865 2799 2115 2869 inquiens
2144 2818 2157 2853 :

592 2887 905 2960 Egredietur
929 2888 1079 2954 virga
1103 2890 1167 2944 de
1195 2892 1369 2946 radice
1409 2890 1550 2947 Iesse
1588 2909 1606 2946 :
1652 2898 1709 2956 >I<
1751 2905 1799 2947 et
1828 2894 1927 2962 ﬂos
1971 2898 2035 2945 de
2074 2910 2163 2947 rn-

592 2979 706 3033 dice
728 2980 840 3048 ejus
866 2982 1131 3048 ascendet,
1168 2992 1216 3035 et
1249 2983 1533 3052 requiescet
1567 3000 1723 3053 super
1748 2983 1897 3038 illum
1932 2984 2162 3052 Spiritus

2265 1887 2357 1942 τοῦ
2388 1887 2599 1958 Πατρὸς
2633 1888 2708 1949 ὡς
2734 1888 2791 1939 ἐν
2817 1887 2985 1939 εἰκόνι
3012 1886 3311 1957 μόρφωσιν.
3342 1885 3409 1935 Ὃ
3430 1882 3494 1953 δὴ
3515 1881 3844 1951 παρίστησιν

2264 1984 2293 2035 6
2328 1981 2468 2045 θεῖος
2505 1980 2846 2044 Ἀπόστολος,
2888 1980 3009 2031 τοτὲ
3044 1977 3145 2049 μὲν
3181 1976 3372 2044 λέγων,
3413 1974 3481 2039 ὃς
3529 1975 3600 2027 ὲν
3644 1971 3845 2043 μορφῇ

2267 2073 2413 2128 Θεοῦ
2441 2073 2747 2142 ὑπάρχων,
2788 2070 2911 2125 τοτὲ
2939 2071 2994 2124 δὲ
3026 2070 3187 2123 αὐτὸν
3230 2070 3408 2122 εἰκόνα
3436 2066 3529 2119 τοῦ
3561 2065 3699 2119 Θεοῦ
3727 2068 3842 2138 ὁρι-

2265 2168 2505 2238 ζόμενος.
2558 2165 2767 2219 Οὐκοῦν
2823 2162 2961 2235 μετὰ
3008 2162 3118 2215 τῶν
3167 2160 3340 2214 ἄλλων
3386 2157 3699 2230 ὲπηγοριῶν
3752 2154 3844 2210 καὶ

2265 2260 2425 2315 εἰκὼν
2465 2258 2557 2312 τοῦ
2593 2257 2729 2311 Θεοῦ
2760 2256 2867 2328 πρὸ
2894 2255 2998 2325 τῆς
3040 2254 3307 2324 ὲνσάρκου
3335 2252 3639 2322 παρουσίας
3663 2253 3693 2303 6
3719 2249 3840 2311 Υἰδς

2262 2350 2330 2427 ἦν
2352 2370 2411 2407 τε
2444 2352 2537 2406 καὶ
2559 2351 2891 2422 ὠνόμασται.
2924 2347 3081 2401 Ἀλλὰ
3111 2343 3285 2400 ταῦτα
3312 2345 3410 2416 μὲν
3437 2342 3546 2397 ἀπὸ
3575 2342 3678 2413 τῆς
3702 2343 3839 2395 Και-

2264 2447 2359 2517 νῆς
2398 2443 2688 2515 Διαθήκης,
2722 2442 2876 2510 ὀλίγα
2906 2440 3012 2494 ἀπὸ
3046 2438 3251 2511 μυρίων
3276 2440 3408 2509 ἡμῖν
3434 2435 3596 2505 λόγου
3630 2451 3838 2506 συμμε-

2271 2538 2426 2609 τρίας
2451 2536 2610 2608 χάριν
2640 2534 2925 2604 συνῆκται.

2333 2811 2429 2870 ις’.
2448 2804 2558 2857 Καὶ
2586 2804 2635 2856 οἰ
2664 2802 2832 2856 πάλαι
2862 2803 2959 2872 μὲν
2979 2800 3259 2872 γενόμενοι
3284 2798 3378 2853 τοῦ
3401 2798 3539 2853 Θεοῦ
3564 2798 3836 2871 προφῆται

2261 2900 2351 2953 τὸν
2384 2896 2546 2952 αὑτὸν
2581 2895 2691 2966 (44)
2724 2894 3002 2966 διαφόροις
3045 2891 3247 2963 ἐτίμων
3274 2890 3592 2959 θεολογίαις.
3641 2892 3700 2944 Ὀ
3742 2891 3839 2961 μὲν

2262 2989 2371 3061 γὰρ
2400 2986 2666 3043 ἀπεκάλει
2698 2984 2861 3039 αὑτὸν
2913 2983 3129 3054 πνεῦμα
3164 2980 3259 3036 τοῦ
3286 2982 3445 3046 Θεοῦ,
3474 2982 3669 3052 λέγων,
3714 2981 3835 3047 Ἐξ·
3894 3066 3897 3067 ν

590 3071 823 3139 Domini,
863 3073 1079 3141 spiritus
1099 3074 1369 3142 sapientia:
1397 3084 1445 3127 et
1484 3073 1837 3144 intelligentia
1864 3075 1932 3141 ”,
1955 3084 2009 3129 et
2036 3089 2155 3145 quae

2263 3086 2565 3141 ελεύσεται
2579 3077 2802 3147 ῥάϐδος
2815 3077 2882 3131 ἐκ
2904 3076 3015 3146 τῆς
3024 3076 3192 3145 ,ῥίζης
3207 3076 3434 3132 Ἰεσσαί
3439 3092 3452 3106 ⁸
3467 3075 3564 3129 καὶ
3582 3074 3761 3141 ἄνθος
3770 3075 3837 3129 ἐκ

591 3172 912 3233 sequuntur.
960 3163 1249 3235 Perspicue
1269 3166 1536 3236 siquidem
1568 3166 1622 3221 in
1648 3166 1765 3224 istis
1790 3166 2156 3224 manifestavit

590 3269 713 3309 eum
739 3257 830 3324 qui
861 3254 927 3311 de
943 3258 1147 3312 semine
1169 3257 1336 3313 David
1374 3258 1552 3313 fuerat
1586 3260 1880 3314 secundum
1914 3276 2151 3327 carnem,

592 3357 649 3400 et
682 3347 995 3403 inhabitans
1028 3349 1189 3402 etiam
1228 3350 1281 3404 in
1322 3348 1412 3404 illo
1443 3349 1533 3404 Dei
1582 3350 1841 3406 Verbum.
1879 3351 2032 3409 Unde
2072 3354 2157 3408 di-

595 3438 750 3491 vinus
775 3436 1063 3505 Apostolus
1091 3454 1232 3495 nunc
1270 3438 1537 3510 loquitur,
1559 3438 1813 3497 Dominus
1845 3451 2021 3497 autem
2055 3446 2158 3512 spi-

589 3528 723 3581 situs
748 3536 824 3582 est
856 3528 929 3593 ἰς
974 3543 1116 3585 nunc
1149 3530 1342 3584 iterum
1364 3570 1380 3594 ,
1429 3529 1665 3585 Christus
1699 3530 1794 3584 Dei
1829 3534 2083 3601 potentia,
2106 3546 2154 3589 et

587 3619 847 3686 sapientia
893 3618 986 3674 Dei
1027 3620 1093 3673 ".
1147 3620 1301 3677 Alius
1348 3621 1569 3691 insuper
1618 3621 1879 3692 propheta
1924 3639 2045 3678 eum
2087 3627 2154 3680 ad

589 3708 837 3763 eumdem
877 3709 1091 3764 modum
1128 3711 1375 3781 Spiritum
1427 3710 1688 3781 appellat,
1736 3712 1969 3781 Spiritus
1998 3715 2154 3785 faciei

587 3810 780 3854 nostra:
801 3799 1041 3855 Christus
1074 3799 1324 3856 Dominus
1355 3803 1421 3857 ".
1448 3802 1511 3857 Et
1548 3803 1600 3859 'tn
1640 3802 1933 3875 Evangelia
1961 3805 2031 3862 de
2061 3822 2155 3862 eo-

586 3893 708 3945 dem
756 3892 1113 3960 liquidissimo
1162 3893 1403 3949 dicitur:
1441 3892 1580 3949 Ecce
1635 3912 1766 3965 puer
1808 3914 1951 3951 meus
2000 3915 2151 3967 quem

588 3984 739 4054 elegi,
777 3984 998 4039 dilectus
1038 4002 1184 4040 meus
1225 3987 1280 4040 in
1302 4003 1405 4057 quo
1448 3989 1574 4042 bene
1610 3990 1921 4057 complacuit
1961 3994 2152 4046 anima

584 4090 733 4128 mete.
754 4072 962 4128 Ponant
991 4076 1234 4143 spiritum
1273 4093 1442 4131 meum
1467 4094 1623 4147 super
1654 4088 1858 4147 eum,et
1881 4081 2151 4148 judicium

584 4166 822 4234 gentibus
857 4167 1120 4220 nuntiabit
1136 4168 1201 4222 ".

655 4344 744 4398 17.
775 4344 925 4399 Alius
953 4358 1114 4414 porro
1149 4347 1407 4416 propheta
1437 4346 1602 4401 vitam
1639 4362 1769 4403 eum
1790 4361 1965 4412 vocat.
1991 4358 2041 4405 et
2064 4350 2149 4404 lu-

2257 3177 2368 3245 τῆς
2380 3171 2547 3243 ῥίζης
2559 3170 2671 3243 (45)
2688 3168 3074 3237 ἀναϐήσεται,
3094 3168 3197 3223 καὶ
3213 3167 3704 3223 ἐπαωπαύσεται
3727 3167 3837 3239 (46)

2256 3269 2347 3323 ἐπ’
2390 3264 2578 3321 αὑτὸν
2603 3261 2844 3332 πνεῦμα
2870 3260 2976 3315 τοῦ
3009 3260 3179 3325 Θεοῦ,
3205 3260 3442 3329 πνεῦμα
3469 3259 3712 3329 σοφίας,
3741 3258 3840 3312 καί

2256 3357 2587 3421 συνέσεως,
2612 3353 2705 3407 καὶ
2734 3351 2803 3406 τὰ
2840 3352 2988 3423 ἑξῆς.
3017 3349 3216 3422 Σαφῶς
3242 3350 3352 3422 γὰρ
3384 3350 3473 3404 τὸν
3498 3351 3563 3403 ὲκ
3590 3350 3838 3421 σπέρμα-

2253 3467 2346 3513 τος
2389 3446 2575 3510 Δαὸὶδ,
2625 3442 2770 3499 κατὰ
2802 3443 2981 3515 σάρκα
3023 3443 3121 3496 καὶ
3160 3441 3251 3494 τὸν
3287 3442 3648 3511 ἑνοικήσαντα
3691 3440 3837 3511 αὑτῷ

2255 3542 2384 3595 Θεὸν
2408 3541 2597 3611 Λόγον,
2614 3538 2703 3593 διὰ
2728 3535 2931 3591 τούτων
2959 3536 3169 3608 ὲδήλου.
3201 3534 3392 3588 Ἔνθεν
3421 3536 3449 3587 6
3488 3533 3634 3596 θεῖος
3676 3532 3840 3586 Ἀπό-

2256 3633 2440 3698 στολος
2470 3632 2601 3686 ποτὲ
2638 3630 2737 3701 μὲν
2772 3628 2979 3697 ἔλεγεν·
3038 3628 3091 3681 Ὁ
3131 3625 3202 3680 δὲ
3242 3628 3457 3694 Κύριος
3492 3626 3560 3679 τὸ
3602 3626 3838 3696 πνεῦμά

2254 3726 2443 3779 ἐστιν·
2502 3723 2631 3776 ποτὲ
2676 3721 2754 3787 δὲ,
2784 3720 3037 3789 Χριστὸς
3082 3719 3231 3775 Θεοῦ
3269 3718 3520 3788 δύναμις
3546 3717 3651 3771 καὶ
3689 3718 3837 3772 Θεοῦ

2253 3816 2460 3885 σοφία.
2484 3815 2593 3868 Καὶ
2614 3812 2797 3883 ἔτερος
2821 3810 2878 3864 δὲ
2904 3812 3105 3881 ὁμοίως
3124 3807 3342 3882 πνεῦμα
3363 3809 3523 3862 αὐτὸν
3547 3808 3835 3874 ἀποκαλεῖ,

2254 3908 2446 3975 λέγων,
2481 3904 2723 3974 Πνεῦμα
2752 3902 3074 3972 προσώπου
3102 3901 3275 3971 ἡμῶν
3302 3900 3556 3970 Χριστὸς
3596 3902 3831 3970 Κύριος.

2253 3996 2363 4051 Καὶ
2391 3998 2450 4051 ὲν
2474 3996 2551 4066 τῷ
2583 3994 2899 4066 Εὐαγγελίῳ
2929 3994 2986 4047 δὲ
3019 3995 3147 4064 περὶ
3183 3992 3347 4047 αὐτοῦ
3378 3992 3566 4061 σαφῶς
3596 3994 3831 4065 εἴρηταιο

2268 4086 2422 4142 Ἰδοὺ
2454 4090 2487 4141 d
2511 4086 2651 4154 παῖς
2664 4079 2812 4157 μου,
2853 4085 2928 4140 ὃν
2957 4083 3209 4154 ᾑρέτισα
3230 4102 3243 4116 ’
3292 4087 3327 4139 ὁ
3364 4084 3677 4155 ἀγαπητός
3714 4101 3832 4153 μου

2251 4180 2340 4243 εὶς
2364 4176 2435 4230 ὃν
2461 4176 2810 4245 ηὐδόκησεν
2829 4178 2869 4245 ἡ
2897 4174 3068 4246 ψυχή
3086 4192 3227 4245 μου.
3254 4174 3483 4229 ’Έδωκα
3505 4174 3574 4229 τὸ
3597 4173 3832 4246 πνεῦμά

2246 4286 2363 4338 μου
2396 4268 2489 4322 ἐπ’
2529 4268 2736 4336 αὑτὸν,
2767 4269 2971 4337 κρίσιν
2999 4266 3125 4333 τοῖς
3149 4267 3393 4322 ἔθνεσιν
3417 4266 3665 4333 ἐξοίσει.

2325 4358 2407 4423 ιζ’.
2443 4359 2743 4430 Προφητῶν
2766 4359 2824 4413 δὲ
2847 4359 3005 4423 ἄλλος
3054 4357 3199 4430 ζωὴν
3226 4358 3409 4423 αὐτὸν,
3432 4360 3528 4413 καὶ
3560 4357 3677 4428 φῶς
3705 4359 3831 4414 ὠνό-

581 4449 725 4501 eem,
755 4435 844 4491 ubi
879 4433 1047 4491 Deum
1094 4437 1173 4492 sic
1200 4436 1490 4507 alloquitur
1518 4438 1799 4508 inquiens,
1828 4440 1981 4509 Apud
2004 4451 2054 4494 te
2074 4452 2148 4496 est

2263 4449 2394 4521 μαζε
2424 4450 2558 4521 (47),
2585 4452 2644 4503 ἐν
2688 4449 2769 4521 τῷ
2819 4451 3158 4522 προσφωνεῖν
3194 4447 3271 4520 τῷ
3302 4448 3441 4520 Θεῷ,
3485 4451 3580 4503 καὶ
3629 4450 3829 4520 λέγειν,

582 4525 700 4594 fons
724 4526 866 4592 vitta,
904 4526 1032 4579 etin
1071 4526 1267 4579 lumine
1303 4536 1392 4579 tuo
1431 4527 1718 4581 videbimus
1744 4526 2150 4594 lumen“.Qui-

580 4634 703 4673 nam
735 4626 852 4674 erat
881 4617 968 4671 ille
988 4618 1112 4673 vita:
1157 4617 1278 4673 fons
1308 4618 1447 4688 apud
1494 4619 1704 4674 Deum?
1752 4619 1875 4688 quis
1920 4618 2145 4675 lumen?

559 4712 751 4793 .ipsius
781 4725 995 4780 nempe,
1020 4712 1111 4780 qui
1140 4711 1194 4765 in
1232 4710 1523 4782 Evangelia
1555 4712 1709 4778 dixit,
1737 4710 1849 4781 Ego
1885 4728 2001 4766 sum
2050 4712 2145 4767 tua:

582 4802 765 4855 mundi
787 4802 831 4834 ”
858 4818 873 4868 ;
902 4810 976 4867 et,
1004 4799 1113 4870 Ego
1144 4817 1258 4855 sum
1280 4804 1363 4856 via
1389 4812 1436 4856 et
1459 4804 1666 4865 veritas,
1698 4813 1746 4855 et
1780 4803 1886 4855 vita
1910 4802 1975 4854 ³ο.
2006 4804 2142 4869 Quo-

746 4964 840 5018 Ed.
879 4965 1203 5038 Paris._pag.
1240 4966 1328 5038 97,

653 5035 820 5089 “lsa.
865 5051 940 5099 si,
969 5037 1020 5097 1,
1057 5036 1111 5090 2.
1158 5034 1178 5038 ’
1209 5038 1254 5069 ’⁸
1279 5036 1323 5089 ll
1346 5034 1473 5091 Cor.
1508 5053 1589 5101 ut,
1618 5040 1703 5093 17.

651 5311 765 5379 (12)
783 5309 951 5379 Vulgo
984 5310 1140 5364 τοῦτο
1161 5310 1242 5363 τό.

651 5378 761 5449 (ιό)
804 5378 961 5453 Πρός
996 5381 1084 5453 ,τὸ
1139 5381 1224 5450 μὴ
1278 5381 1665 5453 κᾳταξυγάσαι.
1714 5386 2071 5453 Apostolusin
2099 5389 2142 5443 ll

582 5450 705 5502 Cur.
733 5466 804 5516 ιν,
826 5452 884 5525 _5,
920 5452 1234 5525 habetiElt:
1279 5451 1343 5525 τῤ
1366 5452 1451 5525 μὴ
1478 5450 1775 5523 αὐγάσαί
1805 5458 2007 5525 αὐτοῖς
2035 5460 2143 5513 τὸν

582 5522 884 5598 φωτισμόν
914 5521 1036 5598 τῷν
1059 5522 1240 5598 Ebur.
1273 5519 1381 5598 τῆς
1418 5519 1602 5598 δόξηςῖ
1639 5525 1744 5598 τοῦ
1771 5519 2047 5598 Χριστοῦ,
2087 5542 2142 5583 et

583 5598 701 5668 pnfi
729 5588 883 5668 Θεοῦ,
917 5592 1149 5651 additur,
1185 5588 1435 5662 ἀοράτου.
1463 5592 1530 5647 Μ.
1555 5588 1635 5637 '4—
1657 5595 1776 5650 Mox
1809 5588 1964 5668 vulgo
1994 5588 2139 5653 ό’διὰ

580 5656 672 5719 Ᾱεοῦ
689 5668 752 5732 et
774 5656 1009 5732 ὄδεπαρ.

652 5729 761 5799 (Η)
786 5729 1088 5800 Διαροῗτοίς
1124 5750 1195 5788 σε
1221 5736 1416 5804 τίμων.
1448 5732 1745 5805 Depravatc
1776 5758 1787 5805 ς
1825 5739 1917 5794 sed
1963 5738 2135 5797 facilis

2253 4546 2352 4598 ὅτι·
2375 4544 2537 4612 Παρὰ
2552 4544 2650 4598 σοι
2682 4542 2843 4613 πηγὴ
2874 4541 3043 4611 ζωῆς,
3060 4542 3130 4594 ἐν
3155 4538 3235 4606 τῷ
3248 4542 3397 4611 φωτί
3420 4558 3535 4595 σου
3564 4542 3829 4612 ὀψόμεθα

2253 4634 2396 4704 φῶς.
2427 4636 2522 4699 Τίς
2554 4636 2661 4708 γὰρ
2688 4631 2756 4706 ἦν
2792 4637 2826 4706 ἡ
2880 4633 3029 4703 παρὰ
3057 4633 3134 4704 τῷ
3177 4631 3297 4704 Θεῷ
3332 4632 3484 4705 πηγὴ
3514 4635 3614 4706 τῆς
3662 4636 3824 4707 ζωῆς,

2250 4723 2341 4775 καὶ
2368 4721 2428 4775 τὸ
2480 4723 2616 4792 φῶς,
2649 4724 2682 4794 ἢ
2720 4723 2881 4786 αὐτὸς
2914 4723 2943 4774 6
2974 4724 3033 4775 ὲν
3064 4721 3414 4790 Εὐαγγελίοις
3460 4723 3650 4788 εἰπὼν,
3689 4724 3827 4796 Ἐγώ

2247 4812 2591 4882 εἰμιτδὸερῶς
2634 4814 2740 4868 τοῦ
2787 4814 3050 4882 κόσμου·
3096 4814 3207 4867 καί·
3251 4813 3396 4884 Ἐγώ
3433 4817 3550 4885 εἰμι
3597 4817 3636 4885 ἠ
3686 4817 3824 4885 ὁδὸς

1802 5043 1849 5114 ³-⁸
1879 5042 1895 5094 l
1928 5043 2053 5097 Cor.
2081 5059 2118 5109 ι,

2328 5048 2590 5103 "Thren.
2630 5064 2718 5114 tv,
2768 5049 2858 5104 20.
2934 5050 2977 5082 "
3008 5048 3197 5107 Matth.
3250 5063 3367 5114 ιιι,
3423 5045 3512 5101 18.
3599 5046 3643 5078 ’⁸
3673 5043 3813 5100 Psal.

580 5120 747 5170 xxxv,
787 5104 873 5159 10.
949 5108 992 5138 ³⁸
1019 5104 1172 5161 Joan.
1204 5123 1322 5170 vm,
1348 5107 1448 5173 12;
1485 5121 1561 5172 ts,
1599 5109 1654 5165 5.
1730 5110 1773 5142 ³³
1809 5110 1964 5166 Joan.
1994 5104 2115 5180 xw,
2142 5115 2195 5174 6.

2250 5324 2536 5389 correctio,
2572 5325 2792 5395 ἐτίμων.
2829 5323 2898 5379 Μ.

2321 5394 2431 5467 (45)
2460 5395 2622 5467 Vulgo
2654 5393 2751 5464 τῆς
2773 5398 2823 5467 ρ.
2853 5393 3038 5448 αὑτοῦ.

2318 5461 2428 5533 (46)
2483 5461 3001 5519 Ἐπαναζπιιύσεται
3026 5466 3119 5518 ἐπ’
3149 5465 3352 5517 αὐτόν.
3397 5464 3551 5531 Aputl
3579 5461 3815 5533 Prophe-

2251 5546 2354 5587 tam
2410 5536 2623 5602 legitur,
2673 5536 3083 5589 ἀναπαύσεται
3135 5534 3226 5587 ἐπ’
3256 5534 3810 5598 notoriam—Mox

2246 5605 2403 5670 vulgo
2432 5604 2588 5687 λόγον
2614 5605 2747 5658 Θεὸν
2775 5617 2828 5659 et
2856 5604 3043 5658 ἄλλοτε
3078 5605 3150 5687 δὲ.⁸
3167 5623 3259 5729 χὲἶ
3288 5618 3336 5658 et
3361 5605 3637 5690 ἐπ’,αὑτιῖκ

2313 5676 2421 5729 (i7)
2453 5677 2613 5729 \“ulco
2641 5676 2890 5729 ὠνόμασε
2921 5688 2968 5729 et
2999 5677 3057 5729 ἐν
3084 5693 3162 5729 τω
3239 5675 3507 5729 υαγγελιω
3538 5693 3637 5728 sim

3239 5694 3266 5729 υ

2313 5676 2421 5745 (17)
2453 5676 2613 5746 Vulgo
2641 5676 2890 5745 ὠνόμασε
2921 5688 2968 5733 et
2999 5677 3057 5729 ἐν
3084 5675 3507 5748 τῷΕὐαγγελξω
3538 5675 3728 5729 εἰπών.
