4068 6316
212 390 322 446 893

1173 387 1263 441 DE
1303 386 1844 443 ECCLESIASTICA
1896 388 2296 444 THEOLOGIA
2338 389 2469 447 LIB.
2507 389 2549 445 1.

3379 393 3485 450 896

207 500 343 563 τοῦ,
374 492 465 567 οἷς
490 500 839 568 ἐθέλησενέ
857 499 1002 567 Θεὸς
1032 502 1340 569 γνωρίσαι,
1373 500 1514 566 τίςό
1534 500 1786 566 πλοῦτος

1900 519 2029 573 quos
2072 502 2232 557 soluit
2290 502 2429 556 Deus
2485 518 2815 571 cognoscere,
2856 519 3102 573 quantm;
3144 506 3249 559 sint
3281 505 3486 561 divitia

206 588 321 657 τῆς
337 589 521 667 δόξῃς
535 591 643 647 τοῦ
646 593 984 662 μυστηρίου
999 592 1213 646 τούτου
1227 592 1298 645 ἐν
1310 590 1435 656 τοῖς
1448 592 1711 650 ἔθνεσιν,
1731 590 1797 657 ὅς

203 683 339 735 ἐστι
357 683 609 752 Χριστὸς
621 684 690 737 έν
702 683 864 754 ὑμῖν,
884 684 922 751 ἡ
938 684 1115 749 ἐλπὶς
1124 682 1236 753 τῆς
1249 681 1455 750 δόξης.
1472 683 1635 753 Ὀρᾷς
1650 683 1799 746 ὅπως

209 775 511 847 μυστήριον
552 770 622 846 ἦν
676 775 1171 848 ἀποκεκρυμμένον
1236 775 1520 847 πρότερον,
1581 773 1699 827 νυνὶ
1740 774 1796 827 δὲ

205 866 545 937 φανερωθδν,
574 869 603 921 ό
636 867 762 930 Υἱὸς
787 868 882 921 τοῦ
910 868 1066 923 Θεοῦ.
1095 868 1295 940 Διόπερ
1325 868 1375 920 οἱ
1411 869 1509 939 μὲν
1542 866 1634 920 τοῦ
1658 865 1795 919 Θεοῦ

204 959 484 1029 προφῆται
521 958 599 1031 τῷ
638 960 961 1033 προφητικῷ
1006 960 1280 1031 πνεύματι
1317 959 1592 1032 μυστικῶς
1632 959 1795 1013 αὑτὸν

203 1054 541 1122 ἆθεολόγουν.
586 1054 660 1108 Τό
690 1054 746 1110 δὲ
791 1054 995 1126 πλῆθος
1040 1054 1135 1108 τοῦ
1179 1053 1446 1109 Ἰουδαίων
1497 1052 1684 1117 ἔθνους
1736 1055 1794 1107 έν

202 1146 402 1216 ἀγνοίᾳ
434 1146 699 1219 ἐτύγχανε
740 1147 835 1201 τοῦ
884 1147 1266 1219 κεκρυμμένου
1317 1147 1636 1219 μυστηρίου⁸
1671 1144 1792 1198 ὅθεν

200 1237 338 1291 Θεὸν
381 1238 480 1309 μὲν
509 1238 817 1294 ὲδιδάσκετο
845 1240 941 1293 ενα
984 1239 1203 1305 είιδέναι,
1231 1239 1321 1293 sta
1345 1238 1405 1293 τὸ
1442 1241 1508 1310 τῇ
1543 1238 1793 1309 πολυθέῳ

199 1330 384 1404 πλάνῃ
418 1331 656 1403 συνεχῶς
691 1331 1090 1404 ὑποσύρεσθαι·
1148 1332 1369 1403 Πατέρα
1412 1332 1469 1385 δὲ
1516 1331 1647 1385 ὸντα
1698 1330 1791 1384 τόν

197 1423 337 1478 Θεὸν
367 1423 495 1477 Υίοῦ
519 1424 613 1477 τοῦ
640 1423 977 1493 Μονογενοῦς
1010 1424 1215 1495 ἠγνόει⁸
1240 1424 1399 1477 τοῦτο
1426 1423 1534 1495 γὰρ
1562 1422 1792 1491 ἐφυλάτ-

195 1532 325 1570 τετο
382 1518 447 1586 τῇ
527 1516 587 1582 ἐξ
616 1515 784 1570 ἐθνῶν
825 1516 1120 1587 Ἐκκλησία
1165 1516 1228 1567 τὸ
1285 1516 1605 1586 μυστήριον,
1668 1513 1789 1567 κατ’

194 1607 479 1680 ἑξαίρετον
534 1608 691 1680 χάριν
738 1609 875 1680 αὐτῇ
923 1607 1317 1679 δεδωρημένον.
1364 1606 1449 1660 Ἐν
1476 1606 1626 1677 αύτῷ
1681 1608 1791 1678 γάρ

194 1698 328 1762 εισι,
361 1695 498 1750 κατά
541 1696 632 1751 τὸν
670 1696 1009 1763 ’Λπόστολον,
1042 1697 1245 1760 πάντες
1286 1697 1335 1749 oi
1379 1694 1642 1767 θησαυροὶ
1688 1700 1788 1768 τῆς

1900 597 2137 665 mysterii
2162 597 2317 649 istius
2346 596 2400 648 iu
2424 596 2689 665 gentibus,
2720 594 2812 663 qui
2852 605 2927 649 est
2964 594 3209 651 Christus
3237 597 3291 649 in
3318 598 3483 660 vobis,

1898 705 2015 758 spes
2052 690 2238 759 gloriw
2260 689 2376 758 ejus
2406 689 2471 741 ".
2514 685 2677 742 Vides
2722 698 2782 743 ut
2806 672 3186 743 absconditum
3228 689 3333 744 hoc
3360 703 3484 760 my-

1896 782 2125 838 sterium
2166 782 2344 836 fuerat
2378 782 2526 851 prius
2556 821 2572 848 ,
2606 796 2751 836 nunc
2786 788 2966 835 autem
2994 779 3296 835 revelatum
3332 800 3346 835 :
3390 780 3483 834 Fi-

1895 875 2001 929 lius
2038 873 2154 929 Dei.
2211 873 2551 942 Quapropter
2604 874 2885 943 prophetae
2938 872 3031 927 Dei
3084 872 3374 944 mysticum
3426 875 3481 929 iu

1896 969 2117 1022 modum
2179 966 2501 1037 prophetico
2550 963 2760 1035 Spiritu
2808 980 2932 1021 eum
2991 965 3356 1031 deiﬁcarunt;
3385 963 3484 1021 Ju-

1892 1061 2136 1118 dmorum
2184 1070 2365 1115 autem
2387 1058 2565 1114 omnis
2594 1058 2889 1114 multitudo
2910 1059 2966 1113 in
2990 1058 3295 1129 ignorantia
3322 1058 3483 1114 istius

1895 1152 2143 1227 mysterii
2194 1152 2586 1225 persistebant.
2648 1151 2818 1206 Deum
2856 1150 3075 1221 quidem
3106 1165 3276 1205 unum
3309 1165 3480 1221 agno-

1892 1262 2045 1302 scere.
2074 1245 2275 1311 edocti,
2299 1260 2365 1299 eo
2397 1244 2542 1315 quod
2600 1242 2654 1298 in
2693 1257 2915 1298 errores
2945 1243 3012 1297 de
3050 1242 3276 1296 deorum
3334 1242 3479 1297 mul-

1895 1337 2127 1391 titudine
2156 1336 2352 1405 saepius
2376 1333 2873 1390 abstrahebantur:
2904 1331 3122 1389 Patrem
3151 1347 3282 1387 vero
3306 1332 3478 1387 Deum

1891 1426 2154 1495 unigeniti
2186 1426 2270 1481 sui
2295 1424 2414 1480 Filii
2449 1425 2798 1494 ignorabant.
2850 1423 2987 1480 Nam
3028 1424 3133 1481 hoc
3183 1425 3251 1479 de
3296 1425 3477 1494 genti-

1892 1518 1997 1573 bus
2045 1516 2307 1573 Ecclesiae
2353 1517 2741 1572 reservabatur
2789 1515 3111 1587 mysterium
3140 1554 3156 1579 ,
3216 1526 3475 1585 tauquam

1894 1607 2075 1678 gratia
2112 1606 2360 1677 quadam
2395 1605 2696 1669 excellens,
2723 1606 2825 1675 ipsi
2857 1605 3243 1676 impertienda.
3297 1612 3357 1668 ὼ
3414 1602 3473 1658 in

1893 1702 2009 1768 ipso
2039 1697 2186 1754 enim
2221 1708 2370 1765 sunt,
2408 1699 2552 1767 quod
2569 1697 2863 1768 Apostolus
2891 1697 3151 1754 observat
3178 1696 3249 1763 ⁸³,
3281 1710 3480 1751 omnes

195 1788 394 1858 σοφίας
446 1789 541 1842 καὶ
569 1789 825 1857 γνώσεως
857 1790 1185 1861 ἀπόκρυφοι.
1231 1789 1389 1843 ’Λλλά
1424 1789 1534 1861 γὰρ
1584 1790 1673 1844 διὰ
1700 1808 1786 1844 το-

1894 1793 2138 1848 thesauri
2164 1789 2470 1847 absconditi
2492 1790 2845 1859 cognitionis.
2905 1787 3197 1844 Enimvero
3234 1796 3314 1841 tot
3359 1787 3476 1854 jam

195 1880 404 1934 σούτων
424 1883 453 1936 ό
476 1880 571 1935 τοῦ
601 1880 735 1935 Θεοῦ
785 1884 975 1950 Λόγος,
1070 1858 1128 1935 έν
1155 1884 1300 1955 ἀρχῇ
1340 1884 1476 1955 πρὸς
1502 1858 1608 1937 *τὸν
1630 1882 1784 1946 Θεὸν,

1891 1885 2244 1951 testimoniis,
2276 1883 2372 1939 Dei
2402 1882 2534 1938 illud
2576 1881 2812 1938 Verbum
2839 1880 2982 1952 quod
3037 1880 3091 1934 in
3144 1879 3302 1934 initio
3352 1887 3478 1934 erat

190 1970 259 2023 οὐ
313 1970 472 2041 μόνον
515 1971 685 2039 Λόγος
732 1970 1089 2041 κεκλημένος,
1128 1972 1203 2035 ὡς
1238 1972 1558 2043 Μάρκελλος
1589 1970 1784 2035 οἴεται,

188 2060 507 2131 ἀπεδείχθη,
544 2062 681 2115 ἀλλὰ
714 2064 807 2115 καὶ
840 2062 985 2125 Υίὸς,
1018 2064 1113 2116 καὶ
1140 2064 1473 2134 Μονογενὴς,
1508 2064 1601 2117 καὶ
1648 2063 1782 2133 φῶς,

189 2152 289 2204 καὶ
321 2152 503 2220 ἄρτος,
536 2151 876 2222 καὶΊησοῦς,
905 2154 999 2205 καὶ
1024 2155 1279 2222 Χριστὸς,
1311 2156 1407 2208 καὶ
1435 2155 1659 2227 Κύριος,
1692 2156 1787 2209 καὶ

187 2244 500 2315 ἀρχιερεὺς,
527 2246 621 2298 καὶ
644 2246 1005 2318 ἀπαύγασμα,
1030 2246 1125 2300 καὶ
1146 2248 1458 2320 χαρακτὴρ,
1482 2249 1577 2302 καὶ
1598 2247 1782 2325 εἰκὼν,

186 2334 287 2387 καὶ
314 2334 665 2403 Πρωτότοκος
704 2338 886 2410 πάσης
919 2340 1171 2405 κτίσεως,
1201 2341 1297 2395 καὶ
1331 2342 1482 2415 πηγὴ
1503 2341 1666 2415 ζωῆς,
1693 2343 1787 2397 καὶ

188 2424 445 2496 ἀλήθεια,
473 2428 567 2480 καὶ
594 2430 857 2500 ποταμὸς,
907 2431 1004 2485 καὶ
1035 2432 1371 2506 δικαιοσύνη,
1408 2436 1503 2488 καὶ
1530 2435 1681 2506 ἥλιος
1710 2437 1788 2489 δι-

185 2518 509 2589 καιοσύνης,
558 2521 653 2573 καὶ
694 2522 877 2590 σοφία,
909 2523 1005 2577 καὶ
1035 2523 1191 2590 ξύλον
1233 2526 1396 2597 ζωῆς,
1433 2528 1526 2581 καὶ
1559 2527 1783 2597 Κύριος,

188 2609 285 2662 καὶ
314 2608 467 2672 Θεὸς,
506 2610 599 2664 καὶ
650 2612 978 2683 Ἀγαπητὸς,
1016 2616 1110 2666 καὶ
1144 2617 1341 2686 ἱερεὺς,
1388 2617 1485 2670 καὶ
1522 2615 1782 2689 βραχίων,

190 2698 308 2769 (55)
356 2700 450 2753 καὶ
490 2704 773 2774 σωτήρων,
814 2706 909 2758 καὶ
942 2706 1117 2760 πάντα
1150 2706 1343 2773 ταῦτα,
1414 2707 1488 2761 ὢν
1518 2709 1611 2763 καὶ
1653 2725 1787 2781 προ-

187 2794 458 2865 ῦπάρχων
487 2795 589 2864 τῆς
613 2796 834 2866 σαρκὸς,
856 2798 1187 2869 ὠνομάζετο⁸
1218 2801 1293 2864 ὡς
1309 2804 1365 2855 αἱ
1396 2803 1784 2874 παρατεθεῖσαι

186 2887 407 2958 Γραφαὶ
452 2887 807 2957 δεδηλώκασι.
858 2890 977 2945 Τίνι
1000 2891 1180 2945 τοίνυν
1209 2893 1375 2963 λόγῳ,
1399 2895 1573 2948 ταῦτα
1605 2896 1787 2950 πάντα

186 2981 390 3051 παρεὶς
423 2980 760 3051 Μάρκελλος,
785 2983 876 3035 ἐπὶ
913 2982 1073 3053 μόνου
1108 2985 1202 3038 τοῦ
1230 2986 1405 3055 Λόγου
1431 2987 1672 3053 locarat;
1721 2988 1783 3041 ού

184 3066 480 3121 διαδαίνων
517 3070 615 3139 μὲν
649 3070 741 3123 καὶ
782 3071 877 3124 ἐπὶ
910 3070 1008 3135 τάς
1036 3072 1229 3138 λοιπὰς
1254 3076 1592 3147 ἐπωνυμίας,
1624 3078 1784 3149 μόνον

1888 1972 2032 2040 apud
2062 1970 2255 2034 Deum,
2282 1988 2391 2028 nou
2432 1972 2594 2027 modo
2639 1970 2780 2040 quod
2837 1969 3122 2025 Marcellus
3174 1969 3477 2038 epinatur,

1890 2065 2125 2120 Verbum
2145 2065 2350 2119 dictum
2375 2074 2481 2127 est.
2517 2068 2612 2125 sed
2643 2074 2699 2119 et
2724 2063 2914 2130 Filius,
2948 2073 3003 2119 et
3039 2061 3384 2133 Unigenitus,
3416 2071 3477 2116 et

1888 2158 2077 2223 lus,et
2104 2158 2280 2229 panis,
2310 2167 2367 2214 et
2395 2155 2577 2224 Jesus,
2604 2167 2661 2213 et
2683 2156 2955 2222 Christus,
2988 2164 3044 2212 et
3082 2154 3369 2217 Dominus,
3417 2162 3475 2207 et

1886 2250 2156 2315 Pontifex,
2206 2260 2260 2305 et
2296 2252 2574 2319 splendor,
2604 2260 2658 2306 et
2701 2250 3009 2313 character,
3057 2256 3113 2302 et
3163 2246 3366 2318 imago,
3418 2256 3477 2299 et

1888 2343 2291 2414 Primogenitus
2333 2343 2511 2398 omnis
2549 2352 2852 2398 creaturae:
2893 2350 2949 2395 et
2981 2339 3104 2395 fons
3127 2339 3273 2403 vitas,
3309 2346 3363 2393 et
3388 2352 3475 2391 ve-

1888 2439 2041 2500 ritas,
2066 2436 2363 2503 etﬂumen,
2408 2445 2465 2491 et
2492 2435 2731 2507 iustitia,
2762 2445 2817 2491 et
2867 2434 2951 2492 sol
3004 2433 3249 2503 iustitiae,
3288 2443 3347 2488 et
3389 2446 3476 2487 sa-

1888 2531 2114 2599 pientia,
2139 2541 2195 2585 et
2221 2531 2428 2600 lignum
2451 2530 2598 2598 vitaz,
2634 2540 2690 2585 et
2718 2528 3000 2595 Dominus,
3028 2536 3086 2584 et
3123 2527 3288 2589 Deus,
3312 2533 3368 2580 et
3390 2523 3475 2579 di-

1886 2620 2079 2684 lectus,
2111 2629 2165 2675 et
2194 2618 2485 2681 Sacerdos,
2522 2629 2578 2674 et
2616 2619 2927 2685 brachium,
2960 2627 3015 2674 et
3063 2616 3306 2673 salutare
3347 2637 3358 2670 :
3415 2624 3473 2671 et

1885 2712 2039 2768 hisce
2067 2712 2287 2781 quidem
2312 2711 2566 2766 omnibus
2584 2710 2961 2781 appellabatur
2986 2708 3321 2773 nominibus,
3346 2722 3470 2761 cum

1885 2806 2199 2871 exsisteret,
2222 2813 2271 2859 et
2308 2802 2711 2875 prmexsisteret
2744 2811 2868 2857 ante
2899 2817 3123 2857 carnem
3152 2806 3424 2868 sumptam
3451 2812 3469 2854 :

1886 2906 1945 2950 ut
1966 2912 1996 2951 e
2017 2897 2242 2965 prolatis
2264 2897 2354 2952 hic
2389 2896 2694 2966 Scripturis
2721 2904 3002 2950 ostensum
3031 2901 3137 2950 est.
3172 2891 3305 2960 Quae
3327 2892 3471 2945 ratio

1884 2985 2198 3040 Marcellum
2228 2986 2321 3041 hic
2353 2987 2668 3050 commovit,
2700 2994 2757 3038 ut
2783 2985 2900 3039 istis
2945 2983 3219 3038 universis
3243 2988 3471 3051 praeter-

1885 3078 2088 3142 missis,
2120 3078 2174 3133 in
2205 3076 2321 3133 solo
2344 3077 2523 3131 Verbo
2554 3075 2858 3132 resideret?
2894 3074 3081 3144 Neque
3104 3073 3254 3129 enim
3289 3082 3472 3125 trans-

183 3159 247 3212 δὲ
299 3160 474 3229 Λόγον
520 3163 681 3215 αὑτὸν
734 3159 874 3216 εἶναι
911 3166 1137 3233 φάσκων
1172 3167 1265 3220 τοῦ
1293 3167 1450 3221 Θεοῦ’
1482 3171 1574 3222 καὶ
1625 3170 1782 3240 λόγον

1888 3170 1986 3224 ivit
2014 3171 2080 3223 ad
2134 3178 2364 3225 ceteras
2414 3166 2878 3232 nomenclaturas,
2916 3163 3260 3220 solummodo
3316 3161 3468 3215 illum

190 3254 553 3323 σημαντικὸν,
599 3255 726 3308 ποτὲ
763 3255 863 3325 μὲν
892 3256 1232 3327 ἡσυχάζοντα
1268 3261 1325 3312 έν
1350 3259 1426 3331 τῷ
1459 3261 1599 3333 Θεῷ,
1652 3264 1782 3317 ποτὲ

1888 3262 1981 3317 Dei
2015 3261 2251 3317 Verbum
2280 3276 2400 3318 esse
2428 3260 2657 3327 statuit;
2693 3269 2747 3313 et
2782 3259 3009 3313 verbum
3036 3255 3257 3326 quidem
3295 3253 3471 3323 signi-

187 3343 249 3396 δὲ
278 3344 531 3415 ἐνεργείᾳ
576 3347 712 3420 μόνῃ
747 3347 1011 3402 λαλοῦντα
1051 3350 1085 3420 ἢ
1122 3351 1462 3422 πράττοντα;
1497 3350 1681 3408 Ἥδιά
1722 3355 1783 3408 τὸ

187 3435 572 3501 Σαδελλιάζειν
605 3438 885 3511 ἄντικρυς,
918 3443 1013 3496 καὶ
1037 3442 1112 3515 μὴ
1141 3446 1417 3499 πιστεύειν
1444 3449 1523 3513 εἰς
1549 3450 1639 3502 τὸν
1655 3450 1783 3504 Υίὸν

185 3526 284 3581 τοῦ
310 3528 467 3594 Θεοῦ,
505 3531 637 3600 μηδὲ
659 3532 945 3603 γνωρίζειν
978 3534 1038 3587 τὸ
1066 3538 1363 3607 μυστήριον
1400 3538 1462 3591 τὸ
1497 3541 1783 3612 προϋπάρ-

188 3637 287 3688 χον
321 3620 419 3691 μὲν
456 3622 643 3686 πάλαι,
705 3624 842 3696 μόνῃ
879 3625 937 3679 δὲ
987 3629 1054 3697 τῇ
1089 3617 1386 3701 Ἐκκλησία
1421 3629 1516 3683 τοῦ
1546 3632 1780 3702 Χριστοῦ

188 3712 283 3765 ἱιά
335 3713 435 3785 τῆς
486 3716 651 3770 αὐτοῦ
685 3718 998 3790 φανερωθὲν
1032 3719 1272 3789 χάριτος.
1317 3723 1381 3775 Ei
1413 3723 1469 3776 δὲ
1506 3724 1651 3792 λέγοι
1684 3744 1785 3796 μυ-

192 3806 414 3877 στήριον
469 3802 607 3861 εἶναι
656 3810 1035 3881 ἀγνοούμενον,
1087 3812 1148 3865 τὸ
1328 3814 1499 3884 Λόγον
1547 3814 1690 3885 ἔχειν
1725 3820 1783 3871 ἐν

193 3899 373 3969 ἑαυτῷ
401 3900 491 3953 τὸν
516 3900 669 3964 Θεὸν,
697 3902 996 3975 κεχρῆσθαι
1013 3904 1175 3975 λόγῳ,
1191 3906 1349 3960 τοῦτο
1374 3906 1481 3979 γὰρ
1498 3909 1646 3980 αὐτῷ
1663 3911 1786 3965 Μα-

195 3990 411 4062 ρκέλλῳ
442 3992 588 4047 δοκεῖ
610 3993 747 4062 (57),
794 3993 983 4047 τοῦτον
1007 3996 1269 4067 γράφοντι
1294 3997 1384 4051 τὸν
1405 3999 1625 4070 τρόπον’
1661 4021 1679 4053 ι
1717 4003 1781 4055 Τί

198 4099 222 4132 ε
258 4083 367 4154 γὰρ
398 4084 583 4155 ἓτερον
630 4081 700 4157 ἦν
739 4087 1233 4158 ἀποκεκρυμμένον
1270 4094 1600 4165 μυστήριον,
1642 4097 1781 4149 κατά

1884 3354 2187 3418 ficativum,
2217 3352 2490 3407 interdum
2520 3350 2575 3405 in
2598 3352 2708 3405 Deo
2738 3350 3159 3419 conquiescens,
3194 3346 3468 3401 interdum

1882 3462 1942 3501 re
1972 3455 2026 3501 et
2062 3460 2159 3501 ore
2188 3445 2484 3516 prolatum,
2512 3442 2598 3498 vel
2632 3443 2801 3499 etiam
2843 3455 3100 3512 operans.
3128 3437 3292 3495 Certe
3335 3452 3470 3508 pro-

1880 3547 2064 3606 pterea
2096 3536 2240 3608 quod
2272 3534 2746 3598 Sabellianizaret,
2784 3533 2960 3588 necin
2991 3532 3084 3587 Dei
3113 3529 3308 3585 Filium
3344 3544 3471 3584 cre-

1881 3626 2060 3692 deret,
2109 3640 2209 3682 nec
2239 3628 2559 3696 agnosceret
2590 3624 2909 3697 mysterium
2964 3622 3117 3687 illud,
3152 3622 3296 3692 quod
3353 3621 3471 3691 qui-

1881 3719 2004 3774 dem
2034 3719 2447 3789 pmexsistebat
2480 3717 2607 3774 olim
2660 3734 2675 3771 :
2737 3725 2793 3771 at
2826 3716 2924 3771 soli
2957 3714 3161 3771 Christi
3211 3713 3471 3770 Ecclesiae

1882 3827 1978 3883 per
2012 3811 2183 3882 ipsius
2212 3811 2441 3881 gratiam
2476 3809 2779 3864 revelatum
2804 3818 2908 3863 est.
2934 3807 3086 3874 Quod
3114 3807 3157 3861 si
3181 3806 3326 3860 dicat
3354 3820 3471 3877 my-

1882 3905 2108 3958 sterium
2138 3903 2269 3958 illud
2297 3903 2632 3973 incognitum
2667 3916 2810 3968 esse,
2848 3902 3013 3956 Deum
3046 3914 3169 3953 cum
3192 3899 3245 3953 in
3274 3912 3333 3953 se
3364 3897 3468 3951 ha-

1882 3996 2036 4051 beret
2070 3994 2336 4059 Verbum,
2367 3994 2533 4049 verbo
2565 3992 2658 4051 illo
2691 4008 2874 4059 usum,
2900 3992 3002 4046 hoc
3027 3990 3297 4059 siquidem
3324 3987 3471 4041 Mar-

1882 4089 2021 4143 celio
2051 4087 2266 4141 videtur
2309 4088 2383 4141 ita
2436 4101 2579 4150 esse,
2611 4099 2734 4141 cum
2762 4086 2844 4139 sic
2875 4084 3160 4154 scripserit
3192 4102 3206 4136 :
3248 4101 3267 4134 ι
3327 4080 3468 4149 Quid

200 4192 223 4223 ‹
252 4174 344 4227 τὸν
372 4175 540 4244 Λόγον
562 4194 576 4241 ;
603 4177 776 4242 οὕτως
802 4178 859 4232 δὲ
886 4176 955 4252 ἦν
979 4182 1473 4253 ἀποκεκρυμμένον
1498 4187 1555 4239 ὲν
1567 4186 1645 4256 τῷ
1663 4186 1783 4258 Θεῷ

1888 4198 1910 4232 ί
1944 4179 2090 4233 aliud
2123 4177 2303 4232 fuerat
2332 4177 2652 4250 mysterium
2694 4176 2828 4232 illud
2868 4175 3275 4238 absconditum,
3300 4188 3466 4243 quam

199 4282 221 4315 ε
254 4264 411 4317 τοῦτο
463 4265 729 4338 πρότερον
782 4268 842 4322 τὸ
880 4272 1199 4343 μυστήριον,
1242 4271 1383 4325 ὥστε
1427 4275 1631 4346 μηδένα
1685 4277 1779 4330 τοῦ

1890 4289 1909 4323 ι
1938 4269 2178 4325 Verbum
2205 4269 2230 4323 ἲ
2256 4269 2334 4323 Ita
2369 4278 2549 4323 autem
2578 4270 2630 4323 in
2655 4269 2763 4323 Deo
2780 4267 2933 4332 olim,
2954 4278 3075 4322 erat
3100 4267 3204 4321 hoc
3232 4266 3466 4319 ιὺεοοιι-

198 4374 219 4408 ι
255 4357 521 4428 προτέρου
541 4357 672 4411 λαοῦ
713 4360 898 4430 σαφῶς
922 4362 991 4414 τά
1007 4363 1149 4417 κατὰ
1175 4364 1264 4417 τὸν
1290 4364 1461 4433 Λόγον
1492 4366 1709 4421 εἰδέναι·
1758 4387 1776 4421 ι

1888 4379 1907 4415 ι
1939 4361 2111 4415 ditum
2163 4360 2507 4431 mysterium;
2555 4368 2614 4413 ut
2664 4374 2822 4413 nemo
2852 4357 2993 4429 apud
3040 4356 3282 4427 priorem
3312 4354 3464 4409 illum

192 4450 245 4501 εἰ
270 4448 334 4520 δὴ
354 4445 446 4503 οὖν
474 4450 631 4504 τοῦτο
667 4451 837 4520 λέγοι,
876 4454 1213 4523 μανθανέτω,
1259 4456 1340 4509 ὅτι
1370 4457 1463 4510 καὶ
1495 4459 1603 4521 πᾶς
1648 4459 1780 4511 Ἰου-

1889 4472 1908 4507 ι
1942 4453 2199 4524 populum
2236 4451 2567 4523 intelligeret
2630 4450 2795 4517 clare,
2848 4465 2970 4519 qua:
3021 4447 3342 4516 spectabant
3397 4448 3464 4499 ad

189 4539 359 4595 δαίων
400 4542 524 4595 τῶν*
557 4543 650 4595 τὸν
695 4544 929 4615 Χριστὸν
967 4544 1062 4599 τοῦ
1098 4546 1233 4600 Θεοῦ
1282 4548 1357 4620 μὴ
1391 4551 1781 4619 ὲπεγνωκότων

1892 4563 1911 4597 ι
1951 4542 2211 4598 Verbum.
2246 4562 2265 4596 ο
2301 4541 2359 4597 Si
2390 4547 2492 4597 hoc
2520 4541 2784 4611 posuerit,
2818 4542 2995 4594 discat
3038 4542 3273 4609 Opertet,
3320 4537 3465 4608 quod

189 4633 578 4705 ὁμολογήσειεν
618 4633 685 4688 ἀν
716 4636 808 4689 τὸν
858 4637 1028 4706 Λόγον
1084 4638 1227 4707 ἔχειν
1269 4640 1360 4691 τὸν
1403 4640 1559 4708 Θεὸν,
1582 4644 1675 4695 καὶ⁵
1706 4644 1780 4720 pii]

1888 4638 2194 4695 Judworum
2220 4636 2465 4707 quilibet,
2495 4636 2586 4704 qui
2615 4635 2895 4691 Christum
2921 4632 3015 4687 Dei
3049 4648 3157 4687 non
3180 4639 3465 4701 agnoscat,

191 4723 337 4780 εἶναι
364 4728 573 4796 ἄλογον.
594 4728 765 4783 Τοῦτο
801 4730 857 4783 δὲ
888 4732 982 4784 καὶ
1008 4731 1295 4795 Σαὸέλλιος
1323 4734 1505 4798 αὐτὸς,
1547 4736 1641 4789 καὶ
1672 4740 1781 4801 πᾶς

1888 4732 2122 4786 Verbum
2155 4740 2338 4784 tanien
2383 4727 2585 4782 habere
2634 4727 2804 4781 Deum
2850 4724 3205 4780 conﬁtebitur
3236 4760 3251 4785 ,
3295 4738 3469 4792 neque

194 4817 402 4887 Ἕλλην
447 4836 506 4871 τε
539 4821 633 4873 καὶ
674 4820 966 4892 βάρόαρος,
1002 4823 1031 4874 ό
1060 4824 1191 4875 Θεὸν
1222 4818 1362 4877 εἶναι
1389 4826 1778 4897 ὑφιστάμενος,

1888 4839 2003 4879 esse
2050 4824 2200 4877 illum
2259 4821 2499 4893 alogum.
2538 4820 2651 4876 Hoc
2717 4821 2951 4890 ipsemet
3006 4817 3321 4872 Sabellius:
3362 4815 3469 4871 hoc

193 4910 613 4979 ἀναμφιλέκτως
635 4914 875 4983 φήσειεν·
905 4916 1057 4985 ’Ἅμα
1085 4913 1195 4987 γάρ
1213 4915 1291 4986 τῷ
1314 4916 1444 4971 Θεὸν
1474 4920 1668 4983 είπέῖν,
1684 4921 1781 4973 καὶ

1888 4917 2137 4969 ethnicus
2165 4914 2344 4983 quivis
2380 4913 2640 4967 fatebitur
2670 4931 2684 4967 :
2731 4912 2834 4966 hoc
2861 4910 3149 4971 barbarus,
3172 4908 3265 4977 qui
3298 4908 3467 4961 Deum

195 5001 361 5069 σοφὸν
394 5003 555 5055 αὑτὸν
586 5006 714 5067 νοεῖ,
763 5004 857 5058 καὶ
888 5005 1124 5075 λογικὸν,
1160 5008 1253 5060 καὶ
1298 5007 1542 5073 δυνατὸν,
1575 5010 1669 5063 καὶ
1700 5010 1779 5063 δί-

1888 5012 2153 5079 agnoscit,
2180 5010 2297 5064 sine
2317 5010 2573 5079 scrupulo
2604 5007 2974 5064 conﬁtebitur.
3031 5006 3166 5059 Nam
3200 5007 3303 5058 hoc
3350 5006 3470 5073 ipso

194 5110 374 5157 καιον,
405 5094 500 5147 καὶ
542 5094 766 5163 ἀγαθόν.
804 5098 963 5150 Ποῖον
995 5095 1089 5153 οὗν
1130 5102 1430 5173 μυστήριον
1458 5098 1525 5174 ἦν
1573 5106 1777 5159 ἀποκε-

1888 5102 2027 5169 quod
2069 5102 2235 5155 Deum
2262 5099 2647 5163 conﬁteantur,
2683 5100 2983 5169 sapientem
3012 5096 3343 5164 intelligunt,
3375 5108 3467 5145 ra-

192 5178 511 5257 κρυμμένον
538 5186 599 5240 τὸ
644 5190 758 5251 τοῖς
811 5190 976 5242 πᾶσιν
1029 5192 1486 5265 όμολογούμενον;
1526 5198 1622 5260 Τίς
1671 5197 1781 5269 γὰρ

1889 5194 2163 5258 tioualem,
2188 5201 2485 5262 potentem,
2512 5189 2719 5258 justum
2748 5231 2763 5255 ,
2812 5191 3035 5245 bonum.
3082 5187 3149 5241 Et
3194 5184 3467 5255 quodnam

192 5276 295 5328 οὐκ
343 5276 409 5327 ὰν
467 5274 610 5329 εἴποι
664 5278 723 5330 ὲν
768 5277 847 5348 τῷ
902 5278 1020 5349 Θεῷ
1071 5282 1264 5351 σοφίαν
1318 5280 1477 5353 εἶναι,
1536 5287 1630 5340 καὶ
1685 5288 1778 5341 δύ-

1892 5294 2003 5337 tum
2040 5286 2357 5353 mysterium
2415 5286 2517 5338 hoc
2570 5282 2843 5337 occultum
2890 5282 3091 5343 fuerat,
3150 5279 3295 5347 quod
3346 5285 3469 5331 erat

307 5435 365 5491 ,ξ
405 5428 499 5483 Ed.
536 5431 704 5486 Paris.
742 5406 862 5497 pa‘a.
905 5434 1027 5489 too.
1496 5466 1503 5473 ο

303 5502 345 5531 ⁵¹
371 5500 583 5555 Coluss.
622 5521 659 5569 ι,
692 5504 878 5559 25-27.
957 5508 1001 5539 ³³
1033 5506 1242 5563 Coloss.
1285 5526 1346 5572 tt,
1400 5510 1452 5562 3.

267 5614 381 5693 (55)
407 5615 502 5738 Βιρ.
540 5619 632 5670 καὶ
656 5619 969 5692 δικαιοσύνη
994 5624 1150 5677 codd.

271 5684 383 5738 (56)
419 5689 429 5702 ’
464 5688 522 5738 ὸν
560 5693 715 5738 vuin
739 5702 925 5738 contra
946 5694 1067 5738 ιτηιί-

540 5626 969 5700 καὶ-δικαιοσύνη
994 5626 1150 5700 codd.

1888 5631 2077 5700 λέκτῳ,
2115 5642 2167 5681 et
2209 5630 2342 5683 Θεὸν
2380 5632 2569 5687 εἰπεῖν,
2608 5644 2711 5700 ιιοη
2739 5627 2884 5700 Θεῷ.
2910 5628 3053 5682 Μ.-
3079 5626 3197 5700 Mm;
3233 5626 3474 5700 \‘ttlgffv

271 5684 383 5753 (56)
419 5684 522 5739 Τὸν
560 5693 715 5755 vulgo
739 5702 926 5744 contra
946 5684 1068 5746 cod.

419 5695 522 5772 16V
560 5695 715 5772 νξᾞζξ)
739 5695 1068 5772 ρριιιτξυρά.
1114 5764 1123 5772 _
1224 5763 1275 5772 Α
1560 5766 1569 5772 _
1692 5767 1703 5772 _
1881 5695 2263 5769 ἀμφιλέκτως,
2330 5701 2433 5770 Mp.
2482 5695 2896 5770 ἀναμφιλέκτως
2952 5712 3008 5755 et
3054 5699 3113 5751 τὸ
3167 5697 3282 5769 Θεῷ
3313 5695 3470 5769 ,Mp.

270 5756 380 5825 (57)
412 5756 743 5826 Μαρκέλλῳ
768 5761 949 5815 δοκεῖ.
974 5762 1195 5817 Rectius
1219 5763 1415 5827 ἐδόκει,
1447 5766 1652 5825 statim,
1692 5767 1770 5817 le-
1880 5756 2031 5824 eis».

196 5828 427 5899 gendum
459 5828 673 5899 Opinor,
705 5830 738 5901 ἦ
772 5832 829 5885 τὸ
864 5832 1005 5887 κατὰ
1030 5834 1117 5887 τὸν
1148 5834 1324 5903 λόγον,
1366 5853 1505 5897 mox,
1539 5837 1769 5906 ἀναμφιο
