4068 6316
227 368 328 425 θοι
1216 366 1304 425 DE
1341 363 1886 427 ECCLESIASTICA
1918 361 2335 422 TUEOLOGIA.
2366 358 2495 416 LIB.
2538 358 2601 415 ll.
3389 356 3497 413 ΜΞ

227 486 527 541 ὑπόστασιν
552 482 648 540 τοῦ
676 482 807 539 Υἱοῦ
838 487 1018 557 γυμνῇ
1048 488 1115 558 τῇ
1143 485 1373 557 κεφαλῇ,
1398 486 1536 557 πρὸς
1566 485 1667 555 τῆς
1702 484 1803 538 τῶν

1917 479 2049 537 nihil
2079 493 2302 551 prorsus
2346 476 2627 532 exstitisse
2665 483 2865 544 praeter
2896 473 3066 529 Deum
3096 472 3275 529 docet.
3318 470 3497 530 Verba

224 578 503 650 γεννητῶν
531 578 891 650 δημιουργίας
933 577 1100 649 μηδὲν
1144 579 1330 647 ιτερον
1370 573 1508 630 εῖναι
1550 576 1692 647 πλὴν
1714 575 1803 629 τοῦ

1913 586 2092 629 autem
2118 573 2240 643 ejus
2266 572 2384 626 haec
2414 571 2529 638 ipsa
2554 576 2714 623 sunt:
2741 565 2815 639 [Β
2844 564 2979 622 XCII
3007 576 3061 621 et
3096 564 3277 641 XCIII]
3316 585 3337 620 ι
3360 566 3531 624 Con-7

224 670 366 726 Θεοῦ
399 672 562 744 μόνου
599 670 1064 743 ἀποφαινόμενοςο
1108 672 1308 742 γράφει
1343 669 1387 723 δ’
1424 667 1518 724 οῦν
1540 664 1643 724 ὧδε
1674 668 1814 723 κατὰ

222 764 373 831 λέξιν
403 765 568 836 ἰΤὴν
591 764 839 820 δοθεῖσαν
862 765 1012 837 αὐτῷ
1034 763 1191 829 δόξαν
1225 762 1503 836 Ἀστέριος
1516 762 1675 828 δόξαν
1689 764 1812 817 ὀνο-

231 875 254 910 s
297 856 481 929 μάζει,
503 858 596 910 καὶ
622 856 686 909 οὐ
702 855 863 924 δόξαν
886 857 1047 929 μόνον
1063 856 1197 928 (70),
1216 855 1353 911 ἀλλὰ
1368 858 1464 910 καὶ⁵
1478 840 1814 928 προκόσμιον

232 969 252 1003 ι
292 950 468 1018 δόξαν.
485 949 600 1003 Οὐκ
611 949 826 1015 ἐννοῶν,
853 951 958 1014 ὅτι,
986 950 1152 1022 μήπω
1171 949 1265 1003 τοῦ
1279 949 1486 1020 κόσμου
1502 949 1809 1018 γεγονότος,

229 1062 251 1094 s
299 1042 411 1112 (7i)
437 1041 788 1115 ὠδὲνέτερον
828 1038 898 1113 ἦν
919 1040 1058 1113 πλὴν
1072 1040 1208 1095 Θεοῦ
1234 1040 1418 1112 μόνου.
1459 1059 1477 1092 s
1514 1039 1625 1092 Καὶ
1655 1034 1812 1103 αὖθις

221 1135 290 1190 τὸ
326 1135 461 1192 αὐτὸ
493 1135 707 1206 βεϐαιοῖ
738 1136 947 1205 λέγων·
980 1155 999 1187 ι
1035 1135 1279 1206 Οὐρανὸς
1305 1132 1594 1204 καὶγῆκαὶ
1629 1131 1811 1186 πάντα

226 1248 249 1282 s
287 1229 357 1284 τὰ
392 1231 451 1284 εν
480 1229 732 1301 οὐρανοῖς
773 1229 869 1283 καὶ
899 1228 991 1281 tul
1010 1227 1113 1298 τῆς
1134 1227 1238 1299 γῆς
1259 1226 1533 1293 δντα,ὐπδ
1549 1224 1650 1281 τοῦ
1673 1224 1809 1280 Θεοῦ

226 1341 249 1372 s
287 1321 596 1392 γεγένηται.
620 1322 683 1375 Ei
706 1320 887 1375 τοίνυν
911 1319 1072 1374 τοῦτο
1104 1318 1371 1384 πιστεύοι,
1406 1320 1620 1392 ἀνάγκη
1645 1318 1810 1374 αὑτὸν

225 1432 247 1465 s
292 1415 511 1467 κάκεῖνο
555 1412 954 1485 συνομολογεῖν,
1003 1412 1085 1466 ὅτι
1146 1410 1285 1483 πλὴν
1321 1411 1456 1466 Θεοῦ
1500 1412 1655 1467 οὐδὲν
1695 1412 1841 1466 har

228 1521 461 1576 ερον.»

872 1590 1030 1644 ΚΕΦ.
1084 1590 1160 1645 Β’.

334 1683 527 1751 Ὅπως
562 1681 659 1737 καί
677 1680 1013 1743 Ἰουόατζὶον
1040 1681 1113 1753 τῇ
1144 1683 1292 1753 δόξῃ
1312 1683 1699 1755 διελέγχεται.

303 1778 468 1850 Ὁρᾷς
513 1775 763 1829 Ἰουδαῖον
787 1774 900 1844 (72)
929 1775 1208 1846 ἄντικρυς,
1234 1777 1327 1831 τὸν
1374 1779 1652 1852 Μονογενῆ
1679 1778 1809 1834 Υίδν

214 1869 317 1924 τοῦ
348 1867 506 1934 Θεοῦ,
550 1860 702 1922 διὀῦ
748 1866 818 1921 τὰ
858 1868 1037 1921 πάντα
1064 1868 1308 1937 γέγονεν,
1350 1869 1702 1941 ἀρνούμενον.
1741 1872 1805 1926 Εἰ

214 1963 333 2035 γὰρ
359 1961 500 2033 πλὴν
528 1958 667 2015 Θεοῦ
690 1960 841 2015 οὐδὲν
864 1960 1053 2031 ἓτερον
1084 1956 1154 2033 ἦν
1184 1962 1293 2034 πρὸ
1324 1962 1424 2033 τῆς
1463 1962 1559 2015 τοῦ
1597 1964 1803 2035 κόσμου

214 2056 507 2125 γενέσεως,
538 2056 638 2109 οὐκ
684 2050 752 2127 ἦν
802 2056 911 2127 ἄρα
952 2056 981 2109 6
1021 2054 1167 2119 Υίός.
1214 2057 1324 2109 Καὶ
1368 2055 1487 2120 πῶς
1533 2057 1711 2112 πάντα
1737 2058 1804 2111 δι’

213 2146 386 2202 αὐτοῦ
418 2147 631 2215 ἐγένετο
666 2147 760 2200 καὶ
792 2148 962 2218 χωρὶς
995 2146 1160 2201 αὐτοῦ
1191 2148 1408 2217 ἐγένετο
1438 2149 1561 2203 οὐδὲ
1605 2149 1701 2215 tv;
1747 2151 1805 2204 '0

218 2242 323 2311 μὲν
345 2235 439 2294 οὖν
482 2240 751 2304 Ἰουδαῖος,
786 2243 816 2295 6
843 2242 935 2296 τὸν
970 2242 1205 2314 Χριστὸν
1237 2241 1331 2295 τοῦ
1370 2242 1505 2296 Θεοῦ
1539 2243 1806 2316 ἀρνούμε-

214 2349 331 2399 νος,
372 2333 479 2404 πρὸ
513 2333 612 2405 τῆς
654 2332 748 2387 τοῦ
782 2334 988 2405 κόσμου
1024 2334 1291 2403 γενέσεως
1327 2336 1479 2390 οὐδὲν
1510 2331 1622 2390 οῐδε
1664 2336 1806 2409 πλὴν

213 2424 355 2481 Θεοῦ
378 2425 560 2496 μόνου,
581 2425 1100 2498 συμμαρτυροῦντος
1132 2426 1283 2497 αὐτῷ
1314 2427 1637 2499 Μαρκέλλου
1665 2428 1801 2500 (75)’

212 2521 253 2591 ἠ
276 2518 335 2571 δὲ
368 2516 605 2589 Χριστοῦ
622 2517 941 2589 Ἐκκλησία,
973 2518 1073 2571 σὺν
1110 2520 1395 2591 παρρησία
1424 2520 1574 2594 πάσῃ
1603 2521 1805 2592 σεμνύ-

214 2628 372 2664 νεται
401 2610 635 2678 λέγουσα
655 2628 669 2641 ·
704 2610 878 2679 Ἦμῖν
910 2606 1000 2677 εἷς
1041 2611 1186 2679 Θεὸς
1215 2615 1247 2666 ό
1277 2611 1501 2681 Πατὴρ,
1536 2612 1606 2679 ἐξ
1632 2609 1706 2670 οὗ
1732 2612 1805 2669 τὰ

216 2703 449 2757 πάνταυ
484 2702 583 2757 καί
619 2700 705 2769 εἷς
746 2704 963 2771 Κύριος
1008 2704 1247 2772 Ἰησοῦς
1283 2705 1559 2775 Χριστὸς,
1610 2705 1688 2760 δι’
1730 2702 1803 2763 οὗ

216 2795 292 2849 τὰ
320 2793 535 2849 πάντα.
576 2795 744 2848 Ἐπὰν
783 2795 839 2848 δὲ
881 2795 1034 2867 λέγῃ,
1080 2797 1160 2850 Δι’
1184 2792 1257 2853 οὗ
1291 2797 1365 2851 τὰ
1401 2797 1619 2863 πάντα,
1664 2793 1805 2853 οἶδεν

216 2888 382 2942 αὐτὸν
408 2887 515 2959 πρὸ
542 2888 779 2941 πάντων.
820 2888 983 2941 Ὥστε
1014 2889 1120 2960 πρὸ
1162 2890 1265 2960 τῆς
1291 2889 1383 2943 τοῦ
1415 2891 1622 2963 κόσμου
1651 2892 1804 2961 γενέ-

218 2982 402 3044 σεωςό
423 2979 597 3048 λέγων
617 2979 765 3033 οὐδὲν
780 2979 967 3051 ἕτερον
988 2976 1125 3034 εἶναι
1151 2980 1290 3051 πλὴν
1322 2981 1461 3034 Θεοῦ
1489 2982 1676 3052 μόνου,
1701 2982 1803 3053 τῆς

216 3072 479 3144 ἀληθείας
516 3070 932 3141 καταψεύδεται.
973 3072 1079 3124 Σὺν
1113 3072 1221 3143 γὰρ
1245 3070 1323 3142 τῷ
1364 3072 1511 3142 μόνῳ
1540 3072 1661 3144 Θεῷ
1708 3074 1833 3135 καὶ,

1917 684 1937 716 ι
1982 678 2189 719 cessatn
2221 662 2297 717 illi
2334 661 2585 732 gloriam,
2630 658 2887 713 Asterius
2917 669 2973 713 et
3011 659 3268 729 gloriam,
3296 667 3352 715 et
3384 674 3494 715 non

1911 775 1947 815 ι.
1980 753 2208 825 gloriam
2249 750 2495 806 nominat
2536 766 2550 804 :
2587 748 2717 803 dum
2771 758 2876 802 non
2913 746 3305 812 reminiscitur,
3350 733 3499 817 quod

1918 866 1937 899 ι
1984 862 2109 902 cum
2146 845 2385 900 nondum
2435 842 2669 897 mundus
2712 848 2857 895 esset
2898 838 3187 906 conditus,
3224 838 3363 894 nihil
3399 853 3501 893 ex-

1917 961 1936 991 s
1980 938 2161 995 stabat
2192 934 2337 991 aliud
2373 945 2571 1005 praeter
2598 934 2773 989 solum
2816 932 3005 989 Deum.
3028 952 3048 986 ι
3082 932 3191 989 Sed
3231 941 3289 988 et
3329 932 3502 988 idem-

1914 1033 2204 1103 metipsum
2268 1028 2590 1092 conﬁrmat,
2664 1025 2919 1097 inquiens
2985 1041 3001 1080 :
3067 1043 3089 1079 ι
3156 1025 3365 1083 Casium
3446 1035 3503 1082 et

1916 1138 1935 1172 ι
1982 1131 2150 1185 terra,
2179 1130 2233 1174 et
2265 1134 2386 1189 quae
2412 1119 2464 1172 in
2496 1117 2650 1172 cmlis
2674 1126 2801 1172 sunt
2830 1126 2886 1172 et
2915 1116 2970 1171 in
3001 1125 3149 1171 terra
3181 1116 3437 1173 universa
3467 1132 3500 1171 a

1916 1229 1935 1262 ι
1986 1213 2095 1267 Deo
2130 1210 2352 1265 fuerunt
2400 1209 2565 1265 facta.
2618 1208 2733 1263 Hoc
2778 1208 2824 1263 si
2864 1208 3091 1273 credat,
3145 1222 3371 1264 necesse
3415 1219 3504 1264 est

1916 1320 1936 1354 ι
1984 1302 2126 1373 quod
2166 1302 2442 1373 conspiret
2480 1302 2598 1373 ejus
2631 1299 2817 1371 opinio
2842 1314 2967 1355 cum
2996 1313 3086 1365 ea,
3112 1298 3266 1366 Quod
3300 1312 3504 1369 preter

1916 1413 1934 1447 ι
1985 1395 2151 1451 Deum
2182 1396 2312 1449 nihil
2342 1403 2483 1449 erat.
2511 1413 2529 1443 s

2528 1580 2587 1638 r14
2623 1572 2775 1629 CAP.
2820 1574 2888 1633 Il.

1982 1670 2136 1734 Quod
2168 1668 2463 1723 Judaizare
2490 1669 2901 1736 deprehenditur
2934 1668 2991 1723 in
3030 1670 3276 1737 opinions
3305 1686 3425 1724 sua.

1981 1759 2144 1814 Vides
2178 1770 2236 1813 ut
2269 1770 2476 1815 tantum
2509 1776 2615 1815 non
2650 1758 2978 1816 seJudzeum
3026 1772 3270 1831 prazstet.
3304 1778 3504 1833 perne-

1842 1844 1880 1899 Β
1909 1869 2042 1922 gans
2072 1854 2165 1909 Dei
2197 1852 2389 1908 Filium
2422 1854 2785 1925 unigenitum,
2824 1868 2922 1925 per
2962 1869 3125 1925 quem
3153 1856 3335 1913 omnia
3368 1873 3502 1914 con-

1908 1947 2066 2002 didit.
2121 1947 2396 2017 Siquidem
2454 1956 2650 2017 pratter
2700 1946 2873 2003 Deum
2926 1947 3063 2003 nihil
3115 1958 3239 2005 erat
3308 1950 3497 2018 aliud,

1908 2042 2218 2111 priusquam
2273 2040 2506 2097 mundus
2544 2040 2992 2111 producebatur:
3030 2050 3143 2097 tum
3195 2053 3349 2099 certe
3389 2060 3498 2101 non

1906 2141 2026 2188 erat
2054 2130 2253 2200 Filius;
2281 2141 2335 2188 et
2368 2143 2507 2198 tum,
2535 2133 2807 2203 quomodo
2830 2134 3012 2189 omnia
3044 2150 3143 2207 per
3172 2135 3323 2191 illum
3354 2136 3499 2196 facta

1907 2224 2142 2293 fuerant,
2168 2235 2223 2282 et
2254 2225 2374 2280 sine
2402 2239 2467 2281 eo
2513 2226 2718 2280 factum
2748 2235 2833 2282 est
2882 2226 3059 2281 nihil?
3086 2226 3248 2285 Certe
3282 2228 3501 2288 Iuncus

1906 2319 1999 2389 qui
2027 2317 2305 2375 Christum
2337 2333 2458 2373 esse
2487 2326 2751 2389 pernegat
2778 2317 2870 2373 Dei
2902 2316 3124 2387 Filium,
3155 2330 3282 2377 ante
3308 2324 3500 2380 mundi

1906 2415 2354 2472 constitutionem
2379 2422 2638 2485 agnoscet
2657 2414 2932 2469 exstitisse
2952 2413 3117 2483 plane
3140 2415 3275 2470 nihil
3299 2429 3501 2488 prteter

1906 2507 2079 2563 solum
2110 2507 2277 2582 Deum
2307 2525 2321 2562 :
2357 2510 2448 2562 cui
2489 2507 2739 2577 perbibet
2771 2504 3060 2564 Marcellus
3094 2511 3494 2569 testimonium.

1904 2605 1975 2659 At
2020 2600 2226 2658 Christi
2278 2601 2552 2668 Ecclesia,
2599 2618 2723 2657 cum
2770 2603 2922 2658 omni
2956 2602 3210 2661 libertate
3260 2606 3500 2677 gloriase

1905 2696 2187 2768 proﬁtetur
2216 2713 2229 2749 :
2266 2695 2435 2750 Nobis
2468 2712 2606 2749 unus
2653 2694 2794 2749 Deus
2840 2705 2921 2749 est
2957 2694 3142 2764 Pater,
3177 2713 3206 2752 ε
3236 2714 3339 2768 quo
3372 2709 3498 2754 sunt

1904 2791 2121 2845 omnia:
2152 2798 2201 2844 et
2232 2805 2369 2842 unus
2406 2788 2665 2842 Dominus
2707 2786 2867 2843 Iesus
2912 2787 3177 2857 Christus,
3221 2809 3315 2861 per
3342 2810 3499 2864 quem

1902 2890 2031 2938 sunt
2063 2882 2241 2936 omnia
2271 2880 2338 2932 “.
2398 2878 2533 2935 Cum
2581 2894 2713 2935 vero
2770 2881 2919 2938 dicat
2955 2898 2969 2933 :
3010 2881 3118 2939 Per
3172 2902 3327 2956 quem
3372 2896 3500 2943 sunt

1904 2975 2105 3041 omnia,
2134 2975 2284 3028 illum
2316 2972 2564 3043 agnoscit
2591 2982 2721 3028 ante
2746 2976 2956 3030 omnia.
2984 2976 3137 3033 Adeo
3164 2988 3224 3032 ut
3253 2980 3347 3050 qui
3383 2990 3502 3035 tue-

1906 3076 2014 3133 tur,
2060 3075 2189 3122 ante
2232 3060 2513 3121 mundum‘
2540 3066 2819 3121 conditum
2845 3106 2860 3131 ,
2895 3067 3035 3122 nihil
3080 3070 3303 3126 omnino
3349 3071 3501 3128 aliud

218 3166 249 3217 6
273 3162 585 3233 Μονογενὴς
599 3162 767 3216 αὑτοῦ
784 3163 910 3226 Υἱὸς
932 3157 1001 3234 ἦν
1029 3163 1137 3234 πρὸ
1156 3163 1257 3234 τῆς
1272 3165 1367 3217 τοῦ
1381 3164 1588 3235 κόσμου
1606 3165 1799 3219 συστά-

1908 3158 2077 3215 fuisse
2114 3168 2311 3229 praeter
2353 3157 2560 3221 Deum,
2612 3158 2899 3214 veritatem
2952 3160 3123 3230 ipsam
3179 3164 3495 3219 mentiatur.

221 3272 382 3317 σεως,
412 3254 505 3308 καὶ
531 3253 611 3324 τῷ
653 3253 831 3324 Πατρὶ
862 3254 1047 3325 συνῆν.
1094 3254 1266 3308 Τοῦτο
1304 3254 1405 3327 γὰρ
1439 3255 1645 3323 ἐδίδαξε
1688 3255 1803 3327 (74)

216 3346 317 3400 νῦν
335 3346 429 3400 καὶ
454 3347 484 3398 6
513 3346 701 3398 είπών·
729 3346 848 3398 Ἐπ’
864 3344 1129 3414 ἐσχάτου
1152 3346 1263 3417 (75)
1286 3345 1655 3417 τῶνήμερῶν
1677 3349 1805 3403 τού-

211 3455 335 3492 των
350 3437 659 3506 ἐλάλησεν
690 3437 839 3507 ἡμῖν
858 3438 929 3491 ἐν
960 3436 1091 3501 mp,
1116 3436 1189 3491 δν
1219 3439 1398 3505 ἔθηκε
1422 3440 1805 3509 κληρονόμον·

213 3530 481 3597 πάντων,
511 3530 587 3585 δι’
618 3526 689 3585 οὗ
726 3531 825 3583 καὶ
865 3531 1118 3598 ἐποίησε
1154 3531 1297 3597 τοὺς
1323 3529 1570 3598 αἰῶνας.
1605 3534 1716 3586 Καὶ
1744 3533 1804 3585 ἐν

213 3624 548 3696 Παροιμίαις
571 3622 658 3676 διὰ
680 3622 1043 3693 Σολομῶντος,
1062 3622 1224 3686 αὐτὸς
1248 3624 1281 3675 6
1309 3623 1435 3688 Υἱὸς
1462 3623 1592 3695 περὶ
1608 3623 1803 3679 ἑαυτοῦ

213 3713 458 3769 διδάσκει
491 3713 696 3782 λόγων⁸
768 3712 977 3767 Ἦνικα
1019 3711 1300 3780 ἡτοίμαζε
1346 3709 1455 3765 τὸν
1501 3710 1801 3779 οὐρανὸν,

214 3806 631 3877 συμπαρήμην
669 3804 849 3871 αὐτῷ.
888 3804 1048 3859 Ἀλλὰ
1084 3804 1200 3858 καί·
1223 3802 1416 3870 Αὐτός
1440 3802 1522 3873 ἦν
1550 3802 1616 3856 τὸ
1652 3802 1801 3873 φῶς,

212 3902 309 3955 τὸ⁹
333 3898 584 3969 φωτίζον
615 3897 814 3951 πάντα
848 3896 1165 3965 ἄνθρωπον
1200 3897 1531 3965 ἐρχόμενον
1561 3898 1648 3962 εις
1693 3893 1804 3949 τὸν

213 3996 467 4063 κόσμον.
506 3990 748 4061 Ἐπειδὴ’
795 3990 891 4042 Ἑν
937 3988 1018 4055 τῷ
1052 3990 1258 4058 κόσμῳ
1278 3984 1357 4057 ἦν
1384 3990 1481 4043 καί
1505 3992 1538 4043 ό
1574 3991 1802 4059 κόσμος

212 4085 289 4139 δι’
306 4084 492 4140 αὑτοῦ
515 4083 770 4154 ἐγένετο.
795 4083 857 4135 El
884 4082 939 4135 δὲ
970 4083 999 4135 6
1032 4081 1235 4153 κόσμος
1273 4082 1341 4135 δι’
1365 4081 1533 4135 αὑτοῦ
1562 4082 1798 4152 ἐγένετο,

208 4180 392 4252 δῆλον,
433 4181 507 4244 ὼς
555 4178 875 4251 προϋπῆρχε
917 4176 1011 4230 τοῦ
1053 4178 1283 4248 κόσμου.
1335 4180 1450 4232 Οὐκ
1486 4178 1598 4251 ἄρα
1640 4178 1802 4249 μόνος

209 4273 281 4349 ἦν
302 4278 331 4328 ὁ
363 4275 494 4337 Θεὸς
523 4274 629 4345 πρὸ
655 4274 757 4344 τῆς
792 4273 884 4327 τοῦ
918 4272 1124 4343 κόσμου
1170 4274 1480 4337 συστάσεως
1502 4289 1516 4302 ι
1551 4274 1715 4343 συνῆν
1740 4273 1800 4326 δὲ

210 4366 365 4437 αὐτῷ
391 4367 419 4419 ὁ
438 4364 749 4436 Μονογενὴς
793 4362 959 4418 αὑτοῦ
988 4364 1136 4427 Υίδς,
1170 4364 1249 4426 είς
1281 4361 1340 4413 ὃν
1360 4362 1581 4434 ἀφορῶν
1621 4365 1649 4416 ό
1690 4362 1800 4414 Πα-

209 4462 319 4532 τὴρ
364 4460 614 4531 ἔχαιρεν,
649 4459 725 4521 ὼς
761 4458 999 4512 διδάσκει
1037 4456 1221 4520 αὐτὸς,
1252 4455 1327 4509 ὢν
1357 4455 1470 4527 (76)
1526 4457 1560 4525 ὴ
1612 4455 1793 4525 σοφία,

1907 3250 2026 3308 Una
2052 3251 2253 3306 etenim
2286 3264 2409 3305 cum
2448 3248 2539 3303 illo
2568 3248 2685 3304 solo
2717 3247 2850 3317 Deo,
2893 3257 2950 3306 et
2980 3251 3293 3323 unigenitus
3328 3255 3504 3325 ipsius

1905 3344 2073 3401 Filius
2096 3353 2215 3400 erat
2238 3353 2365 3400 ante
2395 3343 2584 3400 mundi
2611 3343 3027 3414 productionem
3055 3359 3072 3400 :
3100 3355 3155 3401 et
3182 3362 3306 3402 cum
3336 3347 3500 3407 Patre

1904 3435 2356 3491 conversabatur.
2401 3434 2515 3491 Hoc
2558 3435 2761 3490 etenim
2790 3435 3011 3490 edocuit
3057 3436 3105 3491 is
3166 3438 3259 3509 qui
3310 3440 3499 3496 dixit:

1904 3527 1972 3583 In
1993 3527 2286 3583 novissimis
2297 3528 2378 3582 his
2400 3528 2602 3593 diebus,
2622 3528 2831 3582 locutus
2853 3539 2930 3582 est
2958 3529 3111 3584 nobis
3132 3531 3186 3585 in
3200 3528 3346 3586 Filio
3375 3548 3495 3597 suo,

1901 3636 2057 3692 quem
2087 3620 2261 3689 possit
2294 3620 2555 3675 haereticus
2592 3621 2849 3687 omnium,
2896 3638 2991 3693 per
3018 3640 3173 3695 quem
3210 3635 3260 3679 et
3296 3630 3499 3682 tacula

1904 3714 2141 3770 condidit
2164 3715 2228 3770 “.
2258 3714 2323 3769 Et
2356 3717 2409 3769 in
2450 3714 2761 3771 Proverbiis
2792 3730 2891 3787 per
2920 3714 3296 3784 Salomonem,
3322 3718 3496 3776 Filius

1905 3810 2020 3882 ipse
2045 3810 2112 3865 de
2138 3824 2197 3865 se
2220 3809 2424 3875 docuit,
2452 3809 2585 3867 Cum
2618 3822 2829 3881 pararet
2861 3812 3070 3873 caelum,
3104 3813 3321 3867 aderam
3357 3815 3406 3869 ei
3425 3814 3493 3871 “.

1904 3901 2009 3957 Sed
2038 3910 2092 3958 et
2112 3902 2240 3957 Erat
2281 3901 2392 3973 ipse
2425 3903 2538 3969 lux,
2564 3904 2873 3958 illuminans
2896 3921 3099 3959 omnem
3120 3906 3383 3962 hominem
3408 3923 3501 3961 ut-

1904 3996 2128 4051 nirntem
2147 3996 2201 4048 in
2223 3994 2361 4047 hunc
2382 3996 2634 4049 mundum
2649 3994 2713 4048 ⁸⁸.
2728 3994 3197 4066 Quandoquidem,
3213 3997 3281 4052 In
3298 4004 3499 4056 mundo

1901 4096 2099 4154 erat,et
2123 4090 2348 4142 mundus
2363 4102 2453 4155 per
2471 4087 2640 4152 ipsum
2665 4084 2841 4155 factus
2872 4088 2973 4157 fuit
2991 4086 3039 4119 “
3073 4089 3225 4155 Quod
3248 4090 3293 4143 si
3320 4092 3496 4146 factus

1902 4179 2003 4235 fuit
2029 4195 2128 4251 per
2156 4180 2332 4251 ipsum
2370 4182 2625 4243 mundus,
2655 4190 2806 4236 certe
2841 4191 2989 4250 patet
3025 4181 3157 4237 illud
3189 4184 3336 4253 quod
3365 4196 3496 4240 ante

1902 4271 2163 4327 mundum
2200 4268 2377 4325 fuerat
2405 4270 2540 4339 ipse.
2570 4269 2835 4336 Quocirca
2870 4270 3039 4334 solus,
3069 4281 3196 4326 ante
3231 4274 3493 4330 mundum

1902 4362 2176 4418 conditum
2227 4377 2332 4417 non
2377 4372 2495 4417 erat
2541 4361 2683 4417 Deus
2722 4380 2737 4415 :
2783 4366 3214 4419 eonversabatur
3255 4381 3379 4421 cum
3426 4384 3495 4423 eo

1903 4454 2210 4526 unigenitus
2235 4454 2353 4524 ejus
2384 4453 2573 4521 Filius,
2612 4454 2664 4508 in
2694 4468 2855 4524 quem
2885 4470 3007 4509 eum
3041 4455 3207 4511 Pater
3238 4458 3491 4515 intueba-

209 4553 385 4620 λέγων
428 4552 486 4604 ὲν
530 4550 891 4622 Παροιμίαιςο
942 4548 1090 4617 Ἐγὼ
1137 4547 1303 4617 ἥμην
1336 4542 1378 4620 ᾗ
1431 4548 1796 4617 προσέχαιρε

1904 4556 2011 4609 tur,
2043 4546 2347 4616 gaudebat,
2386 4546 2529 4616 quod
2578 4546 2694 4615 ipse
2739 4558 2841 4600 nos
2874 4546 3091 4613 docuit,
3128 4548 3217 4604 illa
3261 4550 3315 4604 in
3352 4549 3491 4607 Pro-

210 4646 343 4699 καθ’
369 4644 618 4714 ἡμέραν.
654 4642 764 4696 Καὶ
806 4642 966 4705 αὐτὸς
994 4642 1052 4694 δὲ
1083 4643 1111 4695 6
1150 4641 1299 4705 Υἱὸς,
1346 4642 1470 4704 ταῖς
1498 4642 1796 4711 πατρικαῖς

209 4736 441 4801 ἔννοιαις
491 4737 810 4801 ὲνατενίζων
842 4776 855 4800 ,
922 4734 1262 4806 εὐφροσύνης
1324 4734 1648 4807 ἐπληροῦτο.
1704 4733 1796 4786 Διό

210 4844 399 4899 φησιν·
435 4829 865 4897 Ηῠφραινόμην
892 4826 959 4879 δὲ
996 4826 1255 4881 ἐνώπιον
1290 4826 1478 4881 αὐτοῦ
1508 4828 1579 4881 ὲν
1614 4826 1797 4881 παντὶ

208 4917 414 4987 καιρῷ.
464 4917 651 4973 Ταῦτα
685 4920 781 4988 μὲν
817 4920 853 4989 ἡ
884 4918 1123 4990 Χριστοῦ
1139 4918 1435 4990 Ἐκκλησία
1484 4920 1552 4973 τὰ
1594 4919 1795 4990 εὐσεϐῆ

208 5014 307 5069 καὶ
340 5014 459 5067 θεῖα
488 5012 762 5084 μυστήρια
788 5012 1183 5067 παραλαϐοῦσα
1212 5013 1492 5083 φυλάττει.
1540 5012 1599 5064 'U
1631 5012 1686 5065 δὲ
1711 5011 1799 5063 λέ-

215 5140 277 5198 ᾗ(
315 5132 410 5187 Ed.
453 5132 629 5188 Paris.
667 5149 791 5203 pag.
829 5134 953 5187 104.

286 5205 328 5235 ⁶¹
370 5203 541 5261 lCor.
569 5202 698 5270 vm,
727 5204 782 5258 6.
896 5204 941 5235 ⁸³
980 5202 1149 5260 Hebr.
1202 5221 1252 5271 I,
1298 5204 1353 5259 2.

208 5276 301 5329 50.
378 5275 425 5306 "
464 5275 595 5330 ibid.

276 5370 389 5510 (7οζ
417 5372 593 5426 Μόνον
616 5371 702 5425 ἀλ.
732 5390 785 5425 κ.
818 5388 913 5443 πρ.
946 5372 993 5425 δ.

278 5442 359 5513 (7i
426 5442 617 5496 οὐδὲν
665 5444 870 5512 ἕτερον
911 5440 991 5513 ἦν

1030 5372 1190 5440 vulgo
1216 5388 1324 5426 om.

210 5512 354 5587 Deus
388 5526 508 5567 erat
546 5526 799 5587 creatura
836 5512 1015 5587 nulla,
1056 5516 1351 5587 hocAtotics
1378 5518 1603 5587 urgebat
1636 5512 1781 5565 Mar-

1470 5203 1515 5234 “
1556 5202 1719 5258 Prov.
1768 5216 1890 5266 t'm,
1937 5199 2028 5255 27.

1902 4638 2109 4695 verbiis
2138 4638 2439 4708 Sapientia,
2480 4639 2773 4709 inquiens:
2808 4638 2922 4710 Ego
2950 4657 3096 4696 eram
3123 4645 3177 4696 in
3209 4659 3315 4713 qua
3358 4660 3495 4713 gau—

1902 4732 2053 4786 debat
2084 4732 2333 4785 continuo
2356 4730 2422 4783 ".
2469 4731 2574 4785 Sed
2618 4740 2675 4786 et
2716 4734 2946 4803 ipsemet
2981 4732 3150 4789 Filius
3180 4737 3496 4805 replebatur

1902 4822 2295 4888 oblectatione,
2342 4822 2466 4875 dum
2502 4824 2554 4877 in
2606 4831 2861 4893 paternas
2911 4824 3271 4894 cogitationes
3307 4827 3490 4885 intue-

1903 4925 2077 4970 retur.
2104 4912 2368 4979 Quocirca
2398 4914 2562 4979 dixit,
2599 4914 2914 4969 Oblectabar
2948 4930 3126 4971 autem
3156 4935 3335 4973 coram
3371 4921 3493 4985 illo,

1906 5010 2045 5060 omni
2100 5019 2325 5074 tempore
2363 5005 2431 5059 ⁸⁸.
2482 5003 2609 5061 Haec
2666 5019 2793 5063 sunt
2854 5007 2943 5062 illa
2996 5013 3250 5081 mysteria
3300 5026 3492 5067 sacro—

2140 5198 2186 5231 “
2222 5194 2383 5250 Joan.
2426 5211 2477 5261 ι,
2509 5198 2565 5253 9.
2660 5198 2705 5231 “
2744 5200 2875 5258 ibid.
2909 5201 2995 5257 i0.
3094 5204 3135 5235 "
3176 5201 3340 5259 Prov.
3370 5218 3491 5271 vnt,

1992 5366 2082 5439 72)
2125 5366 2439 5440 ἸουδαῖονΣ
2468 5366 2605 5440 Nam
2653 5363 2826 5423 Judaei
2858 5409 2874 5435 ,
2936 5369 3321 5440 paternitatem
3379 5369 3493 5425 Deo

426 5442 617 5496 Οὐδὲν
665 5436 878 5512 ἕτερον’
911 5440 991 5513 ἦν
1043 5436 1211 5511 πλὴν
1256 5444 1362 5499 τοῦ
1398 5444 1567 5499 Θεοῦ.
1626 5440 1786 5513 Solus

1904 5436 2279 5513 detrahebant,
2298 5436 2471 5513 αὐτῷ.
2501 5436 2579 5513 Il:

1968 5510 2082 5581 ('73)
2137 5508 2509 5581 Maenium.
2553 5507 2690 5561 Tum
2749 5507 3039 5579 legendum
3110 5510 3378 5581 Ἰουδαῖοι,
3436 5523 3492 5566 et

208 5582 399 5649 tellus,
424 5594 615 5638 contra
664 5586 961 5649 Asterium,
1003 5578 1109 5655 qui
1151 5584 1425 5639 Christum
1446 5578 1783 5639 vereaturam

209 5655 461 5704 docebat.
493 5657 585 5704 sed
642 5657 827 5704 multis
887 5660 1099 5704 smculis
1154 5656 1353 5704 mundo
1397 5657 1782 5704 antiauiorem.

1904 5578 2437 5661 συμμαρτυροῦντες,
2459 5578 2547 5632 hic
2569 5592 2700 5650 ergo
2722 5578 2943 5648 repone,
2970 5580 3318 5704 Μαρκέλλου,
3344 5586 3489 5652 quod

1904 5668 2017 5704 cum
2054 5653 2129 5704 ῖσ.
2157 5667 2206 5703 tu
2238 5648 2349 5704 Mn.
2376 5659 2479 5702 est.
2514 5648 2595 5704 Μ.
2623 5678 2692 5688 -
2721 5647 2843 5704 Mox
2881 5652 3039 5704 vulao
3109 5650 3248 5704 ἐγοι.

209 5655 461 5714 docebat.
493 5657 585 5708 sed
642 5657 827 5710 multis
887 5660 1099 5711 saeculis
1154 5656 1353 5710 mundo
1397 5657 1782 5724 antiquiorem.

211 5724 496 5789 Eusebius,
544 5727 758 5781 Asterio
790 5727 1109 5797 σύμψηφος,
1153 5726 1788 5797 ιιι-τοριυιιιίξιιιοτρ-τοιδ-

212 5805 300 5846 tur
320 5796 538 5868 millies,
571 5796 635 5849 de
670 5793 875 5868 negata
904 5793 1021 5853 Filii
1090 5793 1381 5868 ttypustasi.
1439 5796 1508 5853 Μ.
1544 5825 1615 5835 -
1640 5793 1782 5849 infra

210 5870 365 5936 vulgo
392 5867 550 5923 αὑτὸν
596 5869 854 5937 κάκείνῳ.

1894 5647 2023 5707 cuiu
2054 5647 2129 5704 ίσ.
2157 5647 2209 5703 in
2238 5648 2349 5720 Mp.
2376 5659 2479 5721 est.
2514 5648 2595 5704 Μ.
2623 5647 2692 5688 5—
2721 5647 2843 5704 Μοι
2881 5652 3039 5721 vulgo

3109 5650 3248 5721 ἐγοι.

1969 5721 2084 5793 (ξπ)
2123 5720 2248 5793 MSS.
2288 5720 2461 5793 ήμᾶςτ

1966 5789 2079 5862 (75)
2123 5789 2289 5857 Vulgo
2311 5789 2574 5860 “εσχάτων
2604 5801 2656 5845 et
2689 5805 2808 5845 mox
2844 5790 3125 5847 ἁπάντων.

1963 5866 2077 5936 (76)
2122 5863 2182 5917 Ἠ
2216 5863 2421 5930 σοφία,
2457 5862 2555 5915 καὶ
2585 5862 2801 5933 λόγων.
2831 5864 2923 5919 Sic
2953 5865 3163 5935 legend.
3201 5865 3278 5918 Μ.
