4068 6316
645 367 749 421 905

1310 361 1575 417 EUSEBll
1617 360 2098 418 CASSARIENSIS
2136 361 2290 419 OPP.
2334 364 2514 418 PARS
2554 363 2638 418 ιν,
2687 394 2754 403 ——
2796 361 3215 417 DOGMATICA.

3799 371 3898 428 θοι

648 491 849 545 sancta,
881 495 996 548 qua:
1027 479 1191 533 semel
1229 487 1449 546 accepta
1492 477 1690 533 Christi
1727 477 1962 533 Ecclesia
1997 479 2084 549 pie
2120 495 2208 533 cu-

2319 499 2451 550 γων,
2485 500 2503 532 ι
2545 485 2713 553 μήπω
2761 480 2854 533 τοῦ
2909 481 3112 549 κόσμου
3162 479 3447 547 γεγονότος
3496 478 3667 548 μηδὲν
3719 479 3901 552 ἕτεροι

647 574 828 628 -ιιοιιίι,
855 570 903 625 Is
935 586 1085 634 vero,
1111 572 1201 640 qui
1223 580 1425 634 tuetur,
1445 588 1464 620 ι
1492 581 1616 624 ante
1637 572 1888 624 mundum
1921 571 2216 636 conditum,

646 665 775 719 nihil
794 674 988 731 praeter
1010 663 1180 716 solum
1203 661 1368 714 Deum
1387 663 1686 726 exstitisse,
1714 681 1732 713 ι
1764 677 1793 715 e
1820 662 2029 716 duobus
2054 678 2216 715 unum

645 756 952 810 necessario
983 754 1278 818 constituit,
1309 752 1601 807 Sabellium
1643 768 1720 817 se,
1751 753 1832 808 vel
1864 751 2129 808 Judaum.
2154 760 2212 817 vis

644 846 776 900 Nam
809 848 851 901 si
889 847 954 902 de
980 847 1058 900 sui
1096 845 1254 898 animi
1292 846 1558 899 sententia
1597 844 1789 898 Filium
1825 857 2006 914 neget,
2039 846 2215 899 solum

646 939 813 993 Deum
845 937 1136 1008 professus,
1179 934 1396 991 Judmus
1446 946 1528 991 est
1573 937 1662 1006 qui
1710 936 1984 991 Christum
2023 939 2215 1006 rejicit.

649 1031 741 1086 Vel
764 1033 806 1086 si
841 1030 1013 1084 Verbo
1043 1041 1200 1084 tenus
1231 1029 1473 1099 agnoscit
1499 1028 1622 1082 Filii
1655 1029 2010 1092 vocabulum,
2040 1029 2215 1098 ipsum

645 1133 823 1177 autem
856 1121 1048 1179 Filium
1082 1137 1202 1177 esse
1241 1137 1403 1176 unum
1435 1121 1602 1174 Deum
1644 1119 1812 1185 dicat,
1842 1136 2005 1174 unum
2056 1128 2217 1190 atque

644 1215 913 1280 eumdem,
943 1214 1014 1268 ita
1044 1223 1100 1269 et
1131 1213 1341 1267 Patrem
1370 1223 1424 1267 et
1452 1213 1650 1267 Filium
1678 1212 2055 1266 arbitrabitur.
2081 1213 2216 1267 Nam

645 1310 690 1362 si
721 1316 846 1363 ante
875 1309 1155 1371 mundum,
1179 1306 1309 1360 nihil
1338 1304 1586 1360 exstabat
1617 1306 1774 1375 plane
1799 1316 1995 1374 praeter
2026 1305 2214 1371 Deum,

645 1401 760 1471 ipse
795 1401 879 1457 vel
922 1401 1082 1457 Pater
1111 1408 1163 1456 et
1196 1399 1362 1455 Filius
1417 1399 1579 1455 simul
1614 1401 1719 1455 erit
1748 1420 1760 1455 :
1805 1401 1886 1456 vel
1921 1411 2072 1456 certe
2113 1417 2216 1457 non

643 1494 892 1562 genuerit
929 1493 1117 1548 ﬁlium.

1286 1585 1436 1640 CAP.
1482 1584 1569 1640 Ill.

645 1675 914 1742 Quomodo
953 1675 1048 1728 Dei
1091 1674 1314 1746 Verbum
1356 1678 1410 1729 in
1459 1675 1567 1730 Deo
1604 1677 1879 1741 exsistam,
1909 1679 2021 1732 sine
2070 1679 2217 1746 priu-

1009 1746 1142 1811 cipio
1171 1745 1422 1813 deﬁnivit,
1452 1757 1499 1799 et
1534 1747 1850 1816 ingenitum.

713 1835 818 1892 Sed
866 1836 1078 1890 videtur
1115 1835 1397 1890 Marcellus
1426 1851 1570 1899 eum,
1601 1838 1688 1904 qui
1728 1838 1779 1889 in
1821 1837 1926 1890 Deo
1959 1847 2080 1891 erat
2114 1837 2216 1892 Lo-
2246 1857 2288 1912 Β

643 1943 767 1997 gon,
803 1929 1095 1983 secundum
1129 1943 1289 1998 quem
1327 1929 1528 1997 Iogicos
1577 1927 1914 1997 intelligitur,
1963 1929 2210 1982 enimdem

641 2029 762 2070 esse
800 2022 852 2071 et
883 2015 1076 2070 Filium
1116 2015 1406 2075 arbitrari:
1440 2027 1499 2071 ut
1537 2018 1610 2071 ita
1645 2017 1761 2086 ipse
1805 2019 1876 2071 sit
1915 2018 1998 2072 sui
2047 2017 2215 2085 ipsius

644 2104 828 2171 Pater,
855 2117 910 2162 et
936 2121 967 2160 e
995 2121 1255 2161 converso
1282 2105 1364 2160 sui
1395 2106 1565 2176 ipsius
1594 2107 1784 2162 Filius.
1814 2109 2033 2163 Audisis
2061 2124 2212 2179 ergo,

641 2213 762 2266 qua:
792 2199 1011 2253 totidem
1040 2199 1217 2256 verbis
1240 2201 1459 2269 scripsit
1485 2218 1498 2255 :
1531 2199 1602 2272 [Β
1639 2199 1770 2255 XCII
1804 2202 1932 2256 coll.
1959 2217 2012 2272 p.
2046 2202 2115 2257 39
2145 2201 2207 2274 Β]

644 2309 666 2342 ι
707 2291 848 2345 Ante
905 2291 1142 2347 universi
1193 2293 1604 2358 conditionem,
1655 2303 1810 2359 erat,
1865 2303 1926 2347 ut
1976 2295 2210 2360 videtur,

645 2400 666 2432 ι
714 2382 869 2451 quies
899 2381 1037 2447 alta,
1085 2382 1138 2437 in
1189 2381 1300 2438 Deo
1345 2383 1522 2440 Verbo
1573 2386 1871 2440 exsistente
1918 2403 1932 2443 :
1975 2386 2018 2440 si
2072 2386 2215 2440 enim

645 2490 668 2525 s
713 2473 899 2527 credat
933 2473 1179 2529 Asterius
1218 2473 1384 2529 Deum
1419 2488 1541 2529 esse
1574 2475 1814 2530 universi
1857 2476 2213 2542 conditorem,

647 2580 667 2612 ι
713 2571 858 2616 certe
900 2563 1052 2618 nobis
1096 2563 1225 2617 illud
1272 2579 1634 2619 concessurus
1661 2574 1779 2630 est,
1813 2565 1960 2620 illum
2003 2581 2218 2636 semper

649 2672 669 2704 ι
715 2655 1010 2718 exstitisse,
1056 2670 1330 2724 nunquam
1383 2657 1678 2712 exsistendi
1726 2658 2052 2726 principium
2092 2671 2213 2714 sor-

648 2762 667 2794 ι
715 2746 889 2808 tilum,
932 2747 1114 2799 omnia
1163 2756 1340 2800 autem
1395 2747 1464 2800 ab
1512 2746 1602 2801 illo
1633 2747 1775 2802 facta
1835 2746 2026 2812 fuisse,
2069 2749 2215 2802 etde

646 2855 667 2887 s
713 2836 881 2890 nihilo
929 2835 1135 2891 facta.»
1186 2837 1347 2893 Vides
1388 2847 1449 2892 ut
1498 2838 1664 2893 Deum
1711 2847 1958 2894 statuens
2010 2840 2215 2908 absque

640 2929 784 2981 omni
821 2929 1082 2999 principio
1113 2926 1350 2983 Verbum
1381 2930 1526 2999 quod
1568 2931 1619 2984 in
1659 2929 1749 2986 illo
1780 2940 1921 2997 erat,
1953 2932 2004 2986 in
2034 2933 2216 3001 quiete

641 3018 871 3079 statuit.
923 3027 1048 3073 ante
1123 3018 1306 3074 mundi
1385 3019 1766 3084 condituram,
1834 3022 2212 3077 constitutum.

641 3107 827 3178 Pergit
860 3123 1039 3178 porro,
1083 3118 1137 3163 et
1173 3110 1414 3180 adjungit
1459 3128 1472 3164 :
1528 3129 1547 3163 ι
1588 3109 1647 3166 Si
1697 3111 1842 3166 istud
1885 3111 2109 3177 credat,
2161 3123 2216 3167 et

2321 569 2460 626 εἶναι
2500 573 2639 643 πλὴν
2669 573 2804 625 Θεοῦ
2845 573 3028 641 μόνου,
3062 591 3080 622 ι
3117 571 3263 623 δυεῖν
3289 570 3517 640 θάτερον
3545 570 3742 623 ἑαυτὸν
3777 574 3899 624 ὄντα

2321 666 2581 737 παρίστη,
2616 665 2648 734 ἢ
2697 666 2969 725 Ἰουδαῖον,
3000 664 3032 734 ἥ
3063 663 3370 715 Σαϐελλιον.
3407 664 3475 715 ’Ἡ
3519 661 3628 733 γὰρ
3677 662 3900 715 αὐτόθεν

2319 755 2645 826 ἀρνούμενος
2684 757 2776 808 τὸν
2825 755 2971 819 Υἰὸν,
3003 754 3134 806 Θεὸν
3165 754 3222 806 δὲ
3279 755 3438 824 μόνον
3473 753 3732 823 εἰσάγων,
3771 755 3896 808 ἰου-

2317 848 2465 910 δαίος
2535 846 2687 900 ἔσται
2736 847 2828 900 τὸν
2875 847 3109 917 Χριστὸν
3163 845 3581 918 ἀρνούμενοςῆ
3619 848 3782 918 μέχρι
3819 846 3901 898 λό-

2319 957 2413 1007 γου
2445 939 2558 1011 (77)
2588 938 2684 1009 τὴν
2717 939 2811 992 τοῦ
2827 939 2955 992 Υίοῦ
2974 939 3273 1010 πρόσρησιν
3303 938 3722 1010 ἀποδεχόμενος,
3741 942 3899 994 αὐτὸν

2317 1031 2359 1084 δ’
2394 1027 2534 1084 εἶναι
2568 1031 2796 1101 φάσκων
2831 1031 2925 1084 τὸν
2981 1031 3078 1085 ἕνα
3120 1029 3273 1093 Θεὸν,
3332 1030 3457 1084 Υίὸν
3489 1031 3625 1100 ὁμοῦ
3659 1031 3772 1101 (78)
3809 1034 3897 1083 καὶ

2319 1125 2554 1194 Πατέρα,
2585 1123 2676 1176 τὸν
2706 1122 2992 1176 Σασέλλιον
3019 1122 3394 1176 ὲνανεώσεται.
3429 1121 3492 1174 El
3522 1123 3633 1194 γάρ
3668 1122 3774 1194 πρὸ
3805 1122 3895 1174 τοῦ

2319 1214 2521 1285 κόσμου
2555 1214 2708 1266 οὐδὲν
2735 1213 2922 1284 ἕτερον
2952 1209 3020 1284 ἦν
3049 1213 3188 1284 πλὴν
3210 1213 3367 1279 Θεοῦ,
3420 1213 3584 1276 αὐτὸς
3608 1213 3762 1265 ἔσται
3789 1213 3896 1265 Πα-

2317 1303 2419 1375 τὴρ
2443 1305 2536 1358 καὶ
2564 1304 2712 1371 Υἱὸς,
2743 1305 2774 1376 ἢ
2803 1304 2924 1357 οὐδὲ
2951 1305 3060 1370 ἕξει
3095 1305 3227 1358 υἱόν.

2985 1575 3142 1628 ΚΕΦ.
3185 1574 3258 1627 Γ⁹.

2319 1657 2518 1723 Ὅπως
2543 1659 2652 1712 τὸν
2671 1661 2863 1733 Λμόγον
2891 1662 2998 1716 τοῦ
3023 1663 3172 1717 Θεοῦ
3198 1664 3268 1717 ἐν
3297 1661 3380 1728 τῷ
3408 1661 3528 1733 Θεῷ
3548 1662 3699 1716 ὄντα
3717 1662 3894 1733 ἄναρ-

2535 1748 2650 1799 χον
2673 1727 2824 1787 εῖναι
2851 1733 2949 1786 καὶ
2989 1733 3322 1802 ἀγέννητον
3350 1727 3618 1801 ὡρίζετο.

2400 1821 2537 1874 Ἀλλ’
2569 1821 2712 1876 ἔοικε
2740 1823 3059 1894 Μάρκελλος
3074 1826 3164 1879 τὸν
3193 1828 3250 1878 ὲν
3281 1824 3433 1891 αύτῷ
3462 1824 3541 1897 τῷ
3567 1825 3692 1896 Θεῷ
3706 1826 3895 1895 Λόγον,

2316 1914 2437 1968 καθ’
2453 1915 2513 1969 ὃν
2529 1915 2742 1984 λογικὸς
2770 1919 2990 1981 νοεῖται,
3009 1917 3193 1972 τοῦτον
3217 1915 3356 1972 εἶναι
3386 1919 3618 1988 φάσκειν
3631 1919 3726 1972 τὸν
3749 1920 3894 1972 Υίὸν·

2315 2006 2454 2061 ὥστε
2481 2003 2622 2062 εῖναι
2654 2008 2818 2062 αὑτὸν
2842 2009 3038 2063 ἑαυτοῦ
3071 2009 3292 2082 Πατέρα
3319 2010 3414 2065 καὶ
3437 2007 3504 2065 αὖ
3542 2012 3706 2066 πάλιν
3736 2011 3897 2065 αὐτὸν

2316 2099 2510 2153 ἑαυτοῦ
2539 2100 2687 2155 Υίόν.
2721 2101 3054 2156 Ἐπάκουσον
3079 2101 3210 2170 γοῦν
3245 2101 3354 2156 τῶν
3393 2103 3558 2156 αὑτοῦ
3584 2104 3798 2173 φωνῶν,
3833 2104 3896 2157 δι’

2314 2184 2388 2245 ὧν
2417 2190 2606 2245 τοῦτον
2646 2192 2847 2264 γράφει
2883 2192 2977 2247 τὸν
3019 2194 3220 2266 τρότων
3246 2212 3260 2225 ο
3299 2213 3318 2245 ι
3357 2196 3470 2267 Πρὸ
3511 2197 3621 2267 γὰρ
3662 2197 3765 2266 τῆς
3810 2196 3898 2266 δη-

2321 2301 2340 2334 ι
2385 2283 2672 2353 μιουργίας
2715 2283 2934 2354 ἀπάσης
2979 2283 3180 2354 ἡσυχία
3202 2293 3284 2347 τίς
3322 2279 3409 2355 ἦν,
3442 2285 3519 2348 ὡς
3545 2285 3715 2350 εἰκὸς,
3749 2285 3897 2346 όντος

2322 2393 2340 2425 ι
2377 2377 2434 2428 ὲν
2457 2375 2534 2446 τῷ
2560 2374 2678 2447 Θεῷ
2707 2375 2802 2429 τοῦ
2834 2376 3030 2444 Λόγου.
3052 2377 3117 2430 El
3145 2376 3253 2448 γὰρ
3281 2377 3510 2448 ποιητὴν
3528 2377 3788 2431 ἁπάντων
3810 2377 3898 2430 τὸν

2323 2485 2342 2519 ι
2378 2466 2511 2520 Θεὸν
2575 2468 2852 2539 Ἀστέριος
2906 2469 3270 2524 πεπίστευκεν
3321 2464 3499 2533 εἶναι,
3585 2469 3749 2540 δῆλον
3819 2469 3898 2522 ὅτι

2322 2576 2342 2610 ι
2383 2558 2972 2630 συνομολογήσειὴμῖν
3007 2561 3101 2614 καὶ
3133 2560 3316 2624 αὐτὸς,
3350 2561 3440 2615 τὸν
3473 2561 3575 2631 μὲν
3608 2562 3698 2614 ἀεὶ
3722 2561 3898 2632 ὑπάρ-

2322 2667 2341 2700 ι
2379 2659 2496 2720 χειν
2516 2691 2530 2715 ,
2569 2650 2703 2719 μηδὲ
2735 2651 2956 2706 πώποτε
2987 2651 3159 2724 ἀρχὴν
3183 2651 3278 2705 τοῦ
3313 2652 3453 2706 εἶναι
3483 2653 3742 2718 λαϐόντα,
3769 2654 3896 2708 τάδε

2322 2757 2342 2791 ι
2380 2741 2705 2811 γεγενῆσθαί
2748 2757 2809 2794 τε
2841 2741 2949 2794 ὑπὸ
2973 2741 3160 2806 αὑτοῦ,
3206 2741 3299 2796 καὶ
3327 2742 3386 2808 ἐξ
3416 2744 3518 2797 οὐκ
3543 2743 3716 2797 ὄντων
3745 2762 3900 2814 γεγε-

2320 2849 2340 2883 ι
2381 2831 2593 2902 νῆσθαι.
2627 2851 2646 2884 s
2697 2833 2857 2905 Ὁρᾷς
2900 2834 3070 2898 ὅπως,
3108 2834 3202 2887 τὸν
3234 2833 3366 2888 Θεὸν
3394 2836 3630 2907 ἄναρχον
3658 2839 3900 2910 ὑποστη-

2317 2923 2574 2995 σάμενος,
2594 2925 2686 2978 τὸν
2715 2925 2886 2994 Λόγον
2910 2928 2968 2978 ὲν
2999 2925 3148 2996 αύτῷ
3165 2925 3293 2979 ὂντα
3312 2927 3370 2980 ἐν
3398 2929 3600 3001 ἠσυχίᾳ
3623 2925 3766 2984 εἶναι
3798 2932 3901 3003 πρὸ

2314 3015 2414 3086 τῆς
2440 3015 2798 3088 δημιουργίας
2822 3017 2934 3089 (79)
2966 3015 3093 3090 ἔφη,
3129 3018 3222 3071 καὶ
3247 3018 3450 3089 προῖὼν
3474 3019 3604 3089 ἑξῆς
3633 3022 3897 3090 ὲπιλέγει’

2323 3124 2341 3157 ι
2379 3107 2442 3160 El
2468 3108 2648 3161 τοίνυν
2694 3109 2853 3160 τοῦτο
2896 3109 3162 3177 πιστεύει,
3213 3111 3424 3182 ἀνάγκη
3471 3111 3637 3165 αὑτὸν
3682 3115 3903 3167 κάκεῖνο

648 3216 668 3250 ι
716 3199 846 3254 illud
903 3216 1116 3271 quoque
1181 3214 1301 3255 eum
1369 3200 1530 3256 fateri
1605 3215 1827 3257 necesse
1888 3212 2006 3269 est,
2077 3205 2215 3274 quod

2327 3217 2346 3249 ι
2387 3199 2783 3270 συνομολογεῖν,
2806 3201 2887 3253 ὅτι
2913 3201 3050 3273 πλὴν
3077 3202 3233 3268 Θεοῦ,
3257 3203 3408 3257 οὐδὲν
3427 3203 3615 3276 ἕτερον
3636 3202 3726 3276 ἦν.
3745 3204 3901 3278 Εἶχεν

647 3306 667 3340 ι
713 3288 869 3358 plane
905 3302 1098 3360 praeter
1134 3291 1304 3345 Deum
1340 3291 1471 3345 nihil
1500 3303 1614 3346 erat
1643 3292 1809 3347 aliud.
1848 3293 2042 3348 Habuit
2066 3310 2216 3366 ergo,

647 3398 667 3432 ι
719 3373 950 3436 Verbum
1002 3383 1056 3436 in
1131 3382 1290 3437 Patre
1361 3383 1694 3452 subsistens,
1747 3401 1902 3440 suam
1973 3388 2216 3457 peculia-

646 3489 668 3524 ι
715 3486 827 3526 rem
879 3473 1122 3542 gloriam.
1149 3491 1169 3524 ι
1211 3473 1346 3528 Hinc
1371 3474 1660 3544 profectus,
1696 3485 1750 3530 et
1796 3486 2082 3543 mternuni,
2119 3481 2218 3535 hoc

640 3572 724 3616 est
753 3565 1045 3634 ingenitum
1073 3579 1192 3619 esse
1223 3563 1453 3619 Verbum
1493 3567 1844 3635 pronuntiat:
1878 3565 1968 3638 [Β.
2005 3568 2215 3624 XLVIII

641 3656 766 3710 coll.
797 3673 847 3724 p.
875 3656 944 3709 '55
975 3655 1039 3728 C]
1074 3676 1092 3708 ι
1121 3657 1287 3711 Audis
1336 3672 1466 3728 ergo
1511 3657 1747 3728 Spiritus
1800 3662 1978 3716 sancti
2016 3677 2217 3718 conso-

645 3767 665 3800 ι
716 3750 982 3815 nantiam,
1011 3749 1102 3820 qui
1147 3765 1244 3819 per
1290 3750 1490 3806 multas
1535 3761 1590 3805 et
1633 3752 1876 3808 diversas
1921 3769 2212 3823 personas,

649 3859 667 3890 ι
715 3841 874 3895 Verbi
909 3843 1198 3898 aeternitati
1235 3844 1602 3898 testiinonium
1641 3846 1906 3912 perhibet.
1937 3865 1955 3897 ι
1994 3847 2060 3901 Ει
2093 3863 2214 3901 rur—

643 3947 775 3986 sus:
815 3950 834 3984 ι
866 3932 930 3986 Et
967 3934 1036 3988 ob
1088 3934 1192 3990 hoc
1243 3935 1418 4004 ipsum
1477 3936 1757 3991 exorditur
1798 3937 1864 3991 ab
1913 3943 2217 3995 reternitate

650 4040 669 4073 ι
719 4019 897 4087 Verbi,
939 4021 1004 4075 In
1031 4025 1289 4092 principio
1329 4035 1438 4078 erat
1475 4024 1725 4091 Verbum,
1753 4036 1802 4081 et
1847 4026 2071 4082 Verbum
2103 4040 2215 4083 erat

650 4129 670 4163 ι
718 4115 857 4180 apud
889 4112 1076 4179 Deum,
1103 4125 1150 4167 et
1183 4114 1321 4168 Deus
1365 4127 1475 4169 erat
1525 4115 1749 4170 Verbum
1776 4118 1841 4172 ".
1879 4117 2077 4176 Tribus
2128 4122 2214 4177 hic

649 4223 668 4255 ι
711 4207 978 4261 continuis
1011 4207 1334 4262 testimoniis
1367 4223 1496 4263 usus
1524 4211 1882 4266 aternitatem
1910 4210 2067 4269 Verbi
2101 4213 2214 4267 vult

649 4315 670 4349 ι
716 4298 1126 4352 οοηειειὸὶἰὶτε.»
1182 4299 1429 4364 Qualiter
1479 4315 1608 4354 vere
1655 4301 1886 4356 Verbum
1931 4305 2211 4359 counitum

641 4399 762 4444 crat
794 4390 923 4454 Deo,
949 4401 1004 4444 et
1033 4406 1156 4445 cum
1189 4390 1281 4446 illo
1306 4406 1408 4444 uua
1442 4391 1766 4460 ingenitum,
1804 4402 2015 4448 tueatur
2037 4410 2212 4466 operae

643 4483 874 4552 pretium
911 4493 1027 4546 est,
1075 4492 1133 4536 ut
1183 4482 1348 4553 ipsius
1393 4485 1573 4539 verbis
1622 4485 1858 4554 positum
1908 4487 2208 4542 audiamus.

2326 3310 2344 3343 ι
2386 3288 2479 3346 οῦν
2509 3294 2610 3363 τὴν
2655 3293 2863 3348 οἰκείαν
2888 3294 3045 3360 δόξαν
3070 3297 3098 3349 ὁ
3127 3297 3322 3365 Λόγος,
3352 3297 3427 3351 ὢν
3456 3300 3515 3351 ὲν
3545 3298 3628 3369 τῷ
3651 3301 3846 3371 Πατρί.
3878 3321 3894 3353 ι

2329 3381 2605 3436 Ἐντεῦθεν
2649 3384 2894 3450 εἰκότως,
2936 3388 3029 3440 καὶ
3088 3387 3278 3456 ἀΐδιον,
3335 3388 3636 3444 τοῦτ’ἐστιν
3681 3393 3901 3464 ἀγέννη-

2315 3492 2428 3541 τον,
2457 3471 2598 3529 εῐναί
2628 3495 2761 3549 φησι
2794 3477 2886 3531 τὸν
2923 3479 3116 3548 Λόγον,
3150 3474 3253 3534 ὧδε
3296 3482 3557 3553 γράφωνο
3586 3503 3605 3535 ι
3656 3485 3899 3550 ’Δκούεις

2321 3585 2340 3620 ι
2381 3568 2560 3621 τοίνυν
2591 3569 2693 3639 τῆς
2725 3572 3046 3642 συμφωνίας
3073 3573 3166 3626 τοῦ
3207 3574 3362 3642 ἁγίου
3406 3575 3759 3646 Πνεύματος,
3813 3580 3900 3632 διὰ

2322 3676 2341 3710 ι
2380 3659 2588 3714 πολλῶν
2613 3662 2706 3715 καὶ
2733 3662 3007 3735 διαφόρων
3028 3665 3334 3735 προσώπων
3359 3671 3425 3739 τῇ
3445 3668 3538 3723 τοῦ
3563 3670 3742 3740 Λόγου
3762 3690 3899 3744 μαρ-

2322 3769 2341 3804 ι
2380 3753 2647 3825 τυρούσης
2679 3755 2964 3828 ἀῐδιότητι.
3007 3775 3025 3807 ι
3056 3759 3168 3812 Καὶ
3195 3759 3389 3812 πάλιν·
3428 3780 3447 3812 ι
3488 3762 3598 3816 Καὶ
3629 3763 3721 3816 διά
3746 3763 3899 3818 τοῦτο

2321 3863 2341 3897 ι
2386 3845 2612 3918 ἄρχεται
2645 3847 2744 3918 μὲν
2787 3848 2894 3901 ἀπὸ
2939 3848 3039 3920 τῆς
3077 3851 3378 3923 ἀῐδιότητος
3413 3854 3509 3907 τοῦ
3539 3856 3739 3924 Λόγου,
3797 3859 3898 3912 Ἐν

2321 3957 2342 3993 ι
2373 3938 2534 4010 ἀρχῇ
2573 3936 2654 4011 ἦν
2679 3939 2792 4011 (80)
2824 3944 2858 3996 ὁ
2893 3943 3104 4011 Λόγος,
3143 3943 3340 4013 λέγων,
3385 3947 3485 4000 καὶ
3531 3951 3564 4002 ό
3604 3952 3795 4019 Λόγος
3823 3948 3897 4021 ἦν

2321 4049 2341 4083 ι
2387 4031 2536 4100 πρὸς
2556 4033 2664 4086 τὸν
2684 4031 2849 4097 Θεὸν,
2870 4034 2970 4088 καὶ
2999 4036 3143 4103 Θεὸς
3164 4033 3288 4107 ἦνό
3307 4039 3520 4108 Λόγοςο
3537 4041 3718 4112 τρισὶν
3739 4043 3896 4096 ἐπαλ-

2322 4141 2340 4175 ι
2387 4123 2564 4196 λήλοις
2581 4126 2903 4200 μαρτυρίαις
2930 4127 3211 4199 χρώμενος
3241 4129 3339 4203 τὴν
3373 4131 3649 4204 summa
3680 4136 3776 4189 τοῦ
3793 4137 3895 4192 Λό-

2323 4237 2341 4270 ι
2382 4235 2479 4287 γου
2497 4218 2767 4275 δεικνύναι
2784 4220 3052 4290 βούλεται.
3081 4242 3100 4274 ι
3126 4223 3313 4288 Ὅπως
3329 4225 3386 4278 δὲ
3415 4224 3651 4297 ἡνῶσθαι
3685 4227 3894 4300 τῷΘεῷ

2315 4314 2410 4366 καὶ
2426 4313 2816 4384 συναγέννητον
2838 4309 2976 4369 εῖναι
3003 4314 3154 4386 αὐτῷ
3171 4315 3263 4369 τὸν
3297 4316 3468 4385 Λόγον
3500 4317 3730 4387 ἔφασκε,
3760 4321 3896 4392 πάρ-

2315 4422 2460 4458 εστιν
2487 4405 2650 4458 αὑτοῦ
2679 4405 3000 4472 ἐπακοῦσαι,
3047 4399 3152 4461 ὧδέ
3197 4425 3273 4478 πη
3315 4407 3582 4477 λέγοντοςο
3609 4429 3629 4463 ι
3661 4411 3777 4483 Τὴν
3800 4413 3895 4483 μὲν

2319 4497 2460 4551 κατά
2483 4498 2659 4570 σάρκα
2705 4501 3018 4570 οἰκονομίαν
3035 4499 3112 4570 τῷ
3132 4500 3400 4573 ἀνθρώπῳ
3428 4501 3705 4575 διαφέρειν
3739 4504 3895 4573 γινώ-

649 4590 669 4625 ι
694 4573 1152 4642 Dispeusatiouem
1169 4575 1384 4644 quidem
1413 4573 1466 4628 in
1487 4590 1649 4631 carne
1681 4575 1820 4632 illius
1841 4578 1906 4632 ad
1944 4577 2213 4634 hominem

2323 4560 2678 4665 ωομεν-’τὴν
2705 4593 2763 4647 δὲ
2790 4560 2931 4648 κατά
2975 4560 3193 4665 πνεῦμα
3233 4560 3512 4666 ἀῐδιότητα
3532 4560 3782 4668 ’ἡνῶσθαι
3819 4598 3894 4670 τῷ

643 4673 894 4732 spectare
924 4663 1272 4734 intelligimus
1301 4684 1314 4719 :
1355 4676 1412 4719 at
1442 4681 1592 4732 vero,
1622 4668 1920 4723 secundum
1959 4669 2210 4739 spiritum

645 4755 1004 4809 aeternitatem
1052 4756 1171 4826 ejus
1244 4757 1451 4812 unitam
1525 4773 1646 4813 cum
1708 4758 1872 4816 Patre
1940 4760 2214 4817 credimus

644 4861 782 4901 esse.
818 4863 838 4897 ι

1283 4939 1437 4994 CAP.
1495 4938 1582 4994 IV.

683 5037 743 5096 ιζ(
787 5029 1061 5097 Quomodo
1099 5047 1287 5107 unum_
1304 5032 1623 5107 etquidem
1650 5048 1758 5089 esse
1787 5035 1993 5090 verbum
2023 5045 2178 5107 atque

1246 5101 1416 5156 Deum
1440 5104 1598 5160 dixit.

715 5193 817 5261 Qui
848 5195 914 5247 ad
945 5195 1088 5250 bunc
1130 5193 1346 5248 modum
1395 5194 1448 5248 in
1489 5196 1601 5250 Deo
1642 5196 1864 5252 verbum
1913 5212 2036 5254 esse
2083 5212 2218 5255 con-

719 5316 778 5373 sit
806 5309 908 5381 _Ed.
931 5308 1102 5365 Paris.
1127 5324 1250 5381 pag.
1290 5309 1546 5376 105,106.

740 5381 762 5410 ⁵
799 5378 954 5435 Joan.
984 5396 1023 5446 ι,
1054 5381 1106 5435 l.

866 5474 1123 5544 Ὴμέχρι
1153 5475 1358 5546 ᾂότου.
1390 5474 1552 5528 Forte
1581 5474 1760 5546 μόνου.
1793 5477 1862 5532 M.

717 5544 828 5614 (78)
875 5546 982 5599 Kal
1012 5544 1244 5614 Πατέρα
1291 5544 1702 5601 ἐνανεώσέται.
1741 5547 1920 5614 Forte,
1965 5550 2058 5604 Eva
2120 5551 2212 5605 καὶ

647 5615 807 5668 αὑτὸν
838 5615 1136 5684 νομίσεται,
1171 5627 1268 5670 hoc
1300 5626 1401 5676 est.
1427 5617 1645 5671 Sabellii
1675 5619 1913 5673 tuebitur
1937 5621 2206 5677 haeresim.

647 5687 838 5758 Addidi
868 5701 931 5739 ex
966 5689 1121 5758 codd.
1154 5688 1242 5740 τὸν
1285 5686 1572 5740 Σασέλλιον
1606 5686 1679 5741 cf.
1711 5703 1764 5758 p.
1805 5689 1904 5743 107
1951 5689 1993 5743 Ι)
2022 5692 2117 5746 ﬂn.
2150 5690 2209 5744 lu

648 5760 752 5842 ius
782 5756 988 5842 ρῑειέὲυε
1036 5757 1229 5842 “52%;.
1255 5757 1481 5842 ἢεξδῖδς
1513 5758 1674 5842 Em"
1717 5756 1934 5842 Παιτὴρ.
1952 5760 2086 5833 ὁμοῦ
2118 5763 2212 5842 ise!

647 5825 846 5896 Υἱὸς,ἧ
877 5825 1286 5892 ὃλως,οῦθ“ἒξει
1307 5827 1452 5895 Υίὸν,
1478 5830 1525 5884 ei
1554 5829 1654 5885 hoc
1676 5839 1759 5886 est
1786 5825 2113 5888 Iud-aismus.
2140 5831 2209 5886 Μ.

2322 4683 2496 4756 Πατρί
2527 4685 2989 4756 πεπιστεύκαμεν.
3031 4703 3052 4739 s

2969 4956 3122 5010 KEQ.
3165 4959 3238 5010 A'.

2321 5042 2518 5110 Ὅπως
2539 5043 2610 5098 ἐν
2630 5047 2727 5101 καὶ
2747 5047 2934 5102 αὐτὸν
2959 5045 3112 5173 82;:
3139 5049 3245 5104 τόν
3271 5051 3469 5121 Λόγον
3491 5052 3590 5105 καί
3620 5051 3729 5106 τὸν
3749 5055 3889 5106 Θεὸν

3103 5137 3188 5173 τε.

3103 5137 3188 5190 τε.

2393 5204 2592 5261 Τοῦτον
2633 5207 2742 5280 (8|)
2786 5208 2852 5280 δὴ
2889 5211 2980 5264 τὸν
3011 5212 3209 5284 τρόπον
3242 5215 3301 5267 ὲν
3327 5212 3407 5284 τῷ
3435 5213 3556 5284 Θεῷ
3575 5215 3705 5279 δοὺς
3754 5210 3888 5270 εἶναι

2317 5485 2560 5610 :llnfra
2592 5489 2663 5614 τὰ
2699 5490 2758 5544 δὲ
2798 5507 2918 5561 γεγ.
2958 5493 3237 5549 transtulit
3262 5493 3432 5550 Mont.
3465 5497 3646 5551 omnia
3667 5495 3884 5568 (πάντα)

2356 5574 2385 5611 u
2416 5574 2500 5613 em
2533 5576 2595 5614 es
2627 5601 2641 5614 .
3458 5581 3470 5595 ·

2356 5574 2500 5613 utem
2533 5574 2641 5615 est.
3458 5581 3470 5595 ’

2530 5630 2628 5712 _Sic_
2650 5630 2796 5712 Mpi
2824 5632 2990 5712 codd1
3005 5643 3080 5712 ει.
3097 5637 3257 5706 vulgo
3285 5631 3462 5712 ἐφ’γῇ.

2387 5699 2829 5780 (§I))_'Vulgo;_’Ev
2853 5703 2994 5780 ἀρχῇ
3020 5699 3115 5780 οὖν
3143 5699 3346 5766 ειήιοὲ
3376 5699 3466 5762 ἐπ’
3499 5708 3777 5780 ἀλλήλαις.

2385 5769 2673 5844 (8|)Vulgo
2693 5771 2750 5825 δέ
2781 5785 2836 5830 et
2873 5769 3087 5846 Ev'Xsr‘p.
