4068 6316
1114 350 1209 408 DE
1247 350 1782 409 ECC‘LBS‘IASTICA
1823 343 2217 406 τιιεοιοοιΑ
2254 344 2384 402 LIB.
2426 343 2491 401 ll.

3356 343 3463 399 9M

204 480 375 544 υιούς·
422 477 554 532 ἀλλὰ
581 475 672 530 τὸν
704 473 800 543 μὲν
822 472 921 526 ἕνα
948 471 1166 539 Πατέρα
1194 469 1375 530 δώσει,
1404 468 1493 521 τὸν
1517 468 1576 521 δὲ
1598 467 1784 539 ἕτερον

1893 466 2017 521 deos
2050 472 2291 527 statuet,
2322 478 2427 518 non
2450 460 2663 533 cogitur
2684 460 2842 517 fateri
2895 461 3029 516 duos
3053 468 3257 531 patres,
3291 476 3467 532 neque

211 572 357 626 Υίόν.
419 570 574 623 Κατά
620 568 712 619 τὸν
752 564 910 618 αὐτὸν
948 560 1040 617 οὖν
1085 562 1283 632 τρόπον
1331 561 1452 614 οὐδὲ
1497 559 1591 613 δύο
1632 558 1786 621 θεοὺς

208 665 422 735 ἀνάγκη
454 660 634 717 δοῦναι
662 658 753 711 τὸν
785 657 884 720 τὰς
916 656 1009 709 δύο
1036 657 1361 717 ὑποστάσεις
1388 653 1620 717 τιθέντα.
1651 651 1785 705 Οὐδὲ

206 756 317 827 γὰρ
348 754 615 822 ἰσοτίμους
644 749 811 812 αὐτὰς
836 748 1151 820 όριζόμεθα,
1181 747 1288 800 οὐδ’
1320 747 1486 816 ἄμφω
1518 744 1785 815 ἀνάρχους

208 848 305 901 καὶ
346 844 704 913 ἀγεννήτους·
747 841 883 894 ἁλλὰ
929 841 1054 911 μίαν
1101 840 1199 909 μὲν
1232 838 1329 909 τὴν
1366 836 1659 906 ἀγέννητον
1693 836 1787 887 καὶ

210 922 466 1005 ἄναρχον,
495 933 723 1003 θατέραν
749 932 803 985 δὲ
835 932 1098 999 γεννητὴν
1124 931 1217 982 καὶ
1246 929 1419 999 ἀρχὴν
1448 927 1536 982 τὸν
1570 927 1788 997 Πατέρα

217 1026 575 1096 κεκτημένην.
611 1024 701 1076 Διὸ
740 1024 832 1079 καὶ
861 1024 1023 1085 αὐτὸς
1066 1025 1094 1075 ό
1141 1022 1265 1083 Υἱὸς
1300 1022 1393 1073 καὶ
1428 1018 1618 1073 ἑαυτοῦ
1651 1014 1787 1069 εἶναι

215 1118 346 1172 Θεὸν
370 1118 459 1172 τὸν
485 1120 645 1172 αὑτοῦ
678 1118 890 1187 Πατέρα
911 1116 1167 1180 διδάσκει,
1196 1116 1251 1167 ὲν
1277 1108 1356 1176 οἷς
1386 1130 1518 1183 φησι
1538 1129 1549 1140 ”
1596 1110 1786 1177 Ἀγέρ-

211 1229 390 1285 χομαι
427 1210 576 1279 πρὸς
609 1210 714 1262 τὸν
745 1207 973 1275 Πατέρα
1010 1224 1149 1275 μου,
1192 1205 1289 1259 καὶ
1330 1203 1563 1271 Πατέρα
1598 1200 1785 1269 ὑμῶν,

212 1303 309 1356 καὶ
343 1303 490 1355 Θεόν
507 1319 647 1370 μου,
689 1300 785 1352 καὶ
817 1301 965 1351 Θεὸν
996 1296 1182 1367 ὑμῶν.
1228 1298 1285 1349 Ὀ
1323 1295 1421 1365 μὲν
1447 1294 1510 1364 δὴ
1536 1292 1667 1354 Θεὸς
1696 1292 1789 1343 καὶ

211 1389 403 1459 Πατὴρ
435 1388 527 1440 καὶ
571 1386 733 1440 αὐτοῦ
773 1386 863 1438 τοῦ
907 1386 1034 1438 Υἱοῦ
1065 1386 1174 1454 (94)
1208 1384 1341 1446 Θεὸς
1384 1382 1458 1435 ὢν
1490 1383 1785 1434 δείκνυται.

211 1480 301 1533 Διὸ
324 1480 387 1551 δὴ
420 1476 499 1543 εἷς
528 1480 659 1543 Θεὸς
690 1483 753 1550 τῇ
793 1478 1081 1549 Ἐκκλησία
1106 1478 1215 1546 (95)
1251 1476 1343 1529 τοῦ
1371 1476 1497 1527 Tia]
1525 1475 1789 1546 κηρύττε-

204 1586 300 1625 ται
323 1610 338 1632 ,
373 1573 401 1623 ό
422 1569 480 1622 δὲ
512 1569 660 1633 Υἱὸς,
699 1572 785 1623 ὅτε
826 1571 923 1639 μὲν
949 1569 1107 1631 αὐτὸς
1136 1568 1540 1639 παραϐάλλεται
1569 1566 1645 1635 τῷ
1676 1566 1789 1617 Πα-

208 1664 299 1733 τρὶ⁴
331 1662 429 1714 οὐκ
466 1660 540 1714 ἐτ’
584 1662 733 1714 ἔσται
763 1664 855 1714 καὶ
886 1661 1049 1714 αὐτοῦ
1080 1660 1173 1714 τοῦ
1218 1660 1429 1731 Πατρὸς
1470 1659 1623 1721 Θεὸς,
1672 1658 1787 1709 ἀλλ’

211 1754 341 1816 Υἱὸς
384 1754 673 1825 μονογενὴς
704 1755 796 1806 καὶ
836 1753 1117 1822 ἀγαπητὸς
1145 1752 1308 1805 αὑτοῦ
1331 1793 1345 1813 ,
1374 1753 1468 1805 καὶ
1495 1750 1656 1804 εἰκὼν
1694 1749 1786 1802 τοῦ

1891 559 2026 613 tilios
2056 558 2211 622 duos,
2241 556 2336 611 sed
2375 570 2539 608 unum
2588 569 2655 607 ex
2682 553 2754 608 iis
2776 551 3017 613 Patrem.
3055 552 3283 605 alterum
3329 569 3459 609 vero

1887 649 2145 704 concedet
2167 663 2287 704 esse
2316 646 2531 701 Filium.
2566 644 2653 699 ‘Ad
2697 646 2947 699 eumdem
2996 657 3211 713 quoque
3244 647 3464 698 modum

1887 755 2063 811 neque
2091 754 2313 794 necesse
2340 752 2423 792 est
2448 752 2571 793 eum
2604 738 2737 791 duos
2770 738 2901 790 deos
2950 734 3106 791 lateri
3128 776 3144 799 ,
3201 739 3291 805 qui
3331 738 3466 791 duas

1889 832 2168 887 admiserit
2210 831 2552 900 hypostases.
2594 828 2729 881 Nam
2781 842 2955 895 neque
2985 826 3103 882 illas
3133 829 3339 883 honore
3368 845 3467 897 pa-

1889 941 1975 979 res
2015 926 2301 995 ponimus;
2358 936 2532 990 neque
2560 903 2745 973 ambas
2767 920 3033 988 principio
3069 928 3341 987 carentes,
3374 930 3470 974 aut

1890 1018 2201 1087 ingenuitas;
2240 1015 2335 1069 sed
2380 1027 2542 1067 unam
2579 1027 2644 1066 ex
2676 1011 2779 1065 illis
2812 1012 3131 1081 ingenitam,
3169 1015 3288 1067 sine
3314 1012 3467 1080 prin-

1889 1109 2033 1178 cipio
2061 1109 2411 1161 exsistentem
2437 1122 2453 1171 ;
2486 1106 2712 1157 alteram
2743 1118 2874 1157 vero
2898 1104 3157 1174 genitam,
3184 1103 3469 1159 etPatrem

1890 1202 1971 1255 sui
2004 1200 2171 1268 ipsius
2204 1199 2527 1266 principium
2564 1196 2955 1265 possidentem.
3001 1196 3366 1262 Quamobrem
3414 1206 3471 1249 et

1893 1291 2008 1359 ipse
2054 1290 2223 1343 Filius
2254 1288 2423 1341 Deum
2458 1302 2613 1341 suum
2662 1286 2821 1339 docet
2861 1300 2984 1340 esse
3022 1286 3235 1339 Patrem
3288 1302 3467 1350 suum,

1891 1381 1945 1431 in
1980 1378 2174 1449 quibus
2212 1378 2320 1444 ait,
2364 1374 2512 1430 Vada
2553 1378 2621 1429 ad
2672 1376 2885 1429 Patrem
2931 1392 3133 1439 meum,
3165 1386 3210 1428 et
3250 1376 3471 1430 Patrem

1890 1484 2167 1524 vestrum:
2203 1469 2369 1523 Deum
2423 1486 2597 1522 meum
2646 1480 2693 1521 et
2750 1469 2917 1521 Deum
2974 1470 3294 1521 vestrum“.
3332 1469 3473 1524 Deus

1893 1573 2040 1617 certe
2069 1570 2123 1616 et
2146 1562 2328 1628 Pater,
2363 1561 2532 1631 ipsius
2559 1577 2774 1630 quoque
2804 1560 2929 1613 Filii
2964 1561 3107 1614 Deus
3153 1575 3273 1615 esse
3301 1563 3471 1615 doce-

1895 1664 1998 1708 tur.
2039 1654 2305 1720 Quocirca
2342 1670 2480 1707 unus
2511 1653 2650 1708 Deus
2693 1654 2835 1721 apud
2864 1652 3167 1708 Ecclesiam
3202 1656 3472 1722 praedica-

1897 1758 2004 1810 tur,
2037 1747 2157 1801 Filii
2190 1747 2368 1800 Pater.
2416 1745 2590 1799 Filius
2635 1758 2817 1800 autem
2868 1748 3085 1814 quando
3136 1760 3258 1799 cum
3313 1745 3475 1800 Patre

209 1843 345 1897 Θεοῦ
376 1845 469 1897 τοῦ
498 1845 751 1916 ἀοράτου,
780 1846 874 1898 καὶ
902 1845 1240 1916 ἀπαύγασμα
1270 1848 1367 1915 τῆς
1402 1844 1675 1915 πατρικῆς
1702 1843 1787 1895 δό-

1893 1851 2261 1908 comparatur,
2300 1855 2405 1893 non
2457 1838 2568 1904 jam
2616 1836 2797 1892 Patris
2851 1838 3019 1908 ipsius
3058 1837 3197 1891 Deus
3248 1838 3469 1899 dicitur,

206 1933 310 2002 ξης
336 1950 349 1963 ·
387 1933 531 1987 σέϐει
558 1952 616 1985 τε
645 1935 737 1986 καὶ
764 1938 1078 2005 προσκυνεῖ,
1110 1935 1203 1987 καὶ
1227 1934 1438 1999 δοξάζει
1472 1936 1562 1988 τὸν
1596 1932 1787 1987 ἑαυτοῦ

203 2024 451 2095 Πατέρα.
506 2025 653 2079 Θεὸν
693 2026 855 2078 αὑτὸν
902 2026 995 2080 καὶ
1044 2027 1263 2079 ἑαυτοῦ
1319 2027 1785 2097 ἐπιγραφόμενος·

211 2118 306 2169 καὶ
346 2115 599 2187 εὔχεσθαι
648 2118 1078 2188 ἀναγέγραπται,
1128 2113 1173 2186 ᾧ
1217 2119 1311 2171 καὶ
1360 2121 1689 2189 εὐχαριστεῖ,
1746 2112 1791 2186 ᾧ

213 2208 310 2260 καὶ
355 2208 595 2278 ὑπήκοος
645 2211 805 2280 μέχρι
853 2210 1082 2263 θανάτου
1124 2210 1352 2279 γίνεται.
1412 2209 1694 2279 Ὁμολογεῖ
1730 2228 1790 2262 τε

209 2299 311 2372 ζῇν
340 2300 428 2353 διὰ
458 2300 550 2354 τὸν
583 2302 830 2373 Πατέρα,
884 2302 977 2355 καὶ
1021 2304 1185 2371 μηδὲν
1234 2303 1493 2355 δύνασθαι
1529 2305 1788 2376 πράττειν

208 2391 341 2444 ἄνευ
375 2391 465 2445 τοῦ
501 2393 742 2464 Πατρὸς·
788 2394 878 2447 καὶ
905 2394 981 2465 μὴ
1013 2396 1076 2447 τὸ
1107 2395 1302 2447 ἑαυτοῦ
1338 2394 1552 2465 θέλημα
1595 2400 1791 2461 ποιεῖν,

203 2483 346 2536 ἀλλὰ
379 2482 439 2536 τὸ
470 2483 564 2537 τοῦ
599 2485 830 2558 Πατρός.
860 2487 1021 2555 Λέγει
1053 2486 1096 2538 δ’
1128 2483 1219 2540 οὖν
1246 2488 1437 2550 αὑταῖς
1467 2489 1787 2551 συλλαϐαῖς·

214 2572 335 2629 Ὅτι
361 2576 733 2643 καταϐέϐηκα
755 2578 823 2629 ἐκ
849 2578 954 2631 τοῦ
981 2579 1263 2645 οὐρανοῦ,
1290 2581 1401 2646 οὐχ
1434 2582 1533 2632 ἵνα
1560 2581 1793 2647 ποιήσω

203 2666 280 2720 τὸ
306 2666 534 2735 θέλημα
559 2667 625 2719 τὸ
646 2668 818 2735 «ἐμὸν,
844 2668 1002 2721 ἀλλὰ
1030 2669 1096 2721 τὸ
1134 2669 1363 2737 θέλημα
1390 2670 1496 2722 τοῦ
1520 2669 1793 2739 πέμψαν-

211 2758 317 2823 τός
347 2773 455 2827 με·
498 2760 592 2812 καὶ
630 2756 815 2819 αὖθις·
864 2761 945 2812 Οὐ
984 2759 1239 2829 δύναμαι
1290 2760 1404 2829 ἐγὼ
1451 2762 1645 2815 ποιεῖν
1692 2764 1793 2815 ἀπ’
1832 2764 1838 2765 “

213 2855 476 2925 ἐμαυτοῦ
504 2855 683 2909 οὐδὲν⁴
704 2872 719 2886 ⁸
752 2857 946 2921 καθὼς
980 2858 1195 2921 ἀκούω,
1232 2858 1431 2926 κρίνω,
1466 2857 1563 2910 καὶ
1608 2859 1646 2924 ἡ
1674 2858 1797 2926 κρί-

208 2962 315 3011 σις
345 2948 383 3015 ἠ
412 2946 528 3015 ἐμὴ
558 2946 755 3000 δικαία
798 2948 951 3012 ἐστὶ,
980 2947 1068 3000 ὅτι
1098 2951 1169 3001 οὺ
1200 2946 1348 3016 ζητῶ
1379 2950 1442 3001 τό
1471 2949 1700 3017 θέλημα
1728 2948 1793 3002 τὸ

209 3037 379 3107 ἐμὸν,
423 3038 584 3094 me
622 3038 689 3094 τὸ
730 3040 958 3108 θέλημα
1000 3041 1102 3094 τοῦ
1150 3042 1501 3111 πέμψαντός
1537 3060 1614 3111 με
1656 3042 1791 3109 (95).

209 3130 326 3184 Καὶ
354 3130 433 3183 ὅτι
472 3148 536 3198 γε
583 3131 764 3201 ἕτερος
812 3127 879 3202 ἦν
929 3133 957 3183 ό
994 3133 1214 3202 πέμψας
1253 3134 1413 3186 αὐτὸν
1462 3137 1587 3205 παρ’
1632 3134 1793 3187 αὐτόν

217 3221 547 3291 παρίστησιν
598 3219 724 3291 ὲξῆς
765 3220 973 3289 λέγων·
1025 3223 1158 3275 Ἐὰν
1199 3222 1314 3292 ἐγὼ
1347 3222 1627 3292 μαρτυρῶ
1660 3224 1793 3293 περὶ

206 3311 491 3380 ἐμαυτοῦ,
522 3312 561 3380 ὴ
587 3314 883 3381 μαρτυρία
899 3330 1017 3381 μου
1043 3310 1156 3367 οὖκ
1183 3315 1353 3367 ἐστιν
1375 3314 1629 3383 ἀληθής.
1664 3317 1793 3368 Ἄλ-

210 3406 325 3469 λος
362 3403 534 3457 ἐστὶν
585 3408 617 3458 ὁ
664 3405 981 3474 μαρτυρῶν
1023 3407 1156 3474 περὶ
1196 3407 1361 3475 ἐμοῦ.
1413 3403 1546 3459 Εἶτα
1583 3424 1792 3477 μνημο-

209 3496 410 3559 νεύσας
445 3497 540 3551 τοῦ
584 3498 926 3563 Βαπτιστοῦ,
975 3497 1065 3551 τὸν
1106 3496 1324 3571 Πατέρα
1362 3500 1613 3572 μάρτυρα
1655 3496 1793 3551 εἶναι

213 3588 379 3643 αὐτοῦ
419 3589 685 3651 διδάσκει,
725 3589 981 3657 φάσκων·
1031 3591 1143 3644 Kal
1199 3595 1231 3645 ό
1270 3591 1505 3659 πέμψας
1553 3608 1629 3661 με
1678 3595 1796 3644 Πα-

215 3680 350 3747 τὴρ,
374 3680 556 3746 αὐτὸς
580 3684 993 3751 μεμαρτύρηκε
1018 3683 1148 3751 περὶ
1173 3683 1337 3752 ἐμοῦ.
1362 3686 1470 3736 Kal
1500 3682 1793 3755 προστίθη-

218 3788 306 3825 σιν
325 3788 339 3800 ·
367 3774 410 3824 Ε
415 3775 434 3825 ι
459 3773 571 3842 (97)
594 3775 862 3843 ἠγαπᾶτέ
889 3793 982 3845 με,
1005 3776 1257 3845 ἐχάρητε
1287 3776 1382 3840 ἂν,
1434 3777 1522 3830 ὅτι
1552 3778 1794 3844 πορεύο-

208 3881 321 3933 μαι
354 3864 504 3933 πρός
546 3865 652 3918 τὸν
684 3866 916 3935 Πατέρα
940 3886 951 3898 ·
995 3869 1084 3921 ὅτι
1126 3872 1157 3921 ό
1206 3870 1405 3937 Πατήρ
1435 3886 1554 3937 μου
1584 3868 1795 3937 μείζων

210 3954 333 4024 poi
384 3956 537 4009 ἐστι.
580 3957 659 4009 Δι’
708 3952 783 4011 ὧν
826 3960 1078 4013 ἁπάντων
1113 3962 1294 4032 ἕτερον
1328 3962 1515 4014 ἑαυτὸν
1555 3960 1648 4013 τοῦ
1685 3963 1793 4014 Πα-

214 4046 344 4119 τρὸς
368 4047 660 4101 δείκνυται.
703 4051 814 4103 Kal
846 4052 904 4104 τὸ
938 4053 1201 4123 ὑπερέχον
1238 4056 1337 4123 τῆς
1365 4053 1525 4123 δόξης
1556 4053 1649 4105 τοῦ
1684 4054 1795 4105 Πα-

213 4139 344 4209 τρὸς
376 4141 661 4211 περίστησι
688 4141 776 4195 διὰ
799 4144 891 4195 τοῦ
918 4144 1007 4197 τὸν
1034 4145 1131 4214 μὲν
1161 4144 1556 4198 ἀπεσταλκέναι
1589 4146 1790 4213 λέγειν,

1892 1934 1986 1986 sed
2021 1931 2192 1985 Filius
2226 1931 2567 2000 unigenitus,
2619 1943 2673 1985 et
2706 1930 3078 2005 dilectusejus
3123 1946 3139 1983 :
3182 1939 3235 1983 et
3289 1931 3473 2000 imago

1892 2023 1983 2077 Dei
2038 2022 2357 2083 invisibilis,
2403 2032 2458 2075 et
2510 2022 2925 2090 resplendenti'a~
2954 2033 3201 2089 paternae
3234 2022 3422 2091 gloriae
3454 2040 3468 2073 :

1892 2116 2154 2177 honorat,
2200 2116 2388 2169 adorat
2419 2126 2474 2167 et
2498 2125 2789 2168 veneratur
2837 2129 2992 2168 suum
3030 2113 3271 2180 Patrem,
3304 2115 3472 2169 Deum

1890 2220 2013 2260 eum
2044 2215 2098 2258 et
2138 2205 2306 2273 ipsius
2342 2206 2507 2259 Deum
2543 2207 2849 2258 inscribens
2890 2223 2903 2259 :
2941 2205 3027 2259 cui
3060 2208 3263 2275 gratias
3288 2221 3470 2275 agere,

1894 2302 1978 2352 cui
2020 2313 2207 2366 preces
2240 2297 2463 2352 fundere
2492 2299 2710 2362 dicitur,
2744 2298 2830 2351 cui
2879 2300 3139 2353 obediens
3184 2314 3355 2367 usque
3405 2302 3473 2353 ad

1894 2400 2123 2445 mortem
2159 2388 2355 2444 fuerat.
2403 2396 2460 2452 >I<
2494 2391 2717 2445 Fatetur
2754 2386 2813 2444 se
2844 2391 3029 2444 vivere
3082 2406 3178 2460 per
3227 2389 3473 2455 Patrem,

1898 2497 1997 2535 nec
2041 2484 2329 2550 quidquam
2367 2498 2526 2551 posse
2554 2482 2733 2536 facere
2764 2482 2880 2537 sine
2910 2482 3101 2547 Patre;
3144 2498 3247 2537 non
3294 2498 3470 2546 suam,

1894 2574 1988 2627 sed
2017 2573 2197 2627 Patris
2227 2576 2557 2628 voluntatem
2593 2576 2789 2628 facere.
2824 2575 2914 2627 Ait
2941 2576 3137 2644 igitur,~
3161 2588 3216 2629 et
3248 2577 3472 2629 totidem

1895 2671 2109 2737 quidem
2138 2670 2337 2735 verbis,
2373 2668 2523 2735 Quod
2551 2671 2617 2723 de
2652 2670 2779 2723 calo
2814 2672 3093 2736 descendi,
3151 2689 3253 2724 non
3288 2683 3342 2725 ut
3380 2672 3474 2740 fa-

1892 2748 2417 2815 cerem’volunlatem
2452 2778 2651 2827 meam,
2698 2763 2787 2816 sed
2821 2762 3142 2826 voluntatem
3189 2765 3339 2831 ejus,
3383 2766 3477 2834 qui

1894 2856 2034 2907 misit
2062 2871 2141 2907 me
2165 2855 2230 2910 τ’.
2260 2854 2329 2907 Et
2358 2855 2554 2908 iterum
2594 2871 2605 2905 ε
2644 2854 2770 2908 Non
2811 2872 3023 2923 possunt
3071 2873 3164 2925 ego
3192 2858 3365 2924 facere
3409 2860 3476 2910 de

1895 2948 2199 3013 memetipso
2248 2948 2534 3017 quidquam
2568 2963 2586 2999 :
2643 2948 3087 3016 quemadmodum
3150 2950 3342 3015 audio,
3400 2951 3478 3004 ita

1886 3041 2114 3108 judico,
2164 3051 2208 3091 et
2258 3056 2428 3091 meum
2478 3041 2744 3107 judicium
2794 3054 2990 3093 rectum
3022 3050 3132 3104 est,
3191 3043 3315 3106 quia
3372 3059 3479 3095 non

1896 3149 2075 3196 quaero
2096 3133 2416 3187 voluntatem
2436 3148 2626 3195 meam,
2656 3135 2746 3185 sed
2773 3134 3093 3187 voluntatem
3136 3133 3352 3200 Patris,
3386 3139 3479 3202 qui

1894 3225 2039 3276 misit
2071 3238 2150 3276 me
2175 3222 2241 3276 ".
2275 3222 2452 3275 Alium
2483 3236 2613 3276 vero
2639 3221 2804 3277 fuisse
2829 3223 3041 3292 ipsum,
3092 3225 3258 3279 alium
3294 3236 3475 3279 autem

1896 3318 1987 3387 qui
2021 3317 2166 3370 misit
2189 3317 2383 3383 ipsum,
2414 3315 2837 3384 docetinquiens
2878 3333 2890 3368 :
2925 3313 2983 3369 Si
3006 3332 3097 3383 ego
3117 3318 3477 3371 testimonium

1896 3412 2194 3478 perhibeam
2236 3409 2299 3461 de
2349 3411 2579 3476 meipso,
2620 3409 2981 3461 testimonium
3030 3426 3199 3462 meum
3243 3427 3345 3464 non
3398 3422 3477 3465 est

1898 3516 2109 3564 verum;
2141 3500 2278 3551 alius
2302 3510 2377 3552 est
2408 3500 2593 3570 qui'de
2623 3516 2701 3552 me
2725 3498 3119 3564 testiﬁcatur".
3146 3499 3474 3555 Mentionem

1898 3590 2374 3660 dehinc‘Baptistae
2402 3586 2650 3660 Taciens,
2693 3595 2904 3649 Patrem
2934 3613 3089 3650 suum
3151 3599 3227 3652 illi
3280 3609 3476 3654 testem

1896 3697 2015 3736 esse
2048 3696 2343 3749 asseverat,
2398 3685 2678 3754 inquiens,
2736 3687 2798 3740 Et
2836 3690 2925 3757 qui
2972 3706 3055 3742 me
3108 3690 3251 3743 misit
3290 3688 3471 3756 Pater,

1896 3774 2004 3840 ipse
2028 3774 2337 3842 testiﬁcatus
2367 3787 2440 3828 est
2479 3778 2544 3829 de
2569 3794 2648 3830 me
2670 3778 2739 3831 ".
2773 3779 2935 3831 Addit
2964 3791 3175 3832 autem:
3221 3778 3289 3832 Et
3321 3782 3366 3833 si
3398 3784 3475 3833 di-

1896 3867 2056 3935 ligitis
2090 3884 2191 3934 me,
2220 3870 2519 3935 gaudentis
2564 3870 2741 3937 utique
2778 3872 2915 3939 quod
2955 3875 3027 3923 ad
3061 3869 3273 3925 Patrem
3310 3874 3476 3941 proﬁc

1896 3962 2083 4011 ciscor.
2121 3958 2386 4023 Quoniam
2434 3960 2600 4014 Pater
2656 3979 2736 4014 me
2792 3964 2969 4030 major
3016 3976 3091 4016 est
3134 3965 3199 4017 ⁷⁸.
3266 3963 3474 4031 Quibus
3540 3972 3541 3975 “

1895 4052 2143 4104 omnibus
2176 4053 2410 4107 ostendit
2462 4067 2519 4108 se
2559 4054 2723 4107 alium
2777 4070 2806 4106 a
2848 4054 3029 4121 Patre,
3086 4064 3143 4109 et
3187 4067 3469 4127 paternam

1894 4144 2118 4212 gloriam
2147 4145 2404 4213 majorem
2433 4146 2669 4199 insinuat
2691 4162 2842 4213 esse;
2873 4163 2993 4201 cum
3033 4162 3091 4203 se
3117 4151 3184 4203 ab
3220 4150 3310 4205 illo
3341 4152 3474 4206 mis-

215 4231 410 4283 ἑαυτὸν
438 4232 495 4285 δὲ
533 4233 867 4286 ἀπεστάλθαι
889 4251 901 4263 ⁸
943 4236 1037 4287 καὶ
1067 4237 1131 4287 ἐκ
1164 4234 1256 4288 τοῦ
1298 4236 1527 4307 οὐρανοῦ
1561 4235 1790 4306 κατελη-

216 4322 440 4391 λυθῆναι
467 4324 563 4394 οὐχ
596 4324 681 4377 ἵνα
715 4328 913 4399 ποιήσῃ
955 4327 1016 4379 τὸ
1045 4322 1254 4398 θέλημα
1293 4328 1354 4379 τὸ
1399 4327 1616 4388 ἑαυτοῦ,
1660 4326 1793 4379 ἀλλὰ

1894 4252 2011 4287 sum
2054 4237 2234 4301 dicat,
2278 4252 2335 4290 se
2368 4253 2513 4313 vero
2558 4239 2624 4292 de
2669 4240 2807 4293 caelo
2853 4242 3239 4307 descendisse,
3278 4257 3382 4297 non
3413 4254 3474 4297 ut

1894 4341 2044 4379 suam
2079 4327 2407 4382 voluntatem
2445 4330 2647 4384 faceret
2670 4369 2685 4393 ,
2718 4333 2811 4385 sed
2844 4332 3174 4385 voluntatem
3206 4334 3346 4403 ejus,
3378 4335 3470 4402 qui

214 4412 278 4466 τὸ
320 4413 413 4467 τοῦ
454 4415 771 4484 πέμψαντος
811 4418 992 4474 αὐτόν.
1050 4421 1160 4471 Kal
1210 4420 1261 4471 τί
1321 4420 1386 4472 ἂν
1444 4420 1579 4490 πρὸς
1623 4421 1791 4472 ταύτα

1896 4416 2042 4469 misit
2085 4432 2230 4471 eum.
2282 4418 2420 4484 Quid
2471 4423 2537 4473 ad
2598 4422 2702 4476 ista
2740 4420 2986 4477 dicturus
3032 4433 3117 4477 est
3162 4423 3472 4487 Marcellus,

213 4504 351 4575 φαίη
388 4506 496 4573 (98)
528 4506 861 4578 Μάρκελλος,
896 4509 1108 4562 ἀκούων
1146 4509 1239 4563 τοῦ
1274 4510 1696 4581 κατεληλυθότος
1733 4512 1791 4576 ἐξ

1896 4523 2016 4560 cum
2060 4524 2181 4562 eum
2212 4511 2302 4577 qui
2334 4512 2399 4565 de
2427 4512 2566 4566 coelo
2598 4514 2911 4576 descendit,
2966 4516 3068 4568 ista
3114 4516 3228 4582 ipsa
3276 4518 3477 4571 docen-

215 4597 447 4667 οὐρανοῦ
478 4598 648 4652 ταῦτα
675 4601 1048 4666 διδάσκοντοςς
1089 4603 1163 4655 Οὑ
1207 4603 1315 4673 γὰρ
1355 4604 1525 4675 δήπου
1558 4605 1650 4656 καὶ
1694 4604 1789 4657 νῦν

1896 4610 2001 4653 tem
2036 4603 2243 4655 audiat.
2279 4602 2415 4666 Non,
2445 4607 2657 4673 opinor,
2687 4606 2814 4659 illud
2843 4597 3076 4673 allegare
3107 4608 3325 4676 poterit,
3357 4623 3480 4663 car-

211 4692 317 4762 τὴν
347 4691 523 4761 σάρκα
550 4693 643 4745 τοῦ
676 4695 925 4766 Σωτῆρος
955 4696 1125 4749 ταῦτα
1159 4699 1387 4765 φάσκειν
1418 4699 1551 4768 ὲρεί.
1583 4699 1656 4749 Οὐ
1680 4698 1789 4767 γὰρ

1900 4710 2018 4747 nem
2052 4696 2356 4750 Servatnris
2384 4698 2484 4751 hoc
2512 4700 2868 4765 prolocutam.
2922 4699 3034 4753 Non
3066 4702 3210 4754 enim
3241 4715 3375 4757 caro
3408 4702 3479 4756 de

212 4785 248 4852 ἡ
284 4782 421 4854 σὰρξ
448 4786 510 4836 ὲκ
538 4786 630 4838 τοῦ
660 4787 889 4857 οὐρανοῦ
924 4788 1271 4858 κατελήλυθε.
1308 4788 1441 4841 Τίνα
1471 4789 1645 4841 τοίνυν
1677 4792 1793 4860 ἐρεῖ

327 4928 385 4983 ›Ῑ‹
418 4922 515 4975 Ed.
551 4920 744 4987 Paris.,
789 4941 906 4994 pag.
960 4926 1079 4979 ΗΟ.

320 5014 364 5045 ’ί
393 5012 547 5068 Joan.
591 5032 678 5080 xx.
713 5018 800 5070 l7.
899 5018 943 5047 "
973 5016 1127 5073 Joan.
1178 5033 1255 5082 vr,
1306 5018 1395 5075 38.
1471 5018 1520 5050 ⁷³
1548 5019 1704 5073 Joan.
1746 5036 1800 5082 v,

213 5146 569 5225 sequentibus
590 5162 646 5225 et
680 5154 930 5225 [1.158778
957 5156 1017 5209 Η
1058 5154 1233 5225 deleto
1280 5157 1453 5225 λέγων
1490 5157 1631 5225 quod
1666 5168 1789 5225 post

212 5222 347 5278 Υίοῦ
380 5225 535 5294 vulgo
589 5224 802 5291 legitur.
856 5224 1035 5277 Possis
1075 5235 1128 5278 et
1176 5224 1289 5288 θεὶς
1340 5222 1628 5294 εοιιίίιὲετθ,
1663 5222 1787 5280 cum

213 5310 339 5348 mox
368 5292 573 5347 τιθέναι
592 5308 867 5363 sequatur.
890 5294 944 5347 In
974 5311 1117 5349 corr.
1152 5295 1221 5349 Μ.
1251 5315 1270 5347 ι
1307 5292 1468 5351 Forte
1487 5298 1639 5354 Θεοῦ.
1661 5308 1714 5350 et
1738 5300 1787 5349 in

211 5364 721 5437 versione_quid_uas
742 5367 804 5437 in
838 5365 946 5419 Deo
977 5367 1315 5437 hypostaseis
1348 5385 1362 5420 :
1393 5370 1667 5421 Arianizat
1708 5369 1792 5421 hic

211 5444 333 5557 ulla;
335 5434 533 5500 passim
598 5434 879 5491 Eusebius.
934 5453 953 5487 ι
1012 5434 1082 5478 ἑ-
1140 5435 1260 5490 Mox
1313 5440 1473 5508 vulgo
1527 5438 1647 5490 οὐδὲ
1698 5438 1791 5490 δύο

211 5522 243 5554 υ
336 5520 385 5557 ς.

210 5520 385 5564 υιους.

286 5571 403 5642 (94)
427 5571 600 5639 Vulgo
628 5574 764 5629 Θεοῦ
798 5576 944 5639 Υἱός.

289 5642 552 5715 [95)71'017
595 5646 728 5698 Υιοῦ
776 5648 1148 5715 κηρύττεται.
1194 5645 1459 5701 Utrumne
1489 5648 1787 5701 Ecclesiam

217 5710 641 5786 Filiidixit;pan
687 5717 819 5769 Θεὸν
842 5710 960 5770 Ἶτοῦ
1020 5718 1173 5779 Υίοῦ,
1201 5720 1303 5772 hoc
1352 5721 1550 5786 potius.
1596 5720 1658 5771 Et
1715 5723 1793 5772 sic

212 5783 539 5857 fortedeest
578 5786 947 5857 hieﬂavﬁp;
982 5792 1167 5841 statim
1218 5782 1439 5857 ἰεςεζῷ
1495 5789 1588 5840 καὶ
1639 5788 1790 5856 εὔχε-

213 5852 360 5911 σθαι.
395 5854 522 5913 Haec
551 5855 734 5911 omnia
768 5860 834 5913 de
861 5852 998 5914 "Filio
1028 5852 1323 5915 secundum
1364 5852 1602 5914 divinam
1640 5852 1792 5913 ualu-

1840 5018 1930 5073 30.
2006 5018 2053 5047 "
2095 5018 2222 5071 ibid.
2267 5018 2355 5081 5|,
2400 5016 2487 5070 52.
2567 5020 2612 5050 ⁷⁸
2639 5019 2769 5073 ibid.
2804 5021 2896 5076 37.

1899 4788 2037 4840 caelo
2066 4789 2366 4843 descendit.
2416 4791 2715 4855 Quemnam
2763 4806 2891 4859 ergo
2946 4791 3192 4845 dicturus
3245 4805 3353 4851 est.
3411 4793 3479 4845 de

2997 5022 3217 5077 "Joan.
3240 5040 3352 5089 xw,
3379 5024 3472 5081 τε.

1898 5174 2009 5232 ram
2054 5158 2336 5232 proposuit
2371 5158 2738 5227 intelligenda,
2790 5170 2843 5213 et
2892 5171 3071 5214 tamen
3118 5162 3279 5215 etiam
3333 5166 3479 5232 apud

1895 5231 2073 5295 ipsum
2097 5230 2342 5300 quaedam
2379 5243 2524 5286 sunt.
2562 5245 2679 5295 qua!
2712 5231 2778 5282 de.
2835 5232 3055 5285 homine
3109 5249 3333 5300 prorsus
3372 5230 3474 5288 ca-

1898 5297 2253 5420 plbtlnllllﬁbl‘la
2311 5299 2444 5351 ludit
2500 5300 2585 5352 hic
2635 5311 2823 5355 auctor
2853 5297 3121 5365 ὕπουλος,
3165 5314 3220 5357 et
3269 5304 3480 5373 σαπρὸς

1900 5386 1929 5420 u
1976 5385 2114 5420 mue.
2217 5408 2229 5417 .

1900 5372 2114 5423 uhiaue.
2162 5372 2229 5420 Μ.

1970 5386 2333 5507 ἕξὲῗίὦιίὸτι
2366 5456 2432 5506 τε
2461 5439 2660 5505 ἕτερος
2680 5435 2783 5509 ἦν,
2817 5440 2930 5492 hrec
2954 5456 2987 5491 e
3014 5439 3200 5493 codice
3230 5441 3473 5508 supplevi

1900 5509 2153 5563 Bihliolh.
2200 5508 2500 5561 Bodleianze
2532 5508 2742 5562 altero:
2783 5511 3008 5563 deerant
3036 5513 3179 5564 enim
3220 5511 3271 5562 iu
3330 5529 3471 5573 ineo,

1897 5596 2064 5648 usque
2081 5584 2168 5651 ad,
2196 5578 2378 5651 Ταῦτα
2391 5581 2498 5650 γάρ
2510 5580 2715 5634 οἴεσθαι
2730 5581 2820 5633 τὸν
2833 5581 3073 5651 Πατέρα,
3093 5582 3381 5634 exclusive.
3403 5582 3471 5635 Μ.

1991 5652 2081 5713 97)
2128 5650 2292 5717 Vulgo
2316 5650 2587 5716 ἀγαπᾶτε.

1989 5722 2078 5785 98)
2110 5721 2277 5789 Vulgo
2322 5722 2349 5771 ὁ
2405 5722 2473 5773 Μ.
2499 5733 2553 5773 et
2585 5722 2722 5775 infra
2754 5720 3034 5790 ὲπελέγξει
3069 5730 3123 5777 et
3156 5724 3249 5776 καὶ
3284 5722 3471 5786 καθὼς

1894 5793 1955 5846 τὸ
1983 5791 2192 5863 θέλημά
2228 5809 2328 5862 μου
2356 5802 2408 5847 et
2438 5791 2684 5863 πμφθῆ.
