4068 6316
262 378 371 436 9ιῦ

1215 380 1303 439 ΒΕ
1341 382 1877 442 ECCLESIASTICA
1923 383 2317 444 THEOLOGIA
2356 386 2486 443 LIB.
2526 385 2591 443 ΙΙ.

3426 392 3536 452 (ιιι

267 496 540 569 μώμενος,
574 498 650 562 ὡς
681 498 775 552 καὶ
799 498 867 552 δι’
905 498 1072 555 αὑτοῦ
1110 501 1405 574 ὁρώμενος.
1448 504 1508 557 '0
1536 504 1645 576 γὰρ
1683 506 1857 577 ἑωρα-

1963 522 2057 575 per
2083 506 2255 575 ipsum
2291 507 2461 562 visus.
2498 504 2635 561 Nam
2666 506 2758 577 qui
2807 506 3005 563 Filium
3050 509 3204 576 vidit,
3252 510 3300 567 is
3346 513 3539 582 utique

263 586 381 651 κὼς
409 586 499 640 τὸν
533 587 659 640 Υίὸν
686 586 900 659 ἑώρακε
932 588 1011 661 (5)
1038 590 1130 644 τὸν
1155 592 1396 662 Πατέρα,
1422 592 1521 663 τὴν
1554 594 1849 664 ἀγέννητον

263 677 519 750 θεότητα,
561 672 672 731 οἷον
718 678 777 731 ὲν
819 681 1017 734 είκόνει
1060 682 1154 735 καὶ
1192 682 1502 755 κατόπτρῳ,
1535 685 1594 737 ἐν
1620 683 1697 755 τῷ
1736 682 1850 753 Υἱῷ

264 767 814 842 χαρακτηριζομένην
866 769 1029 841 ὀρῶν.
1104 772 1487 843 Ἆπαύγοσμα
1550 771 1660 843 γάρ
1719 774 1851 827 ἐστι

262 862 461 934 φωτὸς
483 861 678 916 ἀιδίου
704 862 805 916 καί
842 863 1168 933 εῑσοπτρον
1193 865 1573 934 ἀκηλίδωτον
1598 865 1708 936 τῆς
1740 865 1849 921 τοῦ

265 953 418 1009 Θεοῦ
437 954 764 1024 ἐνεργείας,
790 954 890 1008 καὶ
908 954 1086 1009 sised»-
1103 954 1215 1025 τῆς
1245 957 1613 1025 ἁγαθὼητος
1643 957 1846 1011 αὑτοῦ·

264 1049 447 1103 πάντα
484 1047 541 1101 δὲ
580 1047 753 1102 ταῦτα
782 1045 932 1120 παρά
968 1047 1063 1100 τοῦ
1106 1048 1320 1120 Πατρός
1366 1048 1567 1113 λαϐὼν,
1594 1046 1656 1113 ἐξ
1688 1048 1851 1102 αὑτοῦ

261 1156 327 1193 τι
358 1141 455 1194 καὶ
480 1140 578 1212 τῆς
609 1138 863 1211 θεότητος
894 1140 995 1211 τὴν
1033 1138 1213 1206 δόξαν,
1253 1140 1330 1203 ὡς
1360 1139 1428 1194 ἂν
1472 1140 1600 1205 Υίὸς
1634 1142 1854 1211 γνήσιος

262 1234 364 1288 καὶ
406 1235 722 1305 μονογενὴς,
758 1231 995 1303 εἰληφὼς
1024 1231 1159 1303 ἔχει.
1208 1232 1346 1285 Ἀλλ’
1375 1235 1437 1286 ού
1480 1234 1574 1287 καὶ
1606 1236 1635 1287 6
1665 1232 1854 1303 Πατὴρ

264 1326 424 1399 παρά
469 1343 613 1389 τινος
656 1326 877 1396 εἴληφεθ
934 1324 1151 1379 πάντων
1183 1324 1226 1378 δ’
1262 1325 1425 1389 αὐτὸς
1466 1325 1542 1379 ὢν
1585 1327 1726 1398 ἀρχὴ
1763 1327 1855 1380 καί

264 1417 423 1489 πηγὴ
453 1418 545 1471 καὶ
576 1417 702 1488 ῥίζα
732 1415 841 1469 τῶν
877 1415 1133 1485 ἀγαθῶν,
1180 1417 1405 1482 εἰκότως
1442 1414 1522 1482 εἷς
1569 1420 1661 1474 καὶ
1697 1419 1856 1491 μόνος

264 1507 653 1580 ἀναγορεύοιτο
682 1506 748 1561 ἂν
777 1506 930 1572 Θεός.

908 1600 1067 1656 ΚΕΦ.
1130 1603 1211 1655 Η’.

278 1692 544 1759 Ὀποίοις
584 1692 815 1763 ῥήμασι
858 1694 1216 1764 Μάρκελλος
1272 1694 1505 1764 ἠρνεῖτο
1564 1694 1669 1747 τὸν
1724 1696 1859 1751 rw.-

908 1763 1014 1818 τοῦ
1048 1764 1218 1820 Θεοῦ.

359 1876 521 1931 ’Δλλά
550 1876 756 1931 τούτων
783 1878 844 1932 ιν
867 1878 1061 1949 ἀγνοίᾳ
1091 1878 1377 1949 τυγχάνων
1409 1878 1487 1951 (6}
1516 1877 1853 1950 Μάρκελλος,

264 1971 334 2024 οὐ
369 1970 615 2041 βούλεται
651 1970 751 2042 μὲν
784 1968 999 2044 ἀληθῶς
1025 1971 1119 2025 τὸν
1142 1971 1271 2024 Υἱὸν
1300 1972 1365 2024 ἐκ
1392 1970 1486 2024 τοῦ
1518 1972 1729 2042 Πατρὸς
1765 1988 1857 2038 γε-

265 2060 586 2131 γεννῆσθαι,
623 2062 700 2126 ὡς
731 2061 857 2115 Υίὺν
892 2062 1071 2127 ζῶντα
1102 2063 1197 2116 καὶ
1240 2062 1545 2132 ὑφεστῶταο
1578 2060 1665 2116 οἷα
1697 2064 1753 2117 δὲ
1772 2064 1857 2116 λό-

266 2171 370 2223 γον
403 2154 565 2210 αὐτὸν
596 2155 929 2226 σημαντικόν
959 2173 1105 2220 τινος
1136 2156 1169 2227 ἢ
1210 2156 1627 2227 προστακτικὸν,
1665 2155 1857 2226 προελ-

267 2244 388 2299 θεῖν
412 2242 507 2297 τοῦ
535 2242 671 2298 Θεοῦ
705 2245 926 2314 φάσκει.
976 2248 1175 2299 ’Λκουε
1204 2246 1249 2299 δ’
1284 2242 1377 2299 οὖν
1409 2245 1734 2309 ἀκαλύπτως
1763 2246 1857 2300 καὶ

266 2335 433 2391 τοῦτο
462 2335 710 2405 λέγοντος
741 2336 906 2391 αὑτοῦ
945 2338 1130 2391 ταῖσδε
1166 2340 1286 2402 ταῖς
1322 2340 1555 2407 φωναῖς⁸
1598 2358 1615 2389 ι
1652 2338 1724 2389 T6
1761 2339 1856 2408 μὲν

274 2447 296 2478 ι
345 2422 436 2481 οὖν
462 2428 565 2499 πρὸ
592 2426 701 2481 τῶν
732 2428 943 2482 αἰώνων
975 2429 1137 2481 αὑτὸν
1162 2427 1525 2498 γεγεννῆσθαι
1555 2428 1724 2497 φῆσαι
1755 2428 1854 2498 (7),

274 2540 296 2572 σ
351 2521 657 2585 ἀκολούθως
688 2522 965 2593 εἰρηκέναι
1004 2520 1171 2575 δοκεῖ.
1207 2521 1456 2590 Γέννημα
1490 2520 1597 2590 γὰρ
1624 2519 1685 2572 τὸ
1720 2536 1854 2590 προ-

275 2633 298 2665 σ
347 2612 500 2667 ελθδν
545 2613 638 2666 τοῦ
682 2613 982 2684 προεμένου
1021 2612 1228 2681 γίνεται
1274 2611 1507 2683 Πατρός,
1543 2610 1770 2681 θάτερον
1810 2612 1854 2663 δ’

278 2722 300 2755 ι
349 2704 448 2755 οὐκ
481 2702 561 2756 ἔτι
591 2702 758 2771 ὑγιῶς
789 2704 897 2756 οὐδ’
926 2703 1164 2767 εὐσεϐῶς
1206 2704 1367 2758 αὐτὸν
1402 2701 1853 2774 παραλέλειπται.

277 2813 297 2846 ι
348 2796 420 2848 Τὸ
448 2796 559 2867 γὰρ
589 2797 663 2869 μὴ
692 2798 863 2866 Λόγον
890 2793 1029 2851 εἶναι
1056 2796 1225 2867 φῆσαι
1254 2796 1347 2850 τὸν
1376 2795 1435 2861 ἐξ
1465 2794 1631 2848 αὐτοῦ
1662 2795 1856 2867 προελ-

276 2905 298 2938 ς
347 2886 509 2941 θόντα
541 2890 655 2958 (καὶ
704 2888 895 2943 τοῦτον
922 2884 1061 2943 εἶναι
1090 2890 1183 2941 τὸν
1216 2889 1315 2960 τῆς
1344 2889 1646 2958 γεννήσεως
1681 2886 1857 2957 ἀληθῆ

276 2999 297 3030 ι
352 2978 609 3049 τρόπον),
661 2978 774 3032 ἀλλ’
818 2978 1034 3050 ἀληθῶς
1069 2980 1195 3033 Υίὸν
1246 2979 1405 3050 μόνον
1452 2978 1689 3050 ἔμφασιν
1736 2996 1857 3031 τινα

276 3084 298 3115 ι
348 3068 457 3128 τοῖς
478 3066 673 3119 ἀκούου
682 3084 763 3120 σιν
786 3067 1131 3140 ἀνθρωπίνης
1142 3068 1317 3137 ὅψεως
1334 3068 1594 3140 παρέχειν
1610 3066 1818 3122 εἴωθεν.
1834 3090 1853 3120 ι

274 3150 391 3208 Εἶθ’
438 3157 518 3211 ὅτι
568 3157 703 3228 μηδὲ
753 3159 1075 3229 γεγέννηται
1131 3162 1194 3213 ἐκ
1229 3158 1323 3213 τοῦ
1365 3161 1580 3231 Πατρὸς
1620 3162 1649 3219 6
1690 3160 1859 3229 Λόγος

1952 608 2008 651 et
2029 597 2241 653 Patrem
2278 598 2433 664 vidit,
2462 598 2591 654 dum
2633 597 2893 654 deitatem
2922 600 3247 671 ingenitam,
3281 601 3447 658 veluti
3480 604 3535 657 in

1950 691 2190 762 imagine
2218 699 2384 761 atque
2409 692 2632 762 speculo
2664 694 2717 747 in
2739 692 2878 749 Filio
2905 694 3413 763 cbaracterisatsm,
3447 696 3535 751 in-

1955 791 2154 836 tuetur.
2194 781 2295 837 Est
2321 785 2459 837 enim
2499 784 2747 853 splendor
2778 796 2990 842 σείει-πω
3034 786 3168 841 lucis
3197 804 3216 841 :
3259 798 3309 843 et
3351 802 3536 856 specu-

1953 872 2061 926 lum
2114 874 2511 935 mundissimum
2554 878 2874 946 operationis
2937 888 3171 948 paterna:
3206 894 3226 932 :
3264 888 3315 934 et
3353 880 3533 950 imago

1956 965 2203 1021 bonitatis
2234 968 2403 1036 ipsius
2439 968 2507 1022 “.
2537 968 2663 1025 Haec
2692 982 2872 1026 autem
2906 972 3088 1026 omnia
3117 987 3241 1027 cum
3274 972 3341 1028 de
3368 972 3535 1029 Patre

1954 1058 2303 1127 suscepisset,
2334 1060 2403 1113 ab
2431 1059 2522 1115 illo
2560 1070 2615 1117 et
2646 1061 2874 1131 gloriam
2904 1063 3226 1132 divinitatis,
3270 1074 3534 1135 tanquam

1960 1148 2125 1207 Filius
2157 1151 2394 1209 dilectus
2433 1162 2487 1208 et
2521 1155 2828 1225 unigenitus
2875 1156 3107 1226 accepit,
3159 1156 3255 1212 sed
3306 1172 3412 1212 non
3459 1157 3535 1211 ita

1957 1242 2118 1298 l-‘ater
2150 1258 2180 1297 a
2224 1258 2498 1314 quoquam
2548 1246 2782 1315 accepit,
2833 1261 2957 1301 cum
3011 1246 3083 1302 sit
3138 1247 3255 1317 ipse
3294 1248 3535 1303 omnium

1956 1332 2285 1402 principium
2331 1343 2385 1388 et
2431 1334 2551 1389 fons
2582 1342 2635 1388 et
2660 1334 2815 1389 radix
2846 1336 3113 1392 bonorum
3138 1352 3154 1405 ;
3177 1336 3317 1393 unde
3340 1337 3537 1393 merito

1960 1436 2097 1478 unus
2124 1431 2178 1478 et
2208 1423 2358 1479 solus
2383 1426 2709 1494 praedicatur
2730 1426 2891 1482 Deus.

2527 1638 2585 1696 >14
2636 1630 2787 1687 CAP.
2832 1631 2965 1688 Vill.

2033 1724 2232 1791 Quibus
2268 1726 2432 1779 verbis
2466 1724 2753 1779 Marcellus
2788 1725 3060 1795 abnegavit
3098 1723 3304 1779 Filium
3348 1724 3463 1780 Dei.

1887 1864 1930 1919 Β
2032 1836 2156 1892 Haec
2186 1853 2307 1893 cum
2343 1838 2554 1906 ignoret
2583 1837 2891 1904 Marcellus,
2918 1852 3027 1892 non
3061 1836 3174 1891 vult
3224 1835 3423 1893 Filium
3469 1835 3536 1892 de

1959 1928 2118 1983 Patre
2148 1944 2334 1985 revera
2366 1940 2570 1995 natum,
2618 1928 2779 1983 veluti
2812 1930 2992 1983 vivum
3015 1939 3070 1983 et
3097 1929 3484 1985 subsistentem
3515 1946 3531 1985 :

1957 2031 2011 2075 at
2046 2022 2112 2077 de
2140 2022 2251 2076 Deo
2279 2036 2559 2090 egressum
2592 2019 2741 2075 illum
2787 2035 2891 2075 non
2923 2020 3080 2075 aliter
3106 2021 3204 2084 ait,
3238 2035 3399 2089 quam
3436 2035 3536 2074 cu-

1952 2114 2123 2183 jusvis
2150 2114 2468 2183 imperativa
2518 2122 2613 2166 aut
2656 2112 2949 2167 indicativa
2999 2128 3098 2167 vox
3143 2112 3209 2168 de
3244 2114 3362 2182 ipso
3397 2112 3529 2168 exit.

1954 2206 2091 2260 Audi
2127 2219 2257 2260 vero
2291 2206 2466 2273 ipsum
2493 2203 2813 2260 clarissimis
2840 2205 3021 2259 verbis
3056 2206 3159 2259 hoc
3199 2204 3341 2258 idem
3387 2204 3535 2259 alitr-

1958 2307 2193 2353 mantem
2221 2296 2311 2367 [ῐὶ.
2336 2295 2531 2362 XXXI,
2564 2296 2716 2361 col|.,
2748 2312 2801 2366 p.
2834 2296 2904 2351 56
2955 2294 3042 2368 8.]
3096 2314 3113 2347 ι
3146 2293 3372 2350 Videtur
3404 2312 3535 2365 ergo

1963 2411 1979 2441 ι
2029 2392 2175 2445 hisce
2214 2397 2611 2459 consequenter
2640 2389 2947 2453 dicendum,
2978 2399 3102 2443 ante
3129 2389 3325 2444 mula
3358 2389 3535 2458 ipsum

1964 2503 1982 2535 ι
2030 2494 2367 2553 generatum.
2414 2482 2548 2537 Nam
2589 2483 2732 2553 quod
2782 2483 2847 2537 de
2900 2482 3062 2537 Patre
3122 2483 3537 2552 praeexsistcnte

1964 2594 1981 2627 ι
2033 2576 2329 2647 egreditur,
2384 2576 2631 2645 genimen
2680 2575 2797 2645 ejus
2824 2584 2927 2631 est.
2968 2575 3127 2630 Aliud
3166 2589 3299 2631 vero
3334 2586 3394 2630 ut
3438 2575 3534 2641 sit,

1964 2687 1982 2719 ι
2029 2669 2134 2723 dici
2181 2682 2287 2722 non
2332 2677 2508 2736 potest
2549 2683 2670 2723 cum
2718 2683 2854 2722 sana
2900 2668 3102 2739 pietate
3155 2665 3530 2736 coniunctum.

1964 2777 1983 2809 ι
2030 2758 2164 2812 Nam
2188 2759 2271 2814 vel
2305 2758 2580 2814 aliirmare
2606 2774 2710 2815 non
2754 2774 2876 2814 esse
2903 2759 3051 2814 illum
3087 2758 3345 2825 Verbum,
3389 2759 3531 2829 quod

1964 2871 1981 2904 ι
2030 2866 2095 2906 ex
2122 2868 2187 2908 eo
2215 2854 2491 2924 egreditur
2525 2854 2603 2925 (et
2628 2854 2771 2909 hunc
2802 2854 2974 2923 ipsum
3009 2868 3128 2909 esse
3179 2868 3321 2910 verae
3367 2868 3534 2924 gene-

1965 2960 1984 2991 ι
2030 2942 2259 2998 rationis
2287 2942 2561 3011 modum),
2606 2944 2702 2997 sed
2736 2958 2864 2997 vere
2886 2942 3106 3007 Filium,
3139 2958 3239 3000 nec
3270 2954 3531 3013 praeterea

1966 3050 1986 3083 ι
2032 3034 2323 3104 quidquam
2375 3050 2389 3087 :
2436 3033 2750 3089 relationem
2802 3036 3088 3105 quamdam
3144 3036 3372 3091 visionis
3429 3037 3535 3089 btt-

1966 3145 1984 3177 ι
2033 3143 2205 3182 mante
2233 3127 2444 3182 videtur
2471 3126 2811 3182 audientibus
2829 3128 3143 3183 exhibere.»
3165 3129 3367 3183 Deinde
3394 3130 3536 3197 quod

272 3215 699 3319 ﬁzptﬂﬁg'c‘dﬁs
751 3215 898 3319 λέγει
1129 3250 1303 3318 λέξιντ
1347 3269 1365 3304 ι
1417 3215 1684 3305 Ὁ.το’ίνύν
1718 3215 1857 3323 ίερὸξ

1965 3233 2136 3287 neque
2185 3215 2416 3272 Verbum
2469 3218 2534 3272 de
2564 3216 2728 3272 Patre
2776 3232 2875 3273 suo
2919 3232 3209 3288 generetur
3269 3220 3537 3284 insinuat,

272 3339 576 3403 ἀπόστολος
605 3341 697 3393 καὶ
729 3341 977 3414 μαθητὴς
1005 3340 1099 3394 τοῦ
1133 3344 1341 3415 Κυρίου
1379 3344 1660 3414 Ἰωάννης,
1696 3344 1861 3401 ἀῖδιό-

271 3446 438 3501 τητος
467 3431 628 3485 αὑτοῦ
647 3432 1019 3503 μνημονεύων,
1048 3433 1253 3505 ἀληθὴς
1276 3435 1524 3503 ἐγίγνετο
1553 3435 1645 3489 τοῦ
1688 3437 1861 3504 Λόγου

278 3522 525 3595 μάρτυςο
593 3524 688 3576 Ἐν
731 3523 889 3593 ἀρχῇ
918 3521 996 3595 ἦν
1024 3527 1052 3578 6
1083 3527 1293 3595 Λόγος,
1329 3527 1428 3580 καί
1471 3530 1503 3581 ό
1551 3530 1744 3598 Λόγος
1786 3525 1863 3598 ἦν

272 3616 429 3685 πρὸς
456 3615 561 3670 τὸν
604 3616 770 3680 Θεὸν,
804 3618 900 3671 καὶ
932 3618 1076 3685 Θεὸς
1101 3616 1179 3690 ἦν
1213 3623 1246 3674 ό
1290 3622 1510 3690 Λόγος·
1568 3620 1718 3674 οὐδὲν
1766 3639 1861 3689 γε·

271 3707 475 3772 νέπως
520 3708 751 3762 ἐνταῦθα
783 3711 1135 3781 μνημονεύων
1178 3712 1273 3765 τοῦ
1316 3714 1512 3781 Λόγου.
1548 3732 1565 3765 ι
1611 3712 1767 3766 Οὕτω
1797 3712 1864 3787 δὴ

274 3800 371 3855 τὸν
414 3800 539 3855 Υίδν
574 3801 668 3855 τοῦ
704 3801 839 3856 Θεοῦ
870 3804 1202 3875 ἀρνούμενος
1227 3805 1321 3859 τὸν
1346 3806 1405 3857 ὲν
1436 3805 1515 3875 τῷ
1542 3806 1661 3876 Θεῷ
1685 3806 1857 3873 Λόγον

277 3894 412 3946 ποτὲ
458 3895 553 3964 μὲν
591 3893 736 3948 ἔνδον
773 3890 913 3948 εἶναι
958 3896 1015 3947 ὲν
1058 3894 1137 3965 τῷ
1186 3894 1305 3967 Θεῷ
1351 3896 1574 3965 ἔφασκε,
1630 3898 1759 3950 ποτὲ
1803 3896 1859 3950 δὲ

276 3985 528 4056 προϊέναι
561 3985 653 4039 τοῦ
687 3984 820 4039 Θεοῦ
841 4002 855 4017 ο
896 3987 990 4040 καὶ
1018 3987 1207 4041 ἄλλοτε
1241 3988 1401 4042 πάλιν
1435 3989 1860 4059 ἀναδραμεῖσθαι

274 4080 361 4141 είς
388 4079 478 4131 τὸν
517 4079 669 4143 Θεὸν,
700 4080 795 4133 καὶ
827 4079 1044 4132 ἔσεσθαι
1077 4080 1134 4132 ὲν
1162 4081 1332 4153 αύτῷ,
1366 4080 1440 4145 ὡς
1472 4083 1566 4135 καὶ
1596 4082 1862 4152 πρότερον

274 4165 367 4239 ἦν.
419 4170 750 4225 Ἐπάκουσον
797 4171 843 4224 δ’
881 4171 1030 4234 ὅπως
1082 4171 1255 4225 ταῦτα
1305 4171 1449 4239 λέγει
1496 4172 1705 4235 τούτοις
1750 4175 1863 4235 τοῖς

279 4262 524 4334 ῥήμασι·
570 4282 588 4314 ι
639 4263 774 4317 Νυνὶ
813 4263 869 4317 δὲ
901 4264 1142 4317 πιστεύω
1193 4266 1314 4328 ταῖς
1364 4264 1535 4338 θείαις
1594 4265 1859 4336 Γραφαῖς,

281 4372 303 4405 ι
352 4354 431 4406 ὅτι
472 4348 551 4417 εἷς
580 4356 608 4407 6
636 4353 790 4419 Θεὸς,
820 4356 914 4408 καὶ
954 4358 981 4407 6
1032 4355 1220 4409 τούτου
1263 4356 1434 4425 Λόγος
1480 4354 1719 4427 προῆλθε
1763 4355 1861 4425 μὲν

282 4461 305 4495 ι
352 4442 445 4496 τοῦ
477 4444 705 4514 Πατρός,
731 4445 818 4498 ἵνα
845 4444 1021 4499 πάντα
1062 4445 1127 4498 δι’
1159 4445 1323 4504 αὑτοῦ
1360 4446 1603 4517 γένηται’
1642 4446 1779 4515 μετὰ
1806 4445 1862 4497 δὲ

1961 3311 2088 3364 dum
2134 3310 2205 3364 ita
2242 3309 2497 3378 loquitur.
2526 3328 2543 3361 ι
2579 3307 2817 3365 Sanctus
2862 3311 2980 3365 ideo
3022 3311 3318 3381 apostolus,
3346 3322 3401 3367 et
3436 3314 3540 3367 Do.

1968 3422 1985 3455 ι
2028 3403 2158 3457 mini
2188 3402 2489 3471 discipulus
2540 3401 2816 3469 Joannes,
2870 3419 2995 3458 uum
3050 3406 3375 3459 :eternitatis
3421 3405 3539 3474 ejus

1970 3514 1987 3546 ι
2037 3496 2366 3549 mentionem
2406 3494 2558 3561 facit,
2592 3496 2906 3550 verissimus
2933 3499 3097 3551 verbo
3126 3497 3281 3551 testis
3310 3496 3543 3552 adbibe-

1969 3607 1986 3638 ι
2037 3596 2144 3651 tur,
2183 3586 2251 3640 1n
2284 3588 2564 3657 principio,
2592 3588 2866 3657 inquiens,
2896 3600 3007 3643 erat
3042 3587 3291 3656 Verbum,
3322 3600 3368 3645 et
3416 3589 3543 3643 Ver-

1969 3701 1986 3733 ι
2036 3681 2159 3735 bum
2197 3680 2329 3735 illud
2386 3692 2497 3737 erat
2549 3686 2690 3752 apud
2744 3682 2932 3747 Deum,
2975 3693 3020 3737 et
3057 3681 3195 3738 Deus
3246 3696 3358 3738 erat
3413 3683 3542 3738 Ver-

1968 3793 1987 3826 ι
2034 3776 2155 3829 bum
2204 3776 2271 3829 ⁸⁵.
2300 3774 2573 3841 Nusquam
2618 3776 2987 3844 generationis
3014 3774 3180 3831 Verbi
3222 3779 3385 3833 istbic
3425 3792 3542 3832 nte-

1969 3888 1987 3920 ι
2035 3869 2207 3922 minit.
2241 3888 2259 3920 ο
2323 3867 2479 3922 Hunc
2506 3869 2571 3922 ad
2606 3870 2820 3923 modum
2856 3867 3052 3923 Filium
3104 3871 3197 3925 Dei
3237 3873 3537 3942 abnegans,

1966 3961 2199 4015 Verbum
2232 3975 2367 4013 vero
2400 3970 2644 4015 statuens
2678 3961 2731 4014 in
2770 3962 2875 4016 Deo
2911 3961 3204 4032 assistens,
3247 3963 3543 4031 aliquando

1966 4050 2093 4105 illud
2145 4054 2289 4107 intus
2340 4052 2391 4105 in
2430 4052 2537 4106 Deo
2582 4052 2698 4105 vult
2744 4068 2887 4119 esse,
2943 4053 3214 4108 interdum
3246 4055 3324 4108 ait
3356 4070 3387 4108 e
3429 4054 3545 4111 Deo

1963 4145 2165 4213 egredi,
2205 4144 2471 4199 interdum
2509 4144 2575 4197 ad
2614 4144 2782 4200 Deum
2817 4160 3117 4210 recurrere,
3144 4146 3315 4217 ipsum
3342 4138 3542 4203 iteruin

1963 4249 2017 4291 et
2050 4238 2101 4291 in
2133 4236 2242 4291 Deo
2288 4237 2434 4291 velut
2470 4246 2627 4291 antea
2677 4218 2935 4303 residere.
2984 4239 3123 4293 Audi
3177 4254 3307 4296 vero
3341 4242 3542 4311 quibus

1964 4330 2143 4386 verbis
2211 4330 2313 4385 hoc
2372 4329 2619 4385 aliirmet.
2682 4329 2793 4403 [Ιί.
2850 4328 2983 4399 Vill,
3029 4332 3154 4388 coll.
3221 4349 3275 4403 p.
3327 4333 3390 4389 41
3450 4333 3533 4406 C]

1970 4442 1988 4475 ι
2036 4424 2207 4479 Credo
2236 4436 2411 4478 autem
2456 4440 2555 4493 ego
2599 4440 2742 4479 nunc
2781 4424 3084 4495 Scripturis
3121 4425 3344 4492 divinis,
3396 4430 3543 4496 quod

282 4553 303 4585 ι
352 4534 441 4586 τὸν
495 4536 683 4607 καιρὸν
718 4537 813 4607 τῆς
867 4539 1121 4609 κρίσεως,
1172 4538 1265 4591 καὶ
1305 4539 1401 4609 τὴν
1444 4516 1552 4590 τῶν
1604 4538 1857 4590 ἁπάντων

1972 4537 1990 4569 ι
2040 4532 2177 4571 unus
2219 4518 2289 4572 sit
2336 4516 2476 4571 Deus
2522 4516 2830 4571 dicentibus
2867 4556 2884 4582 ,
2926 4526 2982 4571 et
3028 4517 3174 4587 quod
3230 4517 3322 4573 Dei
3385 4520 3546 4584 bujns

1984 4628 1993 4630 _
2045 4608 2272 4630 tu-.-“
2307 4607 2563 4630 __-----:.
2608 4608 2667 4630 λ,
2697 4607 2859 4630 πμ-
3023 4606 3196 4630 --.._:-
3243 4621 3342 4630 ..η
3393 4608 3540 4630 ιιι-.--.

283 4648 303 4676 ι
352 4625 654 4695 διόρθωσιν,
700 4629 792 4681 καὶ
835 4629 926 4681 τὸν
975 4630 1283 4699 ἀφανισμὸν
1330 4630 1426 4699 τῆς
1475 4629 1859 4699 ἀντικειμένης

282 4736 303 4767 ι
357 4714 573 4787 ἁπάσης
620 4719 926 4789 ἐνεργείας,
974 4719 1091 4772 τότε
1134 4719 1294 4781 αὐτὸς
1342 4721 1744 4789 ὑποταγήσεται
1783 4720 1861 4790 τῷ

283 4826 306 4859 ι
356 4808 682 4873 ὑποτάξαντι
716 4811 863 4881 αύτῷ
906 4811 975 4866 τά
1020 4814 1195 4867 πάντα
1243 4812 1362 4882 Θεῷ
1408 4813 1502 4865 καὶ
1548 4812 1751 4883 Πατρίο
1796 4813 1861 4866 ἵν’

286 4920 307 4950 ι
352 4897 523 4962 οὕτως
608 4903 664 4952 ἐν
692 4900 769 4971 τῷ
798 4900 915 4972 Θεῷ
952 4905 980 4955 6
1016 4904 1210 4971 Λόγος,
1250 4903 1439 4974 ὥσπερ
1472 4905 1565 4956 καὶ
1594 4904 1859 4975 πρότερον

284 5010 307 5044 s
355 4986 423 5062 ἦν
460 4992 567 5062 πρὸ
613 4992 704 5044 τοῦ
732 4992 822 5045 τὸν
863 4996 1063 5065 κόσμον
1098 4994 1269 5048 εἶναι·
1318 4996 1531 5059 οὐδενὸς
1561 4997 1669 5067 γὰρ
1710 4996 1861 5060 ὄντος

285 5104 308 5135 ι
358 5084 619 5156 πρότερον
659 5081 725 5155 ἦν
762 5084 855 5137 τοῦ
899 5086 1032 5139 Θεοῦ
1069 5088 1253 5158 μόνου,
1287 5086 1503 5141 πάντων
1538 5088 1593 5141 δὲ
1638 5087 1726 5141 διὰ
1767 5086 1860 5140 τοῦ

286 5196 308 5226 ε
357 5177 530 5245 Λόγου
582 5177 825 5250 γίνεσθαι
882 5178 1203 5249 μελλόντων,
1278 5179 1549 5251 προῆλθεν
1616 5182 1644 5233 6
1690 5182 1861 5248 Λόγος

284 5290 307 5321 ι
354 5269 613 5340 δραστικῇ
643 5268 911 5342 ἐνεργείᾳ,
943 5270 1113 5337 Λόγος
1153 5270 1248 5323 τοῦ
1285 5273 1497 5342 Πατρός
1535 5270 1632 5329 ὢν,
1687 5291 1705 5322 ›
1754 5273 1864 5324 Καὶ

286 5359 449 5414 πάλιν
479 5359 577 5431 τὴν
626 5360 796 5432 αὐτὴν
836 5359 1072 5413 διάνοιαν
1116 5359 1432 5431 λευκότερον
1473 5360 1708 5431 τίθησιν,
1760 5353 1862 5413 ὦδε

362 5479 422 5537 ›Ῑ‹
455 5472 552 5527 Ed.
577 5471 778 5539 Paris.,
807 5488 924 5542 pag.
959 5471 1083 5528 ΜΞ.

356 5563 552 5633 “Sap.
582 5581 701 5632 vm,
723 5565 812 5619 26.
888 5565 933 5598 "
958 5565 1113 5624 Joau.
1154 5582 1192 5634 ι,
1222 5567 1268 5621 ι.

357 5677 435 5745 (5)
462 5675 635 5747 Vulgo
660 5680 753 5732 καὶ
791 5696 840 5732 τ.
878 5681 945 5734 ll.

360 5748 440 5816 (θ)
478 5748 646 5814 Vulgo
671 5750 699 5800 6
736 5748 804 5802 Μ.
833 5760 888 5805 et
920 5766 1041 5806 mox
1072 5754 1188 5813 ταῖς
1221 5752 1299 5807 δέ.

351 5818 430 5892 (7i
471 5820 828 5887 Ἁκελούθως
869 5821 1189 5890 εἰρηκέναι.
1222 5824 1316 5880 Cui
1356 5822 1573 5881 tandem
1600 5824 1700 5880 hoc
1732 5823 1859 5877 ἀκό-

1976 4628 1994 4660 ι
2045 4608 2276 4664 Verbum
2306 4607 2571 4677 processit
2604 4608 2670 4661 de
2697 4607 2881 4673 Patre,
2926 4615 2984 4660 ut
3018 4606 3199 4661 omnia
3242 4621 3343 4677 per
3393 4608 3545 4661 illum

1976 4722 1993 4754 ι
2043 4705 2249 4759 tierent.
2287 4703 2355 4756 At
2388 4710 2508 4772 post
2548 4702 2737 4773 judicii
2794 4711 3007 4771 tempus
3052 4701 3435 4765 consummati,
3489 4710 3547 4755 et

1974 4816 1991 4848 ι
2042 4797 2416 4851 universorum
2478 4795 2974 4861 restaurationem,
3052 4806 3107 4852 et
3172 4794 3546 4850 amolitionem

1975 4909 1991 4941 ι
2042 4889 2373 4959 operationis
2407 4887 2808 4957 cujuscunque:
2860 4888 2927 4941 ad
2963 4888 3271 4957 oppositum
3325 4896 3452 4941 tunc
3493 4894 3551 4940 et

1976 5001 1993 5034 ι
2042 4983 2155 5051 ipse
2202 4981 2517 5050 subjicietur
2549 4980 2682 5045 Deo,
2719 4980 2811 5049 qui
2869 4979 3103 5049 subjecit
3136 4979 3232 5049 ipsi
3270 4979 3550 5044 universa,

1976 5094 1992 5127 ι
2036 5085 2091 5129 ιιι
2117 5075 2368 5144 deinceps
2400 5072 2613 5128 iuturus
2649 5075 2719 5128 sit
2764 5072 2945 5128 denuo
2978 5073 3030 5127 in
3068 5072 3177 5126 Deo
3215 5070 3377 5127 Patre
3415 5071 3550 5126 Ver-

1976 5186 1993 5219 ι
2041 5169 2185 5233 bum,
2216 5165 2674 5237 quemadmodum
2710 5165 2910 5231 fuerat,
2962 5164 3275 5232 priusquam
3316 5164 3550 5216 mundus

1974 5280 1993 5313 ι
2041 5263 2386 5316 conderetur.
2421 5258 2555 5313 Nam
2591 5274 2714 5313 cum
2766 5268 2964 5329 praeter
2998 5256 3165 5311 Deum
3213 5255 3347 5309 nihil
3392 5257 3550 5325 plane

1974 5374 1993 5406 ι
2036 5361 2300 5421 exstaret,
2347 5361 2403 5407 et
2454 5365 2549 5421 per
2589 5349 2826 5407 Verbum
2896 5360 3053 5406 erant
3095 5352 3279 5405 omnia
3339 5349 3546 5420 produ-

1974 5678 2199 5758 λουθονῖ
2233 5680 2479 5733 humanae
2509 5677 2886 5758 generationi?
2942 5686 3088 5758 certe
3124 5675 3277 5732 deest
3324 5675 3552 5745 aliquid.

1972 5754 2102 5817 Qua:
2130 5761 2454 5876 sjquu‘intur,
2488 5751 2740 5806 videntur
2782 5757 3034 5819 corrupta
3067 5765 3209 5816 esse,
3256 5760 3356 5803 nec
3403 5765 3431 5801 ιι
3470 5764 3555 5802 me

1972 5837 2137 5877 sanan
2179 5838 2232 5875 ιι.
2331 5858 2345 5875 .
