4068 6316
623 365 728 421 915

1288 370 1557 426 EUbEBII
1589 369 2056 426 CtESARlENSlS
2093 369 2241 424 ()PP.
2284 369 2458 426 PARS
2495 371 2584 425 IV.
2624 403 2693 412 —
2731 368 3150 427 DOGMATICA.
3751 372 3843 430 916

633 507 651 538 ε
698 493 893 554 cenda,
921 489 1177 558 processit
1205 503 1326 542 cum
1369 488 1634 545 elfectuali
1673 489 1908 544 eﬂicacia
1947 491 2175 544 Verbum

2287 489 2502 560 γράφων
2522 509 2534 519 ·
2579 509 2597 540 ι
2636 490 2748 560 ῐΙρδ
2787 489 2892 559 γάρ
2919 488 3014 541 τοῦ
3042 490 3133 542 τὸν
3162 489 3363 559 κόσμον
3399 484 3560 546 εἶναι.
3589 482 3663 560 ἦν
3688 490 3717 542 6
3746 491 3837 542 Λό-

634 601 653 632 ε
700 582 841 651 quod
877 581 1045 635 Patris
1069 592 1208 634 eral.
1240 600 1258 633 ι
1295 583 1464 648 Quam
1507 584 1750 638 eamdem
1790 583 2004 636 demum
2051 598 2178 636 sen—

632 673 850 726 tentiam
906 673 1210 740 expressius
1289 675 1359 726 ita
1401 675 1612 742 posuit:
1651 673 1742 745 [Β.
1788 671 1919 737 LIV,
1951 673 2075 729 coll.
2111 673 2173 727 si

630 764 825 830 0,165
859 764 925 826 Α,
970 765 1069 818 164
1107 763 1189 835 8.]
1230 782 1248 814 ι
1289 765 1422 820 Cum
1464 767 1694 821 nondum
1759 774 1903 818 esset
1948 765 2179 818 mundus

632 874 651 906 ι
699 855 806 919 hic,
845 853 1074 910 Verbum
1109 868 1225 910 erat
1255 859 1308 912 in
1339 858 1501 913 Patre
1528 874 1666 912 suo:
1707 864 1764 922 >11
1803 868 1859 912 at
1903 872 2026 911 cum
2071 856 2180 910 Deo

631 965 648 996 ι
695 948 1049 1015 complaceret
1093 950 1441 1017 omnipotenti
1484 965 1667 1006 creare
1709 951 1886 1006 omnia
1931 965 2056 1020 quae
2125 950 2179 1004 in

631 1056 650 1086 ε
697 1037 848 1092 caelis
873 1049 1108 1094 erantet
1147 1040 1199 1093 in
1228 1051 1389 1104 terra,
1432 1041 1497 1093 ad
1527 1040 1709 1094 mundi
1763 1041 2178 1110 productionem

630 1147 649 1179 ι
699 1131 1071 1196 requirebatur
1114 1132 1357 1200 Operatio
1401 1130 1667 1187 electiva.
1727 1131 1795 1187 Et
1835 1148 1956 1187 cum
1986 1145 2182 1200 praeter

631 1241 649 1272 ι
703 1221 866 1275 Deum
915 1222 1089 1276 solum
1141 1238 1242 1277 non
1297 1232 1537 1278 exstaret
1590 1224 1728 1280 alius
1773 1223 1920 1296 (nam
1965 1225 2034 1279 ab
2068 1226 2182 1295 ipso

631 1333 648 1362 ι
698 1313 869 1370 fuisse
900 1316 1114 1370 condita
1146 1315 1396 1369 universa
1429 1316 1483 1370 in
1518 1316 1769 1371 confesso
1801 1318 2037 1387 ponitur)
2069 1330 2180 1380 tum

631 1424 651 1456 ι
695 1408 992 1475 procedens
1014 1403 1246 1460 Verbum
1283 1405 1432 1470 illud,
1462 1407 1602 1475 quod
1640 1409 1788 1476 prius
1836 1407 2180 1463 intellectuali

631 1516 654 1550 a
703 1498 860 1554 modo
885 1498 1027 1552 intus
1067 1497 1279 1565 agebat,
1334 1500 1666 1566 comparavit
1694 1515 1754 1554 se
1783 1509 1842 1554 ut
1874 1501 2056 1555 mundi
2089 1500 2184 1557 lie-

635 1609 655 1639 ι
705 1599 786 1644 ret
819 1590 1085 1652 conditor,
1117 1607 1137 1640 ι
1165 1588 1434 1644 subinfert
1457 1599 1638 1644 autem
1679 1600 1796 1660 post
1836 1591 1953 1647 haec
2002 1591 2184 1646 omnia

628 1680 868 1732 demum.
910 1695 930 1729 ι
963 1675 1114 1736 Hanc
1147 1676 1217 1732 ob
1258 1693 1498 1744 causam,
1557 1693 1662 1733 non
1710 1681 1944 1751 appellat
1985 1695 2045 1736 se
2089 1680 2180 1736 Dei

2286 603 2304 633 ι
2351 599 2444 650 γος
2478 584 2536 634 ἐν
2568 582 2646 653 τῷ
2676 584 2876 655 Πατρί·
2907 584 2995 636 ὅτε
3033 582 3089 635 δὲ
3123 582 3200 655 (8)
3227 585 3256 636 6
3289 581 3690 652 παντοκράτωρ
3721 581 3840 646 Oak

2286 692 2304 724 ι
2352 675 2525 727 πάντα
2557 675 2628 728 τὰ
2667 691 2726 727 τε
2773 677 2830 728 ὲν
2877 676 3123 746 οὐρανοῖς
3172 674 3266 727 καὶ
3309 675 3402 726 ἐπὶ
3449 675 3554 743 γῆς
3589 672 3839 743 προέθετο

2287 783 2305 815 ι
2350 764 2593 833 ποιῆσαι,
2642 764 2921 836 ἐνεργείας
2965 767 2997 835 ἡ
3046 762 3140 816 τοῦ
3178 763 3380 834 κόσμου
3420 762 3637 832 γένεσις
3681 763 3840 815 ἐδεῖτο

2287 874 2307 908 ι
2352 855 2678 928 δραπικῆς,
2723 859 2815 911 καὶ
2859 857 2944 910 διὰ
2975 855 3163 918 τοῦτο,
3203 855 3428 924 μηδενὸς
3466 856 3623 918 ὄντος
3661 853 3837 924 ἑτέρου

2288 966 2306 998 ι
2352 947 2488 1019 πλὴν
2519 947 2655 1002 Θεοῦ
2704 949 2723 1019 (
2745 950 2922 1002 πάντα
2949 948 3058 1018 γὰρ
3082 947 3418 1018 ὁμολογεῖται
3446 947 3537 999 ὑπ’
3560 945 3730 1000 αὑτοῦ
3751 961 3840 1013 γε-

2287 1058 2306 1090 ι
2350 1039 2701 1110 γεννῆσθαι),
2741 1041 2860 1094 τότε
2892 1042 2922 1094 6
2953 1036 3451 1110 Λόγος,προελθὼν
3496 1038 3712 1106 ὲγίνετο
3753 1036 3838 1091 τοῦ

2286 1149 2305 1182 ι
2349 1131 2552 1202 κόσμου
2604 1132 2854 1202 ποιητὴς,
2903 1134 2932 1186 6
2983 1131 3078 1185 καὶ
3133 1131 3392 1202 πρότερον
3442 1129 3590 1183 ἔνδον
3644 1127 3842 1199 νοητῶς

2287 1242 2306 1274 ι
2352 1223 2653 1295 ἑτοιμάζων
2682 1225 2864 1281 αὐτόν.
2901 1245 2920 1277 s
2954 1225 3064 1278 Καὶ
3093 1219 3248 1287 αὖθις
3283 1222 3420 1294 μετὰ
3450 1221 3630 1276 πάντα
3661 1219 3846 1290 ἐπιφέ-

2286 1331 2367 1384 ρει
2409 1314 2612 1382 λέγων·
2647 1332 2666 1365 ι
2714 1316 2824 1369 Καὶ
2859 1314 2946 1368 διὰ
2989 1314 3146 1369 τοῦτο
3172 1315 3270 1384 οὐχ
3296 1313 3427 1366 Υίδν
3470 1313 3605 1366 Θεοῦ
3657 1312 3841 1366 ἑαυτὸν

2287 1426 2306 1458 ι
2349 1406 2620 1477 ὀνομάζει,
2665 1406 2801 1461 ἀλλὰ
2838 1407 3114 1483 πανταχοῦ
3164 1407 3289 1460 Υίδν
3324 1404 3608 1477 ἀνθρώπου
3659 1403 3844 1458 iam

2287 1518 2307 1551 ι
2351 1499 2500 1567 λέγει
2523 1515 2537 1530 ο
2572 1499 2659 1552 ἵνα
2696 1499 2786 1553 διὰ
2816 1498 2917 1568 τῆς
2945 1498 3203 1570 τοιαύτης
3249 1496 3538 1569 ὁμολογίας
3567 1496 3720 1550 Θέσει
3756 1493 3842 1549 τὸν

2289 1609 2308 1644 ι
2349 1591 2632 1662 ἄνθρωπον
2686 1592 2774 1647 διὰ
2823 1592 2923 1663 τῆς
2975 1590 3112 1663 πρὸς
3163 1590 3324 1644 αὑτὸν
3382 1590 3672 1653 κοινωνίας
3721 1588 3845 1643 Υίὸν

2290 1704 2309 1736 ι
2353 1683 2487 1736 Θεοῦ
2521 1683 2773 1752 γενέσθαι
2806 1683 3201 1757 παρασκευάσῃ
3223 1701 3236 1714 ·
3287 1682 3380 1736 καὶ
3416 1682 3556 1751 μετὰ
3607 1680 3674 1734 τό
3699 1680 3845 1744 τέλος

633 1789 653 1822 ι
698 1769 914 1832 Filium,
947 1771 1039 1824 sed
1068 1771 1265 1839 ubique
1305 1784 1362 1826 se
1394 1780 1550 1826 vocat
1592 1771 1758 1826 ﬁlium
1815 1773 2091 1828 hominis:
2123 1783 2181 1826 ut

2289 1796 2308 1828 ί
2351 1778 2450 1848 τῆς
2486 1775 2737 1848 πράξεως
2780 1773 2964 1841 αὖθις,
2997 1777 3074 1841 ὡς
3125 1776 3327 1844 Λόγος.
3372 1773 3545 1846 two?!
3583 1772 3667 1846 τῷ
3708 1772 3848 1845 Θεῷ.

633 1881 652 1912 ε
697 1876 792 1930 per
819 1861 958 1916 banc
981 1877 1132 1916 suam
1162 1832 1550 1917 confessionem
1589 1878 1710 1916 eum
1738 1865 1828 1934 qni
1855 1873 1972 1918 erat
1995 1865 2175 1932 homo,

2287 1886 2302 1918 ι
2349 1832 2570 1938 πὲζιρόν
2597 1832 2774 1920 ἐκειῷ
2811 1866 2873 1921 τδ
2899 1832 3004 1919 όιὲδ
3029 1832 3122 1919 τις,
3175 1832 3492 1919 inltqu
3519 1832 3847 1934 ’ὶιρῆμένοίοζ

633 1973 652 2000 ε
698 1968 794 2024 per
833 1953 1264 2007 communionem
1316 1966 1436 2008 cum
1470 1951 1648 2008 Verbo
1687 1953 1876 2009 Filium
1919 1955 2011 2009 Dei
2059 1971 2178 2013 esse

632 2065 652 2096 ε
699 2046 1052 2116 disponeret:
1084 2056 1136 2101 et
1163 2056 1537 2102 consummato
1563 2045 1664 2102 hoc
1709 2062 1810 2102 suo
1852 2063 2038 2118 opere,
2075 2049 2174 2103 ite-

633 2157 651 2190 ι
703 2153 820 2193 rum
859 2138 996 2207 ipse,
1033 2137 1180 2192 velut
1219 2137 1453 2193 Verbum
1483 2137 1801 2192 aduniretur
1831 2138 1943 2194 Deo
1971 2156 1986 2202 ;
2011 2139 2091 2195 sic
2123 2150 2181 2194 ut

631 2247 650 2280 ε
699 2229 1011 2298 adimpleret
1047 2229 1173 2283 illud
1212 2229 1353 2298 quod
1381 2229 1669 2297 Apostolus
1699 2229 1933 2290 dicebat.
1960 2229 2108 2284 Tunc
2131 2241 2181 2287 et

631 2339 651 2372 ι
697 2323 806 2388 ipse
850 2321 1155 2389 subjiciatur
1191 2332 1259 2385 et,
1296 2322 1385 2391 qui
1417 2323 1517 2390 ipsi
1557 2322 1737 2376 omnia
1791 2323 2008 2393 subjecit
2049 2323 2178 2388 Deo,

631 2431 652 2463 ι
694 2423 747 2464 ut
777 2413 845 2465 sit
881 2410 1030 2482 Deus.
1047 2413 1222 2466 omnia
1249 2412 1304 2463 in
1325 2412 1562 2464 omnibus
1586 2410 1651 2464 ⁸⁸.
1685 2407 1838 2466 Tunc
1865 2422 2045 2466 autem
2066 2428 2183 2468 om-

631 2523 650 2553 ε
695 2504 782 2557 nia
814 2505 962 2567 ﬁent,
993 2519 1112 2573 qua:
1141 2503 1290 2572 prius
1315 2501 1552 2557 fuerant.
1578 2521 1598 2555 ι
1630 2501 1756 2558 Haec
1778 2517 1898 2558 cum
1919 2505 1984 2559 de
2009 2502 2182 2559 Verbo

627 2594 913 2650 Marcellus
940 2597 1206 2650 edisserat
1226 2633 1244 2661 ,
1275 2594 1367 2649 illo
1397 2595 1650 2650 nimirum
1683 2603 1902 2665 pr0pter
1929 2595 2072 2663 quod
2103 2595 2183 2650 lo-

625 2687 773 2754 gicos
809 2686 950 2741 Dens
989 2686 1205 2753 dicitur,
1244 2686 1298 2740 in
1337 2687 1603 2742 maximas
1649 2688 1842 2742 incidit
1878 2689 2181 2757 angustias,

2283 1979 2302 2010 ε
2356 1959 2493 2014 Τότε
2518 1958 2701 2025 αὐτὸς
2725 1957 3165 2029 ὑποταγήσεται
3199 1957 3282 2024 τῷ
3301 1956 3667 2021 ὑποτάξαντι
3692 1953 3852 2020 αὐτῷ

2285 2071 2302 2104 ι
2345 2051 2417 2105 τὰ
2442 2050 2656 2117 πάντα,
2683 2052 2784 2105 ἵνα
2804 2045 2848 2122 ᾖ
2871 2051 2945 2106 τὰ
2972 2051 3170 2104 πάντα
3194 2050 3294 2104 κοί
3311 2050 3382 2103 ἐν
3404 2046 3595 2104 πᾶσιν
3617 2050 3655 2103 ό
3686 2048 3845 2115 Mc.

2285 2159 2304 2193 ι
2355 2141 2546 2194 Ἔσται
2585 2141 2693 2212 γὰρ
2721 2139 3020 2212 τηνικαῦτα
3055 2139 3202 2194 τοῦθ’
3233 2139 3370 2203 ὅπερ
3410 2137 3676 2211 πρότερον
3701 2133 3792 2210 ἦν.
3826 2157 3845 2189 a

2283 2231 2528 2285 Τοσαῦτα
2572 2231 2890 2302 Μάρκελλος
2935 2231 3063 2304 περὶ
3098 2229 3189 2284 τοῦ
3223 2229 3398 2297 Λόγου
3430 2227 3637 2295 εἰπὼν,
3666 2228 3763 2283 τοῦ
3796 2228 3853 2282 ἑν

2284 2322 2361 2394 τῷ
2399 2321 2539 2394 Θεῷ,
2583 2321 2703 2376 καθ’
2734 2321 2764 2375 6
2792 2320 3021 2394 νοοῦμεν
3068 2322 3229 2376 αὐτὸν
3262 2319 3477 2388 λογικόν
3508 2315 3681 2383 εἶναι,
3709 2318 3854 2390 δεινῇ

2285 2413 2559 2486 δυσχωρίᾳ
2579 2413 2983 2486 περιπέπτωκε,
3009 2412 3284 2484 τολμήσας
3307 2413 3462 2476 ἐκτὸς
3482 2410 3576 2466 τοῦ
3598 2409 3738 2465 Θεοῦ
3770 2426 3858 2477 γε-

2285 2505 2498 2574 γονέναι
2545 2505 2676 2558 ποτε
2731 2505 2896 2575 φάναι
2927 2505 3018 2558 τὸν
3058 2508 3116 2560 ὲν
3156 2503 3306 2576 αὐτῷ
3325 2504 3521 2575 Λόγον,
3556 2503 3654 2558 καὶ
3694 2502 3856 2557 πάλιν

2287 2597 2435 2660 ἐντὸς
2466 2595 2630 2650 αὑτοῦ
2661 2597 2797 2668 μετὰ
2823 2597 2912 2650 τδν
2944 2597 3134 2670 καιρὸν
3164 2600 3264 2669 τῆς
3299 2597 3552 2670 κρίσεως
3591 2596 3659 2650 ἶν’
3688 2595 3859 2659 οὕτως

2285 2685 2321 2763 ᾗ
2355 2692 2413 2744 ὲν
2441 2689 2519 2760 τῷ
2543 2689 2662 2763 Θεῷ
2692 2691 2910 2756 ἑνωθεὶς
2941 2686 3112 2764 αὐτῷ,
3137 2691 3328 2763 ὥσπερ
3354 2691 3448 2745 καὶ
3471 2690 3738 2763 πρότερον
3767 2684 3856 2760 ἦν.

625 2793 788 2832 ausus
819 2775 1089 2830 aﬂirmare
1119 2786 1276 2831 extra
1304 2775 1470 2830 Deum
1512 2777 1842 2846 processisse
1879 2777 2172 2847 aliquando
2209 2782 2302 2848 qui
2353 2782 2406 2835 in
2444 2781 2552 2837 Deo
2590 2792 2709 2837 erat
2743 2783 2904 2852 logon
2941 2801 2954 2836 :
2987 2793 3045 2838 et
3103 2797 3294 2840 rursus
3351 2791 3474 2854 post
3499 2781 3693 2852 iudicii
3721 2790 3859 2836 tem-

625 2886 725 2941 pus
784 2870 948 2924 Deum
980 2870 1153 2924 denuo
1225 2870 1639 2941 ingressurum:
1676 2879 1736 2925 ut
1804 2871 1876 2925 ita
1911 2870 2128 2926 demum
2171 2873 2428 2930 adunitus
2467 2875 2577 2932 Deo
2615 2876 2897 2942 subsistat,
2946 2876 3404 2946 quemadmodum
3443 2884 3502 2930 et
3536 2873 3692 2945 prius
3719 2872 3856 2929 stab-

622 2965 858 3021 stiterat.

1257 3057 1411 3113 CAP.
1448 3056 1536 3114 IX.

731 3150 1005 3220 Rcfutatio
1041 3165 1297 3219 peruersa:
1329 3151 1489 3220 hujus
1529 3151 1756 3206 hominis
1788 3152 2078 3205 sententia.

695 3245 849 3302 Nunc
908 3246 1124 3302 demum
1185 3246 1252 3300 ad
1311 3245 1770 3317 interrogationes
1841 3248 2180 3316 respondeat.

2946 3059 3104 3113 ΚΕΦ.
3144 3058 3228 3113 Θ’.

2455 3153 2742 3220 Ἔλεγχος
2774 3146 2885 3218 τῆς
2910 3150 3019 3205 τοῦ
3040 3149 3269 3217 ἀνδρὸς
3301 3147 3685 3215 κακοδοξίας.

2357 3243 2497 3315 Ὥρα
2532 3243 2709 3298 τοίνυν
2757 3239 3032 3313 ἐρωτῶσιν
3058 3242 3188 3312 ἡμῖν
3229 3239 3392 3293 αὐτὸν
3437 3241 3856 3312 ἀποκρίνασθαι.

623 3337 766 3406 Quid
804 3338 871 3393 de
906 3346 1150 3406 tempore
1175 3337 1498 3392 intermcdio
1521 3339 1724 3393 sentire
1754 3337 2034 3402 debemus,
2062 3354 2181 3392 cum

2287 3335 2350 3388 Τί
2378 3331 2471 3390 οὖν
2498 3336 2556 3390 ὲν
2574 3333 2652 3405 τῷ
2680 3333 2880 3406 μεταξὺ
2909 3332 3105 3407 χρόνῳ,
3129 3333 3218 3387 ὅτε
3244 3333 3401 3398 ὲκτδς
3422 3327 3492 3404 ἦν
3520 3333 3551 3386 6
3571 3333 3743 3402 Λόγος
3763 3329 3863 3386 τοῦ

623 3442 782 3488 extra
818 3431 983 3485 Deum
1019 3440 1165 3485 esset
1202 3430 1395 3501 logos?
1436 3429 1717 3497 Quomodo
1751 3431 2132 3501 egrediebatur
2162 3431 2181 3484 Ξ

2287 3427 2444 3493 Θεοῦ,
2476 3430 2744 3500 προσήκει
2765 3429 2939 3493 νοεῖν;
2967 3423 3093 3488 Πῶς
3122 3425 3180 3479 δὲ
3227 3424 3533 3497 προῆλθενς
3587 3425 3675 3478 Ἐν
3697 3424 3862 3495 ὁποίᾳ

623 3525 726 3592 Qui
759 3533 929 3579 status
957 3523 1050 3578 Dei
1087 3522 1261 3577 fuerat
1299 3521 1508 3577 interea
1533 3521 1659 3577 dum
1701 3523 1860 3592 logon
1887 3523 1941 3576 in
1971 3537 2033 3578 se
2080 3523 2181 3578 sibi

2287 3519 2339 3572 δὲ
2363 3515 2431 3592 ἦν
2463 3519 2572 3590 ἄρα
2599 3518 2928 3573 καταστάσει
2959 3519 2988 3572 6
3016 3516 3170 3580 Θεὸς,
3197 3517 3271 3587 μὴ
3304 3516 3445 3587 ἔχων
3466 3517 3525 3570 ὲν
3555 3516 3739 3587 ἑαυτῷ
3763 3515 3861 3570 τδν

621 3618 899 3689 proprium
930 3629 1036 3669 non
1066 3614 1333 3671 haberet?
1375 3614 1420 3669 si
1454 3614 1598 3669 enim
1641 3622 1762 3683 post
1813 3615 1998 3669 mundi
2051 3629 2181 3669 con-

2287 3615 2486 3667 οἰκεῖον
2516 3612 2688 3681 Λόγον
2711 3629 2726 3678 ;
2748 3612 2797 3664 εἰ
2825 3609 2933 3682 γάρ
2961 3609 3054 3664 ἐπὶ
3088 3607 3166 3681 (9)
3211 3609 3493 3682 συντελείᾳ
3520 3608 3615 3663 τοῦ
3659 3607 3861 3674 παντὸς

622 3709 1040 3768 summationem
1066 3709 1122 3764 in
1163 3708 1273 3764 Deo
1299 3709 1406 3763 erit
1443 3709 1612 3780 logos.
1655 3708 1732 3763 uti
1781 3708 1932 3778 prius
1985 3708 2181 3776 fuerat,

2287 3705 2436 3760 ἔσται
2473 3706 2503 3759 6
2542 3705 2714 3774 Λόγος
2735 3706 2795 3759 ὲν
2824 3701 2902 3775 τῷ
2947 3703 3084 3775 Θεῷ,
3118 3703 3307 3776 ὥσπερ
3355 3705 3451 3757 καὶ
3500 3703 3765 3775 πρότερον
3791 3698 3861 3774 ἦν

622 3803 896 3872 quomodo
931 3801 1037 3857 erit
1071 3798 1250 3872 Logos
1284 3815 1315 3856 e
1345 3801 1454 3855 Deo
1477 3800 1780 3869 egressus?
1822 3801 1866 3854 si
1904 3803 2049 3856 enim
2088 3817 2181 3871 per

2287 3800 2394 3873 πρὸ
2425 3798 2519 3854 τοῦ
2543 3815 2738 3871 καιρου
2768 3798 2865 3869 τῆς
2888 3797 3216 3863 συντελείας,
3248 3797 3366 3861 πῶς
3391 3796 3544 3852 ἔσται
3570 3799 3599 3852 6
3623 3796 3800 3865 Λόγος
3829 3797 3858 3849 6

623 3909 684 3949 se
727 3893 1032 3950 subsistens
1078 3908 1108 3947 a
1169 3892 1278 3948 Deo
1335 3904 1457 3948 erat
1491 3895 1650 3960 alius,
1687 3903 1798 3948 tum
1847 3893 2181 3951 lrustraneus

2287 3891 2563 3964 προελθὼν
2576 3890 2670 3944 τοῦ
2693 3888 2827 3944 Θεοῦ
2847 3906 2864 3957 ;
2886 3890 2949 3943 Ei
2973 3890 3070 3961 μὲν
3081 3890 3208 3964 γὰρ,
3240 3888 3362 3943 καθ’
3386 3889 3575 3943 ἑαυτὸν
3593 3887 3860 3960 ὑφεστὼς,

622 3995 712 4040 est
759 3985 936 4040 omnis
980 3983 1217 4041 Marcelli
1268 3983 1443 4040 labor.
1493 3985 1648 4053 Quod
1700 3986 1747 4040 sl
1802 3995 1956 4042 extra
2017 3987 2181 4042 Deum

2287 3986 2473 4056 ἔτερος
2499 3985 2746 4054 ἐγίγνετο
2772 3981 2866 4036 τοῦ
2890 3981 3050 4060 Θεοῦ,
3076 3983 3305 4054 μάταιος
3329 3985 3357 4037 6
3384 3982 3708 4055 Μαρκέλλου
3761 3982 3861 4035 πό-

621 4092 878 4148 egressus
915 4077 1084 4148 logos,
1128 4087 1452 4135 utnostrum
1507 4078 1837 4149 prolatitium
1884 4080 2024 4135 solet
2059 4094 2181 4136 ver-

2288 4094 2377 4141 νος
2399 4093 2412 4106 ·
2444 4077 2495 4130 εί
2519 4075 2597 4140 δὲ,
2629 4075 2720 4129 καὶ
2754 4071 3031 4144 προελθὼν
3046 4070 3140 4126 τοῦ
3167 4071 3326 4137 Θεοῦ,
3368 4072 3508 4127 κατὰ
3537 4072 3629 4126 τὸν
3654 4075 3860 4144 ὲνὴμίν

622 4171 775 4233 bnm,
829 4177 981 4224 extra
1041 4168 1209 4225 Deum
1269 4171 1647 4240 permanebat,
1693 4171 2036 4241 inseparatus
2074 4181 2181 4225 tum

2289 4168 2621 4241 προφορικδν
2648 4166 2826 4236 λόγον,
2843 4165 3000 4236 ἔμενε
3027 4164 3122 4218 τοῦ
3151 4164 3366 4238 Πατρός
3389 4162 3714 4237 άχὼριστος,
3730 4167 3858 4221 οὐκ-

623 4269 774 4315 certe
820 4275 1057 4330 semper,
1100 4269 1156 4316 et
1200 4261 1348 4316 omni
1392 4270 1638 4331 tempore
1694 4262 1859 4317 etiam
1911 4272 2023 4317 tum
2064 4277 2181 4317 cum

2292 4262 2388 4317 οῦν
2428 4263 2516 4316 ἀεὶ
2549 4262 2644 4316 καὶ
2671 4259 2760 4314 διὰ
2792 4259 2990 4324 παντὸς
3008 4254 3076 4331 ἦν
3102 4260 3160 4311 ὲν
3192 4257 3272 4330 τῷ
3302 4257 3442 4330 Θεῷ.
3469 4259 3564 4313 καὶ
3592 4260 3684 4312 ὅτε
3709 4259 3862 4332 ἑνήρν

623 4362 962 4423 operaretur,
995 4364 1114 4408 erat
1157 4354 1303 4408 intus
1339 4353 1391 4406 in
1435 4355 1562 4407 Deo.
1599 4359 1657 4417 ἧι
1684 4354 1835 4419 Quod
1876 4354 1919 4409 si
1959 4355 2062 4419 sic,
2096 4363 2181 4409 tau

2289 4373 2397 4426 γει.
2424 4354 2548 4418 Πῶς
2570 4349 2662 4408 οὖν
2687 4357 2766 4418 εἰς
2793 4353 2885 4406 τὸν
2909 4352 3009 4422 τῆς
3041 4351 3274 4424 κρίσεως
3303 4350 3618 4422 ἀναπέμπει
3646 4349 3858 4422 καιρὸν,

623 4453 747 4492 men
779 4438 1035 4501 undetlit,
1077 4450 1134 4494 ut
1164 4441 1216 4494 in
1255 4441 1395 4496 diem
1421 4438 1612 4508 judicii
1644 4443 2181 4511 comperendinetur!

2291 4447 2413 4500 τότε
2442 4445 2617 4516 λέγων
2646 4445 2810 4500 αὑτὸν
2853 4439 3218 4516 ὲνωθήσεσθαι
3243 4443 3322 4514 τῷ
3359 4442 3498 4514 Θεῷ,
3521 4443 3617 4497 καὶ
3639 4441 3859 4498 ἔσεσθαι

623 4531 701 4584 ait
733 4529 876 4584 enim
909 4541 1034 4586 tunc
1065 4532 1173 4586 Deo
1223 4533 1370 4587 illum
1425 4535 1875 4600 readnniendum,
1907 4543 1961 4590 et
2002 4551 2181 4607 perpe-

2293 4540 2483 4612 ὥσπερ
2507 4539 2601 4594 καὶ
2634 4539 2896 4611 πρότερον
2931 4532 3036 4609 ἦν;
3064 4536 3128 4590 Εἰ
3147 4538 3258 4608 γὰρ
3284 4535 3406 4591 τότε
3432 4535 3586 4590 ἔσται
3619 4535 3732 4608 (10)
3755 4534 3862 4590 ita.

628 4634 720 4677 tuo
751 4621 1014 4689 futurum,
1045 4625 1185 4680 sicut
1213 4626 1342 4680 olim
1377 4627 1527 4696 prius
1565 4627 1666 4683 fuit
1694 4647 1707 4683 :
1763 4630 1861 4684 sed
1909 4643 2010 4684 nec
2039 4629 2181 4698 logos

2295 4650 2402 4704 περ
2431 4632 2523 4701 καὶ
2553 4632 2816 4703 πρότερον
2845 4627 2933 4702 ἦν,
2967 4629 3091 4684 οὔτε
3127 4633 3157 4684 6
3178 4629 3369 4698 Λόγος,
3397 4631 3424 4682 6
3465 4628 3742 4699 προελθὼν
3765 4628 3861 4683 τοῦ

623 4714 717 4784 qui
754 4715 822 4770 de
875 4715 981 4771 Deo
1032 4719 1316 4786 processit,
1357 4721 1532 4790 qualis
1569 4731 1687 4776 erat
1735 4723 1905 4791 prius,
1953 4724 2181 4778 exstabit

2291 4725 2446 4790 Θεοῦ,
2476 4727 2658 4787 ὁποῖος
2686 4719 2754 4795 ἦν
2781 4723 3064 4796 πρότερον,
3092 4721 3342 4795 ὑπάρξει.
3379 4720 3537 4776 nam
3563 4722 3660 4776 καὶ
3705 4722 3864 4786 αὐτὸς

626 4810 771 4873 talis,
800 4810 893 4865 sed
928 4821 982 4866 et
1018 4813 1158 4868 Deus
1190 4815 1273 4868 sui
1309 4817 1479 4884 ipsius
1505 4818 1787 4874 dissimilis
1819 4818 2036 4877 futurus
2060 4830 2181 4876 est:

2287 4819 2315 4870 6
2347 4816 2478 4879 Θεὸς
2520 4814 2673 4868 ἔσται
2723 4811 2900 4882 ἑαυτῷ
2953 4812 3225 4882 ἀνόμοιος,
3256 4809 3422 4865 πάλαι
3467 4809 3568 4882 μὲν
3611 4809 3751 4881 ἔχων
3803 4811 3864 4863 ἐν

625 4911 815 4971 utpote
843 4903 934 4969 qui
963 4903 1092 4957 olim
1139 4904 1300 4974 logon
1354 4922 1517 4962 suum
1563 4911 1615 4964 in
1662 4926 1722 4966 se
1757 4912 2012 4978 habebat,
2039 4924 2093 4968 et
2133 4914 2181 4966 in

2288 4907 2465 4977 ἑαυτῷ
2484 4907 2574 4960 τὸν
2600 4904 2799 4973 Λόγον,
2832 4903 2928 4956 καὶ
2953 4903 3045 4955 ἐπὶ
3070 4901 3348 4974 συντελείᾳ
3371 4900 3464 4955 τοῦ
3494 4900 3694 4964 παντὸς
3729 4901 3865 4956 ἁπο-

626 4993 733 5048 line
766 4996 947 5049 mundi
988 4997 1236 5052 eumdem
1264 5012 1657 5070 resumpturns,
1697 5013 1751 5059 et
1773 5006 1988 5060 futurus
2011 5007 2188 5075 qualis

623 5085 752 5138 olim
781 5089 930 5152 prius
957 5086 1172 5142 fuerat:
1203 5090 1411 5146 interea
1454 5097 1712 5164 temporis
1746 5098 2086 5153 dissimiliter
2129 5114 2187 5152 se

629 5176 932 5231 habiturus.
982 5177 1086 5233 Sed
1115 5188 1171 5233 et
1205 5179 1356 5252 logos
1383 5184 1449 5238 ad
1481 5187 1728 5242 eumdem
1777 5189 1993 5242 modum
2031 5198 2183 5242 extra

629 5267 794 5322 Deum
827 5271 1057 5338 positus,
1091 5286 1196 5326 non
1232 5272 1444 5329 futurus
1468 5288 1552 5331 est
1592 5279 1661 5341 is,
1703 5280 1792 5346 qui
1831 5281 1980 5349 prius
2014 5281 2190 5334 fuerat

623 5371 748 5414 ante
797 5363 979 5416 mundi
1034 5368 1573 5422 consummationem.
1631 5369 1853 5440 Ecquid,
1915 5373 2064 5428 hisce
2113 5371 2188 5425 ita

698 5481 756 5537 ›Ῑ‹
785 5475 885 5533 Ed-
909 5475 1108 5540 Paris.,
1137 5495 1289 5552 pagg.
1322 5483 1443 5550 115,
1476 5486 1596 5543 114.

693 5566 739 5598 ⁸⁸
766 5566 784 5620 l
813 5567 937 5622 Cor.
968 5592 1062 5634 xv,
1089 5570 1179 5626 28.

699 5660 775 5727 (8)
806 5659 976 5742 Vulgo
995 5663 1074 5742 τῷ
1109 5667 1523 5742 παντοιιράτορα
1548 5666 1667 5742 Θεῷ
1692 5677 1745 5722 et
1770 5668 1869 5739 τὴν
1899 5687 2006 5742 πρ.
2027 5670 2186 5742 αὐτὸν

626 5731 908 5852 κοινωνὲαν
940 5742 995 5789 et
1023 5731 1141 5792 loco
1168 5731 1418 5807 πράξεως
1449 5731 1512 5791 11.
1546 5731 1777 5809 κρίσεως
1806 5731 1858 5795 et
1879 5731 1999 5797 dein
2032 5741 2189 5810 vulgo

626 5816 797 5852 ουτως
843 5818 902 5852 .ν.

626 5816 797 5863 ουτως
818 5816 902 5871 ην.

2289 4998 2593 5069 ληψόμενος
2658 4995 2842 5060 αὐτὸν,
2879 4994 2973 5048 καὶ
3027 4993 3310 5065 γινόμενος
3351 4993 3492 5048 τότε.
3535 4992 3648 5064 (11)
3676 4991 3864 5065 ὥσπερ

2291 5090 2673 5162 καὶπρότερον
2715 5084 2813 5157 ἦν·
2850 5089 2908 5140 ὲν
2942 5086 3000 5141 δὲ
3031 5085 3108 5157 τῷ
3143 5085 3346 5158 μεταξὺ
3381 5085 3556 5157 χρόνῳ
3598 5083 3866 5154 ἀνομοίως

2293 5184 2561 5256 κείμενος.
2587 5183 2698 5237 Καὶ
2737 5183 2766 5234 6
2797 5181 2967 5249 Λόγος
3007 5181 3065 5234 δὲ
3095 5179 3374 5242 ὡσαύτως,
3403 5177 3562 5241 ἐκτὸς
3591 5176 3684 5230 τοῦ
3724 5173 3867 5230 Θεοῦ

2293 5276 2601 5347 γενόμενος,
2635 5273 2734 5325 οὐκ
2752 5271 2902 5325 ἔσται
2930 5270 3036 5342 πρὸ
3064 5271 3164 5341 τῆς
3193 5269 3497 5332 συντελείας
3521 5266 3613 5321 τοῦ
3639 5266 3866 5331 παντὸς,

2295 5363 2404 5431 οἶος
2430 5362 2498 5436 ἦν
2527 5364 2810 5435 πρότερον.
2855 5361 2966 5415 Καὶ
2999 5361 3083 5425 τίς
3112 5360 3179 5414 ἂν
3211 5359 3414 5414 τούτων
3443 5357 3868 5429 δυσσεϐέστερος

2370 5667 2445 5738 (9)
2472 5667 2641 5736 Vulgo
2662 5669 2746 5738 τῇα
2762 5683 2908 5720 συντ.
2929 5676 2984 5721 et
3014 5681 3138 5723 mox
3164 5665 3258 5720 καὶ
3290 5664 3350 5717 τδ
3385 5661 3665 5734 πρότερον.

2367 5736 2478 5804 (10)
2514 5738 2681 5806 Vulgo
2705 5736 2875 5792 ὥστε.

2369 5813 2476 5879 (ll)
2517 5807 2621 5877 .‘llp.
2648 5808 2717 5860 ῗσ.
2748 5807 2935 5878 ὅσπερ.
