4068 6316
330 352 437 410 9ιῖ
1258 346 1346 401 DE
1386 340 1923 401 ECCLESIASTICA
1965 338 2359 396 THEOLOGIA
2401 337 2528 392 LIB.
2569 335 2633 390 ll.
3504 328 3606 382 9l3

333 467 531 537 γένοιτ’
566 465 631 518 ἂν
672 465 864 532 λόγος;
899 462 1073 523 Ὀλως
1123 458 1230 530 7&9
1264 459 1324 511 τὸ
1354 453 1446 528 ἦν,
1496 457 1588 509 καὶ
1648 458 1708 506 τὸ
1753 455 1916 506 ἔσται.

2036 454 2244 522 positis.
2291 453 2464 520 magis
2497 451 2717 516 impium
2746 445 2941 516 poterit
2977 459 3093 498 esse
3117 445 3140 496 ?
3171 442 3404 498 Omnino
3438 443 3605 507 enim,

333 559 515 613 καὶτὸ
556 557 858 626 γεγονέναι,
905 554 1034 606 ποπτέ
1069 555 1163 606 καὶ
1197 552 1381 614 πάλιν,
1409 551 1644 622 μέλλειν,
1677 547 1916 609 ἔσεσθαι,

2033 557 2176 611 erat,
2220 547 2349 611 erit,
2381 545 2624 597 laturum
2657 549 2758 604 est,
2797 538 3104 608 aliquando,
3138 539 3357 603 iterum,
3392 536 3605 589 contin-

332 651 438 721 τῆς
473 651 528 702 ἐν
581 648 757 718 χρόνῳ
790 643 1094 715 μεταϐολῆς
1145 642 1272 696 ὄντα
1312 640 1606 714 δηλωτικὰ,
1665 637 1916 708 ἀλλότρια

2023 654 2176 707 gens,
2234 647 2289 693 et
2337 650 2459 706 qua:
2506 645 2632 690 sunt
2667 633 2986 688 mutationis
3037 631 3234 684 indicia
3270 630 3323 682 in
3367 639 3607 696 tempore.

333 740 406 794 ἂν
426 742 509 812 εἴη
544 741 642 810 τῆς
667 739 897 816 άχρόνου
947 738 1040 789 καὶ
1075 736 1312 805 ἁνάρχου
1360 734 1455 787 καὶ
1503 734 1796 801 ἁγεννήτου
1827 732 1916 783 καὶ

2026 732 2209 797 factm,
2252 733 2430 786 aliena
2479 739 2606 784 sunt
2651 741 2880 800 prorsus
2926 742 2954 779 a
3007 723 3311 779 substantia
3360 721 3448 776 illa
3489 737 3607 791 qua:

331 830 694 887 ἀναλλοιώτου
727 830 932 892 οὐσίας.
964 829 1076 896 Ἐφ’
1099 824 1187 899 ἧς,
1207 827 1268 880 τὸ
1281 823 1421 879 εἶναι
1445 826 1601 896 μόνον
1627 823 1916 894 ἐπιπρέπει

2023 837 2105 878 est
2169 825 2286 877 sine
2348 833 2615 893 tetupore,
2675 818 2967 889 principio,
3017 813 3389 884 generatione,
3432 825 3606 867 mula-

335 927 479 977 νοεῖν
499 941 512 953 ο
547 925 641 976 καὶ
669 917 806 975 εἶναι
838 921 1271 992 ἀπαραλλάκτως
1311 919 1397 972 ἀεὶ
1426 918 1536 988 (12)
1556 917 1697 971 κατὰ
1726 916 1793 970 τὰ
1823 919 1916 969 αὺ-

2027 920 2188 971 tione.
2229 916 2304 970 De
2336 931 2443 984 qua
2481 914 2658 968 solum
2690 911 2822 967 Esse
2855 908 3200 976 cogitandum
3228 915 3312 960 est
3347 916 3439 971 ;et
3473 904 3608 958 Esse

331 1017 433 1082 τὰ,
471 1016 564 1068 καὶ
584 1015 844 1076 ὡσαύτως
864 1013 1110 1085 ἔχουσαν,
1146 1012 1224 1082 μὴ
1254 1010 1600 1083 μειουμένην,
1618 1010 1690 1080 μὴ
1710 1026 1772 1061 συ
1781 1007 1916 1060 στελ-

2026 1011 2248 1078 quidem
2314 1007 2749 1062 immutabiliter.
2791 1003 2966 1070 Quam
3016 1001 3264 1055 eamdem
3315 1009 3370 1054 et
3414 998 3608 1052 eodem

333 1107 596 1178 λομένην,
634 1105 708 1178 μὴ
763 1106 1168 1175 ἐκτεινομένην,
1216 1103 1291 1175 μὴ
1334 1101 1762 1172 ἐξαπλουμένην,
1796 1100 1917 1172 μηδ’

337 1198 498 1261 ἐκτός
520 1214 572 1250 τι
595 1198 684 1252 καὶ
712 1198 862 1261 ἐντὸς
888 1199 1088 1266 ἐαυτὴς
1120 1195 1364 1263 ἔχουσαν,
1388 1192 1706 1265 μηδ’άλλοτε
1753 1191 1918 1262 ἄλλην

331 1292 691 1362 γιγνομένην,
746 1291 866 1362 μηδ’
899 1291 1084 1360 ἕτερον
1120 1290 1218 1358 μὲν
1261 1283 1427 1340 οὖσαν
1462 1288 1748 1358 πρότερον,
1800 1283 1917 1338 εἶτα

332 1382 470 1436 ἄλλο
496 1401 554 1437 τι
586 1381 936 1453 γιγνομένην,
969 1383 1063 1435 και
1100 1380 1262 1433 πάλιν
1302 1381 1383 1441 εἰς
1430 1379 1491 1432 τὸ
1528 1381 1753 1449 ἀρχαῖον
1786 1379 1920 1431 ἀπο-

334 1473 771 1546 καθισταμένην.
804 1476 872 1527 Ἀ
893 1473 956 1545 δὴ
985 1471 1302 1543 Μάρκελλος
1328 1471 1528 1541 ἐτόλμα
1570 1469 1917 1524 ὑποτίθεσθαι

337 1565 511 1619 πάλαι
539 1567 636 1636 μὲν
669 1565 843 1634 λέγων
892 1559 1030 1617 εἶναι
1067 1564 1156 1616 τὸν
1191 1563 1347 1627 Θεὺν,
1388 1562 1480 1615 καί
1526 1579 1647 1615 τινα
1688 1562 1917 1633 ἡσυχίαν

331 1656 458 1726 ἅμα
485 1656 564 1727 τῷ
595 1656 715 1728 Θεῷ
759 1656 1094 1728 ὑπογράφων
1144 1653 1321 1724 ἐαυτῷ
1353 1656 1472 1706 κατ’
1515 1653 1676 1707 αὑτὸν
1713 1656 1919 1707 ἐκεῖνον

328 1750 430 1804 τὸν
450 1753 558 1806 τῶν
587 1752 762 1806 ἀθέων
800 1751 1138 1822 αἱρεσιωτῶν
1184 1750 1446 1821 ἀρχηγὸν,
1474 1748 1532 1812 ὃς
1565 1747 1632 1800 τὰ
1664 1747 1798 1801 ἄθεα
1829 1746 1917 1799 δο-

329 1840 617 1909 γματίζων
662 1839 995 1910 ἀπεφαίνετο
1035 1838 1240 1908 λέγων·
1275 1834 1399 1891 Ἦν·
1425 1837 1557 1900 Θεὸς
1604 1838 1699 1890 καὶ
1747 1837 1914 1907 Σιγὴ·

331 1930 480 2000 μετὰ
501 1930 558 1984 δὲ
579 1929 680 2002 τὴν
704 1929 869 2000 Σιγὴν
890 1931 981 1983 καὶ
1001 1928 1098 2000 τὴν
1117 1929 1375 2000 Ἦσυχίαν
1402 1928 1684 2002 προελθεῖν
1714 1929 1807 1983 τὸν
1820 1930 1919 1982 Λό-

327 2038 434 2090 γον
462 2022 559 2076 τοῦ
599 2022 735 2076 Θεοῦ
783 2025 842 2076 ἐν
890 2023 1032 2094 ἀρχῇ
1088 2022 1187 2092 τῆς
1241 2021 1599 2092 κοσμοποιίας
1651 2020 1916 2093 δραστικῇ

326 2114 587 2186 ἐνεργείᾳ
606 2131 619 2146 ο
655 2115 730 2178 ὡς
764 2115 953 2186 μηκέτ’
976 2109 1115 2167 εἶναι
1142 2114 1303 2169 αὐτὸν
1337 2109 1446 2178 οἶος
1469 2110 1535 2186 ἦν
1561 2116 1619 2168 ἐν
1644 2115 1919 2169 σιωπῶντι

323 2203 419 2274 τῷ
449 2204 571 2276 Θεῷ
602 2207 868 2278 πρότερον
899 2206 1207 2279 ἡσυχάζων,
1239 2206 1352 2261 ἀλλ’
1373 2208 1616 2279 ἐνεργεῖν
1652 2209 1919 2280 προερχό-

331 2310 501 2364 μενον
533 2295 630 2350 τοῦ
672 2296 832 2352 Θεοῦ.
870 2297 982 2351 Καὶ⁵
1022 2299 1140 2362 πῶς
1164 2298 1272 2369 ἄρα
1312 2297 1539 2370 προῄει;
1568 2299 1792 2362 Πάντως
1817 2316 1918 2352 που

327 2384 479 2440 κατὰ
508 2389 787 2458 προφορὰν
802 2390 995 2460 ’φωνῆς
1020 2389 1282 2461 ἐνάρθρου
1305 2408 1317 2422 ·
1352 2389 1725 2461 φθεγγομένου
1757 2390 1921 2461 δηλα-

323 2474 400 2545 ὃὴ
435 2479 530 2530 xci.
557 2477 849 2544 λαλοῦντος
868 2480 963 2534 τοῦ
997 2481 1132 2543 Θεοῦ
1159 2482 1362 2551 ὁμοίως
1395 2482 1491 2536 ἀνθ
1501 2481 1722 2552 ρώπως
1750 2482 1921 2536 Τοῦτο

326 2569 468 2637 γοῦν
491 2572 582 2626 καὶ
617 2572 768 2644 αὐτῷ
809 2573 988 2627 ἐδόκει
1013 2575 1277 2646 γράφοντι
1310 2573 1500 2628 τοῦτον
1544 2576 1638 2629 τὸν
1684 2575 1882 2648 τρόπον
1902 2594 1914 2605 ·

299 2685 312 2693 -
333 2677 358 2710 ι
385 2660 597 2733 Ὠσπερ
620 2663 730 2735 7&9
757 2665 826 2718 τὰ
856 2665 1119 2734 γεγονότα
1134 2665 1312 2720 πάντα
1337 2668 1443 2720 ὑπὸ
1469 2666 1564 2721 τοῦ
1588 2668 1801 2740 Πατρὸς
1831 2667 1921 2721 διὰ

334 2770 361 2806 ι
384 2751 482 2805 τοῦ
516 2753 692 2822 Λόγου
723 2756 967 2825 γέγονεν,
999 2756 1143 2811 οὕτω
1171 2759 1353 2812 καὶτὰ
1382 2758 1648 2831 λεγόμενα
1681 2759 1785 2812 ὑπὸ
1823 2758 1918 2812 τοῦ

335 2864 359 2897 ι
389 2844 604 2916 Πατρδς
652 2845 740 2900 διὰ
790 2846 886 2900 τοῦ
915 2848 1088 2916 Λόγου
1151 2849 1495 2921 σημαίνεται.
1533 2869 1552 2903 ι
1585 2852 1696 2905 Καὶ
1730 2847 1916 2915 αὖθις·

335 2955 359 2989 ι
389 2936 577 2992 Πάντα
623 2938 732 3011 7&9
757 2939 859 2993 ὅσα
882 2939 946 2994 ἂν
972 2943 1002 2995 ὁ
1027 2941 1218 3013 Πατὴρ
1256 2942 1412 3014 λέγῃ,
1435 2941 1613 2998 ταῦτα
1644 2943 1920 3015 πανταχοῦ

338 3046 362 3080 ι
392 3027 482 3083 διὰ
507 3027 604 3083 τοῦ
622 3031 797 3100 Λόγου
826 3031 1002 3100 λέγων
1032 3033 1303 3104 φαίνεται.
1326 3035 1498 3088 Τοῦτο
1525 3035 1584 3089 δὲ
1612 3035 1770 3106 δῆλόν
1802 3038 1919 3091 ἐστι

342 3136 364 3172 ι
401 3122 498 3174 καὶ
527 3121 622 3192 ἀφ’
649 3122 809 3194 ἡμῶν
833 3122 1033 3188 αὐτῶν,
1064 3125 1166 3179 ὅσα
1198 3125 1372 3198 μικρὰ
1402 3128 1517 3190 τοῖς
1546 3127 1802 3196 μεγάλοις
1823 3130 1919 3181 καὶ

336 3231 358 3264 α
400 3212 564 3279 θείοις
600 3215 919 3270 ἀπεικάσαι·
944 3217 1039 3270 καὶ
1065 3219 1229 3289 ἡμεῖς
1256 3217 1366 3289 7&9
1390 3219 1568 3273 πάντα
1593 3220 1694 3274 ὅσα
1723 3219 1789 3274 ἂν
1823 3219 1911 3275 θέ-

335 3325 359 3359 ο
389 3307 571 3380 λωμεν
590 3309 732 3362 κατὰ
746 3309 809 3363 τὸ
827 3309 1051 3364 δυνατὸν
1070 3310 1249 3379 λέγειν
1271 3328 1332 3364 τε
1353 3312 1447 3366 καὶ
1469 3315 1660 3379 ποιεῖν,
1681 3311 1760 3384 τῷ
1778 3314 1809 3385 ἡ
1817 3331 1916 3384 με-

337 3417 359 3452 s
387 3399 533 3472 τὲρῳ
558 3400 818 3472 ποιοῦμεν
844 3401 1188 3474 λόγῳ.›Είδὴ
1218 3399 1311 3457 οὖν
1339 3403 1554 3467 οὖτωςό
1574 3404 1746 3474 Λόγος
1783 3423 1915 3478 προ-

327 3491 465 3563 ῆλθε
485 3493 579 3547 τοῦ
603 3493 818 3566 Πατρδς
845 3493 1104 3568 δραστικῇ
1129 3497 1400 3569 ἐνεργείᾳ,
1421 3497 1586 3552 πόθεν
1607 3499 1917 3572 Μαρκέλλῳ

331 3582 537 3654 ἐπῆλθε
563 3583 875 3656 περιορίσαι
904 3587 1092 3656 χρόνον
1116 3589 1183 3658 τῇ
1209 3586 1305 3640 τοῦ
1334 3588 1508 3656 Λόγου
1543 3590 1915 3661 ἐνεργείᾳ,τὸν

329 3674 436 3745 τῆς
461 3675 772 3740 συντελείας
793 3675 914 3730 καθ’
947 3677 1006 3730 ὃν
1044 3677 1264 3732 ἔσεσθαι
1299 3679 1498 3748 φάσκει
1531 3681 1620 3735 τὸν
1653 3682 1825 3750 Λόγον
1857 3684 1917 3736 ἐν

330 3765 416 3837 τῷ
447 3766 587 3838 Θεῷ,
615 3767 804 3842 ὥσπερ
832 3769 928 3823 καὶ
957 3772 1222 3844 πρότερον
1261 3767 1362 3844 ip);
1405 3773 1673 3845 Πρότερον
1698 3775 1754 3828 δὲ
1781 3778 1916 3847 ἡσυ-

330 3860 568 3930 χάζοντα
602 3861 764 3915 αὐτὸν
799 3860 967 3915 ἐδίδου
1008 3865 1067 3916 ἐν
1097 3863 1371 3919 σιωπῶντι
1404 3865 1484 3937 τῷ
1514 3865 1652 3938 Θεῷ.
1704 3867 1915 3922 Οὐκοῦν

2023 1104 2181 1159 modo
2218 1117 2278 1158 se
2334 1103 2624 1157 habentem
2673 1093 2935 1156 debemus
2974 1098 3303 1165 cogitatione
3354 1105 3602 1161 compre-

2023 1196 2303 1250 hendere:
2361 1209 2469 1249 non
2509 1193 2875 1259 imminutam,
2922 1208 3029 1247 non
3085 1195 3438 1250 coarctatam,
3497 1197 3601 1238 nou

2021 1286 2325 1350 dilatatam,
2363 1300 2471 1340 non
2515 1298 2836 1355 expansum,
2877 1284 3010 1338 nihil
3041 1293 3199 1336 extra
3246 1295 3305 1334 se
3339 1277 3423 1331 vel
3463 1279 3602 1329 intra

2021 1393 2080 1430 se
2115 1377 2523 1442 continentem;
2567 1389 2672 1430 non
2701 1376 2841 1429 hanc
2868 1375 3049 1440 modo,
3078 1369 3238 1425 modo
3281 1369 3427 1422 illam
3447 1380 3604 1420 cont-

2023 1475 2344 1538 parantem:
2381 1477 2633 1520 neutram
2662 1474 3093 1533 permanenter:
3128 1462 3219 1516 sed
3265 1460 3536 1513 diversam
3576 1475 3604 1506 a

2022 1576 2081 1613 se
2110 1558 2280 1628 priori
2310 1579 2320 1612 :
2357 1566 2411 1613 et
2452 1572 2642 1611 rursus
2675 1558 2726 1611 in
2762 1567 2963 1610 Statum
3009 1554 3160 1608 illum
3188 1552 3423 1620 priorem
3450 1562 3604 1602 revo-

2020 1652 2212 1706 lutam.
2244 1650 2373 1706 llaac
2419 1665 2730 1720 supponere
2757 1657 2942 1703 tamen
2984 1662 3147 1702 ausus
3185 1654 3267 1700 est
3297 1641 3605 1706 Marcellus,

2023 1744 2224 1814 quippe
2253 1743 2344 1812 qui
2375 1743 2506 1797 olim
2560 1742 2636 1795 ait
2683 1740 2854 1794 Deum
2905 1739 3225 1794 exstitisse:
3278 1743 3336 1791 et.
3366 1735 3606 1806 quietem

2023 1837 2315 1905 quamdam
2347 1834 2515 1889 altam
2553 1834 2695 1903 apud
2725 1832 2893 1887 Deum
2927 1832 3293 1901 imaginatur:
3329 1830 3394 1884 ad
3427 1828 3607 1884 imita-

2026 1929 2227 1984 tionem
2263 1927 2412 1981 illius
2462 1925 2844 1982 haeresiarchas
2879 1924 3028 1994 impii
3073 1938 3195 1977 sese
3234 1920 3606 1982 conformatzs,

2021 2021 2112 2090 qui
2139 2020 2448 2091 blasphema
2489 2019 2794 2074 istiusmodi
2842 2016 3273 2087 dogmatizavit:
3314 2022 3434 2069 erat
3465 2011 3609 2068 Deus

2021 2122 2076 2169 et
2116 2113 2264 2183 Sige.
2298 2112 2432 2168 Post
2478 2111 2643 2182 Sigen
2698 2121 2756 2165 et
2794 2109 3100 2183 ll'esychian
3148 2109 3489 2180 processisse
3532 2109 3609 2161 ait

2024 2205 2229 2277 Logon,
2262 2207 2315 2260 in
2345 2205 2615 2276 principio
2644 2203 2975 2261 conditionis
3014 2204 3220 2270 mundi,
3252 2217 3374 2256 cum
3410 2217 3607 2272 opera-

2023 2299 2170 2354 tione
2197 2297 2441 2352 eﬂicaci:
2484 2298 2555 2352 ita
2581 2308 2640 2351 ut
2666 2311 2773 2351 non
2803 2305 2968 2364 esset,
3004 2295 3179 2365 qualis
3211 2305 3330 2349 erat
3363 2294 3514 2365 prius
3555 2295 3608 2347 in

2025 2391 2132 2446 Deo
2170 2391 2582 2462 conquiesceuti
2616 2389 2910 2458 quiescens
2956 2389 3094 2458 ipse,
3146 2389 3239 2442 sed
3284 2400 3607 2458 progressus

2019 2499 2051 2538 e
2077 2485 2186 2538 Deo
2211 2495 2549 2553 operaretur.
2601 2481 2664 2536 Et
2695 2498 2841 2552 quoa
2857 2484 3022 2535 modo
3076 2480 3293 2534 tandem
3341 2481 3608 2549 processit

2022 2576 2184 2630 inde?
2207 2574 2439 2630 Omnino
2471 2590 2567 2643 per
2594 2576 2955 2646 prolationem
2989 2574 3274 2644 cujusdam
3306 2572 3610 2627 articulatm

2018 2669 2191 2733 Vocis,
2231 2678 2559 2739 personante
2600 2667 2858 2721 nimirum
2901 2678 2954 2721 et
2997 2665 3352 2736 proloquente
3381 2666 3493 2720 Deo
3541 2666 3610 2719 ad

2025 2761 2240 2815 modum
2293 2761 2545 2815 humanas
2593 2759 2840 2828 loquelae.
2883 2759 2957 2812 lta
2999 2758 3143 2812 enim
3174 2757 3248 2811 illi
3283 2756 3454 2811 risum
3493 2768 3602 2820 est,

2020 2856 2146 2909 dum
2174 2853 2248 2908 ita
2277 2854 2543 2908 scriberet
2587 2873 2600 2909 :
2655 2851 2747 2924 [Β.
2793 2851 2878 2906 LV
2933 2852 3082 2919 coll.,
3149 2868 3202 2922 p.
3235 2850 3306 2906 35
3344 2851 3407 2917 Ι),
3449 2849 3515 2905 79
3545 2849 3608 2914 Β,

2022 2943 2128 2999 125
2156 2942 2245 3016 BI.
2295 2963 2314 2995 ι
2358 2943 2823 3011 Quemadmodum
2851 2945 2993 2998 facta
3025 2945 3206 2997 ιιιιιιιὶιι
3241 2958 3269 2996 a
3302 2941 3485 3007 Patre,
3514 2957 3611 3012 per

2027 3054 2045 3087 ι
2095 3032 2332 3089 Verbum
2390 3032 2535 3089 facta
2577 3042 2742 3088 sunt:
2779 3034 2855 3088 ita
2892 3041 2948 3089 et
2977 3033 3123 3088 dicta
3167 3033 3404 3088 omniaa
3447 3032 3611 3089 Patre

2027 3144 2046 3177 ι
2093 3140 2190 3194 per
2229 3124 2463 3180 Verbum
2497 3124 2904 3192 signiﬁcantur.
2944 3144 2962 3176 ι
2995 3125 3060 3178 Et
3087 3126 3324 3180 iterum:
3353 3124 3445 3197 [Β.
3475 3123 3608 3190 LVI,

2020 3218 2143 3275 coll.
2172 3235 2225 3288 p.
2250 3218 2319 3272 40
2350 3217 2413 3283 Β,
2438 3218 2540 3273 118
2567 3215 2655 3288 3.]
2706 3236 2725 3269 ι
2744 3215 2940 3271 Omnia
2972 3232 3311 3287 quacunque
3332 3215 3496 3271 Pater
3527 3217 3610 3270 di—

2027 3329 2048 3363 ι
2094 3311 2190 3378 cit,
2209 3327 2270 3366 ea
2291 3323 2506 3378 semper
2527 3321 2581 3364 et
2617 3309 2816 3379 ubique
2841 3324 2937 3377 per
2954 3308 3189 3364 Verbum
3223 3309 3602 3363 declarantur:

2028 3420 2047 3453 ι
2093 3402 2236 3472 quod
2261 3410 2365 3456 eta
2392 3399 2547 3456 nobis
2582 3397 2713 3468 ipsis
2753 3401 2889 3455 satis
2924 3400 3113 3470 liquet,
3156 3401 3426 3470 siquidem
3457 3400 3611 3455 hisce

2027 3512 2045 3545 ι
2091 3491 2275 3562 parvis
2291 3505 2482 3561 magna
2511 3490 2739 3545 liceatet
2764 3491 2945 3546 divina
2974 3506 3315 3562 comparare.
3345 3489 3608 3548 Nosenim

2028 3604 2046 3638 ι
2091 3600 2153 3640 ea
2170 3584 2352 3641 omnia
2368 3600 2488 3656 qua:
2503 3585 3040 3654 volumus,quantum
3053 3584 3272 3655 quidem
3295 3598 3607 3654 possumus.

2027 3697 2046 3731 ι
2094 3688 2148 3734 et
2183 3677 2412 3734 iacimus
2446 3687 2501 3732 et
2530 3677 2760 3732 dicimus
2817 3674 3126 3731 ministerio
3171 3675 3320 3731 verbi
3347 3679 3542 3732 nostri.
3585 3695 3602 3729 ι

2027 3777 2086 3836 r14
2122 3771 2276 3838 Quod
2306 3770 2350 3825 si
2384 3770 2452 3826 ad
2489 3770 2633 3824 hunc
2661 3767 2880 3822 modum
2915 3781 3013 3837 per
3043 3765 3344 3824 eﬂicaclatn
3379 3783 3615 3839 operan-

2025 3877 2130 3919 tem
2182 3862 2444 3933 processit
2477 3861 2544 3915 de
2594 3857 2760 3914 Patre
2795 3857 3051 3924 Verbum,
3094 3861 3236 3918 unde
3289 3875 3612 3931 progressus

330 3952 430 4006 καὶ
482 3952 622 4024 μετά
661 3954 762 4027 τὴν
796 3956 1104 4011 συντέλειαν
1153 3959 1354 4030 ἡσυχία
1399 3977 1484 4023 τις
1530 3959 1703 4026 ἐσται,
1749 3962 1914 4033 μηδὲν

2023 3969 2102 4014 est
2132 3955 2439 4021 Marcellus,
2475 3953 2563 4007 ad
2592 3953 3159 4008 circumscrmeudum
3202 3952 3369 4008 Verbi
3414 3967 3611 4021 opera-

333 4043 618 4114 μέλλοντος
652 4048 894 4118 ἐνεργεῖν
912 4048 1005 4102 τοῦ
1025 4050 1218 4120 Λόγου.
1256 4051 1417 4104 Ἀλλά
1439 4054 1544 4124 πρὸ
1564 4054 1662 4124 μὲν
1679 4055 1775 4126 τῆς
1807 4054 1914 4108 τῶν

2027 4052 2225 4106 tionem
2285 4059 2526 4118 tempore
2599 4046 2831 4116 quodam
2895 4046 3283 4111 determinato,
3348 4047 3610 4101 nimirum

327 4134 574 4207 γενητῶν
609 4136 920 4201 συστάσεως
951 4138 1104 4192 οὐδὲν
1141 4135 1232 4210 ἦν,
1271 4142 1424 4212 φησι,
1461 4143 1600 4214 πλὴν
1624 4143 1781 4198 Θεοῦ.
1805 4146 1915 4198 Καὶ

2025 4140 2212 4195 mundi
2247 4135 2761 4194 consummatione?
2796 4134 3024 4201 Quando
3051 4136 3291 4191 futurum
3327 4148 3431 4204 est,
3466 4137 3611 4207 quod

325 4226 456 4281 ἐπεὶ
482 4228 648 4299 μηδὲν
668 4225 757 4300 ἦν,
792 4230 1016 4294 εἰκότως
1043 4231 1218 4302 ἐαυτῷ
1235 4231 1333 4303 τὴν
1349 4234 1579 4305 ἡσυχίαν
1614 4235 1874 4290 ἐτυποῦτο
1897 4254 1909 4267 ·

2023 4233 2275 4297 alﬁrmat,
2324 4241 2381 4287 ut
2438 4230 2669 4286 Verbum
2723 4229 2864 4283 intra
2901 4226 3069 4282 Deum
3108 4230 3389 4294 subsistat,
3421 4241 3615 4301 quent-

329 4319 476 4374 κατὰ
513 4320 571 4374 δέ
613 4322 707 4376 τὸν
749 4323 849 4394 τῆς
885 4323 1198 4388 συντελείας
1244 4326 1438 4396 καιρὸν
1481 4329 1681 4400 Δανιὴλ
1713 4331 1741 4382 ὁ
1782 4348 1915 4402 προ-

2023 4326 2314 4381 admodum
2355 4326 2646 4395 aliquando
2700 4325 3072 4384 subsistebat?
3095 4325 3400 4393 Aliquando
3427 4335 3610 4380 autem

329 4409 514 4482 ιρὴτης
541 4412 647 4484 πρὸ
679 4412 775 4466 τοῦ
825 4412 1017 4485 θρόνου
1059 4414 1154 4468 τοῦ
1198 4415 1334 4470 Θεοῦ
1377 4419 1648 4490 μυριάδας
1694 4420 1912 4475 ἔσεσθαι

2023 4422 2398 4488 quiescentem
2436 4421 2616 4493 Logon
2647 4423 2819 4490 illum,
2843 4423 2895 4478 in
2925 4421 3233 4494 quiescenti
3259 4418 3423 4474 Patre
3453 4419 3611 4475 nobis

327 4508 579 4574 θεσπίζει
608 4510 812 4580 λέγων·
848 4512 1044 4566 XLma
1073 4512 1339 4581 χιλιάδες
1358 4515 1779 4584 ἐλειτούργουν
1804 4519 1912 4570 αὺ-

2025 4513 2191 4567 dedit.
2233 4511 2329 4577 lta,
2358 4524 2414 4568 nt
2449 4515 2684 4580 videtur,
2719 4523 2840 4585 post
2867 4513 3052 4569 mundi
3084 4510 3608 4567 consummationem

316 4601 435 4668 τῷ,
459 4603 556 4656 καὶ
580 4603 784 4672 μύριαι
799 4601 1089 4672 μυριάδες
1121 4603 1233 4674 (15)
1267 4605 1790 4672 παρειστήκεισαν
1817 4607 1917 4677 ἕμο

326 4696 595 4762 πρόσθεν
617 4695 823 4749 αὑτοῦ.
851 4696 1059 4760 Πάντες
1084 4697 1254 4768 δήπου
1285 4697 1378 4750 καὶ
1419 4699 1466 4750 οἱ
1496 4701 1601 4752 υἱοὶ
1641 4697 1734 4751 τοῦ
1783 4700 1913 4770 μέλ-

323 4787 512 4851 λοντος
537 4787 731 4852 αἰῶνος
762 4788 881 4840 τότε
921 4788 1162 4841 ἐσονται³
1205 4790 1267 4843 αῖ
1308 4807 1365 4842 τε
1421 4791 1688 4862 μακάριαι
1743 4793 1914 4863 ψυχαὶ

327 4880 706 4951 πατριαρχῶν,
741 4881 834 4934 καὶ
861 4882 1176 4954 προφητῶν,
1204 4885 1298 4936 καὶ
1326 4884 1656 4951 ἀποστόλων,
1690 4885 1823 4954 ἅγιά
1853 4903 1912 4938 τε

324 4973 614 5044 πνεύματα
645 4975 965 5046 μαρτύρων·
1018 4977 1195 5033 πάντα
1227 4998 1286 5033 τε
1330 4979 1577 5049 πρόϐατα
1608 4977 1702 5031 τοῦ
1727 4979 1909 5049 Σωτῆο

326 5082 424 5137 ρος
471 5065 649 5138 ἡμῶν,
684 5067 752 5122 τὰ
799 5070 863 5122 ἐκ
911 5070 1096 5137 δεξιῶν
1128 5072 1292 5125 αὐτοῦ
1345 5073 1654 5144 στησόμενά
1700 5090 1759 5125 τε
1817 5074 1910 5126 καὶ

322 5159 698 5224 ἀκονσόμενα·
752 5162 931 5216 Δεῦτε
982 5167 1036 5216 οι
1085 5166 1478 5234 εὐλογημένοι
1537 5165 1642 5218 τοῦ
1683 5166 1914 5233 Πατρός

321 5266 471 5320 μου,
501 5252 998 5321 κληρονομήσατε
1023 5254 1137 5322 τὴν
1172 5256 1627 5325 ἡτοιμασμένην
1650 5257 1791 5324 ὑμῖν
1811 5257 1919 5322 ,βα-

323 5342 570 5396 σιλείαν
598 5343 715 5398 ἀπὸ
737 5345 1074 5414 καταϐολῆς
1092 5346 1205 5417 (14)
1237 5350 1488 5416 κόσμου.
1509 5349 1791 5402 Τοσούτων
1811 5349 1918 5402 τοί-

403 5454 590 5528 ξξ-Ειί.
625 5455 821 5511 Ριιι-ἱε..
852 5471 970 5528 pag.
1034 5458 1152 5514 H5.

397 5525 442 5558 ⁸⁷
475 5524 610 5580 Dan.
646 5544 739 5591 vn,
779 5524 864 5581 lt).

400 5617 520 5697 (ἰῇ).
548 5619 719 5697 Vulgo
751 5624 844 5676 καὶ
999 5622 1118 5676 Mox
1137 5625 1559 5696 vnlgodeestp‘q
1593 5628 1906 5697 ἐκτεινομέ-

321 5707 446 5760 νην.
476 5691 590 5745 Mox
620 5693 776 5760 vulgo
810 5694 1103 5764 μηδέτερον
1146 5691 1410 5764 μένουσαν
1433 5691 1571 5748 et.“
1597 5698 1672 5750 δέ.
1713 5702 1788 5750 Ad
1812 5691 1904 5752 sc-

323 5763 541 5831 q-tcnlia
579 5764 649 5818 cf.
685 5763 920 5818 l'earson
973 5763 1344 5835 1-⁷ἰιιι1ῂ19ιιιι.
1376 5765 1429 5818 ‘2.
1472 5784 1518 5835 p.
1557 5769 1643 5822 51.

2021 4607 2259 4674 quietem
2308 4608 2524 4672 statuit,
2556 4623 2679 4662 cum
2727 4607 2864 4661 nihil
2916 4605 3150 4661 Verbum
3183 4605 3439 4674 deinceps
3478 4618 3609 4671 ope-

2023 4702 2257 4757 rabitur.
2311 4700 2530 4755 Atenim
2577 4707 2704 4753 ante
2745 4699 2934 4752 mundi
2968 4698 3438 4764 constitutionem,
3472 4697 3609 4751 nihil

2020 4803 2139 4846 erat
2171 4807 2395 4860 prorsus
2429 4802 2627 4862 praeter
2655 4794 2846 4858 Deum,
2878 4791 3108 4863 inquiet.
3139 4789 3208 4845 Et
3237 4793 3454 4863 quando
3484 4792 3607 4860 qui-

2019 4885 2140 4938 dem
2168 4885 2300 4939 nihil
2338 4895 2479 4950 erat,
2503 4886 2626 4953 jure
2671 4887 2873 4941 merito
2900 4886 2978 4940 illi
3007 4886 3249 4956 quietem
3282 4885 3606 4953 assignavit.

2020 4974 2135 5030 Jam
2189 4977 2241 5031 in
2278 4989 2520 5047 tempore
2563 4979 3056 5034 consummationis
3100 4977 3290 5033 Daniel
3343 4978 3608 5047 propheta

2021 5080 2147 5125 ante
2181 5073 2432 5124 thronum
2468 5070 2564 5125 Dei
2605 5071 2921 5126 constitisse
2951 5072 3184 5126 aﬂirmat
3229 5071 3608 5148 innumerabi-

2020 5164 2123 5219 lem
2152 5165 2472 5235 angelorum
2518 5164 2919 5218 multitudinem
2951 5179 2962 5212 :
2998 5164 3174 5218 Millia
3219 5165 3468 5228 millium,
3508 5165 3605 5227 ait,

2025 5258 2402 5310 ministrabant
2447 5257 2572 5310 illi:
2603 5268 2650 5312 et
2687 5257 2858 5310 decies
2914 5257 3106 5310 millies
3160 5268 3378 5311 centena
3437 5257 3605 5309 millia

2031 5350 2342 5403 assistebant
2373 5351 2443 5403 ei.
2475 5347 2751 5403 Iudicium
2797 5350 2953 5417 sedit,
2982 5359 3026 5403 el
3053 5350 3177 5403 libri
3205 5350 3372 5419 aperti
3405 5350 3606 5406 sunt“.

2089 5629 2196 5692 (Ιῦ)
2235 5627 2401 5691 Vulgo
2432 5645 2672 5698 προειστ.

2091 5701 2200 5768 lli)
2239 5699 2400 5769 Vulgo
2430 5699 2522 5751 τοῦ
2549 5716 2600 5751 ‘/..
