4068 6316
595 263 696 317 919

1304 255 1565 316 EUSEBII
1603 255 2080 314 CESARIENSIS
2115 253 2266 312 OPP.
2306 252 2483 311 PARS
2521 250 2611 308 IV.
2646 246 3169 316 —DOGIATICA.\,

3708 234 3824 296 ﬁ?

599 377 704 430 Sed
737 386 790 428 et
835 385 958 429 tunc
1000 383 1264 444 prztcrea
1307 371 1562 441 temporis
1607 370 1906 426 consistent
1953 382 2134 424 omnes

2244 383 2337 418 νυν
2375 365 2648 436 ἐσομένων
2682 364 2774 417 καὶ
2818 361 3082 416 ἀθάνατον
3125 357 3268 428 ζωὴν
3313 349 3629 444 ζησομόνων

601 465 672 517 illi
718 465 811 517 lilii
856 465 1021 518 futuri
1063 463 1266 518 sa-culi.
1318 461 1493 516 Beat:
1541 460 1991 529 patriarcharum,
2022 474 2142 526 pro-

599 559 876 615 phetarum
913 545 967 609 et
992 553 1354 620 apostolorum
1383 550 1608 614 anima,
1641 549 1863 618 spiritus
1894 549 1966 602 illi
1996 563 2141 601 mar-

599 657 774 711 tyrum
800 645 992 697 sancti.
1017 641 1214 696 Omnes
1235 655 1446 710 quomte
1467 639 1772 695 Servatoris
1795 639 1961 694 nostri
1990 651 2142 702 oves,

600 748 720 799 qua:
764 747 791 784 a
838 733 1043 785 dextris
1092 732 1260 798 ipsius
1309 731 1622 784 constituta:
1647 729 1908 783 audient:
1944 725 2141 789 Venite,

597 823 851 877 benedicti
879 823 1054 876 Patris
1085 822 1208 884 mei,
1238 821 1494 890 possidete
1543 836 1751 889 regnum
1791 829 2143 886 praeparatum

597 914 738 967 vobis
781 931 812 965 α
845 913 1001 982 jactis
1038 912 1220 964 mundi
1255 911 1608 979 fundamentis
1630 909 1696 961 ⁸⁸.
1726 911 1988 974 Quocirca
2019 924 2142 962 cum

599 1005 681 1057 vel
733 1012 848 1071 post
895 1003 1082 1072 jndicii
1132 1013 1358 1069 tempus.
1406 1013 1582 1055 tantus
1636 1015 1892 1054 numerus
1953 1013 2142 1054 eorum

599 1097 810 1148 futurus
849 1106 951 1159 est,
1005 1095 1094 1164 qui
1141 1095 1332 1148 victuri
1381 1101 1508 1146 sunt
1556 1091 1720 1145 vitam
1761 1090 2139 1155 immortalem,

596 1187 720 1252 quid
755 1200 930 1239 cauete
969 1187 1186 1239 subesse
1238 1183 1453 1252 poterit,
1483 1196 1582 1235 cur
1619 1195 1728 1233 non
1756 1188 1808 1233 et
1835 1188 1944 1232 tum
1978 1179 2140 1232 etiam

598 1277 687 1330 Dei
720 1277 950 1330 Verbum
984 1275 1273 1345 aperetur‘.’
1303 1271 1452 1328 Unde
1481 1272 1636 1326 scivit
1663 1269 1961 1336 Marcellus,
1998 1272 2139 1339 quod

593 1379 931 1433 nequaquam
974 1375 1082 1418 tum
1114 1373 1330 1417 sanctos
1359 1377 1484 1417 suos
1523 1361 1664 1416 Deus
1692 1360 1764 1414 sit
1791 1360 2138 1423 alloentnrus,

596 1469 768 1526 neque
791 1455 969 1510 Verbo
1009 1468 1107 1507 suo
1155 1469 1348 1508 usurus
1381 1453 1631 1508 cﬂectivo
1659 1495 1674 1520 ,
1704 1453 1798 1506 sed
1828 1455 1967 1521 quod
1997 1451 2142 1504 futu-

596 1561 712 1599 rum
748 1545 816 1598 sit
850 1545 901 1598 in
939 1545 1046 1599 Deo
1095 1542 1348 1607 Verbum,
1394 1543 1842 1611 quemadmodum
1889 1551 1944 1594 et
1992 1541 2141 1610 prius

594 1638 788 1698 fuerat,
840 1638 1061 1689 omnino
1099 1636 1489 1702 conquiescens
1517 1646 1569 1689 et
1594 1633 2000 1688 conticescens?
2027 1630 2140 1687 Hoc

2244 456 2334 509 τόν
2358 456 2455 526 τῆς
2488 454 2718 526 κρίσεως
2765 453 2975 525 καιρὸν.
3008 449 3096 503 aut
3123 449 3176 502 τί
3218 446 3293 518 μὴ
3333 443 3617 514 ἐνεργήσει
3647 443 3683 494 ό
3711 438 3814 494 τοῦ

2241 545 2376 600 θεοῦ
2412 549 2580 615 Λόγος
2613 547 2708 600 καὶ
2730 544 2879 610 τότες
2910 542 3079 596 Πόθεν
3120 539 3178 593 δὲ
3210 535 3509 608 Μαρκέλλῳ
3555 531 3815 603 παρέστη

2242 639 2644 708 ἀποφήνασθαι,
2667 640 2749 692 ὅτι
2779 639 2877 690 οὐκ
2913 636 2992 688 ἔτι
3017 633 3241 703 λαλήσει
3274 632 3388 692 τοῖς
3411 628 3589 695 ἀγίοις
3619 627 3648 678 ὁ
3670 621 3815 686 Θεὸς

2241 730 2381 792 τότε,
2412 729 2528 783 οὐδὲ
2572 734 2829 800 χρήσεται
2875 724 3079 796 ἐνεργῷ
3110 721 3189 793 τῷ
3240 719 3404 775 αὑτοῦ
3452 718 3631 785 Λόγῳ,
3686 714 3815 768 ἀλλ’

2242 819 2416 884 ἔσται,
2434 821 2510 880 ὡς
2537 821 2630 875 καὶ
2658 820 2919 891 πρότερον
2949 813 3037 888 ἧν,
3069 817 3128 868 ἐν
3156 813 3323 883 αὐτῷ,
3353 809 3572 865 σιωπῶν
3598 805 3814 877 δηλαδὴ

2242 912 2335 962 καὶ
2359 911 2676 980 ήσυχάξων;
2709 909 2877 963 Τοῦτο
2907 909 3014 979 γὰρ
3045 906 3276 975 παρίστη
3319 903 3578 964 πολλάκις
3608 897 3812 964 εἰπὼν,

2239 1002 2358 1054 τότε
2389 1001 2605 1054 ἔσεσθαι
2651 1001 2811 1054 αὑτὸν
2830 1001 2906 1064 ὡς
2936 999 3308 1068 καὶπρότερον
3345 990 3413 1064 ἦν
3438 1011 3453 1023 ο
3477 988 3546 1063 ἦν
3575 991 3633 1044 δὲ
3667 987 3815 1060 πρό-

2239 1108 2415 1163 τερον,
2448 1091 2522 1157 ὡς
2550 1092 2708 1156 αὐτὸς
2740 1092 2865 1166 ἔφη,
2889 1092 2948 1144 ὲν
2982 1088 3194 1161 ἡσυχίᾳ.
3240 1085 3447 1139 Οὐκοῦν
3483 1081 3818 1150 ἀποσιωπῄ

2242 1198 2326 1234 σει
2353 1183 2471 1235 τότε
2500 1185 2530 1234 ό
2565 1181 2717 1245 Θεὸς,
2768 1175 2876 1253 πρὸ
2903 1182 3090 1234 τούτου
3121 1179 3219 1249 μὲν
3252 1177 3447 1238 λαλῶν,
3475 1172 3671 1242 καὶτῷ
3705 1171 3814 1224 A6-

2241 1291 2322 1344 γῳ
2348 1273 2626 1344 χρώμενος
2652 1272 2878 1343 ἐνεργῷ,
2903 1273 3025 1326 τότε
3078 1271 3135 1324 δὲ
3174 1271 3291 1324 κατ’
3337 1267 3506 1337 αὐτὴν
3553 1263 3666 1336 (IS)
3702 1262 3812 1333 τὴν

2240 1363 2648 1434 ἐπηγγελμένην
2675 1362 2943 1432 βασιλείαν
2971 1362 3211 1432 οὐρανῶν
3246 1359 3340 1413 τοῦ
3375 1358 3580 1412 οἰκείου
3623 1355 3809 1422 Λόγου

2241 1453 2332 1507 καὶ
2359 1453 2459 1522 τῆς
2481 1456 2539 1506 ἐν
2576 1453 2721 1524 αὑτῷ
2744 1453 2930 1522 σοφίας
2964 1451 3279 1521 ἀποστερῶν
3297 1453 3422 1513 τοὺς
3450 1448 3640 1516 ἁγίους
3686 1443 3810 1515 (16)

2239 1545 2422 1599 αὑτοῦ.
2482 1547 2642 1617 Ὁρᾷς
2693 1549 2772 1610 είς
2819 1541 2930 1601 οἷον
2981 1544 3262 1617 κεχώρηκε
3309 1541 3553 1613 κρημνὸν
3611 1537 3811 1610 μηδενὶ

2239 1635 2560 1706 χειραγωγῷ
2612 1637 2972 1707 χρησάμενος,
3007 1635 3140 1708 μηδὲ
3167 1635 3288 1697 ταῖς
3320 1632 3489 1694 θείαις
3529 1629 3573 1681 Γ
3577 1628 3809 1700 ραφαιῖς.

589 1727 731 1780 enim
758 1726 1026 1781 multoties
1054 1725 1339 1780 aﬂirmavit
1361 1728 1546 1780 dicens
1574 1743 1587 1778 :
1624 1743 1642 1776 ‹
1672 1725 1822 1779 Tunc
1845 1725 1945 1778 erit
1982 1724 2134 1787 illud,

2241 1725 2424 1780 Ταῦτα
2449 1727 2578 1795 γοῦν
2605 1729 2779 1781 πάντα
2809 1727 2915 1798 ἀπό
2949 1707 3077 1799 μιᾶς
3098 1725 3302 1795 φωνῆς,
3330 1723 3397 1794 ἢν
3424 1722 3499 1793 μὴ
3520 1719 3808 1790 νενόηκεν,

596 1836 616 1868 σ
661 1818 801 1885 quod
845 1826 900 1872 et
949 1817 1097 1888 prius
1129 1817 1486 1871 fueratzerat
1533 1827 1713 1870 autem
1764 1816 1931 1880 prius,
1981 1824 2039 1867 ut
2081 1823 2136 1868 et

594 1927 614 1960 α
665 1909 775 1976 ipse
803 1923 1015 1978 quoque
1045 1907 1268 1962 aﬂirmat
1299 1908 1350 1962 in
1382 1909 1580 1977 quiete.
1620 1907 1960 1961 Conticescet
2005 1920 2135 1975 ergo

594 2020 612 2051 ι
661 2000 825 2064 Deus,
857 2016 952 2070 per
975 2001 1106 2054 illud
1138 2011 1364 2070 tempus,
1389 2001 1479 2070 qui
1513 2000 1664 2068 prius
1695 1999 1871 2053 fuerat
1901 1998 2131 2061 locutus,

593 2110 613 2142 ι
656 2101 711 2146 et
745 2107 871 2147 usus
919 2108 1015 2146 suo
1047 2092 1220 2146 Verbo
1269 2092 1566 2160 operativo.
1597 2091 1666 2144 At
1703 2100 1832 2143 tunc
1879 2103 1975 2156 per
2005 2104 2130 2156 pro-

593 2201 612 2232 ‹
659 2182 878 2237 missum
907 2182 1036 2236 illud
1070 2184 1329 2238 ccelorum
1354 2198 1597 2252 regnum,
1629 2181 1849 2251 proprio
1875 2197 1972 2236 suo
1999 2178 2133 2234 Ver-

592 2291 610 2323 i
660 2271 748 2336 bo,
797 2281 852 2327 et
901 2274 1043 2328 omni
1080 2287 1200 2344 qua!
1232 2275 1285 2327 in
1328 2273 1422 2328 illo
1450 2274 1552 2328 sita
1581 2282 1664 2328 est
1693 2273 1980 2342 sapientia,
2009 2287 2134 2326 san-

593 2383 612 2414 ¢
661 2375 775 2418 ctos
821 2379 946 2419 suos
985 2366 1198 2432 penitus
1247 2365 1552 2433 privatums
1593 2374 1698 2418 est.
1732 2383 1750 2416 ι
1784 2363 1923 2419 Ecce
1954 2375 2130 2418 autem

2240 1819 2414 1888 ἑαυτῷ
2438 1819 2742 1888 συνέθηκεν.
2763 1820 2968 1873 Αὐτίκα
2989 1820 3240 1890 χωρήσας
3258 1817 3349 1869 ἐπὶ
3370 1816 3466 1876 τάς
3498 1809 3809 1876 ἀποδείξεις

2238 1909 2336 1980 τῆς
2363 1910 2504 1974 Νέας
2559 1910 2651 1964 καὶ
2693 1911 2899 1978 Καινῆς
2957 1909 3249 1981 Διαθήκης,
3303 1904 3643 1974 πανταχόθεν
3700 1900 3810 1972 μὲν

2237 2001 2498 2070 ἠλαύνετο
2547 1992 3071 2073 στενοχωρούμενοςο
3126 2001 3254 2072 μίαν
3303 1999 3360 2052 δὲ
3410 1999 3580 2067 μόνην
3625 1992 3807 2065 εὑρὼν

2239 2090 2379 2156 λέξιν
2398 2095 2462 2162 τῇ
2494 2093 2657 2146 αὐτοῦ
2691 2091 3129 2164 συμόαλλομένην
3153 2088 3458 2158 κακοδοξίᾳ,
3486 2086 3676 2155 ὥσπερ
3694 2084 3810 2136 τινὶ

2239 2183 2539 2254 περιτυχὼν
2595 2184 2838 2255 ἑρμαίῳ,
2890 2182 3061 2254 ταύτῃ
3117 2183 3253 2253 μόνῃ
3303 2179 3634 2247 συνεπλάκη,
3690 2174 3807 2228 οὐδ’

2237 2275 2372 2346 αὐτῇ
2407 2279 2469 2328 ὲκ
2490 2275 2779 2346 προσώπου
2797 2274 2890 2328 τοῦ
2919 2275 3166 2346 Σωτῆρος
3197 2273 3350 2342 ήμῶν
3365 2273 3484 2342 εἰρη
3495 2270 3655 2339 μένῃ,
3679 2267 3806 2320 ἀλλ’

2237 2369 2301 2420 ὲκ
2324 2364 2610 2438 προσώπου
2639 2365 2731 2419 τοῦ
2760 2364 3168 2434 εὐαγγελιστοῦο
3195 2364 3258 2416 δι’
3291 2359 3357 2435 ἧς
3386 2361 3548 2414 αὑτὸν
3579 2360 3804 2430 ὠνόμα-

585 2457 639 2509 in
665 2455 944 2525 qualenam
977 2471 1036 2509 se
1059 2455 1412 2524 prascipitiinn
1441 2454 1668 2520 dederit,
1697 2454 1824 2508 dum
1864 2456 2131 2510 neminem

2240 2473 2351 2521 σεν,
2395 2458 2490 2509 Ἐν
2516 2456 2675 2526 ἀρχῇ
2699 2453 2778 2528 ἦν
2807 2460 2841 2511 ό
2873 2458 3082 2525 Λόγος,
3113 2461 3299 2517 εξπων,
3324 2454 3422 2506 καὶ
3448 2456 3481 2507 d
3503 2455 3696 2521 Λόγος
3719 2446 3806 2520 ἦν

585 2547 688 2600 sibi
718 2547 937 2601 adhibet
978 2549 1456 2601 manuductorem:
1492 2561 1589 2601 nec
1618 2548 1844 2601 advocat
1891 2545 2132 2616 Scriptu-

2238 2548 2387 2615 πρὸς
2407 2548 2514 2601 τὸν
2537 2549 2704 2610 Θεὸν,
2754 2547 2848 2600 καὶ
2878 2546 3020 2600 Θεὸί·
3052 2543 3129 2615 ἦν
3148 2549 3180 2599 ό
3223 2547 3402 2613 Λόγος
3427 2561 3441 2573 ο
3483 2542 3636 2597 ἔνθεν
3667 2540 3802 2610 γοῦν

584 2651 674 2690 ras
708 2638 758 2690 in
798 2638 1097 2690 consilium.
1137 2636 1269 2691 Nam
1307 2639 1418 2692 haec
1451 2639 1628 2692 omnia
1670 2639 1784 2706 ipse
1822 2638 1921 2691 sibi
1965 2637 2131 2691 fabri-

2235 2638 2511 2709 ὁρμηθεὶς,
2545 2638 2619 2702 ὡς
2655 2637 2817 2708 μηδὲν
2849 2639 2974 2690 ὅντα
2997 2638 3180 2707 ’ἕτερον
3218 2637 3250 2706 ἢ
3284 2636 3458 2703 λόγον,
3489 2636 3675 2705 ὅμοιον
3716 2632 3800 2702 τῷ

581 2737 701 2779 cata
732 2727 944 2796 collegit
978 2729 1044 2780 de
1078 2743 1180 2780 una
1215 2743 1345 2782 voce
1375 2743 1650 2798 perperam
1675 2729 1963 2783 intellecta.
1994 2727 2126 2784 Nam

2235 2732 2361 2799 παρ’
2380 2733 2510 2800 ἡμῖν
2541 2731 2885 2800 ὲγνωσμένῳ,
2911 2730 3000 2783 τὸν
3030 2728 3158 2782 Υἱὺν
3187 2729 3475 2799 ἠρνήσατο.

581 2819 670 2871 nbi
717 2834 776 2873 se
812 2821 874 2871 ad
925 2821 1409 2875 demonstrationes
1447 2823 1794 2891 applicuerat,
1841 2825 1906 2877 de
1931 2821 2275 2880 Testamento
2312 2823 2493 2880 Veteri
2532 2835 2694 2896 atque
2736 2823 2926 2879 Novo:
2991 2824 3334 2893 nndiquaque
3363 2832 3510 2877 certe
3544 2818 3801 2890 impelle-

579 2910 760 2976 batur,
802 2913 852 2964 in
879 2915 1154 2981 angustias
1187 2913 1590 2981 conjiciebatur,
1614 2932 1772 2969 unam
1799 2932 1924 2971 vero
1945 2917 2188 2972 voculam
2214 2920 2299 2973 vix
2341 2921 2555 2973 tandem
2585 2921 2805 2987 reperit,
2840 2922 3034 2985 atquae
3059 2916 3224 2984 ipsius
3251 2903 3516 2968 haeretica
3551 2911 3797 2981 opinioni

583 3003 764 3057 favere
818 3005 926 3056 visa
982 3017 1087 3062 est.
1127 3004 1253 3060 huic
1297 3008 1385 3059 uni
1437 3018 1687 3075 tanquam
1727 3022 1849 3061 cum
1904 3010 2047 3063 bono
2092 3009 2199 3064 Deo
2248 3010 2535 3064 adinvento
2571 3009 2897 3063 adminiculo
2950 3023 3009 3062 se
3045 3006 3320 3075 applicuit.
3351 3005 3461 3060 Nec
3499 3017 3619 3060 erat
3667 3003 3794 3072 qui-

581 3094 702 3144 deni
764 3093 996 3157 illud,de
1026 3109 1250 3162 persona
1288 3096 1594 3152 Servatoris
1619 3101 1788 3153 nostri
1813 3100 2008 3154 dictum
2035 3112 2378 3169 usurpatum,
2420 3102 2514 3155 sed
2543 3099 2901 3170 evangelista.
2933 3099 3065 3154 Nam
3090 3099 3137 3154 is
3177 3113 3300 3153 eum
3340 3098 3412 3151 ita
3444 3096 3696 3165 appellat,
3722 3094 3794 3149 In

580 3180 839 3247 principio
882 3193 992 3234 erat
1033 3183 1274 3250 Verbum,
1327 3187 1595 3253 inquiens,
1625 3197 1673 3241 et
1709 3187 1926 3244 Verbum
1957 3203 2067 3246 erat
2091 3195 2230 3260 apud
2249 3191 2437 3256 Deum,
2469 3180 2515 3246 et
2549 3191 2688 3246 Deus
2709 3204 2820 3247 erat
2846 3191 3070 3246 Verbum
3088 3191 3156 3244 ”.
3199 3191 3336 3245 Hinc
3383 3189 3471 3244 ille
3519 3189 3796 3259 prolectus

581 3268 775 3325 Filium
815 3273 1126 3342 pla-nissime
1159 3290 1471 3347 pernegavn
1519 3288 1771 3349 tanquam
1798 3284 1892 3352 qui
1924 3283 2075 3353 prius
2117 3283 2252 3337 nihil
2278 3282 2421 3338 aliud
2446 3293 2584 3352 erat,
2611 3298 2773 3355 quam
2807 3285 3027 3340 verbum
3069 3282 3402 3338 simillimum
3427 3281 3554 3336 huic
3577 3290 3790 3337 nostro.

1203 3371 1350 3426 CAP.
1395 3371 1464 3426 Χ.

2883 3378 3040 3432 ΚΕΦ.
3080 3379 3138 3430 ι’.

582 3457 736 3525 Quod
759 3475 863 3512 non
891 3469 1026 3514 recte
1057 3463 1188 3529 cepit
1229 3462 1362 3584 illud
1388 3476 1406 3513 :
1439 3482 1457 3514 ι
1482 3461 1549 3518 In
1567 3465 1824 3537 principio
1851 3479 1965 3523 erat
2003 3468 2133 3524 Ver-

1269 3549 1378 3586 um.
1395 3551 1416 3584 ι

2235 3493 2352 3546 Ὀτι
2379 3491 2465 3563 μὴ
2484 3490 2668 3562 ὀρθῶς
2691 3493 2934 3558 ἐδέξατο
2959 3495 3029 3547 τό
3047 3510 3091 3544 ⁸(
3117 3493 3211 3545 Ἐν
3223 3490 3381 3561 ἀρχῇ
3395 3487 3521 3562 ἦνό
3542 3494 3785 3560 Λόγος.»

651 3619 934 3674 Enimvero
987 3636 1092 3674 non
1143 3621 1312 3676 solum
1360 3623 1528 3679 solius
1559 3626 1718 3682 Verbi
1747 3630 1961 3685 nomine
1984 3645 2133 3685 com-

579 3710 798 3778 pellavit
847 3727 1071 3781 magnus
1105 3722 1160 3768 et
1193 3713 1406 3770 divinus
1455 3719 1803 3788 evangelista,
1844 3720 1986 3788 quod
2022 3721 2131 3789 iam

582 3800 777 3865 smpius
811 3815 840 3852 a
867 3802 1017 3855 nobis
1044 3803 1246 3856 dictum
1278 3813 1380 3870 est,
1409 3806 1500 3860 sed
1541 3807 1732 3874 Deum,
1756 3818 1810 3862 et
1824 3809 2042 3876 Lucem,
2076 3821 2132 3867 et

581 3885 799 3950 Filium,
835 3899 888 3942 et
942 3888 1281 3959 Unigenitum
1322 3895 1666 3962 :quinetiam
1709 3899 1856 3952 illum
1896 3901 2130 3967 seipsum

581 3970 951 4036 Servatorem,
995 3977 1214 4030 verbum
1258 3987 1435 4032 autem
1485 3981 1650 4036 solius
1694 3982 1984 4054 Scriptum
2031 4003 2132 4042 ne-

578 4078 846 4130 quaquam
879 4065 1174 4132 appellasse
1203 4070 1481 4135 perhibet;
1515 4085 1608 4138 per
1637 4073 1942 4137 universum
1971 4092 2132 4146 porro

580 4157 928 4225 Evangelinm
968 4159 1155 4223 vitam,
1213 4169 1266 4215 et
1324 4162 1521 4229 lucem,
1579 4172 1634 4218 et
1689 4167 2044 4237 unigenitum,
2078 4180 2133 4223 et

578 4247 773 4301 Filium
830 4250 942 4315 Dei,
991 4260 1046 4304 et
1093 4253 1398 4320 veritatem,
1443 4265 1498 4310 et
1547 4260 2031 4332 resurrectionem;
2078 4271 2132 4315 et

579 4352 768 4405 panem
793 4342 937 4404 vitie,
967 4352 1021 4395 et
1051 4345 1237 4407 vitem,
1269 4353 1324 4399 et
1373 4359 1665 4414 pauorem,
1719 4357 1775 4402 et
1821 4350 2133 4406 innumeras

577 4427 711 4481 alias
737 4431 1170 4486 nomenclaturas
1203 4442 1262 4487 ut
1308 4435 1361 4487 in
1399 4436 1827 4503 praecedentibus
1855 4448 2130 4494 ostensum

576 4526 680 4570 est.
721 4519 857 4583 Quid
884 4537 1059 4575 causze
1089 4522 1272 4588 fuerit,
1303 4535 1360 4578 ut
1400 4541 1523 4579 cum
1546 4535 1634 4602 _tot
1673 4529 1786 4582 sint
1809 4540 1864 4584 et
1895 4530 2049 4598 tales,
2078 4534 2130 4586 in

485 4625 495 4640 ί
578 4607 724 4659 nulla
775 4609 879 4662 alia
933 4611 1231 4665 substiterit
1266 4611 1520 4678 dictione,
1563 4615 1658 4670 sed
1717 4632 1818 4671 nec
1869 4619 2131 4674 curiosius

2300 3628 2490 3682 Καίτοι
2532 3627 2594 3680 οὐ
2622 3627 2792 3695 Λόγον
2828 3627 2986 3698 μόνον
3018 3627 3179 3689 αὐτὸς
3211 3627 3240 3678 ὀ
3292 3625 3468 3693 μέγας
3506 3625 3599 3677 καὶ
3649 3622 3789 3687 θεῖος

2229 3716 2616 3787 εὗαγγελιστὴς
2648 3717 2933 3788 κέκληκεν,
2982 3717 3058 3780 ὡς
3091 3715 3348 3778 πολλάκις
3381 3716 3512 3786 ήμῖν
3554 3714 3786 3786 εἴρηται,

2230 3807 2368 3862 ἀλλά
2411 3809 2503 3861 καὶ
2534 3809 2684 3865 Θεὸν.
2717 3809 2810 3860 καὶ
2841 3809 2980 3873 Φῶς,
3017 3808 3112 3861 καὶ
3139 3808 3286 3872 Υἱὸν,
3335 3809 3429 3861 καὶ
3471 3803 3784 3875 Μονογενῆ·

2231 3899 2394 3952 αὐτόν
2425 3915 2484 3951 τε
2521 3901 2610 3952 τὸν
2656 3901 2882 3971 Σωτῆρα
2931 3902 3134 3972 ἱστορεί
3189 3899 3378 3952 ἑαυτὸν
3416 3896 3789 3952 ἀποκαλοῦντα

2231 3986 2387 4056 λόγον
2415 3987 2514 4058 μὲν
2541 3987 2775 4056 οὐδαμοῦ
2802 3989 2902 4059 τῆς
2927 3990 2966 4041 1"
2971 3990 3168 4059 ραφῆς,
3201 3990 3267 4042 δι’
3291 3989 3411 4042 ὅλου
3430 3989 3485 4042 δὲ
3505 3988 3600 4042 τοῦ
3621 3990 3788 4058 Εὐαγ-

2193 4104 2199 4110 -
2232 4079 2412 4147 γελίου
2439 4079 2582 4150 ζωὴν
2605 4081 2695 4133 καὶ
2724 4080 2857 4150 φῶς,
2888 4082 2981 4134 καὶ
3018 4083 3313 4153 Μονογενῆ,
3346 4085 3438 4136 καὶ
3473 4082 3601 4135 Υἰὺν
3632 4081 3783 4148 Θεοῦ,

2237 4170 2326 4224 καὶ
2350 4169 2622 4241 ἀλήθειαν,
2666 4172 2759 4224 καὶ
2783 4173 3096 4237 ἀνάστασιν,
3134 4175 3225 4228 καὶ
3275 4174 3438 4244 ἄρτον
3483 4173 3648 4245 ζωῆς,
3695 4177 3785 4230 καὶ

2233 4261 2493 4329 ἄμπελον,
2526 4265 2616 4317 καὶ
2637 4264 2889 4334 ποιμένα,
2925 4267 3018 4317 καὶ
3056 4265 3221 4335 μυρία
3261 4266 3449 4337 ἕτερα,
3471 4266 3658 4339 ῶσπερ
3695 4263 3785 4322 οὖν

2231 4351 2331 4421 ήδη
2374 4352 2759 4423 προδέδεικται.
2792 4355 2856 4407 Τί
2905 4356 2966 4426 δή
3013 4358 3129 4408 ποτ’
3163 4351 3257 4409 οὖν
3298 4356 3565 4410 τοσούτων
3598 4358 3780 4424 ὅντων,

2232 4442 2324 4494 ἐπὶ
2358 4442 2455 4512 μὲν
2487 4443 2593 4498 τῶν
2639 4445 2836 4498 λοιπῶν
2874 4447 3127 4502 ἁπάντων
3175 4448 3270 4517 οὐχ
3304 4448 3513 4501 ἵσταται
3559 4450 3672 4519 (18)
3692 4450 3780 4504 ἐπὶ

2230 4529 2330 4600 τῆς
2361 4530 2575 4596 λέξεως,
2605 4533 2701 4604 τὴν
2750 4533 2806 4589 δὲ
2853 4535 2959 4588 τῶν
2991 4536 3294 4607 λεγομένων
3339 4537 3574 4590 διάνοιαν
3625 4537 3782 4591 πολυ-

2233 4625 2554 4690 πραγμονεῖ,
2577 4624 2672 4676 ἐπὶ
2706 4624 2761 4676 δὲ
2794 4625 2954 4694 μόνου
2983 4626 3075 4678 τοῦ
3117 4627 3290 4693 Λόγου
3321 4626 3779 4696 κυριολεκτεῐσθαι

576 4698 861 4753 verborum
907 4716 1122 4756 sensum
1171 4711 1400 4772 satagat,
1432 4706 1524 4760 sed
1557 4707 1723 4761 solius
1755 4707 1915 4763 Verbi
1943 4724 2127 4766 vocem

2235 4710 2386 4764 αὐτόν
2405 4730 2587 4784 φησιν,
2614 4715 2689 4780 ὡς
2712 4717 2862 4770 οὐδὲν
2904 4717 3034 4770 ὄντα
3066 4718 3248 4788 ἕτερον
3271 4719 3304 4788 ἢ
3335 4719 3541 4786 Λόγον;
3582 4719 3780 4789 Γράφει

581 4793 798 4857 proprie
847 4791 912 4844 de
967 4791 1059 4846 illo
1106 4793 1306 4848 dixerit
1363 4806 1695 4864 usurpatam,
1723 4799 1877 4866 quasi
1928 4811 2126 4869 praeter

573 4874 810 4932 Verbum
844 4881 944 4934 hoc
975 4882 1104 4935 nihil
1149 4881 1287 4936 foret
1337 4883 1500 4938 aliud.
1531 4883 1732 4957 §cribit
1783 4898 1963 4944 autem
1994 4891 2113 4944 toti-

574 4968 694 5022 dem
733 4971 910 5026 verbis
938 4988 952 5024 :
984 4970 1074 5044 [Β.
1103 4971 1242 5047 XL]
1280 4992 1299 5027 ‹
1325 4973 1443 5028 Νοιι
1496 4953 1710 5044 quidem
1737 4981 2127 5038 catachrestice

576 5077 597 5110 ‹
643 5062 951 5118 nominatus
993 5065 1083 5120 ille
1147 5065 1397 5130 Verbum,
1427 5079 1744 5137 rumpantur
1794 5071 1921 5127 licet
1972 5089 2124 5129 men-

581 5166 602 5199 ¢
653 5151 850 5218 tiendo,
880 5156 970 5221 qui
1002 5155 1212 5210 diversa
1245 5159 1460 5221 docent,
1494 5159 1588 5212 sed
1619 5173 1741 5216 vere
1789 5171 1950 5234 atque
1999 5180 2126 5234 pro-

652 5247 709 5304 ›Ι‹
749 5242 1085 5316 Εά.,Ρπίε.,
1119 5264 1237 5318 pag.
1281 5248 1400 5302 116.

645 5333 692 5366 ⁸⁸
716 5334 906 5390 Matth.
937 5353 1064 5404 xxv,
1093 5340 1181 5394 54.
1256 5341 1300 5372 ⁸⁹
1329 5342 1542 5410 103ml,
1568 5348 1622 5397 1.

641 5426 1224 5503 mnmwmmw

649 5497 759 5568 (iii)
784 5497 954 5568 fulgo
981 5497 1178 5555 αὐτῶν.

644 5566 757 5631 H7,
784 5565 956 5633 Vulgo
978 5573 1127 5625 deest
1163 5571 1280 5630 τοῦ.

646 5635 754 5709 \l8)
791 5637 913 5693 Ἐπὶ
937 5638 1046 5709 τῆς
1067 5641 1306 5711 λέξεως.
1328 5644 1510 5716 Forte,
1531 5649 1662 5719 μηδὲ
1681 5649 1777 5722 τὴ)
1806 5648 1967 5720 λέξιν,
1989 5653 2122 5725 μηδι

2229 4800 2274 4854 δ’
2323 4799 2413 4856 οὖν
2451 4806 2633 4870 αὐτοῖς
2681 4809 2887 4878 ῥήμασι
2907 4808 3110 4878 λέγων·
3138 4827 3156 4860 t
3207 4809 3281 4861 Οὐ
3337 4809 3778 4880 καταχρηστικῶς

2236 4909 2253 4942 t
2286 4893 2603 4964 ὀνομασθείς
2649 4897 2837 4965 Λόγος,
2867 4895 2967 4951 κᾶν
3001 4896 3363 4970 διαρραγῶσιν
3395 4899 3444 4951 οἱ
3489 4898 3779 4969 ἑτεροδιδα-

2237 5003 2256 5036 t
2286 4985 2606 5052 (καλοῦντες
2645 4989 2976 5059 ψευδόμενοι,
3008 4989 3144 5043 ἀλλά
3175 4990 3378 5061 κυρίως
3421 5005 3482 5042 τε
3520 4988 3615 5042 καὶ
3661 4989 3779 5060 ἀληα

2236 5096 2256 5128 ι
2294 5077 2399 5142 θῶς
2435 5080 2693 5151 ὑπάρχων
2720 5081 2909 5150 Λόγος.
2947 5102 2965 5134 ι
3003 5083 3113 5136 Καὶ
3169 5080 3365 5134 πάλιν·
3401 5098 3422 5131 t
3452 5079 3777 5136 Μανθανὲτω

2239 5188 2259 5222 t
2291 5172 2469 5228 τοίνυν
2499 5175 2634 5229 Θεοῦ
2667 5177 2836 5246 Λόγον
2866 5175 2977 5249 (19)
3007 5173 3339 5247 ἐληλυθέναι,
3392 5175 3452 5228 οὐ
3485 5174 3653 5243 Λόγον
3684 5191 3775 5229 κα-

2235 5446 2580 5521 τήνητῶννει
2609 5464 2769 5521 voces
2790 5461 2843 5504 et
2873 5452 3167 5521 signiﬁcata
3195 5451 3396 5506 omisit.
3431 5451 3502 5508 Il.

2302 5516 2415 5586 (l9)
2436 5518 2858 5593 _’E1n1v0érat.
2891 5516 3028 5576 A'nte
3061 5521 3495 5593 κατεληλυθέναι.
3524 5521 3650 5588 Qnte
3699 5524 3770 5574 di-

2229 5595 2405 5662 sputat
2435 5588 2489 5640 in
2523 5593 2889 5662 sequentibus,
2923 5605 3047 5646 sunt
3083 5588 3300 5647 crambe
3335 5593 3419 5645 bis
3466 5594 3654 5662 posita,
3689 5593 3767 5644 0'5-

2228 5654 2312 5708 δὲν
2332 5654 2515 5728 ἕτερον
2545 5654 2767 5730 ήζωήν,
2803 5654 2923 5717 nam
2951 5665 3024 5718 ita
3071 5665 3124 5717 in
3168 5654 3613 5733 praecedentibus,
3642 5673 3761 5725 tum,
