4068 6316
151 401 255 458 9‘2!

1098 393 1188 450 DE
1227 391 1769 451 ECCLESlASTlCA
1806 390 2211 449 THEOIDGIA
2251 392 2380 449 LIB.
2427 393 2488 450 li.

3334 399 3439 453 θεῖ’.

176 538 196 570 ι
229 516 611 589 ταχρηστικῶς
654 514 1042 587 ὀνομασθέντα,
1080 515 1157 580 ὼς
1199 516 1351 569 αὺτοί
1397 532 1579 583 φασιν,
1631 514 1728 567 ἀλλ

1857 532 1873 563 ι
1927 513 2048 581 prie
2072 512 2305 568 Verbum
2333 514 2567 568 exsistit.
2608 532 2627 565 ι
2657 512 2724 568 Ει
2776 514 2974 569 iterum
3001 532 3016 568 :
3043 513 3134 587 ιιι.
3168 516 3436 596 XXXIX]

165 630 184 659 ι
227 609 399 682 άληθῆ
429 611 558 662 δντα
584 609 775 675 Λόγον.
802 626 821 659 ι
859 609 971 661 Καὶ
998 603 1181 671 αὖθις·
1234 628 1251 657 ι
1280 608 1552 679 Πρότερον
1572 647 1587 671 ,
1635 606 1743 661 ὧσ-

161 723 274 776 περ
300 706 555 768 πολλάκις
593 705 749 775 ἔφην,
792 703 944 757 οὐδὲν
969 702 1157 773 ἓτερον
1208 698 1277 773 ἦν
1306 702 1339 773 ἢ
1372 703 1541 770 Λόγος
1562 720 1608 752 ἰ
1646 703 1741 755 καὶ

155 797 354 851 πάλιν·
396 815 415 847 ι
456 797 569 867 Πρὸ
598 794 694 848 τοῦ
737 794 1037 857 κατελθεῖν,
1075 796 1170 848 καὶ
1195 794 1283 847 διὰ
1328 794 1429 863 τῆς
1461 793 1739 865 Παρθένου

161 911 181 941 ι
220 890 498 961 τεχθῆναι,
542 890 713 958 Λόγος
750 884 819 961 ἦν
873 889 1069 960 μόνον·
1129 889 1250 941 ἐπεὶ
1308 888 1375 940 τίι
1409 888 1597 959 ἕτερον
1647 882 1737 956 ἦν,

161 1000 182 1033 α
232 981 335 1052 πρὸ
358 979 450 1033 τοῦ
477 981 576 1051 τὴν
606 980 956 1054 ἀνθρωπίνην
985 980 1275 1034 ἀναλαόεῐν
1311 980 1489 1051 σάρκα
1521 980 1583 1032 τὸ
1610 995 1741 1032 κατ-

160 1094 181 1124 ι
212 1071 365 1127 nos»,
401 1072 487 1124 ἐπ’
509 1072 754 1143 ἐσχάτων
782 1072 890 1124 τῶν
916 1071 1159 1143 ἡμερῶν,
1194 1072 1269 1135 ὡς
1287 1073 1379 1126 καὶ
1396 1072 1557 1135 αὐτὸς
1575 1072 1741 1143 ἔγρα-

161 1183 181 1215 ι
223 1179 325 1232 (ps;
352 1163 461 1215 Καὶ
498 1162 559 1215 τὸ
589 1162 845 1230 γεννηθὲν
868 1164 933 1215 ἐκ
962 1162 1059 1233 τῆς
1100 1163 1381 1235 Παρθένου
1435 1162 1589 1217 οὐδὲν
1617 1162 1737 1215 ἓτε-

159 1274 180 1306 t
217 1271 309 1326 ρον
340 1249 408 1325 ἦν
442 1253 690 1323 ἢΛόγος.
736 1272 757 1304 ι
786 1252 970 1306 Ταῦτα
1004 1254 1306 1324 Μαρκέλλῳ
1328 1252 1537 1321 λέγοντι
1575 1250 1641 1325 ἦν
1672 1255 1739 1309 ἂν

149 1348 367 1402 δίκαιον
421 1345 624 1400 τοιανδὶ
679 1346 1049 1414 προσαγαγεῖν
1109 1343 1324 1398 πεῦσιν.
1384 1345 1495 1396 Καὶ
1570 1344 1738 1399 πόθεν

148 1442 310 1510 ἡμῖν,
341 1432 386 1491 ὧ
409 1433 584 1503 οὗτος,
608 1436 671 1490 τὸ
698 1434 881 1491 οὐδὲν
910 1435 1115 1503 ἕτερον
1139 1436 1251 1503 (20)
1286 1436 1604 1508 προστίθῃς,
1644 1438 1738 1490 καὶ
1770 1514 1775 1517 ﬁ

148 1530 217 1583 τὸ
232 1531 429 1598 μόνον
444 1545 463 1594 ;
490 1528 565 1582 Τὸ
591 1527 689 1599 μὲν
709 1527 837 1599 γὰρ,
868 1528 970 1581 Ἐν
995 1524 1154 1595 ἀρχῇ
1182 1522 1260 1595 ἦν
1282 1530 1313 1579 ό
1341 1528 1550 1595 Λόγος,
1582 1528 1738 1599 ἀκρι-

155 1621 269 1684 6ὦς
299 1618 546 1691 ἔγνωμεν
627 1619 724 1671 καὶ
762 1619 824 1670 οὐ
873 1618 1054 1688 μόνον,
1078 1615 1217 1669 άλλᾶ
1233 1615 1283 1669 τί
1303 1658 1318 1679 ,
1341 1617 1450 1670 Καὶ
1485 1616 1630 1683 Θεὸς
1658 1613 1737 1687 ἦν

156 1715 191 1764 ό
218 1711 429 1780 Λόγος,
467 1709 562 1763 καὶ
597 1706 724 1778 φῶς
754 1704 834 1777 ἦν
876 1708 942 1760 τὸ
987 1704 1239 1775 φωτίζον
1281 1706 1477 1760 πάντα
1514 1706 1737 1776 ἀνθρω-

147 1818 271 1856 ¹πον
307 1800 457 1876 [(21)
483 1802 812 1871 ἐρχόμενον
837 1804 925 1867 εὶς
958 1803 1064 1854 τὸν
1101 1799 1379 1872 κόσμον],
1421 1801 1516 1854 καὶ
1547 1817 1732 1869 μονο-

1849 623 1868 654 i
1918 605 2109 659 iiiis-eat
2156 604 2360 659 idcirco
2402 602 2498 657 Dei
2546 603 2780 659 Verbum
2813 609 3121 673 advenisse,
3158 625 3263 665 non
3303 612 3437 669 Ver-

1848 714 1867 745 i
1921 696 2047 749 bum
2081 695 2300 764 quidem
2336 696 2740 752 catacbi'estice
2783 699 3229 768 denominatum,
3261 717 3318 759 ut
3356 708 3434 762 illi

1849 803 1868 837 ι
1919 788 2091 849 aiunt,
2125 788 2221 840 sed
2256 786 2493 841 Verbum
2529 789 2815 844 verissime
2844 794 3133 848 exsisteus.
3168 814 3189 847 ι
3229 795 3298 850 Ει
3327 799 3432 854 ite-

1842 895 1989 933 rum.
2016 878 2106 951 [Β.
2142 879 2279 934 XLII
2315 881 2442 937 coll.
2471 897 2524 946 ι).
2559 881 2630 937 55
2658 880 2724 955 Β]
2779 901 2798 934 ι
2836 884 2902 939 Ut
2926 886 3037 951 jam
3059 888 3258 956 saepius
3283 907 3311 943 a
3344 908 3431 947 tne

1844 990 1865 1022 ι
1911 972 2145 1039 positum
2184 980 2291 1036 est,
2327 973 2463 1026 nihil
2516 982 2638 1028 erat
2664 974 2808 1029 aliud
2832 992 2995 1045 quam
3023 976 3278 1034 Verbum.
3313 1001 3333 1035 ι
3366 985 3432 1040 Et

1840 1076 2039 1117 rursus
2068 1082 2084 1119 :
2118 1082 2137 1114 ι
2170 1062 2496 1134 Priusquam
2550 1066 2927 1133 descenderet,
2986 1080 3043 1124 et
3095 1074 3162 1126 de
3208 1073 3431 1146 Virgine

1845 1173 1866 1206 ι
1916 1165 2259 1218 nasceretur,
2298 1153 2536 1211 Verbum
2568 1166 2688 1210 eral.
2732 1158 2906 1212 solum
2946 1177 2960 1212 :
2993 1176 3117 1214 nam
3168 1164 3298 1233 quid
3319 1165 3430 1220 ille

1844 1264 1866 1297 ε
1914 1245 2060 1299 aliud
2110 1256 2344 1315 poterat,
2403 1246 2725 1317 priusquam
2778 1262 3084 1306 assumeret
3131 1254 3427 1311 humanam

1846 1356 1867 1387 ι
1912 1352 2161 1402 carnem,
2186 1340 2280 1407 qui
2309 1339 2592 1393 descendit
2623 1341 2690 1394 ad
2732 1356 2833 1395 nos
2875 1341 2931 1396 in
2965 1344 3279 1401 novissimis
3308 1349 3427 1403 die-

1844 1446 1864 1479 i
1912 1426 2031 1493 bus,
2056 1448 2075 1480 ι
2094 1439 2152 1483 ιιι
2174 1430 2287 1499 ipse
2332 1428 2611 1498 loquitur?
2633 1431 2762 1496 Et,i
2782 1432 2914 1488 Illud
2943 1439 3086 1503 quod
3110 1437 3178 1492 de
3207 1439 3427 1508 Virgine

1845 1539 1864 1571 ι
1915 1521 2267 1587 nascebatur,
2315 1520 2451 1577 nihil
2502 1532 2623 1577 erat
2673 1534 2875 1593 praeter
2930 1524 3185 1584 Verbum.
3217 1547 3237 1581 ι
3300 1529 3428 1588 Haec

1838 1614 2129 1668 allii-inanti
2162 1612 2441 1680 Marcello,
2482 1615 2645 1669 talem
2677 1618 2970 1685 quamdam
2998 1620 3429 1693 interrogatiun-

1836 1706 2012 1760 cuiam
2040 1719 2343 1775 proponere
2374 1720 2480 1761 non
2504 1706 2802 1762 absurdqu
2836 1707 3030 1764 fuerit:
3054 1710 3121 1764 Et
3152 1713 3423 1768 undenam

1839 1800 2030 1863 nobis,
2085 1814 2119 1855 ο
2154 1801 2295 1855 bone
2353 1805 2412 1863 ›Ῑ‹
2448 1807 2528 1866 tu,
2588 1800 2692 1855 boc
2749 1801 2925 1872 ipsum
2976 1802 3108 1855 nihil
3163 1804 3313 1858 aliud
3364 1816 3423 1862 et

148 1894 335 1965 rer-hc
356 1890 435 1965 ἦν
460 1894 605 1959 Υἱός,
658 1894 751 1947 καὶ
773 1894 872 1947 ὅσα
908 1894 1254 1946 κατείλεκται
1279 1892 1476 1963 supra;
1516 1894 1637 1946 ’Ότι
1676 1891 1728 1945 δὲ

1836 1892 2004 1945 solum
2034 1892 2331 1962 proponis?
2364 1891 2493 1947 Illud
2528 1901 2678 1947 certe
2708 1913 2722 1948 :
2750 1891 2818 1948 In
2840 1895 3102 1963 principio
3136 1906 3253 1950 erat
3292 1894 3423 1953 Ver-

143 1987 339 2055 Δόγος
363 1982 430 2057 ἦν
455 1987 668 2054 μόνον,
698 1986 793 2040 καὶ
831 1985 985 2038 οὐδὲν
1018 1985 1202 2055 ἕτερον
1229 1985 1261 2055 ἢ
1293 1986 1501 2053 Λόγος,
1541 1983 1641 2036 οὐκ
1665 1982 1732 2037 ἂν

143 2076 264 2147 ἔχοι
296 2094 381 2141 τις
404 2077 692 2147 εἰρημένον
717 2077 1016 2140 ἀποδεῖξαι.
1047 2076 1218 2129 Πόθεν
1237 2073 1330 2127 οὖν
1364 2076 1425 2128 τὸ
1445 2076 1543 2144 τῆς
1559 2091 1730 2147 προσ-

145 2166 333 2239 θήκης
356 2167 649 2237 τόλμημας
687 2167 784 2221 Διὰ
813 2168 863 2218 τί
890 2167 999 2239 γὰρ
1022 2168 1141 2237 οὐχὶ
1172 2167 1373 2237 μᾶλλον
1409 2166 1537 2219 Υἱὸν
1566 2166 1632 2219 ἄν
1646 2183 1730 2226 τις

142 2260 296 2315 εἴποι
324 2261 485 2313 αὑτὸν
534 2260 715 2330 μόνον,
766 2259 857 2312 καὶ
884 2259 1035 2312 οὐδὲν
1062 2260 1248 2329 ἕτερον
1275 2258 1307 2328 ἢ
1339 2258 1498 2321 Υἱόν,
1548 2259 1646 2311 Διά
1676 2257 1729 2310 τί

138 2355 204 2409 δὲ
237 2356 300 2409 οὐ
335 2356 469 2408 Θεὸν
498 2354 593 2407 καὶ¹
619 2353 773 2407 οὐδὲν
800 2353 1044 2424 ἕτερονῆ
1084 2353 1215 2406 Θεόν
1244 2370 1258 2417 ;
1294 2352 1381 2405 διὰ
1398 2353 1450 2405 τί
1487 2352 1562 2422 μὴ
1613 2352 1730 2421 φῶς

138 2447 243 2503 τοῦ
279 2448 506 2517 κόσμου,
540 2449 635 2501 καὶ
654 2446 807 2500 οὐδὲν
842 2447 1029 2518 ἕτερον
1063 2446 1096 2517 ἢ
1134 2445 1333 2511 τοῦτο;
1362 2444 1451 2498 διὰ
1476 2444 1527 2497 τί
1556 2445 1613 2497 δὲ
1653 2444 1728 2515 μὴ

139 2540 315 2614 ζωὴν,
341 2540 435 2593 καὶ
460 2538 612 2592 οὐδὲν
659 2538 875 2609 ἓτερον;
918 2539 1013 2592 καὶ
1056 2538 1151 2590 ἐπὶ
1184 2537 1290 2589 τῶν
1327 2536 1727 2608 παραπλησίων

138 2634 260 2706 (22)
290 2634 486 2687 ταύτὸν
516 2632 579 2687 ἄν
608 2649 694 2696 τις
730 2631 1047 2684 δικαιότατα
1081 2630 1146 2683 ἂν
1175 2629 1528 2703 προτείνειεν.
1589 2628 1726 2681 Ἀλλ’

136 2724 336 2796 ὥσπερ
356 2725 421 2779 ἄν
456 2741 563 2788 τις,
588 2725 637 2777 ει
678 2722 837 2776 τοῦτο
867 2723 1035 2791 λέγοι,
1082 2722 1340 2793 ἐλέγχοιτ’
1388 2722 1454 2776 ἂν
1480 2721 1727 2793 ἁμαρτά-

136 2833 253 2870 νων
280 2816 479 2887 (πάντα
517 2816 625 2887 γὰρ
650 2814 860 2886 ἁθρόως
895 2814 1011 2865 ἐστὶ
1040 2811 1233 2879 ταῦτα,
1264 2807 1342 2875 εἷς
1375 2810 1449 2866 ὢν
1475 2813 1601 2874 Υἱὸς
1630 2811 1724 2864 τοῦ

132 2905 303 2973 οεοῦ,
324 2909 417 2961 καὶ
445 2906 574 2960 εἴτι
606 2906 814 2959 τούτων
857 2904 1151 2975 ἀνώτερον,
1182 2903 1301 2956 καθ’
1332 2904 1569 2973 ἑκάστην
1604 2902 1725 2955 επί-

139 3017 297 3054 νοιαν
324 3000 433 3055 τῶν
469 3003 526 3055 ὲν
559 2999 709 3071 αὐτῷ
738 2999 933 3053 θεῑκῶν
982 2999 1263 3070 δυνάμεων
1315 2998 1586 3069 διαφόρων
1633 2998 1727 3050 καὶ

138 3092 258 3148 τῶν
290 3092 601 3165 ὲπηγοριῶν
624 3092 972 3163 ἠξιωμένος),
1002 3090 1145 3145 οὕτω
1174 3092 1267 3144 καὶ
1301 3091 1391 3143 ἐπὶ
1407 3088 1498 3143 τοῦ
1528 3089 1721 3157 Λόγου,

136 3188 169 3241 ό
200 3185 310 3256 φὰς
344 3188 502 3257 μόνον
550 3187 722 3254 Λόγον
770 3187 933 3241 αὐτὸν
986 3180 1125 3239 εἷναι
1184 3186 1279 3238 καὶ
1315 3182 1467 3235 οὐδὲν
1514 3181 1721 3254 ἕτερον,

1836 1988 1983 2052 bum,
2009 1998 2263 2043 accurate
2296 1989 2568 2043 novimus.
2625 1986 2733 2045 Sed
2772 2005 2883 2045 non
2924 1992 3058 2045 illud
3094 1993 3296 2058 solum,
3321 1996 3421 2049 sed

1831 2079 1962 2148 quid
2003 2078 2515 2148 quasoiNimirum
2549 2097 2566 2135 :
2597 2089 2655 2135 et
2711 2079 2855 2137 Deus
2904 2092 3018 2138 erat
3085 2082 3332 2152 Verbum,
3363 2095 3421 2140 et

1832 2175 1927 2227 tua:
1961 2184 2075 2227 erat
2112 2173 2425 2228 illuminans
2457 2190 2665 2228 munem
2718 2174 2983 2231 hominem
3030 2179 3321 2231 venientem
3357 2180 3415 2233 in

1830 2264 1971 2317 hunc
2004 2263 2257 2319 mundum
2284 2282 2305 2320 :
2324 2274 2379 2319 et
2406 2275 2524 2320 erat
2555 2269 2858 2337 unigenitus
2900 2265 2949 2321 F
2954 2269 3080 2323 ilius
3105 2270 3174 2323 ”.
3202 2268 3269 2322 Et
3294 2285 3418 2339 qua

1832 2366 2031 2420 praeter
2070 2356 2170 2409 ista
2202 2355 2306 2410 alia
2343 2355 2658 2412 referuntur
2688 2360 2932 2415 nomina.
2979 2362 3051 2414 At
3102 2362 3247 2429 quod
3282 2358 3418 2415 Ver-

1830 2447 1957 2500 bum
1990 2454 2110 2501 erat
2140 2448 2336 2515 solum,
2372 2463 2549 2518 neque
2586 2451 2883 2520 quidquam
2927 2462 3125 2520 praeter
3166 2450 3415 2518 Verbum,

1830 2554 1989 2593 nemo
2024 2538 2305 2594 hominum
2349 2539 2552 2594 dictum
2611 2556 2734 2595 esse
2777 2549 2957 2611 potest
3010 2541 3414 2597 demonstrare.

1834 2628 1983 2684 Unde
2027 2629 2202 2683 audax
2234 2644 2364 2697 ergo
2408 2629 2539 2684 illud
2570 2630 3023 2695 additamentum,
3063 2631 3248 2687 solius.
3304 2631 3421 2687 Cur

1828 2738 1936 2777 non
1970 2725 2149 2793 potius
2174 2722 2374 2776 Filium
2408 2723 2533 2793 quis
2569 2723 2804 2792 appellet
2832 2736 2956 2776 eum
3002 2724 3205 2791 solum,
3237 2739 3417 2793 neque

1826 2816 2120 2883 quidquam
2170 2826 2367 2883 praeter
2411 2814 2658 2868 Filium?
2693 2814 2803 2869 Cur
2851 2830 2959 2869 non
3011 2814 3203 2879 Deum,
3238 2831 3418 2885 neque

1826 2906 2124 2976 quidquam
2167 2916 2364 2976 praeter
2414 2906 2625 2961 Deum?
2663 2905 2776 2961 Cur
2813 2922 2920 2961 non
2968 2907 3158 2961 mundi
3209 2907 3414 2972 lucem,

1826 3013 2003 3067 neque
2047 2999 2341 3068 quidquam
2392 3014 2588 3069 praeter
2634 2999 2851 3054 lucem?
2890 2999 3002 3054 Cur
3054 3015 3160 3055 non
3224 2999 3411 3065 vitam,

1831 3105 2004 3159 neque
2029 3090 2321 3160 quidquam
2354 3099 2562 3159 praeter
2602 3092 2768 3146 vitam
2791 3092 2815 3143 '!
2842 3091 3128 3157 Quomodo
3154 3092 3321 3144 etiam
3353 3090 3411 3145 in

1828 3182 2063 3243 caeteris,
2100 3196 2201 3236 nec
2229 3180 2509 3236 immerito
2537 3180 2684 3251 loqui
2716 3184 2872 3237 nobis
2891 3182 3037 3236 licet.
3077 3181 3187 3237 Sed
3221 3198 3414 3252 quem-

140 3276 479 3347 σφάλλεσθαι
514 3276 581 3331 ἂν
620 3277 831 3361 λέγοιτο
884 3278 1141 3340 εἰκότως·
1181 3276 1341 3347 μόνου
1376 3275 1486 3345 γάρ
1513 3272 1605 3326 τοῦ
1636 3274 1726 3326 εὑ·-

1831 3274 2122 3328 admodum
2173 3273 2222 3329 is
2260 3273 2353 3340 qui
2396 3274 2502 3327 ista
2546 3273 2747 3328 dixerit
2796 3289 2987 3329 errare
3016 3277 3257 3343 graviter
3280 3291 3415 3329 con-

136 3368 467 3437 αγγελιστοῦ
512 3370 759 3424 Ἰωάννου
809 3373 1005 3440 Λόγον
1050 3369 1213 3424 αὐτὸν
1265 3367 1724 3432 ἀποκαλέσαντος,

139 3462 240 3515 καὶ
269 3463 329 3515 οὐ
354 3462 512 3515 τοῦτο
542 3463 722 3533 μόνον,
743 3462 879 3515 ἀλλὰ
901 3463 996 3515 καὶ
1027 3463 1190 3532 ἕτερα
1208 3479 1221 3491 ·
1258 3460 1351 3514 τοῦ
1384 3460 1441 3514 δὲ
1475 3460 1627 3529 Σωτῆ
1638 3476 1727 3530 ρος

131 3554 287 3625 φῶς,
320 3557 413 3609 καὶ
438 3555 719 3625 ἀλήθειαν,
746 3545 838 3609 καὶ
871 3554 1044 3623 ζωὴν,
1093 3556 1187 3607 καὶ
1223 3551 1522 3624 μονογενῆ
1565 3552 1721 3617 Υὶὸν,

133 3647 236 3701 καὶ
266 3647 335 3701 τὰ
367 3648 530 3701 λοιπὰ
557 3646 753 3700 ἑαυτὸν
779 3647 1116 3710 ἀνειπόντος,
1148 3648 1344 3714 Λόγον
1375 3644 1428 3698 δὲ
1448 3642 1722 3714 οὐδαμῶς,

131 3739 259 3803 πῶς
286 3741 387 3793 οὐκ
406 3739 608 3794 ἄτοπον
644 3740 757 3812 (25)
784 3741 876 3793 ἐπὶ
906 3741 1005 3812 μὲν
1052 3734 1127 3794 ὧν
1154 3740 1317 3803 αὐτὸς
1362 3738 1553 3793 ἑαυτὸν
1590 3738 1724 3792 ὠνό-

137 3848 307 3903 μασε,
344 3834 417 3902 μὴ
446 3831 623 3901 λέγειν
652 3831 710 3885 ἓν
761 3831 970 3886 τούτων
1005 3827 1144 3886 εἶναι
1190 3832 1286 3885 καὶ
1328 3830 1482 3885 οὐδὲν
1512 3830 1721 3903 ἕτερον,

131 3921 234 3974 ἐπὶ
262 3921 320 3974 δὲ
348 3921 450 3991 τῆς
477 3921 572 3975 τοῦ
603 3921 991 3991 εὐαγγελιστοῦ
1025 3924 1154 3994 περὶ
1177 3922 1342 3975 αὐτοῦ
1380 3923 1585 3993 φωνῆς,
1623 3923 1723 3993 τῆς

134 4014 335 4083 Λόγον
356 4014 517 4067 αὐτὸν
559 4014 907 4085 άνειπούσης,
940 4012 1400 4079 διαϐεϐαιοῦσθαι,
1449 4016 1525 4079 ὼς
1572 4015 1722 4069 οὐδὲν

130 4104 325 4174 ἓτερον
360 4099 429 4175 ἦν
460 4105 493 4175 ἢ
524 4107 748 4175 Ao'roc;
799 4106 959 4159 Ἀλλὰ
1001 4107 1097 4160 καὶ
1151 4108 1376 4180 κυρίως,
1414 4107 1570 4179 φησι,
1627 4108 1722 4161 καλ⁹

132 4195 357 4268 ἀληθῶς
380 4196 491 4267 (τι)
522 4197 785 4269 ὑπάρχων
808 4197 942 4260 Θεός
965 4215 978 4228 ·
1027 4198 1089 4251 οὐ
1120 4198 1230 4270 γὰρ
1262 4198 1325 4270 δὴ
1363 4199 1551 4270 ἕτερος
1588 4193 1656 4269 ἦν
1692 4200 1721 4251 ό

134 4289 312 4355 Λόγον
333 4289 495 4341 αὑτὸν
520 4288 778 4355 ἀνειπὼν,
805 4290 993 4361 ἕτερος
1019 4289 1076 4342 δὲ
1104 4293 1132 4343 δ
1170 4289 1303 4344 Θεὸν
1334 4291 1677 4355 ἀποκαλέσας
1702 4308 1715 4321 ε

134 4375 218 4443 εἷς
245 4379 303 4432 δὲ
333 4380 427 4433 καὶ⁵
472 4380 501 4433 ό
550 4379 731 4444 αὐτὸς.
784 4381 1190 4453 Εὐαγγελιστὴς
1218 4381 1366 4452 ιόμοῦ
1413 4383 1507 4436 καὶ
1547 4383 1718 4451 Λόγον

132 4473 302 4527 αὐτὸν
324 4473 583 4538 ἐδίδαξεν,
609 4473 777 4527 εἰπών
798 4492 811 4503 ³
830 4475 941 4530 Καὶ
980 4475 1127 4542 Θεὸς
1158 4471 1238 4545 ἦν
1270 4479 1301 4530 ό
1342 4476 1536 4546 Λόγος
1556 4492 1569 4505 ·
1603 4477 1633 4529 ό
1672 4475 1716 4528 δ’

1831 4488 1979 4543 quam
2051 4488 2182 4527 vero
2239 4471 2463 4527 Verbum
2516 4484 2536 4523 :

132 4569 301 4632 αὐτὸς
328 4571 425 4623 καὶ
448 4569 563 4639 φῶς
593 4571 754 4623 αὐτὸν
786 4570 1060 4640 ὠνόμασε.
1101 4569 1201 4622 Διὰ
1230 4569 1283 4622 τι
1340 4565 1432 4622 οῦν
1485 4568 1560 4641 μὴ
1615 4585 1714 4622 κυ-

136 4661 270 4733 ρίως
294 4663 388 4716 καὶ⁵
409 4662 625 4734 ἀληθῶς
648 4662 797 4725 Υἰὸν,
834 4663 1117 4733 μονογενῆ,
1153 4663 1245 4716 καὶ
1269 4662 1367 4714 ὅσα
1394 4660 1528 4714 ἄλλα
1556 4660 1717 4724 αὐτὸς

130 4757 162 4809 ό
188 4755 455 4825 δεσπότης
476 4755 573 4809 καὶ
599 4754 790 4826 Σωτὴρ
809 4754 904 4807 τοῦ
950 4752 1335 4822 εὐαγγελιστοῦ
1370 4754 1496 4826 περὶ
1521 4751 1715 4805 ἑαυτοῦ

138 4844 597 4917 μεμαρτύρηκεν;
640 4847 698 4900 'U
738 4845 795 4899 δὲ
839 4846 1017 4899 πάντα
1067 4846 1285 4917 παρεὶς,
1333 4844 1492 4914 μόνον
1542 4844 1714 4911 Λόγον

134 4936 300 4992 αὐτὸν
325 4937 526 5008 κυρίως
555 4940 647 4992 καὶ
679 4938 894 5009 ἀληθῶς
924 4938 1191 5008 ὑπάρχειν
1232 4938 1385 5008 φησί.
1420 4938 1525 4990 Καὶ
1553 4953 1715 5007 προσ-

132 5028 372 5100 τίθησιν,
406 5029 481 5092 ὡς
505 5028 613 5100 ἄρα
648 5030 806 5101 μόνον
851 5030 935 5101 εἴη
966 5030 1158 5099 Λόγος.
1204 5028 1479 5082 Ἐντεῦθεν
1523 5028 1581 5081 δὲ
1609 5046 1711 5082 και

130 5123 401 5177 ταπιπτει
436 5122 529 5201 ἐπι
559 5122 657 5195 τὴν
694 5123 787 5176 τοῦ
815 5124 1155 5196 ἀνθρωπείου
1190 5123 1351 5192 λόγου
1396 5123 1708 5195 ὁμοιότητα.

1832 3368 2081 3420 vincetur
2122 3365 2587 3435 (quandoquidem
2660 3365 2706 3420 is
2753 3368 2843 3434 qui
2896 3381 3036 3420 unus
3083 3376 3168 3421 est
3215 3374 3270 3421 et
3314 3367 3409 3423 Dei

1828 3456 2022 3523 Filius,
2062 3459 2215 3513 bisce
2258 3457 2516 3513 omnibus
2566 3457 2883 3513 nominibus
2924 3457 3249 3528 appelletur,
3305 3473 3410 3515 nec

1829 3550 1980 3604 hisce
2022 3559 2253 3617 tantum,
2286 3550 2383 3605 sed
2415 3548 2537 3610 aliis
2583 3548 2771 3604 multis
2797 3558 2995 3619 praeter
3024 3550 3127 3604 ista
3164 3559 3220 3604 et
3259 3549 3411 3605 bisce

1828 3641 1998 3711 magis
2038 3641 2237 3697 divinis
2300 3640 2507 3705 forsan,
2559 3650 2722 3711 prout
2763 3641 3133 3695 diversimodo
3164 3642 3410 3696 divinam

1827 3735 1998 3804 ipsius
2029 3742 2353 3804 potestatem
2380 3742 2437 3788 et
2463 3734 2719 3786 virtutem
2764 3734 3271 3803 apprehendimus).
3330 3732 3411 3788 Ita

1825 3842 2043 3898 quoque
2073 3836 2127 3882 et
2162 3842 2285 3882 eum
2320 3827 2411 3897 qui
2466 3824 2701 3880 Verbum
2751 3826 2902 3880 illum
2951 3824 3125 3880 solutn
3177 3826 3413 3896 appella-

1824 3920 1986 3983 verit,
2019 3933 2193 3987 neque
2216 3918 2360 3972 aliud
2404 3917 2701 3987 quidquam
2747 3926 2946 3986 praeter
2989 3916 3246 3981 Verbum,
3290 3933 3409 3971 om-

1825 4014 1952 4066 nino
1993 4011 2105 4065 falli
2156 4025 2381 4065 necesse
2408 4019 2492 4065 est
2512 4019 2565 4063 et
2595 4024 2808 4065 errare.
2831 4008 2964 4064 Cum
2996 4010 3141 4063 enim
3168 4008 3409 4065 Joannes

1822 4102 2158 4173 evangelista
2214 4102 2363 4156 solus
2412 4104 2593 4172 ipsum
2652 4100 2892 4169 appellet
2933 4098 3186 4165 Verbum,
3230 4116 3410 4172 neque

1835 4196 2060 4249 Verbum
2090 4195 2285 4259 solum,
2309 4194 2403 4249 sed
2438 4192 2624 4248 multis
2649 4193 2771 4247 aliis
2798 4184 3113 4248 nominibus
3134 4195 3403 4265 designet;

1821 4304 2056 4359 cumque
2101 4293 2218 4358 ipse
2264 4303 2322 4342 se
2352 4285 2637 4351 Servator,
2675 4286 2846 4339 lucem
2889 4287 3155 4350 nominet,
3190 4298 3245 4341 et
3271 4288 3406 4342 veri-

1821 4392 2004 4446 tatem,
2043 4391 2100 4435 et
2156 4382 2335 4445 vitam,
2393 4390 2448 4434 et
2511 4379 2862 4449 unigenitum,
2914 4389 2969 4433 et
3012 4376 3238 4444 Filium,
3270 4395 3402 4435 nus-

2596 4471 2873 4541 quomodo
2936 4486 3043 4526 non
3106 4472 3401 4527 absurdum

1822 4568 1985 4622 fuerit
2042 4567 2177 4621 nihil
2209 4567 2426 4637 quidem
2458 4579 2647 4620 eorum
2679 4564 2935 4636 allegare,
2978 4565 3175 4634 quibus
3200 4579 3257 4619 se
3288 4567 3403 4634 ipse

1824 4659 2150 4731 insignivit?
2195 4673 2370 4728 neque
2416 4659 2602 4713 dicere
2651 4659 2823 4727 ipsum
2874 4659 2945 4712 ita
2979 4660 3047 4712 ab
3106 4658 3212 4712 illis
3236 4674 3400 4713 voca-

1826 4762 1961 4818 tum,
1996 4761 2053 4806 et
2076 4750 2223 4805 nullo
2249 4751 2354 4806 alio
2399 4752 2653 4816 nomine;
2685 4750 2939 4805 insistere
2968 4760 3146 4805 autem
3179 4751 3232 4804 in
3270 4765 3404 4807 voce

1824 4842 1938 4909 illa,
1981 4841 2230 4909 Verbum,
2274 4843 2417 4910 quod
2451 4842 2517 4897 de
2569 4842 2687 4913 ipso
2733 4844 3014 4912 usurpavit
3042 4842 3400 4912 evangelista,

1819 4944 1873 4990 et
1898 4943 2215 4990 constanter
2250 4932 2541 4999 alIirmare,
2574 4934 2713 4988 nihil
2763 4950 2887 4990 eum
2923 4949 3045 4989 esse
3079 4936 3226 4989 aliud
3265 4950 3403 5005 pra:-

1820 5039 1905 5083 ter
1949 5026 2203 5084 Verbum?
2230 5027 2343 5082 lino
2367 5042 2518 5091 vero,
2550 5025 2745 5094 inquit,
2782 5025 3004 5097 proprie
3042 5035 3205 5093 atque
3232 5027 3403 5081 veris-

1824 5122 1960 5177 sime
1999 5131 2119 5176 erat
2155 5121 2298 5176 Deus
2345 5119 2603 5186 Verbum,
2650 5132 2773 5172 nam
2813 5133 2919 5173 non
2954 5127 3074 5172 erat
3110 5118 3201 5172 ille
3236 5119 3398 5184 alius,

132 5220 226 5293 qui
258 5217 497 5277 Verbum
535 5222 710 5293 ipsum
753 5222 909 5289 dixit,
936 5223 1076 5279 alius
1112 5223 1204 5293 qui
1244 5223 1411 5278 Deum
1453 5222 1775 5292 nominavit,
1816 5222 1909 5278 sed
1958 5221 2099 5277 idem
2151 5229 2314 5291 atque
2355 5232 2493 5273 unus
2542 5213 2873 5287 evangelista
2910 5231 2927 5271 :
2978 5214 3141 5269 simul
3174 5225 3230 5270 et
3264 5215 3401 5271 Ver-

207 5361 268 5419 »Β
300 5354 399 5409 Ed.
431 5352 633 5421 Paris.,
664 5371 782 5428 pag.
810 5356 913 5411 H7

202 5451 251 5484 '°
276 5449 432 5506 Joan.
458 5464 495 5515 i,
523 5449 579 5517 9,
610 5450 697 5507 ll.

1887 5561 2000 5631 (‘25)
2036 5560 2561 5631 Ἐπιμενωναὺτὸς
2585 5558 2835 5631 ἑαυτόν..
2857 5556 3061 5631 Divide,
3100 5555 3239 5631 male
3266 5572 3398 5612 eon-

1810 5626 2020 5701 jmiqua,
2056 5626 2278 5701 ἔνειμεν
2306 5628 2382 5684 ὢν
2408 5626 2591 5695 αὑτός.
2610 5628 2699 5701 AM.
2731 5627 2941 5701 —A[Sjc
2968 5637 3021 5680 et
3054 5626 3237 5701 codd]

1885 5649 2020 5697 urna,
2056 5649 2149 5683 επι
2221 5649 2278 5683 εν
2306 5649 2382 5684 ων
2408 5649 2591 5695 αυτος.
2630 5649 2699 5683 in.
2731 5658 2799 5667 —
2826 5649 2941 5699 [me
2968 5649 3021 5680 ei
3054 5649 3237 5697 cuum]

1885 5700 1998 5780 βαι)
2049 5649 2354 5780 xl;er
2399 5702 2565 5769 Θεός.
2608 5698 2750 5780 Lege
2779 5698 3016 5780 ,ὑπῆρχε
3058 5696 3212 5776 θεός.
3250 5698 3393 5780 ξιπ-

1811 5766 2265 5897 εθῗυένιιιὶιιῖυέ
2290 5775 2491 5840 direre,
2520 5766 2726 5838 statim,
2777 5766 2915 5838 lege,
2944 5766 3029 5821 διὰ
3080 5767 3175 5822 τοῦ
3223 5768 3396 5841 etiar-

1812 5860 1873 5897 γε
1912 5858 2078 5897 mou.
2162 5878 2175 5895 .

1812 5858 2078 5913 γεΑιστου.
2107 5858 2175 5897 at.

133 5564 229 5619 καὶ
253 5563 345 5634 ἐπὶ
374 5562 926 5634 τῶν.παραπλησίων,
956 5563 1149 5618 ταύτὸν
1180 5565 1246 5618 ἄν
1282 5581 1365 5627 τις
1396 5563 1707 5617 δικαιότατα
1750 5588 1755 5589 ν

132 5633 488 5706 προτείνειεν.
520 5631 691 5685 Μζσ-
722 5631 863 5706 Intra
889 5635 1045 5706 vulgo
1070 5635 1271 5706 ἐγραχε
1291 5650 1343 5691 et
1368 5634 1598 5689 1oiav62.

206 5703 317 5777 (if-.9)
340 5704 523 5777 ⁸Υιιιειο
552 5702 885 5777 προστιθείς.

205 5773 317 5834 (Ἦ)
340 5773 464 5829 Haec
488 5773 779 5829 omioodd.

202 5837 313 5917 (ἢ)
348 5843 519 5918 Vulgo
550 5845 774 5917 ταύτην,
801 5844 905 5918 Mp.
936 5846 1167 5903 ταὺτων.
