4068 6316
188 410 296 467 9ὐό

1106 404 1197 460 DE
1239 403 1777 460 ECCLES‘IASTIL'A
1820 400 2218 458 TIIEOLOGIA
2255 400 2387 456 LIB.
2429 400 2494 457 II.

3352 403 3457 460 956

411 530 511 601 τὴν
544 528 842 581 ὑπόστασιν
868 522 964 579 τοῦ
1008 522 1329 594 μονογενοῦς
1362 522 1493 575 Υἱοῦ
1518 522 1612 574 τοῦ
1634 522 1767 573 Θεοῦ

1873 532 2017 583 sum,
2065 530 2113 572 et
2163 520 2275 572 sine
2322 522 2435 582 ipso
2494 520 2698 586 factum
2751 528 2830 571 est
2875 516 3008 571 nihil
3051 518 3120 570 ".
3168 515 3224 571 In
3280 532 3458 586 eoque

188 623 452 695 ἀναιρῶν,
482 621 573 673 τὸν
603 618 745 671 Θεῖον
769 614 1160 686 εὑαγγελιστὴν
1186 615 1285 685 τῆς
1316 613 1511 667 ἑαυτοῦ
1538 614 1765 666 κακοδο-

190 716 313 782 ξίας
363 713 714 785 μαρτύρεται,
749 709 826 775 ώς
865 707 1018 763 οὐδὲν
1050 708 1239 777 ἕτερον
1276 707 1437 760 αὐτὸν
1470 706 1769 775 ἐπιστάμε-

189 825 285 863 νον
313 808 344 877 ἢ
370 808 561 874 Λόγον,
602 804 733 857 ποτὲ
764 803 861 872 μὲν
889 798 1235 870 ἐνεργοῦντα,
1256 798 1443 853 ἄλλοτε
1472 796 1529 850 δὲ
1562 796 1768 867 ἡσυχά-

188 898 354 963 ζοντα
373 901 432 951 ὲν
454 896 529 967 τῷ
562 895 703 966 Θεῷ,
732 894 828 948 καὶ
852 892 1010 947 οὐδὲν
1040 892 1225 963 ἕτερον
1246 889 1376 945 ὄντα
1409 888 1442 960 ἢ
1479 888 1639 941 αὐτὸν
1677 887 1767 940 τὸν

187 991 345 1045 Θεόν.

1869 614 2089 674 dicitur,
2143 624 2194 664 et
2249 610 2392 663 Deus
2442 619 2554 663 erat
2599 607 2845 671 Verbum,
2885 625 2988 662 non
3036 610 3234 663 dividit
3277 610 3453 663 deita—

1868 714 1992 765 tem,
2048 702 2305 771 quoniam
2351 702 2401 753 in
2457 702 2579 769 ipso
2627 710 2749 753 eral.
2788 698 3052 762 Verbum,
3092 709 3148 754 et
3192 700 3309 767 ipse
3335 709 3456 754 erat

1866 796 1919 849 in
1976 794 2171 848 Verbo.
2225 793 2292 846 lu
2347 810 2428 845 me
2472 794 2636 855 enim,
2689 792 2887 861 inquit,
2928 791 3110 857 Pater,
3160 805 3209 846 et
3256 808 3350 861 ego
3399 792 3454 846 in

1871 885 2033 939 Patre
2081 886 2150 940 ’⁸.
2204 884 2493 939 Marcellus
2545 900 2640 953 per
2690 885 2802 940 haec
2852 894 2927 937 tot
2977 893 3032 937 et
3086 894 3235 937 tanta
3280 885 3455 938 subsi-

1873 979 2125 1033 stentiam
2195 977 2456 1046 unigeniti
2527 976 2621 1030 Dei
2670 974 2791 1029 Filii
2850 977 3043 1030 tollens
3091 988 3285 1030 testem
3340 991 3455 1029 sua:

189 1082 460 1137 haeretica:
509 1094 797 1150 pravmqne
857 1076 1135 1148 opinionis
1189 1076 1322 1129 citat
1372 1075 1793 1141 evangelistam,
1837 1072 1991 1140 quasi
2046 1070 2182 1123 nihil
2247 1070 2393 1123 aliud
2424 1071 2513 1124 ille
2544 1071 2807 1125 voluisset
2847 1069 3095 1139 intelligi,
3124 1086 3285 1141 quam
3325 1071 3455 1127 Ver-

186 1174 342 1240 bum,
401 1186 546 1228 nunc
607 1170 973 1241 Operativum,
1017 1168 1305 1234 quiescens
1338 1167 1475 1221 alias
1518 1166 1572 1220 in
1631 1166 1759 1229 Deo,
1799 1180 1899 1218 nec
1925 1162 2220 1234 quidquam
2246 1162 2399 1245 aliud
2424 1161 2700 1216 exsistens
2727 1177 2897 1229 quam
2918 1164 3110 1218 Deum.

829 1262 989 1315 ΚΕΦ.
1016 1260 1119 1313 IB'.

188 1355 326 1409 Ὀτι
366 1354 475 1425 μὴ,
519 1354 619 1425 ὡςΔ
643 1351 839 1425 ἐδόκει
875 1347 1226 1425 Μαρκέλλῳ,
1252 1352 1300 1425 ’ὁ
1335 1347 1769 1425 εῦαῃσελιστὴς

346 1418 463 1492 ibi
492 1418 625 1491 περὶ
656 1421 762 1475 τοῦ
799 1422 993 1490 Λόγου
1023 1421 1339 1489 θεολογίαν
1365 1418 1623 1483 ἐξέθετο.

265 1517 455 1571 Καίτοι
484 1517 513 1567 ό
544 1514 718 1584 μέγας
750 1510 1161 1581 εὐαγγελιστὴς,
1199 1511 1314 1582 ἅμα
1360 1512 1455 1565 καὶ
1497 1510 1766 1580 θεολόγος,

186 1608 374 1679 τρίτον
400 1607 461 1658 ἰν
487 1603 668 1673 ταύτῷ
697 1602 1074 1675 μνημονεύσας
1110 1600 1206 1655 τοῦ
1236 1602 1413 1670 Λόγου
1437 1640 1452 1666 ,
1483 1600 1591 1653 οὐδ’
1621 1600 1768 1666 ἅπαξ

184 1696 412 1769 εἴρηκεν
435 1693 598 1769 αὐτὸν
627 1692 759 1747 Θεοῦ
784 1693 976 1762 Λόγον.
1007 1692 1082 1746 Οὐ
1118 1692 1226 1763 γὰρ
1255 1686 1429 1754 εἶπεν,
1475 1692 1572 1745 Ἐν
1604 1689 1765 1759 ἀρχῇ

2499 1254 2652 1310 CAP.
2704 1252 2821 1308 XII.

1872 1348 2033 1415 Quod
2050 1364 2175 1414 non,
2218 1358 2273 1400 ut
2298 1345 2548 1418 Marcello
2571 1346 2860 1409 videbatur,
2880 1345 3198 1418 theologiam
3220 1347 3286 1402 de
3306 1343 3453 1401 Filio

2320 1417 2646 1485 evangelista
2707 1419 2998 1486 proposuit.

1940 1510 2165 1581 Magnus
2186 1509 2466 1563 enimvero
2500 1508 2831 1578 evangelista
2865 1508 3025 1563 simul
3058 1519 3113 1563 et
3147 1509 3453 1578 theologus,

1872 1614 1954 1659 ter
1980 1618 2104 1657 cum
2138 1601 2299 1657 Verbi
2327 1601 2660 1655 mentionem
2693 1600 2797 1655 hoc
2818 1600 2873 1654 in
2915 1600 3033 1656 loco
3061 1600 3251 1667 faciat,
3282 1617 3352 1656 ne
3376 1618 3457 1658 se-

1824 1752 1832 1760 _
1875 1696 1977 1750 mel
2002 1694 2223 1765 quidem
2266 1692 2503 1762 appellat
2534 1707 2656 1746 eum
2689 1692 2782 1746 Dei
2824 1692 3089 1748 Verbum.
3116 1691 3235 1747 Non
3269 1693 3460 1763 utique

181 1786 272 1858 ἧν
292 1792 324 1843 ό
352 1786 459 1843 τοῦ
481 1787 628 1841 Θεοῦ
662 1788 851 1857 Λόγος
876 1804 889 1817 ·
922 1786 1039 1839 ἀλλ’
1065 1785 1351 1855 ἀορίστως,
1391 1786 1488 1837 Ἐν
1509 1782 1667 1854 ἀρχῇ
1690 1780 1767 1854 ἦν

1871 1787 2028 1849 dixit,
2064 1784 2131 1839 In
2165 1785 2420 1854 principio
2443 1794 2557 1839 erat
2593 1782 2812 1839 Verbum
2838 1785 2933 1839 Dei
2958 1799 2979 1839 :
3006 1786 3101 1840 sed
3132 1793 3344 1839 tantum
3370 1786 3469 1839 in-

186 1879 225 1929 ό
256 1877 463 1945 Λόγος
495 1879 627 1947 ἡμῖν
658 1874 968 1929 καταλιπὼν
1012 1876 1192 1945 ζητεῖν
1215 1876 1396 1938 ὁποῖος
1423 1869 1493 1945 ἦν
1524 1875 1553 1926 ό
1575 1873 1765 1941 Λόγος.

187 1965 301 2018 Καὶ
327 1965 513 2031 πάλιν,
545 1967 643 2019 καὶ
684 1968 717 2019 ό
751 1967 944 2036 Λόγος
1071 1965 1219 2033 πρὸς
1258 1965 1366 2018 τόν
1406 1964 1575 2029 Θεὸν,
1622 1961 1767 2028 εἷπε,

182 2056 487 2127 δυνάμενος
512 2058 708 2123 εἰπεῖν,
741 2057 839 2110 καὶ
874 2061 906 2111 ό
932 2060 1123 2126 Λόγος
1159 2058 1265 2112 τοῦ
1293 2055 1441 2111 Θεοῦ
1476 2053 1554 2126 ἦν
1578 2056 1647 2109 ἐν
1691 2053 1771 2121 τῷ

186 2133 336 2213 Θᾶὖο
363 2148 520 2212 ἀλλὰ,
552 2147 653 2202 καί
683 2149 827 2215 Θεὸς
851 2145 930 2218 ἦν
954 2152 988 2203 ό
1004 2150 1214 2219 Λόγος,
1238 2149 1381 2219 οὐχὶ,
1399 2148 1496 2201 καὶ
1519 2147 1667 2201 Θεοῦ
1690 2142 1773 2218 ἦν

180 2240 216 2291 ὁ
237 2240 446 2308 Λόγος,
467 2238 590 2311 ἔφη,
626 2239 713 2293 ἶνα
736 2238 811 2311 μὴ
826 2240 919 2293 τοῦ
932 2239 1065 2294 Θεοῦ
1092 2238 1371 2310 ὲνέργειάν
1391 2255 1531 2303 τινα,
1562 2254 1773 2309 σημαν-

182 2334 349 2402 τικην
379 2349 525 2397 τινος
565 2332 599 2404 ἢ
653 2333 943 2404 ποιητικὴν
986 2329 1125 2386 εἶναι
1174 2332 1337 2387 αὑτὸν
1379 2329 1767 2402 ὑπολάϐοιμεν.

194 2426 262 2481 ’0
289 2425 353 2497 δὴ
386 2423 725 2495 Μάρκελλος,
750 2422 955 2494 οἰηθεὶς
980 2422 1146 2477 άῖδιον
1167 2418 1307 2476 εἶναι
1329 2422 1491 2476 αὐτὸν
1514 2422 1607 2476 τοῦ
1633 2421 1769 2477 Θεοῦ

180 2518 381 2587 Δόγον,
436 2515 580 2569 τοῦτ’
624 2515 772 2568 ἔστιν
819 2513 1111 2583 ἀγέννητον
1134 2552 1149 2577 ,
1195 2512 1455 2574 πολλάκις
1509 2513 1767 2584 ὡρίσατο,

180 2608 253 2661 οὐ
283 2605 543 2679 συνορῶν,
594 2606 697 2668 ὅτι,
731 2604 783 2657 ei.
832 2602 931 2673 μὲν
974 2602 1159 2671 ἕτερον
1195 2602 1290 2655 τοῦ
1317 2602 1451 2655 Θεοῦ
1479 2603 1571 2656 τὸν
1598 2603 1769 2673 Λόγον

182 2698 411 2769 φάσκει,
438 2697 531 2751 δύο
559 2694 711 2749 ἔσται
736 2693 908 2761 ἀΐδια,
928 2695 957 2746 ὁ
982 2693 1154 2762 Λόγος
1186 2694 1281 2747 καὶ
1313 2695 1341 2747 ό
1368 2693 1521 2759 Θεὸς,
1554 2696 1647 2748 καὶ
1668 2696 1770 2748 οὐκ

181 2790 265 2844 ἔτ’
293 2788 445 2843 ἔσται
477 2788 618 2859 ἁρχὴ
652 2786 748 2858 μία
771 2804 785 2816 ·
834 2788 883 2839 εί
914 2785 972 2839 δὲ
1003 2786 1061 2840 ἓν
1087 2784 1295 2855 λέγοιτο
1332 2784 1521 2851 ἀΐδιον,
1552 2784 1642 2840 τὸν
1667 2788 1767 2840 αὑ-

178 2879 280 2937 τὸν
314 2880 629 2951 ὁριζόμενος
666 2873 804 2932 εἷναι
827 2878 919 2931 τὸν
940 2877 1074 2930 Θεὸν
1121 2876 1407 2949 τῷ“Λόγῳ,
1440 2878 1645 2948 γυμνὸν
1676 2877 1768 2933 τὸν

181 2972 476 3028 Σαϐελλιον
509 2970 854 3044 ὁμολογήσει,
878 2971 1173 3041 υίοπάτορα
1205 2970 1297 3023 τὸν
1324 2969 1439 3034 ἕνα,
1469 2970 1589 3023 κατ’
1606 2971 1767 3024 αὑτὸν

1872 1876 2116 1941 deﬁnite,
2140 1874 2208 1930 In
2234 1876 2500 1946 principio
2529 1887 2641 1929 erat
2674 1873 2898 1929 Verbum
2921 1876 2988 1932 ’⁵.
3026 1874 3199 1932 Nobis
3237 1876 3460 1947 reliquit

1872 1968 2176 2039 disquirere
2202 1968 2503 2036 cujusmodi
2542 1968 2672 2022 illud
2692 1978 2811 2022 erat
2841 1966 3097 2024 Verbum.
3134 1968 3345 2025 Rursus
3366 1970 3463 2025 ubi

1872 2060 2029 2126 dixit,
2058 2070 2105 2113 et
2137 2056 2367 2113 Verbum
2393 2068 2507 2113 erat
2531 2060 2673 2127 apud
2710 2058 2875 2114 Deum
2901 2058 2947 2093 "
2980 2102 2997 2127 ,
3026 2060 3201 2129 potuit
3228 2060 3457 2128 dixisse,

1870 2162 1917 2208 el
1958 2151 2186 2207 Verbum
2230 2150 2329 2206 Dei
2381 2164 2496 2206 erat
2536 2152 2679 2222 apud
2704 2150 2910 2217 Deum;
2940 2153 3057 2216 sed,
3083 2164 3131 2207 et
3175 2152 3340 2221 Deus,
3378 2156 3464 2209 in-

1871 2247 2008 2315 quit,
2036 2256 2150 2299 erat
2179 2242 2498 2311 Verbum“;
2521 2260 2653 2305 non.
2683 2254 2739 2299 et
2770 2242 2993 2299 Verbum
3022 2245 3115 2299 Dei
3149 2254 3265 2300 erat
3290 2244 3457 2313 Deus,

1871 2348 1941 2402 ne
1981 2350 2079 2390 nos
2135 2334 2574 2390 ex'tstimaremus
2611 2334 2846 2390 Verbum
2880 2335 3008 2389 illud
3043 2334 3162 2412 Dei,
3188 2339 3465 2407 operatio-

1872 2426 1956 2481 nis
1983 2428 2401 2499 signiﬁcativum
2431 2443 2571 2483 esse.
2615 2428 2721 2483 Sed
2759 2428 3079 2493 Marcellus,
3107 2444 3232 2485 cum
3264 2431 3460 2501 opina-

1872 2529 2023 2572 retur
2057 2531 2321 2575 :eternutn
2343 2533 2464 2575 esse
2485 2518 2662 2590 ipsum
2693 2518 2787 2575 Dei
2826 2520 3085 2585 Verbum,
3118 2522 3223 2577 hoc
3254 2532 3341 2579 est
3366 2523 3459 2578 in-

1869 2609 2134 2679 genitum,
2164 2610 2238 2665 ita
2268 2626 2492 2679 prorsus
2524 2626 2647 2667 eum
2678 2611 2924 2667 deﬁnivit
2953 2630 2968 2668 :
3003 2613 3231 2670 minime
3260 2615 3461 2670 adver-

1872 2711 2013 2766 tens,
2042 2703 2184 2771 quod
2205 2702 2252 2758 si
2292 2703 2525 2758 Verbum
2552 2703 2826 2759 diversum
2856 2704 2986 2775 quid
3027 2719 3057 2759 a
3094 2703 3206 2761 Deo
3234 2714 3460 2772 statuat,

1870 2795 1978 2849 duo
2004 2793 2188 2849 futura
2233 2796 2348 2851 sint
2373 2804 2581 2851 aeterna
2613 2812 2627 2849 :
2664 2796 2767 2851 hoc
2813 2807 2899 2851 est
2931 2797 3080 2852 Deus
3096 2807 3149 2850 et
3175 2797 3411 2854 Verbum
3442 2814 3460 2863 ;

1869 2899 1973 2941 nec
2005 2886 2334 2956 principium
2379 2887 2483 2942 boc
2517 2896 2677 2957 pacto
2705 2897 2981 2944 statuetur
3014 2887 3257 2944 unicum.
3305 2890 3472 2957 Quod

1868 2978 1912 3033 si
1944 2978 2165 3033 unicum
2194 2979 2411 3035 dicatur
2437 2990 2722 3046 aeternum,
2745 2989 2908 3051 atque
2936 2982 3069 3037 illud
3114 2982 3290 3053 ipsum
3323 2982 3463 3039 deli-

179 3067 415 3129 ικεῑνον,
456 3064 713 3133 εἰσάγων.
757 3063 950 3117 Ἔσται
975 3056 1069 3115 οὖν
1111 3062 1140 3113 ό
1167 3060 1355 3133 Πατὴρ
1383 3060 1532 3133 αὐτῷ
1570 3078 1767 3133 γεννη-

1871 3071 1985 3125 niat
2013 3086 2134 3127 esse
2158 3070 2328 3126 Deum
2358 3087 2481 3128 cum
2506 3087 2605 3128 suo
2634 3071 2837 3139 Verbo,
2868 3075 3074 3130 nudum
3110 3089 3341 3147 prorsus
3363 3071 3476 3130 Sa‘

178 3155 304 3221 Θιὶς
336 3158 432 3211 καὶ
471 3132 807 3226 (51)ίπαθὼν
853 3156 945 3208 καὶ
991 3154 1151 3217 αὐτὸς
1201 3132 1354 3207 ἔσται
1402 3155 1431 3206 ό
1479 3132 1767 3225 εὐχόμενος

1872 3162 2099 3217 bellium
2146 3163 2493 3220 conﬁtebitur
2523 3183 2603 3231 se,
2630 3168 2747 3237 qui,
2777 3132 2837 3221 ui
2871 3166 2959 3221 ille
2987 3132 3141 3234 fecit:
3172 3183 3339 3223 uuunt
3369 3165 3433 3223 Fi

181 3245 399 3317 ἑαυτῷ,
434 3246 529 3299 καὶ
561 3243 897 3298 ἀπεστάλθαι
922 3244 1095 3311 λέγων
1140 3243 1230 3313 ὑφ’
1260 3242 1483 3308 ἑαυτοῦ,
1517 3244 1610 3298 καὶ
1640 3244 1769 3300 Υίδν

178 3338 404 3403 ἑαυτοῦ,
428 3337 522 3392 καὶ
548 3336 833 3408 μονογενῆ,
860 3336 961 3389 οὐκ
983 3334 1353 3406 ὲπαληθεύων,
1384 3336 1480 3389 σὺν
1515 3335 1772 3409 είρωνεία

175 3430 245 3489 εδ
287 3430 773 3501 καταψευδόμενος.
823 3430 933 3483 Καὶ
973 3428 1058 3492 τίς
1101 3427 1166 3481 ἂν
1207 3429 1392 3498 ἔτερος
1429 3427 1620 3482 τούτου
1659 3429 1768 3497 (52)

178 3522 605 3595 δυσσεϐέστερος
646 3520 844 3590 γένοιτ’
884 3520 952 3574 ἂν
998 3519 1191 3588 λόγος;
1251 3518 1413 3572 ’Λλλὰ
1453 3518 1564 3592 γὰρ
1610 3523 1772 3592 ἡμεῖς

180 3613 323 3687 (pip:
356 3613 572 3684 ἴδωμεν,
614 3612 798 3665 ὁποῖον
837 3613 966 3683 ἡμῖν
992 3613 1022 3664 ό
1047 3608 1438 3681 εὐαγγελιστὴς
1464 3610 1636 3679 Λόγον
1681 3611 1771 3664 εὑ-

178 3704 553 3775 αγγελίζεται,
599 3703 858 3774 φάσκων·
902 3702 1005 3756 Ἐν
1038 3698 1198 3769 ἀρχῇ
1238 3697 1318 3771 ἦν
1356 3704 1387 3755 ό
1414 3701 1637 3772 Λόγος,
1671 3702 1771 3760 καὶ

180 3800 223 3856 ὀ
239 3799 435 3870 Λόγος
461 3793 542 3869 ἦν
568 3797 719 3865 πρὸς
740 3798 849 3849 τὸν
873 3795 1042 3858 Θεὸν,
1066 3794 1166 3849 καὶ
1187 3793 1333 3859 Θεὸς
1350 3790 1431 3865 ἦν
1452 3797 1487 3849 ό
1501 3796 1711 3864 Λόγος.

1877 3253 1951 3309 lio
2000 3252 2218 3309 Patrem
2255 3267 2313 3311 et
2363 3257 2584 3313 unicum
2635 3259 2923 3314 conﬂuxit.
2973 3257 3285 3315 Secundum
3330 3273 3473 3332 ergo

1877 3346 2074 3416 ipsum,
2103 3348 2209 3403 erit
2245 3347 2400 3404 Patet
2456 3350 2690 3422 genitus,
2731 3362 2786 3407 et
2824 3365 3022 3422 passus
3052 3368 3068 3406 :
3101 3352 3223 3421 ipse
3256 3361 3464 3409 semet-

1879 3436 1985 3505 ipsi
2016 3438 2325 3494 orationem
2366 3440 2555 3498 fundet
2593 3458 2607 3494 :
2640 3442 2867 3498 missum
2914 3457 2973 3498 se
3014 3443 3276 3498 fatebitur
3306 3458 3338 3497 a
3370 3458 3462 3499 se-

1879 3530 2135 3601 metipso,
2155 3540 2211 3587 et
2232 3532 2429 3589 Filium
2459 3536 2541 3590 sui
2576 3535 2747 3605 ipsius
2774 3559 2786 3593 :
2816 3547 2983 3607 atque
3011 3538 3089 3592 ita
3125 3536 3465 3593 simulatorie

1878 3632 1939 3675 se
1968 3635 2073 3677 non
2106 3637 2316 3693 revera,
2350 3628 2447 3681 sed
2486 3626 2766 3694 mentitus,
2810 3627 3070 3684 fatebitur
3101 3628 3462 3700 unigenitum.

1878 3709 2019 3778 Quid
2042 3713 2147 3770 hoc
2177 3729 2431 3774 sermone
2452 3720 2624 3789 magis
2653 3720 2877 3790 impium
2900 3721 3196 3791 excogitari
3227 3720 3465 3790 poterit?

1876 3799 1986 3858 Nos
2013 3814 2213 3873 autem,
2254 3822 2374 3879 age,
2402 3812 2816 3866 consideremus
2849 3817 2908 3875 >14
2952 3810 3112 3881 quale
3146 3812 3302 3867 nobis
3328 3809 3469 3866 Ver-

178 3893 315 3951 bum
348 3892 678 3963 evangelista
722 3890 989 3957 enuntiet,
1013 3890 1101 3945 ubi
1136 3890 1393 3961 loquitur,
1414 3888 1482 3948 ιη
1504 3888 1781 3964 ipa-incipio
1812 3907 1925 3951 erat
1974 3897 2219 3971 Verbum,
2276 3915 2326 3959 et
2372 3904 2600 3965 Verbum
2647 3920 2758 3962 erat
2797 3909 2938 3979 apud
2971 3907 3159 3972 Deum,
3197 3915 3249 3961 et
3315 3904 3463 3966 Dus

178 4000 301 4046 erat
344 3986 585 4043 Verbum.

833 4084 995 4138 ΚΕΦ.
1032 4082 1137 4137 II".

217 4177 514 4248 Ποσαχῶς
541 4176 610 4233 τό
650 4177 1107 4257 meropes-or:
1133 4178 1202 4230 ἐκ
1243 4175 1355 4246 τῆς
1388 4176 1496 4232 τοῦ
1537 4178 1735 4248 Λόγου

739 4247 948 4318 φωνῆς
975 4247 1220 4301 νοεῖται.

270 4334 337 4390 Ἥ
364 4335 463 4407 μὲν
493 4329 588 4390 οὖν
630 4334 722 4390 τὸν
748 4336 907 4404 λόγον
928 4335 1164 4407 δηλοῦσα
1211 4335 1375 4403 λέξις,
1410 4336 1477 4389 δι’
1523 4336 1766 4407 Ἐλληνι-

179 4426 294 4500 κῆς
336 4427 582 4500 γλώττης
620 4428 1088 4501 προενηνεγμένη.
1131 4428 1444 4499 πολύσημον
1475 4428 1766 4482 ὑποϐάλλει

2480 4092 2633 4151 CAP.
2695 4092 2835 4150 XIII.

1867 4202 2008 4271 Quot
2037 4207 2210 4261 modia
2234 4206 2585 4279 intelligatur.
2611 4210 2751 4277 quod
2779 4225 2900 4264 uoce
2930 4208 3083 4266 Verbi
3106 4210 3460 4283 signiﬁcatur.

1951 4337 2069 4394 Vox
2116 4340 2205 4395 illa
2241 4340 2439 4409 λόγος,
2482 4340 2669 4398 Graeca
2711 4353 2864 4398 certe
2911 4344 3092 4414 lingua
3130 4343 3174 4398 si
3216 4342 3466 4414 profera-

1866 4441 1973 4495 tur,
2009 4432 2213 4486 variam
2254 4447 2285 4486 a
2325 4447 2384 4487 se
2426 4435 2736 4503 suppeditat
2777 4435 3258 4505 signiﬁcationem.
3285 4435 3465 4493 Voca-

178 4521 286 4593 τὴν
305 4519 365 4586 ἑξ
378 4521 548 4592 αὐτῆς
569 4519 822 4591 θεωρίαν.
851 4518 899 4573 α’
917 4520 1056 4592 (55)·
1070 4520 1348 4591 Κέκληται
1378 4520 1487 4594 γὰρ
1512 4520 1587 4595 [ό]
1606 4522 1761 4591 λόγος

1871 4535 1951 4579 tur
1978 4523 2150 4595 logos,
2184 4524 2236 4579 id
2274 4527 2420 4596 quod
2469 4526 2778 4597 disponitur
2833 4531 2886 4584 in
2931 4530 3115 4585 anima
3150 4530 3399 4587 rationali
3439 4546 3456 4585 :

182 4613 282 4666 καὶ
304 4615 333 4667 ό
365 4613 423 4667 ἐν
450 4615 516 4685 τῇ
539 4612 728 4684 λογικῇ
758 4613 903 4684 ψυχῇ
955 4610 1453 4685 καταϐεϐλημένος,
1486 4614 1607 4669 καθ’
1627 4614 1685 4668 ὃν
1710 4615 1771 4668 τὸ

180 4701 494 4771 λογίζεσθαι
518 4706 650 4775 ἡμῖν
682 4704 932 4775 πάρεστι.
960 4703 1025 4773 β’.
1046 4706 1155 4757 Καὶ
1171 4705 1323 4775 παρὰ
1348 4704 1534 4758 τοῦτον
1559 4706 1767 4778 ἕτερος,

177 4794 215 4848 ὁ
264 4793 356 4848 διὰ
399 4794 644 4869 γλώττης
698 4798 794 4851 καὶ
844 4796 1029 4867 φωνῆς
1072 4797 1337 4869 ἐνάρθρου
1374 4799 1653 4869 σημαίνων
1692 4816 1767 4853 τι.

180 4892 256 4955 γ’.
295 4886 403 4940 Καὶ
438 4888 577 4941 κατὰ.
605 4890 783 4960 τρίτον
813 4889 1037 4961 τρόπον,
1072 4892 1101 4943 ό
1132 4890 1221 4943 διὰ
1257 4891 1474 4961 γραφῆς
1507 4891 1587 4962 τῷ
1629 4908 1768 4961 γρα-

180 4980 279 5051 φιτ
299 4981 742 5051 συντεταγμένος.
770 4982 831 5035 δ’.
859 4982 996 5053 Ἤδη
1026 4983 1081 5036 δὲ
1109 4982 1264 5051 λόγον
1291 4982 1561 5057 εἰώθαμεν
1587 4984 1772 5037 καλεῖν

181 5069 283 5124 καὶ
308 5069 400 5123 τόν
427 5074 801 5143 σπερματικὸν
838 5075 872 5147 ἢ
912 5074 1159 5145 φυτικὸν,
1204 5074 1329 5129 καθ’
1359 5075 1416 5129 ὃν
1443 5075 1671 5147 δυνάμει
1703 5076 1771 5130 τὰ

186 5159 415 5232 μηδέπω
456 5162 630 5231 φύντα
658 5165 1002 5220 ὲναπόκειται
1031 5169 1143 5230 τοῖς
1173 5168 1450 5239 σπέρμασι
1485 5168 1769 5239 μέλλοντα,

180 5252 307 5307 ὅσον
336 5252 489 5308 οὔπω
526 5256 626 5327 τῆς
666 5257 946 5327 ἐνεργείας
987 5260 1067 5324 είς
1108 5259 1224 5329 φῶς
1271 5260 1538 5333 προϊέναι.
1575 5267 1635 5314 ε’.
1662 5262 1771 5316 Καὶ

184 5344 336 5415 παρὰ
379 5346 554 5401 ταῦτα
614 5348 817 5420 ἑτέρως
868 5350 1123 5404 εἰώθασιν
1154 5350 1439 5422 ὀνομάζειν
1485 5352 1639 5420 λόγον
1676 5353 1767 5407 τὸν

180 5435 600 5508 ἐπιστημονικὸν
644 5440 839 5512 τέχνης
875 5441 1078 5512 τινὸςῆ
1114 5444 1450 5514 ἐπιστήμης,
1500 5444 1594 5497 καὶ
1634 5443 1766 5497 πάν-

260 5576 321 5635 >14
354 5573 450 5628 Ed.
492 5573 693 5641 Paris.,
730 5593 849 5648 pag.
894 5578 1014 5634 I20.

250 5664 300 5700 ”
323 5665 452 5722 ibid.
484 5668 539 5727 5.

260 5805 371 5880 (:5!)
394 5803 571 5880 Y't'so
599 5808 844 5880 πάσχων-

308 5877 361 5951 3)
393 5877 559 5949 Vulgo
586 5877 782 5948 γένοιτ’
815 5880 878 5935 ἂν
908 5880 1124 5935 δυσσεϐ.

1869 4619 2011 4674 unde
2056 4619 2323 4691 contingit
2380 4619 2724 4676 ratiocinari.
2761 4620 2855 4675 Est
2898 4629 2952 4677 et
2998 4622 3151 4692 logos
3193 4625 3454 4689 secundo,

1866 4710 2008 4779 quod
2038 4710 2313 4781 signiﬁcat
2354 4709 2584 4779 aliquid,
2611 4726 2709 4780 per
2733 4710 2973 4782 linguam
3010 4721 3067 4766 et
3113 4726 3301 4769 vocem
3329 4715 3462 4768 arti-

1868 4799 2124 4856 cuIatam.
2144 4798 2354 4867 Tertio,
2382 4802 2527 4871 quod
2572 4802 2895 4870 descripsit,
2920 4812 2977 4858 et
3003 4803 3294 4860 scribendo
3321 4808 3463 4861 scri—

1868 4898 1991 4959 ptor
2016 4889 2290 4960 deposuit.
2319 4889 2568 4947 Solemus
2605 4901 2661 4945 et
2687 4892 2849 4961 Iogon
2890 4892 3166 4963 appellare
3213 4895 3457 4951 semina-

1868 4982 1970 5037 lem
1994 4992 2049 5037 et
2097 4992 2414 5039 nascentem
2465 4983 2803 5041 facultatem.
2836 4985 3145 5041 Secundum
3176 5002 3339 5057 quem
3371 4988 3459 5044 di-

1868 5085 2065 5131 cuntur
2101 5084 2369 5147 potestate
2411 5091 2557 5142 esse,
2592 5078 2647 5131 in
2674 5077 2981 5133 seminibus
3014 5079 3126 5145 illa,
3162 5095 3286 5151 qua
3317 5096 3459 5135 non-

1867 5167 1994 5222 dum
2016 5177 2176 5223 enata
2222 5178 2371 5235 sunt,
2399 5170 2494 5225 sed
2533 5170 2791 5240 deinceps
2841 5180 2966 5227 actu
3009 5173 3291 5242 proditura
3328 5182 3457 5227 sunt

1868 5262 1924 5315 in
1963 5260 2156 5317 lucem.
2188 5262 2379 5317 Adhuc
2403 5272 2459 5317 et
2488 5262 2595 5318 alio
2620 5264 2804 5329 modo,
2831 5263 3071 5321 solemus
3108 5264 3263 5336 logon
3298 5280 3455 5320 usur-

1870 5368 2023 5421 pare,
2081 5371 2179 5425 pro
2221 5355 2553 5412 intellectiva
2602 5358 2739 5413 artis
2790 5358 3019 5429 alicujus
3068 5369 3163 5414 aut
3210 5360 3456 5415 scientia:

1872 5444 2154 5512 facultate,
2180 5449 2431 5519 quodque
2455 5451 2702 5507 omnium
2736 5462 2788 5507 et
2826 5452 3163 5521 singulorum
3190 5451 3437 5507 istiusmo

614 5670 660 5701 "
687 5669 840 5725 Joau.
871 5687 982 5739 xw,
1018 5673 1103 5727 10.
1176 5673 1221 5707 ’⁸
1244 5671 1399 5731 Joau.
1437 5690 1478 5740 ι,
1512 5675 1561 5730 1.
1637 5674 1683 5706 ’⁸
1711 5674 1840 5731 ibid.
1912 5674 1959 5706 ”
1982 5674 2110 5729 ibid.

1927 5814 2039 5881 (33)
2070 5812 2163 5868 Sic
2194 5814 2380 5879 codd.,
2410 5815 2498 5883 qui
2542 5830 2656 5885 om.
2711 5828 2942 5885 sequens
2985 5815 3036 5882 ό,
3072 5813 3159 5871 hic
3208 5822 3263 5871 et
3307 5812 3455 5871 inire

1859 5886 2060 5943 addunt
2088 5899 2342 5941 numeros
2371 5888 2574 5943 OIIIISaU
2600 5883 2661 5941 δ’.
