4068 6316
668 341 783 404 937

1315 339 1588 400 ωεεωι
1625 337 2104 398 οεδειιιεῐιειε
2139 337 2237 396 0P1

2336 337 2511 397 PARS
2547 336 2635 396 IV.
2674 367 2746 379 —
2782 333 3198 394 οοοκΑτιαΔ.

669 461 724 518 di
757 461 1150 516 theorematum
1201 457 1709 526 eomprebensivum
1731 467 1838 522 est,
1870 457 2037 515 veluti
2066 458 2233 514 medi-

2336 454 2442 508 τῶν
2481 453 2590 507 τῶν
2627 448 2844 506 τοιῶνδε
2891 447 3261 520 θεωρημάτων
3315 445 3754 516 καταληπτικδν,
3809 441 3912 500 οἷον

667 566 791 607 cum
806 589 824 616 ,
861 548 1343 602 arcltitactonicum
1363 588 1378 611 .
1406 547 1810 617 geometricum.

1278 658 1431 714 CAP.
1473 657 1611 714 XIV.

737 746 982 818 Qualiter
1008 753 1312 813 exponenda
1338 750 1405 804 sit
1429 750 1718 830 euangelica
1752 751 1818 803 de
1848 745 2010 802 Verbo
2043 748 2166 802 doc-

1361 830 1538 888 ,lrma.

737 929 1002 999 Quocirca
1033 943 1157 985 cum
1186 928 1340 1000 logos
1365 928 1437 983 ita
1480 927 1838 984 diversimode
1875 927 2229 999 intelligatur,

667 1024 815 1077 etab
843 1020 1194 1090 evangelista.
1236 1019 1511 1074 indeﬁnite
1531 1020 1733 1073 dictum
1765 1020 1856 1086 sit,
1887 1017 1954 1074 Ia
1979 1022 2235 1090 principio

665 1120 782 1165 erat
838 1106 1088 1174 Verbum,
1131 1119 1182 1165 et
1223 1107 1610 1164 Verbumillud
1643 1119 1754 1163 erat
1795 1111 1936 1178 apud
1975 1109 2237 1178 Deam,“

667 1199 808 1254 Dus
848 1209 962 1254 erat
1012 1197 1259 1264 Verbum,
1304 1199 1818 1254 animadvertendus
1857 1200 1946 1255 bic
1978 1215 2108 1256 usus
2131 1210 2234 1266 est,

666 1301 722 1344 et
750 1290 1148 1358 dlgnoscendus
1185 1291 1334 1344 vocis
1364 1288 1504 1344 illius
1545 1289 1677 1359 logi,
1709 1295 1878 1346 novus
1907 1299 1962 1346 et
1991 1291 2236 1362 peregri—

669 1395 769 1436 nus
786 1395 936 1444 usus,
969 1396 1147 1451 quem.
1161 1390 1354 1450 prater
1375 1379 1492 1434 illos
1511 1395 1648 1451 quos
1671 1381 2236 1447 commemoravimus,

664 1471 993 1544 evangelista
1033 1471 1251 1527 tradidit
1283 1471 1563 1528 indeﬁnite
1603 1473 1824 1544 loquens
1846 1470 2114 1527 Verbum:
2145 1473 2239 1527 ad-

662 1562 856 1634 ]iciens
878 1575 1058 1619 autem
1076 1563 1420 1634 peregrinum
1441 1576 1497 1619 et
1523 1565 1952 1634 inexspectatum
1976 1563 2119 1618 illius
2146 1579 2241 1620 vo-

667 1657 749 1712 cis
777 1670 1016 1719 "nsum,
1043 1655 1110 1708 ad
1151 1654 1257 1707 vim
1289 1664 1346 1710 et
1387 1655 1644 1711 virtutem
1682 1657 1956 1726 propriam
1984 1655 2107 1722 ejus
2136 1657 2238 1738 ad:

2335 543 2595 617 ἰατρικὸν,
2623 543 2664 614 ἦ
2692 541 3147 614 ἀρχιτεκτονικὸν,
3181 541 3214 611 ἢ
3249 536 3629 610 γεωμετρικόν
3652 536 3843 605 λόγον.

2335 746 2528 814 ὀπως
2582 745 2698 816 χρὴ
2741 744 3147 816 διερμηνσύειτ
3166 741 3303 816 ⁸τὴν
3331 742 3748 816 εὐαγγελικὴν
3791 740 3919 810 seu!

2719 811 2836 869 τοῦθ
2857 811 3052 885 Λόγου
3096 811 3498 867 διδασκαλίαν

2402 929 2685 1000 Διαφόρων
2735 927 2916 982 τοίνυν
2963 925 3179 997 τρόπων
3218 927 3648 996 παρισταμένων
3703 926 3778 979 ἐκ
3826 925 3922 993 τῆς

2332 1019 2428 1075 τοῦ
2451 1020 2612 1089 λόγου
2645 1021 2848 1089 φωνῆς,
2884 1017 2980 1071 τοῦ
3007 1034 3068 1071 τε
3108 1014 3492 1084 εὐαγγελιστοῦ
3518 1015 3820 1079 ἀπολύτως
3849 1017 3923 1067 ει-

2338 1112 2584 1183 ρηκότος,
2624 1111 2726 1164 Ἐν
2770 1108 2929 1178 ἀρχῇ
2978 1104 3058 1179 ἦν
3089 1110 3124 1163 ό
3153 1108 3362 1177 Λότυς,
3417 1104 3581 1160 καὶὸ
3605 1107 3806 1174 Δότος
3845 1102 3922 1173 ἦν

2337 1203 2483 1272 πρὸς
2501 1201 2609 1255 τὸν
2634 1199 2802 1264 Θεὸν,
2831 1201 2929 1254 καὶ
2959 1198 3105 1266 Θεὸς
3122 1195 3202 1269 ἦν
3228 1201 3263 1252 ὁ
3285 1199 3492 1267 Λόγος,
3526 1198 3812 1267 προσήκει
3833 1197 3924 1249 τὸν

2336 1291 2458 1345 νοῦν
2481 1290 2589 1362 (δι)
2609 1291 2972 1362 ἐπιστήσαντα
2996 1287 3351 1359 καταμαθεῖν,
3371 1289 3446 1353 ὡς
3471 1288 3622 1354 ξένον
3644 1305 3696 1342 τι
3729 1291 3922 1360 χρῆμα

2336 1382 2492 1449 λόγου
2523 1380 2673 1452 παρὰ
2702 1380 2769 1435 τὰ
2809 1380 3124 1451 ἐγνωσμένα
3159 1382 3290 1451 ἡμῖν
3329 1381 3358 1432 6
3393 1378 3800 1450 εὐαγγελιστὴς
3834 1379 3925 1430 ἐπὶ

2335 1471 2428 1526 τοῦ
2455 1471 2719 1544 παρόντος
2747 1471 3133 1541 παραδίδωσιν,
3161 1469 3441 1533 ἀπολύτως
3473 1471 3572 1540 μὲν
3607 1469 3792 1523 εἰπὼν
3816 1471 3920 1522 Λό-

2337 1580 2451 1632 γον,
2499 1563 2755 1633 προσθεὶς
2791 1562 2848 1616 δὲ
2882 1561 2944 1614 τὸ
2981 1560 3128 1626 ξένον
3166 1563 3259 1616 καὶ
3291 1561 3594 1633 παράδοξον
3634 1561 3738 1632 τῆς
3787 1561 3922 1614 tau-

2339 1655 2533 1728 ζούσης
2557 1654 2703 1725 αὐτῷ
2734 1654 3012 1725 δυνάμεως
3040 1655 3099 1707 ὲν
3129 1651 3206 1725 τῷ
3230 1654 3329 1708 καὶ
3351 1653 3496 1720 Θεὸς
3518 1649 3600 1722 ἦν
3627 1656 3674 1722 ,ό
3699 1653 3918 1720 Λόγος.

667 1755 905 1816 aptatum
933 1747 984 1800 in
1015 1760 1089 1800 eo
1108 1745 1251 1815 quod
1273 1743 1522 1809 addit,Et
1553 1746 1691 1800 Deus
1719 1757 1830 1800 erat
1853 1744 2045 1816 Lagus.
2074 1739 2237 1812 Quas'

2339 1746 2429 1820 Μὴ
2475 1747 2586 1819 γὰρ
2616 1747 2724 1801 τῶν
2750 1747 2886 1819 πρός
2934 1763 3007 1811 τι,
3037 1746 3206 1817 φησὶ,
3249 1746 3434 1817 νόμιζε
3467 1741 3611 1799 εἶναι
3657 1745 3758 1798 καὶ
3802 1743 3922 1797 τοῦ·

669 1838 874 1893 diceret
912 1853 926 1889 :
961 1835 1145 1893 Nolito
1172 1836 1507 1904 existimare,
1536 1838 1638 1892 hoc
1663 1837 1802 1892 inter
1843 1854 1939 1893 eas
1957 1854 2077 1893 esse
2109 1853 2229 1906 quae

2336 1855 2438 1903 τον,
2461 1838 2537 1899 ὼς
2558 1838 2650 1891 τὸν
2675 1839 2733 1890 tv
2755 1837 2902 1908 ψυχῇ
2929 1835 3106 1904 λόγον,
3133 1839 3166 1910 ἢ
3191 1839 3266 1902 ὼς
3292 1837 3380 1891 τὸν
3411 1838 3500 1891 διὰ
3528 1837 3718 1907 φωνῆς
3755 1839 3922 1889 ἀκου-

664 1939 791 1983 sunt
817 1927 885 1984 ad
921 1928 1148 1998 aliquid,
1180 1937 1238 1982 ut
1266 1929 1415 1995 logos
1444 1931 1538 1999 qui
1589 1932 1642 1984 in
1682 1929 1861 1984 anima
1895 1940 1999 1995 est,
2034 1941 2128 1984 aut
2157 1930 2236 1984 lo-

666 2034 763 2089 gos
781 2019 872 2088 qui
904 2033 1000 2088 per
1045 2034 1230 2075 vocem
1271 2021 1582 2090 percipitur,
1610 2022 1769 2088 quive
1813 2020 2108 2076 seminibus
2151 2021 2238 2075 itt-

666 2122 749 2166 est
793 2113 1200 2182 corporalibus,
1239 2118 1297 2176 r14
1349 2123 1445 2166 aut
1500 2114 1751 2169 consistit
1799 2114 1852 2168 in
1911 2115 2234 2170 tbeoremasi

668 2205 1086 2260 mathematicis.
1134 2204 1196 2259 Hi
1219 2219 1407 2260 omnes
1429 2204 1598 2272 λόγοι,
1622 2221 1742 2260 cum
1772 2206 1880 2260 sint
1910 2206 1977 2260 ad
2001 2205 2199 2274 aliquid
2217 2245 2234 2270 ,

666 2296 721 2350 in
749 2295 854 2349 alia
889 2307 945 2350 et
987 2296 1200 2350 diversa
1233 2297 1642 2367 prcexsistente
1687 2296 1988 2352 substantia
2041 2297 2238 2351 inteli-

667 2394 867 2456 gnntur
897 2403 911 2439 :
939 2395 995 2440 at
1022 2384 1163 2441 Deus
1201 2385 1371 2456 logos,
1404 2401 1510 2440 non
1554 2385 1722 2442 altero
1755 2387 1957 2457 indiget
1985 2388 2242 2457 pratensi-

667 2487 844 2533 stente
865 2495 879 2530 :
902 2490 961 2532 ut
987 2479 1039 2532 in
1080 2478 1197 2548 ipso
1221 2477 1293 2532 sit
1318 2486 1375 2532 et
1401 2478 1661 2533 subsistat
1693 2495 1708 2531 :
1736 2481 1829 2533 sed
1854 2495 1949 2549 per
1973 2495 2030 2534 se
2053 2481 2238 2534 vivens

667 2579 750 2623 est
769 2578 824 2623 et
838 2568 1334 2631 subsistens.veluti
1353 2569 1443 2640 qui
1461 2569 1598 2624 Deus
1613 2570 1734 2625 sit.r
1757 2568 1897 2624 Deus
1911 2571 2237 2626 tenimcerat

663 2659 862 2728 Λόγος.
877 2678 896 2711 ι
911 2659 1050 2714 Cum
1077 2674 1204 2713 vero
1219 2659 1384 2714 Deum
1410 2659 1554 2713 illum
1571 2658 1768 2713 dictum
1792 2659 2003 2724 audias,
2017 2659 2236 2714 neacci-

671 2751 786 2821 pias
832 2750 1053 2812 dictum,
1079 2749 1232 2820 quasi
1262 2749 1379 2804 sine
1407 2749 1675 2820 principio
1697 2751 2019 2820 ingenitum,
2046 2766 2234 2820 quem-

668 2841 956 2896 admodum
970 2840 1212 2895 Patrem.
1232 2841 1387 2896 Disce
1423 2850 1604 2896 autem
1634 2843 1775 2911 quod
1798 2842 1868 2895 ita
1897 2842 1952 2896 in
1971 2842 2238 2912 principio

669 2941 786 2986 erat
820 2931 920 2986 iste
953 2931 1114 2996 Deus,
1129 2931 1323 3000 Λόγος.
1341 2929 1622 2998 Quodnam
1639 2947 1767 2988 vero
1791 2932 1962 3002 ipsius
1989 2933 2234 2989 intendat

671 3021 1015 3092 principium,
1065 3021 1376 3078 manifestat
1430 3022 1484 3077 in
1534 3025 1942 3093 sequentibus:
1987 3040 2092 3079 non
2151 3026 2233 3079 in-

670 3113 884 3182 quiens,
919 3112 987 3168 Et
1020 3113 1255 3170 Verbum
1284 3123 1404 3169 erat
1443 3113 1532 3168 ille
1580 3113 1743 3182 Deus,
1778 3131 1899 3170 cum
1935 3115 2233 3184 adiectione

673 3205 885 3259 articuli
913 3221 927 3259 :
965 3213 1024 3259 ut
1058 3220 1123 3260 ne
1152 3204 1302 3258 illum
1326 3217 1466 3268 esse.
1495 3206 1587 3274 qui
1617 3215 1702 3260 est
1727 3218 1887 3273 super
1913 3206 2114 3272 omnia,
2142 3206 2234 3262 de-

675 3295 1078 3352 ﬁniret.Verum
1110 3311 1176 3351 ne
1202 3295 1359 3358 dixit,
1389 3292 1458 3348 In
1480 3293 1610 3359 Deo,
1635 3311 1700 3350 ne
1723 3294 1790 3349 ad
1824 3297 2112 3350 humanam
2143 3297 2238 3349 de-

669 3388 823 3457 jiciat
849 3404 970 3443 eum
1005 3387 1448 3452 similitudinem;
1475 3387 1589 3449 sed.
1623 3396 1679 3442 et
1707 3385 1950 3452 Verbum,
1986 3389 2084 3453 ait,
2122 3396 2234 3441 erat

675 3480 814 3547 apud
853 3477 1037 3534 Deum.
1068 3477 1199 3533 Nam
1244 3479 1289 3534 si
1337 3479 1670 3548 protulisset,
1714 3476 1779 3532 Et
1827 3476 2061 3534 Verbum
2109 3478 2236 3533 illud

676 3579 813 3635 erat,
845 3570 900 3624 in
932 3569 1062 3637 Deo,
1096 3571 1258 3626 veluti
1279 3570 1549 3641 quoddam
1581 3571 1832 3625 accidens
1883 3571 1936 3624 in
1971 3570 2239 3640 subjecto,

677 3672 769 3724 aut
794 3673 1048 3733 tanquam
1068 3662 1208 3718 aliud
1239 3664 1291 3718 in
1314 3663 1440 3730 alio,
1457 3664 1808 3732 compositum
1838 3663 1906 3717 ita
1928 3663 2092 3718 Deum
2112 3665 2238 3719 sub-

679 3751 939 3806 stituisset
971 3753 1321 3807 substernens
1347 3753 1492 3807 illum
1538 3755 1696 3809 veluti
1727 3755 2082 3809 substantiam
2120 3755 2237 3810 sine

682 3841 842 3914 λόγῳ,
891 3851 946 3899 et
985 3843 1138 3913 logon
1175 3845 1487 3900 substantiae
1539 3847 1689 3911 velut
1735 3846 2004 3902 accidens.
2035 3845 2090 3900 in
2131 3859 2237 3915 qua

680 3935 933 4004 opinione
962 3949 1084 3989 cum
1113 3934 1393 3992 Marcellus
1421 3946 1585 4000 esset,
1612 3936 1826 3991 Patrem
1851 3948 2011 4006 atque
2040 3936 2236 3991 Filium

684 4024 737 4078 in
765 4023 905 4077 idem
921 4024 1454 4093 cogit,substantiam
1486 4024 1759 4094 appellans
1787 4022 2238 4088 Patrem,Filium

681 4129 811 4169 vero
840 4114 893 4169 ln
926 4115 1040 4183 ipso
1087 4115 1430 4170 exsistentem
1451 4157 1466 4183 ,
1499 4116 1770 4171 accidens.
1825 4115 1901 4170 lta
1953 4115 2116 4168 Deum
2145 4113 2242 4184 qui

681 4206 1013 4261 concesserit
1053 4206 1169 4262 sine
1203 4205 1366 4278 λόγῳ,
1397 4207 1559 4276 impio
1605 4221 1665 4260 se
1713 4215 1875 4276 atque
1927 4205 2240 4272 blasphemo

682 4297 917 4365 dogmati
952 4297 1266 4368 implicabit,
1296 4313 1419 4354 cum
1447 4299 1692 4353 admittat
1721 4297 1810 4352 ille
1834 4297 1999 4352 Deum
2025 4296 2238 4366 ἄλογον,

685 4397 868 4457 utpote
890 4387 979 4457 qui
1025 4388 1181 4457 λόγον
1220 4389 1272 4443 in
1302 4404 1360 4443 se
1401 4389 1594 4444 habeat
1635 4398 1887 4457 tanquam
1933 4387 2186 4443 accidens
2221 4405 2236 4442 :

2333 1931 2546 2001 όμενον,
2595 1931 2628 2002 ἢ
2675 1931 2751 1995 ὡς
2801 1931 2893 1985 τὸν
2935 1934 2994 1984 tv
3045 1932 3372 2000 σωματικοῖς
3409 1929 3540 1984 ὅντα
3574 1928 3918 2000 σπέρμασιν,

2334 2022 2378 2093 ﬂ
2407 2024 2482 2086 ὡς
2521 2023 2612 2076 τὸν
2661 2023 2720 2076 tv
2770 2022 3172 2093 μαθηματικοῖς
3221 2020 3504 2092 ὑφεστῶτα
3535 2020 3918 2091 θεωρήμασιν.

2333 2108 2488 2168 Οὗτοι
2517 2112 2625 2185 γὰρ
2658 2113 2874 2176 πάντες,
2895 2112 3005 2166 τῶν
3025 2112 3160 2184 πρός
3185 2130 3236 2165 τι
3256 2112 3426 2175 ὄντες,
3457 2114 3518 2164 tv
3547 2109 3715 2181 ἑτέρα
3745 2114 3922 2179 προῦ-

2334 2203 2628 2273 ποκειμένῃ
2689 2201 2931 2255 νοοῦνται
2996 2201 3170 2273 οὐσίασ
3227 2203 3256 2255 6
3308 2200 3365 2253 δὲ
3409 2198 3545 2262 Θεὸς
3582 2199 3768 2266 Λόγος
3825 2199 3920 2267 οὐχ

2335 2295 2520 2365 ἑτέρου
2552 2293 2718 2347 δεῖται
2744 2293 2838 2347 τοῦ
2871 2293 3356 2365 προῦποκειμένου,
3389 2291 3455 2344 ἵν’
3489 2293 3549 2344 tv
3573 2290 3732 2359 αὐτῷ
3767 2290 3921 2359 γενέ·

2337 2402 2492 2455 μενος
2541 2386 2650 2455 (35)
2691 2388 2893 2456 ὑποστῇ
2919 2401 2932 2414 ·
2982 2383 3103 2438 καθ’
3133 2383 3322 2436 ἑαυτὸν
3390 2381 3448 2435 δέ
3508 2383 3626 2434 ἐστι
3656 2380 3794 2445 ζῶν,
3828 2381 3919 2433 καὶ

2335 2477 2598 2548 ὑφεστὼς,
2627 2479 2722 2532 ἆτε
2738 2477 2867 2542 Θεὸς
2889 2477 2982 2531 ὧν·
3014 2475 3204 2540 «Θεὸς»
3232 2473 3338 2545 γὰρ
3363 2470 3460 2545 «ἦν
3476 2474 3506 2525 6
3523 2473 3719 2542 Λόγος·
3737 2494 3759 2525 ι
3787 2474 3920 2528 Θεὸν

2333 2571 2389 2625 δὲ
2422 2569 2582 2625 αίτὸν
2613 2568 2843 2630 ἁκούων,
2880 2566 3031 2636 φησὶ,
3072 2566 3146 2638 μὴ
3188 2565 3420 2637 ἄναρχον
3459 2564 3555 2618 καὶ
3586 2565 3916 2635 ἀγέννητον,

2332 2663 2530 2732 ὁμοίως
2575 2660 2651 2732 τῷ
2692 2659 2857 2712 αὑτοῦ
2897 2659 3070 2729 Πατρί
3104 2658 3197 2710 καὶ
3235 2656 3397 2709 αὐτὸν
3436 2652 3575 2708 εἶναι
3610 2656 3915 2727 ὑωλάῦῃς,

2336 2755 2570 2827 μάνθανε
2615 2753 2694 2816 δὲ,
2737 2755 2819 2806 ὅτι
2866 2753 2923 2805 tv
2973 2752 3114 2823 ἀρχῇ
3161 2747 3229 2821 ἦν
3278 2742 3432 2812 οὗτος
3481 2751 3510 2802 6
3555 2749 3693 2812 Θεὸς
3714 2749 3913 2816 Λόγος.

2332 2849 2465 2902 Τίνα
2495 2847 2537 2900 δ’
2569 2845 2730 2900 αὑτοῦ
2764 2845 2861 2915 τὴν
2892 2843 3066 2914 ἀρχὴν
3104 2841 3422 2909 ὑφίσταται,
3456 2839 3712 2908 διασαφεί
3761 2840 3912 2909 ἑξῆς,

2330 2941 2432 2994 οὐκ
2481 2937 2670 2995 εἰπὼν.
2707 2939 2817 2989 Καὶ
2845 2937 2872 2988 ό
2907 2935 3078 3002 Λόγος
3119 2928 3186 3004 ἦν
3231 2934 3258 2985 6
3284 2932 3433 2995 Θεὸς,
3479 2932 3617 3002 μετὰ
3663 2931 3768 3001 τῆς
3820 2931 3915 2985 τοῦ

2332 3029 2532 3100 ἄρθρου
2574 3027 2875 3100 προθήκης,
2912 3025 2996 3077 ἵνα
3031 3024 3104 3094 μὴ
3139 3023 3298 3077 αὑτὸν
3343 3018 3478 3074 εἶναι
3502 3021 3592 3073 τὸν
3639 3022 3734 3074 ἐπὶ
3782 3023 3915 3075 πάνυ

2332 3093 2452 3168 τὼν·
2484 3093 2763 3185 όρὶσήται,
2810 3093 2923 3164 αλλ’
2956 3093 3102 3176 οὐδ’,
3145 3113 3202 3163 tv
3239 3110 3316 3180 τῷ
3343 3109 3482 3180 Θεῷ,
3529 3111 3614 3164 ἶνα
3658 3110 3734 3181 μὴ
3810 3129 3908 3165 κα-

2333 3204 2548 3277 ταϐάλῃ,
2581 3205 2671 3257 ἐπὶ
2710 3202 2806 3272 τὴν
2857 3201 3202 3272 ἀνθρωπίνην
3259 3200 3568 3271 ὁμοιότηταο
3615 3200 3758 3254 ἀλλὰ
3786 3203 3910 3256 Καὶ

2333 3299 2368 3349 ό
2401 3298 2586 3364 Λόγος
2619 3291 2695 3364 ἦν
2717 3293 2865 3361 πρὸς
2896 3292 3002 3346 τόν
3034 3291 3208 3357 Θεὸν,
3246 3311 3264 3344 ι
3292 3290 3418 3363 ἔφη.
3453 3293 3516 3346 ΕΙ
3537 3291 3646 3364 γὰρ
3675 3294 3909 3364 εἰρήκει,

2334 3387 2443 3439 Καὶ
2504 3387 2532 3438 6
2565 3385 2732 3453 Λόγος
2787 3380 2853 3455 ἦν
2895 3386 2954 3437 ὲν
2995 3382 3073 3454 τῷ
3114 3382 3233 3455 Θεῷ
3255 3423 3270 3448 ,
3315 3383 3390 3446 ὡς
3439 3385 3497 3437 ἐν
3563 3385 3907 3456 ῢποκειμένψ

2335 3476 2699 3549 ωμὸεὸηκὸς,
2731 3478 2820 3531 καὶ
2848 3477 2923 3540 ὡς
2949 3477 3132 3549 ἕτερον
3173 3477 3230 3529 tv
3270 3477 3440 3549 ἑτέρῳ
3475 3477 3620 3541 δοὺς,
3655 3477 3909 3531 σύνθετον

2334 3570 2520 3642 ὥσπερ
2555 3571 2738 3642 εἰσῆγε
2779 3569 2868 3622 τὸν
2901 3569 3033 3622 Θεὸν
3064 3569 3251 3622 οὐσίαν
3292 3568 3453 3622 αὐτὸν
3517 3569 3905 3639 ὑποτιθέμενος

2333 3661 2454 3732 δίχα
2486 3662 2663 3730 λόγου,
2689 3659 3030 3732 συμϐεϐηκὸς
3052 3659 3110 3712 δὲ
3138 3663 3203 3731 τῇ
3225 3660 3381 3730 οὐσίᾳ.
3409 3660 3502 3714 τὸν
3521 3659 3701 3727 λόγον.
3735 3659 3908 3729 Ὅπερ

2334 3755 2536 3826 οἰηθεὶς
2568 3753 2879 3825 Μάρκελλος
2909 3751 3000 3805 τὸν
3031 3751 3247 3819 Πατέρα
3280 3751 3373 3804 καὶ
3413 3750 3505 3803 τὸν
3531 3751 3661 3804 Υἰὸν
3709 3750 3803 3804 ἐπὶ
3851 3749 3907 3804 τὺ

2336 3846 2468 3900 αὐτὸ
2501 3846 2737 3913 συνάγει,
2762 3843 2860 3913 τὴν
2883 3843 2993 3916 (56)
3029 3842 3126 3913 μὲν
3143 3842 3331 3895 οὐσίαν
3350 3841 3528 3895 καλῶν
3556 3842 3648 3895 τὸν
3666 3842 3903 3912 Πατέρα,

2335 3938 2427 3991 τὸν
2457 3938 2501 3991 δ’
2533 3940 2591 3990 tv
2622 3935 2767 4006 αὑτῷ
2798 3935 2988 4004 Λόγον,
3022 3933 3113 3988 τὸν
3144 3933 3298 3988 Υἱόν·
3329 3934 3388 3987 οὐ
3431 3933 3801 4005 λογισόμενος,
3835 3935 3904 3997 ὡς

2337 4032 2366 4082 6
2421 4028 2578 4083 τοῦτο
2621 4027 2816 4090 διδοὺς,
2870 4027 2961 4080 τὸν
3010 4024 3140 4079 Θεὸν
3180 4026 3308 4081 ἄνευ
3353 4026 3510 4094 λόγου
3553 4025 3900 4094 ὑποθέμενος,

2337 4122 2482 4192 ἀθέῳ
2505 4121 2598 4175 καί
2627 4117 2875 4172 δυσσεϐεῖ
2903 4115 3188 4190 περιπέσοι
3219 4116 3282 4170 ἂν
3310 4116 3536 4186 δόγματι
3558 4116 3692 4169 Θεὸν
3721 4115 3839 4181 ita}
3852 4132 3902 4167 ον

2339 4213 2789 4286 παραδεχόμενος,
2819 4211 3012 4282 ἔχοντα
3050 4211 3148 4281 μὲν
3185 4209 3340 4277 λόγον
3381 4209 3456 4270 ὡς
3491 4209 3600 4278 ('57)
3635 4207 3904 4278 aupﬁsﬁq-

2339 4307 2469 4362 κότα
2500 4308 2555 4359 ὲν
2585 4303 2751 4375 αὐτῷ,
2783 4304 2845 4357 οὐ
2891 4302 2996 4374 μὴν
3040 4302 3201 4355 αὑτὸν
3237 4301 3365 4353 ὄντα
3404 4299 3580 4368 λόγον·
3609 4299 3748 4363 δέον,
3774 4299 3832 4351 ἓν
3855 4315 3899 4349 τι

2341 4399 2502 4462 θεῖον,
2531 4396 2782 4469 ἄρρητον,
2811 4393 3035 4464 ἀγαθὸν,
3079 4390 3303 4455 ἁπλοῦν,
3347 4389 3658 4453 ἀσύνθετον,
3706 4407 3902 4461 μονοει-

683 4495 789 4535 non
830 4491 1005 4536 autem
1043 4483 1115 4537 sit
1143 4483 1255 4551 ipse
1302 4481 1475 4551 λόγος.
1528 4483 1662 4538 Cum
1696 4483 1920 4537 omnino
1965 4481 2237 4536 fatendum

2339 4491 2445 4553 δὲς,
2493 4489 2552 4542 τὸ
2602 4487 2854 4540 ἐπέκεινα
2894 4485 3003 4539 τῶν
3050 4483 3186 4538 ὅλων
3254 4482 3554 4554 ὁμολογεῖν,
3606 4482 3722 4552 (38)
3749 4482 3908 4536 αὑτό-

684 4569 755 4624 sit
804 4571 1060 4633 divinum.
1080 4571 1420 4636 ineffabilem,
1441 4573 1657 4635 bonum,
1687 4572 2004 4642 simplicem,
2034 4571 2238 4626 incom-

688 4662 940 4729 positum,
957 4663 1294 4727 uniformem,
1312 4679 1474 4732 supra
1491 4665 1673 4719 omnia
1699 4679 1820 4720 esse
1846 4665 2019 4733 ipsum
2040 4665 2203 4720 Deum
2223 4683 2237 4719 :

689 4751 885 4819 ipsum,
918 4753 1158 4822 inquam,
1177 4754 1482 4822 αὑτόλογον,
1501 4755 1840 4826 αὐτοσοφίαν,
1862 4754 2239 4825 αὑτοφὼς,αῠ-

689 4846 917 4916 τοζωὴν,
947 4846 1265 4913 αὑτόκαλον,
1296 4848 1660 4918 αὑτοάγαθον,
1694 4859 1787 4903 aut
1827 4849 1871 4904 si
1917 4849 2046 4920 quid
2092 4849 2240 4906 hisce

693 4936 998 4993 nominibus
1040 4939 1214 5008 majus
1252 4948 1307 4994 et
1345 4940 1684 5010 praestantius
1715 4941 2008 5012 excogitari
2053 4950 2238 5013 queat.

691 5030 800 5082 lmo
823 5044 952 5087 vero
979 5030 1155 5098 potius
1181 5032 1323 5101 quod
1361 5031 1585 5085 excedat
1616 5041 1847 5086 mentem
1889 5048 2128 5101 omnem,
2159 5048 2245 5087 su-

693 5132 845 5192 peret
890 5138 1104 5180 omnem
1136 5123 1513 5196 cogitationem
1551 5133 1608 5179 et
1651 5123 2082 5195 disquisitionem
2121 5125 2242 5181 ani-

771 5305 830 5365 >I4
869 5301 964 5355 Ed.
994 5300 1167 5356 Paris.
1191 5316 1311 5371 pag.
1341 5302 1457 5359 121.

2123 5381 2167 5410 δ

912 5457 1081 5536 Vulgo
1111 5463 1521 5536 καταστήσαντα
1550 5469 1606 5516 et
1631 5476 1750 5536 mox
1773 5464 1938 5536 εἰπὼν
1963 5465 2137 5536 λόγος.

736 5525 882 5609 ,(55)
918 5527 1084 5609 Vulgo
1111 5525 1348 5609 ὑπόστῃξ
1369 5530 1509 5598 Mus,
1535 5536 1649 5588 loco
1672 5532 1832 5599 αὑτός
1883 5536 1934 5592 in
1964 5525 2112 5595 αυξτ.
2151 5552 2242 5608 γρ.

705 5599 878 5658 οὗτος,
907 5609 962 5651 et
1000 5601 1070 5653 ita
1097 5599 1252 5654 codd.

916 5667 1214 5743 Vulgguttv
1245 5671 1638 5743 opoiavxaltitv
1670 5672 1786 5743 μέν.

775 5734 885 5808 (57)
913 5734 1130 5809 Μνξῖσξ
1153 5740 1532 5813 συμσεσηκότι.

2343 4580 2480 4642 θεον,
2541 4576 2827 4642 αὑτονοῦν,
2869 4574 3190 4644 αὑτολόγον,
3233 4573 3589 4643 αὑτοσοφίαν,
3639 4572 3899 4642 «tam,

2341 4668 2638 4740 αὑτοζωὴν,
2676 4666 2994 4729 αὑτόκαλον,
3027 4665 3362 4736 αὺτοάγαθον
3389 4665 3538 4728 ὄντα,
3582 4665 3676 4718 καὶ
3708 4664 3904 4719 τούτων

2344 4761 2452 4834 (59)
2486 4763 2513 4816 6
2537 4779 2588 4815 τι
2617 4761 2682 4815 ἄν
2721 4777 2806 4825 τις
2833 4762 3078 4831 κρεῖττον
3109 4759 3432 4829 ἐπινοήσειε,
3477 4756 3672 4828 μᾶλλον
3697 4757 3744 4810 δ’
3770 4758 3906 4826 ὑπὲρ

2343 4855 2519 4908 πάντα
2567 4852 2711 4918 νοῦν,
2756 4851 2849 4905 καὶ
2901 4851 3080 4922 πάσης
3129 4850 3382 4904 ἐπέκεινα
3433 4848 3670 4913 διανοίας
3710 4866 3768 4902 τε
3816 4851 3901 4902 καὶ

2346 4945 2709 5018 ἐνθυμήσεως.
2765 4944 2870 4998 Τὸν
2910 4943 2967 4996 δὲ
3001 4942 3189 4996 τούτου
3230 4942 3495 5013 μονογενῆ
3524 4941 3674 5007 Υἱὸν,
3719 4941 3793 5005 ὡς
3840 4941 3900 4995 ἂν

2347 5037 2527 5091 εἰκόνα
2569 5037 2664 5092 τοῦ
2696 5035 2928 5107 Πατρὸς,
2969 5032 3029 5101 εξ
3067 5034 3231 5089 αὐτοῦ
3277 5034 3472 5104 φύντα,
3517 5036 3690 5106 πάντη
3725 5052 3784 5090 τε
3816 5039 3900 5092 καὶ

2349 5128 2487 5183 κατὰ
2511 5129 2686 5184 πάντα
2709 5128 3022 5200 όμοιοτάτον
3049 5127 3175 5182 ὄντα
3196 5126 3274 5198 τῷ
3300 5129 3669 5201 γεγεννηκότι,
3700 5130 3793 5183 καὶ
3815 5133 3901 5186 αὑ-

2421 5462 2532 5536 (58)
2551 5463 2754 5536 seu»;
2773 5457 2906 5518 οὖν.
2925 5462 3086 5536 Forte
3111 5462 3245 5518 αὐτὸ
3269 5463 3348 5519 6v.
3377 5461 3450 5519 Ι.
3469 5494 3540 5504 -
3561 5464 3728 5536 Vulgo
3751 5463 3897 5518 αὐτὸν

2353 5533 2474 5587 θεὸν
2504 5534 2664 5587 αὑτὸν
2695 5529 2788 5586 οὖν
2815 5548 2958 5586 corr.
3006 5532 3071 5588 Β.

2424 5603 2534 5673 (39)
2557 5605 2679 5658 ’Ὁτι
2725 5602 2801 5657 ἂν
2839 5620 2948 5669 τις.
2991 5605 3148 5663 Forte
3177 5605 3232 5660 si
3263 5623 3314 5660 τι
3345 5605 3412 5661 ἄν
3452 5616 3557 5670 τις.
3588 5602 3659 5662 Ι.
3691 5634 3758 5646 -—
3785 5605 3894 5661 Mus

2352 5677 2507 5746 vulgo
2537 5673 2777 5746 ἁμουντὰ
2807 5675 2923 5745 τήν.
