4068 6316
187 388 301 451 929

1138 379 1227 435 DE
1259 370 1802 435 ECCLESIASTICA
1836 371 2233 431 THEOLOGIA
2279 372 2409 430 LIB.
2448 371 2517 431 Π.

3366 379 3478 439 930

185 502 285 555 τὸν
315 497 468 562 Θεὸν,
501 495 598 552 καὶ
619 493 763 563 νοῦν,
793 494 889 551 καὶ
923 494 1102 564 λόγον,
1128 495 1223 548 καὶ
1247 492 1464 563 σοφίαν,
1487 490 1583 545 atat
1607 488 1753 560 ζωὴν

1882 486 2162 555 mi.Hujus
2205 497 2387 543 autem
2418 485 2617 541 Filium
2671 485 3032 557 unigenitum,
3082 487 3251 545 veluti
3297 490 3479 551 Patris

186 594 287 649 καὶ
317 592 434 662 φῶς
481 586 643 656 εῖναι,
684 584 850 644 αὐτοῦ
894 605 953 644 τε
997 586 1093 642 τοῦ
1134 585 1301 641 καλοῦ
1331 584 1426 639 καὶ
1457 581 1666 652 ἀγαθοῦ
1697 583 1779 636 ει-

184 683 352 736 κόναο
388 681 490 736 οὐκ
514 679 677 734 αὐτὸν
701 679 833 733 ὄντα
856 677 949 733 τόν
979 676 1222 748 Πατέρα,
1255 675 1392 729 ἀλλὰ
1423 674 1515 728 τὸν
1545 672 1640 727 τοῦ
1662 672 1777 726 Πα-

185 774 320 845 τρὸς
354 772 614 844 μονογενῆ
647 769 778 825 Υἱόν
801 786 818 800 ο
850 768 956 823 οὐδ’
977 768 1139 823 αὑτὸν
1183 767 1314 821 ὄντα
1348 765 1440 819 τὸν
1484 762 1779 833 ἀγέννητον

178 865 285 918 καὶ
315 865 570 935 ἄναρχον,
614 862 751 916 ἀλλὰ
797 862 889 916 τὸν
933 861 993 929 ἐξ
1043 859 1209 915 αὑτοῦ
1253 859 1429 929 φύντα
1472 858 1569 911 καὶ
1603 856 1779 928 ἀρχὴν

184 955 633 1029 ἐπιγραφόμενον
661 955 751 1008 τὸν
777 953 1164 1024 γεγεννηκότα.
1194 951 1258 1005 Et
1282 951 1356 1016 δὲ,
1387 950 1596 1013 τούτοις
1628 950 1779 1002 ἀντι-

182 1047 365 1116 λέγων
386 1046 707 1117 Μάρκελλος
736 1046 931 1106 ταύτὸν
959 1040 1099 1099 εἶναι
1130 1042 1243 1114 (40)
1274 1043 1475 1112 φάσκοι
1504 1040 1597 1094 τὸν
1622 1040 1778 1103 Θεὸν,

183 1140 286 1193 καὶ
327 1138 420 1191 τὸν
458 1140 518 1192 ιν
560 1138 708 1210 αὐτῷ
750 1139 925 1208 Λόγον
962 1136 1251 1192 ἀσύνθετον
1291 1136 1386 1190 καὶ
1436 1132 1643 1189 ἁπλοῦν
1688 1133 1779 1186 τὸν

182 1230 323 1284 Θεὸν
364 1228 700 1302 ὁριζόμενος,
731 1229 852 1303 ὥρα
884 1228 1001 1299 (41)
1042 1228 1179 1299 μήτε
1211 1225 1432 1298 Πατέρα
1476 1225 1615 1296 μήτε
1647 1222 1779 1275 Υῑὸν

181 1321 468 1393 ὁμολογεῖν
510 1322 693 1385 αὐτὸν,
738 1320 998 1393 ἄντικρυς
1036 1319 1093 1373 δὲ
1125 1318 1217 1373 τὸν
1250 1318 1503 1372 Ἰουδαῖον
1538 1314 1780 1387 προσαλ-

180 1410 405 1475 λεσθαι,
433 1411 467 1481 ἢ
499 1411 591 1465 τὸν
629 1410 917 1465 meum»;
956 1410 1199 1479 εἰσάγειν
1223 1449 1238 1474 ,
1268 1408 1489 1479 Πατέρα
1520 1406 1616 1460 καὶ
1648 1403 1777 1457 Υῑὸν

178 1506 276 1559 τὸν
310 1504 470 1559 αὑτὸν
500 1502 637 1558 εἶναι
675 1503 987 1575 φάσκοντα’
1024 1502 1168 1557 ὥστε
1210 1503 1330 1557 κατ’
1355 1501 1516 1554 αὐτὸν
1556 1499 1639 1562 τὸ,
1682 1497 1779 1550 Ἐν

172 1595 339 1667 ἀρχῇ
354 1592 433 1668 ἦν
455 1599 488 1650 ό
502 1596 713 1666 Λόγος,
733 1595 847 1649 ἴσον
873 1592 1012 1650 εἶναι
1037 1594 1137 1667 τῷ,
1158 1596 1254 1647 Ἐν
1270 1592 1428 1663 ἀρχῇ
1452 1592 1533 1662 ἦν
1555 1594 1587 1644 ό
1610 1590 1776 1655 Θεός,

175 1687 276 1741 καὶ
300 1687 361 1741 τὸ
382 1727 397 1748 ,
432 1687 533 1741 καὶ
572 1690 607 1741 ό
638 1689 831 1758 Λόγος
861 1682 942 1757 ἦν
970 1684 1120 1756 πρὸς
1145 1686 1254 1740 τὸν
1282 1683 1453 1747 Θεὸν,
1490 1685 1604 1737 ῐσον
1634 1676 1776 1734 εἶναι

174 1777 278 1849 τῷ,
308 1778 407 1832 καὶ
439 1782 473 1832 ό
512 1778 657 1845 Θεὸς
688 1775 769 1849 ἦν
800 1778 949 1848 πρὸς
992 1778 1101 1833 τὸν
1138 1777 1306 1843 Θεὸν,
1353 1776 1556 1847 ὁμοίως
1594 1774 1650 1827 δὲ
1680 1769 1777 1827 καὶ

1886 581 2206 651 imaginem.
2256 595 2324 636 ex
2360 578 2480 649 ipso
2527 587 2731 642 ortum,
2794 580 3020 636 omnino
3060 589 3116 637 et
3150 597 3249 653 per
3288 588 3475 641 omnia

1884 687 2044 741 quam
2068 670 2415 725 simillimum
2445 670 2676 740 genitori
2700 684 2819 736 suo,
2854 681 2910 726 et
2950 672 3125 742 ipsum
3158 676 3305 744 quod
3352 691 3476 732 cro-

1884 764 1976 818 dat
2006 761 2199 825 Deum,
2220 771 2277 816 et
2327 774 2587 827 mentem,
2612 770 2669 816 et
2704 760 2885 831 λόγον,
2920 772 2976 819 et
3006 763 3331 833 sapientiam
3359 805 3377 833 ,
3416 776 3473 821 et

1884 855 2073 915 vitam.
2107 862 2161 909 et
2188 854 2385 918 lucem,
2411 852 2557 909 illius
2594 852 2803 923 pulchri
2841 855 3139 927 imaginem
3174 867 3339 928 atque
3373 859 3474 913 bo-

1882 948 1937 1001 ni
1977 965 1991 1001 :
2026 960 2134 1001 non
2165 953 2346 1000 tamen
2378 945 2673 1015 ipsummet
2702 947 3149 1016 genitorem,sed
3181 948 3361 1004 Patris
3383 952 3469 1005 sui

1882 1034 2080 1090 Filium
2111 1035 2470 1103 unigenitum,
2496 1048 2603 1089 non
2634 1035 2810 1104 ipsum
2836 1036 3059 1105 quidem
3099 1038 3471 1108 unigenitum,

1884 1134 1938 1179 et
1964 1124 2423 1195 imprincipiatum
2459 1140 2473 1177 :
2508 1123 2606 1178 sed
2651 1138 2717 1178 ex
2746 1122 2837 1177 illo
2873 1132 3079 1191 ortum,
3102 1124 3185 1180 sic
3218 1134 3277 1179 ut
3319 1126 3473 1195 priu-

1880 1216 2029 1285 pium
2076 1215 2160 1269 sui
2214 1213 2456 1269 ascribat
2496 1212 2667 1267 Patri.
2716 1213 2872 1281 Quod
2911 1215 2956 1270 si
3002 1215 3153 1271 hisce
3186 1218 3470 1273 contradi-

1880 1305 2051 1360 cendo
2078 1303 2393 1367 Ilarcellus,
2428 1304 2567 1358 idem
2599 1318 2722 1359 esse
2762 1319 2861 1374 per
2888 1305 3071 1361 omnia
3095 1307 3298 1362 dixerit
3320 1308 3470 1363 illum

1880 1395 2074 1461 Deum,
2106 1405 2161 1451 et
2188 1396 2317 1450 illud
2352 1401 2411 1459 ›Ῑ‹
2444 1396 2496 1449 in
2537 1410 2605 1451 eo
2647 1396 2884 1451 Verbum
2923 1398 3090 1453 Deum
3138 1400 3473 1471 incomposi-

1883 1497 1997 1543 tum
2030 1487 2299 1542 definiens
2339 1496 2503 1558 atque
2548 1487 2849 1558 simplicem
2886 1505 2902 1554 ;
2934 1489 3119 1544 videat
3156 1505 3227 1547 ne
3261 1492 3348 1547 vel
3376 1492 3473 1547 Pa-

1881 1590 2020 1637 trem
2045 1579 2130 1635 vel
2154 1579 2351 1634 Filium
2387 1593 2510 1633 eum
2534 1592 2795 1651 agnoscat
2823 1596 2839 1635 :
2868 1583 2962 1637 sed
2986 1581 3229 1638 Judaeum
3260 1598 3321 1638 se
3344 1599 3473 1653 pro-

1880 1675 1992 1741 dat,
2028 1681 2121 1727 aut
2154 1688 2277 1729 cum
2316 1672 2558 1728 Sabellio
2582 1674 2799 1729 inducat
2830 1676 3045 1731 Patrem
3071 1677 3320 1732 eumdem
3353 1678 3473 1749 pla-

1880 1779 1948 1818 ne
1986 1773 2149 1832 atque
2204 1761 2421 1818 Filium.
2485 1762 2554 1819 Ut
2603 1773 2735 1831 puta
2779 1778 2903 1819 cum
2952 1765 3094 1819 idem
3140 1776 3295 1821 sonet
3324 1768 3470 1837 apud

169 1846 239 1922 τὸ
268 1868 447 1940 τρίτον
479 1870 676 1923 ταύτὸν
714 1846 864 1923 εἶναι
896 1870 995 1941 τῷ,
1020 1870 1117 1925 καὶ
1148 1869 1293 1935 Θεὸς
1448 1869 1482 1922 ό
1521 1866 1686 1933 Θεὸς.
1730 1865 1759 1919 ἃ

1870 1854 2039 1917 illum,
2070 1852 2137 1907 In
2153 1854 2412 1921 principio
2451 1860 2564 1907 erat
2613 1851 2839 1908 Verbum
2869 1895 2885 1921 ,
2918 1870 2983 1911 ac
3019 1856 3149 1910 illud
3170 1896 3186 1921 ,
3218 1855 3280 1909 In
3323 1858 3472 1926 prin-

169 1960 290 2031 (ιῖ)
323 1961 388 2031 δὴ
428 1962 561 2033 πρὸς
587 1961 666 2032 τῷ
698 1963 1060 2035 ἀσυναρτήτῳ
1088 1962 1183 2015 καὶ
1213 1958 1649 2034 παραλογώτατα
1677 1958 1762 2031 εῐη

168 2056 264 2110 ἄν.
300 2054 425 2118 Πῶς
455 2055 513 2109 δὲ
541 2056 636 2109 καὶ
660 2055 720 2109 τὸ
747 2056 945 2109 πάντα
976 2055 1053 2109 δι’
1088 2054 1275 2109 αὑτοῦ
1302 2053 1541 2123 ἐγένετο
1578 2051 1763 2124 χώραν

164 2146 305 2213 Eiet,
353 2146 472 2210 ἑνὸς
523 2146 678 2211 ὄντος
734 2146 829 2200 τοῦ
889 2145 1287 2217 ὑποκειμένου;
1339 2143 1415 2198 Οὐ
1452 2142 1562 2214 γὰρ
1622 2160 1641 2193 ι
1671 2138 1764 2194 ὑπ’

166 2237 338 2291 αὑτοῦ
372 2257 390 2290 ι
425 2238 613 2310 φησὶν,
646 2238 755 2291 οὐδ’
785 2255 803 2289 ι
824 2237 884 2302 ἐξ
914 2236 1077 2292 αὐτοῦ
1103 2256 1122 2288 ι
1165 2235 1234 2289 τὰ
1280 2234 1457 2289 πάντα
1504 2232 1766 2302 γεγεννῆ-

168 2329 320 2397 σθαι,
355 2329 493 2384 ἀλλὰ
545 2348 563 2381 t
586 2330 655 2383 δι’
685 2328 871 2382 αὑτοῦ.
895 2349 913 2382 ι
970 2329 1033 2382 Ἡ
1072 2328 1130 2382 δὲ
1174 2346 1192 2379 ι
1218 2328 1305 2381 διὰ
1328 2346 1347 2379 ι
1397 2326 1655 2397 πρόθεσις
1704 2324 1766 2377 τὸ

170 2421 507 2494 ὑπηρετικὸν
530 2422 784 2493 σημαίνει
802 2440 813 2453 ·
830 2422 905 2485 ὼς
922 2423 949 2475 ό
963 2421 1124 2482 αὐτὸς
1152 2417 1545 2490 εὑαγγελιστὴς
1559 2415 1764 2488 προῖὼν

168 2511 303 2583 ιξῆς
349 2514 644 2584 παρίστησι
723 2512 933 2581 λέγων,
977 2510 1009 2565 ὀ
1074 2511 1261 2580 νόμος
1309 2507 1408 2563 διὰ
1467 2505 1765 2572 Μωΰσέως

167 2603 370 2671 ἐδόθη,
409 2605 443 2671 ὴ
468 2603 642 2674 χάρις
678 2605 776 2657 καὶ
812 2605 849 2673 ἠ
882 2602 1133 2670 ἀλήθεια
1162 2602 1235 2654 δι’
1277 2599 1473 2669 Ἰησοῦ
1502 2598 1761 2674 Χριστοῦ

160 2696 425 2765 ἐγένετοο
459 2672 677 2769 ιὸςγὰρ
712 2697 742 2749 ό
770 2697 955 2767 νόμος,
990 2696 1090 2750 οὑκ
1137 2695 1212 2749 ὣν
1255 2693 1616 2766 ἀνθρώπινος,
1652 2672 1762 2745 οὐδ’

163 2788 280 2857 (43)
327 2782 395 2841 αὖ
436 2786 535 2841 τοῦ
564 2787 845 2851 Μωῦσέως
892 2788 1173 2859 ὑπάρχων,
1204 2786 1319 2841 ἀλλ’
1357 2789 1423 2841 ὲκ
1469 2784 1564 2839 τοῦ
1601 2782 1757 2848 Θεοῦ,

160 2882 407 2936 Μωῦσέα
433 2881 676 2935 διάκονον
707 2883 800 2935 καὶ
845 2881 1123 2953 ὑπηρέτην
1161 2878 1508 2951 ἐπεγράψατο
1551 2878 1648 2949 τῆς
1682 2879 1760 2941 εἰς

159 2972 484 3045 ἀνθρώπους
509 2972 796 3036 ἐκδόσεως,
831 2972 925 3025 καὶ
953 2970 1041 3025 διὰ
1067 2972 1225 3025 τοῦτο
1253 2974 1486 3043 εἴρηται,
1518 2975 1551 3026 ό
1578 2974 1763 3041 νόμος

156 3064 263 3118 διὰ
293 3064 592 3131 Μωῡσέως
632 3064 832 3132 ἐδόθη,
868 3064 1010 3118 οὕτω
1047 3067 1141 3118 καὶ
1178 3066 1213 3136 ὴ
1258 3066 1416 3136 χάρις
1469 3066 1535 3118 δι’
1583 3063 1759 3137 Ἰησοῦ

1866 1947 2004 2014 cipio
2026 1955 2135 1999 erat
2159 1944 2320 1998 Dens.
2346 1944 2410 1998 Et
2447 1944 2597 2009 illud,
2629 1943 2694 1997 Et
2722 1942 2946 1999 Verbum
2967 1957 3083 2001 erat
3107 1948 3249 2017 apud
3273 1948 3467 2015 Deum,

1868 2038 2188 2109 equivalent
2235 2037 2333 2104 illi,
2366 2028 2435 2091 Et
2476 2037 2618 2092 Deus
2660 2049 2772 2094 erat
2810 2040 2952 2108 apud
2998 2039 3191 2094 Deum.
3229 2040 3296 2095 Et
3329 2042 3463 2097 illud

1870 2134 2087 2187 tertium
2123 2145 2228 2185 non
2260 2131 2332 2185 sit
2356 2131 2500 2185 aliud
2525 2146 2710 2201 quam,
2740 2130 2807 2186 Et
2830 2131 2970 2186 Deus
2999 2142 3113 2186 erat
3143 2133 3311 2189 Deus.
3332 2134 3466 2201 Quae

1867 2233 2130 2294 praeterea
2168 2224 2313 2293 quod
2364 2223 2677 2279 cohaereant
2726 2225 2926 2286 minus.
2956 2224 3028 2279 ab
3057 2226 3205 2280 omni
3246 2226 3467 2282 ratione

1867 2326 1993 2372 sunt
2023 2314 2376 2369 alienissima.
2426 2312 2562 2368 Nam
2591 2330 2827 2383 quonam
2862 2324 3020 2385 pacto
3050 2314 3228 2370 locum
3260 2317 3467 2371 habere

1868 2411 2070 2479 pcterit
2101 2409 2250 2472 illud,
2284 2408 2480 2463 Omnia
2507 2425 2600 2478 per
2625 2408 2799 2476 ipsum
2829 2408 2973 2476 facta
3013 2416 3158 2475 sunt,
3192 2424 3316 2463 cum
3346 2409 3467 2463 uuio

1866 2516 1990 2556 cum
2008 2502 2480 2571 sitsuppositum?
2510 2510 2564 2555 et
2597 2498 2883 2571 Scriptura
2939 2500 3154 2567 doceat,
3190 2515 3297 2555 non
3341 2519 3360 2553 ι
3394 2502 3463 2555 ab

1867 2591 1985 2647 illo»
2020 2592 2217 2646 nedum
2241 2608 2261 2643 ι
2284 2607 2351 2648 ex
2374 2593 2521 2656 illo,»
2563 2592 2657 2647 sed
2695 2606 2822 2661 «per
2852 2590 3033 2645 illum»
3069 2592 3250 2647 omnia
3295 2591 3465 2647 fuisse

1868 2681 2036 2737 facta?
2062 2666 2125 2736 Et
2170 2682 2257 2735 illa
2290 2683 2709 2753 pra-positinper
2740 2681 3045 2738 ministrale
3078 2681 3208 2752 quid
3245 2683 3461 2753 signiﬁ-

1866 2785 1973 2841 cet,
2013 2777 2466 2846 quemadmodum
2508 2778 2563 2831 in
2616 2776 2980 2846 sequentibus
3034 2777 3193 2833 docet
3227 2792 3464 2849 evange-

1865 2868 2013 2931 lista,
2054 2868 2323 2938 inquiens,
2357 2866 2466 2922 Lm:
2488 2885 2580 2931 per
2624 2866 2858 2938 Moysem
2881 2868 3010 2921 data
3040 2876 3117 2921 est
3149 2881 3169 2920 :
3210 2873 3385 2939 gratia
3408 2878 3459 2923 et

1865 2958 2052 3013 veritas
2084 2974 2180 3026 per
2204 2957 2386 3011 Iesum
2410 2956 2679 3011 Christum
2711 2957 2857 3025 facta
2886 2965 2963 3011 est
2992 2957 3060 3011 ’⁷.
3093 2957 3459 3024 Quemadmo-

1866 3051 1991 3105 dum
2024 3051 2167 3104 enim
2200 3048 2308 3117 lex,
2355 3063 2460 3103 non
2512 3048 2601 3102 illa
2635 3048 2916 3102 hominum
2949 3048 3033 3102 vel
3078 3048 3280 3119 Moysis
3309 3050 3458 3104 exsi-

158 3156 401 3229 Χριστοῦ
428 3157 663 3225 ὲγένετο,
693 3156 789 3209 τοῦ
816 3156 1028 3227 Πατρὸς
1061 3156 1229 3228 αὐτὴν
1272 3157 1361 3211 διὰ
1391 3155 1485 3209 τοῦ
1519 3156 1758 3228 Χριστοῦ

1865 3152 2034 3207 stens,
2056 3142 2151 3197 sed
2182 3141 2298 3200 Dei.
2325 3141 2412 3195 cui
2450 3139 2697 3193 minister
2717 3148 2772 3193 et
2798 3154 2990 3193 servus
3008 3139 3460 3196 subministrabat

157 3252 667 3324 κατεργασαμένου.
685 3251 961 3317 Ὡσαύτως
985 3247 1079 3305 οῦν
1108 3252 1322 3326 εἴρηται
1344 3254 1435 3306 καὶ
1452 3253 1533 3319 τὸ,
1554 3252 1758 3307 Πάντα

155 3341 235 3395 δι’
270 3342 457 3396 αὐτοῦ
488 3343 759 3411 ἐγένετο·
820 3342 933 3413 (44)
982 3344 1169 3415 ἑτέρου
1224 3346 1322 3415 μὲν
1366 3346 1751 3416 πεποιηκότος,

154 3429 327 3485 αὑτοῦ
378 3431 436 3485 δὲ
481 3432 983 3503 διακονησαμένου·
1041 3432 1172 3486 ὥσθ’
1211 3433 1398 3506 ἕτερον
1438 3434 1620 3505 ζητεῖν
1662 3436 1755 3488 τὸν

158 3525 396 3597 ποιητὴν
427 3526 535 3581 τῶν
594 3526 752 3591 ὅλων,
804 3526 894 3579 τὸν
935 3526 1024 3579 διὰ
1070 3526 1161 3579 τοῦ
1216 3526 1637 3597 θεολογουμένου
1685 3527 1755 3580 τὰ

156 3618 342 3672 πάντα
376 3618 843 3689 ὑποστησάμενον.
902 3620 1014 3672 Καὶ
1060 3618 1144 3681 τίς
1194 3617 1260 3672 ἂν
1301 3620 1510 3687 γένοιτο
1554 3613 1750 3685 οῦτος;

168 3710 315 3763 Ἀλλ’
343 3710 445 3765 οὑκ
486 3712 553 3764 ἂν
582 3711 693 3783 ἔχοι
722 3714 915 3765 εἰπεῖν.
948 3707 1049 3764 Ὧν
1077 3710 1249 3775 οὕτως
1278 3712 1532 3783 ἐχόντων,
1564 3713 1754 3784 ὁμολο-

151 3805 277 3871 γεῖν
316 3802 529 3873 ἀνάγκη
587 3803 678 3855 τὸν
725 3802 1141 3873 θεολογούμενον
1187 3803 1291 3856 ὑπὸ
1324 3802 1419 3856 τοῦ
1463 3803 1751 3872 εὐαγγελι-

153 3892 292 3947 στοῦ
336 3894 409 3965 μὴ
450 3894 540 3946 τὸν
576 3894 669 3947 ἐπὶ
696 3895 914 3948 πάντων
944 3891 1082 3949 εἶναι
1115 3894 1280 3959 Θεὸν,
1319 3896 1441 3966 μηδ’
1469 3896 1631 3949 αὐτὸν
1659 3896 1751 3949 τὸν

151 3984 399 4056 Πατέρα,
434 3985 525 4040 τὸν
569 3985 626 4038 δὲ
656 3985 845 4038 τούτου
890 3989 1153 4057 μονογενῆ
1183 3986 1311 4039 Υξὸν
1331 4027 1346 4050 ,
1381 3976 1441 4039 οὐ
1471 3986 1750 4060 συμϐεϐη-

149 4074 293 4127 γὰτα
315 4075 392 4146 τῷ
408 4075 601 4147 Πατρὶ,
629 4076 760 4140 οὐδ’,
776 4077 851 4139 ὡς
875 4078 931 4129 ὲν
956 4077 1322 4148 ὑποκειμένῳ,
1347 4078 1403 4130 ὲν
1426 4078 1575 4149 αὑτῷ
1596 4078 1747 4143 ὄντα,

144 4165 281 4219 οὐδὲ
329 4164 386 4218 ἓν
431 4167 527 4219 καὶ
571 4166 768 4220 ταύτὸν
807 4166 885 4236 τῷ
930 4166 1048 4238 Θεῷ
1077 4167 1241 4236 ὸντα,
1288 4167 1414 4221 Υῐὸν
1460 4168 1506 4220 δ’
1535 4168 1752 4239 ἀληθῶς

146 4256 308 4321 ἥντα,
344 4255 520 4321 ζῶντα
576 4260 669 4311 καὶ
716 4257 1004 4327 ὑφεστῶτα
1051 4259 1109 4311 ὲν
1160 4260 1302 4332 ἀρχῇ
1350 4278 1409 4313 τε
1448 4259 1599 4324 ὄντα,
1655 4261 1750 4313 καὶ

150 4350 297 4422 πρὸς
317 4350 407 4402 τὸν
430 4348 564 4402 Θεὸν
594 4349 742 4411 ὄντα,
792 4351 886 4403 καὶ
911 4350 1042 4404 Θεὸν
1076 4350 1226 4417 ὄντα,
1276 4351 1343 4404 δι’
1375 4344 1436 4405 οὗ
1468 4355 1536 4406 τὰ
1571 4354 1749 4407 πάντα

146 4440 499 4512 δημιουργεῖ.
541 4442 629 4504 Ὠς
672 4439 848 4511 ὀρθῶς
876 4440 985 4512 (45)
1017 4442 1082 4494 ἄν
1117 4458 1239 4495 τινα
1271 4442 1363 4496 ἐπὶ
1393 4442 1455 4496 τὸ
1490 4443 1751 4513 σαφέστε-

1862 3233 2099 3305 Moyses,
2131 3242 2191 3287 ut
2238 3232 2328 3286 illa
2371 3231 2438 3285 ad
2472 3230 2719 3285 homines
2762 3231 3203 3299 promulgaretur
3241 3248 3255 3285 :
3292 3241 3459 3301 atque

1862 3326 1983 3381 ideo
2002 3327 2202 3380 dictum
2221 3333 2326 3387 est,
2341 3323 2452 3377 Lex
2476 3338 2571 3392 per
2597 3320 2833 3392 Moysen:
2860 3324 2986 3374 data
3004 3323 3127 3391 fuit.
3146 3322 3222 3377 Ita
3239 3337 3460 3394 quoque

1858 3429 1915 3474 et
1954 3418 2127 3489 gratia
2161 3419 2286 3472 data
2334 3425 2437 3482 est,
2478 3415 2622 3484 quod
2671 3429 2771 3483 per
2816 3414 3095 3470 Christum
3131 3415 3292 3471 Pater
3333 3432 3456 3471 eam

1859 3519 2139 3580 operatur.
2184 3508 2363 3579 Atque
2398 3508 2463 3561 ad
2513 3507 2675 3561 istum
2713 3507 2933 3561 modum
2988 3507 3226 3572 dicitur,
3261 3505 3458 3562 Omina

1858 3619 1951 3672 per
1986 3602 2137 3655 illum
2168 3601 2317 3671 facta
2339 3611 2459 3654 sum
2488 3614 2509 3653 :
2535 3606 2723 3667 utpote
2749 3597 2818 3651 ab
2854 3598 3027 3653 altero
3062 3598 3456 3667 producta,cui

1861 3695 2017 3750 alteri
2054 3702 2380 3763 opcraturus
2422 3692 2509 3747 hic
2559 3690 2941 3745 subministrat
2976 3705 2990 3743 :
3023 3701 3083 3744 ut
3128 3691 3457 3760 quaerendus

1858 3790 1930 3842 sit
1960 3802 1986 3839 ε
2020 3787 2176 3841 nobis
2206 3795 2419 3841 creator
2450 3784 2587 3839 alius
2618 3784 2999 3837 universorum
3022 3825 3037 3847 ,
3068 3784 3161 3852 qui
3199 3784 3399 3837 dicitur
3422 3800 3455 3838 a

1859 3873 2110 3942 theologo
2134 3886 2353 3927 creasse
2397 3872 2602 3926 omnia.
2636 3870 2685 3926 ls
2722 3880 2901 3925 autem
2927 3871 3114 3940 ecquis
3150 3871 3290 3925 alius
3327 3887 3453 3927 esse

1854 3973 2067 4034 petent
2090 3962 2113 4015 i
2140 3973 2290 4017 certe
2334 3976 2496 4017 nemo
2540 3962 2761 4017 dixerit.
2792 3962 2923 4029 Qua:
2948 3976 3070 4016 cum
3096 3961 3169 4016 ita
3201 3963 3333 4029 sint,
3364 3962 3451 4017 ia-

1857 4057 1957 4111 teri
1984 4073 2084 4111 nos
2137 4063 2354 4125 oportet
2392 4070 2515 4109 eum
2556 4057 2647 4125 qui
2680 4056 2748 4110 ab
2778 4054 3108 4125 evangelista
3140 4054 3450 4120 deiﬂcatur,

1857 4165 1964 4204 non
2001 4164 2120 4205 esse
2149 4148 2319 4202 Deum
2367 4147 2514 4202 illum
2555 4161 2716 4217 super
2750 4146 2958 4213 omnia,
2994 4161 3169 4216 neque
3207 4146 3449 4213 Patrem,

1854 4241 1949 4296 sed
1985 4240 2133 4293 illius
2164 4238 2361 4293 Filium
2409 4238 2748 4308 unigenitum
2782 4255 2798 4294 :
2832 4252 2939 4292 non
2970 4252 3093 4293 cum
3126 4236 3286 4295 Patre
3322 4241 3443 4309 pari

1854 4348 2014 4404 passu
2047 4332 2414 4386 ambulantem
2448 4348 2461 4385 :
2493 4345 2592 4386 nec
2618 4337 2872 4401 tanquam
2904 4330 2959 4385 in
2992 4330 3274 4400 supposito
3300 4334 3447 4385 exsi-

1853 4435 2083 4482 steutem
2110 4423 2309 4478 unico:
2342 4437 2447 4477 non
2480 4437 2647 4477 unum
2673 4432 2834 4492 atque
2861 4421 3115 4478 eumdem
3149 4438 3275 4479 cum
3306 4424 3441 4490 De‘o,

150 4551 253 4609 ρον
269 4534 634 4606 μεταλαὸὀντα
654 4535 818 4604 φάναι
836 4535 954 4587 ἀντὶ
979 4533 1095 4597 τοῦ,
1113 4536 1208 4588 Ἐν
1219 4534 1377 4605 ἀρχῇ
1392 4532 1471 4607 ἦν
1487 4538 1519 4590 ό
1535 4538 1747 4605 Λόγος,

1864 4518 1950 4574 sed
1990 4516 2182 4570 Filium
2236 4528 2364 4569 vere
2397 4515 2774 4579 exsistentem,
2806 4514 2991 4569 vivum
3021 4514 3441 4571 subsistentem:

147 4627 217 4681 τὸ
266 4646 283 4678 ι
310 4630 367 4681 ἐν
397 4628 537 4698 ἀρχῇ
574 4624 641 4699 ἦν
667 4631 695 4681 ὀ
720 4627 868 4691 Υἱὸς,
892 4646 910 4679 ι
946 4627 1040 4686 καὶ⁷
1068 4628 1188 4680 ἀντὶ
1213 4627 1305 4682 τοῦ
1330 4669 1343 4693 ,
1368 4628 1466 4682 καὶ
1491 4628 1523 4682 ὁ
1545 4631 1737 4699 Λόγος

145 4715 235 4787 ἦν
263 4720 413 4788 πρὸς
465 4722 571 4773 τὸν
592 4719 761 4783 Θεὸν,
796 4720 877 4785 τὸ,
933 4737 951 4769 ι
980 4719 1076 4773 καὶ
1110 4722 1137 4773 ὸ
1179 4720 1308 4784 Υἱὸς
1354 4716 1421 4792 ἦν
1465 4722 1602 4792 πρὸς
1647 4722 1740 4774 τὸν

147 4811 456 4881 narem,»
503 4813 598 4866 καὶ
652 4812 775 4864 ἀντὶ
819 4810 913 4865 τοῦ
941 4849 955 4875 ,
1022 4812 1119 4864 καὶ
1144 4812 1286 4878 Θεὸς
1315 4808 1394 4881 ἦν
1438 4816 1470 4867 ό
1520 4816 1736 4884 Λόγυς,

1840 4614 1891 4666 in
1926 4605 2191 4682 principio
2236 4605 2328 4676 qui
2357 4614 2475 4660 erat
2506 4621 2519 4657 :
2555 4613 2609 4660 et
2649 4606 2791 4671 apud
2837 4603 3003 4659 Deum
3032 4614 3171 4669 erat,
3199 4616 3255 4662 et
3301 4607 3444 4662 Deus

1839 4710 1959 4755 erat
1994 4717 2007 4753 :
2037 4712 2132 4767 per
2154 4708 2315 4763 quem
2345 4694 2533 4749 condit
2567 4694 2841 4748 universa.
2864 4692 2935 4750 Ut
2962 4692 3167 4748 clarius
3196 4703 3445 4765 transpo-

1838 4793 1945 4847 sita
2000 4791 2118 4846 haec
2148 4784 2393 4858 proferre
2437 4786 2561 4856 quis
2602 4784 2796 4857 possit,
2841 4799 2941 4854 pro
2984 4786 3100 4851 illo,
3133 4784 3202 4841 In
3242 4788 3444 4856 princi-

147 4904 234 4966 τὸ,
298 4904 432 4955 ικαὶ
478 4904 609 4967 Θεὸς
665 4900 729 4974 ἦν
778 4907 807 4959 ό
853 4904 997 4967 Υἱός.
1027 4923 1044 4953 ι
1099 4902 1260 4957 Οὕτω
1305 4904 1350 4955 δ’
1382 4904 1449 4957 ἂν
1476 4906 1736 4977 ἁρμόσειε

1864 4906 1922 4959 ›ἱο
1949 4914 2063 4958 erat
2110 4901 2361 4965 Verbum,
2386 4918 2405 4951 ι
2442 4898 2499 4954 In
2539 4900 2807 4969 principio
2840 4908 2961 4956 erat
2987 4899 3181 4965 Filius,
3210 4920 3229 4954 ι
3255 4909 3311 4957 et
3342 4917 3440 4972 pro

150 4998 247 5049 καὶ
315 4996 376 5047 τὸ
434 4995 561 5065 ἑξῆς
633 4997 969 5067 ἐπαγόμενον
998 5014 1011 5027 ·
1073 4996 1268 5052 πάντα
1328 4998 1439 5066 γὰρ
1493 4997 1567 5051 δι’
1625 5003 1735 5053 αὺ-

147 5089 280 5150 τοῦ,
312 5088 549 5159 ἐγένετο
586 5090 685 5142 καὶ
731 5091 909 5157 χωρὶς
950 5091 1136 5145 αὑτοῦ
1179 5090 1413 5161 ἐγέγετο
1461 5090 1605 5145 οὐδὲ
1642 5093 1732 5147 ἓν.

146 5180 390 5245 Εἰκότως
414 5179 699 5261 τοιγαροῦν
726 5184 753 5233 ὁ
772 5182 911 5243 θεῖος
944 5182 1333 5253 εὐαγγελιστὴς
1365 5182 1475 5255 (46)
1508 5184 1565 5237 ἐν
1589 5185 1732 5258 ἀρχῇ

144 5272 314 5325 αὑτὸν
360 5273 483 5343 ἔφη’,
517 5273 640 5337 δοὺς
670 5272 816 5342 αὑτῴ
844 5274 1017 5343 ἀρχὴν
1040 5314 1053 5335 ,
1087 5274 1241 5344 δῆλον
1269 5275 1325 5327 δὲ
1362 5276 1443 5328 ὅτι
1482 5276 1582 5347 τὴν
1608 5278 1734 5346 γέν-

227 5392 287 5448 iis
324 5384 420 5441 ΕιΙ.
450 5384 647 5450 Paris.,
681 5402 800 5455 pag.
842 5385 961 5438 1‘2"?“

221 5480 267 5511 ⁸⁷
288 5478 444 5533 Joan.
484 5495 523 5542 ι,
553 5479 638 5532 17.

252 5570 337 5635 i0)
362 5570 529 5639 Vulgo
566 5572 798 5641 φάσκον.

253 5642 336 5711 Η)
372 5643 424 5711 lu
449 5658 595 5695 corr.
632 5644 752 5711 ὅρα.

220 5709 335 5782 (£2)
370 5709 535 5779 Vulgo
569 5713 647 5767 δέ.

223 5784 339 5852 (ιδ)
367 5782 530 5850 Vulgo
560 5782 722 5836 αὑτοῦ
752 5782 867 5837 τοῦ.

216 5854 333 5928 (Η)
363 5852 599 5922 Ἐτέρου
615 5854 731 5925 μὲν
760 5859 1174 5927 πεποιηκότων.
1202 5856 1561 5913 tlirectissime
1586 5858 1728 5913 aria-

1849 4998 1971 5061 illo,
2023 4994 2092 5047 Et
2142 4992 2369 5048 Verbum
2422 5004 2533 5046 erat
2566 4992 2709 5061 apud
2744 4992 2937 5058 Deum,
2974 5009 2994 5044 ι
3029 5002 3083 5047 et
3121 4993 3291 5048 Filius
3321 5005 3440 5048 erat

1848 5088 1988 5156 apud
2028 5086 2279 5148 Patrem,
2321 5103 2339 5135 ι
2377 5093 2430 5139 et
2466 5099 2564 5153 pro
2597 5082 2705 5149 illo,
2743 5080 2807 5134 Et
2843 5082 2982 5137 Deus
3008 5092 3119 5135 erat
3172 5081 3397 5137 Verbum
3419 5126 3434 5147 ,

1848 5196 1867 5230 ι
1899 5189 1953 5233 et
2004 5178 2145 5231 Deus
2198 5186 2319 5231 erat
2350 5175 2537 5231 Filius.
2567 5195 2584 5228 ι
2610 5174 2687 5230 Ita
2734 5175 2881 5231 enim
2916 5189 3158 5245 congrue
3197 5177 3437 5231 cohaere-

1846 5273 1925 5327 bit
1978 5273 2123 5343 quod
2186 5272 2437 5343 adjicitur
2490 5272 2543 5325 in
2602 5269 2955 5341 sequentibus
2997 5267 3235 5322 :Omnia
3295 5272 3434 5323 em’m

1836 5573 2139 5637 nizat,cum
2165 5569 2375 5625 Filium.
2394 5566 2766 5623 tantummodo
2799 5566 3046 5619 διάκονον
3072 5566 3123 5619 in
3149 5565 3433 5637 creatione

1835 5635 2100 5713 supponat
2143 5658 2156 5693 :
2186 5640 2492 5713 utllnyseu
2530 5639 2581 5691 itt
2618 5639 2751 5705 legis
2782 5638 3236 5709 promulgatione.
3275 5635 3346 5688 Il.

1907 5710 2023 5781 με)
2053 5711 2217 5780 Vulgn
2246 5710 2462 5781 ἀκτῖνα.

1908 5773 2018 5855 (ιε)
2074 5773 2379 5855 Ὲιξάρχῇ-
2416 5778 2666 5855 -αὺτοῦ,
2735 5778 2872 5845 ἔφη.
2950 5774 3190 5855 Legend.
3264 5773 3429 5829 αὑτὸν

1836 5847 1971 5909 εἶναι
2000 5847 2121 5923 ἔφη.
2158 5847 2328 5905 aII—"-
2369 5850 2612 5921 [Correxi
2642 5852 2814 5904 locum
2848 5862 2911 5902 cx
2945 5847 3101 5902 codd.
