4068 6316
663 346 760 402 951

1327 339 1588 398 EUSEBII
1626 337 2101 395 CESAR‘lENSlS
2137 334 2286 392 σΡΡ.
2328 334 2505 389 PARS
2544 329 2634 389 IV.
2675 365 2742 376 -—
2782 331 3202 390 DOGSIATICA.

3789 328 3890 386 931

660 484 752 532 per
793 464 937 515 illum
979 464 1121 527 facta
1183 471 1323 518 sunt,
1367 471 1412 512 et
1459 463 1567 513 sine
1610 460 1699 512 illo
1731 463 1928 528 [actum
1958 470 2034 512 est
2057 458 2204 512 nihil.

2314 473 2466 526 νησιν
2496 457 2592 525 τὴν
2619 454 2730 525 (47)
2764 457 2826 508 ὲκ
2857 454 2948 506 τοῦ
2981 455 3221 527 Πατρός·
3264 455 3370 506 πᾶν
3399 452 3507 522 γὰρ
3549 453 3613 505 τὸ
3653 452 3718 504 ἐκ
3751 470 3889 516 τινος

666 563 723 619 νῇ
759 554 1020 621 Quocirca
1073 562 1216 606 recte
1255 553 1402 604 illum
1452 551 1792 620 Evangelista
1841 553 1894 605 in
1948 551 2212 618 principio

662 647 847 709 fuisse,
881 646 1196 716 principium
1240 646 1310 697 illi
1341 644 1664 709 concedens,
1714 646 1818 697 hoc
1873 653 1954 697 est
1988 657 2212 711 genera-

661 739 859 793 tionem
903 737 968 789 de
1007 737 1165 790 Patre
1205 751 1219 788 :
1273 751 1392 788 nam
1427 737 1785 804 quodcunque
1818 736 1884 788 de
1945 749 2211 802 quoquam

659 830 1008 898 progignitur,
1070 828 1363 895 genitorem
1414 828 1496 880 sui
1551 827 1870 896 principium
1925 826 2106 878 habet.
2145 825 2213 878 At

661 936 764 974 non
813 920 1034 987 perinde
1087 921 1158 972 ita
1212 920 1412 980 intulit,
1474 918 1537 971 Et
1587 920 1793 971 verbum
1843 917 1975 968 illud
2017 930 2124 969 erat
2159 920 2212 969 in

660 1010 792 1070 Deo,
829 1011 944 1072 sed,
984 1020 1032 1061 et
1083 1007 1299 1061 Verbum
1335 1019 1444 1059 erat
1473 1008 1612 1073 apud
1645 1006 1828 1067 Deum,
1863 1007 1932 1058 ita
1966 1007 2163 1058 docens
2194 1024 2208 1058 :

659 1114 849 1167 nempe
879 1101 1114 1170 genitum
1137 1100 1404 1168 quemvis,
1435 1107 1487 1151 et
1518 1097 1732 1150 Patrem
1765 1113 1918 1149 suum
1948 1098 2026 1150 sui
2062 1099 2211 1163 prin-

654 1193 854 1258 cipium
888 1190 1194 1252 habentem,
1227 1205 1329 1242 non
1374 1189 1526 1257 longe
1551 1204 1580 1240 a
1607 1204 1703 1241 suo
1738 1188 1895 1242 Patre
1922 1198 2210 1249 semotum.

656 1299 762 1338 non
786 1284 1082 1351 seiunctum
1118 1282 1269 1350 longe
1307 1283 1373 1333 ab
1404 1281 1492 1334 illo
1529 1284 1856 1345 recessisse;
1902 1282 1992 1333 sed
2026 1282 2211 1334 adesse

659 1371 730 1424 illi
755 1381 949 1424 etcum
978 1371 1066 1422 illo
1099 1384 1238 1423 esse.
1283 1370 1432 1434 Quod
1472 1379 1526 1422 et
1565 1370 1738 1437 ipsum
1775 1372 1956 1424 docuit
1992 1372 2040 1422 in
2081 1370 2212 1422 Pro-

655 1464 878 1528 verbiis,
926 1463 1037 1525 ubi,
1086 1471 1141 1514 ut
1187 1462 1334 1527 prius
1371 1460 1660 1529 allegatum
1707 1469 1810 1523 est,
1853 1463 2033 1514 dixit:
2080 1462 2212 1515 Ante

2311 547 2564 616 γεννηθὲν
2596 548 2768 616 ἀρχὴν
2808 547 2920 617 ἔχει
2962 546 3052 598 τὸν
3094 545 3473 614 γεγεννηκότα.
3521 545 3597 596 Οὐ
3647 544 3763 612 μὴν
3817 544 3887 596 [9'

2310 637 2506 704 ὁμοίως
2545 637 2788 706 ἐπήγαγε
2824 637 2904 699 τὸ,
2927 636 3040 689 Καὶ
3083 640 3116 688 ό
3165 637 3353 703 Λόγος
3393 632 3472 705 ἦν
3515 634 3586 686 ἐν
3633 633 3715 699 τῷ
3748 635 3888 698 Θεῷ.

2312 727 2466 789 ἀλλὰ,
2497 728 2644 794 πρὸς
2689 729 2797 782 τὸν
2843 731 2991 781 Θεὸν
3017 724 3096 796 ἦν
3146 731 3178 780 ό
3230 729 3447 796 Λόγος,
3480 727 3753 779 διδάσκων
3806 726 3893 776 τὸν

2311 820 2632 889 γεννηθέντα
2677 821 2769 873 καὶ
2807 821 2979 889 ἀρχὴν
3020 820 3112 872 τὸν
3147 820 3364 889 Πατέρα
3417 819 3765 889 κτησάμενον
3821 817 3893 887 μὴ

2315 912 2526 980 μακράν
2567 927 2668 963 που
2705 911 2842 965 εἶναι
2869 930 2961 964 του
3007 911 3245 981 Πατρὸς,
3302 911 3432 981 μηδὲ
3477 909 3894 979 ἀπεσχοινῐσθω.

2311 1004 2402 1056 καὶ
2424 1004 2608 1073 πόρρω
2631 1019 2730 1055 που
2759 1006 3052 1072 ἀφεστάναι
3073 1003 3258 1058 αὑτοῦ.
3278 1002 3412 1054 ἀλλὰ
3431 1006 3683 1072 παρεῖναι
3716 1000 3894 1070 αὐτῷ,

2313 1098 2406 1147 καὶ⁸
2457 1097 2552 1147 σὺν
2605 1096 2752 1166 αὐτῷ
2788 1095 2947 1149 εἶναι·
2989 1100 3053 1150 Ὃ
3081 1097 3144 1166 δὴ
3177 1098 3272 1149 καὶ
3309 1098 3366 1148 ὲν
3414 1095 3747 1165 Παροιμίαις
3791 1094 3896 1146 ἐδί-

2309 1185 2471 1239 δασκε
2519 1185 2778 1255 πρότερον
2831 1189 3048 1257 φήσας,
3095 1187 3211 1254 Πρὸ
3256 1185 3323 1238 δὲ
3359 1185 3600 1238 πάντων
3640 1183 3898 1249 ,βοτη-ὡν

2310 1273 2491 1344 γεννᾷ
2532 1278 2642 1345 μελ,
2686 1275 2871 1329 ἔπειτα
2911 1277 3194 1348 προσθεὶς.
3258 1277 3454 1331 Ὴνίκα
3479 1275 3757 1343 ἡτοίμαζε
3788 1275 3898 1328 τὸν

2309 1367 2420 1436 (ιὸ)
2435 1367 2710 1433 οὐρανὸν,
2727 1368 3132 1436 συμπαρήμην
3147 1367 3324 1431 αὐτῷ.
3345 1366 3527 1430 Οὕτως
3541 1362 3638 1420 οὖν
3650 1369 3678 1419 ὁ
3692 1367 3894 1434 Λόγος,

2309 1457 2464 1527 δῆλον
2487 1458 2566 1509 ὅτι
2599 1458 2626 1508 ὁ
2660 1457 2950 1526 μονογενὴς
2983 1458 3126 1520 Υἱὸς,
3158 1452 3225 1526 ἦν
3260 1459 3395 1528 πρὸς
3422 1457 3512 1509 τὸν
3541 1457 3740 1509 ἑαυτοῦ
3781 1458 3895 1512 Πα-

657 1571 832 1607 omrm
869 1553 1022 1606 colles
1065 1552 1224 1621 gignit
1275 1569 1352 1604 me
1402 1552 1468 1602 ".
1515 1553 1610 1604 Cui
1653 1555 1728 1606 sic
1759 1555 2024 1620 adiunxit,
2080 1553 2204 1606 Cum

2309 1552 2440 1616 τέρα
2470 1550 2560 1601 τὸν
2593 1549 2743 1613 Θεὸν,
2790 1548 2959 1601 συνὼν
3006 1551 3098 1602 καί
3144 1548 3443 1620 συμπαρὼν
3491 1550 3640 1618 αὐτῷ
3671 1551 3764 1601 ἀεὶ
3802 1552 3896 1602 καὶ

655 1649 913 1702 hominem
937 1654 1435 1712 appararet,pra:ato
1466 1645 1543 1695 iui
1573 1646 1782 1697 aderam
1809 1647 1874 1699 ".
1918 1648 2094 1714 Atque
2137 1648 2204 1699 ita

2313 1640 2539 1693 πάντοτε
2565 1658 2576 1669 ·
2607 1641 2634 1693 ὸ
2662 1642 2726 1710 δὴ
2755 1643 2846 1695 καὶ
2880 1641 3117 1712 παρίστη
3145 1641 3315 1707 λέγων
3343 1658 3354 1670 ·
3396 1642 3504 1694 Καὶ
3529 1647 3560 1694 ὀ
3591 1641 3790 1711 Λόγος
3817 1638 3897 1710 ἦν

656 1741 867 1807 quidem
921 1736 1168 1800 Verbum,
1226 1736 1326 1788 hoc
1369 1746 1453 1789 est
1492 1737 1793 1804 unigenitus
1856 1736 2042 1801 Filius,
2096 1749 2204 1790 erat

2311 1736 2460 1802 πρὸς
2491 1735 2594 1787 τὸν
2633 1736 2798 1788 Θεόγ.
2844 1736 2997 1788 Ἐπεὶ
3037 1736 3092 1789 δὲ
3137 1735 3301 1806 ἐχρῆν
3350 1736 3498 1805 ἡμᾶς
3545 1735 3750 1803 γνῶναι
3801 1736 3895 1788 καὶ

664 1832 800 1899 apud
833 1842 987 1882 suum
1023 1825 1235 1880 Patrem
1281 1827 1465 1889 Deum,
1504 1842 1760 1895 praesens,
1801 1839 2001 1885 astans.
2067 1829 2206 1880 assi-

657 1931 806 1974 stens
838 1933 1052 1986 semper
1089 1929 1141 1969 et
1178 1920 1393 1986 ubique,
1419 1919 1558 1985 quod
1593 1918 1804 1986 quidem
1836 1919 2090 1978 insinuat,
2130 1920 2205 1972 ita

653 2012 922 2081 inquiens,
971 2011 1036 2063 Et
1076 2008 1297 2064 Verbum
1326 2022 1436 2062 erat
1468 2011 1606 2076 apud
1639 2008 1824 2063 Deum.
1867 2010 2209 2081 Quandoqui-

654 2104 773 2155 dem
801 2115 930 2155 vero
960 2111 1278 2169 congruerat
1318 2099 1634 2169 intelligere,
1680 2101 1894 2168 qualent
1949 2113 2075 2154 tunc
2113 2101 2209 2156 ob—

656 2193 856 2244 tinebat
906 2190 1243 2258 dignitatem,
1301 2190 1603 2244 necessario
1653 2192 1896 2258 adjunxit
1939 2190 2088 2255 illud,
2138 2191 2208 2245 Et

652 2281 791 2334 Dem
827 2289 938 2333 erat
982 2279 1225 2333 Verbum.
1280 2280 1380 2345 Qui
1433 2281 1576 2335 enim
1622 2281 1780 2333 aliter
1812 2280 1924 2333 fieri
1976 2292 2208 2350 poterat,

651 2376 776 2441 quin
808 2381 948 2427 esset
980 2373 1067 2425 ille
1099 2372 1257 2433 Deus,
1291 2373 1378 2440 qui
1418 2387 1482 2425 ex
1526 2387 1632 2426 uno
1668 2373 1781 2427 snio
1819 2374 2058 2440 ingenito
2103 2376 2209 2429 Deo

651 2464 1030 2531 genituserat?
1059 2463 1190 2515 Nam
1229 2463 1270 2514 si
1309 2481 1327 2511 ι
1351 2462 1491 2529 quod
1516 2463 1581 2516 de
1603 2477 1763 2516 carne
1795 2465 2050 2528 nascitur,
2083 2479 2209 2519 caro

654 2564 735 2610 est
767 2573 788 2604 ‹
843 2565 896 2606 et
942 2554 1082 2621 quod
1139 2553 1378 2605 nascitur
1428 2554 1491 2606 de
1549 2552 1760 2621 spiritu,
1827 2553 2049 2621 spiritus
2105 2563 2206 2615 est,

651 2645 1098 2716 quemadmodum
1148 2645 1389 2698 doctrina
1431 2643 1732 2697 Servatoris
1782 2644 1945 2698 habet
1977 2648 2013 2704 ¹.
2062 2658 2207 2699 certe

652 2750 984 2806 consequens
1007 2746 1109 2798 est,
1144 2744 1199 2788 ut
1225 2737 1365 2804 quod
1405 2735 1472 2788 de
1506 2735 1612 2789 Deo
1643 2737 1896 2804 gignitur,
1946 2737 2085 2790 Dens
2113 2739 2201 2791 sit.

649 2830 909 2896 Quocirca
952 2846 971 2878 ‹
1000 2837 1053 2881 et
1083 2828 1314 2881 Verbum
1355 2838 1473 2881 erat
1506 2828 1644 2882 Deus
1678 2846 1689 2879 :
1728 2847 1747 2878 ι
1789 2829 1929 2881 Deus
1957 2827 2126 2881 factor
2153 2838 2207 2882 et

2311 1823 2492 1876 ὁποίου
2539 1824 2779 1894 ὑπῆρχεν
2821 1823 3163 1894 ἀξιώματος,
3213 1825 3523 1892 ἀναγκαίως
3568 1825 3779 1893 συνῆψε
3810 1826 3889 1888 τὸ,

2312 1915 2421 1968 Καὶ
2466 1917 2609 1981 Θεὸς
2633 1913 2710 1986 ἦν
2751 1919 2783 1968 ό
2811 1918 3018 1986 Λόγος.
3061 1916 3183 1979 Πῶς
3229 1917 3338 1986 γὰρ
3381 1916 3479 1967 οὐκ
3521 1915 3713 1984 ἔμελλε
3756 1916 3890 1980 Θεὸς

2311 2001 2470 2070 εἶναι,
2500 2010 2528 2059 ὀ
2559 2008 2623 2059 ἐκ
2659 2006 2750 2059 τοῦ
2782 2009 2898 2071 ἑνὸς
2931 2009 3022 2061 καὶ⁵
3067 2008 3228 2078 μόνου
3270 2009 3562 2078 ἀγεννήτου
3588 2006 3727 2060 Θεοῦ
3761 2023 3889 2074 γεν-

2311 2098 2541 2169 νηθείς;
2608 2100 2669 2152 Εί
2730 2099 2838 2170 γὰρ
2901 2119 2919 2151 ι
2979 2101 3040 2154 τὸ
3107 2099 3495 2169 γεγεννημένον
3559 2101 3623 2152 ἐκ
3684 2100 3892 2165 σαρκὸς

2311 2191 2445 2262 σάρξ
2478 2195 2612 2251 ἐστι,
2647 2193 2742 2245 καὶ
2788 2193 2849 2245 τὸ
2893 2193 3286 2264 γεγεννημένον
3323 2195 3388 2246 ὲκ
3434 2192 3525 2245 τοῦ
3574 2193 3891 2261 πνεύματος

2311 2283 2523 2353 πνεῦμά
2545 2284 2679 2345 ἐστι,
2720 2302 2737 2334 ι
2767 2284 2906 2336 κατὰ
2939 2284 3037 2353 τὴν
3067 2285 3330 2354 σωτήριον
3357 2282 3724 2344 διδασκαλίαν,
3752 2283 3889 2336 ἀκο-

2321 2375 2522 2438 λούθως
2549 2375 2638 2427 καὶ
2667 2375 2727 2427 τὸ
2756 2375 3144 2446 γεγεννημένον
3169 2376 3234 2427 ὲκ
3253 2373 3345 2426 τοῦ
3369 2372 3502 2426 Θεοῦ
3525 2371 3659 2435 Θεὸς
3684 2374 3753 2426 ἂν
3777 2375 3884 2445 εῐη.

2311 2467 2400 2520 Διὸ
2441 2485 2458 2517 ι
2494 2466 2588 2519 καὶ
2623 2465 2753 2530 Θεὸς
2780 2462 2848 2538 ἧν
2879 2469 2907 2520 ὁ
2929 2469 3120 2535 Λόγος·
3152 2486 3169 2518 r
3205 2467 3296 2519 καὶ
3323 2465 3454 2528 Θεὸς
3479 2466 3762 2536 ποιητικὸς
3796 2469 3890 2519 καὶ

2308 2558 2700 2628 δημιουργικὸς
2733 2559 2968 2611 πάντων·
2999 2559 3064 2610 ’0
3086 2557 3149 2628 δὴ
3172 2558 3266 2609 καὶ
3300 2557 3409 2626 (49)
3451 2557 3581 2609 αὐτὸ
3607 2557 3890 2631 παρέστη-

2309 2667 2401 2702 σεν
2446 2652 2472 2701 ὁ
2511 2649 2898 2719 εὑαγγελιστὴς
2945 2648 3072 2717 ἑξῆς
3104 2647 3162 2701 τὸ
3193 2647 3386 2700 πάντα
3433 2647 3505 2700 δι’
3536 2648 3722 2702 αὑτοῦ
3758 2648 3889 2716 ἑτέ»

2306 2756 2441 2793 rem
2473 2739 2827 2807 ἐπισυνάψιις.
2871 2739 2929 2792 Ὀ
2967 2739 3065 2808 μὲν
3102 2733 3194 2791 οὖν
3222 2739 3566 2806 παιδαγωγὸς
3597 2740 3768 2808 νόμος
3800 2739 3888 2791 διὰ

2307 2830 2578 2892 Μωῦσέως
2605 2832 2660 2881 ὲν
2689 2832 2756 2900 τῇ
2798 2829 3141 2898 Κοσμοποιῖα
3187 2828 3277 2880 τὸν
3315 2829 3450 2881 Θεὸν
3509 2829 3737 2898 ποιητὴν
3791 2828 3886 2880 τοῦ

649 2921 893 2974 conditor
920 2921 1182 2972 omnium.
1205 2916 1356 2982 Quod
1392 2918 1680 2971 intimabat
1715 2919 1829 2985 ipse
1869 2919 2202 2986 Evangelista

2308 2923 2507 2984 παντὸς
2535 2923 2789 2989 εἰσάγων,
2821 2921 3062 2990 στοιχεῖά
3096 2938 3156 2973 τε
3195 2923 3289 2974 καὶ
3337 2921 3644 2989 εἰσαγωγὰς
3693 2920 3885 2973 θεοσε-

649 3011 896 3082 inquiens
944 3011 996 3063 in
1047 3011 1398 3078 sequentibus
1448 3011 1650 3073 statim,
1685 3009 1874 3063 Omnia
1927 3027 2015 3076 per
2055 3013 2203 3064 illum

2309 3012 2458 3075 ϐείας
2487 3012 2810 3083 παραδιδοὺς
2842 3011 3080 3064 ἐδίδασκε
3113 3010 3285 3080 λέγων
3308 3028 3324 3044 ·
3373 3013 3472 3066 'Er
3492 3010 3654 3080 ἀρχῆ
3673 3013 3888 3076 ἐποίη-

649 3104 791 3172 [acta
822 3112 960 3156 sunt.
987 3101 1098 3155 Lex
1124 3114 1253 3169 ergo
1287 3101 1374 3152 illa
1404 3099 1619 3173 Moysis,
1655 3101 1925 3170 paedagogi
1947 3103 2011 3154 ad
2042 3102 2204 3154 instar

2309 3119 2420 3156 σεν
2446 3107 2478 3157 ό
2507 3103 2652 3169 Θεὸς
2688 3102 2794 3155 τὸν
2820 3102 3078 3168 οὐρανὸν
3101 3103 3197 3155 καὶ
3232 3102 3346 3170 τὴν
3371 3102 3508 3170 γῆν,
3538 3104 3632 3156 καὶ
3663 3103 3732 3156 τὰ
3760 3103 3886 3157 τού-

647 3205 766 3259 quze
792 3190 911 3254 fuit,
944 3191 995 3241 in
1020 3188 1353 3253 Cosmopmia
1395 3189 1558 3242 Deum
1598 3190 1836 3242 omnium
1876 3190 2205 3244 conditorem

2306 3211 2417 3256 τιιις
2449 3192 2597 3262 ἑξῆς.
2664 3193 2743 3244 Δι’
2782 3186 2862 3246 ὧν
2902 3193 2994 3244 τὸν
3036 3193 3302 3247 Ἰουδαίων
3350 3193 3710 3262 παιδαγωγῶν
3755 3194 3884 3248 λαὸν

650 3284 930 3345 inducens,
963 3281 1227 3334 elementa
1266 3280 1420 3334 nobis
1463 3282 1704 3346 quaedam
1755 3278 1940 3334 divini'
1961 3281 2133 3334 cultus
2155 3289 2204 3335 et

2306 3286 2556 3354 γεννητὸν
2589 3279 2724 3337 εἶναι
2765 3285 2854 3336 τὸν
2883 3285 3086 3355 κόσμον
3115 3285 3364 3356 ἡγεῖσθαι
3405 3286 3655 3356 παρῄνει,
3688 3304 3708 3337 ι
3732 3286 3883 3356 πρὸς

647 3373 1016 3428 institutiones
1050 3370 1286 3431 tradens,
1324 3369 1422 3430 ait,
1453 3366 1522 3421 In
1553 3368 1808 3436 principio
1843 3369 2034 3420 creavit
2071 3367 2206 3420 Deus

649 3461 830 3515 caelum
869 3470 916 3512 rt
951 3470 1143 3513 terram
1169 3461 1213 3520 ',
1248 3469 1354 3512 etc.
1388 3456 1596 3522 Quibus
1630 3457 1879 3524 populum
1905 3456 2204 3511 Judmorum

643 3552 860 3605 erudire
882 3551 927 3603 is
957 3551 1185 3612 volebat,
1212 3557 1269 3600 ut
1298 3547 1553 3599 mundum
1594 3561 1712 3600 esse
1757 3549 2030 3600 conditum
2064 3546 2205 3600 arbi-

649 3653 937 3703 trarentur,
968 3654 1034 3693 ne
1060 3646 1358 3692 creaturam
1411 3635 1566 3688 aliter
1611 3651 1706 3705 pro
1760 3648 2003 3690 creatore
2063 3636 2204 3690 cole-

649 3743 790 3788 rent.
820 3728 1097 3797 Quomodo
1128 3742 1256 3782 vero
1285 3728 1446 3790 Deus,
1473 3735 1527 3778 et
1565 3741 1659 3796 per
1686 3742 1845 3795 quem
1883 3728 1984 3780 ista
2021 3728 2204 3780 condi-

646 3825 727 3878 dit
749 3827 1014 3886 universa,
1035 3823 1267 3875 nondum
1298 3821 1507 3890 Moyses
1531 3822 1772 3874 alumnos
1801 3834 1924 3873 suos
1947 3821 2202 3874 informa-

649 3916 756 3968 bat.
789 3914 974 3969 Gratia
1019 3928 1147 3967 vero
1198 3924 1253 3967 et
1289 3914 1491 3966 veritas
1544 3926 1638 3980 per
1690 3909 1872 3964 Iesum
1904 3912 2201 3972 Christum,

647 4007 964 4078 mysterium
996 4005 1122 4059 illud
1155 4005 1502 4068 annuntians,
1551 4007 1690 4071 quod
1733 4004 1821 4058 ille
1866 4003 2077 4058 silentio
2107 4004 2202 4056 ob-

644 4097 906 4162 volverat,
957 4096 1166 4150 initium
1219 4096 1528 4165 auspicatus
1580 4094 1835 4148 Ecclesiae
1881 4095 1994 4160 Dei,
2049 4111 2202 4148 nova:

645 4188 917 4257 cujusdam
939 4196 1104 4256 atque
1137 4187 1382 4255 mysticae
1407 4185 1665 4238 doctrina:
1697 4203 1710 4237 :
1737 4186 1883 4239 unde
1912 4187 2051 4252 apud
2079 4202 2199 4238 om-

642 4293 760 4342 nes,
779 4279 1089 4333 utexaudiri
1111 4278 1296 4346 possit,
1316 4277 1558 4330 enuntiat
1577 4276 1725 4340 illud,
1747 4275 1768 4326 1
1779 4294 1806 4327 η
1823 4277 2072 4342 principio
2089 4286 2199 4329 erat

657 4365 962 4432 Verbum,et
989 4365 1212 4418 Verbum
1230 4368 1494 4432 eratapud
1517 4365 1700 4426 Deum,
1719 4378 1764 4418 et
1787 4365 1920 4418 Deut
1943 4377 2052 4418 erat
2070 4367 2199 4419 illud

2304 3378 2363 3429 τὸ
2395 3378 2467 3447 μὴ
2500 3377 2596 3451 τὴν
2626 3376 2800 3430 κτίσιν
2825 3377 2974 3448 παρὰ
2996 3377 3087 3430 τὸν
3113 3377 3372 3431 κτίσαντα
3403 3377 3596 3431 σὲὁειν.
3628 3397 3647 3429 ι
3687 3378 3881 3441 Ὅπως

2302 3467 2358 3519 δὲ
2389 3469 2416 3519 ὁ
2445 3467 2576 3528 Θεὸς
2598 3508 2611 3531 ,
2643 3467 2736 3520 καὶ
2765 3466 2850 3520 διὰ
2877 3468 3020 3530 τίνος
3065 3467 3134 3520 τὰ
3177 3467 3463 3538 σύμπαντα
3493 3469 3877 3542 ἐδημιούργει,

2301 3556 2398 3608 οὐκ
2426 3557 2505 3609 ἔτι
2537 3558 2773 3627 Μωῦσῆς
2801 3561 2911 3622 τοῖς
2948 3560 3038 3610 ὑπ’
3071 3559 3231 3611 αὑτὸν
3262 3560 3563 3631 παρεδίδου·
3595 3581 3615 3613 ι
3635 3563 3669 3632 ἡ
3702 3561 3757 3614 δὲ
3784 3564 3881 3633 1&-

2305 3663 2388 3717 ρις
2411 3648 2503 3699 καὶ
2532 3649 2564 3716 ἡ
2594 3647 2818 3718 ἀλήθεια
2845 3649 2933 3703 διὰ
2971 3649 3142 3720 Ἰησοῦ
3174 3649 3408 3722 Χριστοῦ
3442 3670 3460 3701 ι
3486 3651 3547 3704 τὸ
3580 3654 3876 3724 σεσιγημέ-

2303 3754 2390 3790 νον
2411 3738 2516 3790 ὑπὸ
2531 3738 2804 3800 Μωῦσέως
2837 3739 3127 3808 μυστήριον
3155 3740 3606 3812 εὐαγγελιζομένη
3637 3743 3878 3796 καινοτέ-

2305 3846 2401 3900 ρας
2427 3829 2536 3899 (50)
2562 3830 2653 3882 καὶ
2675 3831 2937 3900 μυστικῆς
2963 3834 3027 3901 τῇ
3057 3831 3351 3904 Ἐκκλησία
3365 3833 3457 3884 τοῦ
3477 3833 3611 3885 Θεοῦ
3638 3835 3877 3906 κατῆρξε

2303 3919 2676 3982 διδασκαλίας,
2729 3921 2982 3992 ἄντικρυς
3026 3923 3136 3983 τοῖς
3192 3925 3356 3975 πᾶσιν
3409 3925 3488 3986 είς
3553 3924 3876 3990 ἐξάκουστον

2305 4009 2481 4079 βοῶσα
2513 4010 2594 4073 τὸ,
2637 4012 2738 4064 Ἐν
2781 4011 2938 4080 ἀρχῇ
2976 4007 3053 4082 ἦν
3087 4015 3118 4065 ό
3151 4016 3360 4083 Λόγος,
3401 4015 3496 4068 καὶ
3523 4017 3557 4068 ό
3588 4017 3780 4084 Λόγος
3801 4012 3876 4085 ἦν·

2301 4101 2448 4170 πρὸς
2467 4102 2570 4156 τὸν
2592 4103 2755 4165 Θεὸν,
2775 4104 2871 4156 καὶ
2902 4104 3042 4169 Θεὸς
3066 4102 3145 4173 ἦν
3164 4108 3196 4159 ό
3217 4106 3426 4173 Λόγος·
3458 4108 3550 4159 καὶ
3574 4106 3656 4169 τὸ,
3674 4107 3875 4162 Πάντα

2300 4190 2372 4242 δι’
2405 4191 2589 4245 αὑτοῦ
2619 4190 2872 4261 ἐγένετο,
2904 4194 3002 4246 καὶ
3033 4194 3212 4262 χωρὶς
3235 4196 3421 4250 αὐτοῦ
3453 4196 3690 4265 ἐγένετο
3730 4199 3874 4251 οὐδὲ

2299 4269 2399 4334 ἓν·
2450 4283 2542 4335 καὶ
2596 4282 2674 4335 ἔτι
2724 4283 2929 4348 τούτοις
2976 4286 3276 4355 προσθεῖσα
3313 4287 3394 4351 τὸ,
3431 4289 3489 4340 Ὃ
3520 4287 3765 4358 γέγονεν
3808 4293 3874 4344 ἐγ

2300 4370 2458 4437 αὐτῷ
2496 4370 2608 4440 ζωὴ
2648 4369 2728 4444 ἦν
2753 4375 2852 4427 καὶ
2891 4377 2928 4444 ὴ
2979 4374 3090 4444 ζωὴ
3133 4375 3213 4445 ἦν
3251 4377 3314 4430 τὸ
3360 4377 3485 4446 φῶς
3511 4378 3627 4431 τῶν
3655 4381 3872 4449 ἀνθρώ-

654 4455 896 4510 Verbum.
930 4455 994 4508 Et
1027 4458 1199 4509 omnia
1240 4473 1330 4525 per
1359 4456 1506 4509 illum
1539 4456 1680 4525 facta
1708 4468 1849 4516 sunt.
1889 4467 1935 4509 et
1968 4458 2078 4510 sine
2109 4459 2200 4510 illo

2306 4474 2447 4525 πων,
2494 4461 2593 4515 καὶ
2637 4462 2704 4516 τὸ
2755 4462 2878 4533 φῶς
2924 4465 2994 4517 ὲν
3040 4463 3114 4534 τῇ
3168 4467 3383 4533 σκοτίᾳ
3425 4470 3643 4536 φαίνει,
3681 4453 3870 4524 scabri

641 4550 840 4616 factum
889 4558 961 4600 est
1012 4548 1141 4600 nihil
1183 4549 1220 4601 ⁸.
1268 4551 1347 4601 Ad
1391 4565 1506 4616 qua:
1546 4550 1815 4603 accedunt
1862 4548 1945 4600 illa
1993 4565 2006 4600 :
2045 4548 2196 4612 Quod

643 4641 841 4706 factum
868 4649 963 4699 eu,
998 4641 1049 4691 in
1077 4640 1166 4692 illo
1202 4640 1302 4692 vita
1345 4640 1468 4706 fuit,
1504 4645 1561 4702 ἧι
1598 4650 1645 4692 et
1679 4643 1782 4692 vita
1821 4649 1933 4690 erat
1977 4639 2069 4691 lux
2098 4642 2193 4691 Ito—

642 4730 859 4792 utinam,
887 4742 933 4782 et
965 4730 1136 4782 lumen
1171 4731 1224 4782 in
1258 4733 1479 4783 tenebris
1525 4729 1807 4800 affulqebat
1859 4730 1878 4760 ⁸
1929 4746 1944 4783 :
1985 4740 2039 4783 et
2079 4746 2197 4797 quae

641 4832 970 4886 sequuntur;
1001 4821 1192 4887 quibus
1229 4819 1419 4873 Filium
1453 4819 1564 4883 Dei,
1602 4831 1649 4874 et
1679 4822 1874 4874 divina:
1902 4819 2036 4874 lucis
2058 4835 2196 4888 prae-

644 4912 953 4980 rogativam,
987 4922 1041 4964 et
1071 4913 1191 4964 vitm
1214 4912 1266 4964 in
1304 4913 1394 4964 illo
1430 4913 1789 4980 praestantiam
1816 4915 1966 4967 docet
1999 4933 2012 4975 ;
2064 4928 2196 4980 qua~

642 5001 764 5055 liter
785 5002 944 5055 etiam
983 5019 1101 5069 qum
1153 5018 1246 5071 per
1273 5002 1510 5075 Moysem
1545 5005 1686 5057 dicta
1738 5015 1865 5058 sunt
1909 5005 2107 5065 omnia,
2146 5013 2198 5056 et

637 5107 759 5160 qua
782 5093 866 5146 illa
891 5095 1052 5147 etiam
1098 5107 1375 5164 superant,
1421 5107 1545 5150 sunt
1583 5097 1860 5165 producm.
1892 5096 2023 5150 Cum
2062 5099 2193 5149 isto-

640 5201 755 5237 rum
819 5187 947 5239 nibil
997 5189 1313 5256 intelligeret
1372 5188 1692 5252 Marcellus,
1771 5190 2038 5242 interdum
2100 5189 2190 5241 de-

710 5331 769 5389 μΙη
810 5324 904 5378 Ed.
947 5325 1140 5391 Paris.,
1172 5342 1289 5397 pag.
1321 5326 1582 5389 125,124.

2303 4552 2508 4614 τούτοις
2551 4553 2818 4607 ἀκόλουθα
2841 4595 2856 4618 ,
2889 4555 2955 4608 δι’
3001 4548 3076 4607 ὧν
3103 4556 3194 4608 τὸν
3228 4556 3354 4609 Υίὸν
3395 4556 3489 4609 τοῦ
3521 4557 3654 4612 Θεοῦ
3684 4562 3777 4613 καὶ
3805 4562 3869 4614 τὰ

2302 4641 2550 4715 ἐξαίρετα
2596 4645 2688 4698 τοῦ
2741 4645 2884 4700 θείου
2931 4647 3106 4716 φωτὸς
3150 4648 3376 4718 καὶτῆς
3415 4651 3472 4702 ὲν
3515 4650 3662 4722 αὑτῷ
3703 4652 3866 4723 ζωῆς,

2300 4733 2444 4795 ὅπως
2470 4752 2526 4785 τε
2557 4735 2622 4786 δι’
2651 4735 2815 4788 αὐτοῦ
2853 4736 2922 4789 τὰ
2955 4737 3058 4790 ὑπὸ
3098 4739 3371 4803 Μωῦσέως
3398 4742 3659 4815 εἰρημένα
3693 4746 3868 4799 πάντα

2299 4824 2390 4876 καὶ
2416 4824 2483 4876 τὰ
2505 4825 2583 4879 ἔτι
2610 4827 2811 4879 τούτων
2845 4829 3117 4892 ἐπέκεινα,
3146 4832 3373 4903 συνέστη
3405 4836 3665 4888 παιδεύει.
3709 4838 3865 4898 Ἀλλὰ

2299 4917 2495 4969 τούτων
2529 4920 2678 4971 οὐδὲν
2710 4921 3024 4991 Μάρκελλος
3055 4923 3226 4989 εἰδὼς,
3252 4928 3380 4980 ποτὲ
3409 4928 3507 4996 μὲν
3544 4928 3862 4994 Ἱουδαῖζων,

2304 5010 2428 5060 ποτὲ
2475 5010 2530 5061 δὲ
2559 5011 2889 5075 Σαδελλίζων
2926 5015 3233 5070 ἁλίσκεται·
3289 5019 3430 5072 κατὰ
3467 5021 3563 5089 μὲν
3611 5023 3703 5073 τὸν
3739 5024 3863 5075 Ἰου-

2298 5099 2442 5153 δαῖον
2478 5103 2580 5172 πρὸ
2629 5103 2728 5174 τῆς
2776 5104 2871 5158 τοῦ
2916 5106 3117 5177 κόσμου
3165 5111 3472 5173 συστάσεως
3518 5111 3682 5182 μηδὲν
3729 5109 3863 5168 εἶναι

2295 5194 2515 5260 φάσκων
2549 5195 2686 5265 πλὴν
2730 5196 2822 5249 τοῦ
2855 5197 2989 5252 Θεοῦ
3021 5200 3180 5270 μόνου
3209 5200 3341 5270 (51),
3380 5202 3484 5272 πρὸ
3509 5203 3607 5268 τῆς
3630 5204 3725 5256 τοῦ
3775 5208 3864 5258 κό-

701 5420 749 5450 ”
774 5419 928 5473 Prov.
969 5437 1082 5485 vin,
1117 5421 1206 5475 25.
1281 5422 1327 5453 ”
1364 5424 1490 5476 ibid.
1522 5423 1612 5476 27.
1691 5425 1706 5454 ί
1742 5423 1894 5478 Joan.
1925 5440 2010 5489 tu,
2047 5422 2101 5478 6.
2177 5424 2341 5478 ’Gen.
2375 5439 2410 5485 ι,
2448 5427 2497 5476 1.
2576 5421 2777 5480 ‘Joan.
2827 5442 2867 5490 ι,
2903 5429 2950 5490 l,
2979 5427 3032 5482 5.
3107 5429 3128 5458 ⁵
3160 5428 3290 5483 ibid.
3329 5428 3383 5494 4,
3427 5431 3516 5484 ευ

727 5539 792 5591 Π
847 5539 1013 5607 Vulgo
1050 5542 1196 5592 deest
1227 5541 1342 5594 τοῦ.

702 5539 1014 5680 (ιὸζνιιιςο
1030 5611 1122 5663 ᾶνθ
1132 5627 1327 5680 ρωπον,

725 5609 1014 5681 48)_Yulgo
1030 5611 1327 5681 ᾶνθρωπον,
1354 5623 1409 5667 et
1430 5627 1572 5676 mox,
1596 5610 1918 5680 oﬁrwS‘oiSv,
1953 5623 2007 5669 et
2041 5627 2184 5679 mox,

633 5681 790 5745 vulgo
820 5679 846 5727 ὃ
869 5679 925 5732 δὲ
960 5681 1068 5732 καί.

705 5748 814 5819 (ιθ)
846 5750 1003 5820 Vulgo
1027 5751 1183 5816 αὐτὸς
1212 5752 1555 5822 παρίστησιν.

2363 5539 2474 5628 (50)
2501 5545 2610 5628 Καὶ
2632 5546 3046 5628 μυστικοτέρας,
3075 5547 3212 5616 lege,
3238 5549 3356 5628 δαὶ
3400 5549 3491 5601 τὸν
3516 5549 3639 5601 Υἱὸν
3667 5549 3858 5620 ὁμολο-

2290 5614 2534 5687 γοῦσηςί-
2548 5614 2707 5687 Lege,
2730 5614 2989 5686 ὁμολογού
3000 5614 3180 5687 μενος.
3237 5616 3308 5671 Μ.

2359 5683 2471 5752 (5|)
2497 5682 2666 5754 Vulgo
2684 5682 2781 5750 τδιξ
2815 5682 3012 5750 Ἑκκλζ
3030 5690 3288 5754 deest;in
3311 5703 3456 5744 corr.
3495 5709 3512 5740 ι
3554 5690 3705 5745 deest
3759 5704 3858 5743 ιικ-

2293 5753 2537 5824 κλησίας.
2578 5773 2596 5805 t
