4068 6316
146 350 250 405 955

1113 338 1197 393 ne
1234 334 1774 393 EOCLESIASTICA
1814 302 2208 390 rueowcis
2250 332 2379 388 LIB.
2422 329 2479 386 ιι.

3316 333 3423 390 954

146 482 288 535 σμου
312 465 407 534 τῆς
424 464 747 534 Ἐκκλησίας
774 460 1085 521 συστάσεως
1113 460 1203 511 τὸν
1224 457 1440 528 Πατέρα
1470 454 1608 509 εἶναι
1642 457 1723 509 καΊ

1839 456 2189 522 prehenditur
2240 454 2566 522 judaizare,
2624 450 2894 507 interdum
2951 451 3293 522 transfugere
3353 456 3423 508 ad

143 556 240 608 τὸν
276 554 400 607 Υίδν
443 553 811 625 ὁμολογούσης
834 568 846 582 ’
883 550 1023 604 κατὰ
1070 550 1125 602 δὲ
1170 548 1262 601 τὸν
1310 545 1595 599 Σαϐέλλιον
1636 546 1723 597 ἕνα

1839 538 2136 592 Sabellium
2176 556 2189 591 :
2223 537 2600 603 utﬁjudaizans
2626 547 2750 588 ante
2774 536 2961 589 mundi
2986 537 3423 606 productionem,

145 648 246 700 καὶ
276 647 364 698 τὸν
383 646 544 699 αὐτὸν
575 641 711 697 εἶναι
733 644 1167 713 αποφαινόμενος
1191 641 1319 692 Υίὸν
1352 642 1447 692 καὶ
1477 638 1695 708 Πατέρα
1716 654 1730 669 ’

144 738 245 790 καί
280 753 405 789 ποτε
438 736 530 806 μὲν
563 734 669 806 (5'2)
695 731 762 787 αῦ
788 736 879 787 τὸν
927 733 1230 786 ἐνδιάθετον
1276 731 1509 799 εἰσάγων
1537 732 1729 797 Λόγον,

144 831 281 883 ποτὲ
307 830 361 882 δὲ
392 829 739 899 προφορικὸν.
778 830 839 881 Εἰ
867 828 975 899 γὰρ
1010 826 1388 898 προσποιεῖται
1418 824 1620 886 ταύτας
1657 824 1732 894 μὴ

146 917 543 990 παραδέχεσθαι
590 918 688 981 τὰς
734 918 913 987 φωνὰς
950 915 1083 987 (53),
1120 917 1256 987 πλὴν
1305 918 1368 986 δὴ
1418 916 1590 982 Λόγος
1632 916 1732 985 τὴν

143 1012 211 1061 ὲκ
240 1007 330 1060 τοῦ
360 1025 485 1061 ποτε
513 1010 609 1079 μὲν
635 1009 780 1062 ἔνδον
803 1009 965 1061 αὑτὸν
995 1009 1170 1076 λέγειν
1203 1010 1261 1061 ὲν
1284 1006 1360 1077 τῷ
1383 1006 1523 1076 Θεῷ,
1543 1006 1729 1059 ἄλλοτε

141 1101 200 1152 δὲ
236 1102 299 1151 δι’
350 1102 626 1172 ἐνεργείας
672 1101 965 1171 δρασττκῆς
1009 1099 1255 1171 προϊέναι
1301 1097 1502 1162 αὐτοῦ,
1531 1097 1623 1165 ἀφ’
1656 1091 1730 1149 ὧν

140 1208 202 1243 τε
253 1190 330 1259 τῷ
360 1191 681 1261 ἀνθρωπίνῳ
730 1193 1018 1255 ἀπεικάζει
1045 1191 1207 1243 αὐτὸν
1238 1191 1382 1260 λόγῳ
1405 1207 1418 1221 ⁸
1454 1190 1481 1242 ὃ
1524 1190 1632 1259 (54)
1667 1206 1727 1256 γε

141 1283 257 1354 μὴν
284 1283 422 1347 θεῖος
458 1287 843 1356 εύαγγελιστὴς
892 1287 1010 1339 κατ’
1045 1286 1236 1338 οὐδένα
1264 1285 1372 1337 τῶν
1408 1282 1731 1353 ἀποδεδομέ-

137 1392 250 1424 νων
278 1374 512 1443 τρόπων,
548 1375 717 1441 Λόγον
753 1377 1096 1447 ὑπεστήσατο
1123 1377 1211 1429 τὸν
1248 1376 1383 1447 πρὸς
1412 1374 1578 1428 αὑτοῦ
1612 1375 1729 1427 θεο-

134 1464 496 1534 λογούμενον,
533 1466 645 1518 ἀλλ’
669 1462 779 1519 οἷον
808 1467 1011 1538 ἔπρεπε
1052 1468 1142 1520 τὸν
1181 1468 1442 1538 μονογενῆ
1475 1468 1600 1519 Υίὺν
1635 1467 1726 1518 τοῦ

134 1555 278 1607 Θεοῦ
310 1559 466 1615 νοεῖν,
498 1557 667 1624 Λόγον
696 1558 792 1628 μὲν
826 1558 975 1620 ὄντα,
1005 1558 1199 1611 καθ’ὃν
1228 1558 1405 1611 πάντα
1429 1558 1570 1627 λόγῳ
1604 1576 1727 1610 συν-

131 1648 424 1716 εστήσατο,
459 1649 553 1698 καὶ
586 1648 753 1717 χωρὶς
794 1647 968 1715 Λόγου
999 1648 1106 1699 τῶν
1138 1647 1306 1700 ὄντων
1338 1648 1487 1700 οὐδὲν
1514 1648 1721 1715 γέγονε

129 1737 271 1791 Θεὸν
303 1738 358 1790 δὲ
399 1740 493 1791 καὶ
528 1741 823 1808 Μονογενῆ,
855 1738 974 1791 καθ’
1002 1738 1029 1790 ὃ
1064 1740 1222 1809 μόνος
1255 1739 1470 1808 ἀληθῶς
1494 1735 1563 1809 ἦν
1594 1740 1726 1803 Υἱὸς

1838 638 2033 698 praeter
2072 628 2244 681 solum
2282 628 2449 681 Deum
2473 628 2631 681 docet
2660 626 2792 679 nih‘il
2826 626 3123 681 exstitisse.
3158 627 3290 682 Cum
3315 628 3425 684 Ec-

1834 723 1995 775 clesia
2027 731 2152 775 ante
2182 721 2362 774 mundi
2388 729 2658 783 exortum,
2682 728 2737 772 et
2762 717 2979 775 Patrem
3013 728 3274 789 agnoscat
3296 732 3425 777 ante

1834 815 2050 869 Filium.
2106 811 2327 867 Sabellii
2394 820 2575 881 partes
2627 826 2815 881 agens,
2873 827 3039 864 unum
3076 820 3131 865 et
3165 812 3421 867 eumdem

1835 907 2047 959 Patrem
2076 906 2319 972 designat
2347 920 2507 973 atque
2526 904 2745 958 Filium.
2774 904 3046 957 Interdum
3068 903 3423 960 introducens

1834 992 2069 1047 Verbum
2105 994 2409 1046 immanens
2446 1012 2459 1048 :
2504 994 2794 1062 aliquando
2830 993 3156 1061 prolatitium
3187 1004 3244 1048 et
3274 1010 3425 1049 ema-

1835 1099 1987 1138 nans.
2025 1084 2183 1138 Certe
2206 1086 2374 1138 videri
2410 1084 2520 1137 vult
2552 1085 2649 1138 has
2681 1100 2840 1139 voces
2872 1099 3144 1155 respuere.
3174 1086 3246 1139 At
3274 1087 3422 1141 enim

1834 1177 1958 1243 quid
2010 1175 2155 1229 aliud
2212 1177 2529 1243 assignavit,
2571 1184 2693 1232 Cum
2732 1176 2960 1231 Verbum
2997 1178 3126 1232 illud
3188 1178 3333 1233 intus
3369 1179 3422 1234 in

1834 1268 1942 1322 Deo
1974 1284 2117 1321 nunc
2142 1266 2370 1321 amrmet
2402 1288 2412 1321 :
2440 1285 2584 1321 nunc
2612 1285 2708 1339 per
2734 1272 3092 1339 Operatricem
3125 1271 3423 1327 efﬁcaciam

1831 1360 2047 1429 prodire
2096 1360 2446 1428 pronuntiet?
2504 1362 2645 1413 unde
2696 1370 2749 1413 et
2804 1377 2924 1415 cum
2980 1371 3215 1417 humano
3250 1365 3425 1418 verbo

1831 1451 2103 1520 componit
2136 1449 2290 1503 illud.
2325 1452 2392 1504 At
2420 1452 2565 1504 enim
2591 1451 2804 1504 divinus
2825 1454 3154 1523 evangelista
3184 1454 3422 1509 Verbum

1832 1559 1860 1596 a
1894 1559 1948 1597 se
1972 1542 2277 1596 deiﬁcatum
2312 1544 2607 1597 secundum
2638 1545 2840 1597 nullum
2872 1546 3097 1598 iStorum
3135 1548 3421 1602 modorum

1832 1635 2239 1703 intelligendum
2272 1636 2573 1704 proposuit.
2609 1634 2712 1688 Sed
2744 1650 2801 1689 ut
2842 1652 2939 1703 par
2964 1646 3017 1691 et
3048 1654 3261 1705 aequum
3301 1641 3421 1695 fue-

1834 1737 1915 1781 rut
1974 1729 2307 1795 unigenitum
2360 1729 2451 1781 Dei
2481 1729 2674 1782 Filium
2724 1731 3072 1799 intelligendo
3105 1734 3418 1804 concipere,

128 1830 232 1881 τοῦ
262 1829 351 1881 ἐπὶ
379 1831 592 1881 πάντων
627 1828 761 1881 Θεοῦ
790 1846 801 1857 ·
842 1828 968 1890 Υἱὸς
1000 1830 1219 1899 γνήσιος
1248 1829 1437 1893 ὄντως,
1467 1832 1561 1882 καὶ
1590 1832 1723 1897 ἁγα-

1835 1820 2062 1873 Verbum
2091 1836 2213 1873 esse
2237 1822 2438 1883 docuit,
2471 1837 2566 1890 per
2596 1824 2737 1891 quod
2760 1825 2939 1877 omnia
2969 1827 3265 1881 secundum
3294 1842 3421 1883 suas

131 1922 328 1992 πητὸς,
366 1921 442 1991 τῷ
467 1921 629 1975 αὐτοῦ
658 1922 833 1991 Πατρὶ
877 1922 1018 1975 κατὰ
1048 1923 1227 1975 πάντα
1255 1922 1517 1993 ἀφομοιού
1529 1940 1687 1994 μενος
1708 1937 1721 1951 ⁸

132 2015 228 2066 Διὸ
255 2017 349 2067 καὶ
382 2013 513 2077 Θεὸς
555 2010 621 2085 ἦν
654 2014 890 2085 άληθῶς,
920 2014 1041 2067 καθ’
1068 2014 1095 2065 ὃ
1124 2014 1185 2067 τὸ
1219 2016 1403 2087 νοερὸν
1437 2016 1531 2067 καὶ
1576 2016 1723 2084 λογι-

135 2110 232 2159 κὸν
261 2110 381 2168 ταῖς
425 2107 542 2158 κατ’
569 2106 751 2159 εἰκόνα
780 2106 879 2176 τὴν
908 2104 1070 2158 αὐτοῦ
1103 2108 1500 2176 πεποιημέναις
1526 2107 1723 2178 ψυχαῖς

132 2198 455 2266 ὲναυγάζειν
501 2199 721 2267 φέγγος.
758 2200 851 2251 Διὸ
881 2199 939 2250 ού
983 2198 1199 2251 πάντων
1241 2200 1402 2252 αὑτὸν
1438 2201 1553 2268 φῶς
1583 2197 1722 2253 εἷναί

132 2306 321 2358 φησιν,
356 2290 488 2342 ἀλλὰ
521 2290 694 2359 μόνων
721 2288 1043 2360 ἀνθρώπων.
1076 2284 1196 2343 Ἦν
1366 2290 1431 2344 τὸ
1461 2291 1587 2360 φῶς
1609 2332 1623 2355 ν
1654 2291 1721 2344 τὸ

129 2380 384 2449 φωτίζον
410 2381 604 2435 πάντα
634 2381 945 2449 ἆνᾶρωπον
970 2382 1297 2450 ἐρχόμενον
1342 2386 1429 2447 εἰς
1472 2386 1580 2437 τὸν
1622 2387 1720 2437 κό-

130 2490 321 2541 σμον,
360 2472 483 2542 ἔφη.
502 2472 655 2549 Οὕτω
678 2474 735 2526 δὲ
766 2474 861 2526 καὶ
890 2472 1003 2543 ζωὴ
1036 2474 1280 2544 ὑπῆρχεν
1308 2474 1524 2544 άληθῶς
1553 2516 1566 2537 ,
1596 2476 1717 2529 καθ’

128 2564 160 2614 ὃ
205 2567 340 2616 πᾶσι
389 2568 500 2628 τοῖς
543 2564 714 2629 ζῶσι,
744 2564 805 2616 τὸ
846 2566 944 2634 τῆς
990 2565 1047 2631 ἐξ
1096 2566 1262 2618 αὑτοῦ
1299 2568 1717 2639 χορηγίας(55),

131 2652 368 2723 παρέχει
401 2655 550 2720 νᾶμα
583 2655 678 2705 καὶ
711 2652 831 2706 καθ’
880 2654 1116 2724 ἑκάστην
1146 2654 1203 2706 δὲ
1234 2655 1475 2708 ἐπίνοιαν
1520 2657 1629 2709 τῶν
1662 2662 1720 2711 ὲν

124 2745 289 2814 αὐτῷ
329 2744 522 2797 θεῖκῶν
568 2744 845 2815 δυνάμεων
877 2745 1291 2816 παραστατικὰς
1318 2746 1498 2818 εὕροις
1522 2747 1587 2800 ἂν
1621 2748 1719 2800 αύ-

128 2837 229 2890 τοῦ
281 2838 374 2889 καὶ
407 2836 625 2905 ἀληθεῖς
667 2838 1003 2907 ἐπωνυμίας.
1048 2836 1205 2891 Κατὰ
1243 2838 1419 2891 πάντα
1452 2839 1561 2911 γὰρ
1589 2841 1722 2911 ἀλή-

126 2930 258 2983 θεια
302 2926 369 3001 ἦν
390 2932 417 2983 ὁ
443 2930 570 2992 Υἱὸς
595 2929 689 2983 τοῦ
721 2928 878 2992 Θεοῦ,
914 2929 942 2981 ὃ
971 2928 1034 3000 δὴ
1081 2929 1413 2999 παρίστησιν
1443 2930 1606 2993 αὐτὸς
1630 2931 1719 2983 λέ-

129 3038 253 3089 γων
285 3022 396 3093 (56)
419 3040 432 3053 ·
472 3022 617 3092 Ἐγώ
645 3026 763 3093 εἰμι
790 3023 827 3091 ἠ
860 3022 1130 3089 ἀλήθεια.

1832 1913 2069 1967 rationes
2096 1914 2495 1967 rationabiliter
2530 1926 2657 1968 sunt
2681 1917 2973 1971 constituta
3020 1936 3033 1970 :
3063 1920 3181 1974 sine
3210 1935 3319 1991 quo
3344 1923 3423 1975 n2-

1831 2005 1901 2057 hil
1938 2003 2138 2059 factum
2164 2015 2247 2060 est
2270 2022 2455 2060 eorum
2489 2022 2607 2074 quae
2638 2019 2783 2062 sunt.
2812 2009 2978 2075 Deum
3004 2026 3128 2065 eum
3155 2022 3335 2074 vocat.
3362 2022 3419 2069 et

1828 2096 2187 2162 unigenitum,
2236 2108 2518 2167 propterea
2552 2100 2694 2167 quod
2731 2102 2877 2154 solus
2914 2102 3001 2157 ille
3032 2120 3161 2160 vere
3194 2104 3297 2161 fuit
3324 2105 3417 2161 Fl-

1829 2190 1927 2243 lius
1954 2190 2075 2253 Dei;
2124 2191 2237 2255 Dei,
2284 2192 2372 2258 qui
2399 2201 2482 2245 est
2519 2206 2683 2260 super
2704 2195 2884 2248 omnia
2920 2194 3093 2251 Filius
3122 2200 3414 2269 genuinus,

1826 2280 1971 2335 Patri
1998 2298 2094 2337 suo
2118 2278 2345 2337 dilectus
2378 2300 2392 2335 :
2420 2298 2514 2351 per
2544 2286 2725 2338 omnia
2753 2301 2850 2340 suo
2880 2288 3023 2342 Patri
3050 2290 3414 2347 assimilatus:

1829 2386 1885 2429 ut
1916 2374 2037 2429 ideo
2073 2390 2196 2427 vere
2237 2376 2376 2431 Deus
2422 2378 2714 2443 exstiterit,
2760 2393 2825 2432 eo
2858 2381 3000 2447 quod
3054 2382 3251 2437 animis
3284 2400 3314 2439 a
3356 2399 3419 2441 ω

1828 2468 2026 2521 creatis
2068 2468 2131 2519 ad
2162 2468 2452 2536 imaginem
2488 2483 2642 2523 Suam
2675 2471 3094 2527 intellectualem
3124 2473 3299 2530 lucem
3330 2491 3420 2530 ra-

1829 2560 2081 2614 tionalem
2121 2560 2462 2615 irradiaverit
2505 2563 2802 2632 :quocirca
2857 2572 3013 2619 vocat
3046 2565 3218 2621 lucem
3264 2567 3417 2625 illum

1828 2666 1932 2705 non
1990 2667 2169 2705 rerum
2218 2652 2480 2713 omnium,
2533 2656 2627 2706 sed
2680 2654 2957 2709 hominum
3019 2661 3415 2715 tantummodo.

1830 2741 1961 2796 Erat
1996 2745 2154 2807 enim,
2184 2742 2280 2806 ait,
2326 2743 2420 2796 lux
2451 2744 2763 2800 illuminans
2797 2763 2999 2802 omnem
3033 2748 3294 2805 hominem
3329 2767 3418 2807 ve-

1830 2838 2050 2890 nientem
2084 2838 2138 2888 in
2165 2837 2304 2889 hunc
2334 2836 2608 2889 mundum.
2644 2837 2725 2891 Ad
2755 2838 2899 2893 hunc
2938 2842 3158 2894 modum
3197 2851 3250 2896 et
3290 2856 3420 2898 vere

1831 2928 2133 2983 exsistebat
2154 2926 2263 2979 vita
2297 2944 2311 2979 :
2342 2941 2409 2980 eo
2436 2927 2577 2995 quod
2610 2930 2860 2983 omnibus
2896 2933 3204 2987 viventibus
3226 2933 3296 2988 de
3316 2949 3418 2989 suo

1837 3022 2162 3092 suppeditet.
2196 3020 2372 3090 Atque
2401 3022 2471 3075 ita
2501 3022 2746 3077 invenire
2790 3025 2949 3079 nobis
3008 3025 3136 3081 licet
3173 3027 3418 3097 appella-

120 3112 315 3164 tiones
348 3114 394 3164 ei
435 3125 560 3166 vere
593 3113 905 3175 attributas,
932 3112 1130 3181 quibus
1154 3128 1274 3179 qua:
1310 3112 1385 3166 illi
1416 3113 1622 3177 insunt,
1674 3113 1871 3167 divinae
1930 3116 2165 3165 virtutes
2206 3120 2688 3177 repraesentantur.
2756 3112 2970 3184 Ubique
3026 3130 3207 3173 autem
3240 3128 3295 3174 et
3318 3135 3419 3193 per

115 3204 321 3258 cinnia
362 3214 498 3268 erat,
538 3203 763 3267 veritas,
808 3204 897 3256 Dei
946 3204 1114 3258 Filius
1161 3214 1303 3271 erat,
1334 3206 1477 3273 quod
1523 3207 1592 3260 ab
1626 3206 1743 3275 ipso
1783 3208 2079 3261 edocemur
2103 3204 2191 3258 ubi
2214 3204 2330 3260 ait:
2365 3203 2473 3272 Ego
2508 3222 2625 3258 sum
2660 3208 2893 3261 verital'

773 3296 929 3348 ΚΕΦ.
972 3297 1073 3349 IE'.

134 3388 267 3462 Τῶν
301 3388 487 3462 utitor";
507 3389 865 3462 Μαρκέλλου
892 3390 1106 3457 φωνῶν
1130 3392 1512 3462 παραθέσεις,
1530 3391 1604 3445 δι’
1637 3385 1723 3444 ὧν

206 3458 749 3532 ἠρνεῖτοᾉτόνλΥίὸν
772 3460 877 3513 τοῦ
910 3462 1057 3515 Θεοῦ
1095 3458 1328 3532 σαεξῶς,
1361 3464 1724 3532 προφορικὸν

205 3530 407 3597 Λόγον
430 3528 468 3595 ἢ
503 3529 844 3585 ἐνδιάθετον
874 3532 1127 3600 φάσκων
1163 3528 1323 3590 εἶναι
1354 3528 1567 3587 (diter.

219 3620 361 3672 Ἀλλ’
384 3622 412 3673 ό
440 3620 556 3685 νέος
586 3623 936 3694 συγγραφεὺς
966 3623 1141 3678 ταῦτα
1169 3625 1268 3697 μὲν
1300 3624 1424 3677 οὔτε
1456 3624 1720 3695 συνίησιν.

122 3710 259 3763 οὔτε
288 3707 459 3775 οἶδεν,
494 3712 604 3765 οὐθ’
643 3714 724 3768 ὅτι
758 3715 941 3782 ἀγνοεί
985 3711 1125 3769 οἶδεν
1150 3734 1162 3745 ’
1210 3716 1246 3769 ἃ
1279 3716 1343 3785 δὴ
1390 3716 1483 3769 καὶ
1526 3717 1723 3769 είδέναι

127 3802 315 3873 αὐχεῖ,
348 3803 495 3867 ὅπως
524 3805 766 3876 συνίστη.
802 3807 940 3879 Φέρε
986 3808 1150 3863 πάλιν
1197 3808 1317 3865 εἶτα
1363 3811 1725 3873 ἀναλαϐόντες

127 3893 493 3965 ἀκούσωμεν,
526 3895 601 3959 ὡς
648 3897 728 3967 τῷ
769 3898 827 3951 ὲν
868 3898 1175 3970 ἀνθρώποις
1223 3902 1386 3955 αὐτὸν
1430 3902 1720 3967 ἀπεικάζει

128 3983 300 4056 λόγῳ,
343 3986 419 4055 τῷ
449 4002 509 4038 τε
547 3987 689 4041 κατὰ
714 3988 980 4055 διάνοιαν,
1008 3992 1102 4045 καὶ
1133 3992 1212 4064 τῷ
1236 3995 1377 4049 κατὰ
1412 3994 1719 4065 προφορὰν,

126 4075 325 4129 τοῦτον
356 4077 583 4148 γράφων
614 4080 704 4133 τὸν
731 4082 929 4153 τρόπον
952 4100 965 4112 ·
1007 4102 1025 4135 t
1059 4084 1230 4139 Τοῦτο
1262 4085 1319 4139 δὲ
1354 4086 1535 4157 ῥᾴδιον
1568 4083 1723 4157 οἶμαι

130 4189 157 4220 ί
196 4171 306 4232 τοῖς
338 4167 397 4224 εὖ
438 4170 691 4243 φρονοῦσι
735 4173 827 4227 καὶ
860 4175 968 4229 ἀπὸ
1004 4177 1201 4249 μικροῦ
1231 4195 1375 4242 τινος
1402 4178 1497 4232 καὶ
1533 4196 1723 4231 ταπει-

135 4280 158 4311 ‹
200 4260 295 4314 νοῦ
340 4261 461 4315 καθ’
492 4264 643 4335 ἡμᾶς
687 4266 1125 4339 παραδείγματος
1164 4268 1367 4339 γνῶναι
1392 4286 1406 4301 ·
1454 4270 1573 4322 οὐδὲ
1615 4270 1723 4342 γὰρ

139 4370 159 4401 ‹
198 4350 293 4404 τὸν
328 4350 423 4405 τοῦ
473 4352 761 4425 ἀνθρώπου
810 4354 966 4424 λόγον
1010 4356 1238 4430 δυνάμει
1290 4361 1723 4414 καὶὺποστάσει

136 4461 159 4493 ‹
202 4442 434 4514 χωρίσαι
465 4446 572 4498 τινὶ
607 4435 851 4501 δυνατόν.
888 4449 985 4502 Ἐν
1024 4452 1133 4523 γάρ
1158 4455 1275 4505 ἐστι
1305 4452 1398 4505 καὶ
1422 4451 1616 4505 ταύτὸν
1645 4452 1723 4523 τῷ

133 4555 160 4586 1
200 4534 473 4608 ἀνθρώπῳ
500 4538 529 4589 ὁ
571 4538 728 4607 λόγος
751 4556 766 4570 ⁸
794 4540 889 4593 καὶ
916 4541 1091 4596 οὐδενὶ
1132 4544 1497 4614 χωριζόμενος
1549 4544 1723 4615 ἑτέρῳ

139 4651 158 4681 ι
204 4630 237 4701 ἥ
275 4631 412 4705 μόνῃ
436 4635 504 4703 τῇ
536 4633 629 4704 τῆς
652 4633 901 4705 πράξεως
925 4637 1198 4709 ἐνεργείᾳ.
1234 4656 1252 4689 ι
1297 4638 1385 4691 Ἐν
1410 4638 1465 4690 δὲ
1506 4636 1716 4702 τούτοις

130 4721 215 4791 τῷ
248 4722 566 4793 προφορικῷ
596 4724 737 4795 λόγῳ
779 4725 1043 4798 κέχρηται
1084 4728 1293 4782 εἰκόνι·
1325 4728 1403 4799 τῷ
1431 4729 1488 4782 δέ
1525 4746 1587 4797 γε
1635 4732 1720 4784 ὲν-

129 4811 367 4882 διαθέτῳ
389 4815 448 4866 ὲν
473 4809 552 4877 οἷς
576 4815 750 4869 ταῦτά
771 4834 965 4889 φησιν·
998 4838 1017 4870 t
1048 4821 1123 4873 Οὐ
1155 4820 1262 4892 γὰρ
1290 4820 1403 4893 (57)
1433 4821 1496 4893 δὴ
1528 4820 1721 4892 ἑτέρας

138 4919 159 4951 ε
202 4901 540 4972 ἑτοιμασίας,
571 4899 681 4958 οἷον
721 4906 875 4978 ὕλης,
916 4908 949 4979 ἦ
982 4908 1148 4981 ἄλλης
1173 4911 1315 4976 τινος
1346 4911 1717 4983 ἀνθρωπίνης,

138 5012 158 5043 ι
192 4994 220 5047 ό
265 4993 397 5058 Θεὸς
430 4996 597 5050 ἐδεῖτο
628 4998 763 5070 πρὸς
803 5006 1143 5076 κατασκευὴν
1164 5044 1178 5067 ,
1208 5003 1345 5058 ἀλλὰ
1372 5004 1577 5076 ταύτης
1620 5005 1721 5075 τῆς

138 5103 158 5135 ‹
203 5086 262 5141 ιν
289 5087 357 5157 τῇ
390 5085 581 5141 ἑαυτοῦ
615 5087 822 5162 διανοίᾳ
845 5092 1181 5163 ὲτοιμασίας.
1229 5096 1379 5149 Ἐπεὶ
1404 5091 1497 5148 οὖν
1523 5095 1720 5149 ἀδύνα-

139 5196 160 5227 ‹
199 5192 290 5230 τον
331 5174 398 5249 ἦν
441 5180 610 5252 χωρὶς
636 5180 795 5251 λόγου
832 5185 925 5237 καὶ
967 5186 1068 5253 τῆς
1117 5188 1424 5264 προσούσης
1464 5188 1545 5260 τῷ
1576 5188 1720 5261 λόγῳ

214 5320 275 5378 »14
307 5313 402 5372 Ed.
435 5298 785 5389 Paris.,lpag.
822 5319 945 5374 125.

209 5408 231 5438 '
262 5405 419 5462 Joau.
453 5424 565 5473 τιν,
589 5408 641 5464 6.

235 5545 329 5616 δί)
358 5546 529 5610 Vulgo
554 5545 741 5602 αὐτόν.

239 5617 341 5692 5‘5)_
361 5616 536 5692 ιμήν
573 5617 651 5687 δὴ
688 5619 889 5692 tog-oc.
927 5616 1239 5692 Legendum
1279 5616 1610 5692 f0fl€,_1_!).ﬁv
1638 5620 1719 5682 δὲ,

142 5688 211 5759 tu:
250 5686 365 5759 τοῦ,
396 5687 595 5758 λέγειν,
628 5686 887 5759 ποτὶμὲν
934 5686 1080 5742 ἔνδον
1121 5687 1286 5743 αὐτὸν
1316 5690 1410 5742 τὸν
1448 5686 1625 5759 λόγον,
1662 5693 1720 5744 ὲν

142 5757 223 5830 τῷ
249 5757 396 5830 Θεῷ,
410 5757 475 5813 et
499 5770 678 5830 tamen
711 5757 1182 5830 mt‘periiciendam
1213 5757 1539 5830 sententiain
1594 5765 1722 5819 dee-

146 5828 240 5900 rit,
261 5828 435 5887 simile
455 5830 607 5901 quid,
632 5828 909 5885 ἁλίσκεται
938 5829 1095 5885 τοῦτο
1125 5829 1321 5899 λέγων.
1367 5828 1439 5887 Μ.

2402 3302 2459 3359 >14
2494 3296 2645 3352 CAP.
2678 3298 2799 3355 XV.

1837 3388 1996 3444 Voces
2033 3390 2548 3464 proponuntur-illm,
2571 3392 2758 3464 quibus
2796 3392 3084 3449 Marcellus
3106 3396 3417 3464 planissimo

1896 3458 2167 3529 abnegavit
2210 3460 2305 3513 Dei
2340 3458 2539 3513 Filium
2571 3458 2591 3513 ἐ
2619 3463 2884 3531 afﬁrmans
2916 3465 3067 3519 iitum
3106 3458 3227 3523 esu
3283 3467 3417 3527 Ver.

1896 3532 2015 3584 bum
2048 3547 2182 3583 nunc
2217 3534 2529 3595 immanem,
2571 3549 2710 3585 nunc
2744 3550 3018 3589 emanant.

1897 3625 1965 3675 At
2013 3623 2250 3675 novitius
2285 3622 2387 3677 iste
2435 3626 2667 3690 scriptor
2720 3624 2837 3680 haec
2898 3641 3073 3697 neque
3125 3629 3413 3698 intellexit.

1826 3729 2000 3783 neque
2037 3715 2203 3777 novit,
2253 3730 2426 3785 neque
2455 3714 2585 3770 illud
2632 3717 2780 3770 novit
2822 3720 2966 3786 quod
3002 3722 3114 3776 huic
3160 3722 3411 3794 ignoret:

1825 3824 1944 3877 qua:
1980 3818 2155 3861 tamen
2204 3823 2308 3861 non
2361 3809 2572 3862 nescire
2609 3824 2669 3863 se
2695 3810 2994 3879 gloriatur,
3023 3817 3255 3884 qualiter
3282 3820 3416 3878 sub.

1825 3902 2044 3955 sistunt.
2070 3900 2310 3970 Agedum
2350 3915 2498 3965 vero,
2526 3914 2924 3959 reassumentes
2946 3920 3066 3974 qua:
3090 3908 3233 3962 dicta
3261 3921 3413 3977 sunt,

1826 3993 2112 4046 audiamus
2173 4003 2232 4046 ut
2280 3992 2428 4045 illum
2492 3994 2876 4049 assimilaverit
2923 3996 3159 4053 humano
3196 4001 3411 4058 verbo:

1825 4098 1948 4139 cum
1997 4084 2139 4154 quod
2192 4084 2520 4154 cogitatione
2576 4086 3076 4154 comprehenditur,
3116 4098 3227 4145 tum
3265 4095 3413 4163 quod

1824 4175 2120 4245 profertur.
2151 4176 2224 4229 Ita
2253 4186 2433 4230 autem
2456 4177 2534 4232 ait
2567 4174 2657 4248 [IL
2696 4177 2780 4230 LV
2806 4178 2931 4233 coll.
2962 4196 3015 4248 p.
3056 4181 3126 4236 ‘59
3153 4183 3217 4250 D,
3248 4182 3316 4239 79
3346 4183 3411 4253 Β,

1826 4269 1930 4324 Hd
1962 4268 2081 4341 ιηιιε
2122 4287 2141 4319 ι
2188 4268 2369 4323 Facile
2413 4270 2517 4324 hoc
2557 4271 2754 4337 opinor
2804 4272 3185 4342 intelligentes,
3231 4277 3417 4333 animo

1831 4379 1849 4413 α
1887 4360 2331 4429 comprehensuri
2362 4368 2509 4421 sunt,
2536 4360 2605 4413 ab
2631 4359 2908 4425 humanis,
2934 4361 3287 4419 similitudine
3308 4363 3413 4418 hu-

1830 4472 1850 4504 ι
1888 4452 1997 4507 mili
2031 4451 2245 4521 quidem
2272 4451 2362 4505 illa
2386 4460 2440 4505 et
2463 4453 2875 4508 contemnenda.
2908 4452 3254 4528 Namneque
3290 4472 3417 4527 pos—

1831 4566 1849 4598 t
1886 4545 2038 4601 sibile
2059 4554 2142 4599 est
2168 4545 2442 4614 cuiquam,
2468 4543 2553 4597 vel
2578 4554 2848 4613 potestate
2877 4554 2931 4601 et
2955 4546 3233 4618 bypostasi
3260 4564 3417 4619 sepa-

1753 4645 1792 4697 ο
1827 4655 1845 4687 ι
1882 4650 2005 4691 rare
2030 4636 2254 4691 verbum
2287 4636 2431 4704 quod
2461 4634 2513 4687 in
2539 4635 2851 4691 hominibus
2878 4648 2982 4692 est.
3013 4636 3158 4693 Idem
3210 4639 3417 4703 etenim

1833 4746 1854 4779 ι
1888 4741 2165 4796 unumque
2210 4741 2334 4782 cum
2382 4726 2602 4781 homine
2656 4727 2881 4782 verbum
2929 4744 3085 4783 suum
3150 4730 3413 4785 exsistit:

1832 4840 1851 4872 ι
1891 4821 2204 4890 neutiquam
2252 4821 2322 4875 ab
2376 4819 2599 4876 homine
2638 4820 3020 4891 separandum,
3064 4822 3165 4876 nisi
3217 4825 3411 4894 agendi

1837 4932 1856 4965 ι
1891 4913 2003 4968 sola
2032 4912 2265 4969 actione.
2312 4930 2332 4965 ι
2378 4912 2560 4969 Utitur
2586 4913 2673 4967 hic
2696 4913 2808 4981 jam
2835 4913 3083 4983 exemplo
3117 4914 3263 4967 verbi
3289 4930 3416 4984 pro-

1834 5006 1991 5059 lntitii
2026 5022 2040 5059 :
2078 5004 2423 5058 immanentis
2473 5012 2652 5057 autem
2697 5004 2895 5069 denuo,
2934 5002 3026 5057 ubi
3070 5003 3147 5058 ait
3179 5003 3269 5076 Ut.
3302 5004 3413 5059 Llll

1829 5096 1953 5153 coll.
1986 5111 2039 5166 p.
2072 5095 2144 5150 40
2174 5094 2243 5167 ΑΙ
2278 5113 2291 5149 :
2328 5115 2346 5147 ι
2382 5093 2565 5166 Neque
2610 5095 2755 5149 enim
2790 5105 3113 5165 apparatum
3146 5097 3253 5152 ulla
3284 5098 3412 5162 alia,

1833 5207 1851 5239 ι
1896 5202 2087 5258 nempe
2136 5187 2395 5251 materiae,
2455 5187 2536 5241 vel
2586 5184 2891 5253 huiusmodi
2946 5187 3218 5259 indigebat
3273 5190 3416 5247 Deus

1903 5551 1992 5615 (5!
2046 5550 2217 5622 Vulgo
2246 5553 2367 5623 μέν.

1900 5552 2016 5696 ($5;
2046 5624 2219 5696 Συίκο
2253 5624 2517 5696 παρέχειν
2538 5624 2720 5695 νᾶμας
2742 5630 2999 5680 caeterum
3030 5621 3103 5678 cf.
3130 5636 3184 5692 ι).
3207 5620 3413 5679 12887.

1901 5691 2015 5762 ίόϐ)
2046 5691 2222 5762 Vulgo
2247 5691 2431 5760 αὐτόςζ

1902 5762 2017 5835 (57)
2049 5764 2218 5836 Vulgo
2241 5765 2320 5819 δέ.
