4068 6316
192 348 301 404 937

1156 344 1244 399 DE
1273 338 1807 399 ECCLESIASTICA
1833 333 2236 393 THEOLOGIA
2275 334 2405 391 ΗΒ.
2446 334 2514 390 li.

3352 330 3461 390 938

190 461 469 525 διενοεῖτο,
514 454 558 529 ᾧ
598 460 691 515 καὶ
719 458 854 531 πρὸς
884 456 1074 512 ἑαυτὸν
1098 456 1385 525 διελέγετο,
1417 456 1770 524 Ποιήσωμεν

1883 449 2209 521 :oquebatur,
2244 447 2532 505 Faciamus
2547 450 2828 518 hominem,
2858 446 3130 521 inquiens,
3176 449 3307 520 quid
3332 463 3461 506 eum

189 551 526 621 ἄνθρωπον,
572 552 745 619 λέγων
784 566 797 579 ο
822 550 876 603 τί
914 550 1007 603 καὶ
1037 548 1214 619 μάτην
1246 546 1359 599 υἱὸν
1386 546 1675 617 όνομάζοι;
1706 544 1774 598 Τί

190 642 255 695 δὲ
288 643 381 712 τὴν
421 642 743 711 Ἐκκλησίαν
766 637 1149 710 ύποκρίνεται;
1186 637 1249 691 Τί
1286 636 1365 698 δὲ,
1400 637 1473 708 μὴ
1504 634 1775 689 πιστεύων

189 735 277 797 είς
308 736 397 788 τὸν
424 734 551 787 Yle
584 732 678 787 τοῦ
709 731 843 785 Θεοῦ
888 733 1265 803 προσποιεῖται
1292 728 1569 781 πιστεύειν
1588 768 1603 792 ,
1643 744 1776 797 σχη-

192 822 557 896 ματιζόμενος
600 820 690 875 διὰ
734 819 830 874 τοῦ
882 820 976 873 τὸν
1020 819 1193 887 Λόγον
1240 818 1331 871 τὸν
1397 820 1455 871 ὲν
1526 816 1605 889 τῷ
1657 814 1776 886 Θεῷ

191 914 328 968 Υἰὸν
362 912 694 977 ἁτωκαλεῖν;
726 912 918 982 Σαφῶς
963 912 1059 964 τοῦ
1090 910 1528 981 παραδείγματος
1574 905 1772 980 μακρῷ

189 1004 468 1059 διεστάναι
505 1003 848 1068 διδάσκοντος
894 1002 985 1056 τὸν
1036 1003 1272 1073 ἔμφυτον
1319 1004 1376 1055 ὲν
1417 1000 1560 1071 ψυχῇ
1615 1000 1773 1066 λόγον

188 1096 349 1168 παρὰ
374 1096 464 1150 τὸν
494 1095 558 1149 ἐκ
586 1112 729 1159 τινος
762 1094 1109 1166 γεννηθέντα,
1144 1094 1237 1147 καὶ
1275 1093 1396 1146 καθ’
1449 1092 1638 1147 ἑαυτὸν
1672 1093 1774 1161 ὑφ-

189 1186 447 1252 εστῶτα,
501 1186 594 1240 καὶ
652 1184 864 1250 ζῶντα,
926 1184 1018 1237 κα)⁵
1074 1181 1400 1253 ἐνεργοῦντα
1448 1182 1597 1236 Υίόν.
1634 1181 1773 1235 Ἀλλ’

188 1279 297 1332 οὐκ
350 1277 499 1347 ἐγὼ,
550 1276 720 1348 φησὶ,
778 1275 855 1339 ὡς
900 1274 1087 1341 εἰκὸς,
1128 1274 1242 1328 ἀλλ’
1279 1275 1308 1325 ό
1348 1274 1489 1338 θεῖος
1540 1274 1774 1343 εὐαγγε-

190 1368 385 1441 λιστὴς
434 1369 605 1437 Λόγον
663 1366 822 1423 αὐτὸν
873 1367 1186 1437 προσεῖπεν.
1243 1364 1558 1419 ’Λκόλουθον
1594 1365 1775 1419 τοίνυν

190 1463 282 1533 εῐη
313 1462 379 1516 ἂν
414 1462 505 1514 καὶ
530 1461 676 1530 ἡμᾶς
700 1459 873 1530 τούτῳ
894 1457 1272 1528 συνομολογεῖν
1299 1456 1437 1527 (58).
1465 1457 1594 1521 Ναὶ,
1624 1458 1769 1527 φημὶ

192 1550 293 1604 καὶ
323 1549 505 1613 αύτός.

838 1637 995 1692 ΚΕΦ.
1036 1638 1133 1691 lZ'.

276 1732 581 1803 Ἐρμηνεια
607 1730 716 1800 τῆς
742 1728 1009 1797 ἀληθοῦς
1036 1726 1304 1794 διανοίας
1344 1727 1453 1781 τοῦ
1485 1728 1699 1796 Λόγου.

1874 553 1928 597 et
1956 541 2157 597 frustra
2192 542 2428 610 quidem,
2460 541 2691 611 appellat
2717 540 2959 596 Filium?
2986 540 3125 608 Quid
3160 539 3462 597 Ecclesiam

1874 634 2111 703 decipit?
2138 633 2268 703 quid
2296 648 2419 689 cum
2451 649 2555 688 non
2581 635 2791 701 credat,
2826 634 2975 705 ﬁngit
3036 644 3216 689 tamen
3247 648 3307 690 se
3341 649 3463 691 cre-

1876 726 2003 779 dere
2034 724 2087 778 in
2122 724 2319 780 Filium
2351 725 2481 781 Dei?
2518 735 2705 794 utpote
2730 727 2819 796 qui
2849 726 3018 781 videri
3045 726 3161 782 vult
3198 740 3295 796 per
3326 726 3463 783 Ver-

1876 815 2000 869 bum
2051 814 2243 870 Filium
2289 816 2383 871 Dei
2434 817 2762 873 nominasse.
2798 817 2931 871 Cum
2958 818 3127 887 ipsius
3154 818 3462 887 exemplum

1877 909 2158 978 perspicue
2190 910 2400 974 doceat,
2426 909 2737 978 longissime
2790 910 2989 965 distare
3027 910 3247 965 insitum
3279 911 3461 965 animo

1878 997 2031 1068 lugon
2068 1003 2126 1062 si
2164 997 2233 1052 ab
2277 998 2367 1053 illo
2413 1001 2556 1069 quod
2605 1000 2671 1055 de
2709 1000 2891 1071 aliquo
2925 1012 3353 1071 progeneratur,
3408 1014 3463 1058 et

1876 1104 1972 1157 per
2002 1104 2060 1143 se
2083 1090 2329 1145 subsistit
2360 1101 2414 1145 et
2445 1091 2598 1154 vivit,
2641 1101 2696 1147 et
2735 1102 3010 1161 operatur,
3056 1102 3112 1148 et
3152 1090 3323 1147 Filius
3354 1101 3459 1147 est.

1878 1180 1984 1236 Sed
2013 1182 2259 1236 fortassis
2291 1182 2535 1253 inquiet:
2565 1182 2681 1238 Non
2724 1198 2828 1253 ego
2877 1184 3024 1237 illum
3075 1184 3283 1254 appello
3324 1183 3462 1239 Ver-

1878 1273 2026 1337 bum,
2079 1274 2172 1327 sed
2237 1273 2451 1329 divinus
2499 1274 2827 1343 evangelista
2894 1292 2909 1329 :
2962 1284 3019 1330 et
3070 1290 3174 1331 nos
3221 1275 3351 1329 illud
3380 1275 3465 1345 ip-

1877 1381 1996 1421 sum
2044 1380 2141 1436 par
2182 1375 2267 1423 est
2300 1367 2571 1423 conﬁteri.
2628 1368 2722 1424 Est
2762 1369 2923 1440 plane
2970 1370 3133 1425 etiam
3181 1383 3304 1427 meo
3342 1370 3463 1425 ani-

1879 1473 1988 1513 mo.

2476 1636 2632 1693 CAP.
2669 1636 2827 1693 XVII.

2119 1725 2267 1783 Verte
2303 1732 2578 1785 sententiis
2615 1731 2679 1785 de
2720 1729 2886 1787 Verbo
2913 1730 3220 1800 explicatio.

266 1802 412 1894 Πλῆν
450 1821 556 1875 οὐδ’
585 1820 785 1891 ἑτέρως
837 1819 1134 1890 προσήκειν
1164 1811 1319 1888 οἶμαι
1364 1814 1645 1881 ἐξακούειν
1676 1816 1776 1887 τῆς

1949 1818 2057 1876 Sed
2090 1836 2197 1877 non
2227 1822 2389 1877 aliter
2409 1823 2631 1878 omnino
2654 1838 2758 1879 vox
2788 1823 2879 1879 illa
2932 1823 3345 1893 interpretanda
3380 1834 3465 1882 est

188 1915 381 1986 φωνῆς
411 1913 446 1985 ἢ
491 1912 638 1983 αύτῷ
680 1912 844 1965 πάλιν
895 1909 1368 1982 μαθητευομένους
1416 1907 1498 1979 τῷ
1543 1907 1775 1977 εὐαγγε-

186 2007 349 2078 λιστῇ
420 2004 723 2059 διδάσκοντι
772 2005 953 2058 ὁποῖον
1010 2000 1292 2072 διωρίζετο
1340 1998 1532 2067 Λόγον.
1584 1996 1778 2067 Σαφῶς

187 2100 251 2155 δὲ
295 2100 481 2153 τοῦτον
528 2099 767 2169 παρίστη
812 2090 923 2159 οἶός
974 2112 1059 2152 τις
1100 2090 1190 2165 ἦν,
1239 2092 1622 2147 ιπισυνάπτων
1650 2090 1779 2160 ἑξῆς

188 2194 289 2247 καὶ
324 2192 517 2261 λέγων,
552 2189 663 2244 Kal
704 2188 847 2255 Θεὸς
889 2185 969 2258 ἦν
1008 2190 1041 2242 ό
1066 2188 1277 2255 Λόγος.
1306 2184 1610 2255 Δυνάμενος
1648 2181 1779 2251 γοῦν

187 2285 395 2347 εἰπεῖν,
437 2281 548 2337 Kal
591 2278 737 2345 Θεὸς
789 2275 869 2349 ἦν
906 2280 939 2331 ό
983 2280 1193 2347 Λόγος,
1257 2273 1397 2346 μετὰ
1421 2275 1521 2345 τῆς
1550 2272 1645 2327 τοῦ
1675 2273 1777 2344 ἄρ-

188 2375 326 2447 θρου
356 2372 694 2447 προσθήκης,
714 2370 769 2423 εῐ
796 2387 859 2440 γε
887 2369 945 2423 ἓν
973 2369 1069 2439 καὶ
1108 2367 1306 2421 ταύτὸν
1332 2368 1517 2437 ήγεῖτο
1544 2365 1635 2419 τὸν
1668 2365 1779 2418 Πα-

183 2462 327 2533 τέρα
367 2455 507 2515 εἶναι
539 2458 632 2513 καὶ
672 2457 762 2511 τὸν
791 2458 940 2522 Υίὸν,
986 2455 1154 2509 αὐτόν
1197 2471 1260 2507 τε
1302 2450 1442 2508 εἶναι
1488 2453 1578 2507 τὸν
1606 2452 1785 2520 Λόγον

183 2553 283 2608 τὸν
310 2553 403 2607 ἐπὶ
434 2551 653 2608 πάντων
702 2549 857 2616 Θεὸν,
891 2548 989 2619 οὐχ
1035 2546 1208 2613 οὕτως
1242 2545 1376 2618 (δι’)
1404 2544 1635 2611 ἐξέδωκε
1682 2544 1780 2617 τὴν

185 2646 433 2718 γραφήν.
459 2644 532 2698 Ἥ
568 2643 699 2713 γὰρ,
730 2661 748 2694 ι
781 2642 892 2696 Καὶ
920 2639 1055 2695 Θεοῦ
1088 2635 1157 2712 ἦν
1186 2642 1215 2692 ό
1252 2638 1424 2708 Λόγος
1453 2656 1474 2691 s
1511 2638 1677 2709 ἐχρῆν
1710 2638 1781 2690 ει-

186 2740 340 2802 πεῐν,
368 2737 402 2808 ἢ
433 2754 454 2789 ε
481 2736 510 2790 ό
540 2734 671 2799 Θεὸς
710 2730 777 2807 ἦν
807 2735 835 2787 ό
863 2733 1054 2801 Λόγος,
1086 2750 1105 2783 s
1146 2730 1283 2803 μετὰ
1324 2729 1642 2804 προσθήκης
1680 2728 1778 2782 τοῦ

186 2829 422 2901 ἄρθρου,
467 2828 514 2880 εί
559 2828 625 2897 τῇ
680 2824 1001 2897 Μαρκέλλου
1068 2824 1277 2895 διανοίᾳ
1338 2822 1627 2894 σύμφωνον
1681 2820 1779 2893 τὴν

188 2919 417 2994 γραφὴν
458 2920 715 2972 ἐποιεῖτο.
746 2916 883 2969 Νυνὶ⁴
908 2916 965 2969 δὲ
994 2916 1089 2970 καὶ
1118 2914 1279 2969 αὐτὸν
1323 2915 1412 2968 τὸν
1442 2914 1614 2983 Λόγον
1646 2915 1778 2970 Θεὸν

186 3007 335 3069 εἶναι
367 3011 642 3082 παρίστη,
688 3009 888 3080 ὁμοίως
920 3005 1018 3078 τῷ,
1056 3007 1193 3078 πρὸς
1232 3006 1290 3058 ὃν
1316 3002 1383 3077 ἦν
1409 3005 1560 3077 Θεῷ·
1598 3024 1782 3077 προει-

189 3101 315 3158 τεὼν
345 3102 473 3173 γὰρ,
516 3098 627 3155 Kal
657 3102 689 3153 ό
718 3100 907 3193 Λόγος
1052 3098 1204 3167 πρὸς
1233 3096 1338 3150 τὸν
1371 3098 1540 3193 Θεύν,
1583 3098 1780 3193 ἐπάγει
1807 3136 1848 3193 C

185 3192 388 3262 λέγων,
416 3190 529 3245 Kal
577 3188 724 3256 Θεὸς
749 3183 829 3260 ἦν
857 3192 890 3244 ό
921 3189 1131 3259 Λόγος,
1184 3188 1468 3259 μονονουχὶ
1508 3190 1777 3256 σαφέστε-

189 3287 468 3360 ρον
508 3284 774 3338 διδάσκων
802 3280 1017 3354 πρῶτον
1071 3282 1169 3352 μὲν
1211 3282 1459 3352 ἡγεῖσθαι
1510 3281 1645 3335 Θεὸν
1690 3281 1781 3334 τὸν

189 3378 451 3433 ὶπέκεινα
496 3378 606 3431 τῶν
635 3376 791 3441 ὅλων,
836 3375 998 3429 αὑτὸν
1027 3373 1119 3428 τὸν
1158 3373 1252 3427 τοῦ
1309 3373 1483 3441 Λόγου
1531 3374 1779 3445 Πατέρα,

190 3471 334 3543 πρὸς
368 3470 427 3524 δν
460 3466 530 3543 ἦν
565 3472 594 3523 ό
622 3469 813 3537 Λόγος,
860 3467 1051 3522 ἔπειτα
1082 3466 1197 3536 μετ’
1234 3465 1396 3519 αὑτὸν
1433 3466 1509 3538 μὴ
1543 3467 1779 3534 ἀγνοεῖν,

189 3563 273 3628 ὡς
300 3563 394 3618 καὶ
426 3564 455 3616 ὁ
488 3562 660 3627 Λόγος
688 3560 853 3615 αὑτοῦ
893 3558 922 3612 ὸ
958 3556 1251 3629 μονογενὴς
1284 3557 1429 3622 Υἱὸς,
1468 3557 1590 3628 οὐχὶ
1621 3557 1785 3622 αὐτὸς

188 3651 266 3728 ἦν
296 3658 324 3710 ό
348 3654 441 3708 ἰπὶ
480 3654 699 3708 πάντων
730 3650 883 3715 Θεὸς,
910 3651 1025 3705 ἀλλ’
1059 3650 1140 3704 ὅτι
1173 3651 1267 3704 καὶ
1312 3649 1479 3713 αὐτὸς
1516 3648 1651 3713 Θεὸς
1691 3644 1781 3721 ἦν.

204 3746 270 3801 '0
296 3745 405 3819 γὰρ
437 3765 457 3799 ε
484 3745 578 3801 καὶ
607 3763 627 3797 ι
667 3743 963 3815 σύνδεσμος
1000 3741 1080 3813 τῷ
1132 3742 1308 3813 Πατρὶ
1364 3740 1627 3795 συνάπτει
1684 3741 1785 3813 τὴν

192 3836 425 3910 θεότητα
449 3835 542 3891 τοῦ
595 3834 748 3889 Υίοῦ.
799 3833 891 3887 Διό
938 3850 1091 3906 φησι,
1125 3833 1235 3889 Kal
1256 3836 1289 3887 ό
1325 3831 1469 3897 Θεὸς
1491 3827 1573 3902 ἦν
1606 3834 1639 3885 ό
1671 3831 1757 3886 Ad
1766 3861 1783 3872 -

190 3945 325 4000 γος,
377 3928 444 3982 ἵν’
505 3926 705 3997 ἴδωμεν
746 3926 880 3980 Θεὸν
919 3926 1010 3979 τὸν
1041 3925 1136 3978 ἐπὶ
1168 3924 1404 3987 πάντων,
1450 3923 1586 3993 πρὸς
1629 3922 1687 3975 δν
1717 3917 1786 3995 ἦν

190 4022 229 4077 ὁ
252 4022 455 4091 Λόγος,
506 4020 596 4074 καὶ
626 4018 759 4073 Θεὸν
801 4019 964 4073 αὐτὸν
1000 4018 1091 4073 τὸν
1124 4017 1319 4085 Λόγον.
1364 4017 1562 4069 ’Λκουε
1600 4014 1677 4079 ὡς
1709 4017 1787 4069 εί-

195 4112 335 4169 aha
378 4112 473 4167 τοῦ
524 4111 684 4177 Θεοῦ,
728 4110 825 4165 καὶ
857 4109 1041 4164 εἰκόνα
1076 4108 1186 4181 (62)
1219 4109 1319 4179 οὐχ
1359 4107 1435 4171 ὡς
1486 4108 1546 4161 ὲν
1592 4106 1788 4179 ἀψύχῳ

198 4203 326 4277 ὕλῃ,
370 4204 486 4259 ἀλλ’
507 4202 583 4269 ὡς
622 4204 682 4257 ὲν
710 4199 826 4273 Υίῷ
859 4200 1053 4267 ζῶντι,
1103 4199 1200 4255 καὶ
1244 4198 1616 4271 ἀκριδέστατα
1648 4198 1786 4270 πρὸς

194 4295 300 4369 τὴν
326 4295 631 4369 ἀρχέτυπον
668 4292 896 4365 θεότητα
925 4290 1021 4346 τοῦ
1071 4289 1286 4363 Πατρὸς
1328 4287 1783 4360 ἀφωμοιωμένον.

213 4386 371 4441 Ἐπεὶ
407 4386 466 4439 δὲ
492 4385 572 4457 τῷ
613 4384 937 4456 ἀνθρωπίνῳ
984 4380 1128 4453 λόγῳ
1176 4380 1268 4433 τὸν
1292 4378 1389 4433 τοῦ
1431 4380 1566 4435 Θεοῦ
1600 4397 1784 4453 παρα-

1878 1925 2040 1981 quam
2070 1913 2336 1982 quomodo
2362 1926 2461 1967 nos
2499 1913 2689 1968 docuit
2730 1913 2845 1984 ipse
2888 1914 3256 1986 evangelista:
3291 1920 3468 1987 quod-

1879 2018 2005 2058 nam
2036 2002 2152 2073 ipse
2188 2002 2421 2059 Verbum
2453 2004 2742 2074 intelligat.
2784 2004 2839 2059 ld
2869 2019 2997 2061 vero
3039 2007 3279 2062 insinuat
3326 2010 3465 2066 satis

1878 2095 2024 2150 clare
2055 2096 2107 2150 in
2136 2095 2206 2151 iis
2233 2110 2355 2165 qua:
2380 2095 2639 2163 adnectit,
2661 2105 2712 2151 et
2744 2095 2885 2152 Deus
2916 2106 3030 2151 erat
3073 2096 3315 2165 Verbum,
3338 2115 3464 2157 cum

1879 2186 2127 2256 proloqui
2178 2187 2479 2256 potuisset,
2516 2196 2573 2242 et
2619 2187 2712 2243 ille
2750 2187 2927 2256 Deus,
2972 2189 3156 2246 addito
3204 2192 3462 2259 articulo,

1879 2288 1997 2332 erat
2031 2276 2264 2332 Verbum
2291 2317 2306 2341 ,
2340 2278 2386 2333 si
2416 2292 2583 2333 unum
2616 2288 2672 2333 et
2714 2279 2965 2333 eumdem
2989 2318 3005 2347 ,
3050 2288 3107 2336 et
3152 2279 3369 2338 Patrem
3411 2294 3467 2339 et

1877 2366 2075 2423 Filium
2119 2369 2463 2439 appellasset,
2493 2369 2539 2424 si
2580 2367 2812 2425 Verbum
2845 2369 2975 2427 illud
2995 2372 3312 2443 opinaretur
3345 2389 3469 2431 esse

1879 2458 2028 2514 illum
2056 2458 2225 2516 Deum
2273 2460 2365 2530 qui
2401 2469 2485 2515 est
2515 2474 2681 2530 super
2712 2461 2917 2517 omnia.
2951 2463 3060 2521 Sed
3086 2481 3192 2520 non
3232 2467 3307 2522 ita
3335 2483 3462 2537 pro-

1879 2551 2090 2609 locutus
2118 2562 2223 2609 est.
2270 2552 2405 2607 Nam
2440 2551 2526 2609 vel
2578 2552 2761 2609 dicere
2807 2555 3062 2625 debebat,
3092 2567 3149 2613 et
3196 2559 3289 2614 Dei
3344 2570 3469 2617 erat

1880 2641 2117 2701 Verbum
2139 2685 2155 2709 ,
2184 2644 2268 2699 vel
2300 2644 2446 2702 Deus
2473 2656 2595 2701 erat
2619 2644 2708 2701 ille
2732 2644 2969 2703 Verbum
2996 2666 3008 2702 :
3040 2648 3255 2721 adjecto
3276 2666 3471 2722 nempe

1880 2740 2135 2804 articulo,
2169 2738 2217 2795 si
2252 2754 2377 2794 cum
2412 2739 2656 2797 Marcelli
2705 2742 2977 2798 sententia
3020 2742 3305 2814 Scriptura
3335 2758 3473 2801 con-

1881 2832 2164 2900 spirasset.
2212 2831 2283 2885 At
2328 2847 2474 2889 nunc
2521 2842 2578 2889 et
2626 2832 2803 2904 ipsum
2837 2830 3077 2889 Verbum
3127 2834 3297 2890 Deum
3346 2852 3473 2895 esse

1882 2921 2163 2984 insinuat,
2196 2922 2453 2978 similiter
2490 2923 2566 2979 illi
2602 2924 2731 2988 Deo,
2778 2925 2918 2993 apud
2961 2939 3123 2995 quem
3160 2937 3299 2983 erat.
3332 2926 3469 2985 Nam

1883 3027 2004 3066 cum
2055 3011 2202 3082 prius
2248 3013 2517 3078 edixerat,
2554 3013 2618 3070 Et
2662 3013 2887 3069 Verbum
2934 3026 3050 3070 ενοι
3099 3024 3239 3086 apud
3274 3018 3468 3088 Deum,

1881 3101 2170 3169 Subinlert,
2203 3114 2251 3157 et
2284 3104 2423 3158 Deus
2454 3117 2568 3160 erat
2608 3104 2834 3161 Verbum
2866 3122 2886 3161 .'
2914 3106 3231 3177 planissime
3259 3126 3358 3168 nos
3386 3113 3471 3167 in-

1884 3190 2148 3260 formans,
2168 3203 2373 3250 tantum
2404 3211 2511 3252 non
2537 3206 2596 3253 ut
2620 3198 2855 3267 primum
2887 3198 3055 3254 Deum
3089 3199 3237 3256 illum
3265 3201 3470 3259 intelli-

1883 3300 2074 3355 gamus
2121 3300 2265 3353 esse,
2318 3289 2409 3358 qui
2458 3299 2542 3343 est
2584 3304 2748 3359 super
2796 3290 3001 3355 omnia,
3048 3291 3222 3361 ipsum
3276 3308 3473 3367 nempe

1886 3377 2047 3431 Verbi
2096 3378 2314 3434 Patrem
2338 3419 2353 3445 ,
2415 3380 2557 3449 apud
2602 3395 2763 3450 quem
2804 3389 2923 3435 erat
2963 3380 3238 3451 Verbum;
3274 3394 3385 3441 tum
3415 3388 3469 3442 in

1884 3467 2157 3531 secundis,
2180 3477 2239 3521 ut
2262 3483 2331 3523 ne
2361 3467 2535 3537 ignari
2562 3469 2755 3534 simus,
2778 3469 2924 3539 quod
2949 3479 3005 3525 et
3031 3471 3272 3530 Verbum
3298 3476 3471 3546 ipsius

1885 3558 2192 3630 nnigenitus
2213 3558 2387 3616 Filius
2408 3575 2516 3616 non
2567 3573 2685 3617 erat
2714 3565 2937 3633 quidem
2966 3564 3061 3621 ille
3092 3581 3258 3637 super
3284 3571 3469 3625 omnia

1892 3650 2035 3706 Deus
2060 3693 2076 3719 ,
2106 3652 2199 3707 sed
2227 3655 2371 3724 quod
2402 3664 2457 3708 et
2483 3656 2596 3724 ipse
2616 3656 2779 3711 etiam
2809 3656 2955 3715 Deus
2979 3668 3132 3725 erat;
3161 3660 3471 3733 coniunctio

1885 3741 2085 3795 etenim
2121 3741 2207 3796 illa
2231 3782 2247 3807 ,
2284 3752 2341 3799 et
2383 3744 2730 3801 divinitatem
2777 3746 2903 3803 Filii
2959 3751 3236 3806 connectit
3272 3751 3420 3806 Patri
3450 3771 3467 3819 ;

1888 3832 2012 3887 inde
2044 3833 2143 3899 ait,
2174 3843 2220 3886 et
2251 3832 2391 3887 Deus
2411 3845 2524 3889 erat
2561 3832 2789 3891 Verbum
2813 3852 2833 3890 :
2858 3847 2916 3892 ut
2945 3838 3116 3896 Deum
3140 3839 3291 3895 illum
3326 3842 3471 3897 scia-

1888 3937 2009 3978 mus
2036 3937 2178 3991 esse,
2206 3923 2299 3992 qui
2330 3932 2417 3979 est
2445 3938 2609 3995 super
2639 3924 2850 3992 omnia,
2880 3927 3021 3997 apud
3047 3942 3212 3997 quem
3241 3938 3295 3982 et
3331 3927 3471 3985 Ver-

1886 4012 2015 4067 bum
2044 4022 2186 4080 erat,
2219 4013 2313 4069 sed
2338 4022 2396 4069 et
2419 4012 2659 4069 Verbum
2684 4029 2900 4087 quoque
2934 4017 3104 4073 Deum
3130 4017 3341 4085 audies,
3362 4018 3473 4075 vei-

1888 4103 1968 4157 uti
2013 4103 2106 4172 qui
2136 4104 2208 4160 sit
2234 4103 2413 4176 imago
2443 4104 2575 4173 Dei,
2606 4119 2713 4161 non
2744 4116 2803 4161 ut
2831 4108 2885 4161 in
2914 4107 3141 4163 materia
3171 4108 3471 4165 inanimata

1887 4195 2297 4265 subsistentem,
2359 4196 2568 4253 sed‘ut
2601 4199 2656 4254 in
2704 4198 2849 4255 Filio
2886 4200 3011 4256 vivo
3045 4202 3137 4271 qui
3170 4215 3336 4271 quam
3368 4218 3470 4258 ex-

1889 4286 2161 4342 actissime
2191 4295 2545 4359 repraesentat
2580 4288 2911 4359 archetypon
2940 4288 3086 4345 illam
3117 4289 3298 4347 Patris
3330 4291 3471 4348 divi-

1890 4378 2139 4433 nitatem.
2187 4377 2455 4446 Quoniam
2500 4394 2635 4436 vero
2662 4379 2837 4436 visum
2880 4379 3138 4437 Marcello
3166 4381 3285 4439 {uit
3311 4382 3471 4456 logon

199 4476 419 4533 ϐάλλειν
463 4476 637 4531 ἐδόκει
686 4466 1013 4548 Μαρκέλλῳ,
1058 4476 1154 4531 καὶ
1201 4476 1352 4547 πόσῳ
1405 4473 1599 4545 βελτίω
1642 4466 1781 4527 εἶναι

1894 4468 2012 4532 Dei,
2045 4481 2233 4525 nostro
2278 4470 2559 4527 hominum
2609 4473 2931 4538 assimilare,
2966 4477 3019 4530 si
3059 4475 3283 4531 omnino
3328 4477 3473 4533 banc

199 4569 469 4641 φήσομεν,
527 4567 699 4623 εικόνι
755 4567 1036 4640 χρώμενον
1100 4566 1181 4639 τῷ
1235 4566 1559 4639 ἀνθρωπίνῳ
1616 4564 1780 4635 λόγῳ,

197 4660 378 4732 τούτῳ
406 4658 604 4732 μᾶλλον
625 4658 932 4731 χρήσασθαι
952 4657 1031 4731 τῷ
1051 4656 1475 4729 παραδείγματι,
1498 4656 1593 4709 καὶ
1617 4654 1785 4723 φάναι

200 4752 299 4809 τοῦ
330 4753 461 4826 παρ’
496 4753 628 4825 ημῖν
655 4751 814 4822 λόγου
857 4750 1069 4824 πατέρα
1109 4745 1248 4805 εἶναι
1283 4749 1377 4802 τὸν
1410 4747 1555 4812 νοῦν,
1598 4747 1785 4820 ἕτερον

199 4846 332 4900 ὅντα
362 4844 514 4916 παρὰ
539 4844 631 4899 τὸν
660 4843 839 4914 λόγον.
868 4842 974 4898 Τὸν
1007 4842 1107 4916 μὲν
1132 4842 1244 4913 γὰρ
1276 4838 1412 4912 (63‘)
1443 4839 1589 4905 νοῦν,
1634 4839 1788 4903 ὅστις

202 4936 339 4993 ποτὶ
369 4936 464 4992 καὶ
488 4938 669 5002 όποτος
698 4934 775 4990 ὢν
800 4935 901 5008 τὴν
929 4934 1114 4990 οὐσίαν
1157 4932 1420 5005 ὑπάρχει,
1466 4931 1643 4995 οὐδεὶς
1672 4927 1789 4983 πώ-

202 5044 341 5084 ποτε
368 5025 669 5100 ἀνθρώπων
690 5026 855 5096 ἔγνω,
891 5025 1144 5099 βασιλεὺς
1169 5025 1214 5079 δ’
1238 5018 1327 5079 οἷα
1354 5025 1411 5078 ιν
1448 5022 1789 5095 ἀπορρήτοις

201 5123 341 5179 εἴσω
373 5123 487 5186 τοῖς
536 5119 703 5175 αὑτοῦ
759 5119 1027 5192 ταμιείοις
1070 5116 1354 5190 ίδρυμὲνος
1402 5115 1473 5171 τὰ
1530 5112 1777 5187 πρακτέα

204 5210 549 5285 βουλεύεται·
589 5212 619 5264 ό
644 5210 689 5264 δ’
711 5208 773 5275 ιε
810 5207 973 5264 αὑτοῦ
1002 5192 1180 5276 λόγος,
1205 5200 1296 5261 οἷα
1321 5203 1526 5277 πατρὸς
1566 5202 1625 5270 ιε
1655 5202 1786 5257 αδύ-

201 5320 316 5359 των
342 5300 529 5375 μυχῶν
555 5298 949 5372 γεγεννημένος
974 5300 1086 5365 τοῖς
1110 5297 1267 5363 me;
1294 5298 1429 5353 πᾶσι
1458 5295 1783 5352 καθίσταται

278 5493 341 5556 »Β
374 5488 473 5546 Ed.
501 5487 704 5587 Euris"
728 5499 851 5558 pag.
872 5483 997 5549 m,
1024 5483 1140 5541 ηε.

294 5689 408 5762 61‘)
442 5688 615 5762 Vulso
645 5684 883 5762 ρῡτωίξ

296 5752 401 5835 δυ’
419 5760 531 5819 Kal
550 5752 739 5812 ἱίκόνα
762 5757 886 5812 add.
910 5753 1091 5821 codd.;
1119 5752 1257 5810 intra
1282 5753 1440 5826 vulgo
1466 5752 1710 5825 βελτίων.

576 5858 848 5919 Panos.
880 5853 1000 5917 Gtt.
1043 5852 1271 5917 XXIV.

1892 4562 2154 4617 adbibere
2185 4562 2401 4619 volebat
2426 4565 2840 4623 similitudinem
2862 4606 2879 4633 ,
2927 4578 3133 4638 quanto
3164 4569 3368 4626 rectius
3401 4570 3472 4634 is,

1892 4653 1959 4707 ad
2013 4653 2158 4709 hunc
2204 4656 2423 4710 modum
2469 4656 2803 4727 protulisset,
2835 4667 2895 4713 ut
2933 4660 3159 4728 diceret,
3198 4667 3259 4727 Ψ
3300 4662 3473 4718 nostri

1892 4742 1999 4815 logi
2027 4754 2308 4815 parentem
2338 4760 2459 4800 esse
2503 4757 2739 4803 mentem
2760 4788 2777 4815 ,
2805 4764 2926 4820 qua
2968 4749 3241 4807 diversum
3272 4752 3402 4822 quid
3438 4766 3473 4807 a

1890 4834 2011 4905 lego
2038 4836 2272 4892 exsistit.
2302 4834 2533 4892 Mentem
2564 4838 2709 4893 enim
2738 4854 2901 4896 nemo
2934 4842 3155 4911 quidem
3192 4843 3469 4900 hominum

1890 4930 2044 4986 novit
2089 4944 2211 4999 qua
2249 4928 2351 4997 sit,
2398 4930 2615 4999 qualive
2665 4934 2888 5001 pradita
2934 4935 3006 4990 sit
3056 4936 3331 4993 essentia:
3376 4937 3469 4993 sed

1892 5020 2058 5077 veluti
2090 5020 2312 5091 quidam
2343 5036 2461 5089 rex,
2480 5021 2625 5077 intus
2656 5032 2710 5078 et
2739 5023 2792 5078 in
2826 5024 3054 5080 secretis
3081 5026 3195 5082 suis
3222 5039 3472 5098 recepta-

1892 5114 2029 5170 culis
2072 5114 2341 5181 residens,
2375 5114 2441 5170 de
2486 5115 2648 5171 rebus
2674 5117 2897 5187 agendis
2945 5118 3174 5188 despicit
3210 5131 3267 5174 et
3293 5119 3474 5174 deter-

1891 5204 2104 5260 minat:
2155 5203 2323 5274 ipsius
2362 5214 2541 5260 autem
2576 5204 2762 5276 logos,
2789 5220 2859 5262 ea
2905 5220 2973 5265 eo
3008 5208 3309 5279 procedens
3353 5218 3473 5262 tan-

1884 5309 2051 5367 quam
2081 5308 2115 5351 a
2144 5295 2394 5367 genitore
2433 5298 2750 5371 progenitus
2769 5338 2787 5367 ,
2820 5298 2876 5356 in
2918 5299 3279 5359 abditissimis
3308 5313 3475 5357 uene-

1972 5676 2105 5751 ων)
2130 5676 2302 5751 Vulgo
2332 5694 2441 5739 om.
2460 5681 2585 5751 γάρ,
