4068 6316
127 373 230 432 9H

1058 372 1148 430 DE
1174 369 1720 431 ECCLESIASTICA
1773 369 2172 429 THEOLOGIA
2219 369 2351 426 LIB.
2393 368 2452 426 ll.

3312 373 3419 431 9η

127 491 227 545 καὶ
260 492 585 562 ἀναγκαίως
625 488 1147 564 ὲπισημαινομένης,
1187 492 1353 558 ὡς’ὲν
1397 493 1574 548 οὐδενὶ
1613 490 1699 545 τῶι

1829 490 2210 559 prophetarum
2267 492 2584 557 exsistebat,
2617 491 2758 560 quod
2804 490 2871 546 ad
2905 490 3197 562 quemlibet
3228 507 3416 550 COrutn

124 580 440 657 προφητῶν
464 582 561 657 ἦν,
587 585 720 639 ἀλλὰ
745 585 866 640 καθ’
893 585 1122 641 ἕκαστον
1144 586 1416 658 ἐγίγνετο
1442 585 1553 658 (70)
1585 586 1721 657 πρὸς

123 673 187 730 δν
220 680 256 750 ἡ
297 679 539 733 ἑκάστου
575 677 836 750 δύναμις,
873 679 959 733 οἶα
1005 697 1064 733 τε
1103 675 1172 752 ἦν
1229 681 1450 752 χωρεῖν,
1484 678 1723 754 προσιὼν

122 772 267 843 αὐτῇ
311 772 413 826 καὶ
443 774 506 842 τῇ
556 771 786 826 ἑκάστου
821 771 966 844 ψυχῇ
1006 773 1067 826 τὺ
1096 772 1431 845 κατάλληλον
1463 769 1720 845 παρέχων

120 859 184 924 ἐξ
217 861 391 914 αὐτοῦ
425 861 640 932 πνεῦμα
667 864 760 916 καὶ
788 863 980 935 νοερὰν
1008 861 1230 929 εἰκότως
1258 861 1351 920 ἐπὶ
1386 865 1481 919 τοῦ
1517 867 1720 938 παρόν-

117 967 213 1014 τος
242 952 273 1004 ό
312 951 746 1026 εὐαγγελιστὴς,
799 955 894 1008 τοῦ
934 952 1109 1026 Λόγου
1174 957 1382 1028 μέλλων
1432 959 1719 1029 εὐαγγελι-

118 1040 314 1107 ζεσθαι
374 1046 708 1117 οἰκονομίαν,
761 1045 861 1101 οὐκ
916 1047 993 1101 ἔθ’
1039 1050 1242 1122 ὁμοίως
1300 1054 1413 1116 τοῖς
1469 1048 1720 1118 παλαιοῖς

118 1139 414 1207 γεγονέναι
473 1141 633 1195 αὐτὸν
695 1141 881 1214 ἕτερόν
931 1140 1046 1212 (71)
1107 1161 1230 1198 τινα
1285 1144 1554 1210 διδάσκει,
1603 1145 1718 1200 ἀλλ’

117 1227 288 1282 αὑτὸν
341 1229 526 1302 σάρκα
563 1231 908 1304 ἀνειληφέναι
947 1234 1042 1288 καὶ
1072 1234 1359 1307 ἄνθρωπον
1403 1237 1713 1304 γεγονέναι·

120 1313 222 1372 εἶτ’
246 1321 444 1392 ἐπειδὴ
477 1322 574 1394 τὴν
614 1323 694 1387 εις
734 1321 1053 1396 ἀνθρώπους
1096 1325 1262 1379 αὐτοῦ
1303 1325 1570 1399 σωτήριον
1607 1331 1718 1391 τοῖς

119 1412 290 1464 πᾶσιν
327 1412 565 1484 πάροδον
599 1415 888 1485 κηρύττειν
918 1414 1166 1486 ἔμελλεν,
1205 1417 1333 1488 ἑξῆς
1371 1414 1563 1487 λέγων,
1603 1416 1715 1472 Καὶ

119 1502 156 1554 ὁ
195 1503 397 1571 Λότος
432 1504 588 1574 σὰρξ
617 1505 871 1575 ἐγένετο,
901 1508 997 1562 καὶ
1042 1507 1400 1574 ἐσκήνωσεν
1440 1510 1509 1562 ἐν
1548 1510 1712 1579 ἡμῖν,

118 1593 445 1662 ἀναγκαίως
479 1598 572 1650 ἐπὶ
607 1597 704 1669 τὴν
756 1600 930 1672 ἀρχὴν
957 1596 1266 1674 ἀνατρέχει,
1311 1601 1402 1654 τὸν
1439 1601 1566 1673 χθὲς
1617 1603 1712 1656 καὶ

119 1683 316 1756 πρώην
356 1687 718 1769 σαρκωθέντα
763 1691 936 1760 Λόγον
979 1693 1064 1755 τίς
1109 1711 1241 1747 ποτε
1285 1688 1354 1765 ἦν
1403 1696 1498 1748 καὶ
1530 1697 1713 1760 ὁποῖος

116 1775 370 1841 δεικνύς
420 1778 659 1848 θεολογεῖ
685 1798 744 1834 τε
783 1783 967 1847 αὑτὸν,
1004 1781 1139 1856 ὁμοῦ
1176 1785 1274 1857 τὴν
1317 1785 1518 1856 γνῶσιν
1549 1787 1711 1841 αὑτοῦ

118 1871 214 1923 καὶ⁴
246 1870 350 1941 τὴν
385 1875 468 1935 εις
496 1871 816 1946 ἀνθρώπους
846 1875 1165 1947 θεοφάνειαν
1204 1879 1707 1952 εὐαγγελιζόμενος,

117 1956 241 2026 εἷθ’,
271 1962 350 2026 ὡς
389 1964 500 2020 τῶν
527 1966 793 2031 παλαιῶν,
831 1969 894 2020 ὲκ
933 1965 1041 2022 τῶν
1074 1967 1234 2026 θείων
1266 1973 1710 2044 ἀναγνωσμάτων

119 2054 634 2127 προμεμαθηκότων
659 2059 750 2113 τὸν
779 2061 862 2129 ἐφ’
886 2061 1100 2134 ἑκάστῳ
1133 2064 1389 2138 προφήτῃ
1416 2060 1708 2136 γενόμενον

116 2144 316 2213 Λόγον,
365 2148 533 2213 αὐτὸς
575 2149 674 2223 τὴν
725 2151 1003 2223 θειοτέραν
1054 2155 1147 2208 καὶ
1206 2155 1480 2228 ἐξαίρετον
1533 2157 1709 2229 ἀρχὴν

115 2235 284 2290 αὑτοῦ
354 2239 651 2310 κηρύττει,
711 2241 775 2313 ἢν
823 2242 999 2308 οὐδεὶς
1049 2246 1344 2316 προφητῶν
1401 2242 1706 2318 ἀνθρώποις

114 2329 344 2400 γυμνῶς
400 2331 541 2386 οὕτω
618 2335 712 2388 καὶ
771 2337 1252 2409 ἀπαρακαλύπτως
1312 2339 1557 2410 ἐξέφηνε.
1615 2337 1706 2394 Διό

117 2426 337 2498 μεγάλῃ
378 2430 530 2499 φωνῇ
561 2431 672 2493 τοῖς
699 2430 832 2484 πᾶσι
860 2426 919 2483 τὸ
947 2429 1165 2503 λεληθὸς
1195 2430 1287 2485 καὶ
1320 2431 1548 2505 κρύφιον
1576 2434 1705 2505 περὶ

112 2515 209 2570 τοῦ
250 2519 430 2587 Λόγου
483 2523 778 2593 μυστήριον
827 2522 1155 2595 παραδιδοὺς
1205 2525 1333 2580 ἐϐόα
1377 2523 1568 2596 λέγων·
1610 2525 1705 2580 Ἐν

112 2606 277 2676 ἀρχῇ
335 2605 420 2680 ἦν
462 2614 496 2665 ό
541 2613 759 2683 Λόγος,
813 2616 912 2669 καὶ
947 2619 980 2669 ὁ
1030 2617 1222 2687 Λόγος
1270 2613 1348 2689 ἦν
1394 2619 1545 2688 πρὸς
1595 2620 1703 2674 τὸν

116 2694 286 2760 Θεὸν,
334 2699 434 2753 καὶ
483 2700 626 2766 Θεὸς
672 2697 752 2771 ἦν
791 2705 823 2756 ὀ
860 2703 1072 2773 Λόγος.
1131 2703 1334 2759 Πάντα
1395 2705 1472 2759 δι’
1513 2705 1701 2761 αὐτοῦ

112 2785 378 2856 ἐγένετο,
419 2791 517 2845 καὶ
561 2793 739 2862 χωρὶς
787 2795 972 2849 αὑτοῦ
1031 2795 1267 2866 ἐγένετο
1322 2798 1464 2853 οὐδὲ
1506 2798 1592 2853 ἐν.
1637 2801 1699 2852 Εἰ

113 2877 221 2952 γὰρ
254 2883 410 2953 παρά
436 2883 540 2936 τῶν
570 2885 848 2958 προτέρων
879 2887 1039 2942 θείων
1074 2889 1302 2962 Γραφῶν
1333 2891 1700 2960 παιδαγωγοῦ-

116 2985 266 3037 μενοι
296 2973 487 3040 πάλαι,
512 2977 777 3047 πρότερον
805 2981 1177 3050 μεμαθήκατε,
1197 2982 1380 3051 φησὶν,
1401 2985 1481 3036 ὅτι
1510 2985 1699 3054 Λόγος

113 3060 339 3128 Κυρίου
368 3065 603 3134 ἐγένετο
647 3068 783 3139 πρὸς
813 3069 962 3123 τόνδε
991 3069 1081 3123 τὸν
1123 3072 1405 3143 προφήτην
1456 3073 1567 3144 (72)
1607 3075 1697 3127 καὶ

1825 583 2026 652 factum
2052 594 2151 648 est,
2180 592 2239 638 ut
2265 584 2529 654 cujusque
2565 583 2682 654 ejus
2709 599 2879 655 capax
2907 594 3024 640 erat
3058 596 3323 656 potestas,
3358 600 3409 642 et

1824 673 2106 742 cujuslibet
2148 676 2344 730 anim
2394 675 2735 746 suggerebat,
2785 677 2854 733 de
2901 692 3001 734 suo
3055 678 3248 747 spiritu
3277 693 3409 733 cono

1826 767 2152 822 venienter:
2202 778 2262 824 ut
2314 770 2386 823 ita
2434 783 2539 823 non
2591 769 2892 840 incongrue
2939 771 3029 828 hic
3075 771 3414 843 evangelista

1824 859 2042 923 dixerit,
2066 858 2155 914 ubi
2186 858 2348 916 Verbi
2382 859 2525 915 illius
2550 862 2909 916 oeconomiam
2933 872 3054 919 erat
3089 864 3415 928 traditurus,

1824 965 1930 1004 non
1980 953 2206 1020 perinde
2254 953 2564 1008 ordinatum
2621 952 2771 1008 illum
2823 970 3005 1021 nunc,
3055 963 3221 1026 atque
3277 955 3410 1010 olim

1822 1043 1961 1111 apud
1995 1043 2248 1113 antiquos
2280 1043 2418 1108 illos,
2451 1045 2544 1099 sed
2591 1059 2778 1101 nostro
2820 1045 3054 1115 quodam
3106 1057 3161 1101 et
3193 1046 3413 1102 diverso

1822 1132 2004 1197 modo,
2027 1148 2219 1203 nempe
2247 1149 2411 1190 carne
2437 1145 2744 1206 assumpta,
2765 1135 2987 1193 homine
3011 1135 3187 1204 facto;
3215 1137 3413 1193 deinde

1819 1225 1962 1295 quod
2003 1227 2384 1284 enuntiaturus
2433 1241 2555 1284 erat
2603 1229 2656 1283 in
2706 1230 3066 1300 sequentibus
3109 1229 3408 1286 salutarem

1811 1316 1989 1391 ipsius
2049 1316 2116 1372 ad
2163 1319 2412 1374 homines
2443 1320 2734 1375 adventum
2757 1359 2772 1385 ,
2809 1321 2895 1376 ubi
2933 1321 3040 1388 ait,
3074 1320 3146 1374 Et
3181 1320 3410 1376 Verbum

1817 1421 1941 1461 caro
1981 1407 2178 1475 factum
2230 1420 2328 1474 est,
2364 1421 2410 1464 et
2454 1411 2715 1464 habitavit
2758 1411 2816 1467 in
2858 1412 3007 1467 nobis
3034 1410 3100 1480 “,
3145 1413 3268 1469 ideo
3298 1427 3408 1467 non

1817 1499 2111 1570 incongrue
2158 1501 2211 1555 in
2263 1502 2532 1572 principio
2585 1505 2822 1560 recurrit
2865 1505 2932 1559 ad
2983 1503 3245 1572 Verbum,
3279 1514 3410 1561 tunc

1817 1605 1988 1660 nuper
2038 1592 2397 1660 incarnatum,
2443 1596 2588 1665 quod
2636 1605 2692 1652 et
2744 1596 2905 1667 quale
2956 1595 3137 1652 fuerat
3181 1599 3409 1653 demon-

1817 1683 2082 1740 strando:
2119 1684 2228 1740 Deo
2275 1685 2407 1741 illud
2439 1688 2692 1755 ascribit,
2725 1689 3058 1745 annuntians
3100 1689 3259 1746 simul
3289 1688 3408 1759 ejus

1817 1774 2094 1838 deitatem,
2121 1786 2178 1832 et
2206 1777 2274 1832 ad
2301 1777 2549 1835 homines
2570 1779 2863 1836 adventum
2893 1797 2910 1848 ;
2933 1789 3047 1836 tum
3074 1781 3239 1836 etiam
3259 1781 3404 1850 quod

1744 1843 1789 1901 Β
1815 1881 1934 1920 cum
1993 1878 2202 1924 veteres
2234 1869 2526 1926 electione
2567 1871 2977 1943 Scripturarum
3022 1873 3149 1928 olim
3188 1872 3404 1928 didice-

1813 1965 1936 2012 rant
2016 1959 2212 2028 cuique
2263 1963 2540 2032 prophetae
2587 1964 2832 2020 Verbum
2911 1964 3401 2035 superadvenisse,

1810 2049 1926 2120 ipse
1956 2051 2190 2106 divinius
2217 2054 2489 2123 quoddam
2515 2065 2571 2111 et
2615 2056 2976 2112 excellentius
3019 2057 3162 2112 illius
3189 2057 3400 2126 princi-

1811 2141 1956 2210 pium
1986 2153 2204 2198 enarret
2238 2162 2252 2199 :
2298 2145 2444 2215 quod
2494 2145 2677 2202 nullus
2727 2161 2966 2217 unquam
3005 2146 3398 2217 prophetarum

1810 2241 1918 2286 tam
1966 2243 2153 2304 aperte
2204 2243 2260 2291 et
2312 2236 2461 2292 clare
2509 2239 2836 2294 enuntiavit.
2885 2237 3156 2305 Quocirca
3217 2238 3396 2292 latens

1809 2325 1935 2379 illud
1974 2336 2028 2382 et
2087 2328 2361 2383 occultum
2407 2330 2473 2384 de
2495 2329 2675 2387 Verbo
2709 2332 3029 2404 mysterium
3077 2346 3201 2386 cum
3234 2329 3398 2385 vellet

1809 2417 2021 2473 tradere
2045 2461 2058 2485 ,
2095 2418 2192 2487 ait,
2243 2419 2310 2474 In
2348 2420 2606 2492 principio
2636 2431 2750 2476 erat
2791 2420 3040 2486 Verbum,
3073 2429 3122 2474 et
3165 2416 3394 2473 Verbum

1805 2521 1915 2564 erat
1946 2512 2086 2580 apud
2129 2511 2315 2581 Deum,
2354 2523 2403 2570 et
2449 2515 2588 2570 Deus
2634 2526 2746 2570 eral
2779 2514 3028 2569 Verbum.
3074 2513 3265 2570 Omnia
3300 2526 3396 2580 per

1804 2602 1978 2671 ipsum
2023 2604 2168 2674 facta
2195 2615 2338 2672 sunt,
2371 2617 2418 2661 et
2459 2608 2570 2662 sine
2599 2607 2710 2675 ipso
2742 2606 2942 2677 factum
2970 2616 3043 2660 cst
3073 2603 3224 2658 nihil.
3254 2602 3393 2657 Nam

1807 2695 1874 2762 si,
1907 2695 2102 2765 inquit,
2137 2697 2206 2752 ab
2237 2699 2634 2770 antiquissimis
2684 2699 2813 2755 olim
2867 2697 3168 2768 Scripturis
3227 2693 3392 2750 insti-

1807 2787 1925 2853 tuti,
1957 2788 2086 2843 illud
2123 2789 2413 2860 aliquando
2440 2790 2615 2847 edocti
2644 2789 2954 2860 accepistis,
2974 2786 3119 2857 quod
3160 2784 3393 2841 Verbum

1804 2879 2017 2935 Domini
2042 2881 2239 2951 factum
2267 2884 2337 2939 sit
2356 2884 2420 2937 ad
2447 2885 2592 2938 hunc
2644 2884 2993 2954 prophetam,
3017 2891 3074 2939 et
3102 2881 3168 2936 ad
3199 2879 3390 2943 alium,

1802 2983 1964 3039 atque
2001 2971 2073 3024 ita
2102 2972 2356 3043 deinceps
2390 2974 2456 3027 ad
2489 2973 2652 3027 alium
2681 2990 2695 3038 ;
2748 2985 2803 3028 at
2834 2989 2978 3029 nunc
3010 2974 3252 3039 tandem,
3283 2987 3388 3025 non

1802 3063 2254 3130 quemadmodum
2311 3065 2510 3134 factum
2566 3076 2650 3120 est
2679 3065 2916 3121 Verbum
2972 3065 3231 3129 Domini,
3290 3065 3388 3120 sed

111 3151 252 3220 πρὸς
277 3154 465 3226 ἕτερον
496 3157 658 3210 πάλιν
702 3160 905 3230 ὁμοίως
950 3161 1204 3231 ἐγένετο,
1236 3165 1329 3216 καὶ
1368 3160 1520 3227 αὖθις
1560 3164 1696 3236 πρὸς

1802 3156 2255 3224 quemadmodum
2297 3168 2410 3211 erat
2457 3159 2508 3211 in
2563 3158 2874 3227 principio,
2931 3171 3158 3212 necesse
3199 3167 3281 3212 est
3329 3167 3390 3212 ut

111 3240 291 3309 ἄλλον,
324 3246 462 3300 ἀλλά
499 3248 592 3304 νῦν
623 3251 721 3322 οὐχ
747 3253 895 3316 ὅπως
920 3251 1177 3323 ἐγένετο,
1211 3255 1325 3308 ἀλλ’
1350 3257 1496 3321 ὅπως
1533 3253 1612 3328 ἦν
1637 3260 1695 3310 ἐν

1802 3247 2239 3315 evangelizetur:
2272 3260 2326 3305 et
2374 3251 2649 3320 quomodo
2697 3250 2837 3304 Deus
2881 3261 3034 3314 erat,
3072 3259 3126 3304 et
3151 3250 3389 3320 qualiter

109 3333 273 3408 ἀρχῇ,
305 3342 422 3404 τοῖς
453 3344 618 3397 πᾶσιν
647 3345 941 3411 ἀναγκαῖον
974 3347 1460 3416 εὐαγγελίσασθαγ
1498 3350 1592 3403 καὶ
1620 3351 1694 3413 ὼς

112 3425 256 3493 Θεὸς
294 3425 394 3500 ἦν,
440 3434 534 3487 καὶ
586 3435 661 3498 ὡς
709 3435 906 3491 πάντα
956 3437 1032 3492 δι’
1075 3440 1261 3494 αὑτοῦ
1299 3442 1556 3510 ἐγένετο,
1598 3443 1695 3496 καῖ⁹

109 3515 184 3579 ὡς
230 3520 394 3587 αὐτὸς
450 3525 657 3590 ἐκεῖνος
693 3529 720 3580 ὁ
774 3528 916 3594 Θεὸς
942 3530 1146 3599 Λόγος,
1195 3532 1260 3584 δι’
1310 3528 1370 3586 οὖ
1408 3534 1475 3586 τὰ
1516 3535 1692 3589 πάντα

108 3608 487 3685 φιλανθρωπίᾳ
515 3617 608 3670 τοῦ
648 3619 858 3690 Πατρὸς
922 3621 1078 3692 σὰρξ
1109 3624 1345 3692 ἐγένετο,
1391 3626 1485 3678 καὶ
1523 3627 1690 3698 ὲσκή-

107 3712 275 3753 νωσεν
318 3705 376 3759 έν
409 3708 558 3776 ἡμῖν.
601 3709 762 3762 Ταῦτ’
814 3711 1197 3783 εὐηγγελίζετο
1247 3717 1498 3788 Ἰωάννης
1531 3719 1558 3770 ὁ
1591 3718 1689 3789 μέ·-

107 3804 208 3856 γας
256 3795 351 3848 τοῦ
400 3799 633 3868 Χριστοῦ
685 3805 929 3877 μαθητὴς
968 3808 1061 3859 καὶ
1096 3809 1426 3874 ἀπόστολος,
1478 3811 1546 3863 τὰ
1592 3812 1690 3866 νέα

106 3880 198 3934 καὶ
231 3887 395 3941 καινὰ
432 3890 524 3942 τοῦ
577 3895 825 3965 Σωτῆρος
868 3898 1135 3951 παιδεύων
1184 3901 1429 3965 ἅπαντας
1478 3904 1689 3975 ἀνθρώ-

108 3989 238 4037 πὈυς
281 3982 584 4052 μυστήρια,
630 3985 725 4055 οὐχ
765 3989 846 4040 ὅτι
880 3988 1095 4057 λογικὸς
1125 3986 1192 4063 ἦν
1221 3994 1249 4044 ὁ
1288 3993 1442 4058 Θεὸς,
1468 3995 1576 4047 οὐδ’
1605 3997 1685 4049 ὅτι

104 4064 265 4131 αὐτὸς
297 4071 436 4142 πρὸς
459 4074 646 4128 ἑαυτὸν
674 4076 942 4142 διενοεῖτο,
973 4084 1065 4134 καὶ
1088 4083 1264 4153 ἐαυτῷ
1291 4086 1682 4157 προδιελέγετο,

105 4156 455 4232 Ποιήσωμεν
518 4165 850 4235 ἄνθρωπον,
905 4173 1117 4242 λέγων’
1177 4176 1286 4229 οὐδ’
1336 4156 1436 4231 Ῠότι
1506 4180 1686 4248 λόγοις

104 4251 364 4324 κέχρηται
387 4265 496 4325 τοῖς
525 4265 631 4318 τῶν
663 4270 949 4337 πρακτέων
995 4270 1470 4340 παραγγελτικοῖς.
1498 4272 1682 4325 Ταῦτα

104 4342 208 4414 γὰρ
239 4349 350 4421 (75)
383 4356 489 4416 πᾶς
513 4356 841 4428 ἀρνούμενος
875 4361 966 4414 τὸν
996 4362 1120 4414 Υἱὸν
1147 4362 1240 4415 τοῦ
1265 4363 1398 4416 Θεοῦ
1422 4366 1561 4417 εἴποι
1592 4365 1679 4428 ἂν,

102 4433 129 4529 ξ
169 4437 240 4529 Δδὴ
274 4445 370 4497 καὶ
428 4448 741 4520 Μάρκελλος
790 4454 980 4516 ποιῶν,
1028 4455 1103 4518 ὡς
1148 4456 1239 4508 ἐπὶ
1294 4460 1681 4529 κρησφύγητον

1797 3340 1973 3391 omnia
2002 3355 2094 3404 per
2119 3340 2268 3394 illum
2297 3340 2442 3412 facta
2469 3347 2612 3404 sunt,
2661 3351 2714 3396 et
2741 3341 2884 3410 quod
2917 3342 3030 3411 ipse
3061 3341 3222 3404 Deus,
3255 3339 3386 3396 Ver-

1795 3429 1919 3486 bum
1957 3433 2106 3499 illud,
2136 3450 2231 3504 per
2261 3449 2420 3503 quem
2468 3435 2651 3490 omnia
2708 3436 2848 3490 facta
2899 3445 3048 3500 sunt,
3089 3450 3121 3490 e
3155 3445 3382 3504 paterna

1795 3522 2168 3577 misericordia
2207 3541 2330 3578 caro
2367 3524 2510 3580 facta
2543 3527 2643 3590 sit,
2682 3535 2737 3580 et
2782 3525 2834 3579 in
2880 3526 3033 3578 nobis
3086 3523 3380 3579 habitavit.

1798 3620 1855 3678 ᾖ
1891 3615 2015 3668 Hau:
2046 3613 2280 3670 Joannes
2326 3615 2416 3670 ille
2457 3631 2685 3686 magnus
2733 3616 2936 3671 Christi
2979 3614 3278 3684 discipulus
3325 3626 3384 3669 et

1794 3705 2071 3772 apostolus
2116 3705 2544 3775 evangelizavit:
2595 3721 2783 3762 omnes
2835 3707 3053 3776 quidem
3131 3706 3383 3761 homines

1790 3797 2025 3851 edocens
2061 3812 2196 3852 nova
2228 3809 2282 3852 et
2327 3814 2528 3868 nupera
2580 3799 2890 3854 Servatoris
2933 3799 3230 3868 mysteria,
3266 3813 3371 3853 non

1789 3887 1930 3957 quod
1965 3899 2084 3943 erat
2111 3889 2251 3944 Deus
2301 3892 2513 3945 ratione
2568 3892 2869 3960 praeditus,
2904 3907 3010 3945 non
3061 3890 3206 3959 quod
3251 3889 3371 3958 ipse

1789 3981 1927 4048 apud
1982 3997 2039 4036 se
2082 3984 2340 4053 cogitavit
2389 3993 2443 4038 et
2475 3998 2659 4038 secum
2693 3983 2994 4039 collocutus
3043 3984 3137 4047 sit,
3167 3980 3371 4034 Facia-

1788 4091 1902 4128 mus
1938 4077 2204 4129 hominem
2226 4116 2239 4140 ,
2278 4077 2528 4146 inquiens
2554 4117 2568 4140 ,
2603 4091 2703 4131 nec
2736 4082 2880 4146 quod
2913 4074 3094 4130 verbis
3143 4076 3215 4127 sit
3246 4089 3377 4128 usus

1788 4183 1965 4221 rerum
1998 4169 2357 4237 gerendarum
2394 4169 2792 4225 admonitoriis.
2837 4168 2942 4223 Ista
2984 4168 3127 4223 enim
3172 4167 3371 4236 quivis,

1786 4261 1875 4327 qui
1911 4258 2000 4313 Dei
2038 4259 2228 4314 Filium
2261 4261 2590 4330 abnegaret,
2635 4262 2817 4316 dicere
2861 4269 3080 4330 posset,
3108 4259 3370 4328 quemad-

1786 4351 2002 4404 modum
2051 4362 2105 4406 et
2153 4352 2442 4408 Marcellus
2484 4352 2907 4422 deprehenditur
2978 4351 3205 4415 fecisse,
3278 4350 3369 4421 qui

1785 4451 2043 4512 tanquam
2071 4444 2135 4498 ad
2163 4443 2429 4513 refugium
2456 4446 2724 4514 quoddam
2759 4459 2817 4499 se
2845 4444 2912 4496 ad
2947 4453 3188 4496 veterem
3221 4440 3373 4496 Scri-

103 4525 189 4618 ξπί
211 4531 307 4603 τὴν
337 4537 574 4593 παλαιὰν
623 4543 952 4612 καταφεύγει
983 4545 1225 4616 Γραφὴν,
1252 4549 1347 4600 καὶ
1383 4548 1452 4601 τά
1483 4550 1679 4618 νηπιάο

1802 4545 1994 4590 ηιμ-οη]
2031 4538 2334 4602 convertit,
2370 4553 2600 4607 quaeque
2649 4537 3015 4590 infantissimo
3056 4535 3366 4590 Judazorum

103 4613 239 4677 ζοντι
271 4626 350 4697 τῷ
385 4629 496 4701 (74)
549 4633 812 4689 Ἰουδαίων
858 4636 971 4707 λαῷ
1004 4613 1132 4708 περὶ
1160 4613 1255 4692 τοῦ
1291 4639 1364 4711 μὴ
1393 4613 1674 4693 εἰδωλολα-

100 4711 262 4775 τρεῖν,
290 4715 384 4769 ἕνα
412 4718 467 4770 δὲ
493 4721 650 4790 μόνον
698 4724 893 4779 εἰδέναι
928 4744 987 4779 τε
1033 4728 1125 4780 καὶ
1158 4728 1335 4781 σέϐειν
1365 4729 1496 4784 Θεὸν
1531 4749 1674 4803 παρ-

100 4803 403 4895 ηῖτξλμένα
459 4814 710 4882 συνάγειν
761 4821 1034 4890 πειρᾶται.
1074 4821 1241 4874 Ἔνθα
1275 4821 1369 4875 καὶ
1409 4823 1674 4895 ηὑρόησεν

1784 4624 1979 4695 p0pulo
2008 4627 2198 4681 tradita
2227 4630 2497 4697 quondam
2544 4627 2794 4691 fuerant,
2833 4629 2899 4682 de
2931 4641 3037 4681 non
3075 4625 3368 4681 adorandi:

1784 4717 1959 4782 idolis,
2005 4719 2100 4772 sed
2137 4720 2226 4773 uni
2279 4719 2388 4774 Deo
2435 4722 2834 4791 cognoscendo,
2883 4719 3276 4786 serviendoque
3309 4718 3364 4772 in

1783 4821 1948 4860 unum
1984 4812 2200 4877 coegit:
2235 4809 2324 4862 ubi
2369 4810 2615 4864 doctrina
2661 4811 2728 4866 de
2778 4810 2889 4865 Deo
2938 4809 3051 4865 solo
3082 4817 3136 4864 et
3167 4824 3274 4862 uno
3313 4808 3362 4864 ei

99 4885 241 4985 «an;
279 4896 310 4964 ή
357 4900 488 4969 περὶ
524 4903 617 4956 τοῦ
659 4906 776 4970 ἐνὸς
818 4885 952 4962 Θεοῦ
1001 4910 1351 4975 διδασκαλία,
1387 4885 1672 4985 χρησίμως

1802 4899 2044 4952 ιιιοοεεεῑι
2067 4899 2300 4964 abunde,
2330 4910 2515 4969 utpote
2544 4917 2666 4971 quae
2712 4903 2922 4958 utiliter
2965 4900 3277 4966 admodum,
3308 4912 3365 4956 et

98 4979 210 5032 τότε
250 4989 343 5040 καὶ
402 4994 544 5047 κατὰ
595 4999 784 5071 καιρὸν
858 5003 1336 5074 εἰδωλολατροῦσιν
1389 4979 1668 5071 *Ἰουδαίοις

1777 4998 2080 5058 opportune
2097 4989 2392 5046 idololatris
2412 4990 2611 5048 Judgeis
2632 4993 2964 5048 tradebatur.
2984 4993 3100 5058 Quo
3124 4994 3211 5048 ille
3241 5007 3361 5047 sese

97 5077 522 5166 ἶνιραδεδομένη.
576 5089 685 5143 Καὶ
739 5092 801 5162 δὴ
853 5094 1085 5148 ἐνταῦθα
1153 5097 1504 5166 καταφυγὼν,
1573 5102 1666 5153 καὶ

1802 5081 2082 5146 ὀηίετευε,
2117 5093 2172 5137 et
2196 5081 2419 5138 Iudaica
2472 5085 2656 5139 cordis
2686 5085 2908 5153 duritia,
2941 5086 3106 5141 veluti
3151 5085 3358 5139 munito

95 5159 274 5263 fwmp
313 5176 370 5226 ὲν
404 5176 719 5250 ὀχυρώματι
753 5159 941 5238 ἑαυτὸν
973 5189 1041 5256 τῇ
1078 5159 1342 5258 Ἰουδαῖκῇ
1385 5159 1663 5263 ’περιφρά-

1769 5175 2004 5243 quodam
2052 5177 2456 5245 propugnaculo
2488 5178 2748 5248 vallatus,
2775 5181 2843 5237 ad
2881 5179 3079 5237 Filium
3125 5181 3220 5236 Dei
3257 5194 3355 5234 ne-

95 5248 185 5348 ξας
243 5248 678 5342 πληροκαρδῖᾳ,
725 5271 824 5342 τὴν
873 5248 1099 5346 ἄρνησιν
1152 5248 1663 5348 προύόάλλετοιῖτοῦ
1770 5264 2000 5336 Bandum
2029 5268 2317 5337 Ρτοθθθδίι·

95 5344 217 5407 Υἱοῦ
252 5361 343 5415 τοῦ
369 5360 527 5415 Θεοῦ.

165 5561 223 5624 ἰ(
253 5560 348 5621 Ed.
386 5565 588 5633 Paris.,
617 5583 739 5641 pag.
767 5572 893 5627 150.
959 5572 1171 5629 “Joan.
1219 5589 1258 5646 ι,
1296 5578 1384 5633 ia.

295 5719 468 5790 Vulgo
499 5723 635 5795 πρὸς
661 5725 705 5786 ὃ,

290 5792 434 5852 Πρὸς
463 5793 648 5852 ἕτερον
691 5797 705 5850 Ι

217 5789 262 5866 ί)
290 5792 434 5866 Πρὸς
463 5789 648 5866 ἑτέρον
691 5797 755 5850 κ.

154 5785 262 5924 8;}
290 5785 434 5866 Ilpr
463 5785 648 5866 ἕτερον
691 5785 755 5850 Β.

242 5858 261 5926 )
290 5861 454 5935 Vulgo
480 5864 629 5919 τόνδε
664 5868 968 5940 προφήτην.

1859 5733 1947 5811 ξὶζιι)
1968 5733 2152 5811 _Vulgo
2181 5751 2286 5811 o_m.
2313 5739 2420 5811 γάρ

1826 5806 1941 5876 (74)
1968 5806 2135 5878 Vulgo
2159 5806 2288 5863 τῶν.
