4068 6316
182 366 304 427 943

1128 364 1217 422 DE
1269 366 1799 424 ECCLESIASTICA
1837 366 2228 425 THEOLOGIA
2266 367 2392 425 LIB.
2433 368 2496 425 ll.

3354 373 3459 435 θισ

192 505 219 541 s
261 502 403 554 σου,
430 488 498 554 ἐξ
521 487 673 556 ὅλης
691 484 803 554 τῆς
857 484 1068 555 ψυχῆς
1092 483 1206 557 (82)
1236 500 1374 549 σου,
1403 484 1504 539 καὶ
1543 484 1612 550 ἐξ
1634 484 1775 553 ὅλης

1891 504 1909 536 ι
1948 484 2093 540 Audi
2122 485 2315 554 Israel,
2348 485 2609 544 Dominus
2642 485 2783 542 Deus
2813 496 3008 555 noster,
3037 486 3179 545 Deus
3203 507 3336 546 unus
3356 504 3454 554 est.

188 600 215 635 ι
253 580 367 651 τῆς
380 583 591 650 ἰσχύος
615 594 751 634 σου.
766 578 929 646 Αὕτη
950 578 1169 647 πρώτη·
1200 576 1302 629 καὶ
1332 575 1583 646 δευτέρα
1605 577 1775 646 ὁμοία

1883 598 1901 632 ι
1947 579 2015 635 Et
2049 580 2235 649 diliges
2262 579 2552 635 Dominum
2576 577 2741 634 Deum
2770 587 2919 632 tuum
2943 594 3010 635 ea:
3032 590 3139 635 toto
3164 582 3321 637 corde
3342 591 3457 649 tuo,

191 694 214 726 ι
252 676 460 742 ταύτῃ·
480 671 826 744 Ἀγαπήσεις
836 670 941 726 τὸν
960 670 1226 739 πλησίον
1254 686 1371 726 σου
1386 670 1466 736 ὡς
1493 670 1773 724 σεαυτόν.

192 784 216 817 ι
258 765 481 828 Malim
520 766 748 820 τούτων
776 764 935 832 ἄλλη
965 761 1186 832 ἐντολὴ
1216 764 1328 816 οὐκ
1360 762 1514 817 ἐστι.
1560 760 1672 815 Kal
1700 756 1778 814 εῐ-

195 876 216 910 s
247 876 350 912 πεν
389 856 535 929 αὐτῷ
568 860 597 913 ὸ
628 856 1009 930 γραμματεύς
1048 855 1279 923 Καλῶς,
1303 854 1657 919 διδάσκαλε,
1682 854 1776 908 ἐπ’

195 968 217 1002 ι
256 952 542 1019 ἀληθείας
591 948 782 1017 εἴπας,
824 952 915 1005 ὅτι
958 944 1046 1017 εἷς
1091 950 1319 1004 ἐστινὸ
1349 948 1495 1016 Θεὸς
1524 947 1623 1003 καὶ
1666 949 1777 1003 οὐκ

196 1062 220 1095 ι
251 1045 385 1100 ἔστι
413 1044 583 1113 πλὴν
612 1044 819 1099 αὑτοῦ.
860 1043 998 1097 Ἀλλ’
1045 1044 1073 1095 ὸ
1118 1042 1217 1114 μὲν
1264 1040 1647 1114 γραμματεὺς,
1689 1039 1779 1095 διὰ

196 1152 219 1186 s
254 1133 351 1188 τοῦ
378 1134 546 1205 νόμου
584 1136 683 1207 τὴν
709 1136 821 1207 (85)
850 1133 1156 1187 θεοσέϐειαν
1184 1132 1560 1205 μεμαθηκέναι
1582 1132 1773 1197 δοκῶν,

196 1248 219 1282 s
255 1228 494 1283 ἐπαινῶν
527 1228 587 1283 τὸ
616 1228 710 1283 τοῦ
739 1228 989 1301 Σωτῆρος
1035 1227 1196 1299 ῥητὸν
1228 1227 1499 1296 φαίνεται,
1545 1228 1774 1289 Ἄκουε,

197 1340 218 1375 ι
256 1319 523 1388 Ἰσραὴλ,
553 1318 743 1388 λέγων,
776 1320 989 1387 Κύριος
1016 1321 1049 1372 ό
1079 1317 1223 1383 Θεὸς
1242 1332 1357 1371 σου
1382 1311 1469 1383 εἷς
1499 1317 1647 1369 ἐστι·
1682 1316 1776 1369 καὶ

196 1430 218 1463 ι
257 1412 407 1482 ὅρκῳ
466 1408 645 1474 καλῶς
679 1408 927 1479 εἰρῆσθαι
983 1408 1390 1478 πιστευόμενος·
1462 1406 1578 1459 Ἐπ’
1625 1408 1777 1475 ἄλη-

199 1523 221 1555 s
263 1504 427 1570 θείας
474 1502 603 1573 γὰρ,
658 1503 844 1573 φησιν,
871 1497 1067 1567 εἴπας,
1095 1500 1183 1554 ὅτι
1211 1495 1499 1566 εἷς.ὲστιν
1531 1503 1563 1553 ὀ
1609 1498 1775 1566 Θεὸς,

198 1616 218 1649 s
266 1596 364 1649 καὶ
387 1596 496 1650 οὐκ
523 1594 693 1649 ἐστιν
720 1595 909 1660 ἄλλος
942 1594 1109 1663 πλὴν
1132 1593 1339 1649 αὑτοῦ.
1375 1595 1439 1647 Οἱ
1479 1594 1536 1647 δὲ
1578 1594 1646 1647 τὰ
1678 1594 1779 1664 τῆς

197 1709 219 1740 ι
264 1688 409 1751 Νέας
435 1686 706 1759 Διαθήκης
740 1687 1029 1757 αὐχοῦντες
1070 1686 1265 1740 ειδέναι
1312 1688 1607 1758 μυστήρια,
1632 1679 1777 1740 οὗτοι

199 1803 219 1836 ι
264 1782 358 1837 καὶ
380 1781 629 1853 δεύτερον
650 1780 1009 1835 ἀναπλάττειν
1025 1780 1156 1834 Θεὸν
1177 1780 1457 1850 βούλονται
1481 1780 1775 1833 ὑποστάσει

196 1893 219 1926 s
258 1875 352 1928 καὶ
394 1874 618 1944 δυνάμει
674 1870 1038 1944 χωριζόμενον
1100 1873 1193 1925 τοῦ
1234 1872 1467 1944 Πατρός.
1506 1891 1524 1924 ι
1556 1871 1776 1936 Τούτοις

190 1962 514 2035 προστίθησι
582 1962 1005 2028 κατασκευάζων
1044 1963 1127 2016 ὅτι
1176 1958 1255 2027 εἷς
1304 1964 1454 2017 ἐστιν
1518 1966 1547 2017 ὸ
1620 1964 1773 2028 Θεὸς,

188 2052 293 2106 καὶ
314 2052 395 2105 ὅτι
424 2052 496 2121 μή
528 2052 673 2104 ἐστιν
706 2051 835 2116 Υἱὸς
866 2052 953 2105 διὰ
978 2054 1203 2107 τούτων.
1248 2073 1266 2104 ‹
1308 2054 1431 2107 Ὅτι
1468 2054 1523 2107 δὲ
1555 2054 1655 2123 τὴν
1681 2072 1777 2125 μο-

193 2161 216 2196 s
255 2142 386 2196 νάδα
414 2142 616 2213 Κύριον
649 2141 743 2195 καὶ
790 2141 922 2194 Θεὸν
967 2136 1075 2195 οἶδε
1104 2142 1287 2196 καλεῖν
1326 2143 1359 2213 ἡ
1402 2142 1521 2195 θεία
1563 2142 1773 2213 Γραφὴ,

192 2254 214 2288 s
257 2235 359 2306 ήδη
388 2235 481 2288 καὶ
531 2237 595 2287 ὲκ
625 2234 733 2288 τῶν
763 2234 1178 2306 προειρημένων
1202 2235 1359 2306 δῆλον
1388 2236 1578 2305 γέγονε
1606 2236 1672 2289 δι’
1700 2230 1775 2290 ὧν

192 2346 215 2379 s
260 2328 395 2398 πρὸς
444 2329 535 2383 τὸν
583 2328 775 2382 ἑαυτοῦ
820 2327 1129 2400 θεράποντα
1169 2328 1373 2383 Μωσέα
1413 2332 1442 2383 ὸ
1490 2329 1620 2394 Θεὸς
1647 2328 1770 2401 ἔφη·

192 2437 215 2472 ι
260 2414 404 2472 Εῐπε
429 2417 497 2471 δὲ
520 2422 551 2471 ὸ
578 2417 722 2485 Θεὸς
754 2418 942 2472 πάλιν
969 2418 1119 2487 πρὸς
1151 2417 1384 2472 Μωσέα·
1411 2418 1609 2484 Οὕτως
1622 2417 1775 2486 ἐρεῖς

191 2531 215 2563 s
255 2510 380 2577 τοῖς
408 2510 558 2576 υιοῖς
590 2508 827 2579 Ἰσραήλ
852 2508 983 2581 (84)’
1022 2511 1236 2577 Κύριος
1270 2512 1303 2564 ὁ
1331 2510 1475 2573 Θεὸς
1512 2508 1627 2563 τῶν
1662 2522 1774 2561 πα-

191 2622 212 2655 s
268 2601 448 2670 τέρων
478 2600 663 2670 ὑμῶν,
699 2604 732 2655 ό
753 2598 897 2667 Θεὸς
936 2600 1181 2669 Ἀϐραὰμ
1209 2598 1308 2653 καὶ
1334 2603 1367 2654 ό
1398 2599 1541 2666 Θεὸς
1579 2600 1773 2655 Ἰσαὰκ

191 2712 214 2745 s
260 2692 359 2747 καὶ
395 2695 429 2747 ὁ
469 2692 611 2759 Θεὸς
652 2690 865 2756 Ἰακὼϐ,
902 2690 1252 2745 ἀπέσταλκε
1272 2708 1347 2760 με
1369 2690 1518 2759 πρὸς
1542 2690 1716 2760 ὑμᾶς.
1750 2710 1769 2742 ι

200 2787 370 2859 Ὁρᾷς
401 2787 567 2849 ὅπως,
601 2784 660 2839 ἐν
696 2784 1003 2848 ἐπιδεικνὺς
1040 2786 1169 2855 ἡμῖν
1201 2784 1433 2837 ἐνταῦθα
1460 2784 1771 2854 πρόσωπον,

182 2879 257 2933 τὸ
299 2878 429 2932 αὐτὸ
484 2878 688 2951 Κύριον
730 2878 825 2931 ual
868 2876 1000 2931 θεὸν
1047 2876 1457 2948 προσαγορεύει.
1506 2873 1673 2941 Αὖθίς
1713 2894 1773 2930 τε

183 2972 392 3044 ὁμοίως
404 2974 438 3044 ἡ
456 2972 647 3045 Γραφὴ
657 2971 825 3041 λέγει’
841 2970 950 3026 Kal
967 2971 1193 3040 ὲλὰλησε
1213 2970 1293 3025 Κύ
1304 2988 1413 3043 ριος
1426 2970 1635 3034 πάντας
1649 2971 1775 3034 τοὺς

1808 1841 1848 1895 Β

1882 691 1900 725 ι
1939 681 1991 726 et
2030 688 2095 727 ex.
2129 682 2240 726 tota
2285 671 2468 726 anima
2509 681 2622 735 tua,
2654 678 2702 725 et
2747 686 2813 725 ex
2842 680 2951 725 tota
2977 679 3147 727 mente
3169 682 3283 738 tua,
3310 683 3362 729 et
3391 690 3459 731 es:

1882 781 1900 813 ι
1943 770 2055 817 tota
2112 764 2303 817 uirtute
2354 771 2471 817 tua.
2532 760 2649 816 Hoc
2694 770 2770 817 est
2822 761 3054 828 primum
3110 770 3162 817 et
3208 780 3459 835 magnum

1882 872 1901 907 ι
1944 855 2276 908 mandatum.
2330 853 2639 910 Secundum
2678 862 2855 907 autem
2882 853 3055 910 simile
3081 865 3159 910 est
3180 855 3279 922 illi,
3310 856 3456 912 Dili-

1882 964 1901 997 ι
1937 962 2025 1017 ges
2049 948 2351 1016 proximum
2373 956 2522 1000 tuum
2573 954 2822 1015 tanquam
2862 946 3106 1014 teipsum.
3139 944 3321 1017 Hujus
3358 949 3456 1003 Ito-

1883 1056 1901 1090 ι
1940 1055 2056 1093 rum
2081 1037 2230 1092 aliud
2262 1037 2577 1093 mandatum
2627 1053 2732 1091 non
2780 1047 2875 1092 est.
2933 1035 3001 1091 Et
3026 1037 3107 1093 ait
3135 1038 3211 1094 illi
3237 1040 3454 1095 scriba:

1882 1150 1899 1182 ι
1935 1128 2075 1185 Bene
2117 1130 2389 1201 magister,
2435 1130 2491 1183 in
2535 1129 2755 1183 veritate
2786 1128 2995 1195 dixisti,
3042 1128 3183 1195 Quia
3216 1147 3353 1187 unus
3383 1144 3458 1186 est

1882 1241 1900 1274 ι
1939 1222 2100 1287 Deus,
2130 1232 2180 1277 et
2210 1238 2316 1276 non
2343 1231 2421 1276 est
2446 1221 2584 1277 alius
2604 1230 2796 1291 prater
2816 1238 2935 1277 eum
2958 1222 3022 1277 ⁸⁸.
3052 1221 3245 1279 Scriba
3276 1232 3459 1279 autem

1882 1334 1900 1365 ι
1941 1315 2067 1381 iste,
2101 1322 2157 1371 et
2200 1314 2316 1385 lege
2352 1312 2577 1368 edoctus
2623 1313 2881 1383 pietatem
2910 1320 2968 1369 et
2994 1328 3183 1371 verum
3214 1315 3307 1370 Dei
3340 1314 3459 1370 cul-

1882 1424 1901 1457 ι
1935 1413 2072 1471 tum,
2124 1403 2341 1459 videtur
2390 1401 2730 1457 collaudasse
2793 1401 2925 1458 illud
2975 1403 3177 1459 dictum
3258 1404 3457 1460 Salva-

1883 1514 1900 1545 ι
1946 1493 2105 1561 toris,
2141 1494 2307 1559 Audi,
2340 1493 2533 1558 Israel,
2557 1492 2816 1547 Dominus
2831 1491 2973 1548 Deus
2998 1503 3143 1560 tuus,
3165 1492 3307 1549 Deus
3324 1510 3459 1550 unus

1883 1606 1901 1639 ι
1940 1595 2018 1641 est
2048 1592 2079 1652 ,'
2115 1595 2169 1643 et
2209 1589 2522 1658 juramento
2567 1585 2890 1654 interposito
2927 1585 3064 1643 bene
3098 1587 3300 1644 dictum
3329 1602 3460 1645 con-

1885 1697 1903 1729 ι
1944 1679 2209 1747 ﬁrmasse,
2262 1679 2514 1750 inquiens
2544 1694 2559 1733 :
2589 1676 2658 1731 In
2690 1678 2906 1731 veritate
2932 1678 3058 1733 bene
3078 1679 3285 1745 dixisti,
3318 1679 3462 1751 quod

1888 1790 1903 1821 ι
1944 1788 2078 1825 unus
2109 1769 2246 1825 Deus
2284 1780 2534 1838 est,.non
2581 1778 2657 1823 est
2696 1767 2833 1822 alius
2865 1766 2931 1825 ab
2975 1768 3090 1825 illo.
3136 1771 3212 1825 At
3261 1771 3353 1841 qui
3399 1785 3463 1827 se

1883 1881 1902 1912 ‹
1944 1862 2252 1933 gloriantur
2300 1860 2433 1917 Novi
2464 1860 2802 1917 Testamenti
2840 1861 3101 1929 mysteria
3134 1861 3463 1934 intelligere,

1884 1972 1902 2005 ι
1944 1953 2239 2009 secundum
2282 1953 2384 2009 sibi
2430 1954 2744 2027 conﬁngere
2781 1955 2949 2010 Deum
2984 1954 3073 2009 isti
3113 1954 3323 2021 volunt,
3359 1954 3462 2024 by-

1883 2066 1901 2098 ι
1940 2046 2141 2117 postasi
2174 2046 2392 2115 quidem
2428 2047 2579 2103 illum
2619 2058 2675 2105 et
2708 2047 2949 2119 potentia
2978 2062 3010 2101 a
3044 2045 3206 2102 Patre
3238 2059 3464 2116 separa-

1883 2159 1901 2192 ι
1940 2150 2073 2195 tum.
2116 2158 2136 2193 ι
2178 2146 2237 2205 ›Ῑ‹
2276 2140 2697 2211 Subsequuntur
2730 2141 2929 2213 quibus
2964 2138 3315 2197 constabilire
3344 2138 3464 2195 vult

1878 2248 2042 2288 unum
2090 2246 2211 2288 esse
2236 2233 2401 2288 Deum
2428 2247 2443 2287 :
2467 2243 2521 2289 et
2553 2234 2694 2304 quod
2735 2250 2842 2290 non
2871 2234 3155 2302 sitFilius,
3175 2234 3275 2291 ista
3301 2250 3460 2291 nem-

1878 2341 1963 2396 pe.
1994 2345 2013 2377 ι
2050 2324 2169 2380 Jam
2186 2328 2930 2385 certeconstatetmanifeste
2952 2329 3007 2383 in
3030 2327 3462 2397 pracedentibus

1882 2439 1899 2471 ι
1941 2419 2273 2475 declaratum
2304 2430 2408 2486 est,
2444 2422 2591 2490 quod
2623 2422 2773 2477 novit
2798 2431 3146 2478 sacrosancta
3176 2420 3463 2497 Scriptura

1883 2532 1899 2563 ι
1936 2513 2202 2569 unitatem
2240 2512 2409 2571 Deum
2464 2526 2633 2588 atque
2666 2514 2955 2571 Dominum
2993 2514 3323 2571 nominare:
3366 2514 3464 2570 ubi

1883 2627 1900 2659 ι
1939 2609 2020 2663 sic
2068 2606 2269 2663 aﬂatnr
2300 2608 2564 2665 famulum
2596 2624 2753 2665 suum
2800 2608 3002 2665 Mosam
3035 2621 3051 2662 :
3090 2607 3237 2662 Dixit
3284 2616 3463 2661 autem

1881 2720 1901 2754 ι
1942 2700 2083 2758 Deus
2130 2703 2324 2757 iterum
2372 2704 2441 2759 ad
2483 2702 2707 2770 Hosem,
2750 2704 2826 2758 sic
2874 2702 3014 2759 dices
3044 2699 3202 2757 Filiis
3238 2699 3464 2756 Israel:

1882 2812 1900 2843 ι
1938 2792 2196 2848 Dominus
2224 2793 2365 2849 Deus
2409 2806 2622 2865 patrum
2636 2804 2961 2859 vestrorum,
2996 2792 3137 2848 Deus
3165 2790 3467 2860 Abraham,

1882 2905 1898 2933 ι
1936 2882 2075 2938 Deus
2104 2882 2284 2951 Isaac,
2324 2896 2372 2939 et
2420 2884 2561 2940 Deus
2589 2884 2757 2938 Iacob
2788 2884 2933 2939 misit
2977 2900 3059 2938 me
3099 2885 3169 2938 ad
3219 2900 3308 2939 uos
3342 2883 3405 2937 ".
3437 2901 3471 2935 »η

1879 2974 2041 3029 Vides
2069 2975 2149 3029 uti
2192 2990 2315 3029 cum
2346 2975 2436 3031 hic
2474 2974 2691 3031 unicam
2731 2988 3021 3046 personam
3062 2974 3277 3039 doceat,
3310 2988 3463 3029 eam-

186 3062 383 3130 λόγους
417 3061 638 3125 τούτους
662 3060 853 3130 λέγων·
902 3060 1046 3130 Ἐγὼ
1068 3062 1284 3129 Κύριος
1312 3062 1345 3114 ὸ
1388 3061 1533 3124 Θεός
1564 3073 1703 3123 σου,
1741 3061 1775 3113 ό

1878 3066 1998 3120 dem
2030 3074 2083 3121 et
2112 3065 2398 3122 Dominum
2428 3066 2662 3137 appellet
2682 3074 2737 3121 et
2760 3066 2953 3121 Deum.
2998 3064 3104 3120 Sed
3156 3074 3214 3122 et
3260 3064 3463 3121 iterum

182 3154 496 3225 ἐξαγαγών
524 3169 598 3208 σε
616 3154 685 3207 ἐκ
709 3152 823 3223 τῆς
837 3154 1155 3221 Αἰγύπτου,
1178 3151 1247 3217 ἐξ
1277 3152 1447 3205 οἴκου
1468 3152 1769 3218 δουλείαςο

1879 3158 2159 3228 Scriptura
2215 3158 2292 3214 ita
2354 3155 2639 3229 loquitur:
2698 3156 2767 3213 Et
2811 3158 3027 3213 locutus
3067 3167 3153 3213 est
3201 3157 3464 3213 Dominus

184 3249 305 3302 οὐκ
350 3246 595 3301 ἔσονται
629 3259 727 3300 σοι
768 3244 890 3300 θεοὶ
913 3244 1100 3313 ἕτεροι
1134 3242 1302 3312 πλὴν
1323 3243 1491 3314 ἐμοῦ.
1533 3243 1775 3308 ’Δκούεις

183 3339 341 3400 ὅπως
372 3335 459 3391 διὰ
488 3339 588 3408 τῆς
622 3336 968 3406 ἀντωνυμῐας
993 3335 1090 3388 ἕνα
1123 3330 1263 3387 εἶναι
1285 3334 1418 3390 Θεὸν
1453 3335 1611 3405 μόνον
1641 3335 1776 3388 ἀπο-

184 3426 460 3498 φαίνεται.
524 3426 635 3479 Kal
691 3420 846 3488 αὖθις
895 3424 1087 3497 μικρὸν
1140 3423 1383 3497 ὕστερον,
1454 3422 1602 3493 Ἐγώ
1657 3426 1774 3494 ειμι

184 3520 406 3587 Κύριος
429 3520 462 3573 ὁ
493 3519 636 3583 Θεός
674 3531 814 3579 σου,
855 3516 1037 3587 φησίν⁸
1072 3516 1262 3569 ἑαυτὸν
1292 3514 1499 3587 Κύριον
1529 3516 1623 3570 καὶ
1641 3516 1774 3569 Θεὸν

184 3608 332 3667 εἶναι
360 3609 550 3681 λέγων.
601 3609 666 3662 Τί
704 3609 762 3662 δὲ
804 3609 899 3662 καὶ
935 3608 1003 3662 δι’
1053 3609 1244 3680 ἑτέρας
1289 3609 1508 3681 γραφῆς
1565 3607 1773 3680 μανθὰ-

182 3721 385 3776 νομεν;
405 3704 516 3758 Kal
532 3703 737 3773 γνώσῃ
765 3702 1050 3771 σήμερον,
1075 3701 1228 3773 φησὶ,
1258 3701 1358 3756 καὶ
1382 3703 1456 3755 οὐ
1489 3701 1770 3771 διαστρα-

184 3796 360 3868 sariam
393 3793 465 3864 τῇ
509 3795 761 3863 διανοίᾳ,
812 3794 903 3848 ὅτι
948 3794 1163 3863 Κύριος
1197 3797 1230 3848 ό
1256 3795 1400 3861 Θεός
1426 3809 1565 3859 σου,
1594 3790 1773 3861 οὗτος

188 3888 338 3956 Θεὸς
360 3886 521 3953 ἐντῷ
547 3886 779 3957 οὐρανῷ
800 3887 901 3941 καὶ
921 3887 1020 3941 ἐπὶ
1053 3886 1163 3957 τῆς
1190 3886 1302 3959 γῆς
1319 3886 1500 3953 κάτω,
1534 3888 1633 3942 καὶ
1661 3890 1773 3943 οὐκ

183 3981 324 4037 ἔστι
346 3979 513 4049 πλὴν
542 3981 749 4035 αὑτοῦ.
783 3980 893 4033 Kal
921 3976 1078 4045 αὖθις
1105 3982 1165 4034 ὲν
1182 3980 1262 4051 τῷ
1290 3980 1441 4052 αύτῷ
1460 3984 1773 4054 Δευτερονο-

189 4072 325 4144 plus,
366 4075 604 4138 Ἄκουε,
638 4072 898 4143 Ἰσραὴλ,
937 4074 1091 4145 φησὶ,
1116 4075 1329 4143 Κύριος
1350 4076 1383 4129 ό
1414 4074 1557 4141 Θεὸς
1582 4071 1769 4144 ὑμῶν,

185 4166 404 4234 Κύριος
430 4161 518 4232 εἷς
544 4166 695 4219 ἐστι’
730 4166 826 4220 καὶ
866 4166 1200 4236 ἀγαπήσεις
1245 4166 1464 4234 Κύριον
1486 4166 1594 4220 τὸν
1624 4168 1772 4221 Θεὸν

184 4272 309 4313 σου
359 4257 428 4323 ἐξ
480 4256 630 4326 ὅλης
673 4257 782 4327 τῆς
811 4258 1056 4328 καρδίας
1081 4275 1219 4322 σου,
1252 4259 1351 4312 καὶ
1383 4258 1453 4323 ἐξ
1480 4258 1629 4328 ὅλης
1652 4262 1767 4330 ibu-

185 4347 307 4420 χῆς
343 4364 483 4413 σου,
535 4349 633 4403 καὶ
658 4349 727 4415 ἐξ
761 4349 911 4417 ὅλης
929 4349 1217 4416 διανοίας.
1249 4351 1360 4403 Kal
1398 4351 1559 4404 πάλιν
1585 4352 1641 4404 ὲν
1690 4350 1769 4421 τῷ

185 4440 572 4512 αὐτῷ·ἰδετε,
604 4442 779 4506 ἴδετε,
797 4440 884 4495 ὸτι
913 4441 1026 4511 ἐγώ
1045 4444 1179 4512 ειμι,
1208 4441 1306 4495 καὶ
1328 4444 1441 4497 οὐκ
1467 4442 1599 4496 ἐστι
1625 4442 1770 4510 Θεὸς

183 4530 357 4598 πλὴν
384 4532 550 4601 ἐμοῦ,
584 4532 701 4602 ἐγὼ
732 4530 1039 4587 ἀποκτενῶ
1077 4532 1173 4586 καὶ
1224 4530 1333 4601 ζῇν
1373 4533 1625 4599 ποιήσω,
1659 4550 1770 4586 πα-
1799 4524 1843 4579 Ι)

182 4622 345 4688 τάξω
385 4625 484 4678 καὶ
526 4624 786 4694 ἰάσομαι.
824 4622 947 4689 Πῶς
976 4620 1067 4677 οὖν
1102 4624 1395 4696 Ἀστέριος,
1433 4627 1553 4689 ταῖς
1584 4625 1769 4696 ἁγίαις

182 4715 431 4787 Γραφαῖς
480 4716 666 4781 ἁπλῶς
693 4718 787 4770 ual
808 4717 1062 4789 ὲμφὸϐως
1096 4716 1411 4770 ἀκολουθεῖν
1439 4718 1770 4788 προσποιού-

188 4823 370 4879 μενος,
398 4809 497 4861 οὐκ
541 4808 683 4877 ἔγνω
716 4808 778 4862 τὸ
815 4808 980 4880 μέρος
1008 4808 1165 4862 τοῦτο
1184 4808 1359 4878 λέγον·
1402 4809 1514 4881 (85)
1552 4811 1769 4879 Κύριος

182 4903 221 4956 ό
256 4903 397 4967 Θεός
434 4916 571 4964 σου,
608 4894 785 4966 οὗτος
838 4902 981 4967 Θεὸς
1020 4900 1130 4972 (86)
1156 4902 1227 4954 ὲν
1264 4900 1343 4967 τῷ
1366 4900 1620 4969 οὐρανῷ,
1666 4903 1768 4957 καὶ

180 4990 283 5043 ἐπὶ
314 4989 421 5058 τῆς
447 4988 561 5058 τῆς
580 4989 757 5053 κάτω,
792 4990 889 5043 καὶ
915 4990 1027 5044 οὐκ
1062 4989 1194 5043 ἔστι
1222 4989 1389 5058 πλὴν
1415 4990 1624 5045 αὑτοῦ.
1657 4992 1768 5045 Kal

179 5085 269 5138 ὅτι
308 5080 386 5147 εἷς
432 5082 575 5137 ἐστιν
624 5082 702 5135 ἔτι
734 5083 830 5136 καὶ
855 5081 993 5154 πλὴν
1034 5082 1201 5138 αὐτοῦ
1247 5084 1347 5138 οὐκ
1381 5083 1527 5139 ἔστιν
1551 5086 1759 5158 ἔτερος.

182 5174 295 5229 Kal
315 5172 431 5243 μεθ’
445 5173 606 5245 ἕτερα
622 5172 830 5236 τούτοις
845 5166 1000 5237 αὖθις
1015 5171 1336 5245 προστίθησι
1357 5171 1554 5243 λέγων·
1577 5192 1598 5227 ι
1638 5174 1763 5241 Πῶς

264 5361 321 5426 is
357 5354 457 5409 Ed.
485 5353 683 5421 Paris,
719 5372 842 5425 pag.
875 5357 998 5413 152.
1151 5358 1196 5389 ¹⁸
1221 5355 1387 5415 Marc.
1430 5374 1527 5426 xu,
1567 5360 1757 5418 28—32.

184 5426 235 5459 ι’
265 5425 504 5493 Deut",
537 5426 627 5481 39.
702 5428 749 5460 ³³
772 5429 929 5485 Deut.
960 5444 1014 5485 VI
1070 5428 1125 5497 4,
1164 5427 1217 5483 5.
1294 5428 1339 5461 ⁸³
1376 5425 1531 5485 Deut.
1569 5447 1741 5501 ιιιιι,
1772 5432 1862 5490 59.

262 5651 375 5721 (82)
403 5649 982 5727 Yurlgo‘aﬁc‘uapblag.
1013 5650 1132 5709 Mox
1188 5651 1347 5726 vulgo
1398 5662 1516 5727 post
1577 5653 1768 5727 πρώτη

192 5724 309 5778 add.
346 5723 440 5794 καὶ
466 5721 675 5793 μεγάλη
699 5723 732 5791 ὴ
774 5721 985 5794 ἐντολή.
1024 5790 1027 5793 ν

257 5792 371 5863 (83)
397 5792 511 5863 Τήν
535 5794 694 5863 vuluo
718 5794 884 5846 deest.

282 5860 373 5934 84)
400 5860 574 5936 vulgo
606 5860 697 5918 τοῦ
733 5864 857 5936 'lsp.

1876 3252 2056 3307 omnia
2098 3252 2213 3305 haec
2266 3253 2453 3316 verba,
2508 3250 2758 3320 inquiens
2801 3264 2817 3303 :
2885 3248 3000 3320 Ego
3028 3249 3288 3304 Dominus
3324 3247 3466 3305 Deus

1880 3355 2001 3399 tuus
2024 3384 2042 3411 ,
2108 3345 2200 3415 qui
2256 3354 2304 3399 te
2334 3343 2493 3398 eduxi
2522 3344 2588 3398 de
2625 3353 2770 3398 terra
2793 3342 3031 3414 Egypti,
3056 3341 3121 3397 de
3161 3342 3319 3396 domo
3350 3350 3467 3397 ser-'-

1878 3436 2079 3490 vitutis.
2138 3433 2262 3489 Non
2313 3446 2463 3490 erunt
2510 3436 2605 3489 tibi
2663 3436 2742 3489 dii
2810 3434 2904 3489 alii
2931 3432 3322 3503 praterme”.
3369 3430 3464 3489 Vi-

1875 3526 1973 3581 des
2022 3536 2081 3581 ut
2122 3541 2219 3596 per
2258 3540 2556 3597 pronomen
2598 3526 2689 3581 hic
2717 3541 2883 3580 unum
2906 3524 3077 3581 Deum
3109 3524 3286 3581 solum
3319 3525 3463 3580 indi-

1876 3630 1980 3676 cet.
2034 3619 2102 3674 Et
2145 3628 2267 3690 post
2317 3634 2488 3689 pauca
2517 3638 2531 3675 :
2560 3618 2674 3691 Ego
2705 3636 2821 3674 sum
2853 3618 3107 3674 Dominus
3141 3617 3284 3673 Deus
3315 3626 3475 3686 tuus,

1877 3711 2053 3783 inquit
2078 3712 2123 3744 ²¹
2154 3730 2167 3766 :
2205 3725 2265 3767 se
2298 3720 2354 3766 et
2384 3708 2554 3766 Deum
2598 3723 2720 3765 esse
2754 3708 3042 3781 proﬁtetur
3083 3716 3247 3779 atque
3273 3708 3461 3765 Domi-

1875 3818 2029 3859 num.
2061 3802 2215 3871 Quod
2248 3812 2303 3859 et
2328 3802 2396 3858 ab
2432 3801 2536 3857 alia
2567 3801 2847 3871 Scriptura
2882 3802 3200 3867 edocemnr,
3229 3816 3349 3873 quae
3378 3800 3461 3859 sic

1874 3892 2134 3963 loquitur,
2170 3892 2461 3963 Cognosces
2505 3890 2659 3944 hodie
2696 3906 2859 3960 neque
2889 3890 3211 3959 cogitatione
3235 3904 3457 3959 perver-

1874 3986 2023 4049 teris,
2063 3985 2204 4055 quod
2231 3983 2487 4039 Dominus
2514 3982 2657 4037 Deus
2684 3991 2825 4047 tuus,
2852 3981 2996 4037 Deus
3026 3981 3116 4036 ille
3155 3981 3223 4035 sit
3246 3983 3305 4035 in
3329 3980 3462 4036 calo

1873 4085 1920 4130 et
1950 4092 2107 4145 super
2139 4088 2334 4130 terram
2362 4090 2383 4130 :
2406 4084 2454 4129 et
2484 4090 2589 4129 non
2618 4083 2693 4129 est
2744 4082 2937 4143 praeter
2984 4088 3103 4127 eum
3131 4074 3199 4127 ".
3250 4072 3453 4129 lterum

1874 4169 2055 4225 denuo
2086 4168 2142 4223 in
2172 4166 2596 4224 Deuteronomio
2639 4166 2736 4231 ait,
2774 4166 2937 4234 Audi,
2967 4164 3166 4232 Israel,
3193 4163 3458 4221 Dominus

1874 4258 2014 4315 Deus
2068 4272 2271 4327 uester,
2323 4258 2463 4314 Deus
2487 4274 2624 4313 unus
2674 4266 2793 4314 est:
2838 4264 2889 4311 et
2936 4258 3122 4329 diliges
3174 4256 3460 4313 Dominum

1874 4351 2045 4408 Deum
2087 4362 2236 4407 tuum
2265 4367 2293 4407 e
2329 4360 2440 4407 toto
2473 4352 2628 4406 corde
2665 4361 2757 4406 tuo
2799 4359 2850 4405 et
2898 4360 3012 4405 tota
3052 4351 3232 4406 anima
3270 4360 3364 4405 tua
3387 4351 3460 4409 ³³.

1874 4446 1940 4500 Et
1985 4445 2039 4500 in
2092 4442 2283 4503 eodem
2332 4443 2527 4500 iterum
2556 4462 2569 4497 :
2612 4441 2814 4506 Videte,
2838 4443 3019 4507 uidete,
3050 4443 3191 4514 quod
3218 4458 3313 4513 ego
3341 4457 3460 4496 sum

1872 4548 1919 4592 et
1960 4554 2063 4591 non
2091 4547 2164 4591 est
2195 4536 2323 4589 deus
2374 4545 2565 4603 praeter
2602 4550 2705 4592 me.
2754 4532 2867 4604 Ego
2908 4534 3166 4601 occidam,
3202 4541 3252 4587 et
3295 4532 3461 4586 uiuere

1874 4630 2095 4698 faciam,
2132 4627 2424 4698 percutiam
2444 4636 2492 4679 et
2518 4629 2719 4681 sonabo
2741 4624 2807 4679 “.
2852 4623 3135 4692 Quomodo
3168 4625 3273 4681 hoc
3299 4625 3461 4680 Aste-

1875 4722 1989 4777 rius
2014 4720 2303 4793 ignorabat
2332 4718 2423 4789 qui
2456 4733 2515 4774 se
2543 4716 2718 4773 videri
2744 4718 2883 4782 vult,
2914 4731 3036 4771 cum
3069 4717 3290 4782 timore,
3323 4716 3458 4772 sim-

1872 4813 2087 4884 pliciter
2106 4821 2407 4870 scrutatum
2439 4826 2625 4867 sacras
2656 4810 2890 4866 Litteras
2921 4827 2934 4863 :
2962 4808 3219 4864 nimirum
3246 4817 3455 4877 partem

1874 4906 2282 4977 Scripturarum
2311 4904 2463 4961 illam
2494 4904 2586 4962 ubi
2616 4904 2838 4971 dicitur,
2860 4903 3117 4958 Dominus
3144 4899 3287 4955 Deus
3312 4911 3455 4965 tuus,

1874 4999 2017 5055 Deus
2047 5015 2182 5053 unus
2214 5007 2315 5065 est,
2361 5000 2417 5052 in
2449 4998 2576 5053 caelo
2598 5014 2832 5062 sursum,
2858 5006 2906 5051 et
2928 4997 2983 5050 in
3010 5006 3152 5050 terra
3176 4996 3422 5049 deorsum
3441 5034 3458 5058 ,

1871 5097 1920 5141 et
1979 5102 2083 5139 non
2133 5093 2211 5139 est
2239 5095 2434 5152 prater
2458 5100 2577 5139 eum
2606 5096 2626 5137 :
2655 5083 2798 5153 quod
2833 5096 2971 5137 unus
3019 5080 3113 5148 sit,
3143 5088 3199 5135 et
3225 5094 3332 5133 non
3373 5088 3461 5133 cst

1872 5178 2013 5234 alius
2039 5168 2240 5248 prieter
2270 5176 2446 5232 illum.
2498 5175 2624 5232 Post
2663 5175 2769 5231 alia
2794 5183 2850 5230 et
2879 5174 3031 5233 hisce
3064 5170 3331 5239 annectit,
3375 5170 3455 5225 in-

1872 5365 1916 5396 "
1946 5362 2117 5420 Exod.
2151 5377 2234 5428 ιιι,
2274 5362 2358 5417 l5.
2456 5360 2501 5394 ”
2522 5360 2695 5417 Exod.
2724 5376 2817 5429 xx,
2866 5359 2924 5427 2,
2981 5360 3017 5415 3
3152 5357 3197 5389 "
3226 5355 3359 5413 ibid.
3397 5356 3452 5413 5.

1943 5655 2059 5726 (85)
2094 5658 2267 5726 Vulgo
2296 5656 2489 5727 λέγων.

1881 5721 2054 5852 ’ἐξω
2091 5721 2256 5801 Vulg—0
2289 5721 2509 5803 Κύριος,
2570 5738 2619 5787 ct
2659 5745 2803 5799 mox,
2836 5730 2925 5782 ἐπί
2956 5728 3055 5798 γῆς
3106 5734 3155 5783 et
3201 5722 3313 5780 ἐστι
3358 5721 3457 5781 καὶ
