4068 6316
245 374 284 424 9
301 372 358 428 ιε)
1171 372 1257 427 DE
1295 369 1840 428 ECCLESIASTICA
1879 363 2288 423 TllEOLOGIA
2328 362 2456 418 LIB.
2503 362 2562 415 ll.
3417 354 3524 411 950

255 509 274 541 ι
317 489 380 543 Τί
409 489 466 544 δὲ
501 492 594 544 καὶ
611 489 766 560 Ὠσηὲ
804 489 832 542 ὁ
871 490 1186 560 προφήτης;
1214 490 1274 544 οὺ
1303 490 1398 542 καὶ
1422 489 1585 551 αὐτὸς
1605 487 1674 541 τὰ
1700 487 1838 540 αὐτὰ

1948 503 1965 534 ι
2012 486 2115 539 hoc
2162 483 2336 554 ipsum
2363 479 2451 535 ille
2485 474 2846 532 testiﬁcatur?
2876 474 2990 544 Ego
3022 474 3180 528 eduxi
3203 482 3273 541 te,
3311 473 3520 541 dicens,

254 603 273 634 ι
318 586 585 654 μαρτυρεί
603 600 634 650 ί,
662 582 803 652 Ἐγὼ
845 583 1151 652 ἀνήταγόν
1187 598 1260 636 σε
1295 581 1364 647 ἐξ
1395 583 1719 652 Αἰγύπτου,
1754 580 1840 632 λέ-

1948 597 1965 628 ι
2005 592 2070 630 ea:
2098 574 2354 645 zEgypto,
2409 580 2458 626 et
2492 570 2660 624 Deum
2710 582 2814 620 non
2866 582 3143 636 cognosces
3187 575 3380 636 ρωποι·
3419 581 3521 620 me.

253 697 270 726 ι
311 693 444 745 γων,
479 675 578 729 καὶ
610 675 759 729 Θεὸν
785 675 953 744 πλὴν
983 676 1128 746 ἐμοῦ
1159 676 1230 729 οὐ
1262 677 1488 744 γνώσῃ,
1517 673 1616 728 καὶ
1640 671 1840 734 σώζων

1948 687 1965 718 ‹
2011 666 2138 721 Non
2171 676 2246 720 est
2269 665 2358 734 qui
2402 671 2569 717 servet
2594 672 2787 730 prazter
2811 675 2893 713 me
2915 659 2983 711 ".
3023 658 3229 712 Rursus
3261 665 3443 711 autem
3471 663 3529 709 et

251 784 270 814 ι
307 767 423 818 οὐκ
459 763 591 838 ἐοζτι
614 764 805 834 παρὲξ
827 765 992 835 ἐμοῦ.
1027 762 1193 829 Αὖθίς
1215 767 1318 818 τεὸ
1347 763 1632 834 Μαλαχίας
1650 804 1666 830 ,
1689 763 1838 830 Οὐχὶ

1948 779 1965 811 ι
2005 757 2300 814 Malacltias
2352 754 2447 820 ait,
2505 752 2697 808 Nonne
2745 750 2885 804 Deus
2935 764 3073 802 unus
3108 746 3343 801 condidit
3392 746 3526 799 vos?

252 878 269 905 ι
315 855 462 922 Θεὸς
489 834 577 923 είς
605 834 1052 929 ἔκτισεν-ὑμᾶς,
1097 857 1264 929 φησίν
1290 875 1302 887 ·
1331 857 1480 926 Οὐχὶ
1515 854 1713 925 πατὴρ
1752 851 1840 922 εἷς

1948 872 1965 904 ι
2008 867 2177 906 nonne
2206 847 2372 904 Pater
2419 863 2556 901 unus
2601 852 2715 899 erat
2762 843 2995 896 omnium
3021 847 3252 894 vestrum
3279 837 3366 890 '3?
3418 834 3528 892 Sed

255 965 273 996 ι
312 944 556 1000 πάντων
587 947 784 1016 ὑμῶν;
831 927 989 1003 Ἀλλὰ
1017 927 1117 1006 τὸν
1135 927 1300 1002 Δαὸίδ
1347 949 1478 1019 φησί
1518 965 1622 1001 που
1657 945 1840 999 Ἀστέ-

1949 965 1966 997 ι
2009 945 2086 998 ait
2118 943 2355 1013 quodam
2396 940 2449 995 in
2479 938 2599 992 loco
2634 935 2898 999 Asterius,
2938 931 3076 987 nihil
3098 931 3164 986 de
3201 930 3306 984 hoc
3344 927 3527 999 prolo-

255 1059 273 1089 ε
322 1057 455 1112 ριος,
491 1041 658 1111 μηδὲν
686 1042 966 1113 εἰρηκέναι
998 1041 1128 1111 περὶ
1153 1039 1365 1104 τούτου,
1395 1039 1573 1092 καίτοι
1603 1037 1840 1110 πρεσϐύ-

254 1151 273 1183 s
307 1148 472 1186 τατον
490 1135 639 1204 παρὰ
676 1133 880 1187 Μωσέα
901 1133 1010 1186 τῶν
1041 1133 1216 1187 ἄλλων
1241 1131 1536 1205 προφητῶν
1563 1132 1714 1194 ὄντα,
1747 1132 1840 1184 καὶ

253 1245 272 1272 ι
303 1222 394 1276 διὰ
423 1223 579 1277 τοῦτο
604 1225 946 1294 ἀμφιγνοεῖν,
975 1223 1085 1277 εἴτε
1105 1223 1200 1278 δύο
1223 1225 1378 1288 Θεοὺς
1406 1224 1699 1277 ὑποστάσει
1725 1225 1840 1294 διῃ-

255 1333 273 1363 s
314 1315 587 1386 ρημένους
635 1315 875 1386 νομίζειν
930 1312 1070 1369 εἶναι
1118 1316 1407 1388 προσήκει,
1460 1316 1572 1368 εἴτε
1611 1316 1703 1370 καὶ
1741 1319 1835 1386 μή.

255 1425 272 1454 ι
319 1405 528 1460 Οὐκοῦν
563 1406 649 1458 ἵνα
680 1405 754 1476 μὴ
784 1406 941 1459 τοῦτο
969 1405 1124 1478 λέγῃ,
1157 1406 1447 1459 ἀκόλουθον
1477 1406 1717 1476 ἡγοῦμαι
1746 1406 1840 1458 καὶ

254 1511 272 1543 ι
313 1494 476 1547 αὑτὸν
528 1494 794 1561 ἐπιδεῖξαι
824 1495 972 1567 αὐτῷ
1002 1495 1069 1548 τὰ
1099 1495 1238 1549 αὐτὰ
1277 1498 1389 1560 τοῖς
1419 1495 1840 1568 προειρημένοις

254 1604 273 1634 ι
308 1585 487 1654 ἁγίοις
528 1586 772 1655 λ’έγοντα·
824 1589 1141 1652 Ἄκουσον,
1175 1589 1328 1660 φησὶ,
1366 1590 1525 1655 ,λαός
1549 1607 1688 1658 μσυ,
1741 1589 1839 1644 καὶ

254 1695 272 1726 ι
320 1675 573 1744 ,λαλήσω
616 1695 736 1744 σοι,
788 1679 1055 1748 Ἰσραὴλ,
1082 1681 1178 1734 καὶ
1216 1682 1685 1751 διαμαρτύρομαι
1716 1696 1836 1735 σοι·

249 1783 271 1816 ι
313 1769 422 1821 ἐὰν
443 1770 715 1839 ἀκούσῃς
733 1789 874 1839 μου,
900 1773 1009 1825 οὐκ
1033 1771 1209 1827 ἔστιν
1240 1774 1308 1826 ἐν
1359 1774 1456 1827 σοὶ
1480 1774 1623 1839 Θεὸς
1655 1775 1840 1841 πρόσ-

251 1879 270 1902 ο
309 1874 518 1925 φατος,
547 1835 700 1913 οὐδέ
728 1835 1181 1929 προσκυνήσεις
1214 1862 1335 1927 Θεῷ
1367 1835 1840 1931 ἀλλοτρίῳλΕγὼ

1952 1881 1967 1906 ι
2009 1873 2173 1926 neque
2222 1852 2472 1909 adorabis
2529 1850 2696 1904 Deum
2742 1847 2975 1899 alienum
3017 1859 3037 1897 :

249 1967 269 1994 ι
318 1948 429 2015 γάρ
460 1951 575 2016 ειμι
607 1951 825 2019 Κύριος
849 1953 882 2003 ό
907 1953 1050 2016 Θεός
1078 1964 1216 2004 σου.
1264 1952 1320 2006 '0
1341 1953 1502 2006 αὑτὸν
1533 1953 1842 2018 ἐπιδεικνὺς

248 2057 268 2089 ο
313 2039 410 2092 καὶ
437 2039 630 2109 λέγων,
664 2041 772 2112 ἐγώ
805 2045 940 2114 εἰμι,
982 2045 1042 2097 οὐ
1085 2045 1242 2114 δῆλός
1283 2047 1430 2099 ἐστιν
1458 2047 1553 2098 ἕνα
1578 2045 1710 2098 Θεὸν
1742 2048 1841 2117 μό-

248 2148 272 2182 s
309 2149 399 2187 νον
443 2129 580 2192 εἶναι
601 2135 795 2201 λέγων,
832 2139 970 2191 τοῦτ’
1001 2139 1146 2192 ἔστιν
1167 2142 1387 2207 έαυτόν;
1427 2161 1447 2194 ι

902 2233 1058 2285 ΚΕΦ.
1098 2235 1180 2286 Κ’.
1272 2223 1278 2228 ’

240 2316 369 2411 Διίι-
383 2320 802 2411 filictia-ﬁam
824 2327 875 2411 οξ
905 2327 1560 2411 προφῇταίορῃημλνῶς
1581 2329 1839 2411 παρέδω-

335 2406 452 2442 καν
489 2391 793 2460 Ἰουδαίοις
811 2394 927 2462 τὴν
944 2391 1219 2465 ’περὶτοῦ
1257 2391 1751 2468 Υίοῦθεολογίὶιν.

325 2482 509 2535 Ταῦτα
558 2485 734 2538 πάντα
767 2488 1085 2558 Μάρκελλος
1127 2491 1221 2544 καὶ
1272 2491 1352 2544 ἔτι
1383 2491 1586 2544 τούτων
1619 2491 1839 2545 πλείονα

241 2573 349 2627 ἐπὶ
371 2573 597 2646 ἀρνήσει
629 2576 722 2630 τοῦ
751 2578 881 2631 Υίοῦ
909 2579 1002 2632 τοῦ
1035 2581 1170 2634 Θεοῦ
1221 2583 1524 2653 συνεφόρει.
1562 2583 1628 2636 δι’
1651 2584 1840 2636 ἀνεπι-

245 2665 616 2737 στημοσύνην·
659 2669 719 2720 οὐ
762 2669 1134 2741 λογισάμενος,
1173 2673 1254 2725 ὅτι
1297 2673 1432 2745 πρὸς
1474 2675 1574 2744 τὴν
1605 2672 1837 2744 σκληρο-

245 2756 481 2827 καρδίαν
526 2758 622 2810 τοῦ
657 2760 926 2815 Ἰουδαίων
961 2763 1088 2815 λαοῦ
1119 2766 1152 2832 ἡ
1180 2765 1402 2836 τοιαύτη
1438 2767 1619 2828 αὺτοῖς
1651 2766 1839 2836 παρεί-

241 2865 378 2919 χετο
397 2848 732 2905 διδασκαλία.
786 2853 919 2906 Οὐδὲ
953 2855 1061 2926 γὰρ
1093 2851 1203 2908 οἶόν
1229 2875 1286 2910 τε
1321 2854 1388 2929 ῆν
1420 2859 1480 2911 τὸ
1527 2858 1749 2928 Πνεῦμα
1780 2858 1841 2909 τὸ

241 2941 428 3008 ἅγιον,
455 2943 540 2998 διὰ
572 2949 680 2999 τῶν
728 2950 1018 3020 προφητῶν
1047 2949 1140 3002 τοῦ
1188 2950 1323 3002 Θεοῦ
1365 2950 1671 3022 ἀνθρώποις
1717 2953 1841 3005 ἀτε-

246 3031 370 3086 λέσι
420 3035 519 3099 τὰς
549 3038 752 3109 φρένας
781 3041 968 3111 ἐντελῆ
1011 3041 1348 3113 παραδοῦναι
1399 3044 1488 3095 τὸν
1531 3044 1630 3112 τῆς
1661 3045 1840 3096 Θεοσε-

249 3125 409 3190 Gela;
433 3128 608 3196 λόγον.
642 3131 798 3185 Οὖτω
829 3132 960 3188 γοῦν
995 3135 1176 3197 αὐτοῖς
1223 3135 1316 3187 καὶ
1350 3135 1538 3198 θυσίας
1573 3135 1838 3188 ἐπιτελεῖν

249 3219 583 3289 ἐνομοθέτει,
637 3225 730 3276 καὶ
765 3223 1017 3296 σώματος
1070 3226 1369 3298 περιτομὴν
1390 3268 1403 3291 ,
1436 3228 1530 3281 καὶ
1565 3227 1840 3282 Σαδὸἀτου

249 3309 524 3399 φυλακὴν,
554 3313 647 3365 καὶ
678 3315 892 3367 τοιωνδὶ
929 3315 1232 3387 βρωμάτων
1271 3318 1480 3388 ἀποχὴν
1511 3319 1604 3371 καὶ
1636 3318 1844 3390 καθάρ-

250 3417 348 3453 σια
392 3402 682 3472 σωμάτων,
737 3407 1052 3476 σωματικάς
1082 3425 1140 3459 τε
1174 3408 1443 3477 εὐλογίας,
1496 3411 1583 3461 ναὶ
1619 3410 1724 3480 μὴν
1751 3413 1844 3463 καὶ

249 3494 361 3565 γῆς
395 3495 622 3567 ῥεούσης
656 3497 795 3565 γάλα
827 3501 914 3552 κατ
947 3499 1090 3569 μέλι,
1133 3500 1247 3552 ἀλλ’
1280 3502 1340 3553 οὐ
1378 3501 1655 3570 βασιλείας
1684 3504 1846 3574 ούρα-

249 3587 362 3641 νῶν
387 3589 738 3657 ἐπαγγελίας.
779 3590 836 3645 Ὁ
873 3593 929 3647 δὲ
949 3593 1136 3664 Σωτὴρ
1163 3594 1253 3647 καὶ⁸
1289 3593 1492 3666 Κύριος
1520 3597 1677 3666 ἡμῶν
1709 3597 1846 3666 ἐρω-

251 3685 462 3755 τηθεὶς,
496 3685 614 3750 πῶς
660 3687 904 3752 Μωσέως
953 3691 1358 3760 προστάξαντος
1391 3691 1589 3744 διδόναι
1639 3690 1844 3758 βιϐλίον

251 3778 590 3833 ἀποστασίου
644 3781 739 3834 καὶ
783 3781 1038 3834 ἀπολύειν
1087 3782 1187 3854 τὴν
1230 3780 1424 3835 ἑαυτοῦ
1481 3785 1712 3850 γυναῖκα
1751 3783 1843 3836 τὸν

255 3868 581 3941 βουλόμενον
610 3873 772 3936 αὐτὸς
801 3873 1062 3927 τάναντία
1094 3875 1384 3938 διατάττοι,
1429 3867 1526 3927 τὸν
1550 3875 1706 3943 λόγον
1737 3876 1843 3928 ἀπ-

252 3960 426 4016 έδωκε
463 3963 748 4018 καθολικὸν
781 3965 980 4036 φήσας,
1020 3965 1244 4034 Μωσῆς
1272 3966 1421 4034 πρὸς
1439 3965 1550 4034 τὴν
1589 3969 1844 4035 σκληρο-

255 4057 510 4125 καρδίαν
523 4058 691 4128 ὐμῶλν
706 4058 1120 4130 dmorder-
1142 4060 1243 4114 ἀπ’
1258 4058 1452 4129 ἀρχῆς
1481 4059 1549 4112 δὲ
1576 4061 1645 4112 οὐ
1677 4059 1841 4129 γέγο-

256 4169 365 4206 νεν
413 4152 586 4206 οὕτω.
631 4152 839 4206 Ταὺτὸν
869 4148 961 4206 οὖν
995 4148 1148 4205 εἶπεν
1187 4152 1274 4218 ἂν,
1324 4154 1417 4206 καὶ
1449 4152 1612 4216 εἴτις
1657 4154 1838 4224 ἤρετο,

254 4241 369 4310 (96)
425 4240 477 4295 τί
523 4242 584 4313 δή
621 4259 751 4294 ποτε
795 4241 928 4297 Θεὸν
969 4242 1066 4295 ’ένα
1106 4242 1285 4295 σέϐειν
1335 4242 1836 4313 παρακελευόμενοι

255 4333 463 4404 Μωσῆς
528 4334 619 4387 καὶ
670 4334 719 4387 οἱ
780 4335 896 4405 μετ’
949 4334 1108 4387 αὑτὸν
1171 4334 1444 4406 προφῆται
1510 4334 1608 4386 οὐκ
1667 4333 1839 4386 ἐδίδα-

255 4429 386 4478 σκον
445 4426 641 4490 αὐτοὺς
689 4427 788 4498 τὴν
849 4426 978 4496 περὶ
1037 4425 1130 4478 τοῦ
1185 4426 1314 4480 Υἱοῦ
1372 4425 1603 4494 γνῶσιν;
1646 4425 1840 4496 οὐγὰρ

254 4512 360 4572 οἷοί
402 4537 460 4572 τε
503 4516 643 4591 ἦσαν
694 4494 756 4573 οἱ*
798 4494 1037 4591 συνεχῶς
1085 4521 1421 4590 ἀπαγόμενοι
1473 4522 1537 4589 τῇ
1595 4494 1838 4588 πολυθέω
1869 4504 2290 4595 υίιιείηιιὲτυηῑ
2359 4498 2426 4552 d0
2485 4494 2622 4551 Filio

252 4611 434 4684 πλάνῃ
462 4613 559 4684 τὴν
613 4611 974 4681 εὐαγγελικὴν
1027 4611 1432 4682 παραδέχεσθαι
1480 4611 1640 4681 χάριν
1699 4610 1833 4680 (97).

254 4703 349 4757 Διὸ
378 4704 514 4774 πρὸς
557 4704 656 4774 τὴν
712 4703 1144 4776 σκληροκαρδίαν
1189 4702 1366 4757 αὐτῶν
1418 4703 1518 4773 τὴν
1559 4704 1688 4775 περὶ
1720 4702 1839 4765 ένδς

255 4795 394 4850 Θεοῦ
435 4794 779 4849 διδασκαλίαν
825 4794 1124 4858 ἐποιοῦντο,
1174 4794 1310 4858 τέως
1362 4793 1839 4861 παιδαγωγοῦντες

256 4887 454 4948 αὐτοὺς
481 4886 566 4939 διὰ
589 4886 680 4938 τοῦ
713 4886 1040 4957 ἀποτρέπειν
1075 4886 1171 4955 μὲν
1203 4882 1297 4937 τοῦ
1329 4883 1555 4947 πολλοὺς
1585 4877 1728 4936 εἶναι
1754 4901 1838 4936 νο-

259 4980 439 5052 μίζειν
463 4977 648 5044 Θεοὺς,
678 4978 890 5047 ἐνάγειν
913 4978 970 5031 δὲ
999 4979 1091 5031 ἐπὶ
1117 4978 1212 5048 τὴν
1243 4975 1549 5045 εἰσαγωγὴν
1574 4974 1666 5028 τοῦ
1699 4976 1839 5038 ένὸς.

257 5070 416 5125 Οὕτω
437 5070 493 5123 δὲ
521 5070 725 5140 Μωσῆς
745 5070 909 5140 ἀτελῆ
945 5069 1041 5140 τὴν
1071 5067 1417 5122 διδασκαλίαν
1443 5068 1557 5128 τοῖς
1593 5066 1711 5118 κατ’
1743 5066 1842 5118 αύ-

256 5164 349 5221 τὸν
383 5162 670 5233 παρεδίδου
713 5161 800 5215 διὰ
829 5161 889 5212 τὸ
927 5161 1114 5223 ἀτελὲς
1156 5158 1334 5213 αὐτῶν
1370 5159 1468 5226 τῆς
1504 5158 1840 5229 φρονήσεως,

253 5255 332 5319 ὡς
366 5253 633 5325 μηδεμίαν
654 5254 815 5306 αὑτὸν
845 5253 1063 5323 μνήμην
1094 5251 1422 5323 ποιήσασθαι
1457 5248 1705 5317 ἀγγέλων
1729 5248 1843 5300 κτί-

1947 1059 1963 1090 ι
2006 1044 2188 1092 culum
2218 1033 2499 1097 Davidem,
2531 1032 2624 1098 qui
2662 1036 2840 1082 tamen
2865 1033 3091 1094 excepto
3118 1021 3288 1086 Moss,
3330 1020 3402 1075 sit
3432 1036 3530 1074 an-

1947 1147 1965 1178 ι
2011 1124 2347 1195 tiquissimus
2380 1119 2791 1190 prophetarum,
2817 1122 2979 1185 atque
3012 1113 3152 1167 lianc
3190 1111 3259 1164 ob
3304 1124 3529 1167 causam

1948 1236 1965 1267 ι
2006 1214 2224 1270 dubium
2278 1210 2475 1272 fuisse,
2521 1214 2701 1260 utrum
2734 1203 2869 1258 duos
2927 1200 3060 1254 deos
3097 1203 3171 1266 +3
3223 1195 3529 1251 substantia

1948 1327 1965 1358 ι
2012 1306 2219 1360 divisos
2259 1298 2503 1372 profiteri
2544 1296 2786 1358 deberet,
2840 1307 2907 1346 an
2962 1306 3090 1346 non.
3141 1287 3408 1354 Quocirca
3461 1299 3531 1339 ne

1949 1417 1966 1449 ι
2010 1398 2113 1451 hoc
2141 1409 2266 1448 vere
2301 1391 2509 1447 dixisse
2543 1388 2843 1442 arbitretur
2872 1398 2950 1450 se,
2992 1393 3333 1449 consequens
3359 1389 3446 1432 est
3470 1383 3530 1430 ut

1949 1510 1964 1540 ι
2006 1488 2288 1545 ostendam
2340 1486 2484 1539 hunc
2538 1494 2752 1552 quoque
2800 1488 2980 1531 vatem
3050 1471 3352 1529 consimilia
3406 1484 3531 1524 cum

1950 1603 1966 1632 ε
2009 1580 2281 1653 praedictis
2333 1574 2696 1632 sanctissimis
2740 1571 2874 1626 viris
2926 1567 3191 1623 sensisse.
3243 1563 3406 1627 Audi,
3441 1562 3531 1616 in-

1951 1697 1967 1727 ι
2010 1651 2131 1745 iluit
2167 1670 2278 1737 ille,
2325 1668 2512 1740 popule
2540 1667 2634 1729 mi,
2667 1673 2714 1717 et
2752 1664 2938 1732 loquar
2971 1659 3089 1723 tibi,
3125 1653 3320 1718 Israel,
3351 1651 3534 1720 testiﬁ-

1949 1788 1966 1819 ι
2008 1767 2167 1821 cabor
2200 1776 2270 1831 te,
2301 1763 2349 1817 si
2368 1778 2448 1816 me
2475 1759 2685 1822 audias,
2709 1773 2811 1810 non
2837 1755 2930 1809 erit
2958 1753 3009 1806 in
3041 1760 3088 1805 te
3111 1749 3252 1803 Deus
3281 1745 3532 1807 novitius,

3087 1839 3200 1911 Ego
3237 1840 3374 1894 enim
3416 1850 3535 1890 sum

1953 1973 1967 2002 ι
2012 1949 2265 2004 Dominus
2282 1945 2421 2000 Deus
2440 1951 2558 1996 tuus
2574 1941 2640 1994 ³³.
2664 1939 2764 2006 Qui
2789 1938 2938 1998 dicit,
2958 1949 3057 2007 ego
3081 1948 3224 1999 sum,
3245 1932 3406 2000 idque
3421 1934 3534 1984 tam

1950 2063 1966 2093 ι
2006 2042 2306 2103 evidenter,
2372 2051 2552 2092 annon
2597 2035 2794 2087 fatetur
2855 2030 2945 2085 ille
2988 2029 3158 2085 Deum
3201 2038 3368 2083 unum
3414 2033 3536 2078 esse

1949 2155 1964 2186 ι
2006 2134 2202 2199 solum,
2241 2132 2344 2186 hoc
2373 2137 2456 2185 est
2490 2123 2892 2195 semetipsum?
2925 2141 2943 2174 ι

2586 2215 2738 2274 CAP.
2777 2213 2894 2271 XX.

1945 2322 2085 2387 Quid
2115 2333 2304 2387 causa:
2334 2316 2492 2387 fuerit
2535 2312 2678 2387 quod
2744 2306 3010 2387 Moseset
3049 2307 3322 2387 prophetae.
3367 2299 3536 2387 εωρίὶ-

1977 2373 2134 2444 citarn
2166 2392 2229 2444 de
2259 2373 2401 2440 Filio
2427 2373 2741 2452 theologiam
2762 2378 2971 2433 Judreis
3003 2393 3108 2430 non
3142 2373 3502 2429 tradiderunt.

2014 2483 2138 2537 Haec
2179 2479 2362 2534 omnia
2397 2474 2687 2531 Marcellus
2733 2483 2789 2526 et
2839 2469 3017 2524 adhuc
3059 2466 3236 2537 plura,
3282 2466 3337 2520 in
3369 2463 3539 2518 abne-

1941 2577 2210 2648 gationem
2242 2571 2366 2626 Filii
2399 2568 2492 2624 Dei
2524 2563 2802 2632 congessit
2829 2581 2842 2616 :
2876 2568 3100 2631 propter
3147 2573 3303 2614 suam
3340 2569 3539 2624 nempe

1942 2645 2305 2738 ignorantiam
2343 2679 2357 2716 :
2394 2676 2499 2714 non
2541 2657 2687 2714 enim
2726 2652 3136 2716 recordabatur,
3186 2656 3413 2720 propter
3443 2645 3539 2706 Ju-

1941 2763 2181 2814 daaorum
2213 2755 2394 2812 cordis
2427 2750 2706 2814 duritiem,
2736 2746 2879 2801 hanc
2911 2745 3044 2816 ipsis
3075 2742 3381 2798 doctrinam
3406 2739 3538 2793 olim

1942 2858 2410 2922 repraesentatam.
2478 2843 2594 2897 Non
2654 2839 2801 2895 enim
2876 2845 3090 2908 poterat
3145 2834 3383 2906 Spiritus
3449 2828 3540 2884 ille

1943 2952 2167 3000 sanctus
2192 2939 2504 2996 hominibus
2532 2936 2669 2991 adeo
2709 2930 3047 3002 imperfectis
3081 2938 3137 2984 et
3169 2935 3352 2981 mente
3388 2924 3539 2984 inca-

1943 3033 2186 3102 pacibus,
2213 3045 2308 3098 per
2330 3025 2625 3099 prophetas
2647 3037 2797 3088 suos,
2824 3020 2938 3075 suis
2961 3018 3208 3072 numeris
3228 3014 3540 3072 absolutam

1949 3101 2160 3180 tradere
2205 3109 2425 3190 pietatis
2459 3117 2510 3170 in
2554 3117 2720 3170 Deum
2764 3111 3054 3166 rationem.
3105 3107 3231 3161 ideo
3265 3101 3540 3160 sacriﬁcia

1948 3217 2204 3290 praecepit
2246 3214 2426 3269 facere
2457 3230 2469 3265 :
2508 3210 2629 3265 ideo
2665 3207 2914 3277 corporis
2951 3200 3451 3263 circumcisionem,
3484 3206 3540 3253 et

1948 3309 2208 3368 Sabbata,
2233 3314 2286 3359 et
2313 3304 2557 3358 ciborum
2583 3296 2944 3369 quorumdam
2971 3291 3383 3352 abstinentiam,
3407 3303 3538 3343 cor-

1945 3400 2095 3471 poris
2127 3396 2456 3459 ablutiones,
2483 3390 2795 3461 corporales
2823 3385 3256 3448 benedictiones,
3294 3380 3536 3452 promis-

1945 3493 2129 3548 siones
2159 3489 2382 3556 insuper
2410 3501 2515 3540 non
2552 3482 2815 3539 caelorum
2843 3480 3020 3548 regni,
3052 3477 3146 3531 sed
3181 3485 3341 3528 terrae
3378 3471 3537 3530 lactis

1944 3594 1998 3640 et
2027 3581 2200 3638 mellis
2233 3575 2737 3634 abundantissimus.
2769 3572 3032 3633 Dominus
3057 3578 3237 3623 autem
3262 3565 3537 3620 etServa-

1947 3686 2031 3732 tor
2073 3676 2461 3742 interrogatus,
2497 3683 2605 3738 quo
2637 3665 2798 3723 modo
2833 3679 2955 3718 cum
2999 3661 3321 3732 praeciperet
3358 3657 3537 3712 Moses

1947 3765 2155 3836 repudii
2186 3761 2427 3816 libellum
2466 3761 2617 3824 dare,
2651 3766 2706 3812 et
2737 3755 3026 3810 demittere
3065 3765 3317 3815 uxorem,
3355 3749 3399 3802 si
3446 3747 3537 3802 cui

1944 3861 2018 3916 ita
2065 3855 2467 3916 adlubescebat,
2499 3852 2612 3921 ipse
2643 3848 2899 3904 statuerit
2931 3847 3018 3902 his
3048 3841 3408 3906 contrarium,
3449 3854 3537 3894 ra-

1947 3951 2145 4006 tionem
2174 3948 2350 4003 reddit
2378 3943 2765 4005 universalem,
2799 3939 3075 4011 inquiens,
3104 3935 3281 3990 Moses
3320 3940 3536 4004 propter

1945 4041 2192 4096 duritiem
2214 4038 2452 4092 cordium
2478 4041 2769 4088 vestrorum
2793 4032 2868 4084 ita
2899 4028 3110 4098 scripsit
3143 4044 3162 4080 :
3199 4027 3290 4080 sed
3316 4041 3349 4077 a
3377 4023 3535 4093 prin-

1943 4133 2078 4202 cipio
2115 4147 2221 4185 non
2262 4130 2360 4198 fuit
2401 4130 2474 4182 ita
2502 4126 2568 4178 ³⁸.
2609 4124 2764 4191 Quod
2804 4131 2862 4177 et
2898 4123 3075 4190 ipsum
3105 4117 3272 4175 etiam
3304 4129 3535 4184 respon-

1944 4227 2138 4291 disset,
2168 4224 2213 4277 si
2247 4222 2367 4291 quis
2399 4221 2810 4288 interrogasset,
2850 4215 2961 4273 Cur
3001 4227 3124 4265 cum
3163 4211 3331 4264 Deum
3364 4221 3534 4262 unum

1942 4319 2118 4375 colere
2156 4315 2356 4378 Moses,
2411 4322 2466 4368 et
2514 4320 2637 4381 post
2687 4307 2889 4364 Mnsem
2942 4307 3220 4375 prophetae
3271 4300 3535 4371 prtecipe-

1941 4421 2084 4476 rent,
2130 4409 2267 4463 nihil
2326 4405 2487 4477 plane
2545 4404 2875 4465 docuerunt,
2928 4413 3032 4454 nec
3085 4396 3373 4452 scientiam
3425 4393 3534 4448 illis

2647 4491 2912 4561 ?Neque
2989 4490 3135 4544 enim
3219 4487 3295 4542 illi
3380 4495 3534 4555 pote-

1944 4606 2092 4661 rant,
2134 4605 2243 4649 tam
2275 4591 2588 4662 frequenter
2623 4585 2839 4642 abducti
2870 4583 2939 4637 ab
2978 4596 3165 4637 errore
3204 4582 3272 4637 de
3304 4578 3533 4635 deorum

1947 4689 2315 4750 multitudine,
2357 4679 2895 4753 evangelicamillam
2940 4677 3172 4748 gratiam
3222 4674 3532 4745 percipere.

1952 4787 2010 4846 »Β
2046 4779 2311 4848 Quocirca
2339 4775 2486 4830 illius
2525 4771 2704 4844 populi
2744 4786 2840 4841 per
2875 4771 2928 4826 id
2974 4769 3232 4840 temporis
3271 4767 3535 4821 informa.-

1949 4887 2112 4937 tores,
2138 4879 2359 4942 propter
2385 4869 2641 4924 duritiem
2682 4864 2932 4921 cordium
2971 4863 3188 4917 illorum
3232 4861 3396 4914 unius
3442 4874 3536 4913 so-

1946 4969 2050 5022 lius
2093 4964 2186 5021 Dei
2233 4960 2539 5017 doctrinam
2576 4959 2643 5014 iis
2675 4957 3054 5013 instillarunt:
3094 4965 3154 5008 ut
3182 4955 3250 5008 ab
3275 4952 3534 5023 opinione

1946 5058 2256 5113 abstractos
2282 5055 2347 5109 de
2387 5054 2492 5107 diis
2522 5049 2728 5115 multis,
2759 5053 2824 5104 ad
2852 5048 3011 5103 unius
3072 5046 3409 5101 deducerent
3439 5057 3534 5097 co-

1945 5152 2268 5222 gnitionem.
2297 5147 2476 5216 Atque
2497 5144 2571 5198 ita
2603 5158 2701 5197 suo
2725 5142 2922 5212 populo
2953 5141 3261 5194 doctrinam
3283 5136 3534 5191 tradebat

1947 5243 2125 5299 Moses
2160 5238 2555 5310 imperfectam,
2585 5245 2808 5306 propter
2829 5243 3045 5304 captum
3077 5233 3322 5300 ipsorum
3353 5239 3406 5283 et
3440 5229 3536 5282 ini-

333 5468 391 5525 >I<
427 5454 1170 5526 Eil.Paris.,pag.155,i'55.
1247 5453 1292 5485 ³¹
1333 5453 1595 5520 Oscam,
1632 5453 1682 5506 4.
1763 5452 1806 5482 ³³
1842 5449 2076 5506 Malach.
2123 5445 2293 5512 11,10.
2371 5445 2416 5474 ³⁸
2459 5443 2600 5498 Psal.
2645 5439 2984 5506 Lxxx,9-H.
3063 5434 3319 5490 “Matth.
3347 5435 3532 5498 xix,h‘.

334 5649 446 5719 (95)
483 5643 971 5719 Σκληροκαρδίαν
1001 5641 1167 5719 ὑμῶν’
1192 5641 1500 5719 ἔγραψεν..
1541 5645 1728 5719 Deest,
1767 5659 1837 5719 ex

263 5714 558 5788 Evangelii)
611 5714 990 5788 supplendum,
1039 5714 1414 5788 ύμῖν-ταύτην
1454 5714 1549 5784 τὴν
1598 5717 1835 5784 ἐντολήν.

264 5783 447 5917 Lacu;
463 5800 548 5912 ei;
588 5783 748 5842 Marc.
801 5799 855 5851 κ,
889 5783 950 5848 5’;
988 5783 1258 5853 posterior
1281 5799 1403 5854 pars
1461 5783 1543 5839 εει
1589 5800 1616 5839 c
1650 5783 1836 5840 Matth.

265 5877 383 5917 ιιι.
448 5897 465 5917 .
500 5877 567 5912 ι’.

367 5902 383 5927 ν
411 5891 465 5917 οο
500 5891 567 5912 Πι-

2021 5648 2131 5716 (96)
2164 5648 2333 5718 Vulgo
2356 5649 2550 5717 εἴρετο,
2581 5654 2635 5698 et
2660 5635 3438 5718 statim,napaxslsudpsvoi.

2022 5706 2132 5789 (97')
2165 5706 2613 5785 ΙΙαὲαδὲῥίεινθίη
2649 5715 2839 5785 χάριν.
2880 5715 2950 5766 De
2977 5706 3176 5766 ticitutc
3217 5709 3344 5764 Jesu
3379 5706 3539 5771 Cirris

1953 5791 2042 5857 sti,
2076 5791 2194 5844 Filii
2236 5790 2349 5844 Dci.
2387 5789 2455 5844 M.
