4068 6316
165 389 275 447 955

1096 382 1184 439 DE
1221 379 1770 442 ECCLESIASTICA
1817 379 2211 437 THEOLOGIA
2252 378 2385 437 LIB.
2421 379 2485 433 ll.

3344 374 3451 435 954

163 526 275 575 ως
292 508 387 561 καὶ
398 506 591 573 ,βάθος
607 504 707 560 καί
718 505 893 574 ὕψος,
914 501 1136 573 γνῶναί
1150 520 1214 556 τε
1228 502 1341 571 τὴν
1356 501 1758 571 ὑπερϐάλλω-

1869 500 2094 565 sanctis,
2114 516 2232 570 quae
2254 508 2386 553 esset
2414 494 2660 560 latitudo,
2700 493 2997 565 longitudo,
3033 495 3371 566 profunditas
3400 502 3451 548 et

161 617 293 657 σαν
319 597 428 669 τῆς
456 599 732 669 γνώσεως
763 596 1005 666 ἀγάπην
1037 595 1143 650 τοῦ
1167 595 1337 650 Θεοῦ.
1372 594 1483 649 Kal.
1518 593 1679 656 αὐτὸς
1700 591 1759 646 δὲ

159 694 365 766 Σωτὴρ
390 692 546 765 ἡμῶν
589 690 813 743 πλεῖστα
854 690 955 741 ὅσα
992 688 1269 759 μυστήρια
1302 689 1431 759 περὶ
1466 686 1567 756 τῆς
1599 685 1760 756 βασι-

158 784 320 849 λείας
339 786 448 838 τῶν
474 781 748 854 οὐρανῶν,
790 782 919 853 περί
955 798 1014 834 τε
1040 780 1139 850 τῆς
1174 780 1485 843 συντελείας
1504 780 1599 833 τοῦ
1626 796 1762 832 παν-

160 877 283 942 τὸς,
318 876 444 947 περί
475 893 535 928 τε
563 874 671 928 τῶν
705 872 1066 943 ἐπαγγελιῶν,
1109 871 1240 925 ποτὲ
1276 872 1373 942 μὲν
1398 870 1484 924 διὰ
1514 868 1761 942 παραϐο-

161 968 301 1031 λῶν,
341 967 473 1020 ποτὲ
504 966 561 1020 δὲ
591 966 685 1020 καὶ
724 968 780 1018 ὲν
814 966 1145 1037 ἀπορρήτοις
1172 964 1419 1032 ἐξέφαινε
1448 966 1560 1027 τοῖς
1592 961 1757 1016 αὐτοῦ

166 1058 468 1129 μαθηταῖς,
506 1059 641 1129 πρὸς
680 1057 775 1121 οὓς
802 1057 1005 1124 ἔλεγεν,
1049 1056 1219 1125 ἠλῖν
1267 1055 1502 1109 δέδοται
1540 1054 1759 1124 γνῶναι

163 1148 240 1201 τὰ
261 1148 572 1218 μυστήρια
601 1149 709 1204 τοῦ
745 1149 915 1212 Θεοῦ,
951 1143 1025 1203 ὧν
1052 1151 1152 1203 οὐκ
1181 1149 1247 1204 ἂν
1282 1148 1431 1221 εὖροι
1453 1165 1537 1211 τις
1572 1146 1643 1200 τά
1665 1142 1761 1199 ἴσα

164 1243 326 1315 παρά
344 1244 551 1308 Μωσεί,
578 1245 610 1316 ἢ
637 1242 787 1315 παρά
806 1244 917 1305 τοῖς
944 1241 1150 1305 λοιποῖς
1185 1243 1510 1315 προφήταις.
1548 1235 1722 1294 Τίοῦν
1744 1256 1759 1305 ;

166 1335 293 1388 ἐπεὶ
328 1336 404 1407 μὴ
441 1336 520 1406 τῷ
558 1335 824 1388 Ἰουδαίων
853 1334 965 1405 λαῷ
996 1333 1268 1404 παρεδόθη
1295 1332 1491 1395 ταῦτα,
1526 1334 1607 1395 είς
1634 1335 1760 1385 em-

162 1426 382 1495 τήδειον
426 1427 615 1498 καιρὸν
643 1426 1018 1497 φυλαττόμενα
1051 1429 1116 1497 τῇ
1165 1424 1462 1496 Ἐκκλησία
1494 1422 1758 1497 Χριστοῦ,

166 1517 323 1588 παρὰ
360 1517 520 1571 τοῦτο
573 1520 709 1590 χρῆν
746 1519 888 1589 ὑμᾶς
924 1518 1021 1589 τὴν
1060 1518 1401 1598 δωρηθεωαν
1436 1518 1567 1588 ἡμῖν
1602 1515 1762 1587 χάριν

160 1608 411 1674 des-cent;
460 1608 493 1679 ἢ
539 1608 798 1677 μειζόνως
837 1609 1177 1679 εὐχαριστεῖν
1233 1606 1311 1678 τῷ
1345 1606 1447 1677 τῆς
1491 1606 1765 1677 τοσαύτης

164 1707 318 1777 ἡμᾶς
338 1701 737 1767 καταξιώσαντι
766 1699 1017 1769 γνώσεως
1045 1700 1151 1770 (6);
1183 1699 1341 1754 Κατά
1372 1699 1463 1752 τὸν
1487 1700 1649 1753 αὑτὸν
1670 1696 1766 1754 οῦν

164 1798 371 1868 τρόπον
413 1795 507 1848 καὶ
556 1794 653 1857 τὰς
698 1794 825 1865 περὶ
871 1792 967 1847 τοῦ
1004 1792 1135 1847 Υίοῦ
1164 1790 1531 1858 διδασκαλίας,
1565 1794 1629 1846 ὲκ
1662 1792 1763 1863 τῆς

1860 590 2094 645 altitudo
2115 629 2131 654 ,
2162 599 2210 643 et
2235 602 2548 658 cognoscere
2572 585 2905 639 excedentem
2933 586 3084 641 illam
3115 587 3449 641 dilectionem

1861 680 2177 750 cognitionis
2203 678 2299 732 Dei
2327 678 2395 729 δι.
2425 676 2533 731 Sed
2585 684 2641 732 et
2694 674 2924 744 ipsemet
2967 674 3233 731 Servator
3268 686 3452 734 noster

1859 771 2015 842 plura
2063 769 2317 841 mysteria
2352 769 2421 824 de
2452 785 2620 843 regno
2662 772 2925 828 caelorum
2956 815 2972 840 ,
3005 772 3072 829 de
3102 784 3451 826 consumma-

1864 866 2012 920 tione
2039 863 2259 930 mundi,
2291 866 2358 921 de
2385 864 2845 937 promissionibus
2869 906 2885 931 ,
2915 882 3059 922 nunc
3093 881 3191 937 per
3217 864 3452 936 parabo-

1864 958 1962 1019 las,
1997 973 2139 1011 nunc
2166 957 2401 1013 latenter
2441 967 2509 1013 ev
2537 959 2753 1014 occulte
2793 961 3008 1026 extulit,
3071 967 3128 1013 et
3166 958 3451 1028 discipulis

1864 1050 2151 1117 intimavit,
2186 1050 2479 1119 inquiens:
2518 1049 2671 1104 Vobis
2704 1052 2885 1107 datum
2913 1063 2987 1107 est
3023 1067 3175 1107 nosse
3205 1050 3453 1119 mysteria

1864 1143 1963 1197 Dei
2005 1142 2081 1207 δ’,
2124 1143 2323 1213 quibus
2375 1144 2628 1213 supparia
2677 1160 2785 1199 non
2848 1144 3089 1199 inveniet
3137 1144 3258 1214 quis
3309 1142 3455 1211 apud

1865 1234 2071 1290 Mosam
2097 1274 2115 1301 ,
2154 1243 2250 1290 aut
2283 1236 2522 1305 reliquos
2571 1238 2888 1307 prophetas.
2919 1235 3062 1304 Quid
3092 1236 3270 1305 ergo?
3316 1234 3453 1289 Cum

1865 1343 1971 1382 non
2000 1342 2327 1385 concessum
2366 1328 2530 1384 fuerit
2556 1328 2872 1385 Iudaeorum
2914 1328 3115 1399 populo
3148 1328 3249 1382 ista
3275 1326 3455 1397 perci-

1864 1434 2037 1490 pere,
2090 1419 2184 1474 sed
2236 1421 2289 1474 in
2343 1431 2555 1490 tempus
2604 1432 2971 1492 opportunum
3027 1418 3454 1476 reservabantur

1864 1511 2067 1566 Christi
2113 1512 2370 1568 Ecclesia:
2420 1513 2849 1583 patefacienda;
2905 1514 3028 1568 ideo
3079 1526 3183 1568 nos
3236 1519 3455 1582 oportet

1864 1618 2182 1658 concessam
2217 1605 2373 1659 nobis
2408 1606 2639 1675 gratiam
2682 1605 2996 1678 negligere?
3030 1603 3143 1659 lmo
3172 1617 3303 1658 vero
3340 1617 3455 1655 ma-

1858 1694 2031 1762 jorem
2069 1696 2120 1749 in
2152 1696 2370 1749 modum
2403 1696 2607 1765 gratias
2638 1695 2713 1751 illi
2766 1697 3075 1752 retribuere
3100 1737 3116 1759 ,
3168 1695 3261 1766 qui
3297 1693 3455 1750 nobis

1866 1786 2007 1841 hanc
2055 1795 2260 1840 tantam
2314 1788 2601 1842 scientiam
2638 1788 2957 1853 impertivit.
2994 1788 3077 1843 Ad
3129 1789 3289 1842 istum
3321 1801 3455 1854 ergo

166 1889 337 1962 αὑτοῦ
372 1888 582 1958 Καινῆς
608 1885 884 1957 Διαθήκης
915 1887 1183 1957 προσήκοι
1214 1884 1279 1938 ἂν
1325 1884 1755 1954 ἀπολαμϐάνειν,

1862 1878 2108 1946 modum,
2146 1896 2264 1949 quae
2286 1888 2411 1935 sunt
2436 1880 2504 1935 de
2542 1880 2633 1935 Dei
2669 1880 2783 1935 lilio
2817 1881 2869 1934 in
2906 1879 3063 1936 Novo
3102 1878 3456 1933 Testamento

164 1981 321 2035 οὐδὲν
361 1980 753 2050 ξενιζόμενους,
783 1980 829 2030 εἰ
858 1978 930 2048 μὴ
962 1977 1037 2047 τῷ
1072 1978 1487 2049 σκληροκαρδίῳ
1526 1975 1639 2046 λαῷ
1662 1976 1761 2047 τὴν

167 2074 299 2145 περὶ
331 2071 497 2126 αὐτοῦ
528 2071 728 2139 γνῶσιν
760 2069 1133 2125 ἀνεκάλυπτον
1167 2072 1215 2121 οἱ
1254 2068 1348 2123 τοῦ
1379 2068 1513 2121 Θεοῦ
1547 2067 1763 2138 ἀνθρω-

166 2182 283 2227 ποι,
312 2166 393 2229 είς
425 2164 614 2236 καιρὸν
644 2161 923 2235 εὔκαιρον,
950 2162 1040 2216 τὸν
1077 2163 1207 2233 περὶ
1232 2161 1399 2216 αὑτοῦ
1429 2160 1761 2230 ταμιευόμε-

165 2274 247 2311 νοι
280 2256 461 2325 λόγον.
503 2257 577 2311 Οὐ
618 2256 726 2329 γὰρ
767 2257 939 2308 ἐδόκει
971 2254 1279 2324 ἐπιτήδειον
1319 2249 1457 2306 εἶναι
1499 2252 1581 2318 τὸ,
1610 2269 1761 2323 τηνισ

166 2347 348 2403 καῦτα
384 2348 811 2419 ὑποσυρομένοις
842 2344 1067 2417 ἀνδράσι
1094 2346 1186 2398 ἐπὶ
1218 2344 1314 2415 τὴν
1338 2344 1762 2399 πολύθεονλπλά-

166 2457 265 2511 νην
291 2439 646 2511 παραδιδόναι
667 2438 726 2493 τὸ
754 2439 831 2509 (7)
860 2438 988 2510 περὶ
1018 2436 1232 2508 Πατρὸς
1254 2436 1348 2490 καὶ
1378 2436 1511 2490 Υίοῦ
1545 2436 1759 2509 μυστή-

171 2547 305 2601 ριον,
338 2526 419 2594 οἷς
446 2532 566 2584 οὑδὲ
590 2532 717 2594 τοὺς
742 2530 869 2601 περὶ
893 2530 1001 2582 τῶν
1028 2528 1448 2599 ὑποϐεϐηκὸτων
1476 2528 1759 2599 δυνάμεων

167 2621 533 2688 ὲξεκάλυπτον
558 2621 779 2691 λόγουςο
832 2621 908 2685 ὡς
946 2620 1012 2674 ἂν
1048 2619 1123 2691 μὴ
1154 2618 1429 2691 προφάσει
1460 2618 1634 2692 ταύτῃ
1664 2620 1757 2671 ὲπὶ

167 2711 266 2781 τὴν
313 2710 628 2782 Ἑλληνικὴν
681 2710 1042 2763 καταπέσοιεν
1096 2709 1409 2774 πολυθεταν,
1454 2711 1503 2763 oi
1545 2708 1759 2780 πατέρα

169 2801 378 2874 ἀνδρῶν
428 2820 489 2856 τε
541 2801 678 2856 θεῶν
719 2820 778 2855 τε
824 2804 917 2856 τὸν
974 2804 1104 2875 παρ’
1145 2804 1331 2869 αὐτοῖς
1385 2802 1759 2857 ἀνεπλάσαντο

170 2894 323 2947 Θεόν.
344 2894 543 2967 Διόπερ
564 2895 663 2966 τῆς
685 2895 941 2964 τοιαύτης
965 2896 1163 2959 αὐτοὺς
1187 2894 1528 2949 ἀναστέλλων
1549 2894 1759 2965 πλάνης

171 2988 198 3038 ό
225 2986 382 3056 λόγος
406 2988 502 3041 τὸν
522 2989 616 3040 ἕνα
650 2987 782 3041 Θεὸν
811 2988 1131 3059 ἐκήρυττεν,
1156 2988 1217 3039 οὐ
1244 2986 1350 3058 μὴν
1374 2987 1585 3058 πατέρα
1615 2983 1757 3039 εἶναι

170 3073 262 3126 τὸν
290 3075 451 3129 αὑτὸν
482 3077 698 3147 ἠρνεῖτο
719 3093 733 3107 ·
765 3077 860 3130 καὶ
885 3077 975 3129 τὸν
1001 3076 1174 3149 ἀληθῆ
1195 3078 1253 3130 δὲ
1282 3077 1460 3129 σέϐειν
1488 3077 1756 3140 ἐδίδασκε,

170 3164 263 3218 καὶ
293 3165 431 3237 πλὴν
466 3166 630 3220 αὑτοῦ
672 3166 877 3239 μηδένα
915 3167 1114 3220 εἰδέναι
1153 3167 1409 3239 παρῄνει,
1436 3168 1498 3221 οὐ
1533 3167 1641 3237 μὴν
1665 3168 1759 3240 ἡρ-

174 3261 314 3312 νεῖτο
344 3256 481 3313 εἶναι
527 3260 691 3313 αὑτὸν
717 3259 960 3332 Πατέρα.
990 3259 1054 3313 El
1089 3260 1149 3313 δὲ
1190 3258 1265 3331 (8)
1289 3260 1386 3313 καὶ
1408 3259 1633 3331 Κύριον,
1661 3257 1758 3310 καὶ

172 3349 301 3404 Θεδν
321 3351 501 3416 αὐτὸν,
542 3353 635 3406 καὶ
659 3352 886 3416 δίκαιον,
918 3352 1015 3406 καὶ
1049 3352 1281 3422 Σωτῆρα
1320 3350 1609 3413 ἀπεκάλει,
1642 3348 1758 3403 ἀλλ’

172 3442 272 3495 οὐκ
301 3442 559 3497 ἀπέκλειε
587 3444 681 3497 τοῦ
725 3445 819 3497 καὶ
860 3443 1079 3515 Πατέρα
1114 3439 1254 3496 εἶναι
1301 3443 1462 3497 αὐτὸν
1504 3444 1758 3513 ἡγεῖσθαι

173 3531 265 3586 τοῦ
293 3535 618 3604 μονογενοῦς
643 3536 809 3589 αὐτοῦ
844 3536 940 3589 καὶ
970 3534 1258 3605 ἀγαπητοῦ
1289 3534 1444 3588 Υἰοῦ.
1471 3535 1584 3587 Εἶτ’
1620 3530 1711 3587 οὖν
1730 3536 1758 3586 ό

175 3623 360 3696 Πατὴρ
383 3624 556 3694 λέγων
584 3625 681 3679 εἴθ’
710 3628 738 3680 ὀ
763 3626 889 3690 Υἱὸς
911 3626 971 3679 τὸ
1010 3626 1145 3696 Ἐγώ
1165 3628 1281 3695 εἶμι
1307 3628 1340 3680 ό
1371 3624 1473 3690 ὢν,
1502 3624 1757 3697 ἀληθεύοι

171 3713 236 3766 ἂν
266 3715 543 3789 ἑκατέρως
565 3718 594 3770 ὁ
621 3717 798 3788 λόγος.
832 3719 900 3772 ’Ὀ
930 3735 991 3772 τε
1014 3718 1124 3791 γὰρ
1150 3719 1335 3790 Πατὴι.
1373 3721 1405 3772 ό
1433 3716 1519 3771 ὢν
1549 3718 1636 3791 εἴη
1667 3716 1755 3783 ἂν,

176 3807 331 3875 μόνος
358 3809 525 3874 αὐτὸς
558 3808 633 3862 ὢν
678 3809 773 3864 ὲπὶ
803 3811 1041 3878 πάντων,
1079 3812 1173 3865 καὶ
1200 3810 1290 3864 διά
1321 3810 1538 3865 πάντων
1573 3812 1667 3865 καὶ
1697 3812 1759 3864 ὲν

175 3900 306 3956 πᾶσι
336 3900 490 3967 Θεὸς,
522 3903 599 3966 ὡς
619 3906 647 3957 ό
667 3902 808 3967 θεῖος
832 3904 1042 3970 ἐδίδαξε
1080 3904 1425 3968 ’Δπόστολος,
1459 3905 1488 3958 ὃ
1508 3921 1570 3957 τε
1602 3904 1752 3970 Υἱὸς,

173 3993 265 4045 καὶ
298 3993 460 4057 αὐτὸς
490 3993 845 4065 χρηματίζων
883 3998 916 4050 ό
936 3992 1041 4059 ὢν,
1068 3994 1322 4065 ἀληθεύοι
1352 3995 1440 4050 ἀν·
1488 3995 1653 4066 μόνος
1680 3993 1755 4048 ὢν

173 4078 320 4145 Υίὸς,
350 4082 645 4155 μονογενὴς
666 4083 759 4138 τοῦ
789 4084 962 4150 ὄντος,
990 4084 1128 4139 ἀλλά
1154 4086 1249 4139 καὶ
1277 4085 1441 4140 εἰκὼν
1460 4086 1552 4140 τοῦ
1585 4086 1755 4158 ἀορά-

174 4187 264 4225 του
309 4172 445 4227 Θεοῦ
490 4175 770 4248 ὑπάρχων.
800 4176 911 4231 Καὶ
940 4176 1101 4231 τοῦτο
1139 4177 1224 4249 εῐη
1268 4176 1334 4230 ἀν
1371 4176 1444 4248 (9)
1481 4176 1647 4231 αὐτοῦ
1682 4178 1759 4229 εί-

175 4261 303 4330 κὼν,
346 4266 470 4320 καθ’
520 4266 549 4320 ὃ
593 4267 752 4339 μόνος
792 4262 862 4340 ῆν
915 4269 1075 4333 αὐτὸς
1119 4273 1152 4324 ὀ
1198 4270 1302 4323 ὢν.
1333 4270 1424 4324 Διὸ
1460 4270 1553 4323 καὶ
1593 4270 1755 4335 αὐτὸς

175 4358 501 4427 χρηματίζοι
528 4359 594 4415 ἂν
619 4363 652 4414 ὀ
678 4359 776 4424 ὢν,
798 4361 920 4414 ἐπεὶ
949 4362 1043 4417 καὶ
1059 4362 1191 4427 Θεὸς
1215 4364 1310 4417 καὶ
1324 4362 1531 4435 Κύριος
1556 4364 1758 4434 ὁμοίως

176 4446 252 4517 τῷ
282 4449 457 4523 Ila-rp}.
488 4452 582 4506 καὶ
608 4452 771 4517 αὐτὸς
797 4451 887 4507 διὰ
918 4452 1098 4525 πάσης
1115 4454 1477 4526 ἀνηγόρευται
1508 4455 1607 4526 τῆς
1636 4455 1757 4507 θεο-

180 4541 437 4596 πνεύστου
472 4542 718 4615 Γραφῆς.

1862 1971 2153 2038 praedicata
2184 1970 2500 2041 accipienda
2528 1980 2692 2036 sunt,
2718 1985 2822 2025 nec
2845 1978 2906 2024 ut
2931 1969 3167 2026 alienum
3197 1968 3325 2038 quid
3353 1966 3456 2020 mi-

1865 2077 1965 2117 nus
1991 2072 2302 2131 acceptare,
2319 2064 2362 2118 si
2397 2064 2615 2133 quidem
2654 2064 2733 2119 illi
2756 2064 2953 2134 populo
2976 2063 3113 2117 duro
3141 2062 3303 2117 corde
3324 2075 3459 2129 pra:-

1864 2153 1977 2209 dito
2025 2155 2276 2209 homines
2332 2154 2408 2208 illi
2444 2155 2539 2209 Dei
2575 2155 2943 2224 cognitionem
2980 2155 3048 2209 'de
3080 2153 3171 2207 illo
3200 2167 3306 2206 non
3344 2159 3455 2205 tra-

1862 2247 2115 2301 diderunt
2137 2286 2152 2311 ,
2203 2256 2487 2303 reservato
2519 2247 2571 2301 in
2616 2256 2834 2315 tempus
2871 2254 3233 2315 opportunum
3267 2244 3332 2298 de
3364 2242 3454 2298 illo

1862 2337 2263 2405 dispensatorio
2296 2350 2571 2393 sermone.
2612 2334 2731 2390 Non
2796 2334 3085 2390 videbatur
3140 2343 3269 2388 tunc
3314 2340 3455 2388 tem-

1862 2428 2010 2497 poris
2036 2442 2248 2497 aequum
2277 2442 2421 2492 esse,
2456 2436 2516 2481 ut
2554 2426 2873 2483 hominibus
2895 2425 2963 2479 ad
2990 2439 3234 2480 errorem
3255 2424 3322 2478 de
3348 2423 3455 2478 diis

1863 2518 2050 2573 multis
2078 2518 2235 2575 facile
2278 2518 2663 2588 arrepentibus
2687 2558 2704 2585 ,
2747 2517 3065 2589 mysterium
3096 2515 3163 2570 de
3189 2514 3353 2571 Patre
3398 2525 3455 2569 et

1862 2610 1999 2667 Filio
2032 2611 2385 2675 revelaretur,
2445 2625 2570 2665 cum
2607 2608 2741 2664 nihil
2778 2612 2845 2663 de
2879 2607 3145 2679 subjectis
3179 2609 3328 2663 hisce
3356 2622 3455 2677 po-

1862 2702 2149 2759 testatibus
2198 2701 2529 2772 patefactum
2560 2700 2747 2767 fuerit,
2791 2715 2863 2754 ne
2896 2714 2993 2768 per
3038 2700 3183 2755 hunc
3214 2708 3453 2768 praetex-

1861 2803 1974 2850 tum
2003 2794 2079 2849 illi
2144 2796 2213 2850 ad
2268 2808 2606 2867 paganorum
2650 2793 2989 2864 polytheiam
3040 2792 3448 2855 dilaberentur,

1862 2887 1954 2957 qui
1986 2886 2174 2942 Jovem
2216 2901 2374 2942 suum
2416 2896 2626 2954 patrem
2670 2885 3065 2955 hominumque
3117 2884 3453 2953 deorumque

1860 2993 2061 3033 vocare
2082 2978 2287 3034 solent.
2324 2978 2595 3046 Quocirca
2633 2988 2697 3033 ut
2743 2993 2994 3033 errorem
3029 2978 3176 3033 hunc
3204 2977 3451 3032 elimina-

1862 3081 1947 3125 ret
1969 3068 2211 3126 Verbum
2243 3070 2373 3125 illud
2404 3070 2522 3135 Dei,
2564 3086 2729 3125 unum
2760 3069 2927 3125 Deum
2957 3069 3320 3140 praedicabat:
3344 3083 3453 3122 non

1862 3171 2045 3218 tamen
2084 3164 2576 3231 negaviteumilem
2630 3177 2753 3219 esse
2794 3162 3013 3218 Patrem
3049 3177 3281 3217 :verum
3325 3175 3455 3215 vero

1786 3238 1828 3295 (ἶ
1865 3256 2032 3309 Deum
2065 3254 2217 3310 illum
2252 3257 2489 3311 adorare
2522 3255 2754 3321 docuit,
2816 3266 2871 3310 et
2900 3262 3100 3325 praeter
3132 3253 3281 3308 illum
3331 3253 3456 3305 nul-

1861 3346 1970 3401 lum
2019 3346 2187 3401 alium
2241 3347 2495 3403 arbitrari
2550 3348 2719 3402 Deum
2768 3346 3007 3402 erudivit
3039 3362 3055 3400 :
3087 3345 3183 3401 sed
3232 3343 3456 3398 minime

1862 3441 2135 3496 iuliciatur
2185 3440 2335 3495 illum
2381 3454 2506 3496 esse
2549 3437 2791 3506 Patrem,
2840 3445 2898 3504 ›Ῑ‹
2954 3439 3001 3494 si
3049 3437 3336 3493 Dominum
3397 3444 3456 3491 et

1862 3534 2030 3591 Deum
2066 3532 2215 3588 illum
2241 3573 2257 3599 ,
2289 3542 2346 3587 et
2398 3534 2607 3599 justum
2654 3532 2955 3587 nominavit
2980 3540 3036 3587 et
3075 3530 3451 3595 Serv-storem,

1858 3640 1965 3679 non
1996 3624 2232 3681 exclusit
2256 3639 2427 3679 euma
2456 3623 2613 3679 titulo
2644 3623 2848 3687 Patris,
2873 3634 3059 3678 tamen
3091 3631 3152 3677 ut
3179 3637 3285 3677 non
3308 3630 3455 3677 esset

1861 3718 2022 3773 Pater
2054 3719 2321 3791 unigeniti
2359 3727 2415 3774 et
2439 3717 2621 3773 dilecti
2650 3719 2732 3772 sui
2763 3716 2885 3773 Filii
2920 3735 2935 3773 :
2966 3718 3088 3773 sive
3116 3732 3245 3788 ergo
3264 3716 3449 3782 Pater,

1858 3825 1953 3867 seu
2005 3810 2177 3866 Filius
2206 3809 2338 3867 illud
2368 3812 2485 3877 ait,
2519 3809 2638 3880 Ego
2670 3826 2787 3865 sum
2815 3809 2909 3881 qui
2952 3825 3071 3863 sum
3113 3808 3180 3874 “,
3225 3807 3449 3863 omnino

1856 3902 2201 3956 verissimum
2232 3910 2337 3966 est,
2364 3902 2510 3973 quod
2554 3902 2651 3957 abs
2699 3901 2907 3956 utrovis
2956 3900 3183 3956 dicitur.
3212 3896 3452 3954 Namet

1858 3991 2025 4049 Pater
2056 4003 2141 4050 est
2168 4032 2185 4059 ,
2218 3994 2312 4065 qui
2354 4010 2475 4049 sum
2500 4034 2516 4061 ,
2551 4007 2675 4048 cum
2717 3994 2789 4048 sit
2832 3992 2982 4049 solus
3020 4006 3186 4062 super
3227 3989 3447 4056 omnia,

1858 4100 1957 4155 per
1999 4086 2181 4141 omnia
2210 4094 2267 4142 et
2292 4085 2347 4141 in
2387 4085 2645 4140 omnibus
2694 4083 2875 4149 Deus,
2915 4082 3060 4154 quod
3108 4097 3209 4138 nos
3233 4082 3454 4139 divinus

1859 4178 2044 4233 docuit
2071 4178 2381 4249 Apostolus.
2420 4176 2527 4233 Sed
2555 4186 2612 4233 et
2644 4176 2821 4233 Filius
2848 4178 2894 4234 si
2934 4176 3150 4233 dicatur
3175 4177 3267 4248 qui
3292 4192 3409 4230 sunt
3430 4214 3449 4241 ,

1859 4282 1988 4324 vere
2034 4267 2113 4323 sic
2146 4270 2387 4323 dicitur:
2417 4282 2544 4323 cum
2574 4266 2726 4323 solus
2760 4267 2837 4322 sit
2861 4264 3039 4321 Filius
3073 4265 3166 4321 Dei
3200 4265 3453 4337 unigeni-

1860 4369 1948 4416 tus
1987 4358 2106 4433 ejus
2130 4400 2144 4424 ,
2175 4360 2268 4430 qui
2310 4369 2410 4427 est,
2456 4374 2580 4415 cum
2609 4359 2682 4416 sit
2723 4359 2903 4431 imago
2939 4357 3039 4413 Dei
3068 4358 3348 4413 invisibilis
3376 4355 3467 4423 “..

1859 4465 1916 4509 et
1957 4468 2024 4508 eo
2055 4453 2172 4522 ipso
2215 4451 2287 4507 sit
2319 4451 2500 4523 imago
2525 4449 2681 4519 ejus,
2719 4451 2865 4522 quod
2895 4454 3048 4507 solus
3075 4451 3191 4523 ipse
3224 4451 3296 4506 sit
3360 4450 3467 4519 qui.

1858 4554 1957 4601 est.
1985 4543 2241 4613 Adeoque
2273 4553 2499 4599 vocetur
2532 4552 2589 4599 et
2648 4543 2737 4597 ille
2782 4544 2872 4614 qui
2900 4554 3011 4611 est,
3042 4558 3166 4599 cum
3215 4552 3269 4599 et
3309 4543 3469 4598 Deus

180 4631 249 4685 sit
270 4644 323 4687 et
354 4634 610 4694 Dominus
633 4638 885 4695 similiter
913 4649 1079 4712 atque
1109 4639 1274 4697 Pater
1298 4649 1457 4698 estet
1488 4640 1750 4697 Dominus
1790 4655 1857 4697 ac
1917 4640 2060 4697 Deus
2089 4659 2102 4696 :
2137 4641 2409 4712 quomodo
2432 4654 2531 4711 per
2592 4638 2911 4710 Scripturas
2938 4638 3467 4696 universasannun-u

180 4726 357 4783 tiatur.

792 4827 951 4883 ΚΕΦ.
984 4828 1116 4883 KA'.

184 4905 298 4963 Ὅτι
321 4914 353 4966 ό
385 4910 617 4979 Υίὸρῆν
638 4917 743 4972 τοῦ
772 4918 941 4982 Θεοῦ,
972 4920 1244 4993 ὀΑΜωσεῖ
1261 4920 1360 4974 καί
1392 4920 1472 4987 τῷ
1512 4921 1757 4993 Ἀϐραὰμ

767 4990 1160 5059 χρηματίσας.

247 5072 413 5130 Τοῦτο
429 5076 485 5130 δέ
507 5078 627 5132 ὲστι
650 5080 745 5133 καὶ
773 5084 836 5134 ὲκ
872 5082 965 5136 τοῦ
1000 5083 1135 5155 πρὸς
1168 5083 1261 5139 τὸν
1296 5084 1502 5139 Μωσέα
1532 5102 1755 5157 χρημα-

182 5166 367 5235 τισμοῦ
394 5168 636 5244 γνῶναι·
668 5170 816 5240 λέγει
849 5173 893 5225 δ’
914 5168 1009 5228 οὖν
1041 5177 1076 5248 ἡ
1115 5176 1327 5249 Γραφή”
1363 5175 1661 5246 Ἑλάλησε
1686 5175 1757 5229 δὲ

184 5257 216 5309 ὁ
241 5256 381 5325 Θεὸς
409 5260 560 5331 πρὸς
596 5262 845 5330 Μωσῆν,
906 5266 1005 5320 καὶ
1039 5264 1172 5323 εἷπε
1197 5268 1348 5339 πρὸς
1383 5271 1574 5324 αὐτόν
1618 5268 1751 5337 (10)⁶

2482 4820 2640 4877 CAP.
2677 4820 2825 4877 XXI.

1952 4914 2108 4983 Quod
2139 4911 2315 4969 Filius
2351 4913 2395 4967 is
2422 4912 2515 4966 Dei
2536 4914 2738 4982 fuerat,
2764 4914 2855 4983 qui
2882 4929 3003 4967 cunt
3025 4910 3175 4968 lose
3202 4920 3362 4983 atque

2324 4984 2625 5037 Abraltamo
2653 4983 2987 5053 loquebatur.

1931 5075 2199 5149 Cognosci
2228 5084 2409 5145 potest
2446 5075 2581 5130 illud
2626 5090 2693 5130 ex
2762 5075 2853 5129 illa
2889 5090 3012 5129 cum
3044 5074 3194 5130 lose
3212 5073 3460 5128 collocu-

1864 5173 2030 5227 tione.
2066 5170 2159 5225 Ait
2202 5170 2347 5225 enim
2384 5166 2669 5237 Scriptura
2700 5185 2715 5223 :
2752 5166 2823 5221 Et
2864 5167 3077 5222 locutus
3104 5175 3183 5221 est
3214 5165 3351 5219 Deus
3382 5166 3463 5217 ait

1864 5264 2089 5329 Mount,
2121 5272 2171 5318 et
2206 5263 2339 5317 dixit
2376 5260 2458 5314 illi
2511 5277 2529 5315 :
2572 5259 2686 5333 Ego
2725 5259 3021 5328 Dominus,
3053 5270 3102 5315 et
3130 5260 3274 5315 visus
3310 5276 3461 5325 sunt,

257 5445 312 5505 Ἰι
343 5441 441 5500 Ed.
474 5443 680 5515 Paris.,
711 5462 835 5521 pag.
866 5448 989 5507 157.
1064 5449 1110 5479 ⁸⁸
1137 5448 1337 5519 pres.
1361 5463 1444 5514 tu,
1482 5449 1572 5517 18,
1595 5446 1681 5505 l9.
1756 5464 1758 5473 η

1861 5461 1972 5502 suc.
1999 5459 2120 5510 vnt,
2160 5442 2248 5499 l0.
2325 5441 2372 5474 “
2396 5440 2575 5498 Exod.
2605 5458 2687 5509 Ill,
2722 5441 2811 5499 ﬂ.
2888 5439 2940 5474 “
2966 5439 3176 5497 Coloss.
3207 5453 3248 5495 ι.
3285 5438 3387 5495 l5.

259 5663 334 5741 (ἒ)
367 5668 675 5741 [νώσεως-
709 5669 869 5726 Deest
900 5667 1122 5741 Χριστῷ
1151 5676 1246 5741 aut
1275 5668 1413 5741 Θεῷ·
1454 5670 1523 5728 M-

261 5735 336 5877 (7;
372 5736 537 5809 Vulgo
564 5735 654 5806 τις
686 5755 807 5799 mox
856 5735 1015 5811 vulgo
1045 5735 1469 5799 ἀνεπλάσσοντο.

262 5804 314 5871 is
364 5808 528 5881 Vulgo
551 5810 637 5883 δή.

1933 5670 2010 5815 ἒθ)
2032 5670 2142 5726 Καὶ
2177 5668 2353 5723 τοῦτο
2380 5663 2473 5733 εἵη
2514 5665 2778 5752 (inpegi:
2810 5666 2905 5720 καί
2934 5663 3132 5735 τούτῳ.
3174 5659 3257 5719 Μ.

1962 5741 2049 5811 10)
2085 5740 2255 5813 Vulgo
2284 5734 2505 5814 [λέγων]
2538 5753 2670 5807 εγω.

1962 5734 2049 5811 ιδ)
2085 5740 2255 5813 Vulgo
2284 5734 2505 5814 [λέγων]
2538 5735 2670 5807 ἐγώ.
