4068 6316
240 369 350 428 957

1177 373 1267 429 DE
1308 373 1852 432 ECCLESIASTICA
1885 372 2279 432 THEOLOGIA
2303 374 2434 434 LIB.
2475 373 2529 431 ΙΙ.

3414 376 3520 434 958

239 485 425 543 ταῦθαι
453 487 532 559 μὴ
555 488 905 560 ταραττέσΘω
923 489 1020 559 τὴν
1047 487 1246 559 ψυχὴν,
1275 489 1414 544 ἀλλὰ
1433 491 1527 545 καὶ
1561 490 1670 544 τῶν
1703 489 1810 561 ἑξῆς

1936 491 2192 560 trepidet,
2225 491 2320 547 sed
2360 491 2612 546 attendat
2642 505 2764 560 quae
2799 499 3103 562 sequuntur
3131 492 3335 549 statim.
3380 493 3518 549 Cunt

241 580 608 650 συνημμένων
637 580 908 634 ἀκουέτω·
935 579 1103 634 εἰπὼν
1133 582 1264 652 γὰρ,
1305 584 1425 636 Οὐκ
1454 581 1701 636 ἔσονταί
1729 598 1831 637 σοι

240 670 367 726 θεοὶ
426 670 612 739 ἕτεροι
657 670 823 738 πλὴν
855 671 1020 741 ἐμοῦ,
1078 672 1386 742 ἐπήγαγεν⁹
1431 675 1514 727 Οὐ
1555 672 1829 740 ποιήσεις

236 762 480 827 σεαυτῷ
491 761 887 832 (insimulare,
913 763 1055 817 οὐδὲ
1076 764 1302 830 παντὸς
1317 766 1600 835 ὁμοίωμα,
1623 765 1740 820 ὅσα
1759 766 1828 819 ἐν

236 849 324 916 τῷ
349 851 580 918 οὐρανῷ
600 852 742 918 ἄνω,
761 854 859 907 καὶ
873 853 990 908 ὅσα
1011 855 1080 908 ἐν
1103 855 1178 922 τῇ
1195 855 1270 925 γῆ
1300 857 1476 921 κάτω,
1501 858 1597 911 καὶ
1625 858 1742 912 ὅσα
1757 859 1826 912 ἐν

235 945 366 1010 τοῖς
392 945 612 999 ὒδασιν
636 944 912 1001 ὑποκάτω
939 946 1050 1016 τῆς
1070 947 1202 1016 γῆς.
1243 950 1324 1002 Οὐ
1372 951 1825 1018 προσκυνήσεις

232 1037 466 1103 αὐτοῖς,
483 1037 624 1092 οὐδὲ
630 1039 715 1109 μὴ
727 1040 1077 1108 λατρεύσεις
1092 1038 1314 1105 αὐτοῖς,
1328 1039 1441 1109 ἐγὼ
1456 1041 1566 1110 γάρ
1581 1045 1697 1112 ειμι
1711 1045 1826 1097 Κύ-

225 1147 368 1197 ριος
395 1129 427 1182 δ
453 1132 596 1195 Θεός
621 1145 760 1196 σου,
814 1133 1031 1200 Κύριος
1052 1131 1336 1199 ζηλωτής.
1375 1133 1535 1204 Ὁρᾷς
1561 1135 1709 1199 ὅπως
1742 1136 1819 1189 δι·

233 1222 519 1276 επέλλετο
535 1222 665 1294 (22),
675 1223 748 1295 μὴ
851 1223 959 1276 τῶν
975 1224 1143 1278 ἐθνῶν
1158 1225 1405 1296 πολυθέῳ
1425 1226 1601 1301 πλάνῃ
1617 1246 1822 1282 συναπ-

233 1311 488 1382 άγεσθαι,
513 1315 673 1385 μόνον
700 1315 758 1368 δὲ
786 1316 948 1368 αὑτὸν
971 1317 1168 1370 εἰδέναι
1194 1318 1326 1371 Θεὸν
1349 1320 1443 1373 καὶ
1472 1319 1696 1390 Κύριον.
1727 1320 1821 1384 Τίς

230 1405 286 1458 δ’
317 1401 408 1459 οῦν
448 1399 638 1472 οὗτος;
678 1408 735 1460 '0
757 1407 883 1472 Υἱὸς
901 1408 997 1480 τὴν
1022 1410 1205 1463 εἰκόνα
1235 1412 1327 1464 τοῦ
1364 1413 1576 1482 Πατρὸς
1595 1413 1735 1482 ἔχων
1761 1414 1818 1465 ὲν

229 1498 434 1568 ἑαυτῷ,
470 1497 527 1564 ἐξ
561 1498 870 1561 αὑΘεντείας
909 1517 969 1552 τε
1005 1500 1169 1553 αὐτοῦ
1213 1504 1325 1564 τοῖς
1349 1503 1817 1575 σείδωλολατρείαν

229 1588 450 1642 νοσοῦσι
484 1588 654 1642 ταῦτα
683 1589 1115 1660 διαταττόμενος.
1159 1592 1245 1654 Ὠς
1273 1593 1393 1665 γὰρ
1414 1594 1590 1647 πάντα
1619 1595 1685 1646 δι’
1721 1596 1817 1647 αὑ-

227 1679 338 1732 τοῦ
356 1679 591 1748 ἐγένετο,
622 1680 716 1732 τοῦ
735 1681 948 1752 Πατρὸς
972 1681 1059 1734 διὰ
1085 1683 1178 1734 τοῦ
1203 1684 1452 1755 Σωτῆρος
1472 1685 1569 1756 τὴν
1588 1686 1696 1738 τῶν
1720 1704 1815 1754 γε-

226 1769 410 1839 νητῶν
453 1771 711 1824 ἁπάντων
759 1773 946 1826 οὐσίαν
985 1773 1096 1844 (‘23)
1140 1775 1609 1846 ὑποστησαμένου,
1641 1777 1814 1841 οὕτως

224 1860 396 1923 αὐτὸς
421 1856 488 1930 ἦν
515 1862 544 1914 ὁ
577 1862 766 1933 Πατὴρ
794 1861 891 1932 τὴν
921 1842 1000 1926 είς
1020 1842 1181 1916 αὑτὸν
1213 1842 1413 1934 γνῶσίν
1427 1842 1500 1920 ⁷τε
1533 1870 1626 1922 καὶ
1653 1871 1810 1922 εὐσέ-
1844 1842 1886 1894 Β

224 1949 386 2003 σειαν
420 1949 510 2004 διὰ
557 1951 774 2020 μεσίτου
822 1951 916 2004 τοῦ
954 1953 1082 2006 Υίοῦ
1117 1957 1441 2026 παραδιδοὺς
1481 1957 1808 2028 ἀνθρώποις.

227 2040 415 2095 Τοῦτο
446 2041 505 2096 δὲ
535 2044 629 2096 καὶ
657 2045 685 2096 ὁ
729 2044 1051 2110 Ἀπόστολος
1085 2048 1268 2111 αὐτοῖς
1300 2049 1508 2118 ῥήμασι
1546 2049 1812 2115 Γαλάταις

222 2131 747 2204 γράφων-ἐδίδασκε,
772 2134 836 2188 δι’
863 2130 938 2190 ὧν
965 2137 1069 2208 ἔφη
1087 2154 1099 2168 ⁸
1138 2139 1190 2190 Ὀ
1218 2139 1401 2208 νόμος
1418 2140 1714 2209 διαταγεὶς
1735 2141 1809 2196 δι’

220 2225 502 2296 ἀγγέλων
530 2227 598 2279 ἐν
635 2226 789 2295 χειρὶ
807 2229 1060 2297 μεσίτου
1079 2247 1096 2262 ·
1117 2233 1149 2284 ὁ
1172 2230 1241 2283 δὲ
1257 2233 1507 2300 μεσίτης
1536 2233 1674 2298 ἑνὸς
1696 2236 1832 2287 οὐκι

220 2315 404 2370 ἔστιν
420 2333 446 2349 κ
464 2317 502 2370 ὁ
524 2316 591 2370 δὲ
614 2316 763 2382 Θεὸς
784 2312 873 2384 εἷς
899 2320 1074 2374 ἐστιν
1093 2322 1228 2392 (ΞΑ).
1257 2323 1378 2376 Κᾶν
1403 2323 1534 2396 λέγῃ
1554 2341 1567 2354 ο
1600 2324 1806 2391 Ἴδετε,

220 2407 323 2462 ὅτι
356 2407 470 2477 ἐγώ
499 2411 635 2478 ειμι,
673 2413 770 2465 καὶ
801 2416 912 2466 οὐκ
933 2413 1064 2466 ἐστι
1094 2415 1239 2480 Θεὸς
1285 2415 1454 2484 πλὴν
1501 2417 1668 2486 ἐμοῦ,
1705 2420 1810 2471 πά-

195 2498 315 2552 .λιν
344 2499 372 2552 ὁ
405 2499 592 2570 Πατὴρ
621 2495 709 2571 ἦν,
740 2501 814 2565 ὡς
843 2500 937 2555 διὰ·
959 2503 1164 2566 εἰκόνος
1191 2507 1285 2558 καὶ
1318 2507 1558 2576 μεσίτου,
1593 2509 1682 2562 διὰ
1712 2510 1806 2563 τοῦ

219 2588 363 2644 Υίοῦ
380 2589 536 2644 τοῦτο
553 2591 777 2660 φάσκων
798 2610 812 2623 ·
827 2594 886 2647 οὐ
901 2594 1006 2666 γὰρ
1017 2594 1080 2666 δὴ
1095 2594 1341 2663 λέγοντος
1359 2599 1456 2668 μὲν
1472 2597 1692 2652 Ἡσαΐου
1714 2601 1816 2654 τοῦ

218 2683 531 2753 προφήτου,
570 2685 743 2751 Υίοὺς
788 2686 1089 2755 ἐγέννησα
1113 2689 1210 2742 καὶ
1241 2689 1478 2758 ὕψωσα,
1505 2693 1598 2745 καὶ
1625 2694 1803 2758 πάλιν,

235 2773 478 2842 Ἰσραὴλ
495 2774 560 2828 δέ
585 2793 661 2844 με
686 2779 797 2830 οὐκ
831 2780 1001 2848 ἔγνω,
1030 2781 1124 2834 καὶ
1165 2783 1197 2834 ὁ
1231 2785 1382 2848 λαός
1407 2803 1482 2853 με
1514 2789 1584 2840 οὐ
1614 2787 1808 2856 συνῆ-

221 2881 320 2931 κε,
360 2867 455 2919 καὶ
485 2863 657 2933 αὖθις,
717 2869 856 2938 Ἐγὼ
885 2868 1032 2926 ,τᾶσι
1073 2874 1195 2939 τοῖς
1234 2875 1477 2944 ἄστροις
1510 2880 1806 2934 ἐνετειλά-

213 2971 368 3025 μην,
397 2957 508 3022 καὶ,
533 2957 611 3026 Τῇ
656 2961 809 3028 χειρί
849 2979 968 3029 μου
1000 2962 1337 3032 ἐστερέωσα
1378 2968 1487 3021 τὸν
1519 2971 1802 3037 οἱφανὸν,

1933 583 2081 638 enim
2117 583 2331 638 dixerat
2361 623 2376 646 ,
2436 581 2564 637 Non
2609 592 2761 637 erunt
2811 584 2906 636 tibi
2949 584 3027 637 dii
3053 584 3149 638 alii
3189 597 3384 655 prater
3414 604 3518 651 me,

1932 673 2239 738 subintulit,
2277 673 2405 728 Non
2435 675 2596 742 {acies
2628 675 2723 727 tibi
2754 674 2996 740 idolum,
3026 691 3188 745 neque
3219 693 3421 732 omnem
3445 684 3519 732 si-

1932 766 2287 820 militudinem
2318 782 2497 820 eorum
2527 782 2643 836 qua:
2673 774 2800 819 sunt
2829 767 2884 820 in
2909 766 3038 820 caelo
3081 784 3312 833 sursum,
3346 770 3518 823 autin

1929 871 2070 914 terra
2103 860 2374 925 deorsum,
2409 869 2502 912 aut
2524 876 2642 929 qua:
2678 860 2876 913 suntin
2911 861 3061 924 aquis
3091 861 3268 915 subter
3283 872 3514 926 terram,-

1929 967 2032 1004 non
2064 950 2312 1004 adorabis
2342 950 2460 1015 illa,
2501 966 2604 1003 non
2631 951 2882 1006 inservies
2916 951 3045 1014 illis,
3083 951 3194 1022 Ego
3228 954 3370 1006 enim
3395 969 3515 1006 sum

1925 1043 2190 1096 Dominus
2229 1041 2372 1096 Deus
2417 1054 2572 1108 tuus,
2606 1043 2746 1096 Deus
2780 1043 2971 1097 zelotes
2999 1044 3066 1100 ⁸⁸.
3101 1043 3264 1100 Vides
3287 1053 3344 1099 ut
3373 1060 3512 1116 prte-

1925 1130 2132 1200 ceperit
2159 1131 2209 1185 id
2236 1131 2432 1197 solum,
2465 1148 2535 1186 ne
2562 1133 2630 1187 ab
2658 1148 2845 1187 errore
2879 1133 3167 1203 gentilitio,
3191 1135 3258 1190 de
3281 1136 3510 1191 deorum

1927 1223 2293 1289 multitudine,
2353 1225 2756 1280 abducerentur
2785 1265 2799 1290 ,
2835 1226 2934 1279 sed
2968 1226 3142 1281 solum
3197 1227 3373 1297 ipsum
3406 1228 3511 1281 Do-

1925 1316 2128 1370 minum
2167 1325 2327 1384 atque
2364 1316 2528 1370 Deum
2589 1326 2970 1385 agnoscerent.
3025 1316 3157 1385 Quis
3204 1327 3324 1372 erat
3358 1318 3460 1372 iste
3487 1319 3524 1370 ?‘

1923 1423 2117 1477 nempe
2145 1408 2314 1463 Filius
2352 1407 2525 1462 Patris
2579 1408 2869 1478 imaginem
2919 1410 2973 1462 in
3019 1424 3078 1463 se
3126 1410 3332 1466 habens
3365 1430 3378 1464 ι
3416 1411 3509 1480 qui

1921 1513 2020 1567 pro
2071 1513 2166 1553 sua
2223 1515 2381 1569 quam
2442 1500 2629 1554 habuit
2677 1501 3005 1556 auctoritate
3057 1502 3359 1558 idololatris
3402 1505 3514 1559 ista

1921 1588 1974 1641 in
2029 1591 2300 1644 mandatis
2351 1590 2521 1644 dedit.
2581 1590 2714 1644 Nam
2785 1601 2844 1644 ut
2895 1592 3080 1646 omnia
3130 1592 3292 1646 Pater
3341 1592 3508 1649 iecis-

1919 1695 1980 1735 se
2036 1681 2234 1735 dicitur
2299 1695 2394 1749 per
2463 1679 2808 1736 Servatorem
2843 1722 2857 1747 ,
2916 1682 3010 1748 qui
3077 1683 3316 1752 suscepit
3372 1697 3505 1736 om-

1920 1773 2066 1825 nium
2125 1772 2481 1826 substantiam
2544 1788 2664 1840 qua:
2729 1783 3115 1839 generantur;
3181 1774 3251 1825 ita
3315 1783 3370 1826 et
3439 1778 3500 1837 »Β

1915 1864 2029 1932 ipse
2072 1863 2230 1917 Pater
2260 1861 2362 1916 fuit
2409 1864 2498 1932 qui
2549 1879 2644 1933 per
2705 1863 2900 1916 Filium
2945 1863 3296 1918 mediatorem
3327 1905 3343 1930 ,
3378 1865 3494 1933 pie-

1917 1965 2075 2009 tatem
2105 1965 2158 2008 et
2185 1955 2264 2009 sui
2301 1955 2666 2025 cognitionem
2703 1955 3018 2008 hominibus
3045 1953 3495 2008 communicavit.

1913 2046 2026 2100 Hoc
2058 2046 2277 2100 totidem
2311 2047 2510 2108 verbis,
2553 2047 2619 2100 ad
2652 2044 2880 2100 Galatas
2925 2046 3175 2124 scribens
3203 2045 3496 2114 Apostolus

1912 2138 2160 2200 docebat,
2194 2135 2303 2190 Lex
2335 2138 2582 2191 ordinata
2635 2154 2728 2207 per
2768 2123 2980 2207 angelos
3021 2138 3076 2190 in
3107 2152 3268 2190 manu
3297 2137 3502 2190 media-

1913 2228 2064 2280 toris.
2108 2225 2376 2279 Mediator
2411 2237 2586 2281 autem
2625 2228 2786 2280 unius
2823 2242 2926 2279 non
2960 2235 3036 2280 est
3078 2240 3098 2278 :
3149 2225 3290 2279 Deus
3326 2236 3502 2278 autem

1912 2335 2044 2372 unus
2092 2328 2166 2372 est
2211 2319 2277 2372 οδ.
2341 2319 2408 2372 Et
2447 2319 2573 2372 alibi
2599 2319 2693 2382 ait,
2774 2316 2949 2371 Videte
3017 2317 3155 2387 quod
3219 2333 3311 2385 ego
3358 2331 3499 2381 sum,
3559 2325 3562 2330 '

1910 2421 1957 2463 et
1989 2421 2179 2477 prwter
2218 2427 2298 2463 me
2337 2427 2440 2463 non
2471 2422 2547 2463 est
2588 2410 2725 2463 alius
2769 2409 2910 2462 Deus
2937 2409 3005 2461 ⁸⁵.
3052 2408 3210 2462 Pater
3252 2408 3341 2462 hic
3379 2417 3501 2462 erat.

1911 2504 2001 2572 qui
2038 2519 2132 2570 per
2173 2503 2391 2566 Filium,
2423 2512 2680 2572 tanquam
2713 2501 3006 2571 imaginem
3039 2510 3096 2555 et
3133 2500 3494 2554 mediatorem

1912 2598 2016 2650 ista
2051 2595 2230 2649 dixit:
2271 2610 2376 2647 non
2415 2594 2560 2648 enim
2607 2608 2728 2646 cum
2766 2591 2957 2645 Isaiam
2985 2590 3234 2645 audimus
3267 2589 3500 2660 prophe-

1911 2697 2016 2741 tam
2047 2687 2338 2749 dicentem,
2366 2683 2538 2738 Filios
2568 2685 2720 2753 genui
2755 2692 2804 2736 et
2835 2682 3060 2737 exaltavi
3081 2681 3165 2746 ⁵⁸;
3197 2689 3250 2735 et
3275 2682 3501 2745 iterum,

1910 2778 2081 2831 Israel
2122 2788 2296 2831 autent
2328 2793 2407 2830 me
2439 2792 2541 2828 non
2574 2774 2835 2843 cognovit,
2865 2786 2913 2827 et
2945 2773 3168 2843 populus
3202 2788 3348 2826 meus
3393 2787 3500 2825 non

1910 2869 2162 2922 intellexit
2186 2870 2270 2935 ³⁵⁷;
2303 2876 2358 2922 et
2406 2883 2614 2931 rursus,
2661 2866 2917 2920 Omnibus
2961 2865 3225 2918 sideribus
3263 2881 3355 2933 ego
3399 2863 3501 2916 im-

1908 2963 2127 3031 peravi;
2162 2972 2235 3026 ct,
2260 2977 2421 3014 manu
2449 2976 2562 3012 mea
2592 2959 2798 3027 ﬁrmavi
2832 2958 3019 3012 cerium
3041 2958 3110 3024 ⁸⁸,
3143 2968 3196 3012 et
3224 2973 3343 3026 qua:
3372 2967 3501 3011 sunt

221 3045 322 3098 καὶ
353 3046 452 3100 ὅσα
488 3049 620 3102 ἄλλα
647 3051 889 3119 τοιαῦτα,
925 3053 984 3105 οὑ
1022 3055 1112 3108 τὸν
1158 3057 1385 3111 Ἡσαΐαν
1424 3060 1594 3114 ταῦτα
1627 3062 1805 3131 λέγειν

1914 3053 2106 3109 similia
2127 3070 2142 3118 ;
2167 3067 2271 3106 non
2308 3052 2374 3105 ab
2394 3051 2527 3106 lsaia
2557 3052 2683 3116 ista,
2715 3051 2958 3117 inquam,
2993 3050 3205 3118 prolata
3225 3051 3496 3114 dicemus,

222 3140 494 3209 φήσομεν,
526 3141 592 3193 δι’
615 3142 778 3195 αὑτοῦ
819 3145 874 3198 δὲ
919 3146 1009 3199 τὸν
1053 3149 1110 3200 ὲν
1156 3149 1303 3220 αὐτῷ
1341 3151 1604 3207 λαλοῦντα
1641 3156 1802 3209 Θεδνο

1914 3147 2003 3200 sed
2031 3162 2060 3199 a
2095 3147 2202 3200 Deo
2231 3162 2283 3199 tn
2316 3146 2432 3213 ipso
2477 3145 2750 3212 loquente.
2783 3144 3049 3210 Quocirca
3081 3145 3260 3199 eritne
3306 3145 3496 3200 incon-

217 3228 349 3298 οὐχὶ
376 3229 432 3282 δὲ
460 3231 553 3284 καὶ
583 3233 675 3286 ἐπὶ
707 3233 798 3285 τοῦ
843 3236 1162 3303 μονογενοῦς
1183 3239 1314 3292 Υίοῦ
1346 3240 1438 3294 τοῦ
1478 3242 1612 3296 Θεοῦ
1633 3285 1645 3307 ,
1673 3246 1806 3316 πρέ-

1914 3254 2102 3307 gruutn
2145 3237 2373 3298 dixisse,
2408 3236 2622 3290 Patrem
2670 3250 2766 3303 per
2805 3233 2998 3288 Filium
3050 3251 3208 3290 suum
3246 3236 3498 3305 unigeni-

217 3335 320 3395 ποι
348 3318 413 3372 ἂν
440 3321 531 3372 τὸν
568 3323 783 3392 Πατέρα
802 3323 868 3377 δι’
897 3325 1060 3379 αὑτοῦ
1087 3328 1283 3398 χρῆναι
1314 3330 1487 3384 ταῦτα
1515 3333 1807 3406 διαμαρτύ-

221 3407 424 3478 ρασθαι
455 3413 566 3472 τοῖς
591 3412 698 3464 τῶν
737 3413 952 3466 τοιῶνδε
985 3417 1458 3486 παραγγελμάτων
1497 3420 1801 3490 δεομένοις;

219 3496 605 3568 εἰδωλολάτραι
633 3500 678 3552 δ’
704 3496 844 3571 ἦσαν
865 3496 1028 3567 οὗτοι,
1063 3504 1136 3568 ὡς
1164 3508 1196 3576 ὴ
1227 3508 1364 3578 αὑτὴ
1393 3508 1634 3562 διδάσκει
1665 3512 1803 3583 Γρα-

219 3588 302 3659 φὴ
333 3589 583 3657 λέγουσαο
618 3593 727 3645 Καὶ
761 3589 882 3646 εῐπε
925 3594 1149 3666 Κύριος
1206 3617 1224 3648 ι
1255 3598 1365 3651 Ποῦ
1400 3601 1541 3652 εἰσιν
1594 3603 1642 3654 οἱ
1693 3601 1806 3656 Θεοὶ

223 3698 250 3731 ε
294 3681 504 3747 αὐτῶν;
561 3685 646 3752 ἐφ’
693 3680 774 3747 οἷς
818 3686 1200 3740 ἐπεποίθεισαν
1252 3691 1338 3742 ἐπ’
1383 3691 1585 3754 αὐτοῖς,
1637 3685 1711 3747 ὧν
1745 3695 1806 3748 τὸ

225 3791 248 3821 ι
293 3771 460 3843 στέαρ
481 3773 588 3827 τῶν
624 3776 824 3830 θυσιῶν
854 3778 1031 3830 αὐτῶν
1071 3780 1309 3848 ἡσθίετε,
1337 3783 1428 3835 καὶ
1462 3785 1674 3837 ὲπίνετε
1711 3787 1804 3840 τὸν

225 3881 246 3913 ‹
290 3858 432 3916 οἶνον
484 3864 591 3920 τῶν
649 3867 889 3920 σπονδῶν
941 3870 1140 3925 αὐτῶν.
1215 3874 1648 3944 Ἀναστήτωσαν,
1710 3877 1806 3932 xui.

226 3972 248 4004 ι
303 3953 725 4025 βοηθησάτωσαν
770 3959 917 4028 ὑμῖν,
961 3962 1053 4013 καὶ
1088 3963 1473 4034 γενηθήτωσαν
1498 3966 1647 4036 ὑμῶν
1675 3984 1802 4020 σκε-

225 4062 249 4096 s
292 4047 516 4101 πασταί.
574 4069 592 4101 ›
650 4051 872 4116 Τούτοις
928 4054 1036 4126 γὰρ
1098 4056 1364 4126 συνῆπται
1419 4057 1564 4122 τὸ,‹
1612 4061 1801 4124 Ἴδετε,

227 4155 248 4187 ι
288 4136 426 4190 ἴδετε
484 4140 568 4194 ὅτι
623 4143 734 4212 ἐγώ
797 4146 933 4216 ειμι,
1003 4147 1096 4200 καὶ
1168 4147 1268 4200 οὐκ
1327 4147 1440 4202 ἐστι
1491 4150 1621 4215 Θεὸς
1666 4151 1804 4224 πλὴν

227 4247 249 4278 ι
293 4229 450 4298 ἐμοῦ.
501 4249 530 4284 ι.

853 4330 1009 4384 ΚΕΦ.
1042 4333 1170 4388 KB’.

221 4416 355 4471 Ὀτι
381 4418 478 4472 καὶ
509 4418 580 4473 ἐν
608 4420 730 4486 τοῖς
756 4422 1209 4564 πιέιὲξὲἧέἓέἷῗὲὰ
1239 4427 1342 4482 τοῦ
1375 4429 1511 4483 Υιοῦ
1541 4435 1574 4485 ό
1599 4431 1804 4501 Πατὴρ

288 4577 410 4632 Κᾶν
429 4581 688 4652 μυριάκις
701 4582 878 4635 τοίνυν
900 4583 988 4636 διὰ
1005 4585 1100 4636 τοῦ
1124 4589 1401 4658 προφήτου
1425 4589 1562 4659 βοῶν
1593 4593 1798 4664 φάσκῃ,

222 4669 399 4738 Πλὴν
424 4672 569 4740 ἐμοῦ
601 4676 711 4728 οὐκ
735 4675 866 4730 ἐστι
889 4677 1052 4743 Θεὸς,
1082 4679 1175 4731 καὶ
1203 4681 1369 4749 πλὴν
1385 4683 1529 4750 ἐμοῦ
1547 4687 1657 4738 οὐκ
1674 4686 1805 4740 ἐστι

219 4761 453 4828 δίκαιος
468 4763 566 4816 καὶ
587 4766 812 4835 Σωτὴρ,
858 4771 951 4823 καὶ
973 4771 1120 4823 Θεὸν
1152 4773 1317 4839 πλὴν
1331 4775 1474 4844 ἐμοῦ
1491 4779 1562 4830 οὐ
1580 4779 1803 4848 γνώσῃ,

221 4854 317 4905 καὶ
337 4854 540 4915 σώζων
569 4859 680 4910 οὐκ
712 4860 844 4913 ἔστι
871 4863 1061 4930 παρὲξ
1096 4865 1208 4935 (25)
1231 4867 1396 4935 ἐμοῦ,
1423 4871 1515 4922 καὶ
1548 4871 1648 4924 ὅσα
1671 4872 1806 4927 ἄλλα

217 4946 430 5009 τούτοις
472 4948 674 5017 ἀδελφὰ
714 4953 770 5004 ὲν
816 4956 925 5016 τοῖς
959 4953 1162 5019 λοιποῖς
1208 4960 1427 5028 φέρεται
1467 4965 1798 5033 προφήταις,

221 5037 371 5104 Θεὸς
387 5036 483 5109 ἦν,
508 5043 602 5094 καὶ
624 5043 692 5105 ἐξ
711 5045 945 5099 ἐκείνου
980 5047 1047 5100 ἐν
1073 5049 1302 5116 Χριστῴ
1330 5053 1560 5121 κόσμον
1575 5059 1798 5110 καταλ-

221 5131 478 5186 ,πάσσων
497 5134 604 5188 ἐαυ
614 5135 710 5200 τῷ,
734 5138 828 5190 καὶ
849 5139 1010 5203 αὐτὸς
1029 5137 1096 5210 ἦν
1129 5142 1156 5192 ὁ
1189 5144 1377 5215 Πατὴρ
1398 5145 1571 5200 ταῦτα
1588 5147 1677 5200 διὰ
1697 5148 1793 5201 τοῦ

223 5225 544 5294 μονογενοῦς
581 5228 732 5293 Υξοῦ,
785 5225 871 5283 οἷα
904 5231 971 5284 δι’
997 5233 1296 5304 ἑρμηνέως,
1332 5235 1635 5307 ἀνθρώποις
1663 5240 1794 5292 ὑπο-

1908 3340 2017 3384 tum
2049 3331 2164 3385 haec
2199 3329 2563 3400 praelocutum‘
2586 3328 2860 3381 alllsmare
2916 3327 3056 3396 apud
3115 3342 3210 3381 eos
3247 3328 3337 3393 qui
3377 3328 3498 3383 istis

1905 3423 2217 3492 indigebant
2250 3422 2518 3475 mandatis
2561 3430 2616 3474 et
2667 3420 3166 3474 admonitionibus?
3198 3420 3366 3474 Erant
3397 3435 3496 3474 au-

1904 3521 2010 3566 tem
2063 3514 2204 3581 quod
2247 3520 2475 3565 testatur
2527 3511 2830 3578 Scriptura,
2869 3511 2921 3564 hi
2972 3510 3294 3565 idololatrze.
3348 3511 3498 3565 Dixit

1904 3604 2047 3657 enim
2068 3603 2324 3657 Dominus
2359 3620 2373 3656 ;
2414 3601 2513 3655 Ubi
2539 3612 2662 3655 sunt
2692 3602 2769 3653 dii
2797 3601 3009 3654 illorum
3037 3604 3061 3656 ?
3086 3603 3140 3654 in
3158 3602 3344 3672 quibus
3371 3619 3472 3655 con

1903 3693 2133 3761 ﬁdebant
2161 3732 2177 3759 ,
2222 3710 2445 3764 quorum
2503 3694 2566 3746 de
2628 3693 2905 3758 sacriﬁciis
2939 3695 3146 3761 adipem
3175 3694 3496 3760 comedistis,

1903 3797 1949 3838 et
1989 3785 2190 3839 bibistis
2229 3786 2405 3838 vinum
2438 3785 2501 3837 de
2532 3787 2697 3853 epulis
2761 3802 2940 3838 eorum
2968 3802 2984 3838 :
3021 3795 3237 3852 surgant
3264 3795 3309 3838 et
3337 3785 3495 3854 adju-

1906 3889 2020 3934 vent
2054 3897 2160 3942 vos,
2213 3890 2261 3932 et
2294 3881 2423 3946 ﬁant
2461 3881 2840 3932 obumbt'artsla
2895 3879 3035 3931 vobis
3065 3881 3128 3930 5“.
3164 3877 3318 3933 Nunc
3343 3878 3495 3935 hisce

1906 3972 2087 4026 verbis
2120 3972 2340 4025 adunita
2396 3981 2557 4034 sunt,
2602 3970 2808 4036 Videte,
2857 3974 3020 4025 videte
3053 3971 3191 4040 quod
3211 3987 3302 4040 ego
3340 3986 3490 4038 sum,

1903 4074 1950 4118 et
1988 4080 2091 4118 non
2123 4073 2199 4118 est
2236 4063 2373 4117 alius
2402 4074 2591 4132 prwter
2626 4079 2704 4116 me
2728 4063 2793 4116 ⁵ο.

2503 4334 2655 4390 CAP.
2701 4332 2869 4388 XXII.

1908 4427 2060 4492 Quod
2089 4426 2246 4480 etiam
2279 4427 2332 4480 in
2359 4425 2629 4549 prophetas.
2663 4427 2822 4479 Pater
2849 4442 2939 4494 per
2956 4421 3156 4478 Filium
3184 4423 3324 4477 Deus
3351 4438 3492 4491 pra:-

2616 4510 2804 4549 tcalur.

2616 4510 2804 4549 tcalur.

1978 4590 2126 4645 Licet
2157 4605 2284 4660 ergo
2326 4587 2519 4644 millies
2559 4605 2653 4657 per
2686 4589 3000 4658 prophetam
3035 4590 3259 4648 clamet,
3293 4583 3496 4638 Pra'ter

1907 4701 1986 4737 me
2025 4698 2128 4736 non
2173 4693 2247 4736 est
2287 4683 2459 4747 Deus,
2505 4692 2560 4737 et
2609 4693 2800 4750 pra’ter
2844 4697 2922 4732 me
2965 4697 3067 4732 non
3115 4690 3187 4733 est
3219 4679 3396 4747 justus
3443 4687 3491 4730 et

1907 4776 2175 4844 Servatur,
2200 4788 2273 4842 et,
2303 4777 2470 4830 Deum
2500 4794 2600 4828 non
2631 4791 2907 4842 cognosces
2937 4783 3128 4841 pra’ter
3155 4790 3256 4838 me,
3285 4781 3337 4825 et
3371 4769 3494 4824 Non

1907 4879 1983 4923 est
2014 4871 2104 4934 qui
2150 4878 2536 4938 servetoprwter
2570 4884 2668 4933 me,
2696 4879 2748 4921 et
2779 4882 2897 4934 qua:
2935 4867 3017 4920 his
3059 4865 3378 4934 congcmina
3417 4863 3492 4917 ie-

1908 4973 2100 5016 runtur
2129 4965 2180 5016 in
2216 4962 2496 5032 prophetis
2526 4962 2757 5023 caeteris,
2789 4960 2927 5013 Deus
2969 4968 3080 5012 erat
3108 4969 3153 5011 et
3195 4959 3248 5008 in
3279 4955 3489 5009 Christo

1907 5057 2160 5107 mundum
2199 5055 2298 5108 sibi
2329 5055 2671 5108 reconcilians
2700 5055 2763 5114 δι,
2792 5064 2844 5106 et
2879 5053 2991 5118 ipse
3035 5060 3153 5104 erat
3188 5049 3347 5101 Pater
3389 5047 3489 5099 ista

1905 5162 2000 5215 per
2057 5146 2249 5201 Filium
2320 5149 2692 5218 unigenitum,
2749 5146 2911 5198 veluti
2982 5159 3076 5211 per
3137 5143 3486 5204 interpretem

1903 5242 2192 5308 quemdam
2256 5241 2561 5295 hominibus
2603 5239 2986 5293 sub.nsinuaus
3035 5256 3046 5290 :
3085 5234 3176 5289 sed
3227 5244 3280 5286 ct
3322 5229 3492 5282 Filius

297 5385 356 5463 ᾧ
393 5381 488 5463 Eli:
516 5383 720 5463 Pi",i5-_v
751 5388 1000 5463 Ρτ¹ἕςίῧ9ι
1077 5391 1307 5446 ⁵³Εκοι¹ο
1340 5410 1430 5454 Π.
1454 5395 1506 5457 4,
1542 5396 1611 5459 5;
1645 5395 2114 5463 L9vit.xxvt,i,‘:2.
2167 5402 2212 5431 ⁵⁵
2250 5400 2429 5453 Galat.
2458 5401 2634 5461 "1,19,
2666 5400 2755 5452 9.0.
2832 5400 2876 5429 "
2897 5399 3047 5451 Dent.
3077 5413 3150 5461 τι,
3183 5396 3230 5449 ι.
3298 5396 3343 5426 ³⁸
3386 5397 3486 5453 ise,

221 5466 259 5518 I,
299 5454 354 5506 ε.
431 5453 475 5482 ιτ
515 5453 762 5508 κήκιε(
825 5459 871 5488 αδ
929 5461 1027 5513 lsa.
1070 5465 1277 5527 u,15.
1370 5453 1773 5534 silet-41,28.

285 5627 401 5761 $2M
438 5624 608 5696 Vulgo
633 5631 834 5718 Eant}:

317 5699 403 5761 ἐξ)
437 5699 604 5761 Vulgo
627 5703 833 5754 οιετέΑΑ

317 5699 403 5761 2'1)
437 5699 604 5766 νηιμο
627 5699 941 5756 διετέλλετο.

291 5769 982 5847 ίῒό)Αἠταστ-ησιιμέιθου
1042 5777 1178 5840 Quid
1216 5781 1323 5832 vult
1358 5783 1537 5835 nescio
1599 5800 1609 5833 :
1667 5787 1788 5846 nisi,

218 5843 305 5910 .pti
357 5843 764 5900 subsistentiam
803 5849 970 5908 dedit.
1009 5859 1057 5902 et
1093 5866 1211 5907 esse
1259 5855 1632 5910 universorum
1662 5843 1786 5911 sub;

1869 5469 1914 5499 ⁶⁰
1960 5470 2110 5524 Deut.
2142 5488 2313 5537 xuii,
2363 5473 2452 5525 59.

2543 5473 2582 5501 δι
2629 5470 2664 5522 ll
2707 5472 2830 5525 Cor.
2861 5485 2915 5533 ν,
2957 5469 3038 5523 19.

1900 5645 2134 5704 stautim,
2164 5645 2264 5698 hoc
2284 5655 2388 5706 est,
2424 5645 2474 5697 in
2509 5661 2628 5698 esse
2657 5646 2931 5708 Drodtnit.
2966 5643 3034 5696 Μ.

1973 5716 2086 5782 (ΞΗ
2125 5714 2295 5782 Vulgo
2329 5718 2475 5767 ἐστιν
2513 5711 2610 5779 εἷς.
2652 5719 2757 5767 Καὶ
2785 5715 2953 5782 λέχει,
2996 5714 3132 5765 ἴδετε
3161 5715 3261 5766 ὅτι.

1973 5786 2082 5850 (1’33)
2116 5784 2284 5853 Vulgo
2318 5787 2553 5850 ἐκείνου,
2594 5800 2645 5837 (ιι
2689 5805 2830 5854 mox,
2887 5788 3085 5855 κόσμον
3116 5788 3268 5855 κιιῐεε)
3298 5799 3482 5840 errore

1901 5875 2032 5923 omn,
2071 5859 2186 5911 dein
2219 5858 2373 5927 vulgo
2407 5863 2515 5921 τςῖῑ
2555 5860 2743 5924 εἰσ-ςγ-
3037 5881 3045 5888 ’
