4068 6316
190 367 306 427 961

1151 359 1240 416 DE
1279 358 1816 417 EGCLES‘ASTICA
1857 356 2256 417 TllEOLOGIA
2307 356 2439 415 LIB.
2479 357 2537 417 ll.

3379 357 3487 415 95‘!

180 489 462 562 ἀοράτου,
507 486 607 559 τὴν
648 484 821 557 αὐτὴν
870 474 1039 536 οὖσαν
1078 479 1156 553 τῷ
1200 482 1479 553 μονογενεῐ
1524 479 1619 533 καὶ
1664 479 1795 547 ἀγα-

1903 482 2093 536 eadem
2136 480 2208 535 sit
2252 495 2374 535 cum
2412 475 2693 549 unigenito
2735 486 2793 533 et
2824 476 3023 533 dilecto
3063 475 3241 532 Filio:
3273 475 3489 535 etiamsi

176 580 367 652 τητῷ
382 578 497 650 Υἰῷ
517 576 703 645 αὑτοῦ,
728 574 834 629 κᾶν
849 574 983 648 λέγῃ
1002 572 1059 625 δὲ
1086 575 1115 626 ό
1149 571 1493 637 ’Δπόστολος,
1528 569 1793 639 θεολογῶν

176 672 300 727 *τὸν
325 671 563 743 Πατέρα·
599 670 661 722 '0
686 666 979 738 μακάριος
1004 664 1101 719 καί
1130 664 1321 734 μόνος
1342 662 1671 730 δυνάστης,
1701 662 1795 716 καὶ

185 763 390 817 πάλιν·
410 762 463 815 'O
468 762 659 832 μόνος
674 760 831 830 ἔχων
845 756 1205 821 ἀθανασίαν,
1221 753 1346 825 φῶς
1368 753 1549 809 οἰκῶν
1574 753 1797 823 ἀπρόσ-

188 870 367 915 ιτον,
425 852 519 905 καὶ
565 845 742 912 αὖθις
800 846 883 914 Τῷ
935 846 1006 901 δὲ
1063 845 1319 911 ,βασιλεῖ
1370 844 1491 899 τῶν
1540 846 1790 910 αἰώνων,

180 945 501 1015 ἀφθάρτῳ,
542 941 792 1012 ἀοράτῳ,
835 942 1003 1011 μόνῳ
1056 937 1198 1005 Θεῷ,
1250 939 1343 993 καὶ
1386 938 1567 993 πάλιν·
1616 942 1795 1005 Mos-qs

182 1035 377 1105 σορῷ
418 1033 541 1101 Θεῷ
582 1033 681 1089 διὰ
724 1030 921 1102 Ἰησοῦ
964 1029 1225 1101 Χριστοῦ
1260 1032 1299 1099 ἡ
1332 1028 1484 1096 δόξα
1524 1033 1613 1098 είς
1651 1030 1795 1096 τοὺς

179 1126 442 1192 αἰῶνας,
476 1125 659 1196 ἀμήν.
690 1123 809 1178 Κᾶν
834 1121 1035 1176 τούτων
1077 1120 1155 1175 ἔτι
1188 1121 1410 1176 πλείονα
1453 1121 1663 1191 λέγοιτο
1712 1122 1794 1184 εἰς

184 1218 511 1287 ὃοξολογίαν
542 1216 638 1270 τοῦ
664 1215 783 1281 ἑνὸς
814 1216 909 1269 καὶ
933 1214 1028 1266 ἐπὶ
1056 1214 1271 1268 πάντων
1298 1214 1433 1268 Θεοῦ
1464 1216 1558 1269 καὶ
1586 1213 1793 1268 τούτων

185 1311 459 1365 ἁπάντων
488 1307 595 1381 χρὴ
627 1310 766 1363 νοεῖν
798 1307 985 1361 εἰκόνα
1032 1303 1170 1363 εἶναι
1210 1307 1304 1361 τὸν
1354 1307 1621 1379 μονογενῆ
1663 1306 1792 1360 Υίὸν

182 1403 300 1458 τοῦ
343 1402 478 1457 Θεοῦ
510 1403 609 1473 οὐχ
639 1402 715 1466 ὡς
748 1400 945 1472 ἀψύχῳ
982 1400 1103 1475 ὕλῃ,
1134 1401 1249 1455 ἀλλ’
1283 1400 1360 1463 ὡς
1391 1402 1451 1454 ὲν
1484 1398 1599 1471 Υἰῷ
1630 1398 1793 1463 ζῶντι

191 1491 668 1564 μεμορφωμένην·
700 1490 805 1544 κᾶν
838 1491 1001 1554 αὐτὸς
1029 1492 1057 1544 ό
1106 1490 1299 1562 Σωτὴρ
1342 1489 1504 1562 μόνον
1534 1489 1793 1560 ἀληθινὸν

188 1584 339 1638 Θεὸν
382 1583 612 1658 διδάσκῃ
654 1578 797 1637 εῐναι
840 1584 934 1637 τὸν
961 1582 1183 1656 Πατέρα
1216 1571 1414 1652 λέγων,
1451 1583 1579 1637 Ἵνα
1622 1583 1793 1653 γινώ-

189 1678 402 1732 σκωσι
444 1690 521 1731 σε
562 1678 670 1732 τὸν
723 1678 920 1747 μόνον
968 1675 1262 1746 ἀληθινὸν
1309 1676 1479 1741 Θεὸν,
1527 1676 1641 1730 ἁλλ’
1691 1678 1793 1731 οὐκ

193 1770 542 1841 ἀποκνητέον
570 1771 665 1823 καί⁵
701 1770 864 1824 αὐτὸν
908 1758 1041 1823 Θεὸν
1082 1767 1334 1841 ἀληθινὸν
1377 1767 1681 1841 ὁμολογεῖν,
1714 1769 1793 1833 ὡς

1897 572 2043 627 dicat
2085 572 2409 643 Apostolus,
2450 571 2714 627 deiﬁcans
2764 571 3017 638 Patrem,
3066 571 3172 638 Qui
3214 570 3398 626 beatus
3439 582 3491 627 et

1897 668 2043 724 solus
2080 679 2262 739 potens
2297 680 2370 724 est
2397 670 2464 722 “.
2497 668 2566 724 Et
2613 683 2831 734 rursus,
2874 667 2978 733 Qui
3009 668 3156 722 salus
3188 667 3338 721 habet
3387 669 3493 721 im-

1895 760 2294 827 mortalitatem,
2326 761 2493 817 lucem
2534 761 2779 815 Iiabitans
2827 763 3154 815 inaccessam
3177 761 3244 815 “.
3278 760 3347 816 Et
3390 762 3494 817 ite-

1897 868 2041 917 rum,
2084 851 2215 923 Regi
2245 863 2421 908 autem
2454 854 2796 918 «sculorum,
2837 852 3263 921 incorruptibili,
3300 854 3491 907 inuisi-

1897 943 2008 1007 bili,
2054 944 2155 997 soli
2192 942 2297 996 Deo
2327 943 2391 998 ".
2425 942 2490 996 Et
2527 945 2747 1006 iterum,
2794 940 2911 997 Soli
2956 943 3185 1011 sapienti
3223 942 3351 1007 Deo,
3392 959 3489 1011 per

1894 1034 2077 1091 Iesum
2126 1034 2397 1089 Christum
2438 1036 2508 1090 sit
2556 1036 2727 1106 gloria
2776 1036 2835 1089 in
2884 1034 3081 1089 saecula
3133 1035 3487 1101 swculorum,

1895 1128 2061 1182 Amen
2096 1127 2162 1183 ⁸⁸.
2218 1126 2381 1182 Plura
2441 1126 2619 1182 adhuc
2672 1141 2799 1181 cum
2856 1134 3109 1196 poterant
3161 1125 3383 1195 allegari
3434 1125 3489 1180 in

1894 1219 2074 1275 Patris
2115 1218 2457 1290 doxologiam
2486 1260 2502 1287 ,
2543 1220 2636 1290 qui
2672 1234 2811 1275 unus
2842 1228 2959 1285 est,
3005 1229 3063 1274 et
3109 1233 3273 1290 super
3303 1222 3489 1275 omnia

1897 1310 2072 1377 Deus,
2102 1326 2335 1383 quorum
2380 1313 2624 1367 omnium
2669 1326 2823 1367 mens
2865 1320 2982 1376 est,
3026 1319 3085 1365 ut
3120 1310 3492 1382 intelligamus

1894 1401 2092 1459 Filium
2146 1403 2483 1474 unigenitum
2535 1404 2627 1460 Dei
2680 1418 2804 1460 esse
2851 1403 3142 1474 imaginem
3194 1416 3300 1457 non
3342 1404 3491 1459 utin

1895 1494 2117 1548 materia
2155 1492 2404 1561 inanimi,
2444 1495 2540 1549 sed
2570 1503 2627 1550 ut
2660 1495 2715 1548 in
2754 1492 2894 1548 Filio
2927 1492 3050 1548 vivo
3092 1493 3488 1558 assimilatam;

1894 1586 2025 1659 quin
2067 1594 2121 1640 et
2162 1586 2278 1655 ipse
2310 1584 2570 1642 Servator
2607 1601 2731 1641 cum
2764 1585 2933 1642 Deum
2977 1601 3141 1641 unum
3183 1587 3358 1641 solum
3401 1600 3493 1641 ve-

1894 1690 2012 1730 rum
2046 1690 2166 1730 esse
2202 1676 2415 1741 doceat,
2462 1676 2737 1745 inquiens,
2777 1672 2848 1729 Ut
2890 1684 3206 1744 cognoscant
3241 1686 3290 1729 te
3326 1690 3492 1729 unum

1893 1768 2061 1823 solum
2088 1784 2267 1823 verum
2302 1772 2471 1824 Deum
2494 1767 2539 1800 "
2565 1787 2580 1837 ;
2617 1768 2713 1824 sed
2741 1782 2849 1824 non
2882 1777 3064 1824 tamen
3090 1782 3404 1840 gravemur,
3434 1778 3493 1824 et

188 1862 263 1915 ὲν
293 1861 483 1927 εἰκόνι,
526 1860 624 1915 καὶ¹
668 1860 825 1915 τοῦτο
867 1860 1227 1934 κεκτημένον
1274 1860 1363 1916 ἵνα
1403 1862 1440 1933 ἡ
1483 1859 1581 1914 τοῦ
1628 1860 1791 1932 μόνου

1898 1876 2080 1916 verum
2114 1861 2279 1916 Deum
2307 1860 2581 1926 conﬁteri,
2611 1870 2668 1915 et
2695 1858 2895 1915 Filium
2941 1858 3107 1913 veluti
3150 1859 3204 1913 in
3252 1858 3493 1929 imagine

192 1953 489 2027 προσθήκη
522 1953 668 2025 μόνῳ
700 1953 777 2024 τῷ
802 1953 997 2025 Πατρὶ,
1024 1952 1101 2017 ὡς
1129 1952 1196 2007 ἂν
1227 1950 1340 2024 (31)
1373 1950 1667 2024 ἀρχετύπῳ
1695 1953 1794 2025 τῆς

187 2045 430 2111 εἰκόνος,
476 2044 711 2116 άρμόζῃ.
753 2043 1077 2114 Σαφέστατα
1108 2041 1243 2113 γοῦν
1269 2042 1457 2097 εἰκόνα
1496 2044 1591 2097 καὶ
1617 2044 1795 2097 ἀπαύ-

186 2151 393 2207 γασμα
416 2134 512 2190 τοῦ
536 2136 749 2206 Πατρὸς
773 2136 831 2189 ἐν
860 2137 1043 2207 μορφῇ
1066 2151 1128 2189 τε
1157 2132 1253 2190 τοῦ
1280 2132 1418 2188 Θεοῦ
1450 2128 1597 2188 εἶναι
1628 2135 1794 2190 αὐτὸν

193 2229 229 2281 ό
276 2226 559 2291 Θεσπέσιος
594 2223 800 2291 ἐδίδαξε
833 2226 1067 2293 Παῦλος,
1105 2224 1183 2290 ὡς
1211 2225 1300 2281 διὰ
1343 2224 1453 2280 τῶν
1482 2225 1794 2298 ἔμπροσθεν

192 2315 577 2369 ἀποδέδεικται
610 2332 624 2345 ο
698 2313 889 2389 ὥσπερ
951 2310 1045 2369 οὖν
1122 2314 1244 2379 ἑνὸς
1304 2314 1620 2385 ὑφεστῶτος
1682 2316 1797 2369 Πα-

193 2403 353 2477 τρδς,
401 2405 494 2464 καὶ
558 2405 678 2471 ἑνὸς
741 2404 872 2459 Υίοῦ
929 2403 1127 2476 φύντος
1159 2406 1227 2460 ὲκ
1275 2404 1371 2460 τοῦ
1418 2406 1633 2478 Πατρὸς
1693 2407 1797 2460 οὐκ

191 2497 273 2553 ἂν
315 2514 401 2562 τις
439 2496 717 2571 εὐφρονῶν
760 2496 905 2552 εἴποι
934 2498 1029 2552 δύο
1068 2498 1314 2571 πατέρας
1356 2498 1646 2572 ὑπάρχειν,
1672 2499 1796 2556 οὐδὲ

195 2588 357 2653 υἰοὺς
396 2588 511 2646 δύο.
555 2589 667 2644 Καὶ
710 2588 903 2663 ὥσπερ
961 2590 1229 2661 βασιλέως
1277 2591 1611 2664 κρατοῦντος
1654 2592 1793 2659 ἑνὸς,

193 2679 415 2745 εἰκόνος
443 2679 502 2734 δὲ
528 2681 695 2737 αὑτοῦ
744 2681 1025 2752 πανταχοῦ
1058 2682 1163 2754 γῆς
1208 2682 1627 2756 προφερομένης
1656 2684 1793 2757 (52),

197 2772 309 2824 οὐκ
354 2771 420 2826 ἂν
463 2788 550 2837 τις
594 2770 889 2844 σωφρονῶν
934 2772 1028 2827 δύο
1071 2775 1215 2827 εἴποι
1260 2774 1390 2839 τοὺς
1436 2773 1794 2847 κρατοῦντας,

196 2860 323 2915 ἀλλ’
348 2861 445 2917 ινα
470 2862 561 2917 τὸν
584 2862 682 2917 καὶ
699 2862 787 2918 διὰ
807 2866 909 2936 τῆς
937 2864 1147 2929 εἰκόνος
1172 2864 1504 2937 τιμώμενον·
1530 2866 1673 2921 κατὰ
1703 2865 1797 2920 τὸν

199 2953 374 3007 αὐτὸν
386 2954 607 3027 τρόπον,
620 2954 696 3020 ὡς
711 2954 806 3010 καὶ
824 2954 1087 3020 πολλάκις
1111 2959 1245 3027 ἡμῖν
1258 2956 1495 3030 εἴρηται,
1513 2958 1609 3012 καὶ
1626 2960 1659 3030 ἡ
1674 2958 1797 3011 Έκ-

201 3043 409 3117 κλησία
440 3044 533 3099 τοῦ
576 3044 712 3100 Θεοῦ
747 3047 844 3101 ἕνα
876 3045 1270 3119 παραλαὸοὖσα
1308 3047 1442 3102 Θεὸν
1489 3047 1668 3105 σέϐειν
1703 3049 1797 3103 τὸν

1897 1953 2274 2021 resultantem,
2324 1964 2386 2008 ut
2450 1952 2658 2009 additio
2705 1950 2798 2008 illa
2847 1950 3019 2018 solus,
3062 1951 3165 2007 soli
3206 1949 3353 2005 Patri
3392 1951 3491 2004 ad-

1896 2051 2128 2114 aptetur,
2150 2051 2338 2113 utpote
2352 2044 2443 2113 qui
2469 2040 2725 2113 imaginis
2748 2040 2821 2096 sit
2840 2040 3199 2110 archetypon.
3220 2036 3490 2106 Quocirca

1894 2135 2198 2191 clarissime
2222 2135 2459 2190 ostendit
2491 2133 2711 2189 divinus
2740 2130 2966 2199 Paulus,
2996 2132 3173 2203 ipsum
3201 2144 3321 2187 esse
3350 2130 3492 2184 ima-

1894 2228 2074 2300 ginem
2112 2225 2438 2293 eludentem,
2488 2226 2664 2283 lucem
2708 2225 2922 2294 Patris,
2966 2234 3023 2281 et
3066 2227 3120 2279 in
3160 2224 3335 2279 forma
3391 2222 3490 2280 Dii

1894 2319 2382 2391 eastitisse;'quod
2419 2319 2475 2375 in
2506 2318 2880 2391 superioribus
2907 2316 3148 2389 positum
3193 2326 3279 2372 est
3317 2331 3346 2370 a
3389 2330 3493 2371 no-

1895 2413 1980 2470 bis
2017 2430 2035 2470 :
2078 2412 2249 2469 veluti
2290 2413 2462 2483 igitur
2503 2427 2630 2469 cum
2680 2414 2823 2467 unus
2892 2410 3160 2467 subsistat
3205 2407 3388 2477 Pater,
3433 2416 3491 2464 et

1894 2525 2036 2567 unus
2063 2511 2129 2566 de
2156 2508 2319 2565 Patre
2347 2507 2419 2564 sit
2446 2517 2601 2564 ortus
2625 2504 2821 2571 Filius,
2858 2518 3020 2560 nemo
3065 2502 3312 2575 prudens
3338 2498 3491 2557 amr-

1895 2602 2126 2659 maverit
2152 2600 2289 2657 duos
2322 2607 2530 2671 patres,
2568 2605 2666 2653 aut
2704 2596 2848 2653 ﬁlios
2888 2596 3057 2663 duos;
3083 2602 3141 2652 et
3178 2594 3345 2651 veluti
3394 2591 3491 2649 ubi

1896 2709 1995 2752 rex
2020 2707 2158 2749 unus
2192 2701 2279 2748 est
2312 2706 2436 2748 cum
2468 2690 2717 2761 imperio,
2746 2688 2907 2760 cujus
2944 2689 3123 2760 imago
3152 2686 3353 2758 ubique
3380 2695 3495 2742 ter-

1895 2803 2083 2845 rarum
2125 2786 2423 2851 deferatur,
2468 2798 2630 2840 nemo
2669 2783 2912 2853 prudens
2940 2780 3079 2836 duos
3124 2777 3326 2835 dixerit
3367 2791 3493 2834 esse

1897 2894 2091 2951 reges:
2121 2877 2215 2935 sed
2246 2891 2413 2933 unum
2457 2875 2548 2945 qui
2588 2888 2688 2947 per
2716 2883 2772 2930 et
2814 2873 2869 2928 in
2901 2872 3142 2944 imagine
3179 2885 3278 2927 sua
3316 2869 3494 2925 bono-

1896 2983 2069 3028 ratur.
2096 2969 2302 3027 Eodem
2332 2970 2494 3023 modo
2521 2976 2582 3020 ut
2618 2968 2733 3038 jam
2776 2964 2987 3037 pluries
3018 2964 3226 3019 dictum
3254 2972 3359 3027 est,
3389 2961 3495 3017 Ec-

1897 3061 2061 3119 clesia
2086 3060 2203 3127 Dei,
2227 3075 2350 3130 qua
2376 3058 2590 3128 accepit
2622 3057 2782 3112 unius
2798 3060 2858 3120 >14
2875 3055 3218 3124 Deicultum,
3239 3053 3491 3109 eumdem

204 3138 393 3204 αὑτὸν,
428 3138 522 3194 καὶ
558 3138 645 3194 διὰ
677 3136 773 3193 τοῦ
805 3137 959 3205 Υἰοῦ,
1016 3139 1093 3205 ὡς
1147 3138 1237 3194 διὰ
1281 3137 1423 3213 [τοῦ]
1453 3140 1564 3211 (55)
1587 3140 1795 3204 εἰκόνος

1900 3153 2068 3210 Deum
2111 3168 2212 3224 per
2242 3150 2441 3207 Filium
2486 3150 2776 3222 imaginem
2816 3162 2973 3204 suam
3013 3146 3225 3202 scilicet
3259 3145 3493 3201 adorare

206 3228 363 3302 μένει
391 3230 795 3302 προσκυνοῦσα.
832 3232 902 3285 ’Δ
927 3229 991 3303 δὴ
1018 3230 1114 3285 καὶ
1139 3231 1215 3304 μὴ
1242 3232 1423 3296 συνεὶς
1449 3231 1788 3305 Μάρκελλος,

201 3322 310 3397 τὴν
352 3322 535 3377 εἰκόνα
576 3321 671 3377 τοῦ
709 3320 848 3376 Θεοῦ
894 3322 992 3377 τοῦ
1018 3324 1251 3394 ἀοράτου
1283 3322 1383 3397 τὴν
1421 3322 1623 3393 σάρκα
1652 3320 1794 3380 εἶναι

201 3414 307 3470 τοῦ
352 3415 601 3488 Σωτῆρος
640 3415 982 3489 ἀπεφήνατο,
1014 3417 1081 3488 ἠν
1123 3419 1152 3471 ό
1203 3416 1525 3482 ’Δπόστολος
1548 3416 1796 3489 μορφὴν

208 3506 369 3582 [τοῦ]
416 3507 641 3564 δούλου
695 3508 985 3580 κέκληκεν·
1036 3510 1099 3563 οὐ
1143 3509 1521 3583 λογισάμενος,
1565 3511 1648 3565 ὅτι
1699 3508 1797 3564 καὶ

206 3600 412 3666 πάντες
436 3599 733 3674 ἂνθρωποι,
763 3601 903 3657 κατὰ
923 3601 1020 3674 τὴν
1043 3601 1244 3673 σάρκα,
1266 3602 1360 3657 τοῦ
1387 3602 1641 3672 Σωτῆρος
1667 3617 1798 3670 τυγ-

204 3693 433 3766 χάνουσι
461 3692 905 3766 μεμορφωμένοι.
940 3694 1052 3749 Καὶ
1087 3692 1151 3747 τὸ
1185 3693 1283 3766 μὶν
1312 3693 1473 3765 σῶμα
1515 3693 1545 3747 ὃ
1580 3690 1796 3763 ἀνείλη-

208 3798 315 3854 φεν
342 3782 607 3857 ό-Σωτὴρ,
636 3783 736 3856 τῆς
764 3784 1063 3857 άγεννήτου
1086 3783 1182 3838 καὶ
1211 3783 1455 3857 ἀρρήτου
1480 3784 1576 3838 καὶ
1600 3799 1799 3856 mept-

205 3874 319 3948 κῆς
348 3873 600 3946 Θεότητος
629 3874 816 3931 εἰκόνα
847 3872 987 3931 εἶναι
1018 3876 1431 3949 διῖσχυρίζεταιο
1464 3876 1559 3930 τὸν
1584 3876 1642 3930 δὲ
1667 3874 1796 3930 nov

209 3967 310 4025 τοῦ
363 3967 499 4024 Θεοῦ
538 3969 630 4023 τὸν
679 3969 963 4042 μονογενῆ,
1014 3968 1083 4023 δι’
1126 3962 1189 4023 οὗ
1229 3967 1301 4023 τὰ
1345 3969 1526 4024 πάντα
1563 3968 1795 4042 συνίστη

210 4062 455 4133 (narra
481 4058 593 4132 γὰρ
628 4060 705 4115 δι’
743 4060 931 4117 αὐτοῦ
962 4059 1223 4131 ἐγένετο,
1256 4060 1354 4116 καὶ
1394 4061 1577 4132 χωρίς
1610 4060 1798 4117 αὐτοῦ

208 4153 443 4226 ἐγένετο
472 4153 617 4210 οὐδὲ
635 4152 745 4225 ἓν),
768 4154 1011 4227 ἀρνεῖται
1036 4148 1175 4208 εἶναι
1197 4153 1383 4209 εἰκόνα
1411 4153 1507 4209 τοῦ
1532 4153 1669 4209 Θεοῦ
1701 4154 1801 4211 αὐ-

212 4250 333 4312 ταίς
368 4245 656 4312 συλλαϐαῖς
691 4246 888 4317 λέγων,
937 4264 957 4301 ε
1004 4245 1217 4302 Οὐκοῦν
1248 4246 1537 4320 πρόδηλον,
1578 4247 1661 4303 ὅτι
1692 4247 1801 4323 πρὸ

221 4359 244 4396 ε
280 4340 379 4413 τῆς
421 4338 517 4395 τοῦ
567 4338 835 4412 ἡμετέρου
881 4337 1134 4412 σώματος
1177 4340 1524 4413 emit-nx.
1571 4342 1801 4412 ὁΔόγος

222 4453 245 4489 ε
282 4431 406 4491 καθ’
458 4432 649 4489 ἑαυτὸν
697 4433 798 4487 οὐκ
842 4427 913 4505 ἦν
956 4431 1121 4487 εἰκὼν
1154 4431 1250 4497 τοῦ
1289 4433 1521 4505 ἀοράτου
1563 4432 1722 4490 Θεοῦ.
1773 4452 1794 4489 s

1895 3251 2225 3317 perseverat.
2269 3239 2426 3308 Quod
2453 3254 2579 3295 cum
2622 3235 2909 3293 Marcellus
2939 3236 3249 3307 ignoraret,
3292 3234 3489 3307 imagi-

1895 3350 2021 3393 nem
2055 3334 2202 3391 illam
2236 3331 2327 3388 Dei
2362 3330 2649 3387 invisibilis
2677 3329 2813 3385 dixit
2856 3342 2981 3384 esse
3020 3343 3237 3383 carnem
3279 3323 3485 3382 Serva-

1898 3428 2053 3495 toris,
2080 3441 2242 3497 quam
2275 3422 2567 3495 Apostolus
2605 3422 2739 3478 servi
2788 3421 3021 3493 fortnam
3042 3419 3088 3451 ⁷⁸
3137 3418 3484 3474 nominavit:

1896 3519 2123 3575 minime
2158 3516 2469 3586 recogitans
2513 3515 2658 3587 quod
2696 3510 2996 3569 secundum
3030 3523 3252 3567 carnem
3292 3510 3495 3565 Serva-

1899 3611 2033 3667 toris
2056 3608 2305 3665 homines
2330 3605 2529 3678 singuli
2566 3604 2860 3675 imaginem
2893 3602 3323 3672 circumgestent
3348 3599 3490 3671 ejus.

1896 3703 2104 3773 Corpus
2150 3701 2333 3771 itaque
2383 3699 2527 3770 quod
2576 3696 2871 3768 assumpsit
2914 3694 3194 3760 Senator,
3245 3691 3341 3749 ille
3368 3706 3494 3749 esse

1899 3796 2186 3869 ingenitas,
2234 3791 2560 3859 ineﬂabiiis,
2609 3799 2853 3863 paterna
2918 3788 3145 3845 deitatis
3195 3786 3491 3858 imaginem

1898 3896 2176 3945 asseverat
2216 3904 2230 3942 :
2277 3884 2476 3941 Filium
2521 3894 2705 3940 autem
2755 3882 3132 3954 unigenitum,
3179 3893 3279 3951 per
3327 3893 3493 3950 quem

1898 3979 2081 4037 omnia
2110 3976 2435 4043 subsistunt,
2462 3974 2604 4031 Nam
2630 3974 2810 4031 omnia
2836 3989 2931 4045 per
2958 3972 3109 4028 illum
3141 3970 3289 4043 facta
3317 3977 3490 4037 sunt,

1897 4082 1946 4126 et
1972 4070 2084 4128 sine
2109 4070 2203 4125 illo
2235 4072 2439 4139 [actum
2463 4074 2544 4122 est
2573 4064 2709 4121 nihil
2732 4064 2777 4097 "
2799 4102 2818 4132 ,
2849 4068 3015 4135 negat
3042 4061 3339 4134 imaginem
3368 4075 3493 4118 esse

1899 4162 2036 4232 Dei,
2079 4162 2304 4220 totidem
2360 4161 2543 4217 verbis
2598 4159 2887 4217 scribens:
2927 4175 2947 4211 ι
2977 4155 3247 4225 Quocirca
3302 4164 3491 4226 patet,

1905 4276 1926 4311 ι
1970 4258 2114 4329 quod
2159 4264 2287 4313 ante
2327 4263 2667 4326 assumptum
2696 4267 2895 4324 corpus
2926 4258 3210 4314 nostrum,
3251 4248 3493 4305 Verbum

1907 4368 1929 4404 ι
1973 4365 2071 4423 per
2106 4364 2166 4407 se
2209 4363 2315 4406 non
2365 4356 2486 4404 erat
2535 4346 2715 4418 imago
2760 4344 2963 4403 Patris.
2988 4362 3009 4398 s
3068 4341 3281 4399 Videsis
3323 4356 3491 4413 quam

1900 4452 2178 4518 pervertat
2251 4440 2660 4512 interpretando
2715 4436 2963 4510 Apostoli
3039 4445 3315 4502 mentem,
3360 4448 3489 4491 eum

230 4527 393 4601 ὀρᾷς
423 4526 525 4600 ὕσῃ
554 4526 852 4598 διαστροφῇ
881 4524 1145 4599 κέχρηται
1172 4526 1272 4599 τῆς
1298 4526 1663 4601 άποστολικῇς
1704 4529 1795 4604 ιρ-

1904 4536 2144 4595 Joannea
2169 4533 2499 4607 evangelista
2524 4531 2843 4605 mysterium
2873 4528 3026 4595 illud,
3054 4528 3199 4598 quod
3230 4524 3401 4597 onsi
3434 4532 3495 4582 et

224 4619 467 4693 μηνείας.
491 4618 647 4675 Οὕτω
663 4619 722 4675 δὲ
742 4617 835 4673 τοῦ
853 4618 1241 4690 εὐαγγελιστοῦ
1282 4619 1552 4687 Ἰωάννου,
1570 4620 1634 4676 τὸ
1653 4623 1795 4697 παρὰ

1900 4628 2181 4703 prophetis
2208 4624 2514 4685 abstrusius
2540 4631 2700 4693 erat,
2728 4620 3009 4694 cognitum
3044 4618 3399 4673 annuntiaret
3430 4624 3491 4672 et

219 4715 411 4772 Μωσεῐ
465 4714 561 4770 καὶ
610 4717 725 4780 τοῖς
773 4713 981 4779 λοιποῖς
1038 4714 1349 4788 προφήταις
1404 4716 1795 4790 κεκρυμμένως

1899 4720 2118 4779 εσειτει
2146 4734 2339 4789 magna
2370 4715 2718 4788 pmdicantis
2751 4729 2886 4770 voce
2920 4729 2935 4769 :
2970 4709 3038 4767 In
3069 4711 3333 4781 principio
3374 4717 3496 4767 «at

219 4806 563 4880 ιγνωσμινον
595 4808 914 4881 μυστήριον,
955 4807 1443 4880 εὐαγγελιζομένου
1473 4810 1569 4864 καὶ
1599 4811 1795 4866 ἀνακα-

1910 4810 2159 4877 Verbunt,
2188 4823 2237 4866 et
2277 4809 2502 4865 Verbum
2544 4815 2658 4863 erat
2698 4804 2841 4877 apud
2889 4802 3079 4869 Deum,
3110 4812 3159 4857 et
3193 4800 3334 4856 Deus
3374 4809 3493 4855 erat

219 4900 534 4964 λύπτοντος,
563 4898 776 4975 μεγάλῃ
794 4900 1000 4973 τεβι)
1036 4900 1401 4975 κηρύττοντος
1441 4899 1539 4974 βοῇ
1578 4902 1659 4957 τό’
1699 4902 1795 4958 Ἐν

1908 4905 2136 4963 Verbum
2163 4920 2182 4962 :
2214 4906 2395 4959 omnia
2435 4918 2529 4974 per
2563 4904 2739 4973 ipsum
2771 4900 2920 4972 facta
2956 4906 3113 4962 sunt,
3144 4907 3193 4951 et
3234 4896 3346 4952 sine
3376 4895 3491 4964 ipso

220 4992 383 5068 ἀριῆ
397 4989 477 5065 ἦν
512 4997 545 5048 ό
570 4993 783 5064 Λότοςν
804 4994 904 5049 καὶ
926 4997 960 5050 δ
978 4996 1171 5065 Λόγος
1198 4990 1278 5067 ἦν
1310 4993 1464 5065 πρὸς
1489 4995 1598 5050 τὸν
1630 4994 1799 5064 Θεὸν.

222 5087 323 5145 και
343 5084 488 5154 Θεὸς
502 5082 582 5158 ἦν
600 5088 634 5141 ό
649 5087 860 5157 Δότυςο
890 5084 1089 5141 πάντα
1106 5086 1182 5141 δι’
1200 5086 1388 5143 αὐτοῦ
1408 5086 1645 5159 ἐγένετο
1660 5088 1799 5163 [(35)

221 5179 324 5237 καί
343 5180 523 5250 χωρὶς
549 5178 736 5235 αὐτοῦ
756 5176 993 5250 ἐγένετο
1018 5177 1163 5233 οὐδὲ
1185 5177 1303 5253 llr],
1334 5181 1427 5235 καὶ
1454 5181 1805 5255 μαρτυρομέ-

221 5290 339 5340 νου,
367 5274 450 5329 ὅτι
474 5268 544 5346 ἦν
569 5272 632 5328 τὸ
660 5271 776 5345 φῶς
806 5270 1038 5343 φωτίζον
1064 5272 1240 5327 πάντά
1262 5272 1549 5347 ἄνθρωπον
1575 5274 1805 5348 ἐρχόμε-

296 5484 356 5545 sit
390 5478 489 5536 Ed.
519 5477 722 5550 Paris.,
750 5492 875 5550 pag.
906 5476 1033 5550 με.
1057 5548 1093 5550 ἡ
1120 5476 1166 5550 ξ’
1202 5475 1221 5532 l
1253 5476 1493 5550 Timm,
1516 5476 1605 5550 Ιξ.

1904 4998 2111 5067 factum
2139 5005 2216 5053 est
2250 4995 2385 5051 nihil
2410 4996 2479 5062 ",
2509 5006 2743 5064 cumque
2767 4998 2998 5048 testetur
3029 5003 3153 5045 eum
3183 4987 3368 5043 lucens
3390 5001 3492 5041 ex.

1907 5090 2115 5147 stitisse
2160 5089 2553 5146 illuminantem
2593 5098 2816 5143 omnem
2860 5080 3135 5139 hominem
3181 5080 3489 5134 venientem

1908 5180 1964 5237 in
1999 5182 2143 5237 hunc
2173 5179 2476 5235 mundum:
2520 5174 2589 5231 In
2630 5173 2827 5229 mundo
2867 5180 3015 5240 erat,
3046 5182 3092 5227 et
3125 5170 3355 5225 mundus
3396 5184 3493 5237 per

1906 5272 2077 5345 ipsum
2122 5272 2297 5344 [actus
2334 5279 2444 5338 est,
2487 5280 2536 5325 et
2570 5267 2797 5323 mundus
2840 5281 2960 5322 eum
3002 5280 3108 5320 non
3139 5260 3391 5335 cognovit
3420 5260 3487 5320 ".

1718 5476 1764 5511 “
1802 5477 1932 5534 ibid.
1960 5476 2051 5539 ιϐ.
2126 5476 2170 5511 ⁶’¹
2200 5477 2221 5533 ι
2250 5475 2391 5532 Tim.
2420 5474 2571 5545 1,17.
2648 5475 2694 5509 ⁸³
2729 5470 3143 5541 Romam”.
3242 5470 3289 5505 ⁸⁸
3323 5468 3494 5530 Joan.

229 5551 450 5619 “11,5.
525 5546 981 5621 "Philipp.n,7.
1050 5546 1317 5616 "Joana,
1348 5549 1403 5605 5.
1478 5549 1524 5581 ’³
1561 5546 1721 5607 Joan.
1747 5566 1786 5618 ι,

1897 5549 1954 5605 ὃ.
2026 5548 2076 5581 ⁷⁸
2116 5549 2247 5605 ibid.
2275 5548 2365 5605 10.

364 5726 413 5792 ἰ)
447 5723 618 5796 Ϊιιιεο
641 5725 793 5782 deest
821 5725 903 5783 ἄν.

308 5794 397 5864 (32
445 5794 713 5867 Μρζπερι
790 5815 843 5871 ρ.

308 5801 419 5941 (33$
448 5863 558 5922 τοῦ
590 5881 700 5926 om.
716 5812 818 5927 ne
845 5875 899 5928 et
920 5881 1045 5928 mox
1072 5866 1253 5935 codd.;
1278 5881 1404 5926 mox
1431 5865 1593 5941 vulgo
1623 5865 1659 5923 ἃ
1679 5866 1760 5925 δέ.

1977 5706 2291 5804 (ἔνθ’Ϋυιεο
2327 5730 2537 5804 μεγάλῃ
2561 5733 2651 5804 tii-

1977 5730 2071 5798 (δι
2120 5730 2291 5802 Vulgo
2327 5730 2537 5803 μεγάλη
2561 5733 2651 5804 τῇ.

1974 5730 2092 5875 (ὃὸζ
2124 5800 2249 5863 Om.
2280 5804 2440 5861 codd.
2464 5790 2585 5860 M'ox
2622 5799 2779 5860 vulso
2802 5796 2920 5870 φῶς
2942 5791 3013 5871 ἦν
3044 5794 3126 5853 τδρ
