4068 6316
171 326 285 386 96!:

809 437 966 492 ΚΕΦ.
1011 437 1138 492 KE'.

371 531 571 596 Ὀπως
598 532 630 582 ὀ
651 529 831 594 αὐτὸς
859 522 1049 595 ἑαυτῷ
1072 530 1316 583 ἐναντία
1347 530 1590 599 ἔγραψε.

246 620 381 677 Εἶτα
413 624 506 676 καὶ
543 621 704 684 αὐτὸς
741 622 918 692 ἑαυτῷ
955 623 1216 675 τάναντία
1249 615 1361 692 (47)
1403 621 1631 694 γράφων
1662 639 1762 674 ουκ

167 714 444 769 αἴσθεται.
486 715 574 767 Ἐν
601 713 806 783 ἑτέροις
837 712 935 782 μὲν
966 712 1075 782 γὰρ
1106 712 1518 783 διῖσχυρίζεται,
1558 707 1761 784 μηδένα

166 801 270 854 τοῦ
317 802 578 873 προτέρου
625 801 776 865 λαοῦ,
811 802 879 855 τά
927 799 1069 855 κατὰ
1113 801 1204 855 τὸν
1232 803 1405 869 Λόγον
1443 806 1757 872 ἐγνωκέναι.

169 894 490 964 Μυστήριον
517 889 776 963 γὰρεῖναι
805 894 1320 965 ἀποκεκρυμμένον.
1348 897 1552 966 Γράφει
1575 895 1630 948 δὲ
1657 890 1758 949 ὦδε

171 985 368 1046 αὑταῖς
395 983 576 1050 λέξεσι
594 1001 608 1016 ·
646 1003 664 1035 ι
690 984 755 1036 Τί
781 985 888 1056 γάρ
913 986 1098 1056 ἕτερον
1135 982 1202 1058 ἦν
1231 986 1723 1061 ἀποκεκρυμμένον
1741 1030 1756 1054 ,

178 1077 513 1146 (μυστήριον
534 1076 566 1146 ἢ
595 1076 652 1129 τὸ
677 1076 818 1130 κατὰ
839 1077 932 1130 τὸν
955 1077 1124 1146 Λόγον
1152 1078 1325 1143 ;οὓτω
1340 1081 1396 1133 δὲ
1414 1081 1525 1152 (48)
1543 1078 1610 1151 ἦν
1625 1083 1760 1135 ἀπο-

174 1183 194 1215 ι
220 1165 601 1236 κεκρυμμένον
626 1168 685 1219 ὲν
713 1166 790 1237 τῷ
807 1166 946 1238 Θεῷ,
984 1170 1134 1221 τουτὶ
1167 1170 1432 1242 πρότερον
1467 1173 1528 1224 τὸ
1556 1174 1760 1243 μυστή-

174 1274 195 1306 σ
229 1273 366 1326 ριον,
389 1257 528 1310 ὥστε
567 1258 770 1328 μηδένα
813 1259 909 1312 τοῦ
945 1259 1209 1331 προτέρου
1245 1261 1398 1326 λαοῦ,
1456 1264 1642 1332 σαφῶς
1691 1266 1758 1318 τὰ

172 1345 356 1397 «κατὰ
377 1346 464 1398 τὸν
492 1346 664 1415 Λόγον
685 1347 909 1399 εἰδέναι·
940 1349 1053 1402 ἀλλ’
1081 1351 1112 1420 ἡ
1122 1352 1248 1417 μᾶς,
1276 1352 1369 1404 τοῦ
1402 1352 1632 1406 πλούτου
1659 1355 1758 1423 τῆς

172 1452 192 1486 ι
223 1435 383 1507 δόξης
439 1438 532 1489 καὶ
576 1437 668 1490 τοῦ
719 1439 1212 1523 ἀποκεκρυμμένου
1276 1447 1573 1516 μυστηρίου
1622 1449 1755 1501 ἀπο-

172 1545 196 1578 (
222 1526 409 1581 λαύειν
431 1529 565 1582 νυνί.
595 1549 612 1580 ι
636 1530 744 1583 Καὶ
773 1526 927 1595 αὖθις
960 1533 1220 1602 ἐπιλέγει,
1245 1555 1261 1586 ι
1287 1537 1343 1587 'U
1361 1537 1414 1590 δὲ
1452 1539 1594 1607 ἱερὸς
1623 1540 1759 1591 ἀπό-

175 1637 194 1670 ι
216 1619 402 1683 στολός
428 1637 486 1672 τε
518 1623 610 1674 καὶ
639 1622 884 1694 μαθητὴς
910 1623 1001 1676 τοῦ
1029 1628 1235 1696 Κυρίου
1274 1629 1543 1699 Ἰωάννης,
1571 1631 1757 1700 σαφῶς

172 1728 191 1760 ι
218 1711 316 1762 καὶ
360 1711 652 1783 διαρρήδην
679 1715 734 1765 ἐν
780 1715 920 1786 ἀρχῇ
957 1716 1052 1769 τοῦ
1093 1719 1426 1787 Εὑαγγελίου
1465 1723 1754 1786 διδάσκων,

1152 325 1237 379 DE
1279 323 1815 381 ECCLESIASTICA
1854 325 2240 380 TIIEOLUGIA
2284 326 2411 381 LIB.
2455 323 2513 378 Π.

1795 445 1843 502 Α

3348 317 3454 376 966

2480 436 2632 491 CAP.
2669 434 2832 490 XXV.

2135 529 2378 595 Qualiter
2404 530 2504 584 sibi
2537 529 2639 597 ipsi
2668 527 2935 580 contraria
2963 524 3178 578 scribat.

1935 619 2048 674 Non
2102 621 2350 690 intelligit
2383 636 2545 690 porro
2578 621 2723 689 quod
2768 616 2868 671 sibi
2901 616 3000 684 ipsi
3030 613 3452 671 contradictoria

1863 714 2074 768 scribit.
2114 711 2326 766 Alicubi
2367 711 2636 778 siquidem
2669 716 3051 762 asseveranter
3086 703 3298 769 statuit,
3327 703 3453 757 nul-

1865 805 1971 857 lum
2025 804 2236 873 penitus
2275 803 2341 858 de
2385 802 2606 871 antiquo
2663 799 2753 854 illo
2806 797 3002 868 populo
3052 783 3342 865 quidquam
3383 795 3452 848 de

1864 896 2041 951 Verbo
2070 897 2408 964 cognovisse.
2460 892 2596 946 Nam
2628 900 2744 947 erat
2768 890 3088 959 mysterium
3129 894 3188 950 ᾗ
3217 886 3450 940 abscon-

1863 988 2052 1052 ditmn,
2083 988 2278 1056 inquit.
2313 984 2489 1040 Verba
2521 985 2636 1053 ejus
2661 991 2788 1037 sunt
2821 980 2912 1052 [ῐὶ.
2937 979 3102 1046 XLV,
3139 979 3263 1033 coll.
3296 994 3347 1042 p.
3375 976 3448 1030 40

1864 1076 1928 1150 1)]
1963 1095 1976 1132 :
2020 1097 2037 1129 ι
2058 1078 2200 1144 "Quid
2229 1076 2374 1131 aliud
2400 1085 2517 1130 erat
2548 1077 2863 1145 mysterium
2890 1074 3016 1126 illud
3041 1073 3445 1132 absconditum,

1867 1189 1886 1221 ι
1911 1185 2069 1238 quam
2101 1169 2226 1223 ιιιυά
2263 1169 2326 1223 de
2352 1166 2570 1221 Verbo?
2624 1166 2756 1220 Nam
2789 1174 2909 1219 erat
2972 1165 3073 1219 hoc
3123 1163 3444 1234 mysterium

1867 1282 1883 1312 ι
1908 1262 2043 1316 adeo
2069 1261 2194 1314 olim
2224 1261 2280 1314 in
2320 1261 2430 1315 Deo
2456 1259 2855 1324 absconditum,
2891 1266 2950 1312 ut
2982 1270 3013 1312 e
3035 1258 3201 1327 priori
3234 1255 3322 1309 illo
3351 1270 3447 1324 po-

1867 1371 1883 1402 ι
1909 1353 2052 1420 pulo,
2083 1353 2256 1407 nullus
2283 1352 2441 1420 plane
2473 1352 2574 1406 hoc
2609 1354 2782 1420 ipsum
2826 1350 3168 1419 intelligeret.
3202 1347 3306 1402 Sed
3347 1362 3446 1401 no—

1868 1445 1991 1498 «bis
2032 1443 2142 1510 jam
2190 1458 2443 1498 concessa
2501 1452 2584 1496 est
2645 1442 2832 1497 fruitio
2887 1441 3200 1495 divitiarum
3261 1440 3446 1507 gioria:

1867 1555 1883 1587 ι
1913 1535 2099 1606 ipsius,
2137 1544 2190 1590 et
2244 1535 2484 1607 mysterii
2520 1535 2664 1590 illius
2709 1534 3156 1589 reconditissimi.
3185 1552 3203 1583 ι
3247 1533 3445 1584 Statim

1862 1644 1991 1682 vero
2053 1627 2319 1681 subinfert
2355 1626 2447 1698 [Ιί.
2483 1625 2645 1680 XLVI
2694 1625 2818 1682 coll.
2873 1641 2928 1694 p.
2979 1625 3048 1679 56
3095 1625 3136 1677 D
3188 1623 3288 1678 118
3317 1621 3381 1694 οι
3429 1641 3442 1677 :

1868 1721 2298 1774 «Sanctissi-mus
2348 1734 2475 1774 vero
2524 1718 2818 1787 apostolus,
2868 1726 2922 1770 et
2953 1715 3163 1770 Domini
3206 1716 3447 1784 discipu-

167 1820 186 1851 ι
213 1801 662 1873 ὡςάγνοούμενον
685 1808 741 1857 έν
763 1807 1069 1879 ἀνθρώποις
1090 1812 1372 1882 πρότερον,
1402 1815 1572 1881 Λόγον
1592 1816 1749 1868 αὑτὸν

1865 1834 1880 1863 ι
1908 1814 1986 1867 lus
2011 1813 2268 1876 Joannes,
2311 1814 2539 1865 exertim
2573 1820 2629 1864 et
2672 1820 2859 1880 aperte
2889 1809 2939 1862 in
2975 1820 3168 1864 exortu
3207 1809 3448 1874 Evange-

167 1912 186 1943 ι
216 1892 315 1946 τοῦ
352 1897 788 1969 παντοκράτορος
824 1899 1125 1970 ὀνομάζων,
1161 1905 1330 1970 οὓτως
1356 1906 1480 1978 ἔφη,
1526 1909 1622 1960 Ἐν
1657 1911 1752 1977 ἁρ-

168 2004 187 2035 ι
216 1984 302 2055 χῇ
325 1983 403 2057 ἦν
431 1991 462 2040 ό
489 1991 697 2058 Λόγος.
731 2011 748 2042 ι
798 1993 885 2045 Ἐν
919 1994 1127 2058 τούτοις
1153 1997 1252 2066 μὲν
1283 1995 1376 2051 οὖν
1403 2002 1751 2072 ἀποκεκρυμ-

162 2079 330 2148 μένον
357 2082 652 2151 μυστήριον
699 2083 988 2155 διορίζεται
1018 2082 1155 2140 εῖναι
1179 2089 1258 2152 τὸ,
1296 2107 1360 2141 πε
1373 2092 1424 2160 pl.
1456 2091 1548 2143 τοῦ
1582 2091 1752 2160 Λόγον

154 2170 312 2239 ἔχειν
330 2172 420 2223 τὸν
443 2172 594 2238 Θεὸν,
629 2175 685 2228 ὲν
717 2175 773 2227 δὲ
801 2170 921 2239 ταῖς
951 2178 1152 2248 ἀρτίως
1179 2181 1600 2250 παρατεθείσαις
1625 2201 1753 2254 προ-

157 2265 426 2332 φητικαῖς
453 2267 674 2331 φωναῖς,
695 2267 874 2331 πάσας
896 2267 992 2331 τὰς
1021 2269 1169 2333 Θείας
1195 2271 1415 2341 Γραφὰς
1438 2273 1749 2343 κηρύττειν,

153 2356 234 2409 τὰ
285 2359 412 2427 περὶ
463 2358 626 2410 αὑτοῦ
680 2361 978 2430 συνίστησι,
1020 2362 1114 2414 καὶ
1167 2363 1386 2432 συνάγει
1421 2367 1548 2436 περὶ
1578 2367 1750 2434 Λόγου

154 2444 324 2509 Θεοῦ,
357 2447 614 2511 πλείστας
635 2449 765 2510 ὅσας
796 2450 1122 2522 μαρτυρίας.
1149 2453 1261 2505 Ούκ
1291 2449 1399 2524 ἆρα
1428 2450 1495 2524 ἦν
1531 2456 1754 2522 ἀγνοού-

157 2553 329 2608 μενος
356 2539 433 2608 τῷ
467 2541 714 2610 προτέρῳ
742 2541 874 2612 λαῷ⁹
907 2544 1107 2606 πάντες
1137 2545 1244 2616 γάρ
1273 2547 1449 2610 αὐτοὶ,
1488 2549 1612 2610 τοὺς
1640 2566 1750 2600 τοι-

150 2627 352 2692 ούτους
383 2630 575 2699 λόγους
607 2632 802 2701 ᾔδεσαν
841 2634 944 2685 ἀνὰ
972 2635 1164 2704 στόμα,
1202 2639 1295 2689 καὶ
1319 2639 1408 2691 διὰ
1443 2641 1660 2711 μνήμης
1686 2641 1752 2693 τὰ

145 2724 478 2792 -προφητικά
500 2723 652 2792 λόγια
677 2727 952 2797 φέροντες.
989 2728 1146 2781 Ἀλλά
1167 2731 1255 2783 τὸν
1283 2735 1614 2803 γραμματέα
1643 2736 1751 2787 τῶν

172 2813 441 2866 Ἰουδαίων
468 2818 599 2885 ἡμῖν
630 2820 657 2869 ὁ
689 2819 1009 2888 Χριστιανὸς
1041 2823 1385 2892 προΐσχεται·
1415 2827 1512 2878 οὐκ
1539 2827 1750 2880 ἀκούων

154 2901 257 2954 τοῖ’)
281 2904 530 2976 Σωτῆρος
557 2907 828 2976 λέγοντος,
863 2911 1007 2963 Οὐαὶ
1046 2914 1206 2980 ὑμῖν,
1239 2916 1616 2983 γραμματεῖς,
1652 2920 1748 2970 καὶ

154 2996 469 3063 Φαρισαῖοι
491 3000 826 3066 ὑποκριταὶ,
867 3002 1143 3074 θαυμάζει,
1166 3022 1222 3056 τε
1268 3008 1428 3059 αὑτὸν
1463 3008 1568 3077 (49)
1605 3011 1750 3080 ὅρκῳ

155 3088 522 3159 πιστούμενον
573 3093 654 3144 ὅτι
695 3091 798 3159 Εἷς
839 3095 1009 3148 ἐστιν
1048 3101 1080 3150 ὀ
1129 3098 1290 3162 Θεὸς,
1337 3101 1435 3153 real
1480 3104 1592 3154 οὐκ
1619 3104 1750 3155 ἔστι

154 3177 330 3243 πλὴν
370 3180 577 3245 αὑτοῦ,
613 3182 712 3235 οὐκ
745 3183 921 3250 εἰδὼς,
961 3187 1041 3238 ὅτι
1075 3188 1167 3240 καὶ
1213 3188 1281 3240 τὰ
1328 3189 1612 3260 «δαιμόνια
1662 3212 1750 3247 πι-

160 3286 181 3319 σ
209 3268 480 3331 στεύουσι,
511 3272 604 3323 καὶ
633 3273 932 3340 φρίττουσι.
963 3293 982 3326 ι
1027 3276 1191 3345 Τήρει
1226 3278 1282 3329 δὲ
1304 3279 1448 3341 ὅπως
1483 3281 1541 3346 ἐξ
1569 3282 1749 3335 αὐτῶν

151 3360 268 3416 τῶν
293 3363 644 3432 προφητικῶν
671 3364 922 3434 Γραφῶν,
954 3367 1019 3419 τὰ
1054 3371 1180 3439 περὶ
1206 3370 1378 3436 Λόγου
1404 3372 1622 3439 συνάγει
1650 3374 1744 3426 τοῦ

150 3452 268 3504 τῶν
298 3455 585 3522 πρακτέων
624 3456 1035 3512 διδασκαλικοῧδ
1069 3463 1128 3514 ὃν
1170 3465 1262 3516 καὶ
1310 3458 1576 3517 Ἰουδαίων
1622 3470 1748 3519 παῖ-

148 3543 244 3606 δες
273 3545 559 3616 γνωρίζειν
586 3550 1008 3620 ὁμολογήσουσιν
1038 3555 1171 3623 (50),
1200 3556 1293 3608 ἆτε
1319 3558 1425 3626 πρὸ
1454 3557 1613 3626 ἡμῶν
1633 3558 1748 3610 τοῦ-

149 3650 250 3686 τον
302 3637 726 3708 παρειληφότες.
790 3643 929 3695 Ἀλλ’
964 3646 1083 3698 οὐδὲ
1126 3647 1287 3709 αὐτὸς
1331 3648 1616 3710 Σαϐέλλιος
1657 3651 1747 3702 τὸν

150 3724 400 3780 τοιοῦτον
434 3731 614 3798 ἠγνόει
638 3733 827 3801 Λόγον.
867 3737 989 3798 Πῶς
1010 3733 1099 3790 οὖν
1131 3740 1414 3804 Ἰουδαίους
1443 3743 1535 3794 καὶ
1558 3743 1747 3794 Σαϐέλ-

150 3817 272 3870 λιον
317 3819 554 3884 κόπτων,
596 3823 668 3893 μὴ
703 3826 997 3892 ἐγνωκέναι
1049 3830 1139 3880 τὸν
1185 3831 1356 3898 Λόγον
1415 3833 1538 3901 ἔφη,
1575 3832 1638 3885 δι’
1672 3828 1746 3886 ὧν

154 3908 483 3980 παρεθέμην
512 3911 675 3965 αὐτοῦ
713 3917 940 3983 φωνῶν;
991 3919 1098 3970 Καὶ
1140 3921 1324 3991 ἐπειδὴ
1362 3923 1744 3993 ἀποπέφανται

149 4002 181 4053 ό
209 4002 394 4064 αὐτὸς,
437 4003 522 4057 διὰ
563 4006 671 4059 τῶν
699 4007 1023 4078 ἔμπροσθεν,
1070 4013 1144 4075 ὠς
1187 4013 1357 4078 οὐδεὶς
1391 4015 1611 4068 ἐδύνατο
1654 4017 1745 4069 τὸν

151 4093 293 4146 Θεὸν
336 4096 552 4158 εἰδέναι,
585 4099 704 4151 οὐδὲ
733 4102 823 4154 τὸν
856 4103 1026 4170 Λόγον
1051 4104 1333 4176 γνωρίζειν
1363 4108 1527 4161 αὑτοῦ
1583 4111 1629 4161 εἰ
1667 4111 1740 4180 μὴ

149 4182 256 4254 τὴν
296 4186 479 4239 εἰκόνα
528 4189 738 4258 εἰλήφει
766 4191 858 4244 τοῦ
919 4195 1148 4265 ἀοράτου
1189 4196 1345 4261 Θεοῦ,
1403 4199 1602 4270 δηλαδὴ
1645 4201 1743 4271 τὴν

153 4275 356 4344 σάρκα,
393 4277 468 4340 ὡς
501 4281 660 4343 αὐτὸς
689 4281 828 4351 ἔφη·
883 4283 991 4352 (διὰ
1036 4287 1202 4356 μόνης
1234 4288 1342 4359 γὰρ
1393 4291 1493 4359 τῆς
1535 4293 1740 4356 εἰκόνος

148 4366 516 4438 γνωρίζεσθαι
558 4369 649 4424 τὸν
682 4372 812 4423 Θεὸν
847 4374 1059 4426 καὶτὸν
1107 4377 1292 4430 τούτου
1339 4381 1509 4446 Λόγον
1552 4381 1743 4434 διετεί-

1857 1923 1876 1953 ι
1907 1904 1981 1965 lii,
2017 1903 2178 1956 veluti
2212 1903 2301 1972 qui
2337 1903 2553 1954 doceret
2596 1899 2738 1969 quod
2801 1898 2948 1967 prius
2979 1896 3332 1967 ignorabatur
3371 1894 3449 1948 in.

1861 2018 1877 2049 ι
1907 2008 1986 2052 ter
2016 1999 2280 2062 homines,
2319 1995 2555 2050 Verbum
2612 1991 3002 2062 omnipotentis
3040 2003 3162 2044 eum
3198 1988 3446 2043 nominat

1862 2109 1878 2140 ι
1911 2090 1982 2142 ita
2038 2088 2306 2156 inquiens,
2349 2084 2418 2139 In
2472 2085 2728 2152 principio
2773 2093 2887 2136 erat
2946 2080 3166 2137 Verbum
3187 2080 3254 2133 δι.
3286 2099 3307 2132 ι
3362 2078 3442 2134 Ita

1855 2181 2130 2235 contendit
2169 2181 2212 2233 is
2234 2194 2329 2247 per
2361 2179 2461 2231 ista
2505 2175 2881 2230 absconditum
2925 2174 3240 2244 mysterium
3273 2171 3443 2227 fuisse

1856 2272 2007 2334 illud,
2034 2272 2198 2324 Deum
2231 2270 2483 2323 habuisse
2518 2267 2781 2322 Verbum.
2820 2250 3293 2332 Scripturas'vero
3323 2277 3442 2315 om-

1857 2379 1952 2417 nes
1977 2376 2147 2432 nuper
2179 2362 2459 2423 recitatas,
2483 2369 2536 2410 et
2556 2358 2831 2426 appositas
2849 2355 3233 2424 prophetarum
3254 2369 3439 2422 voces,

1858 2453 2157 2521 praedicare
2178 2451 2293 2504 vult
2318 2465 2438 2520 quae
2471 2458 2598 2504 sunt
2623 2447 2691 2502 de
2713 2446 2912 2512 Verbo,
2932 2463 3067 2516 quas
3091 2448 3354 2514 plurimas
3384 2447 3438 2500 in

1857 2547 2012 2613 hujus
2033 2545 2107 2599 rei
2130 2543 2492 2597 testimonium
2510 2539 2869 2596 coacervavit.
2892 2537 2967 2591 Ita
2989 2553 3090 2592 non
3107 2548 3226 2592 erat
3240 2537 3439 2606 populo

1856 2635 1928 2688 illi
1971 2633 2138 2703 priori
2168 2634 2470 2702 ignoratum
2506 2632 2608 2685 hoc
2643 2630 2957 2701 mysterium
2991 2628 3260 2683 :universi
3291 2629 3438 2683 enim

1856 2734 2138 2790 noverant,
2173 2731 2225 2778 et
2255 2723 2520 2776 memoria
2555 2723 2816 2776 tenebant
2861 2729 2913 2775 et
2961 2733 3057 2774 ore
3102 2719 3440 2787 usurpabant

1855 2819 2244 2888 prophetarum
2268 2817 2357 2870 illa
2376 2817 2618 2870 oracula.
2635 2817 2705 2868 At
2736 2815 2879 2870 enim
2898 2815 3034 2869 etde
3049 2811 3252 2867 Judazis
3281 2812 3440 2866 nobis

1854 2911 2086 2965 scribam
2126 2917 2480 2978 reprzcsentat
2510 2906 2859 2960 Christianus
2895 2921 3017 2959 cum
3057 2906 3131 2959 sit
3167 2923 3179 2958 :
3217 2922 3321 2957 non
3355 2914 3439 2958 at-

1857 3003 2082 3054 tendens
2118 3000 2261 3067 quod
2303 3000 2564 3052 Servator
2611 2997 2768 3062 dixit,
2826 2994 2912 3050 Va:
2949 2997 3114 3060 vobis,
3153 2993 3351 3049 Scriba?
3388 3005 3438 3047 et

1859 3091 2115 3144 Pharini
2159 3091 2452 3159 hypocrin
2474 3090 2540 3141 ⁸³.
2581 3088 2844 3157 Illumque
2890 3090 3116 3157 suspicit
3143 3091 3285 3156 quod
3315 3105 3436 3142 cum

1849 3183 2199 3253 jurejurando
2227 3181 2449 3248 dixerit,
2476 3180 2631 3246 Quod
2655 3197 2791 3233 unus
2825 3180 2962 3233 Deus
2989 3192 3035 3233 et
3065 3191 3258 3249 prieter
3293 3197 3434 3243 eum,

1853 3291 1954 3327 non
1979 3283 2052 3326 est
2081 3272 2236 3328 alius.
2267 3271 2429 3337 Quasi
2450 3270 2685 3324 nesciret
2709 3270 2850 3339 quod
2877 3281 2930 3323 et
2965 3287 2984 3321 ι
3017 3271 3288 3324 (Ιωιῐιοιιθε
3315 3286 3440 3324 ere-

1851 3365 1980 3416 dnnt
2008 3372 2059 3418 et
2092 3363 2537 3418 contremiscant.
2567 3381 2586 3415 ι
2621 3360 2759 3416 Nota
2794 3361 2924 3415 mihi
2955 3371 3136 3414 autem
3174 3363 3436 3430 quemad-

1852 3455 2070 3508 modum
2126 3455 2191 3508 de
2237 3454 2569 3524 propheticis
2599 3453 2898 3522 Scripturis
2933 3452 3141 3522 colligit
3190 3469 3309 3522 quae
3364 3455 3432 3507 ad

1850 3548 2072 3600 verbum
2127 3546 2252 3600 illud
2290 3547 2586 3615 pertinent,
2635 3548 2776 3616 quod
2812 3556 2896 3600 est
2921 3549 3249 3617 agendorum
3283 3563 3437 3602 com-

1850 3638 2298 3693 mouel'aCtorium
2344 3661 2356 3692 ;
2410 3639 2554 3706 quod
2585 3639 2757 3707 ipsum
2799 3638 3116 3693 fatebuntur
3169 3654 3228 3695 se
3261 3656 3433 3711 agno-

1849 3742 2000 3782 scere
2035 3726 2117 3781 vel
2150 3725 2345 3788 Judaei,
2392 3727 2554 3780 veluti
2590 3727 2680 3795 qui
2727 3737 2854 3782 ante
2885 3743 2990 3788 nos
3035 3730 3139 3783 hoc
3164 3727 3275 3797 jam
3299 3733 3432 3786 olim

1846 3820 2234 3875 edocebantur.
2273 3818 2379 3873 Sed
2407 3835 2505 3874 nec
2529 3821 2758 3887 ipsemet
2797 3820 3065 3875 Sabellius
3093 3821 3435 3890 hujuscemo-

1846 3914 1898 3967 di
1936 3913 2171 3966 Verbum
2214 3913 2518 3981 ignorabat.
2560 3911 2731 3977 Quam
2774 3912 3047 3966 immerito
3103 3913 3303 3968 idcirco
3335 3912 3432 3968 ﬂa-

1847 4004 2328 4071 gellatSabellium
2384 4014 2440 4058 et
2465 4003 2701 4064 Judzcus,
2752 4004 2803 4056 in
2853 4006 3122 4073 excerptis
3162 4021 3191 4058 a
3231 4021 3318 4061 me
3361 4007 3431 4060 de

1847 4099 2011 4166 ipsius
2050 4097 2187 4150 libro
2221 4096 2432 4164 positis,
2476 4096 2617 4164 quod
2659 4095 2891 4148 Verbum
2926 4097 3263 4162 ignorabant,
3301 4113 3429 4153 cum

1842 4203 2043 4242 nomen
2073 4187 2123 4240 id
2155 4187 2222 4239 ab
2257 4187 2344 4239 illo
2371 4187 2562 4239 scitum
2599 4186 2690 4247 sit,
2726 4186 2867 4253 quod
2902 4186 3068 4240 Deum
3114 4188 3297 4243 videre
3327 4204 3430 4245 ne-

1845 4295 1933 4333 mo
1960 4290 2189 4346 poterat,
2215 4280 2308 4334 sed
2345 4294 2443 4333 nec
2492 4280 2662 4347 ipsius
2688 4276 2924 4332 Verbum
2969 4279 3288 4350 intelligere,
3321 4281 3427 4338 nisi

1845 4374 2132 4443 imaginem
2166 4374 2415 4427 induerat
2462 4374 2749 4428 invisibilis
2789 4374 2920 4438 Dei,
2971 4388 3194 4427 carnem
3232 4389 3430 4444 nempe

147 4475 304 4522 νατο,
339 4459 437 4530 τὴν
473 4462 652 4533 σάρκα
686 4463 858 4532 λέγων
914 4464 1170 4538 εἶναιτὴν
1205 4472 1385 4523 εἰκόνα
1493 4475 1737 4547 ὑπομνη-

1855 4464 2129 4517 intendens
2170 4464 2455 4533 imaginem
2498 4463 2677 4527 illam;
2740 4479 2867 4518 nam
2899 4479 2994 4532 per
3031 4463 3202 4516 solam
3234 4464 3426 4535 imagi-

150 4549 311 4600 στέον
359 4550 446 4603 διὰ
479 4552 587 4604 τῶν
637 4557 1012 4625 προκειμένων
1060 4558 1134 4621 ὡς
1160 4559 1280 4628 δίχα
1334 4562 1431 4631 τῆς
1475 4565 1737 4635 ένσάρκου

149 4641 457 4710 παρουσίας
486 4643 721 4696 Ἰουδαῖοι
773 4646 972 4710 πάντες
1018 4648 1107 4700 τὸν
1132 4647 1285 4716 λόγον
1331 4651 1421 4702 τοῦ
1455 4652 1612 4715 Θεοῦ,
1649 4655 1742 4706 καὶ

143 4731 280 4814 Eoi);
320 4732 510 4799 λόγους
541 4735 665 4798 τοὺς
704 4737 760 4788 έν
785 4741 903 4800 ταῖς
937 4745 1299 4811 προφητικαῖς
1328 4748 1586 4813 γραφαῖς,
1631 4746 1740 4798 τῶν

147 4821 317 4874 ὁσίων
358 4824 534 4894 ἔργων
594 4830 1081 4899 παραγγελτικοὺς,
1129 4834 1370 4904 ἀκριϐῶς
1425 4836 1638 4906 ᾔδεσαν,
1684 4840 1742 4902 ἐξ

149 4911 381 4964 ἁπαλῶν
434 4916 639 4985 ὀνύχων
687 4920 906 4983 τούτους
955 4925 1457 4994 καταμελετῶντες’
1508 4931 1600 4981 καὶ
1651 4931 1742 4984 τὸν

149 5003 288 5055 Θεὸν
314 5004 624 5075 ὡμολόγουν
649 5010 738 5063 τὸν
763 5013 978 5066 πάντων
1011 5017 1236 5086 ποιητὴν
1263 5018 1355 5070 καὶ
1378 5018 1701 5090 δημιουργόν
1723 5040 1736 5051 ·

148 5095 346 5167 ὥσπερ
379 5094 472 5154 οὖν
501 5102 606 5163 ,καὶ
629 5105 1008 5173 γραμματεὺς,
1042 5109 1070 5158 ό
1097 5107 1162 5159 δι’
1194 5109 1355 5178 ὅρκου
1387 5110 1745 5180 πιστούμενος

232 5307 294 5366 ›Ι‹
331 5302 429 5358 Ed.
458 5303 633 5362 Paris.
688 5324 803 5380 pag.
843 5311 965 5365 144.
1053 5314 1093 5344 ⁸⁸
1128 5312 1283 5368 Joan.
1316 5329 1355 5380 ι,
1390 5315 1440 5368 1.

217 5549 332 5622 (ιῖ)
368 5549 546 5622 Vulgo
574 5554 794 5607 ἐναντία

243 5620 332 5697 ξιξ)
366 5620 538 5697 Vulgo
553 5623 713 5697 ,οὕτω
735 5627 865 5697 γάρ.

240 5691 330 5762 49)
364 5691 688 5761 Θαυμὰζετε
714 5691 920 5753 ditior.
962 5699 1094 5770 lmo,
1131 5700 1398 5772 Θαυμάζει
1429 5719 1507 5757 τε.
1539 5703 1727 5762 Admi-

1847 4569 1966 4607 nem
1997 4554 2248 4624 cognosci
2281 4556 2523 4624 potuisse
2560 4557 2753 4619 Deum,
2782 4565 2836 4609 et
2862 4556 3028 4624 ipsius
3059 4556 3154 4609 Dei
3183 4554 3424 4611 Verbum

1846 4649 2140 4700 contendat
2165 4661 2388 4700 carnem
2420 4661 2674 4702 asserens
2716 4647 2884 4702 fuisse
2930 4648 3219 4718 imaginem
3250 4650 3421 4705 illam.

1846 4739 1952 4794 Sed
1983 4738 2297 4794 meminisse
2331 4738 2590 4793 debemus
2632 4741 2685 4792 in
2738 4741 3111 4808 superioribus
3165 4742 3423 4810 positum,

1844 4833 1984 4903 quod
2012 4832 2218 4900 absque
2258 4831 2461 4885 carnali
2522 4833 2831 4900 prmsentia,
2872 4831 3042 4887 Judaei
3087 4848 3276 4889 omnes
3305 4851 3427 4889 ver-

1847 4923 1973 4976 bum
2033 4922 2146 4985 Dei,
2179 4932 2234 4976 et
2265 4925 2427 4977 verba
2478 4922 2603 4987 Dei,
2645 4938 2764 4992 quae
2805 4925 3002 4978 divinis
3039 4930 3425 4994 prophetarum

1848 5014 2147 5083 Scripturis
2206 5015 2410 5080 insunt,
2455 5016 2523 5069 ad
2572 5026 2760 5071 sancta
2809 5033 2974 5086 opera
3038 5019 3424 5083 admonitoria,

1852 5108 2196 5164 exactissime
2245 5107 2547 5174 callebant,
2583 5124 2706 5164 cum
2752 5125 2781 5163 a
2845 5113 3045 5166 teneris
3096 5112 3422 5183 unguiculis.

1519 5317 1776 5375 "Matth.
1814 5331 1949 5371 χχιιι
2016 5315 2106 5371 15.

1835 5573 1988 5618 ratur
2018 5563 2303 5620 Marcellus
2333 5565 2566 5619 scribam
2606 5565 2779 5619 illum.
2817 5566 2888 5620 M.

1907 5634 2021 5706 (50)
2048 5635 2218 5707 V_ulgo
2243 5635 2597 5707 ὁμολογοῦσιν
2631 5646 2683 5690 et
2726 5637 3078 5706 ἁποπέφαται
3112 5648 3164 5692 et
3209 5652 3329 5692 mox
3369 5657 3418 5694 τ.

1837 5702 2016 5777 σάρκα
2047 5702 2186 5760 εἶναι
2226 5702 2326 5780 τῆν
2355 5702 2560 5776 εἰκόνα,
2594 5707 2688 5770 ὡς.
