4068 6316
198 374 312 432 ῦῖὸ

1213 375 1300 431 DE
1340 373 1876 432 ECCLESIASTECA
1916 374 2307 434 THEOLOGIA
2343 376 2475 435 LIB.
2516 376 2604 433 Ill.

3347 381 3456 440 974

197 492 354 565 αὐτῷ
382 492 492 566 (61)
530 492 696 563 σοφήν
722 491 834 557 ἕξιν
873 492 1165 547 ὑπολαϐεῖν
1197 491 1431 564 ἀδελφην
1455 491 1562 545 τῶν
1595 492 1654 544 ὲν
1678 491 1744 544 ἀν

1870 472 2153 561 ’ρίειιιὶοω,
2178 505 2422 549 sororem
2451 492 2598 547 dicat
2625 490 2942 547 nominatim
2972 490 3214 547 habitum
3262 505 3453 549 eorum

196 583 443 659 θρώποις
476 584 879 656 κατορθούντων
904 584 1190 653 λέγεσθαι;
1218 584 1279 637 Ei
1305 584 1361 637 δὲ
1389 583 1481 636 ἐπὶ
1516 582 1608 636 τὸν
1642 581 1778 654 Χρι-

196 678 329 733 στὸν
360 677 455 731 τοῦ
483 675 617 729 Θεοῦ
653 676 905 740 ὲκλάὁοις
942 678 1002 730 τὸ
1034 675 1343 748 εἰρημένον,
1389 675 1623 747 Χριστὸς
1672 673 1780 744 γὰρ

194 767 337 825 Θεοῦ
362 770 588 838 δύναμις
618 769 713 822 καὶ
754 768 890 823 Θεοῦ
920 770 1117 838 Σοφία,
1152 768 1304 821 οὐδὲν
1346 767 1594 838 ἐμποδὼν
1630 766 1779 819 ἔσται

193 864 270 935 τῇ
318 861 553 933 διανοίᾳ,
594 860 718 915 ἐπεὶ
752 862 845 915 καὶ
883 862 979 932 τὴν
1011 860 1146 932 πρὸς
1186 861 1333 932 ἡμᾶς
1361 861 1463 912 οὑκ
1502 860 1778 914 ἀναίνεται

196 954 540 1026 ἀδελφότητα
588 955 655 1008 δι’
686 955 987 1026 ὑπερϐολὴν
1037 953 1467 1025 φιλανθρωπίας.
1527 954 1590 1007 El
1620 953 1677 1006 δὲ
1718 953 1777 1005 ἒν

195 1048 298 1102 καὶ
316 1045 507 1100 ταύτὸν
530 1040 599 1115 ἦν
631 1046 660 1098 ὁ
684 1044 837 1110 Θεὸς,
876 1047 969 1100 καὶ
1006 1048 1039 1117 ἡ
1068 1047 1125 1100 ἐν
1145 1048 1266 1109 ταῖς
1295 1044 1623 1116 Παροιμίαις
1666 1044 1777 1097 είσ-

192 1137 441 1209 αγομένη
456 1138 625 1207 Σοφία
637 1136 748 1202 ἕξις
763 1134 895 1191 οὖσα
917 1138 1053 1208 σοφὴ
1082 1139 1139 1191 ὲν
1169 1137 1317 1208 αὑτῷ
1341 1137 1622 1209 νοουμένη,
1645 1136 1776 1191 καθὸ

194 1224 364 1293 σοφὸς
391 1225 419 1277 ὁ
448 1224 601 1288 Θεὸς.
635 1226 689 1277 τί
713 1225 945 1278 ἐκώλυεν
974 1226 1094 1279 ἀντὶ
1136 1228 1237 1297 τῆς
1286 1226 1485 1293 Σοφίας
1528 1226 1618 1279 τὸν
1643 1225 1774 1280 Θεὸν

189 1314 629 1388 ἀναγεγρᾲφθαις
646 1315 783 1369 ὥστε
794 1317 874 1384 τὸ,
907 1318 968 1371 'H
980 1318 1169 1386 Σοφία
1189 1317 1573 1387 ᾠκοδόμησεν
1591 1316 1774 1388 ἑαυτῇ

187 1402 386 1473 οἷκον,
410 1407 506 1461 καὶ
540 1408 828 1476 ὑπήρεισε
854 1410 1121 1477 στύλους
1148 1408 1317 1474 ἑπτὰ,
1344 1412 1439 1463 καὶ
1467 1411 1533 1463 τὰ
1568 1411 1774 1475 τούτοις

191 1499 518 1571 συνημμένα
553 1500 798 1572 είρῆσθαι
832 1502 952 1556 ἀντὶ
979 1500 1094 1566 τοῦ,
1134 1502 1184 1554 '0
1214 1502 1359 1566 Θεὸς
1386 1503 1772 1574 ᾠκοδόμησεν

186 1588 388 1655 ἐαυτῷ
401 1586 586 1657 οἶκον,
601 1592 693 1645 καὶ
715 1592 783 1645 τὰ
804 1592 931 1664 ἑξῆς
959 1610 971 1623 ·
998 1597 1094 1647 καὶ
1118 1593 1279 1647 πάλιν
1304 1594 1427 1647 ἀντὶ
1445 1597 1558 1649 τοῦ·
1580 1594 1771 1651 Εἶπον

188 1680 314 1751 τὴν
340 1682 564 1749 Σοφίαν
595 1682 719 1750 σὴν
749 1681 1027 1751 ἀδελφὴν
1056 1679 1238 1748 εἶναι,
1274 1683 1522 1755 λελέχθαι
1547 1727 1561 1751 ,
1583 1683 1771 1742 Εἶπον

185 1772 304 1827 τὸν
334 1773 481 1827 Θεὸν
510 1774 626 1827 σὺν
652 1774 920 1843 ἀδελφὸν
950 1771 1123 1830 εἶναι.
1178 1774 1317 1828 Ἀλλ’
1364 1778 1497 1847 ὁρᾷς
1545 1778 1621 1842 ὡς
1671 1779 1766 1851 τὴν

184 1864 361 1935 ἀκοὴν
403 1863 626 1936 πλήττει
670 1867 702 1936 ἡ
742 1866 962 1936 τοιαύτη
999 1866 1172 1937 φωνὴ,
1216 1868 1315 1920 οὑκ
1353 1866 1551 1937 ἔχουσα
1598 1870 1766 1941 ἁρμο-

183 1954 329 2009 νίαν.
356 1957 482 2009 Είδ⁹
515 1958 608 2011 ἐπὶ
631 1957 723 2012 τὸν
752 1958 877 2012 Υἱὸν
901 1959 1150 2022 ὲκλάϐοις
1174 1959 1239 2013 τὰ
1272 1959 1448 2029 λόγια,
1473 1961 1636 2025 αὐτὸς
1654 1962 1765 2033 γὰρ

181 2041 317 2117 ἦνή
352 2047 539 2116 Σοφία,
584 2048 760 2102 πάντα
796 2066 879 2102 σοι
916 2048 1193 2120 εὑροήσει,
1225 2049 1449 2120 μηδενὸς
1474 2050 1764 2115 δυσσεϐοῦς

180 2139 454 2211 νοήματος
508 2140 755 2211 ἐμποδὼν
819 2141 1105 2212 ἱσταμένου
1129 2182 1142 2205 ,
1171 2143 1762 2215 συνεπιμαρτυροῦντος

176 2232 281 2287 τοῦ
317 2232 609 2287 ἀποστόλου
656 2233 889 2297 Παύλου,
934 2234 993 2297 ὃς
1038 2233 1129 2287 τὸν
1174 2234 1398 2305 Σωτῆρα
1430 2235 1522 2290 καὶ
1557 2236 1760 2309 Κύριον

177 2323 343 2397 ἡμῶν
382 2324 587 2394 Ἰησοῦν
615 2326 847 2397 Χριστὸν
880 2326 1105 2397 λαμπρᾷ
1127 2329 1193 2397 τῇ
1227 2329 1375 2397 φωνῇ
1409 2327 1606 2397 Σοφίαν
1626 2328 1760 2383 ὠνό-

181 2432 360 2489 μασεν
388 2415 574 2470 είπών·
603 2417 855 2485 Χριστὸς
882 2418 1027 2471 Θεοῦ
1060 2418 1311 2489 δύναμις
1341 2418 1440 2473 καὶ
1474 2419 1622 2475 Θεοῦ
1652 2424 1761 2477 Σο-

177 2506 313 2575 pla.
336 2506 552 2561 Τούτων
581 2502 690 2562 ὧδὲ
734 2525 811 2579 πη
861 2509 1421 2581 κατασκευασμένων,
1467 2510 1757 2567 ἀκόλουθόν

176 2598 301 2652 ἐστι
324 2598 462 2668 μετὰ
483 2600 590 2653 τῶν
611 2600 1046 2672 προεκτεθέντων
1079 2602 1352 2667 ἁπάντων,
1380 2601 1439 2668 ἐξ
1470 2603 1633 2659 αὑτοῦ
1661 2604 1755 2659 τοῦ

176 2691 475 2763 προσώπου
502 2692 595 2745 καὶ
624 2692 704 2756 τὸ,
745 2695 956 2763 Κύριος
988 2694 1189 2749 ἐκτισέ
1233 2712 1310 2765 με
1353 2695 1549 2765 ἀρχὴν
1602 2695 1757 2751 ὁδῶν

174 2778 366 2836 αὑτοῦ
392 2784 478 2845 είς
501 2782 647 2851 ἔργα
677 2784 886 2845 αὐτοῦ,
918 2782 1198 2855 λελέχθαι’
1243 2786 1293 2838 εί
1322 2786 1377 2839 δὲ
1409 2786 1555 2855 λέγοι
1607 2789 1755 2841 ἐκτί-

177 2870 306 2929 σθαι
349 2872 459 2942 (62)
501 2874 713 2937 ἑαυτὸν,
755 2876 853 2945 οὑχ
888 2876 964 2939 ὡς
1010 2881 1073 2930 ἐκ
1116 2877 1210 2930 τοῦ
1264 2879 1337 2950 μὴ
1382 2879 1534 2944 ὄντος
1576 2882 1656 2945 είς
1695 2880 1757 2935 τὸ

174 2960 320 3019 εἶναι
363 2965 668 3038 παρελθὼν,
703 2967 846 3021 τοῦτ’
877 2966 943 3023 ἂν
976 2969 1138 3035 εἴποι,
1170 2971 1281 3024 οὐδ’
1307 2971 1383 3034 ὡς
1410 2974 1608 3043 ὁμοίως
1641 2977 1754 3039 τοῖς

171 3056 382 3121 λοιποῖς
414 3058 693 3129 κτίσμασι,
730 3062 823 3114 καὶ
867 3060 1029 3125 αὑτὸς
1061 3064 1128 3114 ὲκ
1164 3062 1258 3115 τοῦ
1306 3062 1380 3135 μὴ
1412 3064 1566 3129 ὄντος
1592 3081 1753 3133 γεγο-

170 3148 306 3212 νὼς.
333 3144 367 3224 ᾖ
389 3168 532 3215 τινες
558 3152 657 3206 οὑκ
680 3151 853 3224 ὀρθῶς
876 3152 1256 3224 ὑπειλήφασιν,
1276 3154 1388 3209 ἀλλ’
1409 3156 1480 3220 ὡς
1506 3156 1754 3225 ὑφεστὼς
1779 3195 1821 3252 C

174 3240 282 3314 μὲν
324 3242 419 3295 καὶ
462 3242 589 3308 ζῶν,
636 3243 818 3314 προών
858 3260 918 3297 τε
960 3245 1055 3296 καὶ
1094 3248 1460 3318 προϋπάρχων
1507 3248 1607 3318 τῆς
1652 3248 1746 3301 τοῦ

170 3331 381 3397 Myro;
408 3332 612 3406 κόσμου
649 3334 979 3399 συστάσεως,
1008 3336 1196 3406 ἄρχειν
1228 3338 1283 3390 δὲ
1313 3338 1421 3391 τῶν
1463 3340 1599 3393 ὅλων
1642 3340 1748 3393 ὑπὸ

168 3425 382 3496 Κυρίου
398 3425 491 3479 τοῦ
518 3426 681 3480 αὑτοῦ
701 3429 910 3500 Πατρὸς
932 3430 1402 3501 κατατεταγμένος
1427 3450 1437 3461 ·
1459 3430 1574 3499 τοῦ,
1593 3432 1749 3486 ἐκτι-

167 3530 310 3584 σεν,
342 3518 574 3575 ἐνταῦθα
610 3520 728 3574 ἀντὶ
758 3521 874 3587 τοῦ,
909 3522 1251 3589 κατέταξεν.
1289 3524 1322 3595 ἢ
1349 3526 1744 3593 κατέστησεν,

164 3613 482 3684 εἰρημένου.
514 3614 817 3689 Διαρῤήδην
831 3615 960 3685 γοῦν
982 3617 1105 3679 τοὺς
1132 3617 1189 3670 ὲν
1221 3616 1527 3688 ἀνθρώποις
1556 3618 1747 3690 ἄρχονι

163 3719 270 3769 τας
298 3705 390 3758 καὶ
418 3707 690 3777 ἡγεμόνας
722 3708 897 3760 κτίσιν
917 3708 1200 3778 ὠνόμασεν
1228 3710 1253 3764 ὁ
1282 3710 1452 3764 είπὼν
1486 3711 1746 3765 Ἀπόστο-

161 3798 282 3864 λος·
334 3797 695 3868 Ὑποτάγητε
742 3798 907 3869 πάσῃ
956 3800 1148 3853 κτίσει
1197 3802 1540 3871 ἀνθρωπίνῃ
1567 3842 1583 3869 ,
1646 3802 1746 3857 διὰ

162 3889 280 3945 τὸν
318 3891 564 3959 Κύριον-ο
605 3890 727 3944 sits
748 3890 1021 3956 βασιλεῖ,
1070 3893 1151 3969 ὡς
1194 3891 1578 3961 ὑπερέχον-τυ
1623 3893 1745 3947 εἶτε

161 3980 478 4051 ⁴ἡγεμόσιν,
504 3981 584 4046 ὡς
616 3979 691 4034 δι’
715 3981 903 4036 αὐτοῦ
928 3982 1347 4052 πεμπομένοις.
1373 3983 1482 4036 Καὶ
1506 3984 1535 4035 ὁ
1572 3981 1742 4036 εἰπὼν

159 4070 224 4133 δὲ
236 4072 539 4143 προφήτης,
568 4067 903 4140 Ἐτοιμάζου
924 4070 1030 4127 τοῦ
1044 4071 1455 4127 ἐπικαλεῖσθαι
1469 4070 1578 4126 τὸν
1595 4073 1743 4126 Θεόν

158 4174 285 4220 σου
334 4161 600 4230 Ἰσραήλ·
634 4161 785 4215 διότι
835 4161 962 4217 ἰδοὺ
997 4164 1259 4233 στερεῶν
1295 4164 1586 4232 βρόντην,
1634 4149 1737 4219 x’at

158 4252 372 4314 κτίζων
398 4252 654 4321 πνεῦμα,
690 4253 787 4307 καὶ
839 4254 1227 4325 ἀναγγέλλων
1254 4258 1339 4322 είς
1388 4255 1740 4325 ἀνθρώπως

1879 582 1969 652 qui
2021 582 2163 637 inter
2212 582 2461 639 homines
2534 593 2682 638 recta
2762 584 3097 653 operantur?
3129 582 3280 659 Quod
3311 586 3455 639 side

1877 675 2094 731 Christo
2126 675 2217 731 Dei
2260 677 2492 747 accipiat
2522 676 2647 746 quis
2689 676 2819 732 illud
2860 675 3062 731 dictum
3092 693 3106 731 :
3132 691 3256 730 nam
3286 673 3453 731 Chri-

1877 777 1994 821 stus
2042 765 2136 821 Dei
2190 776 2426 833 potestas
2471 775 2556 821 cst
2598 774 2653 820 et
2698 765 2997 837 Sapientia,
3048 764 3184 821 nihil
3228 766 3453 836 impedit

1878 858 2017 914 hanc
2061 858 2492 929 intelligentiam,
2538 858 2975 928 quandoquidem
3022 861 3091 913 ob
3124 860 3451 914 immensum

1876 966 2032 1006 suum
2070 952 2123 1007 in
2168 952 2465 1007 humanum
2509 967 2677 1021 genus
2724 966 2961 1026 amorem
3018 968 3122 1007 non
3182 954 3453 1008 recusavit

1874 1041 2019 1098 hanc
2065 1044 2482 1099 fraternitatem.
2531 1044 2683 1113 Quod
2732 1046 2775 1101 si
2822 1061 2984 1099 unum
3036 1055 3153 1099 erat
3194 1046 3449 1116 idemque

1876 1137 2040 1204 Deus,
2072 1148 2124 1192 et
2164 1155 2285 1209 qua:
2325 1142 2377 1193 in
2422 1139 2725 1195 Proverbiis
2758 1138 3118 1194 introducitur
3146 1139 3447 1210 Sapientia,

1874 1245 1996 1299 quae
2024 1234 2238 1302 sapiens
2268 1232 2485 1301 quidam
2533 1232 2750 1287 habitus
2779 1242 2862 1288 est
2892 1233 2946 1286 in
2986 1232 3074 1286 illo
3103 1232 3447 1297 intellectus.

1873 1324 1927 1377 in
1956 1334 2217 1391 quantum
2247 1323 2392 1380 Deus
2439 1325 2675 1393 sapiens,
2709 1325 2837 1394 quid
2868 1324 3119 1390 prohibet
3156 1325 3323 1379 Deum
3356 1325 3450 1382 hic

1870 1430 1969 1485 pro
2004 1413 2279 1485 Sapientia
2323 1417 2543 1472 rescribi
2576 1435 2589 1471 :
2622 1428 2679 1471 ut
2718 1418 2798 1473 sic
2840 1417 2928 1471 ubi
2976 1418 3175 1472 dictum
3205 1426 3311 1482 est,
3345 1415 3449 1471 Sa-

1869 1506 2064 1572 pientia
2093 1507 2370 1575 aediﬁcavit
2404 1508 2508 1560 sibi
2551 1508 2783 1572 domum,
2814 1520 2861 1561 et
2896 1508 3143 1562 solidavit
3172 1508 3445 1561 columnas

1869 1607 2077 1666 septem,
2112 1608 2167 1651 et
2191 1613 2309 1667 quae
2330 1606 2649 1668 sequuntur,
2672 1598 2873 1653 dictum
2906 1600 2976 1651 sit
3002 1614 3120 1667 pro,
3149 1596 3287 1652 Deus
3313 1598 3447 1651 tedi-

1867 1690 2039 1758 ﬁcaoit
2084 1682 2181 1744 εἰεί
2208 1691 2599 1757 domum,etc.;
2635 1698 2690 1745 et
2721 1691 2912 1745 iterum
2945 1705 3041 1759 pro
3068 1705 3151 1754 eo,
3185 1689 3308 1744 Dixi
3334 1689 3443 1744 Sa-

1868 1781 2118 1849 pientiam
2138 1798 2368 1835 sororem
2398 1792 2565 1848 tuam,
2598 1782 2829 1843 dicatur,
2871 1781 2993 1836 Dixi
3029 1783 3193 1837 Deum
3219 1783 3440 1852 fratrem

1799 1853 1838 1906 Β
1867 1884 2031 1926 tuum.
2062 1872 2166 1928 Sed
2202 1883 2259 1926 ut
2288 1880 2446 1928 aures
2479 1874 2751 1943 percutiat
2782 1875 2880 1929 ista
2914 1874 3100 1938 dictio,
3133 1876 3283 1930 vides
3327 1884 3439 1929 tant

1864 1960 2174 2034 incongrua.
2234 1961 2387 2029 Quod
2436 1964 2481 2018 si
2532 1964 2599 2018 de
2655 1963 2791 2021 Filio
2845 1962 3179 2033 Sapientiam
3228 1963 3438 2032 capias,

1861 2056 2040 2109 omnia
2075 2056 2212 2110 bene
2243 2054 2410 2109 liuent
2438 2072 2453 2108 :
2484 2070 2584 2110 nec
2613 2063 2866 2110 occurret
2890 2055 2983 2109 tibi
3017 2055 3311 2126 quidquam
3346 2053 3437 2108 hic

1864 2146 2172 2213 impietatis,
2203 2161 2326 2201 cum
2362 2148 2644 2217 perhibeat
2695 2147 2787 2203 tibi
2824 2148 3192 2202 testimonium
3238 2146 3436 2201 beatus

1861 2236 2056 2293 Paulus
2080 2238 2485 2309 apostolus,qui
2504 2240 2820 2308 pronuntiat
2841 2238 2985 2294 clare
3008 2237 3354 2293 Servatorem
3378 2245 3435 2292 et

1860 2325 2143 2383 Dominum
2174 2336 2413 2384 nostrum
2444 2326 2627 2385 Jesum
2653 2327 2931 2383 Christum
2974 2328 3065 2383 Dei
3098 2327 3434 2396 Sapientiam

1858 2420 2270 2487 nominandum,
2320 2420 2409 2477 ubi
2454 2421 2551 2487 ait,
2583 2420 2822 2477 Christus
2856 2421 2949 2475 Dei
2993 2422 3223 2491 potentia
3255 2431 3303 2473 et
3330 2418 3433 2475 Sa-

1855 2516 2053 2588 pientia
2074 2517 2139 2569 ".
2167 2514 2264 2572 llis
2289 2517 2355 2572 ad
2387 2517 2529 2572 hunc
2557 2516 2771 2571 modum
2804 2516 2873 2569 ita
2907 2514 3204 2584 apparatis,
3234 2516 3301 2569 ad
3334 2529 3429 2569 su-

1854 2610 2040 2678 perius
2063 2609 2332 2679 proposita
2368 2624 2704 2679 consequens
2743 2619 2823 2662 est
2865 2607 2984 2673 hoc,
3012 2608 3268 2661 Dominus
3298 2623 3428 2660 con-

1856 2700 1993 2754 didit
2024 2716 2104 2755 me
2123 2702 2438 2771 principium
2469 2703 2668 2755 viarum
2696 2717 2915 2755 suarum
2943 2702 3011 2754 ad
3035 2716 3190 2769 opera
3215 2699 3330 2770 ejus
3356 2700 3426 2767 ”,

1857 2808 1887 2847 e
1942 2807 2172 2863 persona
2219 2791 2336 2862 ejus
2382 2795 2653 2863 usurpari.
2690 2792 2841 2861 Quod
2872 2794 2916 2849 si
2962 2794 3111 2848 dicat
3147 2795 3426 2850 conditum

1858 2873 2004 2939 illum
2033 2883 2218 2949 fuisse,
2248 2900 2352 2939 non
2382 2886 2453 2939 ita
2479 2886 2631 2953 dixit,
2655 2887 2811 2957 quasi
2841 2882 2998 2940 vellet
3025 2886 3275 2956 intelligi,
3302 2901 3426 2941 eutl.

1855 2975 1924 3030 de
1954 2990 2062 3031 non
2092 2987 2221 3032 ente
2248 2978 2314 3032 ad
2343 2992 2461 3032 esse
2491 2979 2822 3047 processisse
2842 2998 2855 3032 :
2874 2994 2974 3034 nec
3003 2978 3166 3048 quod,
3199 2980 3266 3034 ad
3312 2993 3427 3032 mo-

1855 3067 1980 3121 dum
2018 3078 2391 3124 creaturarum
2424 3070 2775 3140 reliquarum,
2814 3073 2878 3125 de
2929 3086 3035 3125 nou
3067 3081 3193 3126 cute
3222 3072 3425 3140 produ-

1854 3159 2097 3224 cebatur,
2127 3161 2270 3227 quod
2306 3160 2548 3214 nonnulli
2587 3161 2767 3216 minus
2796 3176 2941 3216 reete
2972 3171 3097 3215 sunt
3126 3161 3376 3216 arbitrati
3408 3180 3423 3215 :

1853 3249 1946 3301 sed
1977 3250 2117 3321 quod
2148 3251 2448 3305 subsistens
2495 3259 2551 3304 et
2588 3253 2796 3317 vivens,
2846 3252 3124 3322 sed'quod
3167 3256 3427 3321 praeexsi-

1853 3348 2023 3405 stens,
2053 3348 2107 3393 et
2138 3344 2575 3409 przcsubsistens,
2618 3352 2747 3398 ante
2780 3358 2994 3398 omnem
3030 3345 3211 3399 mundi
3238 3346 3427 3400 condi—

1854 3429 2053 3485 tionem
2080 3444 2197 3489 erat
2223 3451 2236 3487 :
2268 3440 2327 3499 >14
2356 3436 2609 3505 quodque
2641 3450 2671 3489 a
2714 3436 2938 3492 Domino
2966 3451 3064 3497 suo
3099 3437 3257 3492 Patre
3292 3453 3425 3492 cou-

1846 3524 2069 3579 stitutus
2112 3534 2196 3579 est
2224 3526 2464 3581 omnium
2502 3526 2829 3592 dominator,
2862 3528 3039 3597 posito
3081 3528 3190 3593 illo,
3242 3532 3426 3583 condi-

1848 3616 1947 3680 dit,
2003 3615 2108 3670 hoc
2159 3618 2212 3671 in
2260 3617 2400 3679 loco,
2447 3633 2545 3687 pro
2589 3620 2881 3685 constituit,
2914 3618 2996 3673 vel
3030 3619 3312 3674 ordinavit.
3338 3621 3426 3675 Di-

1848 3705 2009 3762 s'ertis
2035 3709 2212 3762 verbis
2239 3710 2511 3779 principes
2535 3720 2591 3764 et
2617 3711 2782 3766 duces
2804 3712 2947 3766 inter
2970 3711 3237 3775 homines,
3269 3728 3424 3767 crea-

1815 3787 1817 3790 ⁴
1851 3808 2027 3852 turam
2057 3800 2346 3869 Apostolus
2385 3800 2706 3869 nominavit,
2737 3803 2826 3858 ubi
2850 3804 2964 3857 ait:
2996 3804 3231 3873 Subjecti
3259 3815 3422 3859 estote

1849 3888 1989 3941 omni
2023 3888 2274 3944 humana
2309 3901 2567 3947 creature
2598 3902 2810 3963 propter
2844 3892 3152 3960 Dominum,
3178 3895 3284 3949 sive
3312 3898 3423 3969 regi

1847 3986 1907 4031 ut
1934 3979 2227 4049 excellenti,
2250 3982 2355 4037 sive
2376 3984 2696 4054 principibus
2735 3995 2793 4039 ut
2828 3984 2892 4039 ab
2926 3984 3021 4039 illo
3049 3985 3223 4039 missis
3239 3985 3304 4040 ".
3353 3988 3423 4041 Et

1847 4071 2108 4140 propheta
2140 4075 2231 4143 qui
2265 4074 2400 4130 dixit
2430 4092 2444 4129 :
2475 4073 2816 4145 Prwparare,
2846 4086 2902 4129 ut
2934 4087 3141 4130 vocetur
3175 4093 3332 4147 super
3369 4086 3420 4130 te

1846 4160 1988 4231 Dm
2009 4162 2180 4219 Israel
2212 4182 2231 4219 :
2253 4176 2531 4236 propterea
2562 4184 2679 4221 ecce
2711 4167 2893 4239 ﬁrmat
2919 4169 3140 4230 tonitru,
3165 4178 3213 4221 et
3238 4168 3420 4221 condit

1845 4265 2040 4321 ventos,
2075 4264 2127 4311 et
2149 4259 2434 4311 annuntiat
2463 4258 2597 4313 inter
2634 4258 2869 4314 homines
2893 4259 3167 4313 Christum
3187 4260 3413 4314 suum".

155 4345 271 4399 τὸν
295 4345 556 4413 Χριστὸν
594 4345 798 4399 αὐτοῦ.
832 4346 943 4399 Καὶ
972 4346 1052 4411 τὸ,
1087 4345 1381 4417 Γραφήτω
1422 4346 1533 4419 (65)
1582 4348 1737 4417 αὕτη

1854 4345 1912 4413 Et
1947 4344 2091 4410 illud.
2124 4348 2402 4403 Scribatur
2430 4350 2525 4404 illa
2557 4352 2613 4404 in
2644 4351 3035 4421 generationem
3076 4352 3325 4416 alteram,
3358 4361 3418 4406 ut

152 4438 248 4503 τις
284 4436 498 4505 γενεὰν
518 4436 748 4505 ἑτέραν,
776 4436 876 4490 καὶ
904 4436 1055 4504 λαός
1085 4441 1118 4492 ό
1148 4438 1480 4506 κτιζόμενος
1508 4439 1737 4494 αῑνέσει

1854 4438 2065 4504 populus
2089 4442 2180 4509 qui
2195 4442 2439 4495 conditur
2455 4443 2629 4495 laudet
2645 4442 3000 4498 Dominum".
3022 4442 3154 4498 Illud
3180 4444 3417 4497 condidit

153 4528 269 4582 τὸν
288 4528 525 4595 Κύριον
544 4528 625 4591 τὸ,
649 4528 879 4592 κτίζων,
892 4529 985 4583 ἐπὶ
1003 4528 1097 4583 τοῦ
1114 4529 1393 4598 γεγονότος
1412 4529 1471 4593 ἐξ
1487 4530 1732 4602 ἀνυπαρ-

1854 4544 1939 4595 pro
1972 4544 2038 4584 eo
2070 4532 2212 4600 quod
2249 4532 2352 4586 fuit
2379 4545 2651 4604 sumptum
2688 4542 2793 4599 est,
2819 4537 2941 4604 quia
2965 4536 3077 4604 jam
3124 4546 3251 4591 ante
3274 4547 3413 4591 erat.

154 4618 275 4686 ξίας
307 4619 657 4691 παρείληφεν.
678 4620 755 4673 Οὑ
769 4620 877 4691 γὰρ
909 4621 1029 4674 τότε
1052 4619 1266 4673 ἔκτισεν
1282 4622 1310 4672 ὁ
1328 4620 1459 4685 Θεὸς
1490 4622 1549 4673 τὸ
1571 4620 1734 4674 πνεῦ-

1839 4621 2024 4690 Neque
2050 4626 2195 4700 enim
2228 4636 2338 4681 tum
2368 4628 2607 4684 condidit
2632 4627 2771 4682 Deus
2796 4630 3064 4699 spiritum,
3098 4645 3223 4685 cum
3256 4629 3419 4686 Chri-

154 4726 258 4785 μα,
282 4710 371 4763 ὅτε
391 4709 481 4763 τὸν
500 4710 732 4782 Χριστὸν
764 4710 927 4766 αὑτοῦ
956 4709 1204 4765 διἀὑτοῦ
1235 4712 1397 4764 πᾶσιν
1427 4711 1729 4782 ἀνθρώποις

1854 4728 1979 4770 stum
2014 4733 2169 4772 suum
2203 4734 2299 4788 per
2340 4720 2491 4775 illum
2545 4721 2809 4776 universis
2854 4722 3167 4778 hominibus
3204 4738 3417 4781 annun-

151 4797 543 4870 κατήγγειλεν·
572 4798 722 4857 οὐδὲν
770 4799 878 4872 γὰρ
930 4801 1239 4870 πρόσφατον
1278 4800 1382 4853 ὑπὸ
1421 4801 1511 4855 τὸν
1559 4801 1727 4872 ἣλιον.

164 4890 308 4944 ’Δλλ’
322 4886 391 4962 ἦν
426 4891 547 4963 μὲν,
569 4892 663 4946 καὶ
684 4893 1055 4967 προϋπῆρχεν,
1076 4891 1435 4945 ἀπεστέλλετο
1455 4892 1510 4946 δὲ
1532 4893 1651 4947 καθ’
1667 4894 1727 4947 ὃν

150 4982 345 5059 καιρὸν
388 4978 529 5056 ἦσαν
570 4985 620 5037 oi
664 4973 951 5041 ἀπόστολοι
998 4984 1367 5054 συνηγμένοι·
1421 4986 1509 5038 ὅτε
1561 4984 1722 5057 δίκην

150 5074 404 5147 βροντῆς,
430 5076 643 5144 ἐγένετο
662 5071 794 5149 ἦχος
821 5078 885 5131 ὲκ
911 5073 1002 5129 τοῦ
1029 5075 1288 5147 οὐρανοῦ,
1346 5074 1534 5147 ὥσπερ
1564 5092 1725 5147 φερο-

151 5166 323 5236 μένης
370 5169 539 5239 πνοῆς
591 5165 804 5237 βιαίας,
855 5165 1251 5237 ὲπληρώθησάν
1297 5184 1355 5221 τε
1410 5166 1725 5237 Πνεύματος

148 5255 337 5324 ἁγιοψ
370 5256 463 5313 καὶ
489 5254 661 5333 οὕτως
684 5260 765 5321 εἰς
788 5258 996 5320 πάντας
1023 5256 1341 5329 ἀνθρώπους
1366 5259 1458 5312 τὸν
1490 5259 1724 5330 Χριστὸν

143 5344 243 5402 τοῦ
273 5345 405 5400 Θεοῦ
430 5348 817 5433 κατήγγειλαν,
839 5348 1149 5413 ἀκολούθως
1180 5351 1247 5421 τῇ
1280 5350 1587 5421 προφητεία
1618 5366 1722 5419 φη-

214 5533 275 5599 [Is
307 5526 408 5586 Ed.
436 5526 640 5593 Paris.,
672 5543 793 5599 pag.
825 5530 947 5583 151.
1025 5528 1072 5563 ⁹²
1106 5530 1125 5582 l
1156 5530 1281 5586 Cor.
1306 5546 1347 5596 ι,
1381 5530 1472 5585 ει.

144 5600 197 5633 ⁸⁸
225 5598 369 5655 Ρωι.
399 5614 472 5667 ει,
496 5600 583 5654 l9.

241 5782 332 5855 (il)
362 5782 531 5855 fulgo
568 5783 779 5855 σοφίαν,
813 5784 925 5852 ἱξιν
951 5794 1004 5841 et
1038 5801 1161 5842 mox
1193 5785 1430 5841 ὲκλὰϐοι.

216 5795 332 5929 iiii
365 5795 533 5926 i313:
558 5795 741 5910 Ziféii

1577 5531 1621 5562 ’³
1635 5530 1793 5588 Prov.
1823 5548 1942 5599 riu,
1961 5534 2053 5595 22.

1841 4809 1996 4862 tiaret
2024 4825 2037 4863 :
2068 4811 2193 4877 quia
2234 4810 2364 4865 nihil
2408 4814 2530 4866 novi
2576 4821 2659 4867 est
2708 4813 2810 4869 sub
2862 4816 2975 4871 sole
3020 4815 3161 4869 :sed
3198 4824 3316 4869 erat
3361 4824 3418 4869 et

1836 4900 2128 4954 exsistebat
2160 4910 2286 4956 ante
2312 4922 2323 4955 :
2354 4904 2668 4958 mittebatur
2702 4914 2883 4961 autem
2916 4921 2981 4961 eo
3012 4917 3253 4977 tempore
3288 4922 3413 4961 cum

1837 4988 1888 5042 in
1923 5004 2087 5043 unum
2117 4992 2425 5061 congregati
2468 4994 2696 5062 apostoli
2742 5004 2899 5049 erant
2928 5014 2939 5049 :
2968 5011 3091 5051 cum
3135 4996 3201 5049 ad
3241 4996 3414 5053 instar

1838 5082 2071 5136 tonitrus
2108 5082 2281 5137 faetus
2317 5092 2396 5137 est
2441 5084 2652 5139 sonitus
2688 5085 2878 5156 ingens
2926 5088 2992 5141 de
3038 5086 3178 5141 caelo
3207 5105 3220 5140 :
3245 5086 3411 5145 veluti

1835 5172 2193 5228 descendente
2231 5176 2424 5243 Spiritu
2467 5175 2891 5243 vehementiore,
2944 5187 3000 5233 et
3046 5179 3239 5247 repleti
3284 5190 3415 5236 sunt

1835 5264 2040 5332 Spiritu
2067 5275 2274 5321 sancto.
2302 5268 2475 5337 Atque
2505 5267 2577 5322 ita
2596 5268 2872 5324 Christum
2900 5269 3134 5336 Domini,
3173 5271 3225 5323 in
3253 5285 3413 5325 mnu-

1835 5354 1962 5408 dum
2025 5356 2337 5413 universum
2408 5359 3035 5430 annuntiaruntzjuxta
3095 5361 3410 5416 vaticinium

2167 5534 2410 5591 “lPetr.
2448 5536 2625 5603 11,13,
2668 5538 2755 5594 Η.
2848 5540 3169 5607 "Aumatv,
3203 5540 3289 5607 13,
3320 5539 3407 5613 15,

1898 5785 2011 5859 (63)
2052 5787 2218 5860 Vulgo
2252 5790 2388 5863 αὐτή
2412 5829 2427 5855 ,
2454 5798 2505 5845 et
2539 5803 2659 5845 mox
2692 5790 2900 5858 αἱνήσε.
