4068 6316
620 355 728 414 0⁸15

1285 343 1551 404 IIUSEBII
1583 339 2065 402 εεελιιιειιειε
2091 337 2192 396 0P1

2294 336 2452 394 ’Διἣὸ
2485 336 2572 394 IV.
2599 369 2665 379 —
2695 335 3116 396 οοοιιΑτιεΑ.

3775 340 3871 396 οτε

620 491 730 550 quo
765 475 962 530 dictum
1005 480 1105 530 est.
1159 468 1283 523 ideo
1333 485 1447 523 ecce
1497 466 1816 537 conﬁrmans
1863 466 2089 528 tonitru.
2143 471 2190 518 et

2296 460 2456 550 σάσῃ,
2511 462 2666 550 Διότι
2715 460 2846 515 ωοὺ
2879 459 3141 529 στερεῶν
3177 461 3470 531 βροντὴν,
3520 461 3623 517 καὶ
3670 462 3875 525 κτίζων

621 564 844 623 condens
872 561 1136 631 spiritum,
1175 570 1222 613 et
1260 560 1580 612 annuntians
1617 559 1672 610 in
1710 555 2007 609 hominibus
2031 550 2182 607 Citri-

620 667 758 710 stum
799 653 912 723 ejus
935 668 953 704 :
980 650 1070 704 ubi
1112 648 1261 710 illud,
1307 648 1557 710 condens,
1607 644 1821 716 ponitur
1847 658 1946 712 pro
1976 643 2184 696 mittens

624 748 704 801 vel
730 746 1026 816 injungeus.
1052 739 1272 794 Touitru
1317 751 1496 792 autem
1540 735 1812 808 Evangelii
1847 735 2185 805 pmdicatio—

624 853 743 892 nem
777 838 1044 904 designat.
1077 832 1166 888 Sic
1195 831 1287 901 qui
1329 832 1488 895 dixit,
1535 828 1640 885 Cor
1681 829 1936 882 mundum
1974 842 2097 880 crea
2129 826 2186 879 in

623 947 727 996 me,
755 927 964 989 Deus",
999 939 1103 979 non
1127 924 1262 978 dixit
1299 933 1553 991 tanquam
1589 935 1691 975 non
1711 920 1915 975 habens
1934 933 2046 973 cor.
2075 914 2188 972 lino

622 1022 814 1078 orabat
853 1019 942 1074 ille
981 1029 1039 1072 ut
1071 1017 1284 1072 animus
1317 1015 1419 1084 ipsi
1455 1014 1827 1068 mundaretur.
1864 1008 1957 1064 Sic
1985 1010 2189 1064 dicitur

623 1122 676 1170 et
699 1113 848 1178 illud,
875 1110 943 1166 Ut
973 1113 1106 1164 duos
1140 1116 1276 1163 creet
1316 1108 1370 1162 in
1405 1122 1568 1160 unum
1598 1118 1787 1159 norum
1815 1103 2080 1157 hominem
2108 1099 2185 1154 ".

624 1205 735 1261 Hoc
770 1217 875 1268 est,
909 1207 964 1258 in
1013 1219 1174 1256 unum
1209 1201 1362 1254 ducat
1402 1213 1421 1252 :
1471 1196 1595 1252 vide
1640 1206 1821 1250 autem
1865 1207 2042 1247 annon
2073 1190 2192 1262 ejus

622 1312 836 1368 quoque
869 1297 1080 1364 generis
1105 1296 1195 1356 sit,
1233 1290 1540 1344 lnduamini
1570 1303 1760 1342 norum
1782 1287 2074 1349 hominem,
2101 1283 2191 1355 qui

623 1399 828 1443 creatus
856 1397 930 1441 est
953 1385 1232 1440 secundum
1261 1381 1424 1435 Deum
1447 1381 1519 1442 ",
1550 1390 1605 1434 et
1634 1378 1787 1443 Illud,
1815 1375 1873 1433 Si
1895 1378 2012 1448 quis
2030 1376 2192 1446 igitur

622 1481 676 1536 in
709 1479 940 1542 Christo,
973 1492 1102 1531 nova
1142 1473 1443 1538 creatura',
1491 1484 1544 1528 et
1570 1483 1906 1542 quacunque
1942 1468 2191 1534 hujusce-

625 1573 767 1629 modi
808 1569 1031 1639 reperiri
1063 1575 1305 1636 possunt,
1333 1565 1401 1618 ab
1429 1565 1494 1619 iis
1519 1563 1611 1634 qui
1637 1562 1914 1618 excutient
1943 1560 2191 1629 Scriptu-

622 1679 713 1720 rss
743 1674 977 1719 sanctas.
1003 1659 1078 1714 Ne
1105 1657 1317 1712 mireris
1343 1657 1508 1725 igitur
1533 1656 1579 1710 si
1611 1655 1978 1724 metaphoriee
2009 1652 2060 1704 in
2100 1649 2192 1704 illo

623 1773 802 1828 passu,
832 1755 1086 1810 Dominus
1110 1750 1344 1804 condidit
1378 1765 1457 1803 me
1477 1748 1794 1817 principium
1827 1747 2030 1798 viarum
2061 1757 2158 1795 sua
2177 1768 2189 1780 -

2282 549 2540 619 πνεῦμα,
2574 549 2673 604 καὶ
2696 549 3085 620 ἀναγγέλλων
3111 551 3198 618 εις
3222 549 3578 620 ἀνθρώπους
3615 552 3728 606 τὸν
3744 552 3876 619 Χρι-

2283 645 2648 700 στόναὺτοῦ·
2671 643 2766 698 τοῦ
2785 645 2908 716 μὲν.
2925 641 3150 704 κτίζων,
3169 643 3293 697 ἀντὶ
3303 642 3420 707 τοῦ,
3439 643 3873 713 καταπέμων,

2282 737 2316 809 ἢ
2343 734 2757 803 κατατάσσων,
2783 736 3093 808 εἰρημένου·
3112 735 3210 806 τῆς
3233 735 3293 789 δὲ
3316 734 3585 806 ,βροντῆς
3605 736 3733 789 καθ’
3756 736 3877 788 ιτε-

2286 843 2378 899 ρον
2401 827 2600 898 τρόπον
2623 825 2685 879 τὸ
2710 825 3059 896 εὐαγγελικδν
3087 824 3350 895 κήρυγμα
3371 825 3670 897 δηλούσης.
3700 825 3814 880 Καὶ
3849 829 3878 880 ὁ

2284 917 2549 987 manu,
2569 919 2834 987 Καρδίαν
3145 918 3359 971 κτίσον
3375 916 3444 970 ἐν
3464 919 3624 987 ἐμοὶ,
3651 922 3688 974 ὁ
3706 919 3874 986 Θεὸς,

2283 1012 2382 1083 οὐχ
2409 1011 2483 1076 ὡς
2519 1012 2594 1082 μὴ
2643 1011 2782 1082 ἔχων
2829 1011 3053 1084 καρδίαν
3088 1009 3235 1066 τοῦτ’
3264 1010 3466 1080 ἔλεγεν,
3517 1012 3776 1086 καθαρὰν
3820 1012 3877 1068 8

2285 1100 2448 1155 αὑτοῦ
2499 1101 2597 1172 τὴν
2654 1100 2896 1156 διάνοιαν
2945 1100 3372 1172 ἀποτελεσθῆναι
3423 1102 3652 1173 ηὔχετο.
3690 1103 3876 1170 οὕτως

2285 1194 2498 1264 εἴρηται
2517 1194 2598 1256 τὸ,
2618 1194 2752 1248 Ἵνα
2787 1193 2929 1259 τοὺς
2954 1193 3063 1248 δύο
3091 1195 3269 1263 κτίσῃ
3294 1197 3379 1260 εὶς
3401 1193 3512 1248 ἕνα
3540 1195 3878 1251 κοινὸνάγ-

2286 1289 2540 1352 θρωπον,
2573 1285 2695 1338 ἀντὶ
2716 1282 2832 1346 τοῦ,
2859 1285 3172 1355 συναγάγῃ
3197 1302 3212 1315 ο
3247 1287 3349 1357 ὅρα
3388 1289 3598 1357 μήποτε
3631 1288 3879 1342 τοιοῦτόν

2288 1380 2402 1445 ἐστι
2439 1378 2534 1430 καὶ
2596 1377 2677 1438 τὺ,
2735 1376 3103 1431 Ἐνδύσασθε
3135 1378 3242 1431 τὸν
3285 1380 3495 1433 καινὸν
3521 1380 3876 1449 ἄνθρωπον,

2286 1469 2392 1520 τὸν
2422 1467 2570 1522 κατὰ
2597 1468 2749 1528 θεὸν
2792 1469 3118 1523 κτισθέντα
3140 1486 3154 1499 ·
3193 1470 3289 1523 καὶ
3328 1471 3411 1535 τὸ,
3442 1471 3517 1524 El
3532 1487 3624 1536 τις
3663 1471 3782 1525 οὖν
3809 1471 3880 1525 ἐν

2288 1555 2536 1627 Χριστῷ,
2584 1557 2760 1627 καινὴ
2799 1559 3018 1622 κτίσις,
3061 1557 3154 1612 καὶ
3182 1561 3282 1613 ὅσα
3322 1561 3457 1616 ἀλλα
3494 1562 3648 1633 εὖροι
3699 1564 3766 1617 ἂν
3793 1579 3879 1625 ⁴τις

2288 1649 2669 1720 τοιουτότροπα
2688 1649 2786 1720 τὴν
2816 1649 3171 1706 Θεόπνευστον
3191 1651 3231 1704 Γ
3235 1653 3412 1726 ραφὴν
3426 1653 3876 1725 διερευνώμενος-

2294 1739 2366 1810 pi}
2394 1739 2682 1812 Θαυμάσῃς
2710 1736 2824 1805 οὖν,
2849 1743 2897 1794 ει
2922 1743 3302 1814 μεταφορικῶς
3316 1745 3409 1798 καὶ
3444 1747 3499 1796 ὲν
3529 1745 3628 1815 τῷ,
3657 1746 3881 1812 Κύριος

623 1850 761 1902 rum'
781 1887 797 1913 ,
829 1847 1060 1902 condidit
1108 1859 1208 1899 vox
1251 1843 1419 1911 posita
1447 1841 1516 1894 sit
1548 1853 1643 1907 pro
1670 1837 1943 1890 constituit
1981 1833 2064 1886 vol
2094 1848 2176 1885 or-

2294 1830 2485 1884 ἐκτισέ
2508 1848 2584 1899 με·
2599 1832 2796 1900 ἀρχὴν
2821 1831 2978 1886 όδῶν
3004 1835 3590 1900 αὐτοῦ,τδ,ἔκτισεν,
3625 1838 3752 1890 ἀντὶ
3781 1835 3878 1891 τοῦ

621 1936 821 1991 dinavit
868 1935 934 1990 ad
979 1933 1297 2005 principium
1342 1929 1606 1991 dandum,
1657 1925 1736 1979 vel
1785 1922 2180 1992 imperandum.

623 2027 1063 2096 Quandoquidem
1097 2039 1219 2079 cum
1264 2024 1318 2077 in
1364 2017 1657 2088 Evsngelio
1689 2019 1900 2071 dicatur
1922 2032 1950 2068 a
1984 2015 2186 2069 Serva-

625 2133 739 2176 tore
765 2130 968 2182 nostro,
1001 2116 1263 2185 Conﬁteor
1291 2114 1406 2179 tibi,
1434 2109 1613 2174 Pater,
1639 2107 1856 2162 Domine
1886 2108 2002 2160 caeli
2031 2117 2186 2173 atque

623 2224 796 2276 terra,
823 2211 1070 2281 quoniam
1096 2203 1411 2262 abscondisti
1441 2203 1542 2256 ista
1568 2218 1600 2254 a
1628 2199 1944 2267 sapientibus
1976 2205 2025 2248 et
2059 2210 2186 2261 pru-

622 2305 877 2368 dentibus,
903 2312 952 2355 et
989 2299 1226 2356 reuelasti
1247 2315 1308 2352 ea
1332 2294 1566 2366 parvulis
1586 2293 1632 2358 ⁸,
1687 2307 1791 2346 non
1826 2293 1912 2345 hic
1942 2297 2188 2359 peccato-

624 2412 742 2450 rum
776 2392 1166 2450 confessionem
1193 2387 1326 2451 vult,
1347 2384 1796 2457 quemadmodum
1831 2387 1889 2445 ἦε
1916 2381 2061 2441 alibi,
2099 2379 2188 2433 ubi

620 2487 849 2552 dicitur,
870 2482 1202 2553 Conﬁtemini
1234 2481 1301 2534 ad
1335 2480 1556 2534 invicem
1590 2484 1803 2544 peccata
1832 2485 1999 2528 vestra
2020 2472 2061 2536 ⁸,
2094 2472 2188 2526 sed

622 2577 916 2648 gratiarum
951 2573 1239 2634 actionem,
1281 2579 1506 2640 propter
1540 2564 1817 2637 parvulos,
1849 2565 2004 2633 quasi
2039 2564 2188 2618 dice-

623 2677 726 2734 ret,
749 2666 963 2722 Gratias
987 2681 1083 2733 ago
1108 2664 1225 2727 tibi,
1253 2661 1434 2726 Pater,
1452 2661 1674 2715 Domine
1699 2658 1811 2710 caeli
1839 2667 1992 2726 atque
2013 2666 2184 2708 terra.

621 2761 701 2816 Ad
742 2761 884 2815 hunc
939 2759 1150 2814 modmn
1199 2753 1566 2823 metaphorice
1617 2758 1873 2818 usurpata
1929 2756 2185 2802 sexcenta

624 2850 748 2906 alibi
806 2849 1205 2916 Scripturarum
1257 2845 1514 2908 inveniet,
1569 2841 1659 2910 qui
1719 2855 1812 2909 per
1866 2838 2034 2892 otiunt
2093 2851 2187 2890 eas

622 2942 832 2995 evolvet
863 2958 877 2994 :
912 2939 1016 2993 alia
1047 2938 1213 2990 etiam
1254 2934 1600 3002 multiplicem
1632 2931 1883 2986 habentia
1912 2926 2188 2998 signiﬁca-

624 3032 845 3094 tionem,
873 3029 973 3084 alia
1012 3030 1238 3083 univocc
1279 3029 1345 3080 de
1387 3025 1617 3080 diversis
1654 3023 1811 3076 rebus
1855 3020 2185 3090 praedicata:

623 3125 690 3177 de
724 3123 921 3192 quibus
970 3119 1186 3192 longum
1244 3127 1388 3172 esset
1439 3131 1539 3171 nec
1591 3116 1876 3183 prmsentis
1928 3111 2190 3180 temporis

624 3214 910 3269 disserere.
947 3211 1019 3266 Ita
1049 3223 1102 3265 et
1136 3210 1239 3263 hoc
1266 3210 1319 3262 iu
1350 3208 1469 3263 loco
1500 3207 1650 3270 illud,
1683 3206 1930 3257 Dominus
1956 3203 2187 3255 condidit

625 3321 708 3360 me
737 3304 1050 3374 principium
1078 3301 1281 3355 viarum
1320 3314 1533 3352 suarum
1551 3297 1618 3348 ad
1647 3311 1804 3364 opera
1837 3311 1955 3358 sua,
1985 3294 2187 3346 dictum

625 3407 710 3456 est
731 3411 846 3468 pro,
880 3394 1134 3447 Dominus
1178 3391 1440 3445 constituit
1477 3405 1557 3441 me
1583 3388 1931 3456 principatum
1963 3384 2190 3436 obtinere

625 3503 780 3554 super
809 3502 962 3554 opera
990 3500 1107 3537 sua.
1135 3483 1306 3550 Atque
1335 3481 1455 3534 ideo
1487 3493 1590 3532 non
1621 3475 1818 3531 dicitur
1849 3473 2187 3540 simpliciter,

625 3577 852 3632 condidit
880 3591 990 3641 me,
1019 3575 1112 3628 sed
1138 3587 1257 3627 cum
1286 3570 1612 3637 adjectione,
1645 3566 1959 3634 principium
1991 3564 2190 3616 viarum

627 3683 842 3720 suarum
882 3666 952 3718 ad
990 3681 1147 3734 Opera
1178 3679 1298 3717 sua.
1335 3660 1487 3728 Quod
1521 3657 1768 3727 inprimis
1815 3656 2052 3709 declarat
2090 3668 2189 3706 vox

628 3758 911 3813 iiebraica.
941 3755 998 3810 Si
1032 3756 1152 3825 quis
1179 3754 1340 3822 igitur
1367 3749 1652 3821 genuinum
1683 3763 1899 3802 sensum
1932 3746 2190 3801 sacratis-

628 3853 779 3906 sima:
816 3851 1104 3917 Scriptura:
1150 3847 1474 3915 investigare
1520 3843 1702 3904 vellet,
1737 3840 1973 3894 inveniet
2004 3837 2192 3892 lectio-

629 3958 752 3997 nem
785 3940 1101 3995 Hebraicam
1135 3953 1240 3993 non
1277 3939 1474 3992 habere
1497 3975 1514 4002 ,
1561 3935 1796 3988 condidit
1827 3949 1928 3995 me,
1963 3947 2066 4000 qua
2098 3946 2191 3984 ne-

628 4047 734 4102 que
756 4032 1083 4100 reliquorum
1107 4031 1460 4098 interpretum
1493 4027 1686 4096 aliquis
1715 4039 1846 4078 usus
1871 4031 1972 4078 est.
2001 4023 2190 4092 Aquila

630 4125 778 4196 legit,
811 4123 1063 4177 Dominus
1096 4122 1324 4191 possedit
1357 4135 1456 4183 me,
1502 4127 1656 4184 caput
1695 4116 1896 4169 uiarum
1944 4129 2184 4168 suarum.

633 4215 1012 4283 Symmachus,
1042 4213 1294 4266 Dominus
1333 4209 1560 4280 possedit
1605 4223 1686 4260 me
1732 4207 1942 4259 initium
1992 4205 2193 4256 viarum

631 4323 870 4360 suarum.
900 4305 990 4360 Sic
1015 4315 1068 4359 et
1095 4302 1406 4362 Theodotio,
1438 4300 1694 4353 Dominus
1724 4296 1960 4364 possedit
1990 4311 2068 4346 me
2093 4293 2194 4346 ini-

633 4403 763 4451 tium
793 4402 887 4451 via:
920 4413 1050 4452 sum.
1092 4396 1157 4449 Et
1199 4410 1306 4449 non
1341 4395 1594 4448 abhorret
1619 4407 1648 4444 a
1684 4391 1893 4444 ratione
1930 4389 2197 4455 interpre-

636 4492 788 4546 tatio.
832 4490 961 4544 Erat
999 4490 1142 4542 enim
1177 4488 1263 4540 ille
1291 4502 1450 4556 quem
1499 4485 1681 4555 genuit
1735 4483 1896 4536 Pater
1935 4479 2197 4549 Unigeni-
2231 4525 2279 4584 Β

637 4593 771 4648 tum,
806 4593 970 4652 caput
1010 4590 1486 4650 progeneratorum
1522 4576 1784 4640 omnium,
1827 4573 2115 4628 visibilium
2148 4581 2202 4624 et

637 4673 980 4730 invisibilium
1017 4692 1028 4724 :
1065 4673 1203 4739 quod
1235 4673 1300 4723 ad
1327 4680 1569 4723 exortum
1597 4665 1863 4719 attinebat
1896 4676 1949 4719 et
1971 4664 2199 4718 salutem

637 4781 845 4820 eorum.
869 4765 964 4821 Ubi
989 4765 1127 4818 enim
1150 4779 1270 4818 eum
1295 4761 1497 4831 genuit,
1519 4760 1589 4812 ita
1613 4758 1799 4813 statuit
1819 4772 1940 4810 eum
1963 4753 2202 4807 omnium

639 4859 1005 4918 Servatorem,
1043 4857 1405 4925 recapituluns
1436 4853 1490 4904 in
1521 4867 1584 4904 eo
1625 4860 1678 4904 et
1721 4866 1818 4917 per
1848 4863 1971 4902 eum
2008 4845 2204 4900 consti-

638 4948 898 5004 tutionem
957 4949 1213 5013 universi,
1261 4957 1319 4998 ut
1365 4943 1579 4998 edocuit
1621 4943 1834 4994 divinus
1887 4937 2201 5007 Apostolus,

642 5023 910 5109 inquiens;
940 5037 1007 5092 Ut
1035 5039 1349 5107 recolligeret
1377 5038 1553 5089 omnia
1591 5037 1643 5087 in
1672 5033 1903 5096 Christo,
1929 5046 2047 5097 qua:
2081 5038 2200 5080 sunt

639 5135 694 5188 in
719 5135 878 5198 oculis,
909 5146 956 5187 ct
1001 5149 1116 5202 qua,
1151 5141 1270 5184 sunt
1315 5146 1471 5198 super
1523 5128 1773 5180 terram“.
1812 5125 1957 5176 Adeo
1999 5132 2054 5172 ut
2097 5135 2200 5174 non

645 5228 800 5282 modo
838 5228 1016 5281 omnia
1051 5241 1144 5294 per
1182 5227 1354 5294 ipsum
1389 5221 1750 5283 substiterint,
1786 5235 1813 5270 a
1853 5232 1956 5269 non
1989 5225 2109 5266 esse
2138 5212 2202 5264 ad

719 5396 777 5454 ᾗ
815 5388 910 5443 Ed.
943 5387 1140 5450 P:ll‘l$.,
1171 5402 1292 5455 pag.
1326 5385 1444 5438 152.
1484 5384 1556 5455 7"
1590 5381 1811 5455 Psal.__t..
1843 5377 1940 5455 [ἒξ.
1986 5375 2051 5455 ’⁸⁸
2085 5372 2192 5445 Eph

2310 5387 2368 5435 It,
2406 5374 2488 5425 15.
2569 5373 2614 5403 ⁹⁹
2647 5373 2841 5442 Epltcs.
2871 5390 2942 5435 tv,
2973 5374 3062 5428 ει.

1428 5457 1448 5484 ⁸
1475 5454 1590 5508 Jac.
1618 5468 1670 5516 ν,
1701 5452 1782 5504 l6.
1858 5449 1880 5478 ⁵
1903 5445 2109 5499 Coloss.
2141 5443 2182 5505 ἰ,
2222 5443 2311 5496 20.

646 5474 763 5526 vin,
793 5460 882 5513 22.
963 5459 982 5488 ³
1005 5456 1134 5511 Luc.
1177 5472 1231 5520 x,
1261 5457 1349 5509 21.

869 5591 1032 5666 _V_ulgo
1057 5589 1164 5666 τῶν
1193 5591 1618 5666 ἁμαρτημάτων.

720 5661 831 5734 (65)
865 5662 1034 5734 ){ulgo
1065 5661 1274 5734 ἔκτισεν
1306 5662 1425 5728 ἐμὲ.

719 5730 830 5802 (⁷66)
865 5730 1032 5799 Vulgo
1062 5730 1392 5802 προσθήκης,
1422 5730 1539 5797 τήν.

721 5748 830 5802 (οῦ)
873 5748 1032 5799 vmgo
1062 5748 1392 5852 icimur,an
1422 5748 1539 5797 την.

721 5803 829 5872 (67)
852 5803 1062 5867 Κύριος
1124 5800 1385 5867 tetrica-cc-
1429 5802 1586 5854 aliter
1609 5797 1660 5852 in
1683 5797 1906 5867 vulgatis
1928 5794 2067 5850 LXX
2094 5795 2206 5848 edi-

2285 1919 2731 1992 κατέστησεν,ἢ
2759 1923 3102 1986 κατέταξεν,
3118 1927 3198 1988 εις
3214 1924 3274 1978 τὸ
3284 1926 3470 1996 ἄρχειν
3494 1926 3739 1997 εἴρηται,
3755 1929 3881 1981 ἐπεὶ

2286 2015 2380 2065 καὶ
2407 2015 2463 2065 ὲν
2492 2013 2842 2082 Εὑαγγελίοις
2870 2013 3164 2087 λεγομένου
3191 2017 3296 2070 ὑπὸ
3321 2016 3413 2070 τοῦ
3723 2019 3881 2090 ἡμῶν

2286 2105 2368 2166 τὸ,
2385 2103 2896 2176 Ἑξομολοῃοῦμαί
2919 2121 3040 2171 σοι,
3066 2105 3281 2176 Πάτερ,
3300 2110 3476 2177 Κύριε
3489 2108 3598 2163 τοῦ
3613 2109 3880 2177 οἰερωεοῦ

2288 2195 2524 2264 καὶτῆς
2553 2195 2687 2265 γῆς,
2723 2196 2812 2250 ὅτι
2858 2197 3218 2266 ἀπέκρυψας
3259 2197 3446 2252 ταῦτα
3496 2200 3618 2254 ἀπὸ
3664 2198 3881 2270 σοφῶν

2289 2288 2388 2340 καὶ
2417 2286 2709 2354 συνετῶν,
2760 2289 2858 2343 καὶ
2892 2289 3295 2358 ἀπεκάλυψας
3319 2289 3473 2344 αὐτὰ
3500 2291 3768 2358 νηπίοις,
3814 2292 3877 2345 οὐ

2287 2379 2386 2449 τὴν
2420 2378 2527 2446 (64·
2555 2379 2970 2451 ἁμαρτημάτων
3002 2381 3311 2451 ὁμολογίαν,
3339 2381 3474 2435 καθὸ
3520 2382 3776 2438 λέλεκται
3818 2385 3876 2438 ἂν

2290 2470 3016 2543 ἐτέροις,Ἐξομολοτεῖσθε
3056 2473 3350 2540 ἀλλήλοις
3394 2476 3503 2540 τὰς
3557 2476 3874 2544 ἁμαρτιας,

2291 2564 2469 2633 φαμὲν
2497 2564 2600 2616 ὑπὸ
2631 2563 2724 2616 τοῦ
2749 2565 2996 2638 Σωτῆρος
3015 2565 3326 2636 δηλοῦσθαι,
3352 2566 3490 2620 ἀλλὰ
3516 2567 3617 2638 τὴν
3647 2569 3744 2620 ἐπὶ
3765 2571 3876 2632 τοῖς

2290 2657 2503 2727 νηπίοις
2536 2657 2910 2727 εὐχαριστίαν,
2941 2658 3062 2710 ἀντὶ
3084 2658 3201 2722 τοῦ,
3235 2659 3588 2728 Εὑχιιριστῶ
3615 2676 3739 2723 σοι,
3759 2660 3879 2714 Πά-

2289 2764 2407 2816 τερ,
2431 2749 2605 2816 Κύριε
2635 2747 2740 2802 τοῦ
2765 2747 3025 2816 οὐρανοῦ
3049 2749 3146 2802 καὶ
3172 2749 3281 2817 τῆς
3302 2750 3436 2818 τῆς,
3463 2749 3556 2802 τοῦ
3586 2750 3874 2820 ἐξομολο-

2291 2843 2520 2909 γεῖσθαι
2564 2839 2916 2909 λελεγμένου.
2974 2841 3160 2912 Μυρία
3205 2839 3249 2892 δ’
3278 2841 3342 2894 ἂν
3391 2856 3476 2901 τις
3525 2840 3675 2911 εὕροι
3714 2839 3874 2911 σχολῇ

2291 2930 2536 3001 ζητήσας
2559 2930 2637 3000 τῷ
2661 2931 2801 2984 κατὰ
2835 2930 3147 3001 μεταφορὰν
3161 2931 3348 3002 τρόπῳ
3363 2929 3430 2982 δι’
3451 2931 3579 2999 ὅλης
3595 2930 3697 3001 τῆς
3724 2931 3876 2994 Θείας

2291 3022 2515 3091 Γραφῆς
2543 3023 2828 3092 εἰρημένα,
2885 3023 2979 3076 καὶ
3026 3021 3162 3076 ἄλλα
3197 3020 3510 3092 πολύσημον
3558 3022 3752 3091 ἔχοντα
3779 3021 3878 3093 τὴν

2293 3114 2548 3168 διάνοιαν.
2576 3115 2684 3166 Καὶ
2721 3113 3008 3184 ὀμονύμως
3032 3114 3198 3186 ἕτερα
3235 3114 3507 3193 διαφόρων
3534 3113 3878 3185 πραγμάτων

2295 3204 2763 3275 κατηγορούμενα,
2794 3204 2924 3276 περὶ
2958 3199 3034 3258 ὧν
3064 3205 3274 3279 μακρὸν
3302 3207 3368 3260 ἂν
3399 3206 3507 3276 εἴη,
3543 3207 3640 3259 καὶ
3671 3207 3735 3260 οὐ
3779 3206 3881 3258 τοῦ

2295 3297 2554 3367 παρόντος
2579 3297 2769 3367 καιροῦ
2793 3297 3065 3362 διεξιέναι.
3083 3297 3266 3362 Οὕτως
3287 3293 3379 3350 οῦν
3406 3299 3501 3350 καὶ
3524 3296 3767 3350 ἐνταῦθα
3793 3298 3876 3359 τὸ,

2293 3387 2506 3454 Κύριος
2529 3386 2637 3457 (65)
2663 3388 2863 3442 ἔκτισέ
2905 3405 2980 3458 με
3018 3388 3218 3457 ἀρχὴν
3241 3388 3395 3442 ὁδῶν
3418 3391 3606 3443 αὑτοῦ
3626 3393 3717 3456 εις
3731 3392 3877 3459 ἔργα

2294 3477 2500 3541 αὐτοῦ,
2534 3477 2654 3529 ἀντὶ
2690 3477 2806 3542 τοῦ,
2846 3477 3145 3543 Κατέταξέ
3171 3496 3249 3549 με
3281 3483 3372 3546 εἰς
3409 3481 3475 3534 τὸ
3506 3480 3718 3549 ἄρχειν
3756 3481 3876 3534 τῶν

2295 3567 2480 3636 ἔργων
2508 3567 2714 3633 αὐτοῦ,
2748 3567 3015 3622 λέλεκται.
3061 3571 3152 3624 Διὸ
3203 3573 3302 3642 οὐχ
3351 3572 3536 3634 ἁπλῶς
3568 3573 3775 3626 ἐκτισέ
3801 3590 3877 3642 με

2295 3661 2529 3731 εἴρηται,
2560 3662 2693 3714 ἀλλὰ
2721 3661 2856 3732 μετὰ
2873 3662 3187 3734 προσθήκης
3217 3664 3326 3734 (66)
3351 3665 3472 3733 τῆς,
3499 3665 3701 3734 ἀρχὴν
3722 3665 3877 3720 ὁδῶν

2296 3758 2483 3812 αὑτοῦ
2510 3760 2589 3820 εὶς
2623 3757 2766 3824 ἔργα
2781 3755 2985 3808 αὑτοῦ.
3021 3755 3191 3808 Τοῦτο
3209 3756 3266 3809 δὲ
3292 3757 3524 3826 μάλιστα
3550 3759 3875 3829 παρίστησιν

2297 3845 2624 3918 ήἙὸραῖκὴ
2674 3845 2837 3908 λέξις.
2889 3845 2952 3897 Ei.
2983 3843 3112 3911 γοῦν
3169 3861 3252 3909 τις
3306 3847 3739 3918 ἐξακριϐώσαιτο
3787 3850 3877 3903 τὸν

2301 3938 2476 4008 ἀληθῆ
2499 3937 2620 3992 νοῦν
2669 3938 2768 4008 τῆς
2812 3935 3167 3990 θεοπνεύστου
3196 3937 3437 4008 Γραφῆς,
3481 3939 3633 4010 εὖροι
3679 3940 3748 3994 ἂν

2311 4029 2599 4100 Ἕϐραῖκὴν
2622 4029 2924 4097 ἀνάγνωσιν
2953 4031 3012 4082 οὐ
3044 4030 3404 4102 περιέχουσαν
3429 4031 3508 4093 τὸ,
3535 4032 3742 4086 ἔκτισέ
3760 4050 3838 4102 με
3859 4050 3873 4065 ο

2299 4124 2486 4193 διόπέρ
2503 4123 2622 4174 οὐδὲ
2653 4123 2762 4174 τῶν
2788 4121 2988 4176 λοιπῶν
3010 4123 3358 4193 ἑρμηνευτῶν
3379 4125 3550 4196 ταύτῃ
3575 4143 3658 4188 τις
3689 4127 3877 4196 κέχρηυ

2300 4230 2390 4266 ται
2425 4216 2488 4283 τῇ
2517 4212 2674 4278 λέξει.
2699 4214 2905 4266 Αὐτίκα
2926 4213 2972 4267 δ’
2990 4210 3081 4266 οῦν
3107 4214 3136 4265 ὁ
3155 4214 3252 4283 μὲν
3267 4214 3516 4279 Ἀκύλας,
3540 4219 3755 4286 ΚιἼῬιος
3782 4220 3877 4272 ἐκ·

2301 4303 2530 4371 τήσατό
2549 4302 2657 4373 (67)
2664 4319 2740 4371 με
2757 4301 3087 4371 κεφάλαιον
3109 4303 3226 4356 τῶν
3241 4303 3397 4358 ὁδῶν
3409 4305 3616 4370 αὑτοῦ,
3637 4308 3870 4378 εἴρηκενε

2303 4394 2331 4444 ὁ
2369 4392 2425 4444 δὲ
2455 4393 2750 4463 Σύμμαχος
2777 4434 2790 4457 ,
2823 4394 3036 4462 Κύριος
3062 4393 3362 4459 ἐκτήσατο
3385 4411 3462 4463 με
3488 4396 3688 4465 ἀρχὴν
3727 4399 3876 4451 ὁδῶν

2305 4484 2506 4536 αὐτοῦ·
2535 4486 2562 4536 ὀ
2586 4484 2642 4537 δὲ
2673 4484 2984 4546 Θεοδοτίων,
3018 4485 3232 4552 Κύριος
3259 4484 3560 4551 ἐκτήσατο
3577 4504 3654 4555 με
3684 4489 3878 4557 ἀρχὴν

2305 4574 2446 4628 ὁδοῦ
2470 4575 2672 4629 αὑτοῦ·
2706 4577 2800 4628 καὶ
2823 4576 2934 4645 ἔχοι
2963 4576 3014 4644 γ’
3041 4575 3106 4630 ἂν
3127 4575 3283 4646 λόγον
3305 4577 3338 4647 ἡ
3367 4579 3652 4648 ἑρμηνεία.
3675 4580 3750 4632 Τὸ
3777 4581 3876 4651 γὰρ

2306 4665 2594 4733 κεφάλαιον
2629 4667 2728 4737 τῆς
2774 4666 2882 4717 τῶν
2906 4665 3178 4736 γεννητῶν
3232 4667 3487 4720 ἁπάντων
3511 4667 3804 4738 ὁρωμένων
3823 4687 3875 4722 τε

2305 4757 2397 4808 καὶ
2434 4754 2652 4823 ἀφανῶν
2701 4754 3010 4818 συστάσεώς
3041 4771 3101 4808 τε
3135 4755 3228 4808 καὶ
3290 4756 3564 4827 σωτηρίας
3596 4759 3762 4822 αὐτὸς
3794 4756 3877 4832 ἦν,

2306 4847 2362 4898 ὃν
2392 4848 2580 4914 ἐγέννα
2601 4847 2698 4916 μὲν
2731 4845 2964 4916 ὁΠατὴρ
2997 4846 3123 4899 Υἱὸν
3151 4849 3412 4918 μονογενῆ
3432 4865 3445 4876 ·
3493 4853 3763 4920 γεννήσας
3794 4851 3877 4913 δὲ,

2307 4939 2598 4991 κατέταττε
2630 4938 2857 5008 Σωτῆρα
2885 4938 2994 4990 τῶν
3039 4937 3196 5002 ὅλων,
3231 4939 3800 5011 ὰνακεφαλαιούμενος
3827 4946 3880 4997 ὲν

2308 5028 2450 5098 αὐτῷ
2485 5028 2578 5080 καὶ
2607 5029 2673 5080 δι’
2703 5027 2866 5080 αὑτοῦ
2900 5028 2996 5099 τὴν
3021 5027 3265 5093 διάταξιν
3291 5027 3381 5083 τοῦ
3415 5030 3639 5094 παντὸς,
3679 5031 3756 5094 ὡς
3784 5032 3882 5085 tbi-

2308 5122 2460 5185 δαξεν
2490 5124 2516 5173 ὀ
2533 5121 2672 5184 Gaio;
2688 5121 3006 5184 Ἀπόστολος
3024 5120 3208 5173 εἰπών’
3230 5121 3879 5190 Ἀνακεφαλαιώσασθαι

2310 5213 2504 5264 πάντα
2549 5214 2619 5266 ἐν
2654 5213 2734 5278 τῷ
2773 5213 3026 5284 Χριστῷ,
3062 5212 3134 5265 τὰ
3172 5212 3271 5264 ἐπὶ
3309 5212 3432 5280 τοῖς
3461 5215 3760 5283 οὐρανοῖς,
3789 5218 3878 5270 καὶ

3158 5377 3171 5404 ¹
3199 5374 3235 5427 ll
3277 5375 3401 5429 Cor.
3429 5375 3596 5450 νη.
3679 5378 3699 5408 ¹
3725 5377 3872 5432 Prov.

2314 5582 2570 5646 tionibus,
2622 5581 2838 5649 Aquila,
2891 5579 3275 5650 Symmachus,
3306 5589 3362 5632 et
3393 5578 3755 5646 Theodotion,
3786 5581 3875 5635 ista

2541 5653 2693 5708 M.—
2715 5651 2976 5706 Ca'terum
3011 5651 3082 5706 cf.
3113 5650 3269 5706 liuet.
3291 5653 3358 5704 ad
3379 5650 3596 5719 Origeu.
3639 5661 3766 5705 tom.
3797 5650 3875 5716 ill,
