4068 6316
270 334 377 388 931

1229 329 1315 384 DE
1356 318 1897 384 ECLLESIASTICA
1936 314 2347 375 THEOLOGIA
2388 314 2517 371 LIB.
2560 313 2647 370 Ill.

3454 309 3562 369 98’!

272 466 295 496 ι
332 449 361 499 ό
382 448 665 518 προφήτης
691 442 816 515 ἔφη,
839 444 956 512 Πρὸ
989 442 1096 497 τοῦ
1127 442 1343 508 αἰῶνος
1367 436 1723 511 ἐθεμελίωσέ
1768 451 1837 504 με

1978 451 1995 484 ι
2031 446 2250 487 carnem
2274 445 2469 501 nempe
2502 427 2832 500 intelligens.
2855 445 2874 479 ι
2909 425 2972 481 Et
3010 426 3173 483 infert
3196 426 3426 481 iterum:
3449 447 3468 478 ι
3492 428 3561 483 lu

270 557 295 590 ε
337 538 577 608 δηλονότι
594 538 693 610 τὴν
713 537 910 609 σάρκα.
925 552 948 589 s
964 536 1073 589 Καὶ
1088 531 1243 600 αὖθις
1257 535 1453 603 ἐπάγει
1469 532 1662 601 λέγων·
1694 548 1712 580 ι
1725 523 1859 583 Εἶτα

270 648 295 681 ί
333 628 501 698 ἐνεῇ
525 628 702 699 ἀρχῇ,
736 629 890 699 φησὶ,
931 628 1045 696 πρὸ
1093 626 1201 682 τοῦ
1251 626 1367 693 τὴν
1412 624 1532 695 γῆν
1587 620 1853 691 ποιῆσαι.

271 743 295 771 ι
327 722 433 791 Γῆν
464 722 621 774 ποίαν
646 738 660 786 ;
688 719 915 790 ταύτην,
938 720 1201 791 δηλονότι,
1227 720 1325 790 τὴν
1346 718 1624 791 ἡμετέραν
1654 717 1853 788 σάρκα,

271 830 295 862 s
327 810 422 882 τήν
457 811 593 883 μετὰ
618 812 716 881 τὴν
745 809 1030 883 παρακοήν
1052 810 1159 881 γῆν
1196 808 1353 873 αὖθις
1390 808 1711 879 γενομένην.
1762 806 1855 877 Γῆ

268 922 294 954 ε
330 904 439 973 γὰρ
469 899 544 967 εἴ,
578 903 711 974 φησὶ
740 942 755 967 ,
806 901 906 955 καὶ
943 905 1032 969 είς
1084 900 1204 971 γῆν
1248 902 1579 970 (laetatio-1;.
1617 920 1635 952 ι
1691 901 1856 971 Ὁρᾷς

260 996 390 1049 ὅσον
422 996 708 1068 διήμαρτε,
740 996 839 1067 τῆς
875 997 971 1067 μὲν
1001 995 1215 1060 εὐθείας
1248 996 1563 1068 ὲκτραπεὶς,
1596 996 1856 1067 τραχεῖαν

259 1090 326 1142 δὲ
348 1092 441 1142 καὶ
470 1087 866 1151 δύσϐατον.καὶ
896 1087 1088 1159 ὥσπερ
1142 1087 1262 1141 τινά
1319 1088 1636 1160 ἁνεξίτητον
1675 1086 1855 1157 ἑαυτῷ

261 1180 594 1253 περινοήσας
625 1180 761 1234 ὁδόν.
790 1181 897 1236 Θέα
928 1180 1083 1249 γοῦν,
1119 1181 1269 1246 ὅπως
1313 1178 1631 1245 ὲξεϐιάσατο
1676 1181 1855 1235 πάντα

262 1274 469 1346 μᾶλλον
509 1274 866 1346 ἀναίσχυντον
896 1275 992 1328 καὶ
1030 1272 1220 1344 ἀναιδῆ
1253 1273 1409 1343 λόγον
1460 1273 1573 1344 (Ἠ)
1622 1273 1855 1343 φθεγγόο

259 1368 505 1440 μενοςίῆ
528 1368 625 1439 τὴν
647 1367 844 1437 Σοφίαν
882 1366 1045 1421 αὐτὸν
1079 1361 1219 1418 εἶναι
1262 1365 1356 1419 τὸν
1386 1365 1514 1418 Υἰὸν
1559 1363 1655 1418 τοῦ
1715 1363 1851 1419 Θεοῦ

253 1459 561 1531 ὁμολογεῖν.
611 1459 685 1512 Τὸ
724 1459 824 1530 μὲν
854 1453 971 1523 οὖν,
1020 1458 1237 1526 Κύριος
1292 1455 1496 1509 ἐκτισέ
1534 1473 1611 1526 με
1654 1456 1854 1525 ἀρχὴν

252 1549 417 1606 ὁδῶν
440 1551 625 1606 αὑτοῦ
660 1554 747 1617 είς
778 1553 922 1621 ἔργα
952 1550 1140 1605 αὑτοῦ
1167 1548 1246 1620 τῷ
1280 1548 1393 1620 (75)
1416 1590 1431 1613 ,
1471 1548 1565 1603 τοῦ
1600 1549 1853 1622 Σωτῆρος

250 1644 520 1716 ἀναφέρει
533 1641 828 1714 προσώπῳ,
845 1641 1122 1714 ὁμολογῶν
1151 1642 1313 1695 αὑτὸν
1332 1636 1472 1696 εἶναι
1504 1640 1597 1694 τὸν
1622 1642 1681 1694 ὲν
1697 1640 1849 1709 Παρ-

249 1737 463 1807 οιμίαις
506 1737 679 1791 ταῦτα
716 1737 1013 1807 φάσκοντα.
1046 1736 1210 1805 Λέγει
1242 1734 1287 1788 δ’
1316 1730 1410 1789 οὖν
1450 1735 1634 1799 αὐτοῖς
1667 1735 1850 1805 ῥήμα-

1968 543 1987 575 s
2019 524 2303 593 principio,
2326 522 2527 592 inquit,
2559 521 2870 593 priusquam
2904 526 3101 573 terram
3127 518 3393 573 conderet.
3426 516 3561 572 Tor-

1967 632 1985 666 ι
2024 610 2139 666 ram
2171 610 2514 683 quemnam?
2547 620 2789 665 nostram
2840 610 3096 663 nimirum
3125 623 3394 673 carnem,
3434 621 3562 676 quas

1968 722 1986 755 ι
2028 714 2150 774 post
2198 702 2701 774 transgressionem
2760 708 2903 755 terra
2953 701 3169 756 demum
3229 696 3375 754 facta
3431 696 3554 753 fuit.

1968 816 1985 846 ι
2013 794 2177 849 Nam
2207 806 2349 848 terra
2383 811 2455 859 es,
2490 794 2707 861 inquit,
2742 804 2791 846 et
2828 793 2883 845 in
2937 801 3131 844 terram
3164 788 3493 844 revertere".
3528 807 3550 841 ι

1965 890 2126 945 Vides
2189 894 2451 957 quantum
2504 886 2594 941 ille
2628 886 2905 940 aberravit
2937 900 2966 938 a
3013 893 3161 937 recta
3201 882 3286 937 via
3340 881 3553 948 devius,

1960 983 2099 1036 viam
2162 981 2264 1036 sibi
2313 979 2679 1034 adinveniens
2723 993 3010 1047 asperam,
3053 973 3548 1045 impermeabilem,

1960 1072 2251 1129 diiliculter
2275 1072 2688 1127 transeundum.
2726 1068 2862 1126 Vide
2893 1086 3024 1141 ergo
3052 1068 3288 1140 qualiter
3320 1068 3411 1125 ille
3447 1068 3555 1124 im-

1959 1167 2229 1237 pudenter
2272 1164 2452 1220 omnia
2485 1176 2542 1219 et
2589 1162 2877 1236 proﬂigato
2911 1163 3114 1235 pudore
3162 1163 3341 1231 potius
3368 1160 3549 1233 eloqui

1959 1260 2173 1323 maluit,
2210 1275 2375 1326 quam
2412 1259 2502 1329 qui
2534 1258 2628 1313 Dei
2663 1257 2944 1327 Sapientia
2985 1264 3063 1311 cst
3086 1296 3103 1321 ,
3138 1265 3198 1309 ut
3220 1253 3420 1309 Filium
3454 1267 3550 1308 ve-

1958 1354 2017 1409 lit
2047 1354 2317 1408 conliteri.
2344 1352 2478 1406 Illud
2503 1367 2633 1422 ergo
2654 1390 2670 1415 ,
2701 1350 2954 1404 Dominus
2998 1349 3195 1404 crearit
3223 1365 3305 1403 mc
3345 1348 3550 1419 princi-

1954 1450 2098 1519 pium
2120 1450 2322 1504 viarum
2349 1464 2591 1513 suarum,
2619 1451 2689 1501 ad
2716 1453 2875 1515 opera
2900 1463 3021 1513 sua,
3043 1447 3109 1500 ad
3140 1458 3429 1516 personam
3458 1457 3549 1499 re-

1957 1542 2082 1596 tulit
2109 1543 2445 1608 Servatoris,
2486 1540 2775 1597 confessus
2825 1541 2976 1596 illum
3006 1541 3259 1596 eumdem
3281 1553 3423 1605 esse,
3440 1540 3547 1623 gui

1955 1636 2009 1689 in
2040 1635 2352 1691 Proverbiis
2384 1635 2497 1689 haec
2524 1633 2810 1703 profatur;
2838 1632 2913 1687 ait
2934 1634 3100 1703 igitur
3133 1631 3285 1687 hisce
3318 1630 3545 1687 totidem

1956 1727 2136 1781 verbis
2188 1726 2274 1798 [ιι.
2328 1724 2466 1798 XI]:
2522 1744 2541 1776 ι
2592 1726 2859 1792 Quocirca
2918 1739 3042 1779 cum
3098 1732 3313 1779 vetusta
3360 1723 3546 1778 omnia

251 1843 341 1881 σιν
360 1846 374 1859 ·
416 1847 433 1880 ι
460 1827 668 1881 Οὐκοῦν
693 1829 918 1891 εἰκότως
954 1826 1064 1882 τῶν
1094 1826 1340 1899 ἀρχαίων
1371 1825 1837 1898 παρεληλυθότων,

1956 1838 1974 1870 ι
2018 1818 2473 1890 prmtetﬂuacrint
2504 1860 2518 1885 ,
2558 1819 2949 1874 futuraautem
2992 1828 3178 1887 essent
3210 1817 3396 1873 omnia
3440 1832 3547 1874 uo-

256 1937 279 1968 ε
321 1918 523 1973 καινῶν
549 1919 606 1973 δὲ
634 1918 853 1973 ἔσεσθαι
883 1918 1187 1991 μελλόντων
1214 1919 1472 1973 ἁπάντων
1496 1918 1586 1973 διὰ
1616 1919 1717 1990 τῆς
1747 1918 1843 1972 τοῦ

254 2027 280 2061 ε
312 2009 561 2082 Σωτῆρος
615 2011 775 2083 ήμῶν
814 2011 1160 2083 καινότητος,
1211 2014 1240 2067 ὀ
1291 2012 1558 2085 δεσπότης
1608 2013 1768 2084 ήμῶν
1814 2014 1843 2068 ὀ

253 2120 277 2152 s
311 2102 545 2173 Χριστὸς
597 2102 685 2157 διὰ
734 2102 829 2158 τοῦ
882 2106 1165 2176 προφήτου
1222 2104 1353 2159 ἐϐόα
1397 2103 1596 2171 λέγων,
1623 2106 1843 2173 Κύριος

252 2213 275 2246 s
310 2193 513 2248 ἔκτισέ
528 2212 607 2265 με
629 2196 828 2267 ἀρχὴν
857 2195 1014 2251 ὁδῶν
1042 2196 1251 2251 αὐτοῦ.
1303 2216 1321 2247 ι
1364 2196 1536 2251 Τοῦτο
1575 2196 1620 2250 δ’
1671 2195 1841 2251 εἰπὼν

243 2285 345 2341 ἐπὶ
363 2287 465 2359 τὴν
510 2288 691 2360 σάρκα
712 2287 809 2341 τοῦ
859 2289 1111 2361 Σωτῆρος
1162 2287 1321 2359 ήμῶν
1376 2288 1709 2343 καταϐάλλει
1740 2288 1840 2361 τὴν

238 2376 519 2444 διάνοιαν,
559 2378 689 2450 ἑξῆς
717 2378 986 2449 ἐπιλέγων
1011 2398 1024 2411 ’
1066 2401 1085 2431 ι
1120 2380 1343 2434 Ἐκτισε
1364 2380 1471 2454 γὰρ
1507 2380 1745 2453 άληθῶς,
1777 2381 1841 2434 τὸ

247 2488 270 2519 s
304 2470 380 2541 μὴ
412 2469 474 2524 ὃν
519 2470 861 2544 πεποιηκὼς,
886 2474 916 2527 ὁ
943 2472 1225 2544 Δεσπότης
1271 2472 1433 2545 ήμῶν
1474 2476 1503 2528 ὁ
1537 2472 1690 2537 Θεός.
1723 2474 1842 2528 Οὐκ

244 2578 272 2611 ε
305 2555 471 2615 οὖσαν
497 2560 607 2634 γάρ
629 2563 729 2634 τὴν
756 2563 936 2635 σάρκα
953 2605 969 2630 ,
1004 2564 1075 2637 ῆν
1104 2565 1396 2637 ἀνείληφεν
1422 2567 1452 2619 ό
1470 2566 1664 2635 Λόγος,
1699 2564 1840 2620 ἀλλὰ

244 2668 272 2705 s
312 2653 389 2725 μή
422 2649 589 2709 οὖσαν
616 2655 830 2712 ἔκτισεν
854 2659 1028 2732 ἀρχὴν
1061 2657 1220 2733 [τῶν]
1247 2658 1384 2714 ὁδῶν
1426 2658 1612 2714 αὐτοῦ.
1656 2679 1676 2713 ι
1725 2661 1837 2715 Καὶ

233 2746 305 2803 οὐ
332 2749 579 2821 συνίησιν
609 2754 639 2805 ὁ
677 2756 943 2822 γενναῖος,
969 2755 1045 2818 ὠς
1075 2755 1175 2825 μία
1212 2771 1299 2819 τις
1330 2754 1601 2827 ἐκφρασις
1632 2757 1728 2811 καὶ
1778 2756 1838 2810 ἓν

237 2841 537 2915 πρόσωπον
569 2846 834 2918 τυγχάνει
856 2847 921 2901 τὸ
954 2848 1156 2919 φῆσαν,
1191 2847 1341 2917 Ἐγὼ
1364 2851 1404 2918 ἡ
1428 2851 1641 2920 Σοφία,
1698 2866 1838 2903 κατ-

235 2936 567 3007 ασκήνωσα
613 2938 864 3009 ,ϐουλὴν
893 2982 908 3005 ,
956 2942 1051 2994 καὶ
1095 2941 1188 3005 τὸ,
1241 2942 1459 3008 Κύριος
1502 2941 1709 2997 ἕκτισέ
1734 2959 1832 3014 με.

242 3027 410 3084 Ὥστε
440 3026 543 3102 (εὖ)
575 3032 669 3084 ἐπὶ
830 3032 1011 3105 σάρκα
1028 3033 1283 3103 ἅνάγοιτο
1315 3032 1544 3106 Θάτερον
1567 3075 1582 3099 ,
1618 3035 1833 3108 ἀνάγκη

236 3120 435 3175 καὶτὸ
468 3121 690 3194 ἕτερον·
735 3124 831 3178 καὶ
880 3126 915 3197 ή
961 3124 1130 3193 Σοφία
1165 3125 1318 3179 ἔσται
1365 3127 1400 3197 ή
1431 3125 1501 3179 τά
1547 3127 1835 3198 ἀμφότερα

235 3210 492 3281 λέγουσα.
527 3215 592 3268 Ei
620 3214 678 3269 δὲ
721 3218 755 3287 ή
794 3215 934 3288 σάρξ
977 3216 1127 3286 λέγει
1183 3217 1326 3271 κατὰ
1378 3217 1699 3290 Μάρκελλον
1749 3218 1831 3285 τὸ,

232 3302 457 3372 Κύριος
478 3303 683 3359 ἔπεισέ
707 3321 786 3375 με
815 3305 1016 3375 ἀρχὴν
1044 3304 1211 3379 [τῶν]
1237 3306 1394 3363 ὁδῶν
1433 3306 1651 3375 αὐτοῦ,
1692 3307 1831 3379 αὕτη

232 3392 307 3451 ἂν
331 3397 414 3466 εἴη
443 3399 476 3469 ή
538 3396 739 3467 Σοφία·
774 3400 871 3454 καὶ
922 3399 1075 3454 ἔσται
1106 3402 1141 3473 ή
1174 3400 1311 3475 σὰρξ
1348 3404 1383 3475 ή
1411 3404 1715 3471 φάσκουσα,
1752 3405 1851 3456 Δι’-

229 3487 383 3559 ἐμοῦ
397 3489 681 3559 ,βασιλεῖς
726 3492 1157 3559 βασιλεύουσι,
1214 3494 1314 3548 καὶ
1352 3493 1427 3548 δι’
1482 3494 1630 3565 ἐμοῦ
1669 3511 1833 3566 μετι-

231 3575 461 3647 στᾶνες
479 3581 936 3651 paratur-ortas.
974 3583 1101 3648 ῐιῶς
1138 3583 1185 3639 δ’
1214 3585 1281 3640 ἂν
1325 3585 1470 3639 εἴποι
1501 3588 1535 3658 ή
1584 3585 1721 3658 σὰρξ
1744 3588 1827 3653 τὸ,

229 3670 646 3740 Πνημονεύσω
682 3674 756 3728 τὰ
779 3674 850 3740 ἐξ
876 3674 1093 3743 αἰῶνος
1120 3677 1486 3749 άριθμῆσαι;
1522 3673 1605 3744 οἷς
1631 3681 1829 3750 ἐπάγει

228 3762 318 3824 τὸ.
351 3765 569 3833 Κύριος
607 3766 812 3822 ἐκτισέ
858 3785 938 3839 με
994 3770 1198 3841 άρχῆν
1225 3770 1393 3845 [τῶν]
1425 3773 1585 3829 ὁδῶν
1614 3779 1824 3834 αὐτοῦ.

233 3856 363 3912 Ὀδε
396 3860 493 3912 καὶ
519 3860 664 3924 τίνες
688 3862 743 3915 ai
766 3860 878 3915 ὁδοὶ
910 3864 1208 3937 παρίστησι
1256 3864 1433 3934 λέγων
1465 3866 1623 3938 ἑξῆς·
1661 3889 1680 3923 t
1720 3866 1826 3926 Οὗ-

235 3969 255 4002 s
289 3967 382 4013 τος
404 3952 514 4023 γὰρ
535 3956 668 4024 ήμῖν
692 3958 804 4020 τοῖς
833 3956 1061 4023 δικαίως
1123 3957 1506 4014 ¹ιιιολιτεόεσθαι
1544 3960 1823 4033 μέλλουσι,

235 4062 255 4095 ι
283 4042 594 4111 θεοσεϐείας
639 4047 758 4113 ὁδὸς
806 4049 1063 4119 γέγονεν·
1095 4050 1239 4125 ἁρχὴ
1296 4053 1486 4107 πασῶν
1519 4050 1628 4109 τῶν
1686 4057 1827 4128 μετὰ

234 4154 255 4188 ι
292 4135 628 4194 «causam.
654 4162 671 4193 ι
694 4143 806 4196 Καὶ
823 4143 1201 4216 προστίθησιν,
1229 4165 1248 4198 ι
1268 4146 1467 4216 ἀρχὴν
1484 4148 1541 4201 δὲ
1565 4148 1723 4203 ὁδῶν
1736 4150 1826 4205 διὰ

231 4244 254 4279 s
285 4226 448 4282 τοῦτο
477 4229 704 4296 εἰκότως
734 4234 922 4306 εἴρηκε
961 4234 1054 4289 τὸν
1088 4234 1357 4308 δεσπότην
1387 4238 1547 4309 ήμῶν
1578 4239 1671 4294 τὸν
1707 4242 1822 4295 Σω-

231 4339 253 4371 ε
292 4320 458 4392 τῆρα,
485 4321 618 4376 διότι
660 4329 754 4378 καὶ
783 4326 892 4381 τῶν
922 4326 1146 4400 ἑτέρων,
1187 4321 1263 4383 ὧν
1297 4332 1634 4403 ἐσχήκαμεν,
1685 4334 1823 4391 ὁδῶν

229 4432 251 4465 ι
287 4413 426 4485 μετὰ
448 4414 547 4488 τὴν
580 4417 802 4489 πρώτην
862 4419 979 4473 όδὸν
1025 4421 1168 4493 ἁρχὴ
1196 4422 1384 4491 γέγονε
1407 4440 1419 4452 ·
1453 4425 1552 4488 τάς
1576 4425 1663 4479 διὰ
1712 4427 1821 4480 τῶν

229 4522 252 4558 s
294 4504 456 4579 ιερῶν
514 4509 829 4563 ἀποστόλων
881 4511 1057 4583 δηλῶν
1107 4514 1457 4586 παραδόσεις,
1498 4517 1607 4572 τῶν
1679 4520 1817 4590 μετὰ

228 4613 251 4649 s
284 4596 490 4669 ὑψηλοῦ
510 4639 525 4664 ,
566 4600 711 4655 κατὰ
735 4603 833 4673 τὴν
872 4606 1232 4677 προφητείαν,
1262 4608 1617 4680 κηρύγματος
1644 4628 1818 4684 κηρυ-

228 4707 249 4741 s
284 4688 492 4757 ξάντων
537 4694 671 4766 ἡμῖν
697 4696 759 4749 τὸ
794 4697 980 4751 καινὸν
1020 4697 1181 4753 τοῦτο
1213 4702 1530 4772 μυστήριον.
1569 4723 1587 4755 ι
1629 4705 1816 4760 Ταῦτα

220 4780 564 4854 Μάρκελλος.
888 4860 1028 4914 κω
1088 4861 1141 4914 Γ

1859 3169 1906 3229 C

1958 1932 1976 1965 ι
2015 1927 2103 1978 va,
2135 1928 2233 1982 per
2260 1924 2314 1968 ct
2347 1926 2572 1983 propter
2615 1912 2957 1967 nobilitatem
2989 1909 3316 1966 Servatoris'
3347 1908 3545 1975 nostri,

1953 2025 1971 2058 ι
2015 2005 2279 2059 Dominus
2312 2017 2499 2060 noster
2548 2005 2803 2061 Christus
2832 2020 2930 2075 per
2963 2004 3283 2075 prophetam
3334 2001 3547 2074 procla-

1953 2115 1971 2147 ι
2012 2106 2147 2162 mat,
2194 2096 2470 2167 inquiens,
2508 2096 2770 2152 Dominus
2818 2098 3059 2152 condidit
3088 2113 3170 2152 me
3215 2096 3544 2167 principium

1950 2208 1970 2241 ι
2012 2192 2215 2244 viarum
2242 2208 2482 2245 suarum.
2517 2210 2535 2242 ι
2572 2191 2697 2245 llaec
2722 2190 3044 2261 prolocutus
3071 2188 3139 2245 ad
3170 2201 3391 2245 carnem
3412 2187 3545 2245 Ser-

1946 2285 2175 2345 vatoris.
2210 2285 2602 2355 cogitationem
2637 2300 2793 2339 suam
2824 2284 3009 2352 dejicit
3036 2324 3054 2348 ,
3097 2284 3150 2338 in
3183 2280 3543 2353 sequentibus

1944 2374 2233 2442 inquiens:
2266 2391 2287 2426 ι
2325 2372 2463 2428 Vere
2518 2373 2660 2428 enim
2689 2372 2932 2428 condidit
2957 2372 3050 2442 qni
3079 2386 3186 2425 non
3213 2384 3311 2426 ens
3330 2370 3542 2425 creavit

1948 2484 1967 2517 ι
1996 2464 2256 2521 Dominus
2284 2477 2472 2520 noster
2490 2464 2651 2519 Dens.
2668 2462 2802 2518 Nam
2819 2478 3043 2519 carnem
3062 2478 3167 2518 non
3180 2462 3537 2518 exsistentens

1946 2573 1966 2607 ε
1992 2557 2232 2626 suscepit
2274 2566 2518 2611 nostram
2541 2557 2802 2621 Verbum,
2820 2564 3015 2611 etcum
3034 2554 3357 2623 susciperet,
3382 2554 3538 2624 prin-

1948 2670 1968 2704 ι
1992 2651 2187 2720 cipium
2241 2652 2446 2707 viarum
2485 2667 2705 2707 suarum
2740 2649 2892 2705 fecit.
2933 2668 2953 2702 ι
2986 2647 3101 2705 Nec
3152 2648 3409 2720 intelligit
3451 2649 3541 2703 vir

1939 2743 2211 2813 optimus.
2240 2743 2387 2812 quod
2430 2752 2486 2799 et
2540 2744 2702 2799 unica
2732 2740 2904 2798 dictio
2946 2750 3004 2798 et
3051 2755 3288 2813 persona
3317 2754 3539 2813 quoque

1939 2837 2099 2893 unica
2133 2836 2226 2901 sit,
2256 2838 2348 2907 qui
2375 2837 2533 2901 dixit,
2568 2834 2685 2906 Ego
2721 2834 2997 2907 Sapientia
3025 2833 3308 2889 consilium
3335 2833 3539 2889 consti-

1937 2931 2015 2984 tui
2052 2929 2119 2994 ³⁸,
2160 2938 2235 2994 et,
2266 2928 2526 2985 Dominus
2580 2928 2816 2983 rondidit
2848 2943 2930 2982 ms
2954 2926 3021 2985 ι’.
3047 2924 3290 2993 Quorum
3324 2933 3539 2980 utrum-

1936 3037 2043 3094 que
2075 3022 2159 3078 νει
2205 3021 2527 3077 utrumlibet
2570 3021 2638 3075 de
2659 3035 2825 3075 carne
2858 3018 3235 3090 praedicatur:
3276 3017 3419 3090 quod
3452 3017 3536 3074 sic

1937 3116 2096 3184 plane
2147 3124 2438 3184 utrumque
2466 3122 2524 3167 et
2572 3102 2851 3183 Sapientia
2887 3112 3014 3177 erit,
3055 3126 3179 3182 quas
3215 3120 3271 3167 et
3305 3112 3415 3168 hoc
3442 3110 3533 3165 di-

1938 3208 2054 3274 xit,
2078 3218 2241 3277 atque
2268 3207 2420 3261 illud.
2457 3204 2613 3274 Quod
2641 3207 2686 3261 si
2722 3222 2793 3262 es
2830 3205 3102 3262 sententia
3132 3202 3374 3260 Marcelli
3400 3218 3533 3261 caro

1938 3300 2110 3367 dicat,
2143 3299 2406 3354 Dominus
2434 3301 2628 3355 creavit
2662 3315 2748 3355 me
2779 3299 3104 3369 principium
3145 3294 3376 3353 uiarum'
3399 3315 3533 3354 sua-

1935 3409 2079 3458 runt,
2120 3391 2211 3447 illa
2242 3393 2351 3447 erit
2383 3390 2688 3462 Sapientia,
2721 3403 2885 3462 atque
2908 3405 3040 3447 caro
3076 3406 3199 3461 quae
3223 3391 3377 3457 dicit,
3428 3388 3535 3446 Fer

1934 3501 2015 3539 me
2037 3500 2182 3552 rcges
2210 3493 2430 3555 regnant
2456 3524 2472 3551 ,
2518 3495 2568 3540 ct
2598 3500 2696 3554 per
2726 3500 2808 3540 me
2853 3491 3124 3557 magnam
3155 3485 3333 3555 magni
3365 3483 3528 3553 ﬁunt,

1934 3585 1991 3633 at
2014 3578 2291 3648 quomodo
2312 3577 2500 3647 dicere
2551 3577 2752 3649 ροισι-ιι
2795 3591 2950 3643 caro,
2995 3575 3304 3632 Mcmornbo
3342 3590 3531 3631 coruos

1931 3688 2050 3742 qua:
2093 3682 2217 3728 sunt
2266 3688 2300 3726 a
2344 3670 2585 3727 sucula!
2630 3669 2831 3741 quibus
2883 3667 3211 3725 subnectit:
3264 3667 3529 3724 Dominus

1932 3764 2168 3818 condidit
2200 3779 2280 3818 me
2316 3763 2635 3833 principium
2669 3760 2879 3815 uiarum
2919 3759 3059 3830 ejus.
3098 3758 3360 3827 Quasnam
3394 3772 3529 3815 vero

1930 3858 2039 3911 sint
2068 3856 2173 3911 illa:
2214 3857 2313 3910 via:
2361 3857 2520 3910 docet
2555 3856 2607 3909 in
2642 3852 2997 3931 sequentibus
3034 3852 3126 3926 [Β.
3166 3851 3283 3925 XII]
3317 3872 3331 3909 :
3370 3872 3390 3906 ι
3444 3851 3525 3909 ita

1934 3967 1954 4002 ι
1987 3950 2130 4005 enim
2153 3949 2241 4004 ille
2270 3947 2447 4012 nobis,
2472 3947 2563 4018 qui
2589 3946 2892 4025 secundum
2926 3947 3191 4001 rationem
3214 3947 3419 4017 justam
3441 3948 3528 4001 in-

1933 4060 1953 4094 ι
1993 4041 2223 4097 stituere
2267 4041 2433 4095 vitam
2465 4039 2757 4103 volumus,
2802 4038 3024 4110 pietatis
3055 4040 3141 4093 via
3178 4040 3359 4096 factus
3385 4051 3471 4096 est
3504 4060 3520 4097 :

1933 4154 1952 4187 ι
1990 4135 2319 4206 principium
2357 4135 2569 4188 viarum
2611 4132 2857 4188 omnium
2885 4130 3271 4203 posteriorum.
3309 4150 3329 4185 s
3359 4134 3527 4190 Addit

1927 4238 2108 4280 autem
2143 4246 2163 4279 ι
2196 4225 2518 4295 principium
2548 4225 2754 4280 viarum
2778 4226 2850 4281 ob
2891 4224 2997 4280 boc
3026 4227 3199 4294 ipsum
3234 4225 3525 4282 Dominum

1932 4334 1951 4367 ι
1986 4331 2129 4380 esse,
2152 4327 2207 4372 et
2230 4316 2581 4371 Servatorem
2607 4325 2854 4371 nostrum
2889 4331 2906 4369 :
2931 4326 3216 4387 propterea
3243 4296 3398 4386 quod
3413 4317 3525 4374 Via-

1932 4428 1951 4463 ι
1996 4426 2137 4476 rum,
2180 4425 2317 4481 quas
2375 4409 2607 4480 ingressi
2661 4423 2853 4482 sumus
2891 4419 3014 4480 post
3063 4409 3295 4480 primam
3331 4412 3477 4467 viam
3504 4456 3519 4479 ,
3562 4412 3565 4415 “

1930 4522 1948 4553 ι
1991 4502 2318 4571 principium
2342 4501 2577 4559 exstitit.
2613 4499 2798 4556 lnnuit
2824 4510 3013 4556 autem
3047 4502 3377 4559 traditiones
3424 4520 3521 4560 ac-

1930 4614 1949 4646 ι
1978 4607 2163 4668 ceptas
2178 4611 2209 4649 a
2226 4596 2425 4652 divinis
2438 4596 2725 4665 apostolis,
2739 4595 2855 4664 qui,
2869 4597 3167 4650 secundum
3182 4597 3521 4666 prophetias,

1929 4703 1948 4735 ι
1990 4700 2242 4741 uua-cum
2272 4685 2540 4741 altissiqu
2568 4686 2662 4740 illo
2686 4685 2981 4758 praeconio,
3024 4704 3223 4744 novum
3261 4691 3365 4745 boc
3400 4704 3524 4761 my-

1927 4797 1947 4829 ι
1990 4778 2221 4834 sterium
2244 4778 2403 4835 nobis
2426 4781 2837 4859 annuntiarunt.
2863 4800 2884 4835 ι
2914 4779 3185 4837 Hactenus
3209 4780 3517 4842 Marcellus.

2528 4872 2762 4931 CAPUT
2806 4872 2891 4929 Ill.

224 4945 666 5035 'E.}§Z‘ZOC'ZCDV
693 4953 820 5035 cina.
850 4952 1160 5035 death-sig
1194 4959 1348 5035 coite
1382 4960 1611 5035 τόπους
1650 4962 1815 5035 αὐτῷ

1943 4970 1986 5029 [4
2047 4964 2316 5033 Rcfutatio
2368 4982 2549 5019 eorum
2585 4983 2705 5034 quae
2737 4984 2977 5035 perverse
3024 4980 3407 5026 commentatus
3439 4982 3519 5028 est

294 5017 695 5089 λελεγμένων,
723 5021 823 5081 καί
846 5017 967 5078 τῶν
989 5017 1189 5079 αὐτῶν
1224 5017 1400 5096 ὑγιὴς
1436 5017 1737 5098 ἐρμηῖοεία.

293 5109 359 5163 El
388 5110 487 5180 μὲν
507 5107 601 5165 οὖν
631 5113 706 5185 μὴ
734 5114 831 5167 καὶ
855 5115 953 5187 τὴν
975 5116 1218 5183 Μωσέως
1241 5118 1337 5175 καὶ
1377 5120 1487 5173 τῶν
1518 5121 1628 5193 (76)
1673 5126 1812 5197 μετὰ

216 5199 427 5255 Mutata
456 5198 752 5273 προφητῶν
782 5203 1110 5276 παρεδὲχετο
1136 5205 1361 5279 Γραφὴν
1382 5248 1397 5271 ,
1423 5204 1569 5280 εἶχεν
1593 5211 1659 5266 ἄν
1690 5230 1813 5268 τινα

218 5292 410 5347 εἰκότα
433 5294 583 5367 αὐτῷ
615 5294 774 5365 λόγον
819 5298 852 5368 ή
890 5296 1144 5363 ἀπόδοσις
1163 5316 1177 5331 ·
1220 5302 1345 5354 ἐπεὶ
1370 5300 1428 5356 δὲ
1449 5302 1511 5356 οὐ
1533 5301 1643 5357 τῶν
1686 5305 1813 5359 ἀθε-

215 5382 461 5439 τούντων
499 5385 618 5441 ἐστὶ
643 5388 743 5459 τὴν
767 5389 1012 5445 Παλαιὰν
1034 5390 1487 5467 ¹Διαῡιήκην,τίδή
1519 5414 1649 5450 ποτε
1680 5398 1808 5465 τοὺς

298 5542 356 5599 »Β
393 5536 490 5591 Ed.
525 5538 727 5606 Parim,
758 5559 885 5614 pag.
919 5544 1041 5601 156.
1124 5545 1167 5579 ⁸⁵
1200 5544 1337 5606 Ceu.
1370 5564 1455 5616 ιιι,
1500 5550 1587 5607 i9.

319 5722 782 5805 ΖΜθὲιεατξθαι
812 5730 848 5802 ¹¹ι
882 5729 988 5805 κρυ

348 5794 405 5867 5)
432 5794 599 5869 Vulgo
628 5799 707 5853 τό.

2084 5039 2153 5090 ad
2182 5037 2327 5098 loca,
2358 5046 2407 5089 et
2434 5040 2727 5090 orthodoxa
2753 5055 2933 5092 eorum
2962 5040 3356 5107 interpretatio.

1994 5126 2055 5184 Si
2116 5143 2291 5198 neque
2332 5127 2495 5183 Mosis
2542 5146 2644 5185 nec
2691 5132 3081 5201 prophetarum
3129 5144 3255 5203 post
3307 5133 3516 5192 Mosen:

1924 5219 2243 5292 Scripturas
2257 5221 2572 5277 admitteret
2594 5222 2904 5291 Marcellus,
2939 5223 3279 5294 probabilem
3312 5225 3519 5284 [ortas--

1923 5311 2001 5368 sis
2030 5312 2296 5368 rationem
2335 5313 2603 5369 baberent
2632 5330 2753 5385 quae
2779 5315 2849 5370 ab
2881 5331 2949 5373 eo
2981 5317 3223 5388 profecta
3252 5330 3399 5375 sunt.
3443 5322 3510 5376 At

1918 5419 2039 5458 cum
2074 5418 2178 5458 uou
2232 5406 2304 5459 sit
2330 5420 2398 5459 ex
2430 5419 2617 5461 eorum
2644 5422 2873 5464 numero
2915 5408 3007 5480 qui
3050 5404 3215 5468 Vetus
3254 5424 3511 5472 recusant

1688 5554 1730 5589 "
1752 5555 1917 5620 Prov.
1948 5573 2047 5619 vttt
2076 5559 2212 5627 .12.
2310 5561 2356 5593 ¹⁶
2390 5560 2517 5617 ibid.
2551 5563 2645 5620 22.

1999 5750 2110 5823 (76)
2139 5747 2307 5822 Vulgo
2340 5749 2498 5807 κατά.
