  <div class='ocr_page' id='page_1' title='image "/cluster/home/n/w/nwhite01/storage/ocr_20150623/24/pst.000005712083/510.png"; bbox 0 0 4068 6316; ppageno 0'>
   <div class='ocr_carea' id='block_1_1' title="bbox 204 347 327 411">
    <p class='ocr_par' dir='ltr' id='par_1_1' title="bbox 204 347 327 411">
     <span class='ocr_line' id='line_1_1' title="bbox 204 347 327 411; baseline 0 0"><span class='ocrx_word' id='word_1_1' title='bbox 204 347 327 411; x_wconf 71' lang='lat'><strong>985</strong></span> 
     </span>
    </p>
   </div>
   <div class='ocr_carea' id='block_1_2' title="bbox 1196 350 2608 411">
    <p class='ocr_par' dir='ltr' id='par_1_2' title="bbox 1196 350 2608 411">
     <span class='ocr_line' id='line_1_2' title="bbox 1196 350 2608 411; baseline 0 0"><span class='ocrx_word' id='word_1_2' title='bbox 1196 354 1285 411; x_wconf 82' lang='lat' dir='ltr'><strong>DE</strong></span> <span class='ocrx_word' id='word_1_3' title='bbox 1327 351 1875 411; x_wconf 79' lang='lat' dir='ltr'><strong>ECCLESIASTICA</strong></span> <span class='ocrx_word' id='word_1_4' title='bbox 1911 350 2309 410; x_wconf 78' lang='lat' dir='ltr'><strong>THEOLOGIA</strong></span> <span class='ocrx_word' id='word_1_5' title='bbox 2348 351 2477 409; x_wconf 84' lang='lat' dir='ltr'><strong>LIB.</strong></span> <span class='ocrx_word' id='word_1_6' title='bbox 2518 350 2608 411; x_wconf 83' lang='grc' dir='ltr'><strong>ΙΙΙ.</strong></span> 
     </span>
    </p>
   </div>
   <div class='ocr_carea' id='block_1_3' title="bbox 204 468 1821 544">
    <p class='ocr_par' dir='ltr' id='par_1_3' title="bbox 204 468 1812 544">
     <span class='ocr_line' id='line_1_3' title="bbox 204 468 1812 544; baseline -0.007 -11"><span class='ocrx_word' id='word_1_7' title='bbox 204 468 361 541; x_wconf 50' lang='grc' dir='ltr'>δραι</span> <span class='ocrx_word' id='word_1_8' title='bbox 397 473 619 541; x_wconf 78' lang='grc' dir='ltr'>Κυρίου</span> <span class='ocrx_word' id='word_1_9' title='bbox 660 474 773 529; x_wconf 82' lang='grc' dir='ltr'>οὐκ</span> <span class='ocrx_word' id='word_1_10' title='bbox 812 471 1184 544; x_wconf 67' lang='grc' dir='ltr'>ἐμϐλέπουσι</span> <span class='ocrx_word' id='word_1_11' title='bbox 1205 511 1221 537; x_wconf 91' lang='grc'><strong>,</strong></span> <span class='ocrx_word' id='word_1_12' title='bbox 1254 472 1355 527; x_wconf 81' lang='grc' dir='ltr'><strong>καί</strong></span> <span class='ocrx_word' id='word_1_13' title='bbox 1396 471 1469 527; x_wconf 70' lang='grc' dir='ltr'>τὰ</span> <span class='ocrx_word' id='word_1_14' title='bbox 1514 471 1659 541; x_wconf 76' lang='grc' dir='ltr'>ἔργα</span> <span class='ocrx_word' id='word_1_15' title='bbox 1692 468 1812 523; x_wconf 77' lang='grc' dir='ltr'>τῶν</span> 
     </span>
    </p>
   </div>
   <div class='ocr_carea' id='block_1_4' title="bbox 1927 468 3518 544">
    <p class='ocr_par' dir='ltr' id='par_1_4' title="bbox 1927 471 3518 543">
     <span class='ocr_line' id='line_1_4' title="bbox 1927 471 3518 543; baseline 0.001 -19"><span class='ocrx_word' id='word_1_16' title='bbox 1927 485 2025 543; x_wconf 75' lang='lat' dir='ltr'><strong>quo</strong></span> <span class='ocrx_word' id='word_1_17' title='bbox 2042 471 2138 533; x_wconf 85' lang='lat' dir='ltr'><strong>ait.</strong></span> <span class='ocrx_word' id='word_1_18' title='bbox 2163 471 2336 541; x_wconf 70' lang='lat' dir='ltr'><strong>Opera</strong></span> <span class='ocrx_word' id='word_1_19' title='bbox 2359 483 2537 527; x_wconf 74' lang='lat' dir='ltr'><strong>autem</strong></span> <span class='ocrx_word' id='word_1_20' title='bbox 2556 471 2770 529; x_wconf 84' lang='lat' dir='ltr'><strong>Domini</strong></span> <span class='ocrx_word' id='word_1_21' title='bbox 2785 488 2890 528; x_wconf 74' lang='lat' dir='ltr'><strong>non</strong></span> <span class='ocrx_word' id='word_1_22' title='bbox 2905 472 3270 536; x_wconf 74' lang='lat' dir='ltr'><strong>intuebuntur,</strong></span> <span class='ocrx_word' id='word_1_23' title='bbox 3286 480 3339 527; x_wconf 74' lang='lat' dir='ltr'><strong>at</strong></span> <span class='ocrx_word' id='word_1_24' title='bbox 3355 489 3518 543; x_wconf 72' lang='lat' dir='ltr'><strong>opera</strong></span> 
     </span>
    </p>
   </div>
   <div class='ocr_carea' id='block_1_5' title="bbox 207 562 1811 638">
    <p class='ocr_par' dir='ltr' id='par_1_5' title="bbox 207 562 1811 638">
     <span class='ocr_line' id='line_1_5' title="bbox 207 562 1811 638; baseline -0.002 -17"><span class='ocrx_word' id='word_1_25' title='bbox 207 562 431 632; x_wconf 72' lang='grc' dir='ltr'>χειρῶν</span> <span class='ocrx_word' id='word_1_26' title='bbox 480 568 670 622; x_wconf 83' lang='grc' dir='ltr'>αὐτοῦ</span> <span class='ocrx_word' id='word_1_27' title='bbox 727 569 799 623; x_wconf 82' lang='grc' dir='ltr'>οὐ</span> <span class='ocrx_word' id='word_1_28' title='bbox 860 568 1288 623; x_wconf 78' lang='grc' dir='ltr'><strong>κατανοοῦσιν.</strong></span> <span class='ocrx_word' id='word_1_29' title='bbox 1341 568 1404 620; x_wconf 82' lang='grc' dir='ltr'>Εἰ</span> <span class='ocrx_word' id='word_1_30' title='bbox 1450 565 1559 638; x_wconf 83' lang='grc' dir='ltr'><strong>γάρ</strong></span> <span class='ocrx_word' id='word_1_31' title='bbox 1602 562 1811 628; x_wconf 78' lang='grc' dir='ltr'><strong>τούτοις</strong></span> 
     </span>
    </p>
   </div>
   <div class='ocr_carea' id='block_1_6' title="bbox 209 656 1810 732">
    <p class='ocr_par' dir='ltr' id='par_1_6' title="bbox 209 656 1810 732">
     <span class='ocr_line' id='line_1_6' title="bbox 209 656 1810 732; baseline -0.002 -22"><span class='ocrx_word' id='word_1_32' title='bbox 209 658 606 729; x_wconf 67' lang='grc' dir='ltr'>προσεσχήκει,</span> <span class='ocrx_word' id='word_1_33' title='bbox 641 658 783 728; x_wconf 71' lang='grc' dir='ltr'>εγνω</span> <span class='ocrx_word' id='word_1_34' title='bbox 809 660 897 725; x_wconf 79' lang='grc' dir='ltr'>ἂν,</span> <span class='ocrx_word' id='word_1_35' title='bbox 930 661 1011 715; x_wconf 84' lang='grc' dir='ltr'>ὃτι</span> <span class='ocrx_word' id='word_1_36' title='bbox 1045 660 1154 732; x_wconf 80' lang='grc' dir='ltr'>πρὸ</span> <span class='ocrx_word' id='word_1_37' title='bbox 1178 658 1407 731; x_wconf 78' lang='grc' dir='ltr'>οὐρανοῦ</span> <span class='ocrx_word' id='word_1_38' title='bbox 1442 658 1538 712; x_wconf 73' lang='grc' dir='ltr'>καὶ</span> <span class='ocrx_word' id='word_1_39' title='bbox 1568 656 1671 725; x_wconf 86' lang='grc' dir='ltr'><strong>γῆς</strong></span> <span class='ocrx_word' id='word_1_40' title='bbox 1713 656 1810 708; x_wconf 77' lang='grc' dir='ltr'>καὶ</span> 
     </span>
    </p>
   </div>
   <div class='ocr_carea' id='block_1_7' title="bbox 212 746 1809 825">
    <p class='ocr_par' dir='ltr' id='par_1_7' title="bbox 212 746 1809 825">
     <span class='ocr_line' id='line_1_7' title="bbox 212 746 1809 825; baseline -0.002 -23"><span class='ocrx_word' id='word_1_41' title='bbox 212 747 329 819; x_wconf 72' lang='grc' dir='ltr'><strong>πρὸ</strong></span> <span class='ocrx_word' id='word_1_42' title='bbox 363 748 458 803; x_wconf 78' lang='grc' dir='ltr'>τοῦ</span> <span class='ocrx_word' id='word_1_43' title='bbox 493 749 805 820; x_wconf 75' lang='grc' dir='ltr'><strong>σύμπαντος</strong></span> <span class='ocrx_word' id='word_1_44' title='bbox 832 752 1061 825; x_wconf 82' lang='grc' dir='ltr'><strong>κόσμου,</strong></span> <span class='ocrx_word' id='word_1_45' title='bbox 1094 754 1189 806; x_wconf 79' lang='grc' dir='ltr'>καὶ</span> <span class='ocrx_word' id='word_1_46' title='bbox 1224 754 1285 805; x_wconf 83' lang='grc' dir='ltr'>οὐ</span> <span class='ocrx_word' id='word_1_47' title='bbox 1316 752 1421 821; x_wconf 87' lang='grc' dir='ltr'>πρὸ</span> <span class='ocrx_word' id='word_1_48' title='bbox 1455 748 1565 803; x_wconf 89' lang='grc' dir='ltr'><strong>τῶν</strong></span> <span class='ocrx_word' id='word_1_49' title='bbox 1596 746 1809 820; x_wconf 81' lang='grc' dir='ltr'>ὁρατῶν</span> 
     </span>
    </p>
   </div>
   <div class='ocr_carea' id='block_1_8' title="bbox 215 838 1810 916">
    <p class='ocr_par' dir='ltr' id='par_1_8' title="bbox 215 838 1810 916">
     <span class='ocr_line' id='line_1_8' title="bbox 215 838 1810 916; baseline -0.001 -23"><span class='ocrx_word' id='word_1_50' title='bbox 215 838 382 911; x_wconf 82' lang='grc' dir='ltr'>μόνον</span> <span class='ocrx_word' id='word_1_51' title='bbox 423 841 560 895; x_wconf 86' lang='grc' dir='ltr'>ἀλλὰ</span> <span class='ocrx_word' id='word_1_52' title='bbox 606 843 702 896; x_wconf 78' lang='grc' dir='ltr'>καὶ</span> <span class='ocrx_word' id='word_1_53' title='bbox 749 843 884 915; x_wconf 85' lang='lat'><strong>(80),</strong></span> <span class='ocrx_word' id='word_1_54' title='bbox 932 844 1039 916; x_wconf 87' lang='lat' dir='ltr'><strong>«pb</strong></span> <span class='ocrx_word' id='word_1_55' title='bbox 1071 844 1180 898; x_wconf 89' lang='grc' dir='ltr'><strong>τῶν</strong></span> <span class='ocrx_word' id='word_1_56' title='bbox 1218 842 1425 913; x_wconf 79' lang='grc' dir='ltr'><strong>νοητῶν</strong></span> <span class='ocrx_word' id='word_1_57' title='bbox 1477 841 1656 913; x_wconf 74' lang='grc' dir='ltr'>ἔργων</span> <span class='ocrx_word' id='word_1_58' title='bbox 1715 838 1810 893; x_wconf 82' lang='grc' dir='ltr'>τοῦ</span> 
     </span>
    </p>
   </div>
   <div class='ocr_carea' id='block_1_9' title="bbox 212 931 1811 1006">
    <p class='ocr_par' dir='ltr' id='par_1_9' title="bbox 212 931 1811 1006">
     <span class='ocr_line' id='line_1_9' title="bbox 212 931 1811 1006; baseline -0.001 -21"><span class='ocrx_word' id='word_1_59' title='bbox 212 932 354 986; x_wconf 77' lang='grc' dir='ltr'>θεοῦ</span> <span class='ocrx_word' id='word_1_60' title='bbox 386 931 493 987; x_wconf 83' lang='grc' dir='ltr'><strong>τῶν</strong></span> <span class='ocrx_word' id='word_1_61' title='bbox 522 934 581 987; x_wconf 86' lang='grc' dir='ltr'>ὲν</span> <span class='ocrx_word' id='word_1_62' title='bbox 619 936 935 1006; x_wconf 77' lang='grc' dir='ltr'><strong>ἀσωμάτοις</strong></span> <span class='ocrx_word' id='word_1_63' title='bbox 966 937 1061 990; x_wconf 77' lang='grc' dir='ltr'>καὶ</span> <span class='ocrx_word' id='word_1_64' title='bbox 1091 934 1489 1006; x_wconf 83' lang='grc' dir='ltr'>ὑπερκοσμίοις</span> <span class='ocrx_word' id='word_1_65' title='bbox 1517 931 1811 1002; x_wconf 82' lang='grc' dir='ltr'>δυνάμεσιν</span> 
     </span>
    </p>
   </div>
   <div class='ocr_carea' id='block_1_10' title="bbox 216 1022 1809 1098">
    <p class='ocr_par' dir='ltr' id='par_1_10' title="bbox 216 1022 1809 1098">
     <span class='ocr_line' id='line_1_10' title="bbox 216 1022 1809 1098; baseline 0.001 -21"><span class='ocrx_word' id='word_1_66' title='bbox 216 1026 283 1078; x_wconf 71' lang='grc' dir='ltr'>ιν</span> <span class='ocrx_word' id='word_1_67' title='bbox 314 1024 608 1079; x_wconf 70' lang='grc' dir='ltr'><strong>ὑποστάσει</strong></span> <span class='ocrx_word' id='word_1_68' title='bbox 639 1028 807 1081; x_wconf 81' lang='grc' dir='ltr'>όντων</span> <span class='ocrx_word' id='word_1_69' title='bbox 828 1066 843 1090; x_wconf 94' lang='grc'><strong>,</strong></span> <span class='ocrx_word' id='word_1_70' title='bbox 882 1022 951 1098; x_wconf 82' lang='grc' dir='ltr'><strong>ῆν</strong></span> <span class='ocrx_word' id='word_1_71' title='bbox 986 1027 1081 1080; x_wconf 74' lang='grc' dir='ltr'>καὶ</span> <span class='ocrx_word' id='word_1_72' title='bbox 1119 1026 1297 1098; x_wconf 87' lang='grc' dir='ltr'>προῆν</span> <span class='ocrx_word' id='word_1_73' title='bbox 1327 1025 1372 1079; x_wconf 86' lang='lat'>6’</span> <span class='ocrx_word' id='word_1_74' title='bbox 1405 1024 1581 1079; x_wconf 77' lang='grc' dir='ltr'>ταῦτα</span> <span class='ocrx_word' id='word_1_75' title='bbox 1615 1022 1809 1092; x_wconf 78' lang='grc' dir='ltr'>λέγων.</span> 
     </span>
    </p>
   </div>
   <div class='ocr_carea' id='block_1_11' title="bbox 230 1115 1813 1189">
    <p class='ocr_par' dir='ltr' id='par_1_11' title="bbox 230 1115 1813 1189">
     <span class='ocr_line' id='line_1_11' title="bbox 230 1115 1813 1189; baseline -0.002 -18"><span class='ocrx_word' id='word_1_76' title='bbox 230 1116 294 1171; x_wconf 87' lang='grc'><strong>’0</strong></span> <span class='ocrx_word' id='word_1_77' title='bbox 316 1116 372 1171; x_wconf 74' lang='grc' dir='ltr'>δὲ</span> <span class='ocrx_word' id='word_1_78' title='bbox 410 1118 652 1189; x_wconf 68' lang='grc' dir='ltr'>μεταϐὰς</span> <span class='ocrx_word' id='word_1_79' title='bbox 680 1121 773 1173; x_wconf 66' lang='grc' dir='ltr'><strong>ἐπὶ</strong></span> <span class='ocrx_word' id='word_1_80' title='bbox 801 1120 883 1183; x_wconf 86' lang='grc' dir='ltr'>τὸ,</span> <span class='ocrx_word' id='word_1_81' title='bbox 918 1118 1039 1188; x_wconf 83' lang='grc' dir='ltr'><strong><em>Πρύ</em></strong></span> <span class='ocrx_word' id='word_1_82' title='bbox 1068 1118 1174 1173; x_wconf 82' lang='grc' dir='ltr'>τοῦ</span> <span class='ocrx_word' id='word_1_83' title='bbox 1202 1117 1420 1183; x_wconf 73' lang='grc' dir='ltr'>αἰῶνος</span> <span class='ocrx_word' id='word_1_84' title='bbox 1451 1115 1813 1185; x_wconf 74' lang='grc' dir='ltr'>ἐθεμελίωσέ</span> 
     </span>
    </p>
   </div>
   <div class='ocr_carea' id='block_1_12' title="bbox 210 1205 1808 1283">
    <p class='ocr_par' dir='ltr' id='par_1_12' title="bbox 210 1205 1808 1283">
     <span class='ocr_line' id='line_1_12' title="bbox 210 1205 1808 1283; baseline -0.003 -20"><span class='ocrx_word' id='word_1_85' title='bbox 210 1225 316 1277; x_wconf 77' lang='grc' dir='ltr'><strong>με,</strong></span> <span class='ocrx_word' id='word_1_86' title='bbox 346 1209 509 1263; x_wconf 86' lang='grc' dir='ltr'>πάλιν</span> <span class='ocrx_word' id='word_1_87' title='bbox 545 1209 644 1281; x_wconf 82' lang='grc' dir='ltr'>τὴν</span> <span class='ocrx_word' id='word_1_88' title='bbox 685 1212 864 1283; x_wconf 80' lang='grc' dir='ltr'><strong>σάρκα</strong></span> <span class='ocrx_word' id='word_1_89' title='bbox 904 1213 984 1274; x_wconf 80' lang='grc' dir='ltr'><strong>εἰς</strong></span> <span class='ocrx_word' id='word_1_90' title='bbox 1031 1210 1194 1281; x_wconf 73' lang='grc' dir='ltr'>μέσον</span> <span class='ocrx_word' id='word_1_91' title='bbox 1230 1210 1354 1277; x_wconf 76' lang='grc' dir='ltr'>ἄγει</span> <span class='ocrx_word' id='word_1_92' title='bbox 1389 1207 1563 1276; x_wconf 82' lang='grc' dir='ltr'>λέγων</span> <span class='ocrx_word' id='word_1_93' title='bbox 1599 1205 1771 1270; x_wconf 73' lang='grc' dir='ltr'>οὕτως</span> <span class='ocrx_word' id='word_1_94' title='bbox 1795 1222 1808 1235; x_wconf 90' lang='grc'>·</span> 
     </span>
    </p>
   </div>
   <div class='ocr_carea' id='block_1_13' title="bbox 223 1299 1809 1375">
    <p class='ocr_par' dir='ltr' id='par_1_13' title="bbox 223 1299 1809 1375">
     <span class='ocr_line' id='line_1_13' title="bbox 223 1299 1809 1375; baseline -0.003 -22"><span class='ocrx_word' id='word_1_95' title='bbox 223 1318 245 1353; x_wconf 76' lang='grc' dir='ltr'><strong>ι</strong></span> <span class='ocrx_word' id='word_1_96' title='bbox 291 1302 573 1372; x_wconf 73' lang='grc' dir='ltr'>Θεμέλιον</span> <span class='ocrx_word' id='word_1_97' title='bbox 593 1302 781 1357; x_wconf 79' lang='grc' dir='ltr'>τοῦτον</span> <span class='ocrx_word' id='word_1_98' title='bbox 810 1302 1112 1375; x_wconf 75' lang='grc' dir='ltr'><strong>ὀνομάζων,</strong></span> <span class='ocrx_word' id='word_1_99' title='bbox 1141 1302 1241 1374; x_wconf 79' lang='grc' dir='ltr'>τὴν</span> <span class='ocrx_word' id='word_1_100' title='bbox 1269 1300 1411 1356; x_wconf 84' lang='grc' dir='ltr'>κατὰ</span> <span class='ocrx_word' id='word_1_101' title='bbox 1440 1301 1617 1371; x_wconf 76' lang='grc' dir='ltr'>σάρκα</span> <span class='ocrx_word' id='word_1_102' title='bbox 1646 1299 1809 1353; x_wconf 73' lang='grc' dir='ltr'>αὐτου</span> 
     </span>
    </p>
   </div>
   <div class='ocr_carea' id='block_1_14' title="bbox 224 1388 1815 1465">
    <p class='ocr_par' dir='ltr' id='par_1_14' title="bbox 224 1388 1815 1465">
     <span class='ocr_line' id='line_1_14' title="bbox 224 1388 1815 1465; baseline -0.002 -22"><span class='ocrx_word' id='word_1_103' title='bbox 224 1412 244 1443; x_wconf 76' lang='grc' dir='ltr'><strong>ι</strong></span> <span class='ocrx_word' id='word_1_104' title='bbox 288 1393 704 1464; x_wconf 84' lang='grc' dir='ltr'>προορισθεῖσαν</span> <span class='ocrx_word' id='word_1_105' title='bbox 727 1395 1057 1465; x_wconf 87' lang='grc' dir='ltr'>οἰκονομίαν.</span> <span class='ocrx_word' id='word_1_106' title='bbox 1093 1395 1179 1457; x_wconf 81' lang='grc' dir='ltr'>Ὠς</span> <span class='ocrx_word' id='word_1_107' title='bbox 1202 1393 1296 1446; x_wconf 70' lang='lat' dir='ltr'><strong>uati.</strong></span> <span class='ocrx_word' id='word_1_108' title='bbox 1319 1394 1347 1446; x_wconf 88' lang='lat'><strong>6</strong></span> <span class='ocrx_word' id='word_1_109' title='bbox 1380 1390 1701 1453; x_wconf 81' lang='grc' dir='ltr'>Ἀπόστολος</span> <span class='ocrx_word' id='word_1_110' title='bbox 1726 1388 1815 1441; x_wconf 80' lang='grc' dir='ltr'><strong>λέ-</strong></span> 
     </span>
    </p>
   </div>
   <div class='ocr_carea' id='block_1_15' title="bbox 225 1480 1811 1557">
    <p class='ocr_par' dir='ltr' id='par_1_15' title="bbox 225 1480 1811 1557">
     <span class='ocr_line' id='line_1_15' title="bbox 225 1480 1811 1557; baseline -0.003 -22"><span class='ocrx_word' id='word_1_111' title='bbox 225 1502 247 1535; x_wconf 81' lang='lat' dir='ltr'><strong>s</strong></span> <span class='ocrx_word' id='word_1_112' title='bbox 289 1501 372 1553; x_wconf 87' lang='grc' dir='ltr'><strong>γει</strong></span> <span class='ocrx_word' id='word_1_113' title='bbox 394 1503 407 1514; x_wconf 93' lang='grc'><strong>·</strong></span> <span class='ocrx_word' id='word_1_114' title='bbox 437 1485 724 1554; x_wconf 75' lang='grc' dir='ltr'>Θεμέλιον</span> <span class='ocrx_word' id='word_1_115' title='bbox 745 1485 855 1557; x_wconf 83' lang='grc' dir='ltr'><strong>γάρ</strong></span> <span class='ocrx_word' id='word_1_116' title='bbox 875 1486 1070 1540; x_wconf 64' lang='grc' dir='ltr'><em>ἄλλον</em></span> <span class='ocrx_word' id='word_1_117' title='bbox 1096 1483 1296 1550; x_wconf 73' lang='grc' dir='ltr'>οὐδεὶς</span> <span class='ocrx_word' id='word_1_118' title='bbox 1316 1483 1565 1537; x_wconf 81' lang='grc' dir='ltr'>δύναται</span> <span class='ocrx_word' id='word_1_119' title='bbox 1603 1480 1811 1544; x_wconf 79' lang='grc' dir='ltr'>θεῖναι,</span> 
     </span>
    </p>
   </div>
   <div class='ocr_carea' id='block_1_16' title="bbox 223 1574 1865 1647">
    <p class='ocr_par' dir='ltr' id='par_1_16' title="bbox 223 1574 1865 1647">
     <span class='ocr_line' id='line_1_16' title="bbox 223 1574 1865 1647; baseline 0 -22"><span class='ocrx_word' id='word_1_120' title='bbox 223 1604 244 1625; x_wconf 68' lang='grc' dir='ltr'><strong>ς</strong></span> <span class='ocrx_word' id='word_1_121' title='bbox 293 1575 450 1646; x_wconf 78' lang='grc' dir='ltr'>παρὰ</span> <span class='ocrx_word' id='word_1_122' title='bbox 476 1577 585 1631; x_wconf 79' lang='grc' dir='ltr'><strong>τὸν</strong></span> <span class='ocrx_word' id='word_1_123' title='bbox 616 1579 919 1647; x_wconf 78' lang='grc' dir='ltr'>κείμενον,</span> <span class='ocrx_word' id='word_1_124' title='bbox 948 1576 1017 1641; x_wconf 85' lang='grc' dir='ltr'>ὅς</span> <span class='ocrx_word' id='word_1_125' title='bbox 1031 1575 1202 1631; x_wconf 79' lang='grc' dir='ltr'>ἐστιν</span> <span class='ocrx_word' id='word_1_126' title='bbox 1218 1576 1459 1643; x_wconf 81' lang='grc' dir='ltr'>Ἰησοῦς</span> <span class='ocrx_word' id='word_1_127' title='bbox 1483 1574 1758 1642; x_wconf 83' lang='grc' dir='ltr'>Χριστός.</span> <span class='ocrx_word' id='word_1_128' title='bbox 1788 1592 1806 1625; x_wconf 84' lang='lat' dir='ltr'><strong>s</strong></span> <span class='ocrx_word' id='word_1_129' title='bbox 1864 1644 1865 1647; x_wconf 14' lang='grc' dir='ltr'><strong>η</strong></span> 
     </span>
    </p>
   </div>
   <div class='ocr_carea' id='block_1_17' title="bbox 219 1662 1810 1737">
    <p class='ocr_par' dir='ltr' id='par_1_17' title="bbox 219 1662 1810 1737">
     <span class='ocr_line' id='line_1_17' title="bbox 219 1662 1810 1737; baseline -0.002 -17"><span class='ocrx_word' id='word_1_130' title='bbox 219 1667 335 1720; x_wconf 77' lang='grc' dir='ltr'><strong>Καὶ</strong></span> <span class='ocrx_word' id='word_1_131' title='bbox 373 1668 649 1736; x_wconf 75' lang='grc' dir='ltr'>ἐπιλέγει·</span> <span class='ocrx_word' id='word_1_132' title='bbox 685 1687 703 1719; x_wconf 81' lang='grc' dir='ltr'><strong>ι</strong></span> <span class='ocrx_word' id='word_1_133' title='bbox 728 1668 876 1731; x_wconf 83' lang='grc' dir='ltr'>Ἐνὸς</span> <span class='ocrx_word' id='word_1_134' title='bbox 923 1667 979 1721; x_wconf 81' lang='grc' dir='ltr'>δὲ</span> <span class='ocrx_word' id='word_1_135' title='bbox 1012 1668 1206 1732; x_wconf 90' lang='grc' dir='ltr'>αἰῶνος</span> <span class='ocrx_word' id='word_1_136' title='bbox 1233 1662 1469 1721; x_wconf 76' lang='grc' dir='ltr'>ἐνταῦθα</span> <span class='ocrx_word' id='word_1_137' title='bbox 1519 1669 1810 1737; x_wconf 81' lang='grc' dir='ltr'>μέμνηται,</span> 
     </span>
    </p>
   </div>
   <div class='ocr_carea' id='block_1_18' title="bbox 226 1754 1808 1830">
    <p class='ocr_par' dir='ltr' id='par_1_18' title="bbox 226 1754 1808 1830">
     <span class='ocr_line' id='line_1_18' title="bbox 226 1754 1808 1830; baseline -0.001 -21"><span class='ocrx_word' id='word_1_138' title='bbox 226 1777 247 1809; x_wconf 74' lang='grc' dir='ltr'><strong>ι</strong></span> <span class='ocrx_word' id='word_1_139' title='bbox 294 1761 385 1827; x_wconf 81' lang='grc' dir='ltr'>ἀφ’</span> <span class='ocrx_word' id='word_1_140' title='bbox 418 1754 478 1813; x_wconf 74' lang='grc' dir='ltr'><strong>οὗ</strong></span> <span class='ocrx_word' id='word_1_141' title='bbox 523 1759 591 1812; x_wconf 83' lang='grc' dir='ltr'><strong>τά</strong></span> <span class='ocrx_word' id='word_1_142' title='bbox 621 1758 765 1812; x_wconf 89' lang='grc' dir='ltr'><strong>κατά</strong></span> <span class='ocrx_word' id='word_1_143' title='bbox 809 1759 900 1813; x_wconf 83' lang='grc' dir='ltr'>τὸν</span> <span class='ocrx_word' id='word_1_144' title='bbox 946 1758 1181 1830; x_wconf 80' lang='grc' dir='ltr'>Χριστὸν</span> <span class='ocrx_word' id='word_1_145' title='bbox 1208 1756 1639 1829; x_wconf 86' lang='grc' dir='ltr'>τεθεμελιῶσθαι</span> <span class='ocrx_word' id='word_1_146' title='bbox 1682 1755 1808 1825; x_wconf 75' lang='grc' dir='ltr'>ἔφη,</span> 
     </span>
    </p>
   </div>
   <div class='ocr_carea' id='block_1_19' title="bbox 1926 561 3536 634">
    <p class='ocr_par' dir='ltr' id='par_1_19' title="bbox 1926 561 3536 634">
     <span class='ocr_line' id='line_1_19' title="bbox 1926 561 3536 634; baseline 0.002 -19"><span class='ocrx_word' id='word_1_147' title='bbox 1926 578 2180 617; x_wconf 84' lang='lat' dir='ltr'><strong>manuum</strong></span> <span class='ocrx_word' id='word_1_148' title='bbox 2226 564 2393 632; x_wconf 79' lang='lat' dir='ltr'><strong>ipsius</strong></span> <span class='ocrx_word' id='word_1_149' title='bbox 2445 579 2548 619; x_wconf 86' lang='lat' dir='ltr'><strong>non</strong></span> <span class='ocrx_word' id='word_1_150' title='bbox 2584 563 2969 634; x_wconf 77' lang='lat' dir='ltr'><strong>intelligent&quot;.</strong></span> <span class='ocrx_word' id='word_1_151' title='bbox 3022 561 3157 617; x_wconf 75' lang='lat' dir='ltr'><strong>Nam</strong></span> <span class='ocrx_word' id='word_1_152' title='bbox 3216 563 3264 619; x_wconf 87' lang='lat' dir='ltr'><strong>si</strong></span> <span class='ocrx_word' id='word_1_153' title='bbox 3306 564 3375 619; x_wconf 82' lang='lat' dir='ltr'><strong>ad</strong></span> <span class='ocrx_word' id='word_1_154' title='bbox 3415 561 3536 619; x_wconf 25' lang='lat' dir='ltr'><strong>ista.</strong></span> 
     </span>
    </p>
   </div>
   <div class='ocr_carea' id='block_1_20' title="bbox 1919 654 3517 726">
    <p class='ocr_par' dir='ltr' id='par_1_20' title="bbox 1919 654 3517 726">
     <span class='ocr_line' id='line_1_20' title="bbox 1919 654 3517 726; baseline 0.003 -19"><span class='ocrx_word' id='word_1_155' title='bbox 1919 654 2245 710; x_wconf 86' lang='lat' dir='ltr'><strong>attendisset</strong></span> <span class='ocrx_word' id='word_1_156' title='bbox 2284 656 2552 720; x_wconf 87' lang='lat' dir='ltr'><strong>animum,</strong></span> <span class='ocrx_word' id='word_1_157' title='bbox 2610 654 2743 709; x_wconf 87' lang='lat' dir='ltr'><strong>illud</strong></span> <span class='ocrx_word' id='word_1_158' title='bbox 2792 656 2985 724; x_wconf 84' lang='lat' dir='ltr'><strong>utique</strong></span> <span class='ocrx_word' id='word_1_159' title='bbox 3040 668 3373 726; x_wconf 84' lang='lat' dir='ltr'><strong>cognoscere</strong></span> <span class='ocrx_word' id='word_1_160' title='bbox 3420 670 3517 726; x_wconf 87' lang='lat' dir='ltr'><strong>po-</strong></span> 
     </span>
    </p>
   </div>
   <div class='ocr_carea' id='block_1_21' title="bbox 1923 746 3519 815">
    <p class='ocr_par' dir='ltr' id='par_1_21' title="bbox 1923 746 3519 815">
     <span class='ocr_line' id='line_1_21' title="bbox 1923 746 3519 815; baseline 0.003 -18"><span class='ocrx_word' id='word_1_161' title='bbox 1923 746 2116 800; x_wconf 86' lang='lat' dir='ltr'><strong>tuisset</strong></span> <span class='ocrx_word' id='word_1_162' title='bbox 2136 788 2149 805; x_wconf 94' lang='lat'><strong>.</strong></span> <span class='ocrx_word' id='word_1_163' title='bbox 2179 749 2325 815; x_wconf 91' lang='lat' dir='ltr'><strong>quod</strong></span> <span class='ocrx_word' id='word_1_164' title='bbox 2352 757 2483 802; x_wconf 90' lang='lat' dir='ltr'><strong>ante</strong></span> <span class='ocrx_word' id='word_1_165' title='bbox 2512 746 2711 800; x_wconf 66' lang='lat' dir='ltr'><strong>celum</strong></span> <span class='ocrx_word' id='word_1_166' title='bbox 2744 754 2801 803; x_wconf 89' lang='lat' dir='ltr'><strong>et</strong></span> <span class='ocrx_word' id='word_1_167' title='bbox 2828 755 3068 812; x_wconf 88' lang='lat' dir='ltr'><strong>terram,</strong></span> <span class='ocrx_word' id='word_1_168' title='bbox 3091 756 3219 801; x_wconf 83' lang='lat' dir='ltr'><strong>ante</strong></span> <span class='ocrx_word' id='word_1_169' title='bbox 3253 748 3519 802; x_wconf 87' lang='lat' dir='ltr'><strong>mundum</strong></span> 
     </span>
    </p>
   </div>
   <div class='ocr_carea' id='block_1_22' title="bbox 1923 840 3520 904">
    <p class='ocr_par' dir='ltr' id='par_1_22' title="bbox 1923 840 3520 904">
     <span class='ocr_line' id='line_1_22' title="bbox 1923 840 3520 904; baseline 0.003 -12"><span class='ocrx_word' id='word_1_170' title='bbox 1923 841 2259 903; x_wconf 89' lang='lat' dir='ltr'><strong>universum,</strong></span> <span class='ocrx_word' id='word_1_171' title='bbox 2322 854 2427 894; x_wconf 85' lang='lat' dir='ltr'><strong>nec</strong></span> <span class='ocrx_word' id='word_1_172' title='bbox 2461 849 2588 894; x_wconf 91' lang='lat' dir='ltr'><strong>ante</strong></span> <span class='ocrx_word' id='word_1_173' title='bbox 2619 840 2733 894; x_wconf 88' lang='lat' dir='ltr'><strong>sola</strong></span> <span class='ocrx_word' id='word_1_174' title='bbox 2768 840 3000 894; x_wconf 88' lang='lat' dir='ltr'><strong>visibilia</strong></span> <span class='ocrx_word' id='word_1_175' title='bbox 3024 878 3042 904; x_wconf 91' lang='lat'><strong>,</strong></span> <span class='ocrx_word' id='word_1_176' title='bbox 3097 840 3193 894; x_wconf 86' lang='lat' dir='ltr'><strong>sed</strong></span> <span class='ocrx_word' id='word_1_177' title='bbox 3232 849 3287 893; x_wconf 92' lang='lat' dir='ltr'><strong>et</strong></span> <span class='ocrx_word' id='word_1_178' title='bbox 3326 840 3520 896; x_wconf 79' lang='lat' dir='ltr'><strong>iurisl-</strong></span> 
     </span>
    </p>
   </div>
   <div class='ocr_carea' id='block_1_23' title="bbox 1922 929 3517 1002">
    <p class='ocr_par' dir='ltr' id='par_1_23' title="bbox 1922 929 3517 1002">
     <span class='ocr_line' id='line_1_23' title="bbox 1922 929 3517 1002; baseline 0.001 -17"><span class='ocrx_word' id='word_1_179' title='bbox 1922 929 2071 991; x_wconf 83' lang='lat' dir='ltr'><strong>bilia,</strong></span> <span class='ocrx_word' id='word_1_180' title='bbox 2107 938 2160 984; x_wconf 89' lang='lat' dir='ltr'><strong>et</strong></span> <span class='ocrx_word' id='word_1_181' title='bbox 2188 940 2316 984; x_wconf 83' lang='lat' dir='ltr'><strong>ante</strong></span> <span class='ocrx_word' id='word_1_182' title='bbox 2348 946 2511 1000; x_wconf 84' lang='lat' dir='ltr'><strong>opera</strong></span> <span class='ocrx_word' id='word_1_183' title='bbox 2542 931 2635 985; x_wconf 67' lang='lat' dir='ltr'><strong>Dei</strong></span> <span class='ocrx_word' id='word_1_184' title='bbox 2679 929 3090 994; x_wconf 82' lang='lat' dir='ltr'><strong>intellectualia,</strong></span> <span class='ocrx_word' id='word_1_185' title='bbox 3140 946 3261 1001; x_wconf 70' lang='lat' dir='ltr'><strong>quae</strong></span> <span class='ocrx_word' id='word_1_186' title='bbox 3306 932 3360 987; x_wconf 90' lang='lat' dir='ltr'><strong>in</strong></span> <span class='ocrx_word' id='word_1_187' title='bbox 3413 947 3517 1002; x_wconf 79' lang='lat' dir='ltr'><strong>po-</strong></span> 
     </span>
    </p>
   </div>
   <div class='ocr_carea' id='block_1_24' title="bbox 1925 1021 3515 1091">
    <p class='ocr_par' dir='ltr' id='par_1_24' title="bbox 1925 1021 3515 1091">
     <span class='ocr_line' id='line_1_24' title="bbox 1925 1021 3515 1091; baseline 0.002 -16"><span class='ocrx_word' id='word_1_188' title='bbox 1925 1022 2111 1076; x_wconf 87' lang='lat' dir='ltr'><strong>tentiis</strong></span> <span class='ocrx_word' id='word_1_189' title='bbox 2131 1021 2374 1076; x_wconf 73' lang='lat' dir='ltr'><strong>relucent</strong></span> <span class='ocrx_word' id='word_1_190' title='bbox 2403 1022 2768 1091; x_wconf 87' lang='lat' dir='ltr'><strong>iucorporeis,</strong></span> <span class='ocrx_word' id='word_1_191' title='bbox 2798 1032 2851 1077; x_wconf 86' lang='lat' dir='ltr'><strong>et</strong></span> <span class='ocrx_word' id='word_1_192' title='bbox 2876 1024 3353 1088; x_wconf 85' lang='lat' dir='ltr'><strong>extramundanis,</strong></span> <span class='ocrx_word' id='word_1_193' title='bbox 3377 1034 3515 1091; x_wconf 83' lang='lat' dir='ltr'><strong>erat,</strong></span> 
     </span>
    </p>
   </div>
   <div class='ocr_carea' id='block_1_25' title="bbox 1920 1113 3516 1184">
    <p class='ocr_par' dir='ltr' id='par_1_25' title="bbox 1920 1113 3516 1184">
     <span class='ocr_line' id='line_1_25' title="bbox 1920 1113 3516 1184; baseline 0.003 -17"><span class='ocrx_word' id='word_1_194' title='bbox 1920 1128 1977 1168; x_wconf 90' lang='lat' dir='ltr'><strong>et</strong></span> <span class='ocrx_word' id='word_1_195' title='bbox 2018 1123 2250 1184; x_wconf 67' lang='lat' dir='ltr'><strong>praeerat</strong></span> <span class='ocrx_word' id='word_1_196' title='bbox 2274 1114 2340 1180; x_wconf 90' lang='lat' dir='ltr'><strong>is,</strong></span> <span class='ocrx_word' id='word_1_197' title='bbox 2378 1115 2470 1183; x_wconf 92' lang='lat' dir='ltr'><strong>qui</strong></span> <span class='ocrx_word' id='word_1_198' title='bbox 2499 1113 2603 1167; x_wconf 88' lang='lat' dir='ltr'><strong>ista</strong></span> <span class='ocrx_word' id='word_1_199' title='bbox 2635 1113 2893 1183; x_wconf 92' lang='lat' dir='ltr'><strong>loquitur.</strong></span> <span class='ocrx_word' id='word_1_200' title='bbox 2940 1113 3033 1169; x_wconf 92' lang='lat' dir='ltr'><strong>Ille</strong></span> <span class='ocrx_word' id='word_1_201' title='bbox 3074 1126 3279 1181; x_wconf 79' lang='lat' dir='ltr'><strong>autem,</strong></span> <span class='ocrx_word' id='word_1_202' title='bbox 3314 1118 3516 1172; x_wconf 88' lang='lat' dir='ltr'><strong>transi-</strong></span> 
     </span>
    </p>
   </div>
   <div class='ocr_carea' id='block_1_26' title="bbox 1924 1201 3517 1274">
    <p class='ocr_par' dir='ltr' id='par_1_26' title="bbox 1924 1201 3517 1274">
     <span class='ocr_line' id='line_1_26' title="bbox 1924 1201 3517 1274; baseline 0.004 -18"><span class='ocrx_word' id='word_1_203' title='bbox 1924 1202 2075 1256; x_wconf 90' lang='lat' dir='ltr'><strong>tione</strong></span> <span class='ocrx_word' id='word_1_204' title='bbox 2126 1201 2269 1255; x_wconf 78' lang='lat' dir='ltr'><strong>facta</strong></span> <span class='ocrx_word' id='word_1_205' title='bbox 2314 1204 2379 1256; x_wconf 88' lang='lat' dir='ltr'><strong>ad</strong></span> <span class='ocrx_word' id='word_1_206' title='bbox 2413 1202 2564 1270; x_wconf 89' lang='lat' dir='ltr'><strong>illud,</strong></span> <span class='ocrx_word' id='word_1_207' title='bbox 2613 1202 2749 1256; x_wconf 82' lang='lat' dir='ltr'><strong>Ante</strong></span> <span class='ocrx_word' id='word_1_208' title='bbox 2796 1203 2992 1258; x_wconf 71' lang='lat' dir='ltr'><strong>sacula</strong></span> <span class='ocrx_word' id='word_1_209' title='bbox 3032 1204 3279 1274; x_wconf 79' lang='lat' dir='ltr'><strong>[undavit</strong></span> <span class='ocrx_word' id='word_1_210' title='bbox 3328 1222 3432 1269; x_wconf 82' lang='lat' dir='ltr'><strong>me,</strong></span> <span class='ocrx_word' id='word_1_211' title='bbox 3461 1209 3517 1263; x_wconf 90' lang='lat' dir='ltr'><strong>in</strong></span> 
     </span>
    </p>
   </div>
   <div class='ocr_carea' id='block_1_27' title="bbox 1925 1294 3514 1372">
    <p class='ocr_par' dir='ltr' id='par_1_27' title="bbox 1925 1294 3514 1372">
     <span class='ocr_line' id='line_1_27' title="bbox 1925 1294 3514 1372; baseline 0.006 -27"><span class='ocrx_word' id='word_1_212' title='bbox 1925 1294 2159 1348; x_wconf 87' lang='lat' dir='ltr'><strong>medium</strong></span> <span class='ocrx_word' id='word_1_213' title='bbox 2193 1295 2371 1348; x_wconf 89' lang='lat' dir='ltr'><strong>denuo</strong></span> <span class='ocrx_word' id='word_1_214' title='bbox 2404 1294 2625 1349; x_wconf 83' lang='lat' dir='ltr'><strong>adducit</strong></span> <span class='ocrx_word' id='word_1_215' title='bbox 2650 1310 2894 1363; x_wconf 86' lang='lat' dir='ltr'><strong>carnem,</strong></span> <span class='ocrx_word' id='word_1_216' title='bbox 2923 1297 3176 1366; x_wconf 78' lang='lat' dir='ltr'><strong>inquiens</strong></span> <span class='ocrx_word' id='word_1_217' title='bbox 3204 1295 3297 1369; x_wconf 77' lang='grc'>[11.</span> <span class='ocrx_word' id='word_1_218' title='bbox 3325 1297 3466 1372; x_wconf 74' lang='lat' dir='ltr'><strong>XIV]</strong></span> <span class='ocrx_word' id='word_1_219' title='bbox 3497 1316 3514 1355; x_wconf 83' lang='lat'><strong>:</strong></span> 
     </span>
    </p>
   </div>
   <div class='ocr_carea' id='block_1_28' title="bbox 1927 1388 3518 1459">
    <p class='ocr_par' dir='ltr' id='par_1_28' title="bbox 1927 1388 3518 1459">
     <span class='ocr_line' id='line_1_28' title="bbox 1927 1388 3518 1459; baseline 0.005 -19"><span class='ocrx_word' id='word_1_220' title='bbox 1927 1406 1947 1439; x_wconf 79' lang='grc' dir='ltr'><strong>ι</strong></span> <span class='ocrx_word' id='word_1_221' title='bbox 1984 1388 2057 1441; x_wconf 89' lang='lat' dir='ltr'><strong>Ita</strong></span> <span class='ocrx_word' id='word_1_222' title='bbox 2086 1388 2138 1441; x_wconf 92' lang='lat' dir='ltr'><strong>in</strong></span> <span class='ocrx_word' id='word_1_223' title='bbox 2170 1403 2335 1442; x_wconf 88' lang='lat' dir='ltr'><strong>carne</strong></span> <span class='ocrx_word' id='word_1_224' title='bbox 2369 1389 2485 1458; x_wconf 89' lang='lat' dir='ltr'><strong>ejus</strong></span> <span class='ocrx_word' id='word_1_225' title='bbox 2529 1389 2954 1459; x_wconf 70' lang='lat' dir='ltr'><strong>praeordinatam</strong></span> <span class='ocrx_word' id='word_1_226' title='bbox 2988 1392 3351 1446; x_wconf 70' lang='lat' dir='ltr'><strong>meonmniam</strong></span> <span class='ocrx_word' id='word_1_227' title='bbox 3373 1432 3390 1459; x_wconf 93' lang='lat'><strong>,</strong></span> <span class='ocrx_word' id='word_1_228' title='bbox 3424 1407 3518 1449; x_wconf 88' lang='lat' dir='ltr'><strong>vo-</strong></span> 
     </span>
    </p>
   </div>
   <div class='ocr_carea' id='block_1_29' title="bbox 1927 1479 3518 1553">
    <p class='ocr_par' dir='ltr' id='par_1_29' title="bbox 1927 1479 3518 1553">
     <span class='ocr_line' id='line_1_29' title="bbox 1927 1479 3518 1553; baseline 0.006 -22"><span class='ocrx_word' id='word_1_229' title='bbox 1927 1498 1945 1531; x_wconf 82' lang='grc' dir='ltr'><strong>ι</strong></span> <span class='ocrx_word' id='word_1_230' title='bbox 1979 1489 2067 1533; x_wconf 89' lang='lat' dir='ltr'><strong>cat</strong></span> <span class='ocrx_word' id='word_1_231' title='bbox 2100 1479 2504 1547; x_wconf 77' lang='lat' dir='ltr'><strong>fundamentum</strong></span> <span class='ocrx_word' id='word_1_232' title='bbox 2553 1496 2570 1534; x_wconf 84' lang='lat'><strong>:</strong></span> <span class='ocrx_word' id='word_1_233' title='bbox 2624 1482 3084 1550; x_wconf 78' lang='lat' dir='ltr'><strong>quemadmodum</strong></span> <span class='ocrx_word' id='word_1_234' title='bbox 3125 1494 3180 1539; x_wconf 89' lang='lat' dir='ltr'><strong>et</strong></span> <span class='ocrx_word' id='word_1_235' title='bbox 3223 1484 3518 1553; x_wconf 80' lang='lat' dir='ltr'><strong>Apostolus</strong></span> 
     </span>
    </p>
   </div>
   <div class='ocr_carea' id='block_1_30' title="bbox 1927 1568 3517 1644">
    <p class='ocr_par' dir='ltr' id='par_1_30' title="bbox 1927 1568 3517 1644">
     <span class='ocr_line' id='line_1_30' title="bbox 1927 1568 3517 1644; baseline 0.005 -22"><span class='ocrx_word' id='word_1_236' title='bbox 1927 1572 1949 1622; x_wconf 75' lang='grc' dir='ltr'><strong><em>ἱ</em></strong></span> <span class='ocrx_word' id='word_1_237' title='bbox 1978 1570 2235 1640; x_wconf 86' lang='lat' dir='ltr'><strong>loquitur,</strong></span> <span class='ocrx_word' id='word_1_238' title='bbox 2271 1568 2709 1626; x_wconf 83' lang='lat' dir='ltr'><strong>Fundamentum</strong></span> <span class='ocrx_word' id='word_1_239' title='bbox 2736 1589 2886 1628; x_wconf 77' lang='lat' dir='ltr'><strong>nemo</strong></span> <span class='ocrx_word' id='word_1_240' title='bbox 2916 1574 3065 1627; x_wconf 84' lang='lat' dir='ltr'><strong>aliud</strong></span> <span class='ocrx_word' id='word_1_241' title='bbox 3086 1583 3261 1644; x_wconf 84' lang='lat' dir='ltr'><strong>potest</strong></span> <span class='ocrx_word' id='word_1_242' title='bbox 3306 1593 3517 1643; x_wconf 83' lang='lat' dir='ltr'><strong>ponere,</strong></span> 
     </span>
    </p>
   </div>
   <div class='ocr_carea' id='block_1_31' title="bbox 1927 1662 3522 1733">
    <p class='ocr_par' dir='ltr' id='par_1_31' title="bbox 1927 1662 3522 1733">
     <span class='ocr_line' id='line_1_31' title="bbox 1927 1662 3522 1733; baseline 0.006 -19"><span class='ocrx_word' id='word_1_243' title='bbox 1927 1680 1945 1713; x_wconf 78' lang='grc' dir='ltr'><strong>ι</strong></span> <span class='ocrx_word' id='word_1_244' title='bbox 1976 1674 2167 1730; x_wconf 75' lang='grc' dir='ltr'>ρηειειο</span> <span class='ocrx_word' id='word_1_245' title='bbox 2193 1662 2329 1716; x_wconf 88' lang='lat' dir='ltr'><strong>illud</strong></span> <span class='ocrx_word' id='word_1_246' title='bbox 2356 1666 2498 1733; x_wconf 82' lang='lat' dir='ltr'><strong>quod</strong></span> <span class='ocrx_word' id='word_1_247' title='bbox 2535 1665 2767 1733; x_wconf 85' lang='lat' dir='ltr'><strong>positum</strong></span> <span class='ocrx_word' id='word_1_248' title='bbox 2796 1675 2903 1733; x_wconf 80' lang='lat' dir='ltr'><strong>est,</strong></span> <span class='ocrx_word' id='word_1_249' title='bbox 2931 1668 3022 1733; x_wconf 85' lang='lat' dir='ltr'><strong>qui</strong></span> <span class='ocrx_word' id='word_1_250' title='bbox 3052 1678 3127 1721; x_wconf 83' lang='lat' dir='ltr'><strong>est</strong></span> <span class='ocrx_word' id='word_1_251' title='bbox 3170 1666 3329 1721; x_wconf 75' lang='lat' dir='ltr'><strong>Iesus</strong></span> <span class='ocrx_word' id='word_1_252' title='bbox 3366 1667 3522 1723; x_wconf 79' lang='lat' dir='ltr'><strong>Chri-</strong></span> 
     </span>
    </p>
   </div>
   <div class='ocr_carea' id='block_1_32' title="bbox 1929 1755 3520 1815">
    <p class='ocr_par' dir='ltr' id='par_1_32' title="bbox 1929 1755 3520 1815">
     <span class='ocr_line' id='line_1_32' title="bbox 1929 1755 3520 1815; baseline 0.006 -10"><span class='ocrx_word' id='word_1_253' title='bbox 1929 1772 1948 1805; x_wconf 82' lang='grc' dir='ltr'><strong>ι</strong></span> <span class='ocrx_word' id='word_1_254' title='bbox 1982 1765 2093 1809; x_wconf 86' lang='lat' dir='ltr'><strong>stus</strong></span> <span class='ocrx_word' id='word_1_255' title='bbox 2117 1755 2183 1807; x_wconf 78' lang='lat'><strong>&quot;.</strong></span> <span class='ocrx_word' id='word_1_256' title='bbox 2226 1774 2246 1808; x_wconf 70' lang='grc' dir='ltr'><strong>ι</strong></span> <span class='ocrx_word' id='word_1_257' title='bbox 2265 1756 2462 1809; x_wconf 85' lang='lat' dir='ltr'><strong>Addit:</strong></span> <span class='ocrx_word' id='word_1_258' title='bbox 2489 1773 2507 1806; x_wconf 81' lang='grc' dir='ltr'><strong>ι</strong></span> <span class='ocrx_word' id='word_1_259' title='bbox 2536 1755 2709 1812; x_wconf 86' lang='lat' dir='ltr'><strong>Unius</strong></span> <span class='ocrx_word' id='word_1_260' title='bbox 2728 1767 2909 1810; x_wconf 89' lang='lat' dir='ltr'><strong>autem</strong></span> <span class='ocrx_word' id='word_1_261' title='bbox 2935 1760 3120 1813; x_wconf 64' lang='lat' dir='ltr'><strong>sazculi</strong></span> <span class='ocrx_word' id='word_1_262' title='bbox 3147 1760 3307 1814; x_wconf 85' lang='lat' dir='ltr'><strong>isthic</strong></span> <span class='ocrx_word' id='word_1_263' title='bbox 3325 1761 3520 1815; x_wconf 80' lang='lat' dir='ltr'><strong>memi-</strong></span> 
     </span>
    </p>
   </div>
   <div class='ocr_carea' id='block_1_33' title="bbox 226 1845 1821 1924">
    <p class='ocr_par' dir='ltr' id='par_1_33' title="bbox 226 1848 1821 1924">
     <span class='ocr_line' id='line_1_33' title="bbox 226 1848 1821 1924; baseline 0 -23"><span class='ocrx_word' id='word_1_264' title='bbox 226 1870 246 1901; x_wconf 74' lang='grc' dir='ltr'><strong>ι</strong></span> <span class='ocrx_word' id='word_1_265' title='bbox 294 1852 469 1905; x_wconf 84' lang='grc' dir='ltr'>καίτοι</span> <span class='ocrx_word' id='word_1_266' title='bbox 502 1850 716 1905; x_wconf 86' lang='grc' dir='ltr'>πολλῶν</span> <span class='ocrx_word' id='word_1_267' title='bbox 757 1850 1211 1924; x_wconf 75' lang='grc' dir='ltr'><strong>παρεληλυθότων</strong></span> <span class='ocrx_word' id='word_1_268' title='bbox 1253 1849 1488 1913; x_wconf 81' lang='grc' dir='ltr'><strong>αἰώνων,</strong></span> <span class='ocrx_word' id='word_1_269' title='bbox 1533 1848 1609 1911; x_wconf 81' lang='grc' dir='ltr'>ὡς</span> <span class='ocrx_word' id='word_1_270' title='bbox 1647 1849 1675 1900; x_wconf 97' lang='lat'><strong>6</strong></span> <span class='ocrx_word' id='word_1_271' title='bbox 1715 1849 1821 1901; x_wconf 87' lang='grc' dir='ltr'><strong>Δα-</strong></span> 
     </span>
    </p>
   </div>
   <div class='ocr_carea' id='block_1_34' title="bbox 1927 1845 3517 1924">
    <p class='ocr_par' dir='ltr' id='par_1_34' title="bbox 1931 1845 3517 1920">
     <span class='ocr_line' id='line_1_34' title="bbox 1931 1845 3517 1920; baseline 0.005 -23"><span class='ocrx_word' id='word_1_272' title='bbox 1931 1864 1951 1897; x_wconf 80' lang='lat' dir='ltr'><strong>s</strong></span> <span class='ocrx_word' id='word_1_273' title='bbox 1988 1845 2088 1911; x_wconf 87' lang='lat' dir='ltr'><strong>nit,</strong></span> <span class='ocrx_word' id='word_1_274' title='bbox 2118 1847 2172 1901; x_wconf 91' lang='lat' dir='ltr'><strong>in</strong></span> <span class='ocrx_word' id='word_1_275' title='bbox 2201 1861 2309 1915; x_wconf 91' lang='lat' dir='ltr'><strong>quo</strong></span> <span class='ocrx_word' id='word_1_276' title='bbox 2336 1861 2397 1901; x_wconf 78' lang='lat' dir='ltr'><strong>ea</strong></span> <span class='ocrx_word' id='word_1_277' title='bbox 2432 1864 2552 1917; x_wconf 62' lang='lat' dir='ltr'><strong>quae</strong></span> <span class='ocrx_word' id='word_1_278' title='bbox 2579 1850 2645 1902; x_wconf 87' lang='lat' dir='ltr'><strong>ad</strong></span> <span class='ocrx_word' id='word_1_279' title='bbox 2674 1848 2949 1905; x_wconf 83' lang='lat' dir='ltr'><strong>Christum</strong></span> <span class='ocrx_word' id='word_1_280' title='bbox 2986 1860 3258 1920; x_wconf 83' lang='lat' dir='ltr'><strong>spectant,</strong></span> <span class='ocrx_word' id='word_1_281' title='bbox 3292 1851 3517 1906; x_wconf 81' lang='lat' dir='ltr'><strong>fundata</strong></span> 
     </span>
    </p>
   </div>
   <div class='ocr_carea' id='block_1_35' title="bbox 226 1939 1817 2015">
    <p class='ocr_par' dir='ltr' id='par_1_35' title="bbox 226 1939 1817 2015">
     <span class='ocr_line' id='line_1_35' title="bbox 226 1939 1817 2015; baseline -0.001 -23"><span class='ocrx_word' id='word_1_282' title='bbox 226 1963 246 1992; x_wconf 83' lang='lat' dir='ltr'><strong>s</strong></span> <span class='ocrx_word' id='word_1_283' title='bbox 289 1943 372 1996; x_wconf 79' lang='grc' dir='ltr'><strong>σιδ</strong></span> <span class='ocrx_word' id='word_1_284' title='bbox 388 1942 512 2015; x_wconf 72' lang='grc' dir='ltr'>ἔφη,</span> <span class='ocrx_word' id='word_1_285' title='bbox 530 1944 592 1997; x_wconf 88' lang='grc' dir='ltr'><em>Ὀ</em></span> <span class='ocrx_word' id='word_1_286' title='bbox 614 1942 900 2013; x_wconf 79' lang='grc' dir='ltr'>ὑπάρχων</span> <span class='ocrx_word' id='word_1_287' title='bbox 924 1944 1036 2010; x_wconf 80' lang='grc' dir='ltr'>πρὸ</span> <span class='ocrx_word' id='word_1_288' title='bbox 1062 1940 1179 1996; x_wconf 86' lang='grc' dir='ltr'>τῶν</span> <span class='ocrx_word' id='word_1_289' title='bbox 1197 1941 1447 1997; x_wconf 80' lang='grc' dir='ltr'>αἰώνων.</span> <span class='ocrx_word' id='word_1_290' title='bbox 1475 1960 1494 1993; x_wconf 72' lang='grc' dir='ltr'><strong>ι</strong></span> <span class='ocrx_word' id='word_1_291' title='bbox 1521 1939 1630 1994; x_wconf 77' lang='grc' dir='ltr'><strong>Καὶ</strong></span> <span class='ocrx_word' id='word_1_292' title='bbox 1649 1954 1817 2010; x_wconf 89' lang='grc' dir='ltr'>μετα-</span> 
     </span>
    </p>
   </div>
   <div class='ocr_carea' id='block_1_36' title="bbox 222 2030 1819 2105">
    <p class='ocr_par' dir='ltr' id='par_1_36' title="bbox 222 2030 1819 2105">
     <span class='ocr_line' id='line_1_36' title="bbox 222 2030 1819 2105; baseline -0.004 -18"><span class='ocrx_word' id='word_1_293' title='bbox 222 2034 329 2098; x_wconf 71' lang='grc' dir='ltr'>ϐὰς</span> <span class='ocrx_word' id='word_1_294' title='bbox 358 2035 486 2105; x_wconf 77' lang='grc' dir='ltr'>ἑξῆς</span> <span class='ocrx_word' id='word_1_295' title='bbox 520 2038 613 2089; x_wconf 72' lang='grc' dir='ltr'><strong>ἐπὶ</strong></span> <span class='ocrx_word' id='word_1_296' title='bbox 644 2034 706 2089; x_wconf 84' lang='grc' dir='ltr'>τὸ</span> <span class='ocrx_word' id='word_1_297' title='bbox 732 2037 803 2088; x_wconf 81' lang='grc' dir='ltr'><strong>ὲν</strong></span> <span class='ocrx_word' id='word_1_298' title='bbox 834 2034 993 2104; x_wconf 78' lang='grc' dir='ltr'>ἀρχῇ</span> <span class='ocrx_word' id='word_1_299' title='bbox 1021 2033 1136 2102; x_wconf 79' lang='grc' dir='ltr'>πρὸ</span> <span class='ocrx_word' id='word_1_300' title='bbox 1172 2033 1280 2087; x_wconf 87' lang='grc' dir='ltr'>τοῦ</span> <span class='ocrx_word' id='word_1_301' title='bbox 1333 2031 1449 2101; x_wconf 76' lang='grc' dir='ltr'><strong>τὴν</strong></span> <span class='ocrx_word' id='word_1_302' title='bbox 1504 2031 1623 2102; x_wconf 73' lang='grc' dir='ltr'>γῆν</span> <span class='ocrx_word' id='word_1_303' title='bbox 1647 2030 1819 2099; x_wconf 81' lang='grc' dir='ltr'>ποιῆ-</span> 
     </span>
    </p>
   </div>
   <div class='ocr_carea' id='block_1_37' title="bbox 220 2120 1816 2200">
    <p class='ocr_par' dir='ltr' id='par_1_37' title="bbox 220 2120 1816 2200">
     <span class='ocr_line' id='line_1_37' title="bbox 220 2120 1816 2200; baseline -0.004 -18"><span class='ocrx_word' id='word_1_304' title='bbox 220 2144 355 2192; x_wconf 86' lang='grc' dir='ltr'>σαι,</span> <span class='ocrx_word' id='word_1_305' title='bbox 394 2130 485 2182; x_wconf 74' lang='lat' dir='ltr'><strong>xa‘t</strong></span> <span class='ocrx_word' id='word_1_306' title='bbox 530 2128 627 2199; x_wconf 88' lang='grc' dir='ltr'><strong>τὴν</strong></span> <span class='ocrx_word' id='word_1_307' title='bbox 667 2130 771 2200; x_wconf 80' lang='grc' dir='ltr'><strong>γῆν</strong></span> <span class='ocrx_word' id='word_1_308' title='bbox 823 2128 984 2183; x_wconf 87' lang='grc' dir='ltr'>πάλιν</span> <span class='ocrx_word' id='word_1_309' title='bbox 1026 2126 1125 2198; x_wconf 83' lang='grc' dir='ltr'>τὴν</span> <span class='ocrx_word' id='word_1_310' title='bbox 1202 2126 1381 2197; x_wconf 83' lang='grc' dir='ltr'>σάρκα</span> <span class='ocrx_word' id='word_1_311' title='bbox 1457 2120 1595 2177; x_wconf 77' lang='grc' dir='ltr'>εἶναι</span> <span class='ocrx_word' id='word_1_312' title='bbox 1646 2123 1816 2191; x_wconf 78' lang='grc' dir='ltr'>λέγει.</span> 
     </span>
    </p>
   </div>
   <div class='ocr_carea' id='block_1_38' title="bbox 220 2214 1821 2292">
    <p class='ocr_par' dir='ltr' id='par_1_38' title="bbox 220 2214 1821 2292">
     <span class='ocr_line' id='line_1_38' title="bbox 220 2214 1821 2292; baseline -0.005 -19"><span class='ocrx_word' id='word_1_313' title='bbox 220 2219 508 2292; x_wconf 76' lang='grc' dir='ltr'>Γράφειδὲ</span> <span class='ocrx_word' id='word_1_314' title='bbox 537 2220 698 2274; x_wconf 77' lang='grc' dir='ltr'>οὕτω·</span> <span class='ocrx_word' id='word_1_315' title='bbox 743 2239 761 2272; x_wconf 80' lang='grc' dir='ltr'><strong>ι</strong></span> <span class='ocrx_word' id='word_1_316' title='bbox 796 2223 963 2275; x_wconf 76' lang='grc' dir='ltr'>Ποῖαν</span> <span class='ocrx_word' id='word_1_317' title='bbox 1018 2217 1223 2290; x_wconf 85' lang='grc' dir='ltr'>ταύτην</span> <span class='ocrx_word' id='word_1_318' title='bbox 1275 2216 1372 2288; x_wconf 83' lang='grc' dir='ltr'>τὴν</span> <span class='ocrx_word' id='word_1_319' title='bbox 1416 2214 1821 2286; x_wconf 76' lang='grc' dir='ltr'>γῆν;ἢδηλον-</span> 
     </span>
    </p>
   </div>
   <div class='ocr_carea' id='block_1_39' title="bbox 228 2304 1819 2384">
    <p class='ocr_par' dir='ltr' id='par_1_39' title="bbox 228 2304 1819 2384">
     <span class='ocr_line' id='line_1_39' title="bbox 228 2304 1819 2384; baseline -0.003 -21"><span class='ocrx_word' id='word_1_320' title='bbox 228 2330 251 2363; x_wconf 75' lang='grc' dir='ltr'><strong>ι</strong></span> <span class='ocrx_word' id='word_1_321' title='bbox 295 2313 377 2366; x_wconf 86' lang='grc' dir='ltr'><strong>ότι</strong></span> <span class='ocrx_word' id='word_1_322' title='bbox 406 2313 501 2384; x_wconf 80' lang='grc' dir='ltr'>τὴν</span> <span class='ocrx_word' id='word_1_323' title='bbox 532 2312 809 2384; x_wconf 73' lang='grc' dir='ltr'>ἡμετέραν</span> <span class='ocrx_word' id='word_1_324' title='bbox 843 2312 1043 2381; x_wconf 89' lang='grc' dir='ltr'>σάρκα,</span> <span class='ocrx_word' id='word_1_325' title='bbox 1077 2310 1176 2381; x_wconf 80' lang='grc' dir='ltr'>τὴν</span> <span class='ocrx_word' id='word_1_326' title='bbox 1211 2308 1348 2380; x_wconf 87' lang='grc' dir='ltr'><strong>μετά</strong></span> <span class='ocrx_word' id='word_1_327' title='bbox 1403 2306 1502 2377; x_wconf 82' lang='grc' dir='ltr'>τὴν</span> <span class='ocrx_word' id='word_1_328' title='bbox 1532 2304 1819 2376; x_wconf 83' lang='grc' dir='ltr'>παρακοὴν</span> 
     </span>
    </p>
   </div>
   <div class='ocr_carea' id='block_1_40' title="bbox 228 2395 1823 2474">
    <p class='ocr_par' dir='ltr' id='par_1_40' title="bbox 228 2395 1823 2474">
     <span class='ocr_line' id='line_1_40' title="bbox 228 2395 1823 2474; baseline -0.004 -19"><span class='ocrx_word' id='word_1_329' title='bbox 228 2422 251 2455; x_wconf 81' lang='lat' dir='ltr'><strong>s</strong></span> <span class='ocrx_word' id='word_1_330' title='bbox 294 2403 397 2473; x_wconf 86' lang='grc' dir='ltr'><strong>γῆν</strong></span> <span class='ocrx_word' id='word_1_331' title='bbox 432 2400 587 2469; x_wconf 76' lang='grc' dir='ltr'>αὖθις</span> <span class='ocrx_word' id='word_1_332' title='bbox 625 2404 955 2474; x_wconf 81' lang='grc' dir='ltr'>γενομένην’</span> <span class='ocrx_word' id='word_1_333' title='bbox 989 2400 1081 2470; x_wconf 83' lang='grc' dir='ltr'>Γῆ</span> <span class='ocrx_word' id='word_1_334' title='bbox 1122 2400 1235 2470; x_wconf 76' lang='grc' dir='ltr'>γὰρ</span> <span class='ocrx_word' id='word_1_335' title='bbox 1276 2395 1350 2463; x_wconf 80' lang='grc' dir='ltr'>εἷ,</span> <span class='ocrx_word' id='word_1_336' title='bbox 1380 2398 1568 2468; x_wconf 76' lang='grc' dir='ltr'>φησὶν,</span> <span class='ocrx_word' id='word_1_337' title='bbox 1604 2397 1701 2450; x_wconf 77' lang='grc' dir='ltr'>καὶ</span> <span class='ocrx_word' id='word_1_338' title='bbox 1733 2399 1823 2462; x_wconf 82' lang='grc' dir='ltr'><strong>εἰς</strong></span> 
     </span>
    </p>
   </div>
   <div class='ocr_carea' id='block_1_41' title="bbox 228 2490 1821 2567">
    <p class='ocr_par' dir='ltr' id='par_1_41' title="bbox 228 2490 1821 2567">
     <span class='ocr_line' id='line_1_41' title="bbox 228 2490 1821 2567; baseline -0.004 -18"><span class='ocrx_word' id='word_1_339' title='bbox 228 2516 251 2549; x_wconf 74' lang='grc' dir='ltr'><strong>ι</strong></span> <span class='ocrx_word' id='word_1_340' title='bbox 295 2494 412 2567; x_wconf 74' lang='grc' dir='ltr'>γῆν</span> <span class='ocrx_word' id='word_1_341' title='bbox 456 2497 790 2563; x_wconf 70' lang='grc' dir='ltr'>ἀπελεύσῃ.</span> <span class='ocrx_word' id='word_1_342' title='bbox 851 2494 999 2547; x_wconf 81' lang='grc' dir='ltr'>Ἔδει</span> <span class='ocrx_word' id='word_1_343' title='bbox 1046 2492 1156 2565; x_wconf 76' lang='grc' dir='ltr'><strong>γὰρ</strong></span> <span class='ocrx_word' id='word_1_344' title='bbox 1205 2491 1412 2562; x_wconf 85' lang='grc' dir='ltr'>ταύτην</span> <span class='ocrx_word' id='word_1_345' title='bbox 1481 2490 1677 2554; x_wconf 81' lang='grc' dir='ltr'>ἰάσεως</span> <span class='ocrx_word' id='word_1_346' title='bbox 1724 2508 1821 2542; x_wconf 88' lang='grc' dir='ltr'>τυ-</span> 
     </span>
    </p>
   </div>
   <div class='ocr_carea' id='block_1_42' title="bbox 230 2581 1822 2657">
    <p class='ocr_par' dir='ltr' id='par_1_42' title="bbox 230 2581 1822 2657">
     <span class='ocr_line' id='line_1_42' title="bbox 230 2581 1822 2657; baseline -0.003 -19"><span class='ocrx_word' id='word_1_347' title='bbox 230 2608 250 2638; x_wconf 77' lang='grc' dir='ltr'><strong><em>ο</em></strong></span> <span class='ocrx_word' id='word_1_348' title='bbox 296 2591 429 2657; x_wconf 72' lang='grc' dir='ltr'><strong>χείν.</strong></span> <span class='ocrx_word' id='word_1_349' title='bbox 472 2606 491 2639; x_wconf 82' lang='lat' dir='ltr'><strong>s</strong></span> <span class='ocrx_word' id='word_1_350' title='bbox 540 2587 650 2640; x_wconf 76' lang='grc' dir='ltr'><strong>Καὶ</strong></span> <span class='ocrx_word' id='word_1_351' title='bbox 686 2586 861 2641; x_wconf 81' lang='grc' dir='ltr'>ταῦτα</span> <span class='ocrx_word' id='word_1_352' title='bbox 901 2586 957 2639; x_wconf 80' lang='grc' dir='ltr'>δὲ</span> <span class='ocrx_word' id='word_1_353' title='bbox 1000 2585 1221 2655; x_wconf 83' lang='grc' dir='ltr'>φάσκει,</span> <span class='ocrx_word' id='word_1_354' title='bbox 1250 2584 1310 2636; x_wconf 79' lang='grc' dir='ltr'>οὺ</span> <span class='ocrx_word' id='word_1_355' title='bbox 1368 2581 1750 2654; x_wconf 84' lang='grc' dir='ltr'>μνημονεύσας</span> <span class='ocrx_word' id='word_1_356' title='bbox 1794 2583 1822 2634; x_wconf 93' lang='lat'><strong>6</strong></span> 
     </span>
    </p>
   </div>
   <div class='ocr_carea' id='block_1_43' title="bbox 227 2674 1822 2749">
    <p class='ocr_par' dir='ltr' id='par_1_43' title="bbox 227 2674 1822 2749">
     <span class='ocr_line' id='line_1_43' title="bbox 227 2674 1822 2749; baseline -0.004 -16"><span class='ocrx_word' id='word_1_357' title='bbox 227 2678 539 2748; x_wconf 82' lang='grc' dir='ltr'>σοφώτατος</span> <span class='ocrx_word' id='word_1_358' title='bbox 567 2680 641 2743; x_wconf 82' lang='grc' dir='ltr'>ὡς</span> <span class='ocrx_word' id='word_1_359' title='bbox 668 2681 762 2733; x_wconf 76' lang='grc' dir='ltr'>καὶ</span> <span class='ocrx_word' id='word_1_360' title='bbox 787 2678 1046 2749; x_wconf 80' lang='grc' dir='ltr'>ἀνωτέρω</span> <span class='ocrx_word' id='word_1_361' title='bbox 1070 2676 1175 2747; x_wconf 77' lang='grc' dir='ltr'>πρὸ</span> <span class='ocrx_word' id='word_1_362' title='bbox 1201 2676 1302 2729; x_wconf 74' lang='grc' dir='ltr'>τοῦ</span> <span class='ocrx_word' id='word_1_363' title='bbox 1326 2676 1425 2747; x_wconf 79' lang='grc' dir='ltr'><strong>τὴν</strong></span> <span class='ocrx_word' id='word_1_364' title='bbox 1454 2677 1558 2746; x_wconf 86' lang='grc' dir='ltr'><strong>γῆν</strong></span> <span class='ocrx_word' id='word_1_365' title='bbox 1594 2674 1822 2744; x_wconf 82' lang='grc' dir='ltr'>ποιῆσαι</span> 
     </span>
    </p>
   </div>
   <div class='ocr_carea' id='block_1_44' title="bbox 224 2765 1823 2843">
    <p class='ocr_par' dir='ltr' id='par_1_44' title="bbox 224 2765 1823 2843">
     <span class='ocr_line' id='line_1_44' title="bbox 224 2765 1823 2843; baseline -0.004 -19"><span class='ocrx_word' id='word_1_366' title='bbox 224 2771 475 2826; x_wconf 67' lang='grc' dir='ltr'>ἐκτίσθαι</span> <span class='ocrx_word' id='word_1_367' title='bbox 519 2771 619 2843; x_wconf 82' lang='grc' dir='ltr'>τὴν</span> <span class='ocrx_word' id='word_1_368' title='bbox 669 2772 849 2843; x_wconf 84' lang='grc' dir='ltr'>σάρκα</span> <span class='ocrx_word' id='word_1_369' title='bbox 886 2769 1062 2842; x_wconf 83' lang='grc' dir='ltr'>ἀρχὴν</span> <span class='ocrx_word' id='word_1_370' title='bbox 1102 2767 1238 2822; x_wconf 83' lang='grc' dir='ltr'>ὁδῶν</span> <span class='ocrx_word' id='word_1_371' title='bbox 1276 2767 1370 2821; x_wconf 77' lang='grc' dir='ltr'>τοῦ</span> <span class='ocrx_word' id='word_1_372' title='bbox 1416 2767 1551 2821; x_wconf 88' lang='grc' dir='ltr'><strong>Θεοῦ</strong></span> <span class='ocrx_word' id='word_1_373' title='bbox 1584 2765 1823 2838; x_wconf 86' lang='grc' dir='ltr'>εἰρηκὼς</span> 
     </span>
    </p>
   </div>
   <div class='ocr_carea' id='block_1_45' title="bbox 224 2858 1821 2935">
    <p class='ocr_par' dir='ltr' id='par_1_45' title="bbox 224 2858 1821 2935">
     <span class='ocr_line' id='line_1_45' title="bbox 224 2858 1821 2935; baseline -0.004 -18"><span class='ocrx_word' id='word_1_374' title='bbox 224 2865 438 2935; x_wconf 73' lang='grc' dir='ltr'>ἔτυχεν.</span> <span class='ocrx_word' id='word_1_375' title='bbox 473 2866 535 2918; x_wconf 81' lang='grc' dir='ltr'><strong>Εἰ</strong></span> <span class='ocrx_word' id='word_1_376' title='bbox 571 2864 629 2918; x_wconf 71' lang='grc' dir='ltr'>δὲ</span> <span class='ocrx_word' id='word_1_377' title='bbox 659 2864 795 2928; x_wconf 85' lang='grc' dir='ltr'>ὅλως</span> <span class='ocrx_word' id='word_1_378' title='bbox 827 2863 916 2917; x_wconf 84' lang='grc' dir='ltr'>διὰ</span> <span class='ocrx_word' id='word_1_379' title='bbox 948 2865 1047 2933; x_wconf 83' lang='grc' dir='ltr'><strong>τῆς</strong></span> <span class='ocrx_word' id='word_1_380' title='bbox 1084 2862 1187 2931; x_wconf 85' lang='grc' dir='ltr'><strong>γῆς</strong></span> <span class='ocrx_word' id='word_1_381' title='bbox 1228 2859 1327 2932; x_wconf 78' lang='grc' dir='ltr'>τὴν</span> <span class='ocrx_word' id='word_1_382' title='bbox 1368 2859 1571 2929; x_wconf 78' lang='grc' dir='ltr'>σάρκα</span> <span class='ocrx_word' id='word_1_383' title='bbox 1607 2858 1821 2929; x_wconf 79' lang='grc' dir='ltr'>ἐδήλου,</span> 
     </span>
    </p>
   </div>
   <div class='ocr_carea' id='block_1_46' title="bbox 225 2950 1822 3027">
    <p class='ocr_par' dir='ltr' id='par_1_46' title="bbox 225 2950 1822 3027">
     <span class='ocr_line' id='line_1_46' title="bbox 225 2950 1822 3027; baseline -0.003 -18"><span class='ocrx_word' id='word_1_384' title='bbox 225 2957 348 3019; x_wconf 84' lang='grc' dir='ltr'><strong>πῶς</strong></span> <span class='ocrx_word' id='word_1_385' title='bbox 376 2957 436 3009; x_wconf 83' lang='grc' dir='ltr'>οὑ</span> <span class='ocrx_word' id='word_1_386' title='bbox 480 2957 855 3027; x_wconf 81' lang='grc' dir='ltr'>προϋπάρχειν</span> <span class='ocrx_word' id='word_1_387' title='bbox 897 2954 999 3024; x_wconf 87' lang='grc' dir='ltr'><strong>τῆς</strong></span> <span class='ocrx_word' id='word_1_388' title='bbox 1033 2953 1235 3023; x_wconf 82' lang='grc' dir='ltr'>σαρκὸς</span> <span class='ocrx_word' id='word_1_389' title='bbox 1277 2952 1492 3022; x_wconf 78' lang='grc' dir='ltr'>ἀνάγκη</span> <span class='ocrx_word' id='word_1_390' title='bbox 1540 2950 1822 3022; x_wconf 78' lang='grc' dir='ltr'>ὁμολογεῖν</span> 
     </span>
    </p>
   </div>
   <div class='ocr_carea' id='block_1_47' title="bbox 224 3039 1818 3119">
    <p class='ocr_par' dir='ltr' id='par_1_47' title="bbox 224 3039 1818 3119">
     <span class='ocr_line' id='line_1_47' title="bbox 224 3039 1818 3119; baseline -0.004 -16"><span class='ocrx_word' id='word_1_391' title='bbox 224 3049 321 3103; x_wconf 79' lang='grc' dir='ltr'>τὸν</span> <span class='ocrx_word' id='word_1_392' title='bbox 348 3048 575 3117; x_wconf 79' lang='grc' dir='ltr'>λέγοντα</span> <span class='ocrx_word' id='word_1_393' title='bbox 605 3046 710 3119; x_wconf 84' lang='grc' dir='ltr'>πρὸ</span> <span class='ocrx_word' id='word_1_394' title='bbox 742 3045 835 3100; x_wconf 81' lang='grc' dir='ltr'>τοῦ</span> <span class='ocrx_word' id='word_1_395' title='bbox 878 3046 978 3117; x_wconf 83' lang='grc' dir='ltr'><strong>τὴν</strong></span> <span class='ocrx_word' id='word_1_396' title='bbox 1006 3045 1109 3114; x_wconf 82' lang='grc' dir='ltr'><strong>γῆν</strong></span> <span class='ocrx_word' id='word_1_397' title='bbox 1154 3045 1379 3115; x_wconf 83' lang='grc' dir='ltr'>ποιῆσαι</span> <span class='ocrx_word' id='word_1_398' title='bbox 1425 3044 1617 3097; x_wconf 79' lang='grc' dir='ltr'>ἑαυτὸν</span> <span class='ocrx_word' id='word_1_399' title='bbox 1644 3039 1818 3105; x_wconf 78' lang='grc' dir='ltr'>εἷναι;</span> 
     </span>
    </p>
   </div>
   <div class='ocr_carea' id='block_1_48' title="bbox 1927 1940 3515 2013">
    <p class='ocr_par' dir='ltr' id='par_1_48' title="bbox 1927 1940 3515 2013">
     <span class='ocr_line' id='line_1_48' title="bbox 1927 1940 3515 2013; baseline 0.002 -20"><span class='ocrx_word' id='word_1_400' title='bbox 1927 1960 1945 1993; x_wconf 85' lang='grc' dir='ltr'><strong>ι</strong></span> <span class='ocrx_word' id='word_1_401' title='bbox 1978 1957 2099 1997; x_wconf 87' lang='lat' dir='ltr'><strong>esse</strong></span> <span class='ocrx_word' id='word_1_402' title='bbox 2123 1940 2274 2005; x_wconf 85' lang='lat' dir='ltr'><strong>dicit,</strong></span> <span class='ocrx_word' id='word_1_403' title='bbox 2305 1956 2427 1995; x_wconf 89' lang='lat' dir='ltr'><strong>cum</strong></span> <span class='ocrx_word' id='word_1_404' title='bbox 2451 1950 2630 1996; x_wconf 89' lang='lat' dir='ltr'><strong>tamen</strong></span> <span class='ocrx_word' id='word_1_405' title='bbox 2664 1941 2815 2013; x_wconf 86' lang='lat' dir='ltr'><strong>plura</strong></span> <span class='ocrx_word' id='word_1_406' title='bbox 2842 1944 3231 2011; x_wconf 64' lang='lat' dir='ltr'><strong>praeteriissent</strong></span> <span class='ocrx_word' id='word_1_407' title='bbox 3272 1943 3470 1998; x_wconf 66' lang='lat' dir='ltr'><strong>saecula</strong></span> <span class='ocrx_word' id='word_1_408' title='bbox 3500 1960 3515 1996; x_wconf 87' lang='lat'><strong>:</strong></span> 
     </span>
    </p>
   </div>
   <div class='ocr_carea' id='block_1_49' title="bbox 1929 2030 3520 2101">
    <p class='ocr_par' dir='ltr' id='par_1_49' title="bbox 1929 2030 3520 2101">
     <span class='ocr_line' id='line_1_49' title="bbox 1929 2030 3520 2101; baseline 0.004 -17"><span class='ocrx_word' id='word_1_409' title='bbox 1929 2050 1948 2084; x_wconf 79' lang='grc' dir='ltr'><strong>ι</strong></span> <span class='ocrx_word' id='word_1_410' title='bbox 1988 2033 2207 2101; x_wconf 86' lang='lat' dir='ltr'><strong>quodet</strong></span> <span class='ocrx_word' id='word_1_411' title='bbox 2246 2032 2416 2086; x_wconf 83' lang='lat' dir='ltr'><strong>David</strong></span> <span class='ocrx_word' id='word_1_412' title='bbox 2467 2030 2721 2096; x_wconf 79' lang='lat' dir='ltr'><strong>aﬂirmat,</strong></span> <span class='ocrx_word' id='word_1_413' title='bbox 2766 2034 3041 2101; x_wconf 81' lang='lat' dir='ltr'><strong>inquiens.</strong></span> <span class='ocrx_word' id='word_1_414' title='bbox 3072 2033 3177 2101; x_wconf 85' lang='lat' dir='ltr'><strong>Qui</strong></span> <span class='ocrx_word' id='word_1_415' title='bbox 3228 2043 3341 2089; x_wconf 83' lang='lat' dir='ltr'><strong>erat</strong></span> <span class='ocrx_word' id='word_1_416' title='bbox 3394 2044 3520 2092; x_wconf 81' lang='lat' dir='ltr'><strong>ante</strong></span> 
     </span>
    </p>
   </div>
   <div class='ocr_carea' id='block_1_50' title="bbox 1928 2123 3513 2196">
    <p class='ocr_par' dir='ltr' id='par_1_50' title="bbox 1928 2123 3513 2196">
     <span class='ocr_line' id='line_1_50' title="bbox 1928 2123 3513 2196; baseline 0.004 -19"><span class='ocrx_word' id='word_1_417' title='bbox 1928 2144 1947 2177; x_wconf 78' lang='grc' dir='ltr'><strong>ι</strong></span> <span class='ocrx_word' id='word_1_418' title='bbox 1985 2124 2181 2179; x_wconf 66' lang='grc' dir='ltr'>σαρκία</span> <span class='ocrx_word' id='word_1_419' title='bbox 2209 2124 2277 2177; x_wconf 74' lang='grc'><strong>’⁸.</strong></span> <span class='ocrx_word' id='word_1_420' title='bbox 2309 2144 2328 2176; x_wconf 83' lang='grc'>›</span> <span class='ocrx_word' id='word_1_421' title='bbox 2354 2123 2681 2193; x_wconf 74' lang='lat' dir='ltr'><strong>Progressus</strong></span> <span class='ocrx_word' id='word_1_422' title='bbox 2706 2124 2834 2180; x_wconf 79' lang='lat' dir='ltr'><strong>hinc</strong></span> <span class='ocrx_word' id='word_1_423' title='bbox 2861 2127 2928 2179; x_wconf 91' lang='lat' dir='ltr'><strong>ad</strong></span> <span class='ocrx_word' id='word_1_424' title='bbox 2966 2126 3115 2192; x_wconf 90' lang='lat' dir='ltr'><strong>illud,</strong></span> <span class='ocrx_word' id='word_1_425' title='bbox 3146 2125 3212 2180; x_wconf 87' lang='lat' dir='ltr'><strong>In</strong></span> <span class='ocrx_word' id='word_1_426' title='bbox 3232 2128 3513 2196; x_wconf 84' lang='lat' dir='ltr'><strong>principio,</strong></span> 
     </span>
    </p>
   </div>
   <div class='ocr_carea' id='block_1_51' title="bbox 1923 2216 3521 2293">
    <p class='ocr_par' dir='ltr' id='par_1_51' title="bbox 1923 2216 3521 2293">
     <span class='ocr_line' id='line_1_51' title="bbox 1923 2216 3521 2293; baseline 0.003 -24"><span class='ocrx_word' id='word_1_427' title='bbox 1923 2218 2231 2293; x_wconf 72' lang='lat' dir='ltr'><strong>priusquam</strong></span> <span class='ocrx_word' id='word_1_428' title='bbox 2282 2226 2477 2271; x_wconf 82' lang='lat' dir='ltr'><strong>terram</strong></span> <span class='ocrx_word' id='word_1_429' title='bbox 2519 2216 2788 2281; x_wconf 80' lang='lat' dir='ltr'><strong>conderet,</strong></span> <span class='ocrx_word' id='word_1_430' title='bbox 2841 2217 2914 2271; x_wconf 88' lang='lat' dir='ltr'><strong>ibi</strong></span> <span class='ocrx_word' id='word_1_431' title='bbox 2946 2218 3123 2273; x_wconf 84' lang='lat' dir='ltr'><strong>denuo</strong></span> <span class='ocrx_word' id='word_1_432' title='bbox 3158 2228 3360 2273; x_wconf 87' lang='lat' dir='ltr'><strong>terram</strong></span> <span class='ocrx_word' id='word_1_433' title='bbox 3394 2234 3521 2274; x_wconf 69' lang='lat' dir='ltr'><strong>esse</strong></span> 
     </span>
    </p>
   </div>
   <div class='ocr_carea' id='block_1_52' title="bbox 1922 2309 3517 2377">
    <p class='ocr_par' dir='ltr' id='par_1_52' title="bbox 1922 2309 3517 2377">
     <span class='ocr_line' id='line_1_52' title="bbox 1922 2309 3517 2377; baseline 0.004 -14"><span class='ocrx_word' id='word_1_434' title='bbox 1922 2324 2145 2364; x_wconf 73' lang='lat' dir='ltr'><strong>carnem</strong></span> <span class='ocrx_word' id='word_1_435' title='bbox 2191 2319 2495 2367; x_wconf 81' lang='lat' dir='ltr'><strong>asseverat.</strong></span> <span class='ocrx_word' id='word_1_436' title='bbox 2528 2328 2546 2361; x_wconf 84' lang='grc' dir='ltr'><strong>ι</strong></span> <span class='ocrx_word' id='word_1_437' title='bbox 2575 2309 2879 2377; x_wconf 78' lang='lat' dir='ltr'><strong>Quamnam</strong></span> <span class='ocrx_word' id='word_1_438' title='bbox 2922 2326 3053 2366; x_wconf 87' lang='lat' dir='ltr'><strong>vero</strong></span> <span class='ocrx_word' id='word_1_439' title='bbox 3110 2312 3353 2367; x_wconf 76' lang='lat' dir='ltr'><strong>terram?</strong></span> <span class='ocrx_word' id='word_1_440' title='bbox 3385 2331 3404 2364; x_wconf 85' lang='grc'>›</span> <span class='ocrx_word' id='word_1_441' title='bbox 3438 2312 3517 2369; x_wconf 78' lang='lat' dir='ltr'><strong>ita</strong></span> 
     </span>
    </p>
   </div>
   <div class='ocr_carea' id='block_1_53' title="bbox 1924 2404 3518 2477">
    <p class='ocr_par' dir='ltr' id='par_1_53' title="bbox 1924 2404 3518 2477">
     <span class='ocr_line' id='line_1_53' title="bbox 1924 2404 3518 2477; baseline 0.003 -20"><span class='ocrx_word' id='word_1_442' title='bbox 1924 2404 2002 2457; x_wconf 94' lang='lat' dir='ltr'><strong>ait</strong></span> <span class='ocrx_word' id='word_1_443' title='bbox 2031 2420 2043 2455; x_wconf 78' lang='grc' dir='ltr'><strong>ι</strong></span> <span class='ocrx_word' id='word_1_444' title='bbox 2080 2423 2099 2455; x_wconf 77' lang='grc' dir='ltr'><strong>ι</strong></span> <span class='ocrx_word' id='word_1_445' title='bbox 2132 2412 2279 2458; x_wconf 78' lang='lat' dir='ltr'><strong>certe</strong></span> <span class='ocrx_word' id='word_1_446' title='bbox 2309 2419 2413 2457; x_wconf 85' lang='lat' dir='ltr'><strong>non</strong></span> <span class='ocrx_word' id='word_1_447' title='bbox 2445 2404 2606 2457; x_wconf 81' lang='lat' dir='ltr'><strong>aliam</strong></span> <span class='ocrx_word' id='word_1_448' title='bbox 2630 2421 2794 2473; x_wconf 83' lang='lat' dir='ltr'><strong>quam</strong></span> <span class='ocrx_word' id='word_1_449' title='bbox 2826 2421 3048 2459; x_wconf 81' lang='lat' dir='ltr'><strong>carnem</strong></span> <span class='ocrx_word' id='word_1_450' title='bbox 3076 2416 3317 2460; x_wconf 87' lang='lat' dir='ltr'><strong>nostram</strong></span> <span class='ocrx_word' id='word_1_451' title='bbox 3350 2423 3363 2459; x_wconf 90' lang='lat'>:</span> <span class='ocrx_word' id='word_1_452' title='bbox 3395 2423 3518 2477; x_wconf 72' lang='lat' dir='ltr'><strong>qua:</strong></span> 
     </span>
    </p>
   </div>
   <div class='ocr_carea' id='block_1_54' title="bbox 1930 2497 3517 2566">
    <p class='ocr_par' dir='ltr' id='par_1_54' title="bbox 1930 2497 3517 2566">
     <span class='ocr_line' id='line_1_54' title="bbox 1930 2497 3517 2566; baseline 0.003 -17"><span class='ocrx_word' id='word_1_453' title='bbox 1930 2514 1948 2548; x_wconf 83' lang='grc' dir='ltr'><strong>ι</strong></span> <span class='ocrx_word' id='word_1_454' title='bbox 1990 2507 2110 2561; x_wconf 86' lang='lat' dir='ltr'><strong>post</strong></span> <span class='ocrx_word' id='word_1_455' title='bbox 2144 2497 2656 2566; x_wconf 81' lang='lat' dir='ltr'><strong>transgressionem,</strong></span> <span class='ocrx_word' id='word_1_456' title='bbox 2715 2505 2862 2550; x_wconf 87' lang='lat' dir='ltr'><strong>terra</strong></span> <span class='ocrx_word' id='word_1_457' title='bbox 2915 2497 3134 2551; x_wconf 88' lang='lat' dir='ltr'><strong>denunn</strong></span> <span class='ocrx_word' id='word_1_458' title='bbox 3189 2497 3338 2553; x_wconf 79' lang='lat' dir='ltr'><strong>facta</strong></span> <span class='ocrx_word' id='word_1_459' title='bbox 3390 2498 3517 2555; x_wconf 81' lang='lat' dir='ltr'><strong>fuit.</strong></span> 
     </span>
    </p>
   </div>
   <div class='ocr_carea' id='block_1_55' title="bbox 1931 2587 3516 2659">
    <p class='ocr_par' dir='ltr' id='par_1_55' title="bbox 1931 2587 3516 2659">
     <span class='ocr_line' id='line_1_55' title="bbox 1931 2587 3516 2659; baseline 0.003 -17"><span class='ocrx_word' id='word_1_460' title='bbox 1931 2608 1951 2642; x_wconf 78' lang='grc' dir='ltr'><strong>ι</strong></span> <span class='ocrx_word' id='word_1_461' title='bbox 1990 2587 2155 2643; x_wconf 86' lang='lat' dir='ltr'><strong>Terra</strong></span> <span class='ocrx_word' id='word_1_462' title='bbox 2182 2607 2234 2643; x_wconf 88' lang='lat' dir='ltr'><strong>es</strong></span> <span class='ocrx_word' id='word_1_463' title='bbox 2269 2589 2430 2652; x_wconf 84' lang='lat' dir='ltr'><strong>enim,</strong></span> <span class='ocrx_word' id='word_1_464' title='bbox 2467 2589 2673 2659; x_wconf 88' lang='lat' dir='ltr'><strong>inquit,</strong></span> <span class='ocrx_word' id='word_1_465' title='bbox 2704 2598 2754 2643; x_wconf 80' lang='lat' dir='ltr'><strong>et</strong></span> <span class='ocrx_word' id='word_1_466' title='bbox 2808 2590 2863 2643; x_wconf 87' lang='lat' dir='ltr'><strong>in</strong></span> <span class='ocrx_word' id='word_1_467' title='bbox 2908 2600 3107 2643; x_wconf 83' lang='lat' dir='ltr'><strong>terram</strong></span> <span class='ocrx_word' id='word_1_468' title='bbox 3158 2591 3516 2646; x_wconf 77' lang='lat' dir='ltr'><strong>reverteris”.</strong></span> 
     </span>
    </p>
   </div>
   <div class='ocr_carea' id='block_1_56' title="bbox 1930 2678 3520 2757">
    <p class='ocr_par' dir='ltr' id='par_1_56' title="bbox 1930 2678 3520 2757">
     <span class='ocr_line' id='line_1_56' title="bbox 1930 2678 3520 2757; baseline 0.004 -25"><span class='ocrx_word' id='word_1_469' title='bbox 1930 2698 1949 2732; x_wconf 77' lang='grc' dir='ltr'><strong>ι</strong></span> <span class='ocrx_word' id='word_1_470' title='bbox 1981 2680 2076 2735; x_wconf 80' lang='lat' dir='ltr'><strong>Illa</strong></span> <span class='ocrx_word' id='word_1_471' title='bbox 2111 2681 2313 2735; x_wconf 89' lang='lat' dir='ltr'><strong>etenim</strong></span> <span class='ocrx_word' id='word_1_472' title='bbox 2366 2680 2703 2751; x_wconf 87' lang='lat' dir='ltr'><strong>persananda</strong></span> <span class='ocrx_word' id='word_1_473' title='bbox 2750 2678 2952 2734; x_wconf 75' lang='lat' dir='ltr'><strong>fuerat.</strong></span> <span class='ocrx_word' id='word_1_474' title='bbox 2990 2699 3008 2732; x_wconf 78' lang='grc' dir='ltr'><strong>ι</strong></span> <span class='ocrx_word' id='word_1_475' title='bbox 3043 2678 3181 2757; x_wconf 70' lang='lat' dir='ltr'><strong>Haec</strong></span> <span class='ocrx_word' id='word_1_476' title='bbox 3208 2690 3391 2736; x_wconf 85' lang='lat' dir='ltr'><strong>autem</strong></span> <span class='ocrx_word' id='word_1_477' title='bbox 3442 2682 3520 2738; x_wconf 87' lang='lat' dir='ltr'><strong>ita</strong></span> 
     </span>
    </p>
   </div>
   <div class='ocr_carea' id='block_1_57' title="bbox 1924 2771 3522 2842">
    <p class='ocr_par' dir='ltr' id='par_1_57' title="bbox 1924 2771 3522 2842">
     <span class='ocr_line' id='line_1_57' title="bbox 1924 2771 3522 2842; baseline 0.002 -16"><span class='ocrx_word' id='word_1_478' title='bbox 1924 2771 2126 2841; x_wconf 88' lang='lat' dir='ltr'><strong>posuit.</strong></span> <span class='ocrx_word' id='word_1_479' title='bbox 2156 2786 2264 2827; x_wconf 89' lang='lat' dir='ltr'><strong>non</strong></span> <span class='ocrx_word' id='word_1_480' title='bbox 2294 2772 2635 2832; x_wconf 85' lang='lat' dir='ltr'><strong>recordatus,</strong></span> <span class='ocrx_word' id='word_1_481' title='bbox 2662 2784 2760 2840; x_wconf 91' lang='lat' dir='ltr'><strong>pro</strong></span> <span class='ocrx_word' id='word_1_482' title='bbox 2790 2786 2886 2826; x_wconf 91' lang='lat' dir='ltr'><strong>sua</strong></span> <span class='ocrx_word' id='word_1_483' title='bbox 2916 2772 3182 2841; x_wconf 87' lang='lat' dir='ltr'><strong>sapientia</strong></span> <span class='ocrx_word' id='word_1_484' title='bbox 3207 2774 3352 2842; x_wconf 89' lang='lat' dir='ltr'><strong>quod</strong></span> <span class='ocrx_word' id='word_1_485' title='bbox 3384 2774 3522 2829; x_wconf 83' lang='lat' dir='ltr'><strong>dici-</strong></span> 
     </span>
    </p>
   </div>
   <div class='ocr_carea' id='block_1_58' title="bbox 1928 2863 3519 2934">
    <p class='ocr_par' dir='ltr' id='par_1_58' title="bbox 1928 2863 3519 2934">
     <span class='ocr_line' id='line_1_58' title="bbox 1928 2863 3519 2934; baseline 0.002 -17"><span class='ocrx_word' id='word_1_486' title='bbox 1928 2873 2036 2929; x_wconf 86' lang='lat' dir='ltr'><strong>tur,</strong></span> <span class='ocrx_word' id='word_1_487' title='bbox 2105 2863 2423 2934; x_wconf 85' lang='lat' dir='ltr'><strong>priusquam</strong></span> <span class='ocrx_word' id='word_1_488' title='bbox 2484 2875 2627 2919; x_wconf 86' lang='lat' dir='ltr'><strong>terra</strong></span> <span class='ocrx_word' id='word_1_489' title='bbox 2687 2864 3059 2928; x_wconf 88' lang='lat' dir='ltr'><strong>conderetur,</strong></span> <span class='ocrx_word' id='word_1_490' title='bbox 3122 2874 3371 2919; x_wconf 81' lang='lat' dir='ltr'><strong>creatam</strong></span> <span class='ocrx_word' id='word_1_491' title='bbox 3412 2867 3519 2924; x_wconf 90' lang='lat' dir='ltr'><strong>dici</strong></span> 
     </span>
    </p>
   </div>
   <div class='ocr_carea' id='block_1_59' title="bbox 1925 2956 3525 3031">
    <p class='ocr_par' dir='ltr' id='par_1_59' title="bbox 1925 2956 3525 3031">
     <span class='ocr_line' id='line_1_59' title="bbox 1925 2956 3525 3031; baseline 0.003 -19"><span class='ocrx_word' id='word_1_492' title='bbox 1925 2972 2150 3012; x_wconf 88' lang='lat' dir='ltr'><strong>carnem</strong></span> <span class='ocrx_word' id='word_1_493' title='bbox 2180 2957 2506 3027; x_wconf 86' lang='lat' dir='ltr'><strong>principium</strong></span> <span class='ocrx_word' id='word_1_494' title='bbox 2539 2957 2749 3011; x_wconf 83' lang='lat' dir='ltr'><strong>viarum</strong></span> <span class='ocrx_word' id='word_1_495' title='bbox 2779 2957 2897 3013; x_wconf 89' lang='lat' dir='ltr'><strong>Dei.</strong></span> <span class='ocrx_word' id='word_1_496' title='bbox 2927 2956 3083 3024; x_wconf 85' lang='lat' dir='ltr'><strong>Quod</strong></span> <span class='ocrx_word' id='word_1_497' title='bbox 3130 2958 3174 3013; x_wconf 88' lang='lat' dir='ltr'><strong>si</strong></span> <span class='ocrx_word' id='word_1_498' title='bbox 3224 2974 3361 3015; x_wconf 87' lang='lat' dir='ltr'><strong>vero</strong></span> <span class='ocrx_word' id='word_1_499' title='bbox 3421 2975 3525 3031; x_wconf 88' lang='lat' dir='ltr'><strong>per</strong></span> 
     </span>
    </p>
   </div>
   <div class='ocr_carea' id='block_1_60' title="bbox 1928 3048 3524 3121">
    <p class='ocr_par' dir='ltr' id='par_1_60' title="bbox 1928 3048 3524 3121">
     <span class='ocr_line' id='line_1_60' title="bbox 1928 3048 3524 3121; baseline 0.001 -18"><span class='ocrx_word' id='word_1_500' title='bbox 1928 3061 2128 3103; x_wconf 86' lang='lat' dir='ltr'><strong>terram</strong></span> <span class='ocrx_word' id='word_1_501' title='bbox 2182 3048 2425 3103; x_wconf 89' lang='lat' dir='ltr'><strong>indicare</strong></span> <span class='ocrx_word' id='word_1_502' title='bbox 2471 3048 2644 3102; x_wconf 89' lang='lat' dir='ltr'><strong>voluit</strong></span> <span class='ocrx_word' id='word_1_503' title='bbox 2681 3064 2894 3102; x_wconf 85' lang='lat' dir='ltr'><strong>carnem</strong></span> <span class='ocrx_word' id='word_1_504' title='bbox 2930 3063 2949 3102; x_wconf 90' lang='lat'><strong><em>:</em></strong></span> <span class='ocrx_word' id='word_1_505' title='bbox 2981 3049 3255 3118; x_wconf 88' lang='lat' dir='ltr'><strong>quomodo</strong></span> <span class='ocrx_word' id='word_1_506' title='bbox 3301 3052 3524 3121; x_wconf 89' lang='lat' dir='ltr'><strong>cogitur</strong></span> 
     </span>
    </p>
   </div>
   <div class='ocr_carea' id='block_1_61' title="bbox 224 3135 1821 3212">
    <p class='ocr_par' dir='ltr' id='par_1_61' title="bbox 224 3135 1821 3212">
     <span class='ocr_line' id='line_1_61' title="bbox 224 3135 1821 3212; baseline -0.005 -16"><span class='ocrx_word' id='word_1_507' title='bbox 224 3140 353 3211; x_wconf 83' lang='grc' dir='ltr'><strong>Πρὸ</strong></span> <span class='ocrx_word' id='word_1_508' title='bbox 392 3140 502 3212; x_wconf 81' lang='grc' dir='ltr'>γὰρ</span> <span class='ocrx_word' id='word_1_509' title='bbox 543 3140 651 3194; x_wconf 83' lang='grc' dir='ltr'>τοῦ</span> <span class='ocrx_word' id='word_1_510' title='bbox 695 3136 942 3204; x_wconf 82' lang='grc' dir='ltr'>αἰῶνος,</span> <span class='ocrx_word' id='word_1_511' title='bbox 985 3138 1171 3209; x_wconf 69' lang='grc' dir='ltr'>φησιν,</span> <span class='ocrx_word' id='word_1_512' title='bbox 1215 3135 1577 3206; x_wconf 75' lang='grc' dir='ltr'>ἐθεμελίωέ</span> <span class='ocrx_word' id='word_1_513' title='bbox 1606 3152 1702 3206; x_wconf 80' lang='grc' dir='ltr'><strong>με,</strong></span> <span class='ocrx_word' id='word_1_514' title='bbox 1755 3136 1821 3188; x_wconf 81' lang='grc' dir='ltr'><strong>ὲν</strong></span> 
     </span>
    </p>
   </div>
   <div class='ocr_carea' id='block_1_62' title="bbox 1927 3135 3524 3212">
    <p class='ocr_par' dir='ltr' id='par_1_62' title="bbox 1927 3137 3524 3212">
     <span class='ocr_line' id='line_1_62' title="bbox 1927 3137 3524 3212; baseline 0.003 -19"><span class='ocrx_word' id='word_1_515' title='bbox 1927 3137 2173 3193; x_wconf 83' lang='lat' dir='ltr'><strong>conﬁteri</strong></span> <span class='ocrx_word' id='word_1_516' title='bbox 2203 3152 2309 3193; x_wconf 90' lang='lat' dir='ltr'><strong>non</strong></span> <span class='ocrx_word' id='word_1_517' title='bbox 2357 3139 2634 3194; x_wconf 79' lang='lat' dir='ltr'><strong>exstitisse</strong></span> <span class='ocrx_word' id='word_1_518' title='bbox 2677 3150 2807 3196; x_wconf 83' lang='lat' dir='ltr'><strong>ante</strong></span> <span class='ocrx_word' id='word_1_519' title='bbox 2858 3155 3075 3212; x_wconf 86' lang='lat' dir='ltr'><strong>carnem</strong></span> <span class='ocrx_word' id='word_1_520' title='bbox 3099 3142 3189 3211; x_wconf 89' lang='lat' dir='ltr'><strong>qui</strong></span> <span class='ocrx_word' id='word_1_521' title='bbox 3217 3142 3346 3196; x_wconf 89' lang='lat' dir='ltr'><strong>dicit</strong></span> <span class='ocrx_word' id='word_1_522' title='bbox 3380 3148 3439 3208; x_wconf 61' lang='grc' dir='ltr'><strong>ες</strong></span> <span class='ocrx_word' id='word_1_523' title='bbox 3461 3157 3524 3197; x_wconf 86' lang='lat' dir='ltr'><strong>se</strong></span> 
     </span>
    </p>
   </div>
   <div class='ocr_carea' id='block_1_63' title="bbox 225 3225 1821 3305">
    <p class='ocr_par' dir='ltr' id='par_1_63' title="bbox 225 3225 1821 3305">
     <span class='ocr_line' id='line_1_63' title="bbox 225 3225 1821 3305; baseline -0.005 -17"><span class='ocrx_word' id='word_1_524' title='bbox 225 3230 393 3305; x_wconf 70' lang='grc' dir='ltr'><strong>ἀί)χῇ</strong></span> <span class='ocrx_word' id='word_1_525' title='bbox 420 3232 537 3300; x_wconf 73' lang='grc' dir='ltr'>πρὸ</span> <span class='ocrx_word' id='word_1_526' title='bbox 572 3230 681 3285; x_wconf 84' lang='grc' dir='ltr'>τοῦ</span> <span class='ocrx_word' id='word_1_527' title='bbox 714 3229 828 3299; x_wconf 81' lang='grc' dir='ltr'><strong>τὴν</strong></span> <span class='ocrx_word' id='word_1_528' title='bbox 865 3227 980 3299; x_wconf 78' lang='grc' dir='ltr'>γῆν</span> <span class='ocrx_word' id='word_1_529' title='bbox 1030 3227 1305 3298; x_wconf 81' lang='grc' dir='ltr'>ποιῆσαι.</span> <span class='ocrx_word' id='word_1_530' title='bbox 1348 3227 1558 3283; x_wconf 78' lang='grc' dir='ltr'>Οὐκοῦν</span> <span class='ocrx_word' id='word_1_531' title='bbox 1592 3228 1699 3299; x_wconf 86' lang='grc' dir='ltr'>πρὸ</span> <span class='ocrx_word' id='word_1_532' title='bbox 1725 3225 1821 3280; x_wconf 83' lang='grc' dir='ltr'><strong>τοῦ</strong></span> 
     </span>
    </p>
   </div>
   <div class='ocr_carea' id='block_1_64' title="bbox 1927 3225 3526 3305">
    <p class='ocr_par' dir='ltr' id='par_1_64' title="bbox 1928 3229 3526 3300">
     <span class='ocr_line' id='line_1_64' title="bbox 1928 3229 3526 3300; baseline 0.003 -16"><span class='ocrx_word' id='word_1_533' title='bbox 1928 3230 2246 3300; x_wconf 72' lang='lat' dir='ltr'><strong>priusquam</strong></span> <span class='ocrx_word' id='word_1_534' title='bbox 2287 3240 2431 3284; x_wconf 89' lang='lat' dir='ltr'><strong>terra</strong></span> <span class='ocrx_word' id='word_1_535' title='bbox 2478 3230 2841 3296; x_wconf 87' lang='lat' dir='ltr'><strong>conderetur,</strong></span> <span class='ocrx_word' id='word_1_536' title='bbox 2875 3232 3193 3287; x_wconf 79' lang='lat' dir='ltr'><strong>exstitisse?</strong></span> <span class='ocrx_word' id='word_1_537' title='bbox 3230 3229 3367 3287; x_wconf 86' lang='lat' dir='ltr'><strong>Nam</strong></span> <span class='ocrx_word' id='word_1_538' title='bbox 3398 3243 3526 3288; x_wconf 79' lang='lat' dir='ltr'><strong>ante</strong></span> 
     </span>
    </p>
   </div>
   <div class='ocr_carea' id='block_1_65' title="bbox 222 3319 1824 3398">
    <p class='ocr_par' dir='ltr' id='par_1_65' title="bbox 222 3319 1824 3398">
     <span class='ocr_line' id='line_1_65' title="bbox 222 3319 1824 3398; baseline -0.002 -21"><span class='ocrx_word' id='word_1_539' title='bbox 222 3324 333 3398; x_wconf 68' lang='grc' dir='ltr'>τὴν</span> <span class='ocrx_word' id='word_1_540' title='bbox 373 3325 552 3396; x_wconf 83' lang='grc' dir='ltr'>σάρκα</span> <span class='ocrx_word' id='word_1_541' title='bbox 590 3323 816 3393; x_wconf 82' lang='grc' dir='ltr'>ποιῆσαι</span> <span class='ocrx_word' id='word_1_542' title='bbox 847 3322 876 3374; x_wconf 91' lang='lat'><strong>6</strong></span> <span class='ocrx_word' id='word_1_543' title='bbox 926 3320 1098 3375; x_wconf 80' lang='grc' dir='ltr'>ταῦτα</span> <span class='ocrx_word' id='word_1_544' title='bbox 1141 3320 1316 3389; x_wconf 71' lang='grc' dir='ltr'>λέγων</span> <span class='ocrx_word' id='word_1_545' title='bbox 1351 3320 1615 3392; x_wconf 85' lang='grc' dir='ltr'>ὑπῆρχεν.</span> <span class='ocrx_word' id='word_1_546' title='bbox 1658 3320 1721 3374; x_wconf 89' lang='grc' dir='ltr'>Εἰ</span> <span class='ocrx_word' id='word_1_547' title='bbox 1767 3319 1824 3373; x_wconf 86' lang='grc' dir='ltr'>δὲ</span> 
     </span>
    </p>
   </div>
   <div class='ocr_carea' id='block_1_66' title="bbox 229 3401 1823 3488">
    <p class='ocr_par' dir='ltr' id='par_1_66' title="bbox 229 3401 1823 3488">
     <span class='ocr_line' id='line_1_66' title="bbox 229 3401 1823 3488; baseline -0.006 -17"><span class='ocrx_word' id='word_1_548' title='bbox 229 3416 329 3471; x_wconf 77' lang='grc' dir='ltr'>καὶ</span> <span class='ocrx_word' id='word_1_549' title='bbox 362 3415 436 3488; x_wconf 79' lang='grc' dir='ltr'>μὴ</span> <span class='ocrx_word' id='word_1_550' title='bbox 462 3413 673 3468; x_wconf 82' lang='grc' dir='ltr'>πολλῶν</span> <span class='ocrx_word' id='word_1_551' title='bbox 712 3412 924 3467; x_wconf 85' lang='grc' dir='ltr'>αἰώνων</span> <span class='ocrx_word' id='word_1_552' title='bbox 954 3412 1382 3484; x_wconf 74' lang='grc' dir='ltr'>ἐμνημόνευσεν,</span> <span class='ocrx_word' id='word_1_553' title='bbox 1419 3409 1532 3464; x_wconf 85' lang='grc' dir='ltr'>ἀλλ’</span> <span class='ocrx_word' id='word_1_554' title='bbox 1576 3409 1716 3474; x_wconf 69' lang='grc' dir='ltr'>ἑνὸς,</span> <span class='ocrx_word' id='word_1_555' title='bbox 1760 3401 1823 3462; x_wconf 74' lang='grc' dir='ltr'><strong>οὗ</strong></span> 
     </span>
    </p>
   </div>
   <div class='ocr_carea' id='block_1_67' title="bbox 226 3502 1826 3578">
    <p class='ocr_par' dir='ltr' id='par_1_67' title="bbox 226 3502 1826 3578">
     <span class='ocr_line' id='line_1_67' title="bbox 226 3502 1826 3578; baseline -0.006 -14"><span class='ocrx_word' id='word_1_556' title='bbox 226 3509 327 3564; x_wconf 77' lang='grc' dir='ltr'>καὶ</span> <span class='ocrx_word' id='word_1_557' title='bbox 368 3510 396 3562; x_wconf 91' lang='grc' dir='ltr'><strong>ό</strong></span> <span class='ocrx_word' id='word_1_558' title='bbox 426 3507 617 3578; x_wconf 81' lang='grc' dir='ltr'>Σωτὴρ</span> <span class='ocrx_word' id='word_1_559' title='bbox 660 3505 906 3578; x_wconf 74' lang='grc' dir='ltr'>ἐμνήσθη</span> <span class='ocrx_word' id='word_1_560' title='bbox 946 3503 1147 3568; x_wconf 87' lang='grc' dir='ltr'>εἰπὼν,</span> <span class='ocrx_word' id='word_1_561' title='bbox 1186 3506 1254 3557; x_wconf 83' lang='lat' dir='ltr'><strong>Ol</strong></span> <span class='ocrx_word' id='word_1_562' title='bbox 1294 3502 1414 3557; x_wconf 76' lang='grc' dir='ltr'>υἱοὶ</span> <span class='ocrx_word' id='word_1_563' title='bbox 1458 3502 1568 3557; x_wconf 85' lang='grc' dir='ltr'>τοῦ</span> <span class='ocrx_word' id='word_1_564' title='bbox 1608 3502 1826 3567; x_wconf 81' lang='grc' dir='ltr'>αἰῶνος</span> 
     </span>
    </p>
   </div>
   <div class='ocr_carea' id='block_1_68' title="bbox 227 3592 1825 3666">
    <p class='ocr_par' dir='ltr' id='par_1_68' title="bbox 227 3592 1825 3666">
     <span class='ocr_line' id='line_1_68' title="bbox 227 3592 1825 3666; baseline -0.003 -16"><span class='ocrx_word' id='word_1_565' title='bbox 227 3596 447 3650; x_wconf 81' lang='grc' dir='ltr'>τούτου</span> <span class='ocrx_word' id='word_1_566' title='bbox 481 3593 739 3666; x_wconf 77' lang='grc' dir='ltr'>γαμοῦσι</span> <span class='ocrx_word' id='word_1_567' title='bbox 771 3595 869 3648; x_wconf 78' lang='grc' dir='ltr'>καὶ</span> <span class='ocrx_word' id='word_1_568' title='bbox 902 3594 1295 3664; x_wconf 75' lang='grc' dir='ltr'>γαμίσκονται</span> <span class='ocrx_word' id='word_1_569' title='bbox 1315 3634 1329 3658; x_wconf 92' lang='grc'><strong>,</strong></span> <span class='ocrx_word' id='word_1_570' title='bbox 1379 3593 1475 3647; x_wconf 73' lang='grc' dir='ltr'>καὶ</span> <span class='ocrx_word' id='word_1_571' title='bbox 1509 3592 1683 3657; x_wconf 79' lang='grc' dir='ltr'>οὕτως</span> <span class='ocrx_word' id='word_1_572' title='bbox 1726 3594 1825 3663; x_wconf 83' lang='grc' dir='ltr'><strong>οὐχ</strong></span> 
     </span>
    </p>
   </div>
   <div class='ocr_carea' id='block_1_69' title="bbox 228 3684 1825 3760">
    <p class='ocr_par' dir='ltr' id='par_1_69' title="bbox 228 3684 1825 3760">
     <span class='ocr_line' id='line_1_69' title="bbox 228 3684 1825 3760; baseline -0.002 -20"><span class='ocrx_word' id='word_1_573' title='bbox 228 3690 267 3760; x_wconf 76' lang='grc' dir='ltr'><strong>ἡ</strong></span> <span class='ocrx_word' id='word_1_574' title='bbox 294 3685 433 3758; x_wconf 78' lang='grc' dir='ltr'>σὰρξ</span> <span class='ocrx_word' id='word_1_575' title='bbox 455 3688 520 3759; x_wconf 75' lang='grc' dir='ltr'>ἢν</span> <span class='ocrx_word' id='word_1_576' title='bbox 550 3686 840 3758; x_wconf 82' lang='grc' dir='ltr'>ἀνείληφεν</span> <span class='ocrx_word' id='word_1_577' title='bbox 866 3688 894 3739; x_wconf 91' lang='lat'><strong>6</strong></span> <span class='ocrx_word' id='word_1_578' title='bbox 923 3685 1113 3758; x_wconf 77' lang='grc' dir='ltr'>Σωτὴρ</span> <span class='ocrx_word' id='word_1_579' title='bbox 1144 3685 1304 3758; x_wconf 79' lang='grc' dir='ltr'>ἡμῶν</span> <span class='ocrx_word' id='word_1_580' title='bbox 1333 3685 1441 3758; x_wconf 83' lang='lat' dir='ltr'><strong>«pb</strong></span> <span class='ocrx_word' id='word_1_581' title='bbox 1469 3684 1566 3739; x_wconf 81' lang='grc' dir='ltr'><strong>τοῦ</strong></span> <span class='ocrx_word' id='word_1_582' title='bbox 1592 3684 1825 3738; x_wconf 74' lang='grc' dir='ltr'>ἐνεστῶ-</span> 
     </span>
    </p>
   </div>
   <div class='ocr_carea' id='block_1_70' title="bbox 226 3775 1827 3849">
    <p class='ocr_par' dir='ltr' id='par_1_70' title="bbox 226 3775 1827 3849">
     <span class='ocr_line' id='line_1_70' title="bbox 226 3775 1827 3849; baseline -0.001 -18"><span class='ocrx_word' id='word_1_583' title='bbox 226 3793 323 3841; x_wconf 82' lang='grc' dir='ltr'><strong>τος</strong></span> <span class='ocrx_word' id='word_1_584' title='bbox 350 3777 545 3843; x_wconf 87' lang='grc' dir='ltr'>αἰῶνος</span> <span class='ocrx_word' id='word_1_585' title='bbox 570 3778 785 3849; x_wconf 84' lang='grc' dir='ltr'>ὑπῆρχε</span> <span class='ocrx_word' id='word_1_586' title='bbox 806 3793 819 3807; x_wconf 87' lang='grc'><strong>·</strong></span> <span class='ocrx_word' id='word_1_587' title='bbox 863 3777 976 3831; x_wconf 87' lang='grc' dir='ltr'>ἀλλ’</span> <span class='ocrx_word' id='word_1_588' title='bbox 1006 3777 1169 3841; x_wconf 80' lang='grc' dir='ltr'>αὐτὸς</span> <span class='ocrx_word' id='word_1_589' title='bbox 1193 3779 1223 3831; x_wconf 88' lang='lat'><strong>6</strong></span> <span class='ocrx_word' id='word_1_590' title='bbox 1258 3775 1430 3831; x_wconf 85' lang='grc' dir='ltr'>ταῦτα</span> <span class='ocrx_word' id='word_1_591' title='bbox 1459 3776 1548 3831; x_wconf 83' lang='grc' dir='ltr'>διὰ</span> <span class='ocrx_word' id='word_1_592' title='bbox 1576 3776 1827 3848; x_wconf 84' lang='grc' dir='ltr'>Σολομῶ-</span> 
     </span>
    </p>
   </div>
   <div class='ocr_carea' id='block_1_71' title="bbox 228 3869 1827 3943">
    <p class='ocr_par' dir='ltr' id='par_1_71' title="bbox 228 3869 1827 3943">
     <span class='ocr_line' id='line_1_71' title="bbox 228 3869 1827 3943; baseline -0.001 -19"><span class='ocrx_word' id='word_1_593' title='bbox 228 3887 324 3936; x_wconf 89' lang='grc' dir='ltr'><strong>νος</strong></span> <span class='ocrx_word' id='word_1_594' title='bbox 350 3871 636 3937; x_wconf 82' lang='grc' dir='ltr'>διδάσκων,</span> <span class='ocrx_word' id='word_1_595' title='bbox 663 3872 795 3941; x_wconf 77' lang='grc' dir='ltr'>όρᾷς</span> <span class='ocrx_word' id='word_1_596' title='bbox 820 3871 923 3943; x_wconf 84' lang='grc' dir='ltr'><strong>ὅσῃ</strong></span> <span class='ocrx_word' id='word_1_597' title='bbox 952 3869 1343 3943; x_wconf 80' lang='grc' dir='ltr'>περιπέπτωκε</span> <span class='ocrx_word' id='word_1_598' title='bbox 1366 3870 1644 3942; x_wconf 72' lang='grc' dir='ltr'>δυσχωρία</span> <span class='ocrx_word' id='word_1_599' title='bbox 1671 3871 1700 3922; x_wconf 87' lang='grc' dir='ltr'><strong>ὁ</strong></span> <span class='ocrx_word' id='word_1_600' title='bbox 1727 3871 1827 3941; x_wconf 83' lang='grc' dir='ltr'><strong>τῆς</strong></span> 
     </span>
    </p>
   </div>
   <div class='ocr_carea' id='block_1_72' title="bbox 228 3962 1827 4034">
    <p class='ocr_par' dir='ltr' id='par_1_72' title="bbox 228 3962 1827 4034">
     <span class='ocr_line' id='line_1_72' title="bbox 228 3962 1827 4034; baseline -0.001 -16"><span class='ocrx_word' id='word_1_601' title='bbox 228 3962 449 4027; x_wconf 75' lang='grc' dir='ltr'>εὐθείας</span> <span class='ocrx_word' id='word_1_602' title='bbox 480 3964 576 4017; x_wconf 73' lang='grc' dir='ltr'>καὶ</span> <span class='ocrx_word' id='word_1_603' title='bbox 610 3962 722 4034; x_wconf 81' lang='grc'><strong>(81)</strong></span> <span class='ocrx_word' id='word_1_604' title='bbox 760 3963 1044 4034; x_wconf 81' lang='grc' dir='ltr'>βασιλικῆς</span> <span class='ocrx_word' id='word_1_605' title='bbox 1087 3964 1468 4034; x_wconf 75' lang='grc' dir='ltr'>παρατραπεὶς</span> <span class='ocrx_word' id='word_1_606' title='bbox 1508 3964 1651 4017; x_wconf 85' lang='grc' dir='ltr'>ὁδοῦ.</span> <span class='ocrx_word' id='word_1_607' title='bbox 1690 3964 1827 4017; x_wconf 82' lang='grc' dir='ltr'>Ὁδὲ</span> 
     </span>
    </p>
   </div>
   <div class='ocr_carea' id='block_1_73' title="bbox 227 4051 1828 4125">
    <p class='ocr_par' dir='ltr' id='par_1_73' title="bbox 227 4051 1828 4125">
     <span class='ocr_line' id='line_1_73' title="bbox 227 4051 1828 4125; baseline -0.002 -17"><span class='ocrx_word' id='word_1_608' title='bbox 227 4052 375 4125; x_wconf 78' lang='grc' dir='ltr'>πρὸς</span> <span class='ocrx_word' id='word_1_609' title='bbox 413 4056 533 4117; x_wconf 84' lang='grc' dir='ltr'>ταῖς</span> <span class='ocrx_word' id='word_1_610' title='bbox 563 4053 882 4125; x_wconf 80' lang='grc' dir='ltr'>εἰρημέναις</span> <span class='ocrx_word' id='word_1_611' title='bbox 916 4051 997 4105; x_wconf 71' lang='grc' dir='ltr'>ἔτι</span> <span class='ocrx_word' id='word_1_612' title='bbox 1038 4052 1134 4105; x_wconf 73' lang='grc' dir='ltr'>καὶ</span> <span class='ocrx_word' id='word_1_613' title='bbox 1176 4051 1353 4107; x_wconf 79' lang='grc' dir='ltr'>ταῦτα</span> <span class='ocrx_word' id='word_1_614' title='bbox 1382 4051 1708 4124; x_wconf 86' lang='grc' dir='ltr'>προστίθησι</span> <span class='ocrx_word' id='word_1_615' title='bbox 1740 4052 1828 4105; x_wconf 79' lang='grc' dir='ltr'><strong>λέ-</strong></span> 
     </span>
    </p>
   </div>
   <div class='ocr_carea' id='block_1_74' title="bbox 229 4138 1830 4217">
    <p class='ocr_par' dir='ltr' id='par_1_74' title="bbox 229 4138 1830 4217">
     <span class='ocr_line' id='line_1_74' title="bbox 229 4138 1830 4217; baseline -0.001 -18"><span class='ocrx_word' id='word_1_616' title='bbox 229 4138 380 4215; x_wconf 84' lang='grc' dir='ltr'>γων·</span> <span class='ocrx_word' id='word_1_617' title='bbox 416 4144 534 4215; x_wconf 84' lang='grc' dir='ltr'><strong>Πρὸ</strong></span> <span class='ocrx_word' id='word_1_618' title='bbox 573 4144 678 4199; x_wconf 87' lang='grc' dir='ltr'>τοῦ</span> <span class='ocrx_word' id='word_1_619' title='bbox 708 4144 813 4211; x_wconf 83' lang='grc' dir='ltr'><strong>τὰς</strong></span> <span class='ocrx_word' id='word_1_620' title='bbox 843 4145 1158 4210; x_wconf 72' lang='grc' dir='ltr'>ἀϐύσσους</span> <span class='ocrx_word' id='word_1_621' title='bbox 1195 4143 1481 4213; x_wconf 77' lang='grc' dir='ltr'>ποιῆσαι,</span> <span class='ocrx_word' id='word_1_622' title='bbox 1514 4146 1709 4217; x_wconf 72' lang='grc' dir='ltr'>φησιν’</span> <span class='ocrx_word' id='word_1_623' title='bbox 1743 4146 1830 4197; x_wconf 80' lang='grc' dir='ltr'><strong>ὲν-</strong></span> 
     </span>
    </p>
   </div>
   <div class='ocr_carea' id='block_1_75' title="bbox 228 4237 1829 4310">
    <p class='ocr_par' dir='ltr' id='par_1_75' title="bbox 228 4237 1829 4310">
     <span class='ocr_line' id='line_1_75' title="bbox 228 4237 1829 4310; baseline -0.002 -16"><span class='ocrx_word' id='word_1_624' title='bbox 228 4238 412 4294; x_wconf 79' lang='grc' dir='ltr'>ταῦθα</span> <span class='ocrx_word' id='word_1_625' title='bbox 441 4239 539 4302; x_wconf 80' lang='grc' dir='ltr'>τὰς</span> <span class='ocrx_word' id='word_1_626' title='bbox 580 4238 848 4301; x_wconf 77' lang='grc' dir='ltr'>ἀϐύσσους</span> <span class='ocrx_word' id='word_1_627' title='bbox 892 4237 1279 4310; x_wconf 87' lang='grc' dir='ltr'>παροιμιωδῶς</span> <span class='ocrx_word' id='word_1_628' title='bbox 1321 4241 1350 4292; x_wconf 87' lang='grc' dir='ltr'>ὁ</span> <span class='ocrx_word' id='word_1_629' title='bbox 1395 4240 1684 4309; x_wconf 81' lang='grc' dir='ltr'>προφήτης</span> <span class='ocrx_word' id='word_1_630' title='bbox 1728 4238 1829 4302; x_wconf 79' lang='grc' dir='ltr'><strong>τὰς</strong></span> 
     </span>
    </p>
   </div>
   <div class='ocr_carea' id='block_1_76' title="bbox 1924 3322 3523 3394">
    <p class='ocr_par' dir='ltr' id='par_1_76' title="bbox 1924 3322 3523 3394">
     <span class='ocr_line' id='line_1_76' title="bbox 1924 3322 3523 3394; baseline 0.001 -17"><span class='ocrx_word' id='word_1_631' title='bbox 1924 3322 2201 3387; x_wconf 66' lang='lat' dir='ltr'><strong>saeculum,</strong></span> <span class='ocrx_word' id='word_1_632' title='bbox 2252 3322 2448 3392; x_wconf 86' lang='lat' dir='ltr'><strong>inquit,</strong></span> <span class='ocrx_word' id='word_1_633' title='bbox 2500 3323 2743 3392; x_wconf 74' lang='lat' dir='ltr'><strong>fundavit</strong></span> <span class='ocrx_word' id='word_1_634' title='bbox 2783 3340 2900 3388; x_wconf 82' lang='lat' dir='ltr'><strong>me,</strong></span> <span class='ocrx_word' id='word_1_635' title='bbox 2947 3325 3005 3378; x_wconf 86' lang='lat' dir='ltr'><strong>in</strong></span> <span class='ocrx_word' id='word_1_636' title='bbox 3050 3324 3322 3394; x_wconf 84' lang='lat' dir='ltr'><strong>principio</strong></span> <span class='ocrx_word' id='word_1_637' title='bbox 3368 3333 3523 3379; x_wconf 76' lang='lat' dir='ltr'><strong>ants-</strong></span> 
     </span>
    </p>
   </div>
   <div class='ocr_carea' id='block_1_77' title="bbox 1925 3416 3521 3487">
    <p class='ocr_par' dir='ltr' id='par_1_77' title="bbox 1925 3416 3521 3487">
     <span class='ocr_line' id='line_1_77' title="bbox 1925 3416 3521 3487; baseline 0.003 -18"><span class='ocrx_word' id='word_1_638' title='bbox 1925 3432 2084 3485; x_wconf 87' lang='lat' dir='ltr'><strong>quam</strong></span> <span class='ocrx_word' id='word_1_639' title='bbox 2113 3426 2307 3469; x_wconf 84' lang='lat' dir='ltr'><strong>terram</strong></span> <span class='ocrx_word' id='word_1_640' title='bbox 2333 3416 2552 3485; x_wconf 77' lang='lat' dir='ltr'><strong>faceret.</strong></span> <span class='ocrx_word' id='word_1_641' title='bbox 2585 3418 2764 3487; x_wconf 79' lang='lat' dir='ltr'><strong>Atque</strong></span> <span class='ocrx_word' id='word_1_642' title='bbox 2789 3418 2859 3472; x_wconf 89' lang='lat' dir='ltr'><strong>ita</strong></span> <span class='ocrx_word' id='word_1_643' title='bbox 2901 3418 2994 3487; x_wconf 87' lang='lat' dir='ltr'><strong>qui</strong></span> <span class='ocrx_word' id='word_1_644' title='bbox 3036 3418 3139 3472; x_wconf 88' lang='lat' dir='ltr'><strong>ista</strong></span> <span class='ocrx_word' id='word_1_645' title='bbox 3172 3420 3238 3473; x_wconf 91' lang='lat' dir='ltr'><strong>de</strong></span> <span class='ocrx_word' id='word_1_646' title='bbox 3274 3432 3333 3473; x_wconf 83' lang='lat' dir='ltr'><strong>se</strong></span> <span class='ocrx_word' id='word_1_647' title='bbox 3362 3417 3521 3480; x_wconf 72' lang='lat' dir='ltr'><strong>dixit,</strong></span> 
     </span>
    </p>
   </div>
   <div class='ocr_carea' id='block_1_78' title="bbox 1926 3506 3522 3579">
    <p class='ocr_par' dir='ltr' id='par_1_78' title="bbox 1926 3506 3522 3579">
     <span class='ocr_line' id='line_1_78' title="bbox 1926 3506 3522 3579; baseline 0.002 -17"><span class='ocrx_word' id='word_1_648' title='bbox 1926 3519 2075 3563; x_wconf 82' lang='lat' dir='ltr'><strong>certe</strong></span> <span class='ocrx_word' id='word_1_649' title='bbox 2101 3506 2399 3562; x_wconf 80' lang='lat' dir='ltr'><strong>exsistebat</strong></span> <span class='ocrx_word' id='word_1_650' title='bbox 2427 3518 2556 3564; x_wconf 86' lang='lat' dir='ltr'><strong>ante</strong></span> <span class='ocrx_word' id='word_1_651' title='bbox 2581 3524 2824 3564; x_wconf 88' lang='lat' dir='ltr'><strong>carnem.</strong></span> <span class='ocrx_word' id='word_1_652' title='bbox 2859 3508 2970 3565; x_wconf 80' lang='lat' dir='ltr'><strong>Nec</strong></span> <span class='ocrx_word' id='word_1_653' title='bbox 3018 3509 3185 3564; x_wconf 74' lang='lat' dir='ltr'><strong>refert</strong></span> <span class='ocrx_word' id='word_1_654' title='bbox 3215 3510 3363 3579; x_wconf 87' lang='lat' dir='ltr'><strong>quod</strong></span> <span class='ocrx_word' id='word_1_655' title='bbox 3411 3525 3522 3566; x_wconf 89' lang='lat' dir='ltr'><strong>non</strong></span> 
     </span>
    </p>
   </div>
   <div class='ocr_carea' id='block_1_79' title="bbox 1927 3600 3515 3672">
    <p class='ocr_par' dir='ltr' id='par_1_79' title="bbox 1927 3600 3515 3672">
     <span class='ocr_line' id='line_1_79' title="bbox 1927 3600 3515 3672; baseline 0.001 -18"><span class='ocrx_word' id='word_1_656' title='bbox 1927 3600 2244 3655; x_wconf 88' lang='lat' dir='ltr'><strong>meminerit</strong></span> <span class='ocrx_word' id='word_1_657' title='bbox 2272 3601 2629 3672; x_wconf 88' lang='lat' dir='ltr'><strong>plurimorum</strong></span> <span class='ocrx_word' id='word_1_658' title='bbox 2664 3600 2988 3657; x_wconf 65' lang='lat' dir='ltr'><strong>timendorum</strong></span> <span class='ocrx_word' id='word_1_659' title='bbox 3014 3642 3029 3666; x_wconf 86' lang='lat'><strong>,</strong></span> <span class='ocrx_word' id='word_1_660' title='bbox 3065 3603 3160 3657; x_wconf 89' lang='lat' dir='ltr'><strong>sed</strong></span> <span class='ocrx_word' id='word_1_661' title='bbox 3194 3600 3379 3666; x_wconf 88' lang='lat' dir='ltr'><strong>unius,</strong></span> <span class='ocrx_word' id='word_1_662' title='bbox 3426 3615 3515 3657; x_wconf 84' lang='lat' dir='ltr'><strong>cu-</strong></span> 
     </span>
    </p>
   </div>
   <div class='ocr_carea' id='block_1_80' title="bbox 1922 3690 3523 3763">
    <p class='ocr_par' dir='ltr' id='par_1_80' title="bbox 1922 3690 3523 3763">
     <span class='ocr_line' id='line_1_80' title="bbox 1922 3690 3523 3763; baseline 0.003 -18"><span class='ocrx_word' id='word_1_663' title='bbox 1922 3692 2013 3763; x_wconf 85' lang='lat' dir='ltr'><strong>jus</strong></span> <span class='ocrx_word' id='word_1_664' title='bbox 2040 3701 2094 3747; x_wconf 91' lang='lat' dir='ltr'><strong>et</strong></span> <span class='ocrx_word' id='word_1_665' title='bbox 2121 3691 2381 3748; x_wconf 88' lang='lat' dir='ltr'><strong>Servator</strong></span> <span class='ocrx_word' id='word_1_666' title='bbox 2414 3693 2700 3759; x_wconf 86' lang='lat' dir='ltr'><strong>meminit,</strong></span> <span class='ocrx_word' id='word_1_667' title='bbox 2726 3693 3009 3763; x_wconf 89' lang='lat' dir='ltr'><strong>inquiens,</strong></span> <span class='ocrx_word' id='word_1_668' title='bbox 3037 3690 3171 3747; x_wconf 83' lang='lat' dir='ltr'><strong>Filii</strong></span> <span class='ocrx_word' id='word_1_669' title='bbox 3211 3694 3371 3761; x_wconf 83' lang='lat' dir='ltr'><strong>hujus</strong></span> <span class='ocrx_word' id='word_1_670' title='bbox 3416 3710 3523 3749; x_wconf 80' lang='lat' dir='ltr'><strong>sar-</strong></span> 
     </span>
    </p>
   </div>
   <div class='ocr_carea' id='block_1_81' title="bbox 1930 3788 3524 3857">
    <p class='ocr_par' dir='ltr' id='par_1_81' title="bbox 1930 3788 3524 3857">
     <span class='ocr_line' id='line_1_81' title="bbox 1930 3788 3524 3857; baseline 0.001 -14"><span class='ocrx_word' id='word_1_671' title='bbox 1930 3788 2036 3843; x_wconf 83' lang='lat' dir='ltr'><strong>culi</strong></span> <span class='ocrx_word' id='word_1_672' title='bbox 2074 3789 2202 3843; x_wconf 86' lang='lat' dir='ltr'><strong>dant</strong></span> <span class='ocrx_word' id='word_1_673' title='bbox 2232 3799 2279 3843; x_wconf 83' lang='lat' dir='ltr'><strong>et</strong></span> <span class='ocrx_word' id='word_1_674' title='bbox 2319 3790 2582 3857; x_wconf 82' lang='lat' dir='ltr'><strong>accipiunt</strong></span> <span class='ocrx_word' id='word_1_675' title='bbox 2615 3790 2669 3842; x_wconf 87' lang='lat' dir='ltr'><strong>in</strong></span> <span class='ocrx_word' id='word_1_676' title='bbox 2713 3791 3108 3842; x_wconf 82' lang='lat' dir='ltr'><strong>matrimonium</strong></span> <span class='ocrx_word' id='word_1_677' title='bbox 3142 3789 3209 3846; x_wconf 85' lang='grc'><strong>³⁶.</strong></span> <span class='ocrx_word' id='word_1_678' title='bbox 3236 3788 3417 3857; x_wconf 81' lang='lat' dir='ltr'><strong>Atque</strong></span> <span class='ocrx_word' id='word_1_679' title='bbox 3447 3788 3524 3844; x_wconf 86' lang='lat' dir='ltr'><strong>ita</strong></span> 
     </span>
    </p>
   </div>
   <div class='ocr_carea' id='block_1_82' title="bbox 1929 3879 3526 3950">
    <p class='ocr_par' dir='ltr' id='par_1_82' title="bbox 1929 3879 3526 3950">
     <span class='ocr_line' id='line_1_82' title="bbox 1929 3879 3526 3950; baseline -0.003 -13"><span class='ocrx_word' id='word_1_680' title='bbox 1929 3897 2037 3937; x_wconf 90' lang='lat' dir='ltr'><strong>non</strong></span> <span class='ocrx_word' id='word_1_681' title='bbox 2070 3896 2225 3945; x_wconf 87' lang='lat' dir='ltr'><strong>caro,</strong></span> <span class='ocrx_word' id='word_1_682' title='bbox 2255 3896 2419 3950; x_wconf 88' lang='lat' dir='ltr'><strong>quam</strong></span> <span class='ocrx_word' id='word_1_683' title='bbox 2460 3879 2699 3948; x_wconf 87' lang='lat' dir='ltr'><strong>suscepit</strong></span> <span class='ocrx_word' id='word_1_684' title='bbox 2727 3879 2990 3933; x_wconf 79' lang='lat' dir='ltr'><strong>Servatur</strong></span> <span class='ocrx_word' id='word_1_685' title='bbox 3014 3888 3198 3933; x_wconf 89' lang='lat' dir='ltr'><strong>noster</strong></span> <span class='ocrx_word' id='word_1_686' title='bbox 3226 3890 3353 3932; x_wconf 89' lang='lat' dir='ltr'><strong>ante</strong></span> <span class='ocrx_word' id='word_1_687' title='bbox 3385 3893 3526 3949; x_wconf 70' lang='lat' dir='ltr'><strong>prae-</strong></span> 
     </span>
    </p>
   </div>
   <div class='ocr_carea' id='block_1_83' title="bbox 1930 3971 3526 4040">
    <p class='ocr_par' dir='ltr' id='par_1_83' title="bbox 1930 3971 3526 4040">
     <span class='ocr_line' id='line_1_83' title="bbox 1930 3971 3526 4040; baseline -0.004 -8"><span class='ocrx_word' id='word_1_688' title='bbox 1930 3991 2058 4032; x_wconf 88' lang='lat' dir='ltr'><strong>sens</strong></span> <span class='ocrx_word' id='word_1_689' title='bbox 2109 3977 2210 4030; x_wconf 89' lang='lat' dir='ltr'><strong>hoc</strong></span> <span class='ocrx_word' id='word_1_690' title='bbox 2269 3974 2526 4029; x_wconf 62' lang='lat' dir='ltr'><strong>saeculum</strong></span> <span class='ocrx_word' id='word_1_691' title='bbox 2581 3973 2881 4027; x_wconf 77' lang='lat' dir='ltr'><strong>exsistebat</strong></span> <span class='ocrx_word' id='word_1_692' title='bbox 2920 3986 2937 4027; x_wconf 90' lang='lat'><strong>:</strong></span> <span class='ocrx_word' id='word_1_693' title='bbox 2980 3972 3076 4027; x_wconf 90' lang='lat' dir='ltr'><strong>sed</strong></span> <span class='ocrx_word' id='word_1_694' title='bbox 3111 3971 3226 4037; x_wconf 91' lang='lat' dir='ltr'><strong>ille,</strong></span> <span class='ocrx_word' id='word_1_695' title='bbox 3271 3971 3361 4040; x_wconf 88' lang='lat' dir='ltr'><strong>qui</strong></span> <span class='ocrx_word' id='word_1_696' title='bbox 3408 3972 3526 4026; x_wconf 60' lang='lat' dir='ltr'><strong>hac</strong></span> 
     </span>
    </p>
   </div>
   <div class='ocr_carea' id='block_1_84' title="bbox 1931 4062 3526 4137">
    <p class='ocr_par' dir='ltr' id='par_1_84' title="bbox 1931 4062 3526 4137">
     <span class='ocr_line' id='line_1_84' title="bbox 1931 4062 3526 4137; baseline -0.004 -13"><span class='ocrx_word' id='word_1_697' title='bbox 1931 4069 2124 4124; x_wconf 88' lang='lat' dir='ltr'><strong>eadem</strong></span> <span class='ocrx_word' id='word_1_698' title='bbox 2179 4082 2277 4137; x_wconf 89' lang='lat' dir='ltr'><strong>per</strong></span> <span class='ocrx_word' id='word_1_699' title='bbox 2321 4066 2669 4123; x_wconf 88' lang='lat' dir='ltr'><strong>Salomonem</strong></span> <span class='ocrx_word' id='word_1_700' title='bbox 2721 4064 2940 4129; x_wconf 85' lang='lat' dir='ltr'><strong>docuit;</strong></span> <span class='ocrx_word' id='word_1_701' title='bbox 2988 4064 3139 4119; x_wconf 82' lang='lat' dir='ltr'><strong>vides</strong></span> <span class='ocrx_word' id='word_1_702' title='bbox 3173 4062 3262 4118; x_wconf 86' lang='lat' dir='ltr'><strong>ille</strong></span> <span class='ocrx_word' id='word_1_703' title='bbox 3308 4064 3526 4134; x_wconf 86' lang='lat' dir='ltr'><strong>inquas</strong></span> 
     </span>
    </p>
   </div>
   <div class='ocr_carea' id='block_1_85' title="bbox 1936 4156 3524 4231">
    <p class='ocr_par' dir='ltr' id='par_1_85' title="bbox 1936 4156 3524 4231">
     <span class='ocr_line' id='line_1_85' title="bbox 1936 4156 3524 4231; baseline -0.001 -18"><span class='ocrx_word' id='word_1_704' title='bbox 1936 4160 2224 4231; x_wconf 78' lang='lat' dir='ltr'><strong>angustias</strong></span> <span class='ocrx_word' id='word_1_705' title='bbox 2269 4174 2326 4213; x_wconf 86' lang='lat' dir='ltr'><strong>sc</strong></span> <span class='ocrx_word' id='word_1_706' title='bbox 2375 4158 2694 4229; x_wconf 87' lang='lat' dir='ltr'><strong>conjecerit,</strong></span> <span class='ocrx_word' id='word_1_707' title='bbox 2725 4156 2819 4227; x_wconf 88' lang='lat' dir='ltr'><strong>qui</strong></span> <span class='ocrx_word' id='word_1_708' title='bbox 2863 4158 2930 4212; x_wconf 88' lang='lat' dir='ltr'><strong>de</strong></span> <span class='ocrx_word' id='word_1_709' title='bbox 2972 4156 3121 4227; x_wconf 88' lang='lat' dir='ltr'><strong>regia</strong></span> <span class='ocrx_word' id='word_1_710' title='bbox 3167 4166 3221 4211; x_wconf 91' lang='lat' dir='ltr'><strong>et</strong></span> <span class='ocrx_word' id='word_1_711' title='bbox 3264 4166 3409 4211; x_wconf 91' lang='lat' dir='ltr'><strong>recta</strong></span> <span class='ocrx_word' id='word_1_712' title='bbox 3436 4156 3524 4211; x_wconf 85' lang='lat' dir='ltr'><strong>via</strong></span> 
     </span>
    </p>
   </div>
   <div class='ocr_carea' id='block_1_86' title="bbox 1930 4247 3530 4317">
    <p class='ocr_par' dir='ltr' id='par_1_86' title="bbox 1930 4247 3530 4317">
     <span class='ocr_line' id='line_1_86' title="bbox 1930 4247 3530 4317; baseline -0.001 -11"><span class='ocrx_word' id='word_1_713' title='bbox 1930 4251 2239 4306; x_wconf 82' lang='lat' dir='ltr'><strong>declinavit.</strong></span> <span class='ocrx_word' id='word_1_714' title='bbox 2261 4250 2340 4304; x_wconf 86' lang='lat' dir='ltr'><strong>Ad</strong></span> <span class='ocrx_word' id='word_1_715' title='bbox 2371 4250 2457 4304; x_wconf 89' lang='lat' dir='ltr'><strong>illa</strong></span> <span class='ocrx_word' id='word_1_716' title='bbox 2485 4259 2668 4305; x_wconf 87' lang='lat' dir='ltr'><strong>autem</strong></span> <span class='ocrx_word' id='word_1_717' title='bbox 2687 4248 2833 4305; x_wconf 85' lang='lat' dir='ltr'><strong>dicta</strong></span> <span class='ocrx_word' id='word_1_718' title='bbox 2864 4249 3114 4317; x_wconf 85' lang='lat' dir='ltr'><strong>superius</strong></span> <span class='ocrx_word' id='word_1_719' title='bbox 3129 4257 3183 4303; x_wconf 88' lang='lat' dir='ltr'><strong>et</strong></span> <span class='ocrx_word' id='word_1_720' title='bbox 3202 4247 3301 4303; x_wconf 84' lang='lat' dir='ltr'><strong>ista</strong></span> <span class='ocrx_word' id='word_1_721' title='bbox 3327 4248 3477 4303; x_wconf 82' lang='lat' dir='ltr'><strong>addit</strong></span> <span class='ocrx_word' id='word_1_722' title='bbox 3508 4266 3530 4305; x_wconf 74' lang='grc' dir='ltr'><strong>ι</strong></span> 
     </span>
    </p>
   </div>
   <div class='ocr_carea' id='block_1_87' title="bbox 228 4326 1821 4413">
    <p class='ocr_par' dir='ltr' id='par_1_87' title="bbox 228 4326 1821 4401">
     <span class='ocr_line' id='line_1_87' title="bbox 228 4326 1821 4401; baseline 0 -17"><span class='ocrx_word' id='word_1_723' title='bbox 228 4330 344 4384; x_wconf 88' lang='grc' dir='ltr'><strong>τῶν</strong></span> <span class='ocrx_word' id='word_1_724' title='bbox 385 4330 555 4398; x_wconf 82' lang='grc' dir='ltr'>ἁγίων</span> <span class='ocrx_word' id='word_1_725' title='bbox 604 4330 834 4399; x_wconf 88' lang='grc' dir='ltr'>καρδίας</span> <span class='ocrx_word' id='word_1_726' title='bbox 872 4326 1009 4383; x_wconf 72' lang='grc' dir='ltr'>εἶναι</span> <span class='ocrx_word' id='word_1_727' title='bbox 1051 4329 1236 4399; x_wconf 83' lang='grc' dir='ltr'>λέγει,</span> <span class='ocrx_word' id='word_1_728' title='bbox 1271 4329 1370 4393; x_wconf 84' lang='grc' dir='ltr'>τὰς</span> <span class='ocrx_word' id='word_1_729' title='bbox 1420 4332 1477 4383; x_wconf 78' lang='grc' dir='ltr'>ὲν</span> <span class='ocrx_word' id='word_1_730' title='bbox 1506 4330 1586 4401; x_wconf 82' lang='grc' dir='ltr'>τῷ</span> <span class='ocrx_word' id='word_1_731' title='bbox 1619 4329 1821 4384; x_wconf 81' lang='grc' dir='ltr'>ἑαυτῶν</span> 
     </span>
    </p>
   </div>
   <div class='ocr_carea' id='block_1_88' title="bbox 1927 4326 3531 4413">
    <p class='ocr_par' dir='ltr' id='par_1_88' title="bbox 1939 4339 3531 4413">
     <span class='ocr_line' id='line_1_88' title="bbox 1939 4339 3531 4413; baseline 0.001 -19"><span class='ocrx_word' id='word_1_732' title='bbox 1939 4360 1957 4394; x_wconf 85' lang='grc' dir='ltr'><strong>ι</strong></span> <span class='ocrx_word' id='word_1_733' title='bbox 1997 4340 2316 4413; x_wconf 79' lang='lat' dir='ltr'><strong>Priusquam</strong></span> <span class='ocrx_word' id='word_1_734' title='bbox 2366 4343 2613 4397; x_wconf 81' lang='lat' dir='ltr'><strong>conderet</strong></span> <span class='ocrx_word' id='word_1_735' title='bbox 2669 4342 2883 4413; x_wconf 82' lang='lat' dir='ltr'><strong>abyssos</strong></span> <span class='ocrx_word' id='word_1_736' title='bbox 2916 4356 2935 4395; x_wconf 93' lang='lat'><strong><em>:</em></strong></span> <span class='ocrx_word' id='word_1_737' title='bbox 2986 4340 3094 4405; x_wconf 81' lang='lat' dir='ltr'><strong>hic,</strong></span> <span class='ocrx_word' id='word_1_738' title='bbox 3132 4339 3329 4410; x_wconf 89' lang='lat' dir='ltr'><strong>inquit,</strong></span> <span class='ocrx_word' id='word_1_739' title='bbox 3365 4339 3531 4412; x_wconf 82' lang='lat' dir='ltr'><strong>abys-</strong></span> 
     </span>
    </p>
   </div>
   <div class='ocr_carea' id='block_1_89' title="bbox 233 4421 1821 4502">
    <p class='ocr_par' dir='ltr' id='par_1_89' title="bbox 233 4421 1821 4494">
     <span class='ocr_line' id='line_1_89' title="bbox 233 4421 1821 4494; baseline -0.001 -18"><span class='ocrx_word' id='word_1_740' title='bbox 233 4421 395 4494; x_wconf 79' lang='grc' dir='ltr'>βάθει</span> <span class='ocrx_word' id='word_1_741' title='bbox 433 4423 532 4493; x_wconf 82' lang='grc' dir='ltr'><strong>τὴν</strong></span> <span class='ocrx_word' id='word_1_742' title='bbox 567 4422 661 4476; x_wconf 82' lang='grc' dir='ltr'>τοῦ</span> <span class='ocrx_word' id='word_1_743' title='bbox 704 4422 1015 4494; x_wconf 84' lang='grc' dir='ltr'>πνεύματος</span> <span class='ocrx_word' id='word_1_744' title='bbox 1056 4424 1289 4493; x_wconf 70' lang='grc' dir='ltr'>ἐχούσας</span> <span class='ocrx_word' id='word_1_745' title='bbox 1340 4421 1570 4494; x_wconf 84' lang='grc' dir='ltr'>δωρεάν·</span> <span class='ocrx_word' id='word_1_746' title='bbox 1614 4422 1709 4477; x_wconf 82' lang='grc' dir='ltr'>καὶ</span> <span class='ocrx_word' id='word_1_747' title='bbox 1766 4424 1821 4477; x_wconf 77' lang='grc' dir='ltr'>οὐ</span> 
     </span>
    </p>
   </div>
   <div class='ocr_carea' id='block_1_90' title="bbox 1927 4421 3521 4502">
    <p class='ocr_par' dir='ltr' id='par_1_90' title="bbox 1936 4430 3521 4502">
     <span class='ocr_line' id='line_1_90' title="bbox 1936 4430 3521 4502; baseline 0.001 -19"><span class='ocrx_word' id='word_1_748' title='bbox 1936 4448 1956 4483; x_wconf 75' lang='grc' dir='ltr'><strong>ι</strong></span> <span class='ocrx_word' id='word_1_749' title='bbox 1995 4446 2086 4486; x_wconf 87' lang='lat' dir='ltr'><strong>sos</strong></span> <span class='ocrx_word' id='word_1_750' title='bbox 2127 4430 2541 4501; x_wconf 86' lang='lat' dir='ltr'><strong>proverbialiter</strong></span> <span class='ocrx_word' id='word_1_751' title='bbox 2581 4432 2844 4502; x_wconf 85' lang='lat' dir='ltr'><strong>propheta</strong></span> <span class='ocrx_word' id='word_1_752' title='bbox 2872 4442 3183 4487; x_wconf 86' lang='lat' dir='ltr'><strong>sanctorum</strong></span> <span class='ocrx_word' id='word_1_753' title='bbox 3208 4431 3375 4487; x_wconf 89' lang='lat' dir='ltr'><strong>corda</strong></span> <span class='ocrx_word' id='word_1_754' title='bbox 3424 4445 3521 4501; x_wconf 87' lang='lat' dir='ltr'><strong>ap-</strong></span> 
     </span>
    </p>
   </div>
   <div class='ocr_carea' id='block_1_91' title="bbox 232 4512 1821 4595">
    <p class='ocr_par' dir='ltr' id='par_1_91' title="bbox 232 4512 1821 4587">
     <span class='ocr_line' id='line_1_91' title="bbox 232 4512 1821 4587; baseline -0.002 -18"><span class='ocrx_word' id='word_1_755' title='bbox 232 4515 505 4587; x_wconf 87' lang='grc' dir='ltr'>συνίησιν,</span> <span class='ocrx_word' id='word_1_756' title='bbox 538 4514 616 4579; x_wconf 83' lang='grc' dir='ltr'>ὡς</span> <span class='ocrx_word' id='word_1_757' title='bbox 654 4514 760 4586; x_wconf 83' lang='grc' dir='ltr'>πρὸ</span> <span class='ocrx_word' id='word_1_758' title='bbox 797 4514 899 4585; x_wconf 85' lang='grc' dir='ltr'><strong>τῆς</strong></span> <span class='ocrx_word' id='word_1_759' title='bbox 953 4514 1221 4585; x_wconf 80' lang='grc' dir='ltr'>ὲνσάρκου</span> <span class='ocrx_word' id='word_1_760' title='bbox 1267 4513 1381 4586; x_wconf 74' lang='grc'><strong>(82)</strong></span> <span class='ocrx_word' id='word_1_761' title='bbox 1424 4512 1520 4567; x_wconf 81' lang='grc' dir='ltr'>τοῦ</span> <span class='ocrx_word' id='word_1_762' title='bbox 1573 4514 1821 4585; x_wconf 78' lang='grc' dir='ltr'>Σωτῆρος</span> 
     </span>
    </p>
   </div>
   <div class='ocr_carea' id='block_1_92' title="bbox 1927 4512 3527 4595">
    <p class='ocr_par' dir='ltr' id='par_1_92' title="bbox 1938 4524 3527 4594">
     <span class='ocr_line' id='line_1_92' title="bbox 1938 4524 3527 4594; baseline 0.001 -19"><span class='ocrx_word' id='word_1_763' title='bbox 1938 4543 1957 4575; x_wconf 78' lang='grc' dir='ltr'><strong>ι</strong></span> <span class='ocrx_word' id='word_1_764' title='bbox 1996 4525 2368 4594; x_wconf 77' lang='lat' dir='ltr'><strong>pellavit,qu:e</strong></span> <span class='ocrx_word' id='word_1_765' title='bbox 2390 4526 2443 4578; x_wconf 92' lang='lat' dir='ltr'><strong>in</strong></span> <span class='ocrx_word' id='word_1_766' title='bbox 2468 4540 2566 4579; x_wconf 86' lang='lat' dir='ltr'><strong>sua</strong></span> <span class='ocrx_word' id='word_1_767' title='bbox 2595 4524 2961 4594; x_wconf 79' lang='lat' dir='ltr'><strong>profunditate</strong></span> <span class='ocrx_word' id='word_1_768' title='bbox 2980 4525 3202 4594; x_wconf 87' lang='lat' dir='ltr'><strong>spiritus</strong></span> <span class='ocrx_word' id='word_1_769' title='bbox 3230 4524 3369 4577; x_wconf 89' lang='lat' dir='ltr'><strong>dona</strong></span> <span class='ocrx_word' id='word_1_770' title='bbox 3398 4537 3527 4577; x_wconf 81' lang='lat' dir='ltr'><strong>con—</strong></span> 
     </span>
    </p>
   </div>
   <div class='ocr_carea' id='block_1_93' title="bbox 233 4604 1821 4688">
    <p class='ocr_par' dir='ltr' id='par_1_93' title="bbox 233 4604 1821 4679">
     <span class='ocr_line' id='line_1_93' title="bbox 233 4604 1821 4679; baseline 0.001 -21"><span class='ocrx_word' id='word_1_771' title='bbox 233 4606 396 4679; x_wconf 66' lang='grc' dir='ltr'>ήμῶν</span> <span class='ocrx_word' id='word_1_772' title='bbox 441 4606 745 4678; x_wconf 87' lang='grc' dir='ltr'>παρουσίας</span> <span class='ocrx_word' id='word_1_773' title='bbox 783 4607 833 4659; x_wconf 89' lang='grc' dir='ltr'><strong>οἰ</strong></span> <span class='ocrx_word' id='word_1_774' title='bbox 875 4608 1019 4675; x_wconf 80' lang='grc' dir='ltr'>ἆγιοι</span> <span class='ocrx_word' id='word_1_775' title='bbox 1061 4605 1155 4659; x_wconf 81' lang='grc' dir='ltr'>τοῦ</span> <span class='ocrx_word' id='word_1_776' title='bbox 1197 4604 1334 4659; x_wconf 84' lang='grc' dir='ltr'>Θεοῦ</span> <span class='ocrx_word' id='word_1_777' title='bbox 1377 4606 1676 4679; x_wconf 78' lang='grc' dir='ltr'>προφῆται,</span> <span class='ocrx_word' id='word_1_778' title='bbox 1729 4605 1821 4659; x_wconf 80' lang='grc' dir='ltr'>τοῦ</span> 
     </span>
    </p>
   </div>
   <div class='ocr_carea' id='block_1_94' title="bbox 1927 4604 3529 4688">
    <p class='ocr_par' dir='ltr' id='par_1_94' title="bbox 1940 4614 3529 4688">
     <span class='ocr_line' id='line_1_94' title="bbox 1940 4614 3529 4688; baseline 0.001 -18"><span class='ocrx_word' id='word_1_779' title='bbox 1940 4635 1960 4669; x_wconf 77' lang='grc' dir='ltr'><strong>ι</strong></span> <span class='ocrx_word' id='word_1_780' title='bbox 2002 4614 2267 4672; x_wconf 86' lang='lat' dir='ltr'><strong>tinebant.</strong></span> <span class='ocrx_word' id='word_1_781' title='bbox 2311 4637 2331 4669; x_wconf 78' lang='grc' dir='ltr'><strong>ι</strong></span> <span class='ocrx_word' id='word_1_782' title='bbox 2361 4616 2473 4672; x_wconf 84' lang='lat' dir='ltr'><strong>Nec</strong></span> <span class='ocrx_word' id='word_1_783' title='bbox 2501 4618 2914 4688; x_wconf 89' lang='lat' dir='ltr'><strong>intelligitqnod</strong></span> <span class='ocrx_word' id='word_1_784' title='bbox 2933 4628 3223 4687; x_wconf 86' lang='lat' dir='ltr'><strong>antequam</strong></span> <span class='ocrx_word' id='word_1_785' title='bbox 3273 4616 3326 4671; x_wconf 93' lang='lat' dir='ltr'><strong>in</strong></span> <span class='ocrx_word' id='word_1_786' title='bbox 3360 4630 3529 4671; x_wconf 84' lang='lat' dir='ltr'><strong>carne</strong></span> 
     </span>
    </p>
   </div>
   <div class='ocr_carea' id='block_1_95' title="bbox 235 4696 1821 4778">
    <p class='ocr_par' dir='ltr' id='par_1_95' title="bbox 235 4696 1821 4769">
     <span class='ocr_line' id='line_1_95' title="bbox 235 4696 1821 4769; baseline -0.001 -17"><span class='ocrx_word' id='word_1_787' title='bbox 235 4697 406 4753; x_wconf 80' lang='grc' dir='ltr'>αὐτοῦ</span> <span class='ocrx_word' id='word_1_788' title='bbox 460 4698 729 4769; x_wconf 76' lang='grc' dir='ltr'><strong>μετέσχον⁸</strong></span> <span class='ocrx_word' id='word_1_789' title='bbox 765 4696 1106 4769; x_wconf 81' lang='grc' dir='ltr'>πνεύματος,</span> <span class='ocrx_word' id='word_1_790' title='bbox 1142 4696 1349 4768; x_wconf 82' lang='grc' dir='ltr'>Μωσῆς</span> <span class='ocrx_word' id='word_1_791' title='bbox 1394 4715 1454 4751; x_wconf 89' lang='grc' dir='ltr'><strong>τε</strong></span> <span class='ocrx_word' id='word_1_792' title='bbox 1502 4699 1597 4751; x_wconf 71' lang='grc' dir='ltr'>καὶ</span> <span class='ocrx_word' id='word_1_793' title='bbox 1648 4700 1697 4751; x_wconf 87' lang='grc' dir='ltr'><strong>οἰ</strong></span> <span class='ocrx_word' id='word_1_794' title='bbox 1747 4698 1821 4751; x_wconf 78' lang='grc' dir='ltr'>ἔτι</span> 
     </span>
    </p>
   </div>
   <div class='ocr_carea' id='block_1_96' title="bbox 1927 4696 3527 4778">
    <p class='ocr_par' dir='ltr' id='par_1_96' title="bbox 1935 4704 3527 4778">
     <span class='ocr_line' id='line_1_96' title="bbox 1935 4704 3527 4778; baseline -0.001 -18"><span class='ocrx_word' id='word_1_795' title='bbox 1935 4704 2193 4760; x_wconf 86' lang='lat' dir='ltr'><strong>Servator</strong></span> <span class='ocrx_word' id='word_1_796' title='bbox 2244 4707 2567 4773; x_wconf 86' lang='lat' dir='ltr'><strong>adveniret,</strong></span> <span class='ocrx_word' id='word_1_797' title='bbox 2614 4709 2787 4761; x_wconf 87' lang='lat' dir='ltr'><strong>sancti</strong></span> <span class='ocrx_word' id='word_1_798' title='bbox 2840 4708 2934 4762; x_wconf 87' lang='lat' dir='ltr'><strong>Dei</strong></span> <span class='ocrx_word' id='word_1_799' title='bbox 2972 4708 3250 4778; x_wconf 73' lang='lat' dir='ltr'><strong>propheta:</strong></span> <span class='ocrx_word' id='word_1_800' title='bbox 3282 4705 3527 4777; x_wconf 87' lang='lat' dir='ltr'><strong>ejusdem</strong></span> 
     </span>
    </p>
   </div>
   <div class='ocr_carea' id='block_1_97' title="bbox 236 4787 1829 4862">
    <p class='ocr_par' dir='ltr' id='par_1_97' title="bbox 236 4787 1829 4862">
     <span class='ocr_line' id='line_1_97' title="bbox 236 4787 1829 4862; baseline -0.002 -16"><span class='ocrx_word' id='word_1_801' title='bbox 236 4790 488 4854; x_wconf 83' lang='grc' dir='ltr'>Μωσέως</span> <span class='ocrx_word' id='word_1_802' title='bbox 524 4790 895 4862; x_wconf 86' lang='grc' dir='ltr'>παλαιότεροι.</span> <span class='ocrx_word' id='word_1_803' title='bbox 934 4787 1143 4845; x_wconf 76' lang='grc' dir='ltr'>Οὐκοῦν</span> <span class='ocrx_word' id='word_1_804' title='bbox 1177 4789 1392 4859; x_wconf 82' lang='grc' dir='ltr'>ἀνάγκη</span> <span class='ocrx_word' id='word_1_805' title='bbox 1436 4790 1646 4843; x_wconf 80' lang='grc' dir='ltr'>τούτων</span> <span class='ocrx_word' id='word_1_806' title='bbox 1683 4791 1829 4843; x_wconf 87' lang='grc' dir='ltr'>ἁπα-</span> 
     </span>
    </p>
   </div>
   <div class='ocr_carea' id='block_1_98' title="bbox 239 4876 1829 4952">
    <p class='ocr_par' dir='ltr' id='par_1_98' title="bbox 239 4876 1829 4952">
     <span class='ocr_line' id='line_1_98' title="bbox 239 4876 1829 4952; baseline -0.001 -17"><span class='ocrx_word' id='word_1_807' title='bbox 239 4879 353 4935; x_wconf 85' lang='grc' dir='ltr'><strong>σῶν</strong></span> <span class='ocrx_word' id='word_1_808' title='bbox 389 4879 497 4934; x_wconf 87' lang='grc' dir='ltr'><strong>τῶν</strong></span> <span class='ocrx_word' id='word_1_809' title='bbox 531 4881 807 4945; x_wconf 72' lang='grc' dir='ltr'>ἀδύσσων,</span> <span class='ocrx_word' id='word_1_810' title='bbox 839 4881 887 4934; x_wconf 82' lang='grc' dir='ltr'><strong>εἰ</strong></span> <span class='ocrx_word' id='word_1_811' title='bbox 912 4880 977 4952; x_wconf 83' lang='grc' dir='ltr'>δὴ</span> <span class='ocrx_word' id='word_1_812' title='bbox 1004 4882 1060 4935; x_wconf 81' lang='grc' dir='ltr'><strong>αἰ</strong></span> <span class='ocrx_word' id='word_1_813' title='bbox 1104 4880 1211 4934; x_wconf 91' lang='grc' dir='ltr'><strong>τῶν</strong></span> <span class='ocrx_word' id='word_1_814' title='bbox 1243 4881 1411 4949; x_wconf 87' lang='grc' dir='ltr'>άγίων</span> <span class='ocrx_word' id='word_1_815' title='bbox 1440 4880 1659 4950; x_wconf 79' lang='grc' dir='ltr'>καρδίαι</span> <span class='ocrx_word' id='word_1_816' title='bbox 1686 4876 1829 4952; x_wconf 77' lang='grc' dir='ltr'>ἦσαν</span> 
     </span>
    </p>
   </div>
   <div class='ocr_carea' id='block_1_99' title="bbox 239 4965 1830 5056">
    <p class='ocr_par' dir='ltr' id='par_1_99' title="bbox 239 4965 1830 5056">
     <span class='ocr_line' id='line_1_99' title="bbox 239 4965 1830 5056; baseline -0.001 -28"><span class='ocrx_word' id='word_1_817' title='bbox 239 4965 425 5038; x_wconf 64' lang='grc' dir='ltr'>αὗται,</span> <span class='ocrx_word' id='word_1_818' title='bbox 471 4973 825 5044; x_wconf 83' lang='grc' dir='ltr'>παλαιότερον</span> <span class='ocrx_word' id='word_1_819' title='bbox 867 4968 1004 5028; x_wconf 83' lang='grc' dir='ltr'>εἶναι</span> <span class='ocrx_word' id='word_1_820' title='bbox 1033 4972 1125 5027; x_wconf 79' lang='grc' dir='ltr'>τὸν</span> <span class='ocrx_word' id='word_1_821' title='bbox 1162 4972 1409 5042; x_wconf 83' lang='grc' dir='ltr'>λέγοντα,</span> <span class='ocrx_word' id='word_1_822' title='bbox 1444 4972 1563 5041; x_wconf 83' lang='grc' dir='ltr'><strong>Πρὸ</strong></span> <span class='ocrx_word' id='word_1_823' title='bbox 1583 4972 1690 5027; x_wconf 82' lang='grc' dir='ltr'><strong>τοῦ</strong></span> <span class='ocrx_word' id='word_1_824' title='bbox 1720 4975 1830 5056; x_wconf 46' lang='lat' dir='ltr'><strong>{ac</strong></span> 
     </span>
    </p>
   </div>
   <div class='ocr_carea' id='block_1_100' title="bbox 238 5062 1832 5139">
    <p class='ocr_par' dir='ltr' id='par_1_100' title="bbox 238 5062 1832 5139">
     <span class='ocr_line' id='line_1_100' title="bbox 238 5062 1832 5139; baseline -0.003 -14"><span class='ocrx_word' id='word_1_825' title='bbox 238 5068 556 5134; x_wconf 77' lang='grc' dir='ltr'>ἀϐύσσους</span> <span class='ocrx_word' id='word_1_826' title='bbox 601 5066 873 5136; x_wconf 77' lang='grc' dir='ltr'>ποιῆσαι.</span> <span class='ocrx_word' id='word_1_827' title='bbox 904 5066 1029 5130; x_wconf 87' lang='grc' dir='ltr'>Πῶς</span> <span class='ocrx_word' id='word_1_828' title='bbox 1071 5062 1165 5122; x_wconf 81' lang='grc' dir='ltr'>οὖν</span> <span class='ocrx_word' id='word_1_829' title='bbox 1201 5067 1427 5122; x_wconf 80' lang='grc' dir='ltr'>δυνατὸν</span> <span class='ocrx_word' id='word_1_830' title='bbox 1471 5062 1540 5137; x_wconf 83' lang='grc' dir='ltr'><strong>ῆν</strong></span> <span class='ocrx_word' id='word_1_831' title='bbox 1591 5067 1683 5121; x_wconf 75' lang='grc' dir='ltr'><strong>ἐπὶ</strong></span> <span class='ocrx_word' id='word_1_832' title='bbox 1732 5067 1832 5139; x_wconf 81' lang='grc' dir='ltr'>τὴν</span> 
     </span>
    </p>
   </div>
   <div class='ocr_carea' id='block_1_101' title="bbox 240 5156 1829 5231">
    <p class='ocr_par' dir='ltr' id='par_1_101' title="bbox 240 5156 1829 5231">
     <span class='ocr_line' id='line_1_101' title="bbox 240 5156 1829 5231; baseline 0 -19"><span class='ocrx_word' id='word_1_833' title='bbox 240 5158 427 5230; x_wconf 83' lang='grc' dir='ltr'>σάρκα</span> <span class='ocrx_word' id='word_1_834' title='bbox 467 5158 562 5212; x_wconf 79' lang='grc' dir='ltr'>τοῦ</span> <span class='ocrx_word' id='word_1_835' title='bbox 607 5157 859 5230; x_wconf 74' lang='grc' dir='ltr'>Σωτῆρος</span> <span class='ocrx_word' id='word_1_836' title='bbox 909 5157 1277 5231; x_wconf 71' lang='grc' dir='ltr'>ἀναφέρεσθαι</span> <span class='ocrx_word' id='word_1_837' title='bbox 1316 5156 1522 5223; x_wconf 58' lang='lat' dir='ltr'><strong>causa;</strong></span> <span class='ocrx_word' id='word_1_838' title='bbox 1555 5158 1669 5211; x_wconf 75' lang='grc' dir='ltr'><strong>Καὶ</strong></span> <span class='ocrx_word' id='word_1_839' title='bbox 1701 5157 1829 5228; x_wconf 79' lang='grc' dir='ltr'>μὴν,</span> 
     </span>
    </p>
   </div>
   <div class='ocr_carea' id='block_1_102' title="bbox 1934 4796 3529 4867">
    <p class='ocr_par' dir='ltr' id='par_1_102' title="bbox 1934 4796 3529 4867">
     <span class='ocr_line' id='line_1_102' title="bbox 1934 4796 3529 4867; baseline 0 -16"><span class='ocrx_word' id='word_1_840' title='bbox 1934 4797 2157 4867; x_wconf 84' lang='lat' dir='ltr'><strong>spiritus</strong></span> <span class='ocrx_word' id='word_1_841' title='bbox 2201 4796 2638 4867; x_wconf 86' lang='lat' dir='ltr'><strong>participabant;</strong></span> <span class='ocrx_word' id='word_1_842' title='bbox 2692 4796 2870 4854; x_wconf 82' lang='lat' dir='ltr'><strong>Moses</strong></span> <span class='ocrx_word' id='word_1_843' title='bbox 2927 4799 3183 4854; x_wconf 91' lang='lat' dir='ltr'><strong>nimirum</strong></span> <span class='ocrx_word' id='word_1_844' title='bbox 3237 4807 3291 4852; x_wconf 90' lang='lat' dir='ltr'><strong>et</strong></span> <span class='ocrx_word' id='word_1_845' title='bbox 3348 4797 3529 4852; x_wconf 86' lang='lat' dir='ltr'><strong>adhuc</strong></span> 
     </span>
    </p>
   </div>
   <div class='ocr_carea' id='block_1_103' title="bbox 1937 4888 3531 4958">
    <p class='ocr_par' dir='ltr' id='par_1_103' title="bbox 1937 4888 3531 4958">
     <span class='ocr_line' id='line_1_103' title="bbox 1937 4888 3531 4958; baseline -0.001 -15"><span class='ocrx_word' id='word_1_846' title='bbox 1937 4888 2029 4943; x_wconf 85' lang='lat' dir='ltr'><strong>illo</strong></span> <span class='ocrx_word' id='word_1_847' title='bbox 2056 4889 2407 4944; x_wconf 81' lang='lat' dir='ltr'><strong>vetustiores.</strong></span> <span class='ocrx_word' id='word_1_848' title='bbox 2438 4889 2624 4958; x_wconf 87' lang='lat' dir='ltr'><strong>Itaque</strong></span> <span class='ocrx_word' id='word_1_849' title='bbox 2654 4904 2883 4944; x_wconf 83' lang='lat' dir='ltr'><strong>necesse</strong></span> <span class='ocrx_word' id='word_1_850' title='bbox 2911 4901 2994 4945; x_wconf 88' lang='lat' dir='ltr'><strong>est</strong></span> <span class='ocrx_word' id='word_1_851' title='bbox 3032 4889 3400 4958; x_wconf 87' lang='lat' dir='ltr'><strong>antiquiorem</strong></span> <span class='ocrx_word' id='word_1_852' title='bbox 3443 4888 3531 4942; x_wconf 84' lang='lat' dir='ltr'><strong>bis</strong></span> 
     </span>
    </p>
   </div>
   <div class='ocr_carea' id='block_1_104' title="bbox 1937 4979 3529 5052">
    <p class='ocr_par' dir='ltr' id='par_1_104' title="bbox 1937 4979 3529 5052">
     <span class='ocr_line' id='line_1_104' title="bbox 1937 4979 3529 5052; baseline 0 -19"><span class='ocrx_word' id='word_1_853' title='bbox 1937 4980 2149 5052; x_wconf 85' lang='lat' dir='ltr'><strong>abyssis</strong></span> <span class='ocrx_word' id='word_1_854' title='bbox 2180 4979 2249 5052; x_wconf 90' lang='lat' dir='ltr'><strong>(si</strong></span> <span class='ocrx_word' id='word_1_855' title='bbox 2282 4980 2444 5036; x_wconf 90' lang='lat' dir='ltr'><strong>modo</strong></span> <span class='ocrx_word' id='word_1_856' title='bbox 2478 4991 2788 5036; x_wconf 85' lang='lat' dir='ltr'><strong>sanctorum</strong></span> <span class='ocrx_word' id='word_1_857' title='bbox 2820 4983 2983 5035; x_wconf 84' lang='lat' dir='ltr'><strong>corda</strong></span> <span class='ocrx_word' id='word_1_858' title='bbox 3028 4982 3140 5035; x_wconf 86' lang='lat' dir='ltr'><strong>sint</strong></span> <span class='ocrx_word' id='word_1_859' title='bbox 3179 4980 3384 5051; x_wconf 85' lang='lat' dir='ltr'><strong>abyssi)</strong></span> <span class='ocrx_word' id='word_1_860' title='bbox 3429 4993 3529 5033; x_wconf 84' lang='lat' dir='ltr'><strong>ex-</strong></span> 
     </span>
    </p>
   </div>
   <div class='ocr_carea' id='block_1_105' title="bbox 1937 5069 3531 5140">
    <p class='ocr_par' dir='ltr' id='par_1_105' title="bbox 1937 5069 3531 5140">
     <span class='ocr_line' id='line_1_105' title="bbox 1937 5069 3531 5140; baseline -0.001 -17"><span class='ocrx_word' id='word_1_861' title='bbox 1937 5070 2145 5124; x_wconf 86' lang='lat' dir='ltr'><strong>stitisse</strong></span> <span class='ocrx_word' id='word_1_862' title='bbox 2181 5070 2356 5137; x_wconf 90' lang='lat' dir='ltr'><strong>illum,</strong></span> <span class='ocrx_word' id='word_1_863' title='bbox 2394 5070 2486 5140; x_wconf 90' lang='lat' dir='ltr'><strong>qui</strong></span> <span class='ocrx_word' id='word_1_864' title='bbox 2521 5070 2692 5137; x_wconf 81' lang='lat' dir='ltr'><strong>dixit,</strong></span> <span class='ocrx_word' id='word_1_865' title='bbox 2750 5069 3076 5140; x_wconf 83' lang='lat' dir='ltr'><strong>Priusquam</strong></span> <span class='ocrx_word' id='word_1_866' title='bbox 3113 5070 3290 5140; x_wconf 80' lang='lat' dir='ltr'><strong>abyssi</strong></span> <span class='ocrx_word' id='word_1_867' title='bbox 3335 5069 3531 5123; x_wconf 64' lang='lat' dir='ltr'><strong>conde~</strong></span> 
     </span>
    </p>
   </div>
   <div class='ocr_carea' id='block_1_106' title="bbox 1939 5162 3534 5233">
    <p class='ocr_par' dir='ltr' id='par_1_106' title="bbox 1939 5162 3534 5233">
     <span class='ocr_line' id='line_1_106' title="bbox 1939 5162 3534 5233; baseline 0.003 -20"><span class='ocrx_word' id='word_1_868' title='bbox 1939 5172 2145 5227; x_wconf 78' lang='lat' dir='ltr'><strong>rentur,</strong></span> <span class='ocrx_word' id='word_1_869' title='bbox 2172 5172 2282 5217; x_wconf 89' lang='lat' dir='ltr'><strong>etc.</strong></span> <span class='ocrx_word' id='word_1_870' title='bbox 2321 5163 2603 5231; x_wconf 81' lang='lat' dir='ltr'><strong>Quomodo</strong></span> <span class='ocrx_word' id='word_1_871' title='bbox 2640 5162 2808 5233; x_wconf 87' lang='lat' dir='ltr'><strong>igitur</strong></span> <span class='ocrx_word' id='word_1_872' title='bbox 2860 5164 2928 5218; x_wconf 87' lang='lat' dir='ltr'><strong>ad</strong></span> <span class='ocrx_word' id='word_1_873' title='bbox 2960 5176 3185 5219; x_wconf 84' lang='lat' dir='ltr'><strong>carnem</strong></span> <span class='ocrx_word' id='word_1_874' title='bbox 3220 5162 3534 5217; x_wconf 81' lang='lat' dir='ltr'><strong>Servatoris</strong></span> 
     </span>
    </p>
   </div>
   <div class='ocr_carea' id='block_1_107' title="bbox 241 5238 1821 5326">
    <p class='ocr_par' dir='ltr' id='par_1_107' title="bbox 241 5249 1821 5324">
     <span class='ocr_line' id='line_1_107' title="bbox 241 5249 1821 5324; baseline -0.001 -17"><span class='ocrx_word' id='word_1_875' title='bbox 241 5253 298 5307; x_wconf 76' lang='grc' dir='ltr'><strong>ιτ</strong></span> <span class='ocrx_word' id='word_1_876' title='bbox 320 5268 405 5316; x_wconf 91' lang='grc' dir='ltr'><strong>τις</strong></span> <span class='ocrx_word' id='word_1_877' title='bbox 436 5250 585 5323; x_wconf 80' lang='grc' dir='ltr'><strong>αὺτῷ</strong></span> <span class='ocrx_word' id='word_1_878' title='bbox 610 5252 788 5324; x_wconf 82' lang='grc' dir='ltr'>παρῆν</span> <span class='ocrx_word' id='word_1_879' title='bbox 810 5249 921 5306; x_wconf 86' lang='grc' dir='ltr'><strong>τῶν</strong></span> <span class='ocrx_word' id='word_1_880' title='bbox 946 5250 1105 5306; x_wconf 87' lang='grc' dir='ltr'>θείων</span> <span class='ocrx_word' id='word_1_881' title='bbox 1129 5250 1365 5321; x_wconf 82' lang='grc' dir='ltr'>Γραφῶν</span> <span class='ocrx_word' id='word_1_882' title='bbox 1393 5252 1696 5323; x_wconf 72' lang='grc' dir='ltr'>ἐπιστήμη,</span> <span class='ocrx_word' id='word_1_883' title='bbox 1730 5253 1821 5305; x_wconf 65' lang='grc' dir='ltr'>οὐκ</span> 
     </span>
    </p>
   </div>
   <div class='ocr_carea' id='block_1_108' title="bbox 1927 5238 3532 5326">
    <p class='ocr_par' dir='ltr' id='par_1_108' title="bbox 1942 5238 3532 5326">
     <span class='ocr_line' id='line_1_108' title="bbox 1942 5238 3532 5326; baseline 0 -19"><span class='ocrx_word' id='word_1_884' title='bbox 1942 5238 2134 5310; x_wconf 78' lang='lat' dir='ltr'><strong>referri</strong></span> <span class='ocrx_word' id='word_1_885' title='bbox 2162 5256 2461 5326; x_wconf 78' lang='lat' dir='ltr'><strong>poterant?</strong></span> <span class='ocrx_word' id='word_1_886' title='bbox 2494 5257 2677 5325; x_wconf 87' lang='lat' dir='ltr'><strong>Certe,</strong></span> <span class='ocrx_word' id='word_1_887' title='bbox 2714 5257 2761 5313; x_wconf 83' lang='lat' dir='ltr'><strong>si</strong></span> <span class='ocrx_word' id='word_1_888' title='bbox 2792 5258 2875 5313; x_wconf 86' lang='lat' dir='ltr'><strong>vel</strong></span> <span class='ocrx_word' id='word_1_889' title='bbox 2912 5254 3178 5312; x_wconf 79' lang='lat' dir='ltr'><strong>tantillain</strong></span> <span class='ocrx_word' id='word_1_890' title='bbox 3222 5254 3532 5311; x_wconf 86' lang='lat' dir='ltr'><strong>divinarum</strong></span> 
     </span>
    </p>
   </div>
   <div class='ocr_carea' id='block_1_109' title="bbox 322 5416 2075 5547">
    <p class='ocr_par' dir='ltr' id='par_1_109' title="bbox 322 5416 2075 5547">
     <span class='ocr_line' id='line_1_109' title="bbox 322 5416 2075 5547; baseline -0.001 -71"><span class='ocrx_word' id='word_1_891' title='bbox 322 5425 383 5485; x_wconf 68' lang='lat'><strong>&gt;14</strong></span> <span class='ocrx_word' id='word_1_892' title='bbox 410 5420 514 5547; x_wconf 47' lang='lat' dir='ltr'><strong>Egi</strong></span> <span class='ocrx_word' id='word_1_893' title='bbox 536 5418 737 5486; x_wconf 85' lang='lat' dir='ltr'><strong>Paris.,</strong></span> <span class='ocrx_word' id='word_1_894' title='bbox 770 5434 894 5492; x_wconf 80' lang='lat' dir='ltr'><strong>pag.</strong></span> <span class='ocrx_word' id='word_1_895' title='bbox 928 5417 1051 5475; x_wconf 82' lang='grc'>158.</span> <span class='ocrx_word' id='word_1_896' title='bbox 1128 5419 1175 5452; x_wconf 72' lang='grc' dir='ltr'>ιο</span> <span class='ocrx_word' id='word_1_897' title='bbox 1203 5417 1307 5475; x_wconf 78' lang='lat' dir='ltr'><strong>lsa.</strong></span> <span class='ocrx_word' id='word_1_898' title='bbox 1343 5417 1510 5482; x_wconf 72' lang='grc' dir='ltr'>ν,12.</span> <span class='ocrx_word' id='word_1_899' title='bbox 1588 5417 1673 5472; x_wconf 84' lang='lat' dir='ltr'><strong>&quot;I</strong></span> <span class='ocrx_word' id='word_1_900' title='bbox 1706 5416 1835 5473; x_wconf 83' lang='lat' dir='ltr'><strong>Cor.</strong></span> <span class='ocrx_word' id='word_1_901' title='bbox 1872 5434 1957 5485; x_wconf 85' lang='lat' dir='ltr'><strong>tu,</strong></span> <span class='ocrx_word' id='word_1_902' title='bbox 1984 5417 2075 5475; x_wconf 86' lang='grc'><strong>11.</strong></span> 
     </span>
     <span class='ocr_line' id='line_1_110' title="bbox 322 5510 537 5547; baseline 0 0"><span class='ocrx_word' id='word_1_903' title='bbox 322 5510 406 5547; x_wconf 68' lang='lat' dir='ltr'><strong>KX.</strong></span> <span class='ocrx_word' id='word_1_904' title='bbox 518 5531 537 5547; x_wconf 76' lang='grc' dir='ltr'>ι</span> 
     </span>
    </p>
   </div>
   <div class='ocr_carea' id='block_1_110' title="bbox 311 5510 537 5559">
    <p class='ocr_par' dir='ltr' id='par_1_110' title="bbox 311 5510 537 5559">
     <span class='ocr_line' id='line_1_111' title="bbox 311 5510 537 5559; baseline 0 -12"><span class='ocrx_word' id='word_1_905' title='bbox 311 5510 406 5559; x_wconf 85' lang='lat' dir='ltr'><strong>xx,</strong></span> <span class='ocrx_word' id='word_1_906' title='bbox 442 5510 537 5553; x_wconf 68' lang='lat' dir='ltr'><strong>oe.</strong></span> 
     </span>
    </p>
   </div>
   <div class='ocr_carea' id='block_1_111' title="bbox 2177 5413 3556 5489">
    <p class='ocr_par' dir='ltr' id='par_1_111' title="bbox 2177 5413 3556 5489">
     <span class='ocr_line' id='line_1_112' title="bbox 2177 5413 3556 5489; baseline 0 -16"><span class='ocrx_word' id='word_1_907' title='bbox 2177 5417 2384 5478; x_wconf 75' lang='lat' dir='ltr'><strong>&quot;Psal.</strong></span> <span class='ocrx_word' id='word_1_908' title='bbox 2420 5434 2554 5489; x_wconf 86' lang='lat' dir='ltr'><strong>xcu,</strong></span> <span class='ocrx_word' id='word_1_909' title='bbox 2586 5421 2644 5477; x_wconf 76' lang='grc'>2.</span> <span class='ocrx_word' id='word_1_910' title='bbox 2746 5421 2793 5454; x_wconf 78' lang='grc'><strong><em>³⁸</em></strong></span> <span class='ocrx_word' id='word_1_911' title='bbox 2823 5419 2959 5479; x_wconf 87' lang='lat' dir='ltr'><strong>Gen.</strong></span> <span class='ocrx_word' id='word_1_912' title='bbox 3004 5434 3092 5489; x_wconf 84' lang='grc' dir='ltr'>ιιι,</span> <span class='ocrx_word' id='word_1_913' title='bbox 3120 5419 3205 5477; x_wconf 86' lang='grc'><strong>19.</strong></span> <span class='ocrx_word' id='word_1_914' title='bbox 3316 5415 3362 5450; x_wconf 81' lang='grc' dir='ltr'><strong>³ο</strong></span> <span class='ocrx_word' id='word_1_915' title='bbox 3395 5413 3556 5474; x_wconf 83' lang='lat' dir='ltr'><strong>Luc..</strong></span> 
     </span>
    </p>
   </div>
   <div class='ocr_carea' id='block_1_112' title="bbox 2746 5419 3205 5489">
    <p class='ocr_par' dir='ltr' id='par_1_112' title="bbox 2746 5419 3205 5489">
     <span class='ocr_line' id='line_1_113' title="bbox 2746 5419 3205 5489; baseline -0.009 -11"><span class='ocrx_word' id='word_1_916' title='bbox 2746 5421 2793 5454; x_wconf 81' lang='lat'><strong>”</strong></span> <span class='ocrx_word' id='word_1_917' title='bbox 2823 5419 2959 5479; x_wconf 87' lang='lat' dir='ltr'><strong>Gen.</strong></span> <span class='ocrx_word' id='word_1_918' title='bbox 3004 5434 3092 5489; x_wconf 85' lang='lat' dir='ltr'><strong>tn,</strong></span> <span class='ocrx_word' id='word_1_919' title='bbox 3120 5419 3205 5477; x_wconf 85' lang='grc'><strong>19.</strong></span> 
     </span>
    </p>
   </div>
   <div class='ocr_carea' id='block_1_113' title="bbox 321 5682 2099 5760">
    <p class='ocr_par' dir='ltr' id='par_1_113' title="bbox 321 5682 2099 5760">
     <span class='ocr_line' id='line_1_114' title="bbox 321 5682 2099 5760; baseline 0.001 -21"><span class='ocrx_word' id='word_1_920' title='bbox 321 5683 803 5760; x_wconf 38' lang='grc' dir='ltr'><strong>(φὶ-νιιίεοάλῆ</strong></span> <span class='ocrx_word' id='word_1_921' title='bbox 848 5685 981 5760; x_wconf 73' lang='grc' dir='ltr'>[τῶν</span> <span class='ocrx_word' id='word_1_922' title='bbox 1025 5682 1297 5756; x_wconf 82' lang='grc' dir='ltr'>ἀοράτων]</span> <span class='ocrx_word' id='word_1_923' title='bbox 1357 5686 1469 5741; x_wconf 81' lang='grc' dir='ltr'>καί.</span> <span class='ocrx_word' id='word_1_924' title='bbox 1520 5683 1641 5739; x_wconf 82' lang='lat' dir='ltr'><strong>Mox</strong></span> <span class='ocrx_word' id='word_1_925' title='bbox 1671 5684 1831 5756; x_wconf 83' lang='lat' dir='ltr'><strong>vulgo</strong></span> <span class='ocrx_word' id='word_1_926' title='bbox 1941 5687 2099 5760; x_wconf 68' lang='grc' dir='ltr'>πρός.</span> 
     </span>
    </p>
   </div>
   <div class='ocr_carea' id='block_1_114' title="bbox 233 5755 1821 5845">
    <p class='ocr_par' dir='ltr' id='par_1_114' title="bbox 233 5755 1801 5845">
     <span class='ocr_line' id='line_1_115' title="bbox 233 5755 1801 5845; baseline 0 0"><span class='ocrx_word' id='word_1_927' title='bbox 233 5755 869 5845; x_wconf 47' lang='grc' dir='ltr'><strong>Ροὲῌέϊξνϊῖιηθονυοζ</strong></span> <span class='ocrx_word' id='word_1_928' title='bbox 927 5827 953 5839; x_wconf 83' lang='grc'><strong>-</strong></span> <span class='ocrx_word' id='word_1_929' title='bbox 1098 5755 1125 5843; x_wconf 27' lang='grc' dir='ltr'>ί.</span> <span class='ocrx_word' id='word_1_930' title='bbox 1463 5832 1506 5845; x_wconf 71' lang='lat'><strong>-.</strong></span> <span class='ocrx_word' id='word_1_931' title='bbox 1615 5840 1637 5845; x_wconf 77' lang='lat'><strong>-</strong></span> <span class='ocrx_word' id='word_1_932' title='bbox 1745 5755 1801 5845; x_wconf 81' lang='lat'><strong>..</strong></span> 
     </span>
    </p>
   </div>
   <div class='ocr_carea' id='block_1_115' title="bbox 1927 5755 2589 5845">
    <p class='ocr_par' dir='ltr' id='par_1_115' title="bbox 1987 5755 2589 5832">
     <span class='ocr_line' id='line_1_116' title="bbox 1987 5755 2589 5832; baseline -0.01 -16"><span class='ocrx_word' id='word_1_933' title='bbox 1987 5755 2128 5832; x_wconf 73' lang='grc'><strong>’(82)</strong></span> <span class='ocrx_word' id='word_1_934' title='bbox 2169 5755 2341 5829; x_wconf 78' lang='lat' dir='ltr'><strong>Vulgo</strong></span> <span class='ocrx_word' id='word_1_935' title='bbox 2361 5772 2456 5811; x_wconf 78' lang='grc' dir='ltr'><strong>του</strong></span> <span class='ocrx_word' id='word_1_936' title='bbox 2480 5772 2589 5815; x_wconf 86' lang='lat' dir='ltr'><strong>om.</strong></span> 
     </span>
    </p>
   </div>
   <div class='ocr_carea' id='block_1_116' title="bbox 321 5824 1830 5901">
    <p class='ocr_par' dir='ltr' id='par_1_116' title="bbox 321 5824 1830 5901">
     <span class='ocr_line' id='line_1_117' title="bbox 321 5824 1830 5901; baseline -0.001 -18"><span class='ocrx_word' id='word_1_937' title='bbox 321 5824 436 5900; x_wconf 77' lang='lat' dir='ltr'><strong>(8i)</strong></span> <span class='ocrx_word' id='word_1_938' title='bbox 476 5824 648 5898; x_wconf 77' lang='lat' dir='ltr'><strong>Vulgo</strong></span> <span class='ocrx_word' id='word_1_939' title='bbox 705 5824 990 5901; x_wconf 75' lang='grc' dir='ltr'>βασιλικῆς</span> <span class='ocrx_word' id='word_1_940' title='bbox 1041 5828 1135 5883; x_wconf 77' lang='grc' dir='ltr'>καὶ</span> <span class='ocrx_word' id='word_1_941' title='bbox 1176 5824 1412 5897; x_wconf 77' lang='grc' dir='ltr'>εὐθείας,</span> <span class='ocrx_word' id='word_1_942' title='bbox 1458 5832 1513 5885; x_wconf 81' lang='lat' dir='ltr'><strong>et</strong></span> <span class='ocrx_word' id='word_1_943' title='bbox 1555 5840 1701 5895; x_wconf 77' lang='lat' dir='ltr'><strong>mox,</strong></span> <span class='ocrx_word' id='word_1_944' title='bbox 1743 5824 1830 5881; x_wconf 75' lang='grc' dir='ltr'>ὅδε</span> 
     </span>
    </p>
   </div>
  </div>
