4068 6316
189 354 305 413 993

1164 349 1251 405 DE
1292 347 1821 406 ECCLESMSTICA
1866 348 2254 407 TilEOLOGIA
2291 350 2418 407 LIB.
2461 352 2547 406 ill.

3350 354 3456 409 9M

188 485 333 527 σσυ⁶
366 472 495 524 ποτὶ
528 468 604 532 δδ,
648 466 761 532 Υἱὲ,
795 464 959 536 ἐμοῖς
991 466 1194 535 νόμοις
1226 466 1507 536 πρόσεχε,
1555 465 1675 532 τοῖς
1706 466 1762 519 δὲ

1876 468 2012 521 libro
2035 482 2129 536 per
2150 467 2383 536 seipsttm
2427 470 2551 537 quis
2588 466 2864 538 collegerit
2894 466 3106 539 negotio
3128 466 3296 533 nullo,
3332 472 3457 540 qui-

188 562 358 633 ὲμοῐς
381 562 611 631 ῥήμασι
643 559 990 629 παράϐαλλε
1020 560 1137 612 σὺν
1167 554 1294 625 οὖς·
1328 561 1423 613 καί
1444 556 1618 621 αὖθις,
1656 558 1769 620 Υἱὲ,

184 654 275 723 μὴ
305 652 567 723 ὀλιγώρει
598 651 869 717 παιδείας
894 652 1133 719 Κυρίου,
1169 652 1267 704 καὶ
1302 650 1389 719 μὴ
1416 650 1639 705 ἐκλύου
1668 649 1769 704 ὑπ’

189 746 378 800 αὑτοῦ
396 746 792 814 ἐλεγχόμενος
807 762 819 774 ·
851 745 963 807 καὶ,
1001 742 1113 806 ΥΙὲ,
1139 743 1248 796 ἐὰν
1264 742 1463 809 καλῶς
1486 742 1629 813 γένῃ
1645 742 1774 796 ἐαυ-

187 838 296 903 τῷ,
340 836 528 903 καλὸς
556 837 671 904 ἔσῃ
703 838 800 890 καὶ
842 836 966 902 τοῖς
998 836 1294 902 πλησίων
1336 836 1445 889 ἐὰν
1474 834 1542 887 δὲ
1587 834 1772 899 κακὸς

185 928 446 997 ἀποσρς.
472 930 661 997 μόνος
699 928 1023 993 drance“:
1049 928 1122 981 τὰ
1156 926 1314 981 κακά
1346 928 1445 998 (5).
1492 927 1674 998 Μυρία
1712 926 1771 979 δὲ

184 1022 257 1075 ἂν
282 1023 373 1075 καὶ
399 1021 561 1085 αὐτὸς
592 1022 800 1085 τούτοις
836 1022 1016 1091 ὅμοια,
1044 1020 1165 1073 καθ’
1191 1020 1382 1074 ἑαυτὸν
1419 1019 1527 1073 ἀπὸ
1555 1018 1656 1087 τῆς
1684 1017 1767 1087 βί-

182 1110 316 1164 ϐλου
341 1110 451 1163 τῶν
488 1110 800 1183 Παροιμιῶν
833 1109 1085 1179 άναλὲξῃ,
1120 1108 1185 1160 δι’
1212 1102 1286 1162 ὧν
1318 1108 1347 1161 6
1383 1108 1553 1175 Λόγος
1583 1107 1769 1175 φαίνε-

180 1216 279 1253 ται
308 1202 522 1271 νηπίοις
551 1202 649 1263 τὰς
681 1200 856 1271 ψυχάς
895 1198 1433 1269 προσδιαλεγόμενος.
1484 1196 1640 1249 Οὕτω
1673 1198 1767 1251 καὶ

180 1293 392 1364 Μωσῆς
418 1293 761 1362 παιδαγωγὸς
783 1292 890 1346 τῶν
915 1291 1118 1344 ἀτελῶν
1146 1291 1245 1354 τὰς
1274 1290 1348 1360 (4)
1373 1290 1574 1361 φρένας
1601 1290 1769 1361 ὑπάρ-

179 1402 318 1455 χων,
344 1384 572 1452 οὐρανοῦ
621 1384 713 1437 καὶ
743 1382 845 1452 γῆς
879 1384 973 1435 καὶ
999 1382 1100 1451 τῆς
1124 1381 1234 1434 τῶν
1259 1380 1465 1452 ὁρατῶν
1504 1382 1767 1453 δημιουρ-

176 1480 307 1547 γίας
348 1481 779 1549 ἐμνημόνευσεν·
833 1478 894 1530 οὐ
950 1475 1057 1547 μὴν
1094 1477 1188 1529 καὶ
1228 1477 1458 1539 κτίσεως
1495 1478 1762 1545 ἀγγέλων,

174 1573 307 1627 οὐδὲ
336 1573 491 1626 θείων
518 1572 796 1640 δυνάμεων
818 1611 833 1635 ,
870 1571 990 1624 οὐδὲ
1019 1570 1341 1639 πνευμάτων
1366 1570 1557 1637 ἁγίων,
1578 1569 1656 1639 τῷ
1689 1570 1762 1641 μὴ

176 1666 379 1735 χωρεῖν
415 1681 499 1716 πω
540 1661 636 1732 τὴν
678 1662 881 1716 τούτων
919 1659 1267 1714 διδασκαλίαν
1308 1662 1433 1722 τοὺς
1474 1660 1625 1731 αὑτῷ
1662 1679 1766 1731 μα-

177 1752 590 1825 θητευομὲνους.
624 1754 862 1815 Εἰκότως
889 1751 1175 1822 τοιγαροῦν
1205 1753 1295 1803 καὶ
1316 1752 1343 1803 6
1379 1754 1436 1803 ὲν
1461 1755 1581 1815 ταῖς
1613 1754 1761 1825 Παρ-

1877 558 1978 613 bus
2006 559 2133 611 illud
2160 557 2326 627 liquet
2353 557 2583 613 Verbum
2610 557 2683 612 ibi
2717 574 2995 615 sermones
3022 560 3301 615 instituere
3327 576 3451 615 cum

1875 651 2053 704 animo
2074 651 2360 705 admodum
2387 650 2589 718 pueris.
2619 656 2678 712 ›Ῑ‹
2711 651 2791 705 Ad
2820 652 2983 707 istum
3012 654 3227 708 modum
3256 660 3311 705 et.
3340 651 3455 706 Mo-

1874 757 1963 795 ses
2018 740 2451 810 imperiectorum
2505 746 2800 798 secundum
2857 743 3065 797 animos
3132 744 3452 813 paedagogus

1873 846 1992 884 cum
2024 842 2189 896 esset,
2221 834 2339 887 (τωιὶ
2372 844 2425 887 et
2460 843 2640 898 terrae,
2666 846 2720 888 et
2753 836 3046 889 visibilium
3080 836 3452 889 commeminit

1872 922 2212 977 conditurae:
2250 939 2355 979 non
2403 935 2581 979 autem
2636 926 2931 979 creationis
2974 927 3308 994 angelorum,
3353 943 3453 983 nec

1871 1018 2175 1072 divinarum
2220 1026 2569 1087 potestatum,
2610 1034 2711 1071 uer.
2770 1028 3083 1071 sanctorum
3135 1019 3449 1089 spirituum,

1868 1124 1935 1163 eo
1985 1110 2127 1180 quod
2172 1125 2277 1164 non
2318 1117 2536 1179 possent
2565 1124 2757 1179 capere
2788 1110 3088 1165 doctrinam
3142 1112 3298 1165 istam
3348 1113 3447 1175 illi,

1870 1203 1960 1269 qui
1993 1203 2045 1256 in
2082 1201 2423 1269 disciplinam
2474 1202 2521 1255 ei
2546 1202 2939 1269 .tradebantur.
2997 1201 3070 1255 Ut
3107 1216 3205 1256 nec
3254 1203 3446 1273 injuria

1870 1291 2127 1355 Verbum,
2162 1291 2286 1343 dum
2340 1289 2573 1358 loquitur
2617 1291 2704 1345 hic
2733 1292 2784 1345 iu
2808 1290 3135 1356 Proverbiis,
3160 1292 3228 1346 ad
3273 1294 3453 1347 istius-

1868 1385 2010 1437 modi
2038 1383 2312 1435 auditores
2335 1383 2635 1439 doctrinam
2661 1399 2837 1449 suam,
2862 1401 2890 1437 a
2918 1386 3147 1437 terrenis
3176 1385 3447 1439 montibus

1867 1476 2116 1537 deducat,
2147 1489 2174 1525 a
2204 1473 2433 1526 collibus
2466 1481 2521 1526 et
2557 1490 2817 1541 aquarum
2850 1475 3306 1543 scaturiginibus;
3356 1487 3443 1529 ut-

1866 1577 1989 1633 pote
2023 1581 2051 1617 a
2080 1566 2247 1634 magis
2278 1565 2509 1634 cognitis
2544 1583 2557 1618 :
2590 1575 2751 1634 atque
2775 1568 2842 1618 ita
2876 1583 3100 1622 exorsus
3131 1572 3198 1621 ab
3222 1570 3449 1625 inferius

1864 1659 2074 1727 positis,
2102 1659 2469 1711 informaudos
2490 1658 2641 1726 quasi
2672 1674 2829 1712 manu
2866 1661 3093 1714 deducat
3124 1662 3188 1715 ad
3216 1662 3445 1717 eximio-

1866 1765 1923 1802 ra
1965 1767 1977 1802 :
2008 1760 2061 1802 el
2086 1766 2113 1801 a
2144 1749 2521 1802 minutioribus
2558 1752 2635 1802 sic
2664 1750 2728 1801 ad
2755 1751 2921 1818 magis
2949 1752 3123 1803 divina
3157 1763 3445 1807 transcen-

174 1844 382 1916 οιμίαις
410 1844 599 1913 Λόγος,
629 1844 703 1908 ὡς
736 1844 998 1907 τοιούτοις
1035 1844 1145 1897 άπὸ
1203 1844 1309 1896 τῶν
1342 1844 1595 1915 περιγῆν
1618 1844 1762 1915 ὀρῶν

1866 1839 1994 1893 dere
2027 1838 2147 1892 illos
2190 1839 2369 1892 iaciat.
2410 1837 2531 1891 llzL-c
2565 1840 2634 1891 ita
2663 1851 2801 1902 esto,
2852 1841 2895 1893 si
2944 1856 3047 1893 non
3092 1842 3227 1895 ultra
3280 1857 3445 1899 voces

174 1951 239 1987 τε
271 1936 360 1988 καὶ
395 1933 619 2004 βουνών,
676 1936 768 1988 καὶ
809 1934 1020 2005 πηγῶν,
1054 1934 1130 1998 ὡς
1168 1935 1276 1987 ἀπὸ
1328 1936 1761 2007 γνωριμωτέρων

171 2025 647 2097 τὴνδιδασκα).ίαν
690 2028 954 2079 ὲποιείτο·
1000 2026 1075 2089 ὡς
1125 2026 1185 2089 ἐξ
1251 2026 1565 2096 ὑποόάθρας
1595 2027 1763 2099 ἀρξά-

175 2135 342 2188 μενος
377 2120 467 2170 ἐπὶ
496 2119 565 2171 τὰ
604 2120 836 2190 κρείττω
868 2120 1297 2189 χειραγωγήσειε
1336 2119 1463 2180 τοὺς
1486 2120 1762 2187 παιδαγω-

168 2213 495 2284 γουμένους,
527 2215 635 2267 ἀπὸ
663 2231 720 2267 τε
756 2215 865 2267 τῶν
892 2214 1264 2285 σμικροτέρων
1304 2214 1395 2266 ἐπὶ
1426 2216 1495 2269 τὰ
1518 2215 1763 2285 θειότερα

167 2302 470 2358 διαϐαίνειν
512 2304 970 2374 παρασκευάσειε.
1010 2303 1191 2355 Ταῦτα
1224 2306 1321 2373 μὲν
1356 2300 1471 2369 οὖν,
1518 2307 1566 2357 εἰ
1596 2306 1763 2376 μηδέν

166 2410 260 2459 τις
285 2395 432 2465 πέρα
470 2395 567 2465 τῆς
599 2394 794 2461 λέξεως
830 2394 1273 2466 περιεργάζοιτοο
1302 2397 1350 2447 εί
1384 2394 1441 2447 δὲ
1468 2395 1761 2467 βαθύτερον

168 2504 262 2551 τις
282 2486 571 2540 καὶταῦτα
608 2490 747 2541 νοεῖν
787 2486 979 2550 ἐθέλοι,
1013 2488 1073 2539 οὐ
1118 2487 1317 2557 μᾶλλον
1348 2488 1438 2540 ἐπὶ
1467 2490 1593 2553 τοὺς
1622 2492 1759 2543 ἀπο-

172 2577 419 2641 στόλους,
460 2578 493 2648 ἢ
523 2579 615 2630 ἐπὶ
636 2578 842 2641 πάντας
890 2579 1017 2642 τοὺς
1063 2577 1283 2630 πώποτε
1320 2579 1642 2649 γενομένους
1679 2579 1759 2631 δι-

169 2665 363 2726 καίους
393 2664 486 2716 καὶ
532 2664 796 2733 θεοφιλεῖς
828 2666 1028 2736 ἄνδρας
1066 2666 1205 2719 αὐτὰ
1232 2666 1525 2732 ἐκδέξεται,
1572 2667 1758 2739 διαϐή-

170 2773 326 2810 σεται
348 2756 405 2811 δὲ
426 2756 635 2810 ἐνθένδε
667 2759 761 2811 καὶ
802 2760 895 2812 ἐπὶ
922 2758 1021 2823 τὰς
1052 2760 1204 2823 θείας
1232 2762 1325 2813 καὶ
1349 2760 1643 2828 ἀγγελικὰς
1667 2762 1759 2813 δυ-

168 2849 385 2918 νάμεις,
436 2847 536 2921 ὅρη
584 2849 755 2918 λέγων
779 2852 873 2903 καὶ
905 2850 1124 2919 βουνοὺς
1158 2851 1487 2904 αἰνίττεσθαι
1513 2852 1759 2919 ἀγγέλων

167 2940 267 2993 καὶ
302 2940 656 3011 άρχαγγέλων
713 2943 807 2995 καὶ
861 2944 1189 3013 πνευμάτων
1238 2943 1414 2997 θείων
1471 2945 1758 3015 διαφορὰς,

167 3032 395 3102 θρόνους
425 3050 483 3085 τε
514 3036 608 3087 καὶ
638 3036 961 3105 κυριότητος
1000 3038 1093 3089 καὶ
1144 3038 1319 3109 ἀρχὰς
1353 3037 1448 3091 καὶ
1488 3036 1755 3103 ἐξουσίας,

1865 1932 1987 2001 quis
2017 1931 2281 1984 curiosius
2333 1932 2591 1998 inquirat.
2634 1931 2785 1998 Quod
2811 1932 2853 1982 si
2885 1932 3005 1997 quis
3037 1933 3441 2001 profundiorem

1863 2023 2050 2078 barum
2088 2038 2267 2076 rerum
2307 2023 2711 2092 intelligentiam
2749 2026 3025 2093 percipere
3081 2026 3229 2089 relit,
3293 2036 3447 2080 certe

1864 2129 1968 2167 nou
1997 2116 2165 2183 magis
2197 2130 2257 2167 ea
2284 2114 2349 2167 ad
2373 2114 2642 2183 apostolos
2668 2130 2825 2183 quam
2860 2116 3268 2184 quowisjustos
3289 2129 3342 2171 et
3365 2120 3445 2172 di-

1863 2206 2033 2259 lectos
2064 2206 2173 2260 Deo
2220 2206 2461 2259 retulerit
2497 2224 2509 2257 :
2547 2216 2599 2259 ct
2649 2208 2717 2258 ita
2756 2209 3151 2262 transcenderit
3196 2210 3320 2263 inde
3374 2213 3441 2263 ad

1864 2299 2073 2351 divinas
2102 2308 2157 2350 et
2184 2297 2456 2367 angelicas
2482 2308 2775 2365 potestates
2810 2315 2823 2349 :
2861 2315 2956 2368 per
3000 2310 3211 2354 montes
3244 2311 3297 2355 et
3327 2303 3443 2356 col-

1862 2384 1941 2438 les
1967 2385 2233 2453 desiguari
2260 2385 2564 2455 intelligens
2590 2387 2899 2454 angelorum
2925 2397 2977 2443 et
2994 2390 3441 2459 arcbaugelorum

1861 2483 1915 2527 et
1945 2475 2245 2529 divinorum
2275 2476 2558 2545 spirituum
2591 2476 2944 2543 diﬂ'ercutias,
2991 2480 3235 2544 thronos,
3269 2483 3443 2536 domi-

1860 2566 2129 2630 nationes,
2184 2570 2541 2637 principatus,
2598 2581 2914 2638 potestates.
2967 2571 3084 2627 Jam
3134 2588 3262 2627 vero
3298 2576 3442 2643 quod

1862 2659 1961 2711 ista
1992 2660 2170 2713 omnia
2220 2677 2314 2730 per
2348 2662 2517 2729 illum,
2548 2673 2603 2716 et
2624 2668 2687 2717 ad
2718 2664 2862 2717 illum
2892 2674 3071 2718 creata
3108 2665 3308 2721 iuerint
3336 2683 3350 2721 :
3386 2677 3444 2721 et.

1861 2751 2001 2816 quod
2032 2761 2157 2804 ante
2188 2753 2287 2805 ista
2315 2755 2519 2817 omnia,
2554 2754 2668 2823 ipse.
2698 2755 3051 2820 subsistebat,
3093 2757 3307 2811 divinus
3347 2758 3443 2812 do-

1860 2853 1943 2896 cet
1969 2844 2277 2911 Apostolus,
2308 2845 2620 2914 impii-atus,
2652 2856 2710 2899 ut
2736 2862 2833 2912 par
2866 2848 3211 2912 estcredere,
3242 2849 3442 2903 divini--

1865 2943 1967 2997 tus;
2003 2948 2121 2989 cum
2153 2934 2205 2987 iu
2232 2950 2458 3002 persona
2501 2935 2619 2989 Filii
2652 2935 2745 2990 Dei
2773 2938 2885 2991 haec
2916 2950 3224 3009 usurparet,
3250 2938 3442 2995 Prius-

1859 3041 2015 3093 quam
2045 3036 2244 3079 montes
2278 3027 2652 3094 [undarentur,
2697 3040 2817 3082 ante
2863 3047 3040 3085 omnes
3074 3032 3229 3085 colles
3262 3036 3441 3101 genuit

164 3125 255 3178 δτι
281 3126 358 3195 (5)
393 3125 456 3195 δὴ
496 3125 591 3178 καὶ
616 3126 788 3179 ταῦτα
825 3129 1003 3181 πάντα
1032 3128 1099 3180 δι’
1132 3128 1318 3194 αὑτοῦ,
1356 3130 1447 3182 καὶ
1480 3131 1558 3193 είς
1598 3131 1758 3183 αὑτὸν

1863 3132 1958 3169 me.
1988 3116 2053 3169 Et
2092 3118 2195 3170 alia
2239 3120 2453 3185 quidem
2489 3123 2667 3174 omnia
2702 3123 2841 3176 facta
2882 3125 3053 3177 dicit:
3092 3126 3261 3179 solum
3314 3142 3442 3183 vero

166 3215 417 3268 ἐκτίσθαι
452 3216 545 3268 καὶ
573 3216 679 3287 πρὸ
702 3220 917 3271 πάντων
951 3218 1128 3270 αὐτῶν
1151 3213 1288 3271 εἶναι
1312 3220 1536 3284 τούτων,
1569 3223 1597 3273 6
1618 3220 1759 3283 θεῖος

1863 3208 2037 3275 ipsum
2068 3212 2306 3279 genitum
2340 3222 2465 3265 ante
2497 3214 2935 3269 constitutionem
2981 3219 3439 3285 supradictorum.

165 3305 409 3369 ἐδίδαξεν
425 3307 741 3370 Ἀπόστολος
773 3308 871 3379 (6),
899 3306 1223 3377 ἑνθέως(ὼς)
1248 3311 1393 3371 εἰκὸς
1418 3308 1757 3379 ὁρμώμενος,

164 3396 258 3450 διὰ
284 3399 345 3451 τὸ
386 3398 638 3467 λέγεσθαι
694 3401 751 3451 ὲν
795 3400 1002 3463 τούτοις
1053 3402 1117 3451 ὲκ
1168 3400 1462 3471 προσώπου
1496 3401 1587 3452 τοῦ
1630 3401 1757 3453 Υἱοῦ

164 3488 262 3543 τοῦ
281 3488 415 3542 Θεοῦ
432 3491 513 3551 τὸ,
544 3490 661 3559 Πρὸ
696 3491 800 3544 τοῦ
829 3490 933 3558 ὄρη
958 3490 1342 3559 ἑδρασθῆναι,
1370 3491 1483 3559 πρὸ
1516 3491 1581 3543 δὲ
1610 3490 1759 3544 πᾶν·

162 3596 285 3631 των
322 3578 569 3643 βουνῶν
608 3580 789 3650 γεννᾷ
818 3599 913 3651 με.
958 3582 1037 3635 Τά
1072 3582 1169 3652 μὲν
1207 3578 1299 3635 οὖν
1353 3582 1488 3636 ἄλλα
1526 3582 1756 3653 δρᾶσθαι

163 3672 296 3742 εφη,
334 3673 491 3741 μόνον
528 3673 583 3725 δὲ
615 3674 776 3727 αὑτὸν
799 3674 1154 3744 γεγεννῆσθαι
1190 3674 1294 3745 πρὸ
1322 3674 1420 3743 τῆς
1443 3674 1551 3727 τῶν
1583 3674 1755 3747 δηλω-

162 3762 367 3816 θέντων
396 3766 725 3828 συστάσεως.
759 3762 880 3818 Οἵδε
907 3766 962 3818 δὲ
994 3766 1092 3836 τὴν
1125 3765 1445 3834 ἐπουράνιον
1488 3767 1758 3836 Ἰερουσα-

161 3854 279 3925 λὴμ
302 3856 330 3907 6
355 3855 869 3919 αὑτὸςἈπόσ-τολος,
912 3858 1006 3909 καὶ
1036 3856 1097 3908 τὸ
1142 3856 1391 3923 οὐράνιον
1443 3856 1567 3927 ὅρος
1594 3859 1678 3926 ἐφ’
1712 3850 1756 3924 ᾧ

160 3947 371 4015 ταύτην
424 3944 563 3999 εἷναί
618 3964 751 4018 φησι
798 3948 1001 4015 λέγων·
1053 3950 1555 4015 Προσεληλύθατε
1604 3951 1757 4003 Σιὼν

161 4036 310 4103 ὄρει.
348 4034 445 4088 καὶ
479 4038 651 4089 πόλει
684 4037 830 4090 Θεοῦ
860 4035 1072 4102 ζῶντος
1106 4038 1501 4107 Ἰερουσαλὴμ
1530 4040 1621 4092 ἐπ’
1654 4043 1748 4094 οὺ-

150 4124 347 4197 ραγῷ,
388 4128 485 4180 καὶ
528 4129 819 4196 μυριάσιν
850 4129 1140 4198 ἀγγέλων,
1177 4134 1504 4201 πανηγύρει
1530 4133 1623 4186 καὶ
1645 4137 1760 4187 Εκ-

160 4219 395 4286 κληονίᾳ
442 4221 829 4288 πρωτοτόκων
868 4222 1407 4293 ἀπογεγραμμένων
1464 4225 1533 4277 ἐν
1581 4227 1756 4292 οὐρα-

1861 3297 2018 3351 Novit
2048 3312 2223 3352 autem
2245 3302 2383 3354 idem
2406 3303 2698 3370 Apostolus
2716 3316 2770 3359 et
2790 3304 3088 3362 Jerusalem
3124 3310 3400 3366 cmlestem
3425 3354 3442 3378 ,

1860 3399 1915 3443 et
1943 3403 2177 3444 mootem
2236 3393 2287 3445 iu
2325 3409 2431 3461 quo
2459 3396 2545 3448 illa
2586 3400 2837 3453 conditur
2864 3402 3159 3467 coalemem,
3198 3406 3284 3458 ubi
3343 3406 3439 3471 ait,

1858 3481 2160 3534 Accessistis
2185 3483 2253 3533 ad
2282 3494 2506 3537 montum
2535 3483 2683 3551 Sion,
2712 3498 2758 3540 et
2789 3492 3048 3543 civitatem
3087 3494 3299 3546 virentis
3324 3493 3440 3557 Dei,

1856 3569 2154 3625 Jerusalem
2188 3574 2243 3625 iu
2273 3575 2434 3639 caelis,
2466 3577 2533 3628 ad
2559 3579 2949 3633 multitudinem
2988 3582 3314 3636 innumeram
3340 3602 3439 3638 tm-

1857 3660 2112 3727 gelorum,
2139 3665 2441 3733 pmtegyrim
2490 3676 2536 3718 et
2578 3668 2868 3721 Ecclesiam
2898 3674 3361 3741 primogenitorum
3386 3676 3441 3727 in

1858 3752 1996 3803 caelis
2016 3754 2391 3819 descriptorum
2413 3753 2477 3805 ⁸³.
2518 3754 2653 3810 Ante
2694 3759 2791 3809 ista
2822 3760 3037 3825 quidem
3071 3761 3247 3813 omnia
3289 3761 3439 3814 exsi~

1859 3853 2004 3898 stens
2035 3846 2347 3913 unigenitus
2378 3848 2470 3901 Dei
2499 3847 2690 3912 Filius,
2719 3866 2837 3918 qum
2890 3852 2956 3903 ad
2992 3851 3161 3919 ipsius
3195 3850 3441 3905 iueliabi-

1858 3936 1959 3988 lem
1990 3940 2307 4004 spectabant
2344 3945 2764 4009 generationem,
2800 3942 3183 3997 absconditeiu
3207 3943 3439 3998 Provero

1858 4029 1959 4082 biis
1988 4028 2277 4083 iutituavit.
2322 4031 2387 4086 Et
2426 4034 2566 4100 quod
2617 4033 2760 4089 hunc
2791 4038 3014 4089 subesse
3041 4050 3262 4089 sensum
3292 4036 3439 4089 vole-

1857 4121 1947 4174 bat
1977 4122 2197 4191 intelligi
2232 4134 2379 4193 patet.
2410 4140 2475 4178 ex
2523 4126 2589 4181 iis
2641 4142 2759 4195 qua!
2792 4128 2973 4181 statim
3006 4129 3269 4197 adjuugit,
3305 4126 3438 4181 Cum

1857 4212 2008 4266 cmlos
2040 4224 2341 4281 appararet,
2374 4216 2452 4268 illi
2477 4233 2707 4284 prwsens
2732 4218 2904 4286 adfui.
2926 4217 3153 4285 llicjam
3188 4224 3438 4290 egregius

158 4311 313 4375 νοῖς.
346 4312 455 4363 Καὶ
489 4313 692 4365 τούτων
729 4313 1016 4382 τοιγαροῦν
1040 4314 1302 4365 ἁπάντων
1322 4316 1697 4386 προϋπάρχων
1723 4320 1751 4369 6

1863 4306 2124 4373 interpres
2152 4308 2553 4377 Scripturarum
2582 4313 2836 4365 exclusus
2850 4313 3113 4376 substitit,
3144 4327 3240 4366 nec
3260 4323 3442 4368 trans-

157 4402 257 4455 τοῦ
285 4402 420 4455 Θεοῦ
462 4403 753 4474 μονογενὴς
783 4404 910 4467 Υἱὸς
954 4402 1021 4456 τὰ
1049 4404 1148 4473 τῆς
1194 4407 1398 4469 οἰκείας
1437 4408 1752 4478 ἀπορρήτου

1863 4395 1937 4449 ire
1970 4398 2140 4461 potuit
2180 4412 2193 4448 :
2231 4399 2372 4466 quod
2402 4401 2847 4469 consequentiam
2880 4402 3167 4456 reddenda:
3194 4404 3441 4472 supposi-

157 4493 468 4562 γεννήσεως
492 4494 1004 4563 ὲπικεκρυμμένως,
1034 4495 1120 4548 διὰ
1137 4494 1245 4547 τῶν
1274 4496 1587 4566 Παροιμιῶν
1610 4497 1751 4567 ᾐνίτ-

1863 4487 2017 4542 tionis
2069 4490 2133 4542 de
2178 4504 2342 4545 carne
2397 4490 2726 4556 Servatoris,
2779 4492 3125 4561 complanare
3167 4495 3437 4562 nequiret.

161 4601 310 4637 τετο.
338 4585 446 4638 Καὶ
470 4588 551 4638 ὅτι
578 4602 640 4653 γε
684 4587 851 4640 ταῦτα
872 4587 1142 4640 ὑπὲὖαλλε
1173 4591 1332 4653 νοεῖν,
1362 4588 1515 4659 δῆλον
1564 4588 1628 4641 ἂν
1652 4590 1744 4656 γέ-

1863 4579 2125 4635 Mentione
2150 4582 2293 4636 enim
2354 4584 2491 4638 facta
2547 4586 2921 4654 susquedeque
2969 4587 3175 4649 carnis,
3235 4598 3289 4638 et
3325 4602 3439 4640 om.

166 4695 313 4733 νοιτο
333 4678 425 4747 ἀφ’
455 4672 528 4733 ὧν
556 4680 813 4733 συνάπτει
845 4680 969 4752 ἑξῆς
996 4681 1167 4749 λέγων
1192 4698 1205 4711 ·
1255 4682 1453 4735 Ήνίκα
1482 4680 1750 4751 ἡτοίμαζε

1863 4675 1950 4727 nia
1968 4674 2121 4743 quasi
2147 4675 2287 4729 dicta
2314 4677 2378 4731 de
2395 4692 2562 4730 carne
2586 4679 2825 4745 exposita
2865 4692 3169 4747 proponens
3205 4684 3263 4740 ὦ
3292 4680 3439 4748 (nam

160 4773 275 4826 τὸν
293 4772 574 4839 οὐρανὸν,
606 4772 1018 4843 συμπαρήμην
1046 4774 1224 4840 αὐτῷ.
1261 4774 1428 4828 Ἔνθα
1454 4777 1482 4828 6
1504 4778 1750 4843 γενναῖος

1863 4765 1926 4817 ad
1952 4779 2121 4834 usque
2150 4778 2358 4822 montes
2393 4779 2447 4821 et
2469 4769 2633 4824 colles
2655 4772 2844 4835 evasit,
2872 4786 3008 4840 quos
3036 4773 3308 4838 apostolos
3346 4788 3441 4822 ar-

155 4862 271 4917 τῶν
301 4864 533 4933 Γραφῶν
561 4865 830 4936 ἑρμηνεὺς
863 4865 1239 4929 ἀποκλεισθεὶς
1268 4866 1394 4937 ἔστη
1427 4866 1525 4936 (7),
1559 4867 1750 4938 μηκέθ’

1863 4858 2095 4913 bitratur
2146 4875 2265 4915 esse
2293 4859 2334 4929 ),
2376 4878 2493 4931 qua:
2550 4874 2851 4931 sequuntur
2905 4865 3124 4917 silentio
3182 4866 3441 4931 deinceps

157 4954 428 5024 ὑπερϐὰς,
461 4956 540 5025 τῷ
582 4956 655 5027 μὴ
693 4957 1005 5027 δεδυνῆσθαι
1042 4958 1357 5027 ὲξομαλίσαι
1406 4959 1501 5029 τὴν
1531 4960 1755 5010 ἀκολου-

1863 4951 2055 5006 lubens
2108 4953 2423 5019 transmisit,
2461 4970 2563 5009 non
2595 4972 2758 5010 ausus
2798 4956 3023 5010 ulterius
3058 4958 3109 5008 in
3141 4955 3443 5024 Scriptnris

158 5044 288 5099 θίαν
306 5046 405 5116 τῆς
430 5046 783 5117 ἀποδοθείσης
820 5048 967 5117 αὑτῷ
999 5050 1127 5118 περὶ
1156 5049 1255 5117 τῆς
1282 5048 1483 5119 σαρκὸς
1512 5047 1606 5101 τοῦ
1639 5050 1752 5100 Σω-

1863 5046 2134 5115 progredi.
2163 5048 2341 5116 Atque
2382 5051 2450 5103 ita
2488 5050 2705 5102 ﬁbulam
2744 5048 2975 5102 orationi
3008 5050 3270 5117 apposuit.
3313 5047 3441 5101 Post

155 5136 326 5209 τῆρος
371 5136 700 5201 ὑποθέσεως.
738 5140 883 5190 ’Δνω
926 5137 1033 5208 γὰρ
1075 5141 1167 5191 καὶ
1205 5140 1356 5192 κάτω
1406 5140 1502 5209 τῆς
1544 5139 1747 5209 σαρκὸς

1863 5138 2252 5208 quamplurima
2285 5143 2609 5195 intermento
2636 5156 2883 5202 sermone
2918 5150 3215 5201 transacta,
3254 5141 3320 5193 ab
3354 5157 3444 5193 ar.-

159 5228 567 5301 μνημονεὺσας,
610 5232 703 5284 καὶ
740 5230 918 5285 πάντα
951 5230 1201 5301 εἰρῆσθαι
1234 5230 1363 5302 περὶ
1392 5232 1489 5302 τῆς
1542 5232 1742 5301 σαρκὸς

1863 5230 2100 5298 ceptione
2129 5232 2213 5286 illa
2243 5235 2448 5288 carnali
2492 5234 2685 5300 resilit,
2719 5234 2897 5288 lassus
2934 5232 3028 5287 Dei
3066 5232 3297 5286 Verbum
3335 5234 3435 5285 ista

237 5399 299 5458 »Β
335 5392 431 5449 Ed.
461 5391 661 5460 Paris.,
688 5408 809 5464 pag.
834 5392 963 5459 162,
1004 5392 1103 5448 165
1198 5394 1243 5425 ⁸³
1275 5392 1434 5449 Hebr.
1470 5408 1564 5459 xu,
1588 5392 1681 5456 22,
1715 5390 1805 5446 25.

156 5577 311 5711 eo?)
343 5580 537 5648 Μυρία
562 5580 765 5646 αὑτός.
794 5579 935 5654 Lege
973 5580 1144 5655 μυρία
1167 5581 1221 5635 δὲ
1264 5581 1395 5654 [imo
1427 5584 1472 5635 δ’
1513 5584 1577 5637 άν
1616 5599 1737 5641 cum

269 5648 347 5711 d.I
378 5652 471 5704 καὶ
495 5649 675 5711 αὑτός.

1922 5584 1997 5706 ἳϐ)
2046 5583 2287 5649 Ἐνθέως
2318 5584 2496 5645 εἰκός.
2522 5582 2701 5647 Deest,
2730 5580 2825 5645 ὡς,
2864 5582 2937 5643 ὡς
2973 5580 3139 5644 εἰκός.
3161 5578 3431 5635 lit—Mox

1863 5670 1921 5708 ru
1950 5671 2015 5711 ao
2042 5656 2148 5711 πρὸ
2169 5654 2237 5706 τὰ
2263 5654 2385 5711 bon.

269 5649 675 5724 ςι-ικριιςῡτάςο
1266 5649 1283 5654 ·

1863 5649 2015 5724 vulgo
2042 5656 2148 5724 πρὸ
2169 5654 2237 5706 τὰ
2263 5654 2385 5723 ὁρη.

255 5720 310 5796 ᾗ)
328 5720 681 5796 [ulgod‘uxdg
693 5732 746 5777 et
762 5736 881 5776 mox
899 5722 960 5796 το
980 5724 1053 5796 μή
1078 5724 1291 5796 etinl‘ra
1305 5727 1396 5779 καὶ
1414 5725 1559 5779 διαὸ.

1919 5720 1995 5795 (7)
2030 5720 2125 5792 Μὴ
2159 5720 2603 5789 κιιθ”ὔπερ6ἁς.
2633 5723 2814 5796 Forte,
2850 5725 2922 5795 μὴ
2961 5723 3108 5777 κάτω
3134 5724 3439 5785 6:16i;..\l.

259 5739 310 5789 ο)
337 5739 746 5845 νυιεοψόιίχαςοι
762 5739 881 5776 mox
899 5739 960 5775 το
980 5739 1053 5794 μη
1078 5739 1291 5796 θιηιηιτο
1305 5739 1396 5779 και
1414 5739 1559 5779 etab.

259 5791 310 5864 li)
345 5788 513 5862 Vulgo
618 5805 668 5847 et
696 5806 816 5849 mox
846 5792 1085 5866 ὲκτίσθη.

1919 5739 1995 5795 (ι)
2030 5739 2125 5792 Mn
2159 5739 2284 5777 καθ’
2322 5739 2603 5789 υπεροας.
2633 5739 2737 5777 ror

1865 5827 1933 5836 -ο-
1964 5799 2128 5866 Vulgo
2167 5796 2239 5867 μὴ
2276 5796 2443 5865 μηκέθ
2476 5795 2737 5863 υττερσάς.
