  <div class='ocr_page' id='page_1' title='image "/cluster/home/n/w/nwhite01/storage/ocr_20150623/24/pst.000005712083/516.png"; bbox 0 0 4068 6316; ppageno 0'>
   <div class='ocr_carea' id='block_1_1' title="bbox 197 354 309 414">
    <p class='ocr_par' dir='ltr' id='par_1_1' title="bbox 197 354 309 414">
     <span class='ocr_line' id='line_1_1' title="bbox 197 354 309 414; baseline -0.045 0"><span class='ocrx_word' id='word_1_1' title='bbox 197 354 309 414; x_wconf 73' lang='lat'><strong>997</strong></span> 
     </span>
    </p>
   </div>
   <div class='ocr_carea' id='block_1_2' title="bbox 1177 347 2593 409">
    <p class='ocr_par' dir='ltr' id='par_1_2' title="bbox 1177 347 2593 409">
     <span class='ocr_line' id='line_1_2' title="bbox 1177 347 2593 409; baseline 0.003 -4"><span class='ocrx_word' id='word_1_2' title='bbox 1177 350 1267 405; x_wconf 84' lang='lat' dir='ltr'><strong>DE</strong></span> <span class='ocrx_word' id='word_1_3' title='bbox 1305 348 1851 409; x_wconf 73' lang='lat' dir='ltr'><strong>ECCLESIASTICA</strong></span> <span class='ocrx_word' id='word_1_4' title='bbox 1886 347 2287 407; x_wconf 69' lang='lat' dir='ltr'><strong>THEOLOGIA</strong></span> <span class='ocrx_word' id='word_1_5' title='bbox 2327 348 2457 409; x_wconf 80' lang='lat' dir='ltr'><strong>LIB.</strong></span> <span class='ocrx_word' id='word_1_6' title='bbox 2504 352 2593 409; x_wconf 88' lang='grc'>111.</span> 
     </span>
    </p>
   </div>
   <div class='ocr_carea' id='block_1_3' title="bbox 3374 352 3486 416">
    <p class='ocr_par' dir='ltr' id='par_1_3' title="bbox 3374 352 3486 416">
     <span class='ocr_line' id='line_1_3' title="bbox 3374 352 3486 416; baseline -0.045 0"><span class='ocrx_word' id='word_1_7' title='bbox 3374 352 3486 416; x_wconf 78' lang='lat'><strong>998</strong></span> 
     </span>
    </p>
   </div>
   <div class='ocr_carea' id='block_1_4' title="bbox 198 468 1785 547">
    <p class='ocr_par' dir='ltr' id='par_1_4' title="bbox 198 468 1785 547">
     <span class='ocr_line' id='line_1_4' title="bbox 198 468 1785 547; baseline -0.003 -16"><span class='ocrx_word' id='word_1_8' title='bbox 198 492 295 541; x_wconf 73' lang='lat' dir='ltr'><strong>aut,</strong></span> <span class='ocrx_word' id='word_1_9' title='bbox 325 474 571 547; x_wconf 70' lang='grc' dir='ltr'><strong>«1)ςαύτῷ</strong></span> <span class='ocrx_word' id='word_1_10' title='bbox 597 473 792 536; x_wconf 58' lang='lat' dir='ltr'><strong>adut,</strong></span> <span class='ocrx_word' id='word_1_11' title='bbox 818 471 915 527; x_wconf 69' lang='grc' dir='ltr'>διὰ</span> <span class='ocrx_word' id='word_1_12' title='bbox 945 474 1006 527; x_wconf 83' lang='grc' dir='ltr'><strong>τδ</strong></span> <span class='ocrx_word' id='word_1_13' title='bbox 1029 472 1302 545; x_wconf 76' lang='grc' dir='ltr'>εἰρῆσθαι,</span> <span class='ocrx_word' id='word_1_14' title='bbox 1337 472 1427 540; x_wconf 83' lang='grc' dir='ltr'>Γῆ</span> <span class='ocrx_word' id='word_1_15' title='bbox 1454 468 1525 534; x_wconf 79' lang='grc' dir='ltr'><strong>εἶ,</strong></span> <span class='ocrx_word' id='word_1_16' title='bbox 1562 473 1660 526; x_wconf 81' lang='grc' dir='ltr'>καί</span> <span class='ocrx_word' id='word_1_17' title='bbox 1705 474 1785 537; x_wconf 80' lang='grc' dir='ltr'><strong>είς</strong></span> 
     </span>
    </p>
   </div>
   <div class='ocr_carea' id='block_1_5' title="bbox 1890 468 3487 547">
    <p class='ocr_par' dir='ltr' id='par_1_5' title="bbox 1895 471 3487 533">
     <span class='ocr_line' id='line_1_5' title="bbox 1895 471 3487 533; baseline 0.005 -8"><span class='ocrx_word' id='word_1_18' title='bbox 1895 471 2109 525; x_wconf 79' lang='lat' dir='ltr'><strong>aderant</strong></span> <span class='ocrx_word' id='word_1_19' title='bbox 2155 474 2223 526; x_wconf 74' lang='lat' dir='ltr'><strong>ei.</strong></span> <span class='ocrx_word' id='word_1_20' title='bbox 2258 471 2330 525; x_wconf 81' lang='lat' dir='ltr'><strong>At</strong></span> <span class='ocrx_word' id='word_1_21' title='bbox 2359 486 2520 527; x_wconf 86' lang='lat' dir='ltr'><strong>nemo</strong></span> <span class='ocrx_word' id='word_1_22' title='bbox 2544 485 2651 527; x_wconf 93' lang='lat' dir='ltr'><strong>non</strong></span> <span class='ocrx_word' id='word_1_23' title='bbox 2686 485 2874 529; x_wconf 83' lang='lat' dir='ltr'><strong>amens</strong></span> <span class='ocrx_word' id='word_1_24' title='bbox 2898 473 3039 530; x_wconf 84' lang='lat' dir='ltr'><strong>banc</strong></span> <span class='ocrx_word' id='word_1_25' title='bbox 3068 472 3354 531; x_wconf 81' lang='lat' dir='ltr'><strong>admiserit</strong></span> <span class='ocrx_word' id='word_1_26' title='bbox 3394 482 3487 533; x_wconf 74' lang='lat' dir='ltr'><strong>ln~</strong></span> 
     </span>
    </p>
   </div>
   <div class='ocr_carea' id='block_1_6' title="bbox 199 560 1792 638">
    <p class='ocr_par' dir='ltr' id='par_1_6' title="bbox 199 560 1792 638">
     <span class='ocr_line' id='line_1_6' title="bbox 199 560 1792 638; baseline -0.006 -14"><span class='ocrx_word' id='word_1_27' title='bbox 199 565 323 638; x_wconf 66' lang='grc' dir='ltr'><strong>τῆν</strong></span> <span class='ocrx_word' id='word_1_28' title='bbox 352 567 667 634; x_wconf 59' lang='lat' dir='ltr'><strong>(ueletiam</strong></span> <span class='ocrx_word' id='word_1_29' title='bbox 694 566 734 635; x_wconf 81' lang='lat'><strong>&#39;)</strong></span> <span class='ocrx_word' id='word_1_30' title='bbox 775 565 869 618; x_wconf 76' lang='grc' dir='ltr'><strong>καὶ</strong></span> <span class='ocrx_word' id='word_1_31' title='bbox 906 565 1065 635; x_wconf 78' lang='grc' dir='ltr'>ειπερ</span> <span class='ocrx_word' id='word_1_32' title='bbox 1107 565 1141 634; x_wconf 80' lang='grc' dir='ltr'><strong>ἡ</strong></span> <span class='ocrx_word' id='word_1_33' title='bbox 1187 563 1324 634; x_wconf 78' lang='grc' dir='ltr'><strong>σὰρξ</strong></span> <span class='ocrx_word' id='word_1_34' title='bbox 1380 560 1447 634; x_wconf 85' lang='grc' dir='ltr'><strong>ῆν</strong></span> <span class='ocrx_word' id='word_1_35' title='bbox 1476 566 1509 634; x_wconf 78' lang='grc' dir='ltr'><strong>ἡ</strong></span> <span class='ocrx_word' id='word_1_36' title='bbox 1539 563 1792 632; x_wconf 78' lang='grc' dir='ltr'><strong>λέγουσα,</strong></span> 
     </span>
    </p>
   </div>
   <div class='ocr_carea' id='block_1_7' title="bbox 196 654 1795 726">
    <p class='ocr_par' dir='ltr' id='par_1_7' title="bbox 196 654 1795 726">
     <span class='ocr_line' id='line_1_7' title="bbox 196 654 1795 726; baseline -0.002 -14"><span class='ocrx_word' id='word_1_37' title='bbox 196 658 325 726; x_wconf 82' lang='grc' dir='ltr'><strong>Πρὸ</strong></span> <span class='ocrx_word' id='word_1_38' title='bbox 352 658 457 712; x_wconf 85' lang='grc' dir='ltr'>τοῦ</span> <span class='ocrx_word' id='word_1_39' title='bbox 486 658 591 723; x_wconf 83' lang='grc' dir='ltr'><strong>τὰς</strong></span> <span class='ocrx_word' id='word_1_40' title='bbox 622 657 937 722; x_wconf 74' lang='grc' dir='ltr'>ἀϐύσσους</span> <span class='ocrx_word' id='word_1_41' title='bbox 971 654 1245 723; x_wconf 76' lang='grc' dir='ltr'>ποιῆσαι,</span> <span class='ocrx_word' id='word_1_42' title='bbox 1294 654 1409 724; x_wconf 79' lang='grc' dir='ltr'>πρὸ</span> <span class='ocrx_word' id='word_1_43' title='bbox 1435 654 1545 709; x_wconf 83' lang='grc' dir='ltr'>τοῦ</span> <span class='ocrx_word' id='word_1_44' title='bbox 1582 658 1795 724; x_wconf 71' lang='grc' dir='ltr'>προελ-</span> 
     </span>
    </p>
   </div>
   <div class='ocr_carea' id='block_1_8' title="bbox 200 745 1793 815">
    <p class='ocr_par' dir='ltr' id='par_1_8' title="bbox 200 745 1793 815">
     <span class='ocr_line' id='line_1_8' title="bbox 200 745 1793 815; baseline -0.002 -13"><span class='ocrx_word' id='word_1_45' title='bbox 200 748 331 802; x_wconf 75' lang='grc' dir='ltr'>θεῖν</span> <span class='ocrx_word' id='word_1_46' title='bbox 363 748 469 812; x_wconf 82' lang='grc' dir='ltr'><strong>τὰς</strong></span> <span class='ocrx_word' id='word_1_47' title='bbox 502 747 700 815; x_wconf 73' lang='grc' dir='ltr'>πηγὰς</span> <span class='ocrx_word' id='word_1_48' title='bbox 741 747 862 801; x_wconf 80' lang='grc' dir='ltr'><strong>τῶν</strong></span> <span class='ocrx_word' id='word_1_49' title='bbox 896 746 1151 810; x_wconf 77' lang='grc' dir='ltr'>ὑδάτων,</span> <span class='ocrx_word' id='word_1_50' title='bbox 1184 746 1297 814; x_wconf 76' lang='grc' dir='ltr'>πρὸ</span> <span class='ocrx_word' id='word_1_51' title='bbox 1331 745 1437 799; x_wconf 80' lang='grc' dir='ltr'><strong>τοῦ</strong></span> <span class='ocrx_word' id='word_1_52' title='bbox 1474 746 1579 814; x_wconf 80' lang='grc' dir='ltr'>ὅρη</span> <span class='ocrx_word' id='word_1_53' title='bbox 1621 746 1793 813; x_wconf 79' lang='grc' dir='ltr'>ἐδρα-</span> 
     </span>
    </p>
   </div>
   <div class='ocr_carea' id='block_1_9' title="bbox 199 835 1794 907">
    <p class='ocr_par' dir='ltr' id='par_1_9' title="bbox 199 835 1794 907">
     <span class='ocr_line' id='line_1_9' title="bbox 199 835 1794 907; baseline -0.003 -13"><span class='ocrx_word' id='word_1_54' title='bbox 199 840 444 907; x_wconf 75' lang='grc' dir='ltr'>σθῆναι,</span> <span class='ocrx_word' id='word_1_55' title='bbox 490 837 604 907; x_wconf 78' lang='grc' dir='ltr'>πρὸ</span> <span class='ocrx_word' id='word_1_56' title='bbox 637 838 705 892; x_wconf 81' lang='grc' dir='ltr'>δὲ</span> <span class='ocrx_word' id='word_1_57' title='bbox 730 840 971 894; x_wconf 75' lang='grc' dir='ltr'>πάντων</span> <span class='ocrx_word' id='word_1_58' title='bbox 991 835 1240 903; x_wconf 65' lang='grc' dir='ltr'>,Βουνῶν</span> <span class='ocrx_word' id='word_1_59' title='bbox 1266 838 1451 907; x_wconf 74' lang='grc' dir='ltr'><em>γεννᾷ</em></span> <span class='ocrx_word' id='word_1_60' title='bbox 1489 853 1588 904; x_wconf 80' lang='grc' dir='ltr'><strong>με,</strong></span> <span class='ocrx_word' id='word_1_61' title='bbox 1618 838 1705 891; x_wconf 76' lang='grc' dir='ltr'><strong>διὰ</strong></span> <span class='ocrx_word' id='word_1_62' title='bbox 1734 836 1794 890; x_wconf 81' lang='grc' dir='ltr'>τὸ</span> 
     </span>
    </p>
   </div>
   <div class='ocr_carea' id='block_1_10' title="bbox 201 926 1791 1001">
    <p class='ocr_par' dir='ltr' id='par_1_10' title="bbox 201 926 1791 1001">
     <span class='ocr_line' id='line_1_10' title="bbox 201 926 1791 1001; baseline -0.004 -17"><span class='ocrx_word' id='word_1_63' title='bbox 201 946 542 1001; x_wconf 79' lang='grc' dir='ltr'>προγεγεννη</span> <span class='ocrx_word' id='word_1_64' title='bbox 552 930 720 1001; x_wconf 83' lang='grc' dir='ltr'>μένην</span> <span class='ocrx_word' id='word_1_65' title='bbox 745 928 882 984; x_wconf 81' lang='grc' dir='ltr'>εἶναι</span> <span class='ocrx_word' id='word_1_66' title='bbox 910 930 1080 998; x_wconf 75' lang='grc' dir='ltr'>αὐτὴν</span> <span class='ocrx_word' id='word_1_67' title='bbox 1104 926 1259 998; x_wconf 79' lang='grc' dir='ltr'>[πρὸ]</span> <span class='ocrx_word' id='word_1_68' title='bbox 1290 928 1389 997; x_wconf 83' lang='grc' dir='ltr'>τῆς</span> <span class='ocrx_word' id='word_1_69' title='bbox 1420 929 1529 981; x_wconf 88' lang='grc' dir='ltr'><strong>τῶν</strong></span> <span class='ocrx_word' id='word_1_70' title='bbox 1554 926 1791 980; x_wconf 83' lang='grc' dir='ltr'>ἀποστό-</span> 
     </span>
    </p>
   </div>
   <div class='ocr_carea' id='block_1_11' title="bbox 199 1018 1793 1092">
    <p class='ocr_par' dir='ltr' id='par_1_11' title="bbox 199 1018 1793 1092">
     <span class='ocr_line' id='line_1_11' title="bbox 199 1018 1793 1092; baseline -0.005 -15"><span class='ocrx_word' id='word_1_71' title='bbox 199 1020 311 1077; x_wconf 80' lang='grc' dir='ltr'><strong>λων</strong></span> <span class='ocrx_word' id='word_1_72' title='bbox 336 1020 586 1092; x_wconf 67' lang='grc' dir='ltr'>ἐκλογῆς,</span> <span class='ocrx_word' id='word_1_73' title='bbox 614 1022 689 1085; x_wconf 86' lang='grc' dir='ltr'><strong>ὼς</strong></span> <span class='ocrx_word' id='word_1_74' title='bbox 713 1022 882 1074; x_wconf 80' lang='grc' dir='ltr'>ἐδόκει</span> <span class='ocrx_word' id='word_1_75' title='bbox 905 1018 981 1088; x_wconf 85' lang='grc' dir='ltr'><strong>τῷ</strong></span> <span class='ocrx_word' id='word_1_76' title='bbox 1008 1020 1321 1091; x_wconf 76' lang='grc' dir='ltr'><strong>σοφωτάτῳ,</strong></span> <span class='ocrx_word' id='word_1_77' title='bbox 1345 1020 1533 1071; x_wconf 75' lang='grc' dir='ltr'>ἕπεται</span> <span class='ocrx_word' id='word_1_78' title='bbox 1550 1022 1612 1072; x_wconf 83' lang='grc' dir='ltr'><strong>ὲκ</strong></span> <span class='ocrx_word' id='word_1_79' title='bbox 1632 1033 1793 1087; x_wconf 65' lang='grc' dir='ltr'>προσ.</span> 
     </span>
    </p>
   </div>
   <div class='ocr_carea' id='block_1_12' title="bbox 196 1109 1786 1183">
    <p class='ocr_par' dir='ltr' id='par_1_12' title="bbox 196 1109 1786 1183">
     <span class='ocr_line' id='line_1_12' title="bbox 196 1109 1786 1183; baseline 0.001 -23"><span class='ocrx_word' id='word_1_80' title='bbox 196 1112 353 1165; x_wconf 81' lang='grc' dir='ltr'>ώπου</span> <span class='ocrx_word' id='word_1_81' title='bbox 393 1112 493 1182; x_wconf 87' lang='grc' dir='ltr'><strong>τῆς</strong></span> <span class='ocrx_word' id='word_1_82' title='bbox 557 1112 757 1183; x_wconf 82' lang='grc' dir='ltr'>σαρκὸς</span> <span class='ocrx_word' id='word_1_83' title='bbox 785 1110 1034 1179; x_wconf 82' lang='grc' dir='ltr'>λέγεσθαι</span> <span class='ocrx_word' id='word_1_84' title='bbox 1071 1110 1165 1162; x_wconf 73' lang='grc' dir='ltr'>καὶ</span> <span class='ocrx_word' id='word_1_85' title='bbox 1203 1110 1284 1174; x_wconf 81' lang='grc' dir='ltr'>τὸ,</span> <span class='ocrx_word' id='word_1_86' title='bbox 1332 1112 1533 1164; x_wconf 79' lang='grc' dir='ltr'>Ἠνίκα</span> <span class='ocrx_word' id='word_1_87' title='bbox 1572 1109 1683 1178; x_wconf 72' lang='grc'>(14)</span> <span class='ocrx_word' id='word_1_88' title='bbox 1726 1110 1786 1175; x_wconf 79' lang='grc' dir='ltr'><strong>ή-</strong></span> 
     </span>
    </p>
   </div>
   <div class='ocr_carea' id='block_1_13' title="bbox 194 1197 1792 1270">
    <p class='ocr_par' dir='ltr' id='par_1_13' title="bbox 194 1197 1792 1270">
     <span class='ocr_line' id='line_1_13' title="bbox 194 1197 1792 1270; baseline -0.004 -16"><span class='ocrx_word' id='word_1_89' title='bbox 194 1198 432 1270; x_wconf 74' lang='grc' dir='ltr'>τοίμαζε</span> <span class='ocrx_word' id='word_1_90' title='bbox 459 1200 565 1254; x_wconf 74' lang='grc' dir='ltr'><strong>τὸν</strong></span> <span class='ocrx_word' id='word_1_91' title='bbox 592 1200 866 1268; x_wconf 80' lang='grc' dir='ltr'>οὐρανὸν,</span> <span class='ocrx_word' id='word_1_92' title='bbox 898 1197 1308 1268; x_wconf 82' lang='grc' dir='ltr'>συμπορήμην</span> <span class='ocrx_word' id='word_1_93' title='bbox 1328 1197 1504 1263; x_wconf 80' lang='grc' dir='ltr'>αὐτῷ.</span> <span class='ocrx_word' id='word_1_94' title='bbox 1524 1198 1661 1249; x_wconf 79' lang='grc' dir='ltr'>Ἀλλ’</span> <span class='ocrx_word' id='word_1_95' title='bbox 1692 1197 1792 1249; x_wconf 82' lang='grc' dir='ltr'>οὐκ</span> 
     </span>
    </p>
   </div>
   <div class='ocr_carea' id='block_1_14' title="bbox 197 1287 1792 1364">
    <p class='ocr_par' dir='ltr' id='par_1_14' title="bbox 197 1287 1792 1364">
     <span class='ocr_line' id='line_1_14' title="bbox 197 1287 1792 1364; baseline -0.006 -16"><span class='ocrx_word' id='word_1_96' title='bbox 197 1292 270 1348; x_wconf 75' lang='grc' dir='ltr'>ἄν</span> <span class='ocrx_word' id='word_1_97' title='bbox 295 1309 377 1357; x_wconf 85' lang='grc' dir='ltr'>τις</span> <span class='ocrx_word' id='word_1_98' title='bbox 409 1294 483 1364; x_wconf 84' lang='grc' dir='ltr'>μὴ</span> <span class='ocrx_word' id='word_1_99' title='bbox 529 1292 638 1345; x_wconf 91' lang='grc' dir='ltr'><strong>τῶν</strong></span> <span class='ocrx_word' id='word_1_100' title='bbox 684 1290 893 1361; x_wconf 83' lang='grc' dir='ltr'>φρενῶν</span> <span class='ocrx_word' id='word_1_101' title='bbox 920 1289 1120 1353; x_wconf 78' lang='grc' dir='ltr'><strong>ἐκστὰς</strong></span> <span class='ocrx_word' id='word_1_102' title='bbox 1159 1291 1331 1361; x_wconf 82' lang='grc' dir='ltr'>ταύτῃ</span> <span class='ocrx_word' id='word_1_103' title='bbox 1377 1289 1504 1343; x_wconf 83' lang='grc' dir='ltr'>ποτὲ</span> <span class='ocrx_word' id='word_1_104' title='bbox 1549 1287 1792 1341; x_wconf 84' lang='grc' dir='ltr'>σύνθοιτο</span> 
     </span>
    </p>
   </div>
   <div class='ocr_carea' id='block_1_15' title="bbox 196 1381 1789 1457">
    <p class='ocr_par' dir='ltr' id='par_1_15' title="bbox 196 1381 1789 1457">
     <span class='ocr_line' id='line_1_15' title="bbox 196 1381 1789 1457; baseline -0.004 -17"><span class='ocrx_word' id='word_1_105' title='bbox 196 1387 269 1457; x_wconf 73' lang='grc' dir='ltr'><strong>τῇ</strong></span> <span class='ocrx_word' id='word_1_106' title='bbox 313 1386 596 1457; x_wconf 69' lang='grc' dir='ltr'>ἑρμηνείᾳ,</span> <span class='ocrx_word' id='word_1_107' title='bbox 638 1381 1046 1451; x_wconf 67' lang='grc' dir='ltr'>ἀντιφθέγξεται</span> <span class='ocrx_word' id='word_1_108' title='bbox 1097 1383 1205 1455; x_wconf 83' lang='grc' dir='ltr'>γὰρ</span> <span class='ocrx_word' id='word_1_109' title='bbox 1244 1382 1394 1453; x_wconf 84' lang='grc' dir='ltr'><strong>αὺτῷ</strong></span> <span class='ocrx_word' id='word_1_110' title='bbox 1422 1382 1563 1453; x_wconf 80' lang='grc' dir='ltr'>μέγα</span> <span class='ocrx_word' id='word_1_111' title='bbox 1593 1382 1789 1450; x_wconf 74' lang='grc' dir='ltr'>βοήσας</span> 
     </span>
    </p>
   </div>
   <div class='ocr_carea' id='block_1_16' title="bbox 194 1471 1789 1549">
    <p class='ocr_par' dir='ltr' id='par_1_16' title="bbox 194 1471 1789 1549">
     <span class='ocr_line' id='line_1_16' title="bbox 194 1471 1789 1549; baseline -0.003 -18"><span class='ocrx_word' id='word_1_112' title='bbox 194 1478 229 1531; x_wconf 84' lang='grc' dir='ltr'>ὀ</span> <span class='ocrx_word' id='word_1_113' title='bbox 260 1478 358 1549; x_wconf 81' lang='grc' dir='ltr'>τῆς</span> <span class='ocrx_word' id='word_1_114' title='bbox 383 1477 637 1549; x_wconf 77' lang='grc' dir='ltr'><strong>ἀληθείας</strong></span> <span class='ocrx_word' id='word_1_115' title='bbox 660 1475 836 1541; x_wconf 84' lang='grc' dir='ltr'>λόγος,</span> <span class='ocrx_word' id='word_1_116' title='bbox 873 1475 1180 1539; x_wconf 82' lang='grc' dir='ltr'>ἐπιδεικνὺς</span> <span class='ocrx_word' id='word_1_117' title='bbox 1216 1478 1299 1539; x_wconf 87' lang='grc' dir='ltr'><strong>τίς</strong></span> <span class='ocrx_word' id='word_1_118' title='bbox 1347 1491 1477 1528; x_wconf 85' lang='grc' dir='ltr'>ποτε</span> <span class='ocrx_word' id='word_1_119' title='bbox 1507 1471 1575 1545; x_wconf 76' lang='grc' dir='ltr'><strong>ῆν</strong></span> <span class='ocrx_word' id='word_1_120' title='bbox 1601 1478 1628 1527; x_wconf 90' lang='grc' dir='ltr'><strong>ό</strong></span> <span class='ocrx_word' id='word_1_121' title='bbox 1658 1474 1789 1527; x_wconf 81' lang='grc' dir='ltr'><strong>ταῦ-</strong></span> 
     </span>
    </p>
   </div>
   <div class='ocr_carea' id='block_1_17' title="bbox 196 1561 1790 1638">
    <p class='ocr_par' dir='ltr' id='par_1_17' title="bbox 196 1561 1790 1638">
     <span class='ocr_line' id='line_1_17' title="bbox 196 1561 1790 1638; baseline -0.004 -15"><span class='ocrx_word' id='word_1_122' title='bbox 196 1586 274 1623; x_wconf 81' lang='grc' dir='ltr'><strong>τα</strong></span> <span class='ocrx_word' id='word_1_123' title='bbox 301 1568 528 1633; x_wconf 80' lang='grc' dir='ltr'>διεξιών.</span> <span class='ocrx_word' id='word_1_124' title='bbox 563 1568 649 1629; x_wconf 81' lang='grc' dir='ltr'>Ὠς</span> <span class='ocrx_word' id='word_1_125' title='bbox 677 1566 721 1619; x_wconf 84' lang='grc' dir='ltr'>δ’</span> <span class='ocrx_word' id='word_1_126' title='bbox 746 1561 838 1619; x_wconf 78' lang='grc' dir='ltr'>οὖν</span> <span class='ocrx_word' id='word_1_127' title='bbox 863 1565 1049 1638; x_wconf 67' lang='grc' dir='ltr'>ἕτερος</span> <span class='ocrx_word' id='word_1_128' title='bbox 1071 1564 1141 1636; x_wconf 82' lang='grc' dir='ltr'>ἦν</span> <span class='ocrx_word' id='word_1_129' title='bbox 1171 1569 1199 1620; x_wconf 84' lang='grc' dir='ltr'><strong>ό</strong></span> <span class='ocrx_word' id='word_1_130' title='bbox 1218 1569 1283 1619; x_wconf 73' lang='grc' dir='ltr'><strong>ἐκ</strong></span> <span class='ocrx_word' id='word_1_131' title='bbox 1310 1566 1568 1623; x_wconf 37' lang='grc' dir='ltr'>τοῦςΘεοῦ</span> <span class='ocrx_word' id='word_1_132' title='bbox 1602 1583 1790 1633; x_wconf 86' lang='grc' dir='ltr'>γεγεν-</span> 
     </span>
    </p>
   </div>
   <div class='ocr_carea' id='block_1_18' title="bbox 196 1656 1788 1731">
    <p class='ocr_par' dir='ltr' id='par_1_18' title="bbox 196 1656 1788 1731">
     <span class='ocr_line' id='line_1_18' title="bbox 196 1656 1788 1731; baseline -0.001 -18"><span class='ocrx_word' id='word_1_133' title='bbox 196 1660 446 1731; x_wconf 71' lang='grc' dir='ltr'>νημίνος·</span> <span class='ocrx_word' id='word_1_134' title='bbox 459 1657 756 1730; x_wconf 80' lang='grc' dir='ltr'>μονογενὴς</span> <span class='ocrx_word' id='word_1_135' title='bbox 803 1658 949 1721; x_wconf 88' lang='grc' dir='ltr'>Υἱὸς,</span> <span class='ocrx_word' id='word_1_136' title='bbox 981 1658 1089 1723; x_wconf 78' lang='grc' dir='ltr'><strong>ζῶν</strong></span> <span class='ocrx_word' id='word_1_137' title='bbox 1125 1658 1219 1711; x_wconf 77' lang='grc' dir='ltr'><strong>καὶ</strong></span> <span class='ocrx_word' id='word_1_138' title='bbox 1251 1656 1519 1727; x_wconf 83' lang='grc' dir='ltr'><strong>ὑφεστὼς,</strong></span> <span class='ocrx_word' id='word_1_139' title='bbox 1569 1656 1645 1711; x_wconf 84' lang='grc' dir='ltr'>ὢν</span> <span class='ocrx_word' id='word_1_140' title='bbox 1676 1658 1788 1729; x_wconf 83' lang='grc'>(15)</span> 
     </span>
    </p>
   </div>
   <div class='ocr_carea' id='block_1_19' title="bbox 195 1736 1786 1820">
    <p class='ocr_par' dir='ltr' id='par_1_19' title="bbox 195 1736 1786 1820">
     <span class='ocr_line' id='line_1_19' title="bbox 195 1736 1786 1820; baseline 0.001 -19"><span class='ocrx_word' id='word_1_141' title='bbox 195 1750 297 1801; x_wconf 74' lang='grc' dir='ltr'><strong>καὶ</strong></span> <span class='ocrx_word' id='word_1_142' title='bbox 320 1750 426 1819; x_wconf 84' lang='grc' dir='ltr'>πρὸ</span> <span class='ocrx_word' id='word_1_143' title='bbox 451 1747 559 1800; x_wconf 89' lang='grc' dir='ltr'><strong>τῶν</strong></span> <span class='ocrx_word' id='word_1_144' title='bbox 592 1746 692 1816; x_wconf 83' lang='grc' dir='ltr'><strong>τῆς</strong></span> <span class='ocrx_word' id='word_1_145' title='bbox 727 1748 969 1817; x_wconf 82' lang='grc' dir='ltr'><strong>γενητῶν</strong></span> <span class='ocrx_word' id='word_1_146' title='bbox 1000 1736 1259 1802; x_wconf 82' lang='grc' dir='ltr'>ἁπάντων</span> <span class='ocrx_word' id='word_1_147' title='bbox 1291 1748 1628 1813; x_wconf 80' lang='grc' dir='ltr'><strong>συστάσεως,</strong></span> <span class='ocrx_word' id='word_1_148' title='bbox 1665 1749 1693 1803; x_wconf 81' lang='grc' dir='ltr'><strong>ὅ</strong></span> <span class='ocrx_word' id='word_1_149' title='bbox 1722 1750 1786 1820; x_wconf 81' lang='grc' dir='ltr'>δὴ</span> 
     </span>
    </p>
   </div>
   <div class='ocr_carea' id='block_1_20' title="bbox 1904 563 3487 639">
    <p class='ocr_par' dir='ltr' id='par_1_20' title="bbox 1904 563 3487 639">
     <span class='ocr_line' id='line_1_20' title="bbox 1904 563 3487 639; baseline 0.004 -25"><span class='ocrx_word' id='word_1_150' title='bbox 1904 563 2345 630; x_wconf 86' lang='lat' dir='ltr'><strong>terpretationem</strong></span> <span class='ocrx_word' id='word_1_151' title='bbox 2379 576 2391 609; x_wconf 88' lang='lat'><strong>:</strong></span> <span class='ocrx_word' id='word_1_152' title='bbox 2419 577 2614 633; x_wconf 85' lang='lat' dir='ltr'><strong>magna</strong></span> <span class='ocrx_word' id='word_1_153' title='bbox 2649 564 2846 619; x_wconf 83' lang='lat' dir='ltr'><strong>etenim</strong></span> <span class='ocrx_word' id='word_1_154' title='bbox 2876 580 3007 621; x_wconf 85' lang='lat' dir='ltr'><strong>voce</strong></span> <span class='ocrx_word' id='word_1_155' title='bbox 3030 566 3348 623; x_wconf 87' lang='lat' dir='ltr'><strong>reclamabit</strong></span> <span class='ocrx_word' id='word_1_156' title='bbox 3369 569 3487 639; x_wconf 83' lang='lat' dir='ltr'><strong>ipse</strong></span> 
     </span>
    </p>
   </div>
   <div class='ocr_carea' id='block_1_21' title="bbox 1897 652 3488 728">
    <p class='ocr_par' dir='ltr' id='par_1_21' title="bbox 1897 652 3488 728">
     <span class='ocr_line' id='line_1_21' title="bbox 1897 652 3488 728; baseline 0.008 -25"><span class='ocrx_word' id='word_1_157' title='bbox 1897 652 2143 705; x_wconf 72' lang='lat' dir='ltr'><strong>veritatis</strong></span> <span class='ocrx_word' id='word_1_158' title='bbox 2170 666 2374 717; x_wconf 87' lang='lat' dir='ltr'><strong>sermo,</strong></span> <span class='ocrx_word' id='word_1_159' title='bbox 2402 662 2458 707; x_wconf 90' lang='lat' dir='ltr'><strong>et</strong></span> <span class='ocrx_word' id='word_1_160' title='bbox 2485 654 2605 721; x_wconf 86' lang='lat' dir='ltr'><strong>quis</strong></span> <span class='ocrx_word' id='word_1_161' title='bbox 2632 663 2752 709; x_wconf 88' lang='lat' dir='ltr'><strong>erat</strong></span> <span class='ocrx_word' id='word_1_162' title='bbox 2776 658 2867 724; x_wconf 89' lang='lat' dir='ltr'><strong>qui</strong></span> <span class='ocrx_word' id='word_1_163' title='bbox 2891 656 3007 711; x_wconf 61' lang='lat' dir='ltr'><strong>hac</strong></span> <span class='ocrx_word' id='word_1_164' title='bbox 3038 657 3277 728; x_wconf 90' lang='lat' dir='ltr'><strong>loquitur</strong></span> <span class='ocrx_word' id='word_1_165' title='bbox 3298 659 3488 715; x_wconf 86' lang='lat' dir='ltr'><strong>edoce-</strong></span> 
     </span>
    </p>
   </div>
   <div class='ocr_carea' id='block_1_22' title="bbox 1896 741 3484 818">
    <p class='ocr_par' dir='ltr' id='par_1_22' title="bbox 1896 741 3484 818">
     <span class='ocr_line' id='line_1_22' title="bbox 1896 741 3484 818; baseline 0.005 -23"><span class='ocrx_word' id='word_1_166' title='bbox 1896 741 1996 795; x_wconf 83' lang='lat' dir='ltr'><strong>bit.</strong></span> <span class='ocrx_word' id='word_1_167' title='bbox 2030 742 2295 808; x_wconf 82' lang='lat' dir='ltr'><strong>Quocirca</strong></span> <span class='ocrx_word' id='word_1_168' title='bbox 2323 744 2464 812; x_wconf 87' lang='lat' dir='ltr'><strong>quod</strong></span> <span class='ocrx_word' id='word_1_169' title='bbox 2494 745 2737 800; x_wconf 81' lang='lat' dir='ltr'><strong>diversus</strong></span> <span class='ocrx_word' id='word_1_170' title='bbox 2762 758 2881 800; x_wconf 90' lang='lat' dir='ltr'><strong>erat</strong></span> <span class='ocrx_word' id='word_1_171' title='bbox 2915 747 3003 802; x_wconf 89' lang='lat' dir='ltr'><strong>ille</strong></span> <span class='ocrx_word' id='word_1_172' title='bbox 3036 749 3103 803; x_wconf 84' lang='lat' dir='ltr'><strong>de</strong></span> <span class='ocrx_word' id='word_1_173' title='bbox 3131 748 3239 803; x_wconf 91' lang='lat' dir='ltr'><strong>Deo</strong></span> <span class='ocrx_word' id='word_1_174' title='bbox 3266 752 3484 818; x_wconf 74' lang='lat' dir='ltr'><strong>genitus</strong></span> 
     </span>
    </p>
   </div>
   <div class='ocr_carea' id='block_1_23' title="bbox 1895 831 3484 903">
    <p class='ocr_par' dir='ltr' id='par_1_23' title="bbox 1895 831 3484 903">
     <span class='ocr_line' id='line_1_23' title="bbox 1895 831 3484 903; baseline 0.006 -18"><span class='ocrx_word' id='word_1_175' title='bbox 1895 831 2084 895; x_wconf 86' lang='lat' dir='ltr'><strong>Filius,</strong></span> <span class='ocrx_word' id='word_1_176' title='bbox 2117 833 2449 900; x_wconf 85' lang='lat' dir='ltr'><strong>unigenitus,</strong></span> <span class='ocrx_word' id='word_1_177' title='bbox 2497 834 2705 898; x_wconf 83' lang='lat' dir='ltr'><strong>vivens,</strong></span> <span class='ocrx_word' id='word_1_178' title='bbox 2752 837 3078 903; x_wconf 82' lang='lat' dir='ltr'><strong>subsistens,</strong></span> <span class='ocrx_word' id='word_1_179' title='bbox 3133 849 3189 895; x_wconf 91' lang='lat' dir='ltr'><strong>et</strong></span> <span class='ocrx_word' id='word_1_180' title='bbox 3214 851 3340 897; x_wconf 90' lang='lat' dir='ltr'><strong>ante</strong></span> <span class='ocrx_word' id='word_1_181' title='bbox 3369 842 3484 896; x_wconf 88' lang='lat' dir='ltr'><strong>uni-</strong></span> 
     </span>
    </p>
   </div>
   <div class='ocr_carea' id='block_1_24' title="bbox 1896 923 3483 994">
    <p class='ocr_par' dir='ltr' id='par_1_24' title="bbox 1896 923 3483 994">
     <span class='ocr_line' id='line_1_24' title="bbox 1896 923 3483 994; baseline 0.008 -20"><span class='ocrx_word' id='word_1_182' title='bbox 1896 924 2173 978; x_wconf 80' lang='lat' dir='ltr'><strong>versitatis</strong></span> <span class='ocrx_word' id='word_1_183' title='bbox 2213 923 2577 977; x_wconf 75' lang='lat' dir='ltr'><strong>conditionem</strong></span> <span class='ocrx_word' id='word_1_184' title='bbox 2616 940 2736 989; x_wconf 90' lang='lat' dir='ltr'><strong>ens,</strong></span> <span class='ocrx_word' id='word_1_185' title='bbox 2781 926 2896 994; x_wconf 88' lang='lat' dir='ltr'><strong>ipse</strong></span> <span class='ocrx_word' id='word_1_186' title='bbox 2928 929 3084 984; x_wconf 88' lang='lat' dir='ltr'><strong>docet</strong></span> <span class='ocrx_word' id='word_1_187' title='bbox 3117 932 3243 985; x_wconf 86' lang='lat' dir='ltr'><strong>dum</strong></span> <span class='ocrx_word' id='word_1_188' title='bbox 3281 933 3360 987; x_wconf 91' lang='lat' dir='ltr'><strong>sic</strong></span> <span class='ocrx_word' id='word_1_189' title='bbox 3406 932 3483 987; x_wconf 82' lang='lat' dir='ltr'><strong>ait</strong></span> 
     </span>
    </p>
   </div>
   <div class='ocr_carea' id='block_1_25' title="bbox 1896 1011 3479 1081">
    <p class='ocr_par' dir='ltr' id='par_1_25' title="bbox 1896 1011 3479 1081">
     <span class='ocr_line' id='line_1_25' title="bbox 1896 1011 3479 1081; baseline 0.008 -17"><span class='ocrx_word' id='word_1_190' title='bbox 1896 1011 1949 1064; x_wconf 92' lang='lat' dir='ltr'><strong>in</strong></span> <span class='ocrx_word' id='word_1_191' title='bbox 1982 1011 2351 1079; x_wconf 86' lang='lat' dir='ltr'><strong>sequentibus,</strong></span> <span class='ocrx_word' id='word_1_192' title='bbox 2384 1011 2517 1065; x_wconf 87' lang='lat' dir='ltr'><strong>Cum</strong></span> <span class='ocrx_word' id='word_1_193' title='bbox 2549 1024 2759 1081; x_wconf 85' lang='lat' dir='ltr'><strong>pararet</strong></span> <span class='ocrx_word' id='word_1_194' title='bbox 2799 1016 2973 1080; x_wconf 65' lang='lat' dir='ltr'><strong>oculos,</strong></span> <span class='ocrx_word' id='word_1_195' title='bbox 3002 1018 3052 1071; x_wconf 84' lang='lat' dir='ltr'><strong>ei</strong></span> <span class='ocrx_word' id='word_1_196' title='bbox 3081 1021 3318 1074; x_wconf 81' lang='lat' dir='ltr'><strong>aderant.</strong></span> <span class='ocrx_word' id='word_1_197' title='bbox 3361 1020 3479 1076; x_wconf 85' lang='lat' dir='ltr'><strong>Una</strong></span> 
     </span>
    </p>
   </div>
   <div class='ocr_carea' id='block_1_26' title="bbox 1894 1109 3479 1183">
    <p class='ocr_par' dir='ltr' id='par_1_26' title="bbox 1894 1109 3479 1183">
     <span class='ocr_line' id='line_1_26' title="bbox 1894 1109 3479 1183; baseline 0.009 -26"><span class='ocrx_word' id='word_1_198' title='bbox 1894 1120 2015 1158; x_wconf 89' lang='lat' dir='ltr'><strong>cum</strong></span> <span class='ocrx_word' id='word_1_199' title='bbox 2046 1120 2111 1159; x_wconf 86' lang='lat' dir='ltr'><strong>eo</strong></span> <span class='ocrx_word' id='word_1_200' title='bbox 2138 1115 2276 1170; x_wconf 88' lang='lat' dir='ltr'><strong>erat,</strong></span> <span class='ocrx_word' id='word_1_201' title='bbox 2311 1116 2365 1160; x_wconf 91' lang='lat' dir='ltr'><strong>et</strong></span> <span class='ocrx_word' id='word_1_202' title='bbox 2396 1122 2633 1175; x_wconf 73' lang='lat' dir='ltr'><strong>praesens</strong></span> <span class='ocrx_word' id='word_1_203' title='bbox 2674 1110 2748 1163; x_wconf 89' lang='lat' dir='ltr'><strong>illi</strong></span> <span class='ocrx_word' id='word_1_204' title='bbox 2781 1109 2975 1174; x_wconf 86' lang='lat' dir='ltr'><strong>adfuit,</strong></span> <span class='ocrx_word' id='word_1_205' title='bbox 3010 1113 3323 1183; x_wconf 76' lang='lat' dir='ltr'><strong>priusquam</strong></span> <span class='ocrx_word' id='word_1_206' title='bbox 3362 1129 3479 1171; x_wconf 66' lang='lat' dir='ltr'><strong>cm-</strong></span> 
     </span>
    </p>
   </div>
   <div class='ocr_carea' id='block_1_27' title="bbox 1895 1199 3480 1277">
    <p class='ocr_par' dir='ltr' id='par_1_27' title="bbox 1895 1199 3480 1277">
     <span class='ocr_line' id='line_1_27' title="bbox 1895 1199 3480 1277; baseline 0.01 -30"><span class='ocrx_word' id='word_1_207' title='bbox 1895 1199 2025 1259; x_wconf 86' lang='lat' dir='ltr'><strong>lum,</strong></span> <span class='ocrx_word' id='word_1_208' title='bbox 2063 1208 2117 1250; x_wconf 90' lang='lat' dir='ltr'><strong>et</strong></span> <span class='ocrx_word' id='word_1_209' title='bbox 2154 1214 2275 1266; x_wconf 66' lang='lat' dir='ltr'><strong>quae</strong></span> <span class='ocrx_word' id='word_1_210' title='bbox 2324 1210 2450 1255; x_wconf 89' lang='lat' dir='ltr'><strong>sunt</strong></span> <span class='ocrx_word' id='word_1_211' title='bbox 2474 1216 2634 1270; x_wconf 84' lang='lat' dir='ltr'><strong>supra</strong></span> <span class='ocrx_word' id='word_1_212' title='bbox 2668 1202 2838 1257; x_wconf 70' lang='lat' dir='ltr'><strong>caelos</strong></span> <span class='ocrx_word' id='word_1_213' title='bbox 2867 1205 3249 1271; x_wconf 76' lang='lat' dir='ltr'><strong>conderentur,</strong></span> <span class='ocrx_word' id='word_1_214' title='bbox 3279 1217 3335 1262; x_wconf 80' lang='lat' dir='ltr'><strong>et</strong></span> <span class='ocrx_word' id='word_1_215' title='bbox 3357 1222 3480 1277; x_wconf 70' lang='lat' dir='ltr'><strong>quae</strong></span> 
     </span>
    </p>
   </div>
   <div class='ocr_carea' id='block_1_28' title="bbox 1895 1288 3482 1360">
    <p class='ocr_par' dir='ltr' id='par_1_28' title="bbox 1895 1288 3482 1360">
     <span class='ocr_line' id='line_1_28' title="bbox 1895 1288 3482 1360; baseline 0.008 -19"><span class='ocrx_word' id='word_1_216' title='bbox 1895 1288 1947 1341; x_wconf 85' lang='lat' dir='ltr'><strong>in</strong></span> <span class='ocrx_word' id='word_1_217' title='bbox 1976 1289 2145 1343; x_wconf 66' lang='lat' dir='ltr'><strong>caelis.</strong></span> <span class='ocrx_word' id='word_1_218' title='bbox 2188 1290 2297 1344; x_wconf 85' lang='lat' dir='ltr'><strong>Hoc</strong></span> <span class='ocrx_word' id='word_1_219' title='bbox 2324 1292 2525 1345; x_wconf 90' lang='lat' dir='ltr'><strong>etenim</strong></span> <span class='ocrx_word' id='word_1_220' title='bbox 2560 1293 2651 1345; x_wconf 90' lang='lat' dir='ltr'><strong>illa</strong></span> <span class='ocrx_word' id='word_1_221' title='bbox 2680 1295 2940 1360; x_wconf 90' lang='lat' dir='ltr'><strong>iudicant,</strong></span> <span class='ocrx_word' id='word_1_222' title='bbox 2973 1293 3103 1349; x_wconf 84' lang='lat' dir='ltr'><strong>Cum</strong></span> <span class='ocrx_word' id='word_1_223' title='bbox 3133 1308 3346 1359; x_wconf 84' lang='lat' dir='ltr'><strong>pararet</strong></span> <span class='ocrx_word' id='word_1_224' title='bbox 3378 1314 3482 1353; x_wconf 70' lang='lat' dir='ltr'><strong>rc-</strong></span> 
     </span>
    </p>
   </div>
   <div class='ocr_carea' id='block_1_29' title="bbox 1894 1377 3481 1453">
    <p class='ocr_par' dir='ltr' id='par_1_29' title="bbox 1894 1377 3481 1453">
     <span class='ocr_line' id='line_1_29' title="bbox 1894 1377 3481 1453; baseline 0.009 -25"><span class='ocrx_word' id='word_1_225' title='bbox 1894 1377 1995 1441; x_wconf 84' lang='lat' dir='ltr'><strong>los,</strong></span> <span class='ocrx_word' id='word_1_226' title='bbox 2019 1380 2066 1431; x_wconf 90' lang='lat' dir='ltr'><strong>ei</strong></span> <span class='ocrx_word' id='word_1_227' title='bbox 2095 1379 2330 1434; x_wconf 81' lang='lat' dir='ltr'><strong>aderam.</strong></span> <span class='ocrx_word' id='word_1_228' title='bbox 2367 1380 2487 1446; x_wconf 87' lang='lat' dir='ltr'><strong>Quo</strong></span> <span class='ocrx_word' id='word_1_229' title='bbox 2506 1395 2662 1450; x_wconf 90' lang='lat' dir='ltr'><strong>pacto</strong></span> <span class='ocrx_word' id='word_1_230' title='bbox 2684 1386 2895 1453; x_wconf 85' lang='lat' dir='ltr'><strong>paravit</strong></span> <span class='ocrx_word' id='word_1_231' title='bbox 2921 1385 3115 1440; x_wconf 70' lang='lat' dir='ltr'><strong>emtum</strong></span> <span class='ocrx_word' id='word_1_232' title='bbox 3149 1386 3329 1441; x_wconf 87' lang='lat' dir='ltr'><strong>Deus?</strong></span> <span class='ocrx_word' id='word_1_233' title='bbox 3349 1388 3481 1443; x_wconf 86' lang='lat' dir='ltr'><strong>Cer-</strong></span> 
     </span>
    </p>
   </div>
   <div class='ocr_carea' id='block_1_30' title="bbox 1895 1471 3477 1546">
    <p class='ocr_par' dir='ltr' id='par_1_30' title="bbox 1895 1471 3477 1546">
     <span class='ocr_line' id='line_1_30' title="bbox 1895 1471 3477 1546; baseline 0.007 -25"><span class='ocrx_word' id='word_1_234' title='bbox 1895 1475 1949 1522; x_wconf 85' lang='lat' dir='ltr'><strong>te</strong></span> <span class='ocrx_word' id='word_1_235' title='bbox 1996 1471 2395 1537; x_wconf 62' lang='lat' dir='ltr'><strong>prmeribendo</strong></span> <span class='ocrx_word' id='word_1_236' title='bbox 2456 1482 2511 1525; x_wconf 92' lang='lat' dir='ltr'><strong>et</strong></span> <span class='ocrx_word' id='word_1_237' title='bbox 2552 1473 2940 1529; x_wconf 69' lang='lat' dir='ltr'><strong>conformanda</strong></span> <span class='ocrx_word' id='word_1_238' title='bbox 3004 1478 3188 1530; x_wconf 88' lang='lat' dir='ltr'><strong>mundi</strong></span> <span class='ocrx_word' id='word_1_239' title='bbox 3252 1476 3477 1546; x_wconf 85' lang='lat' dir='ltr'><strong>figuram</strong></span> 
     </span>
    </p>
   </div>
   <div class='ocr_carea' id='block_1_31' title="bbox 1895 1558 3481 1636">
    <p class='ocr_par' dir='ltr' id='par_1_31' title="bbox 1895 1558 3481 1636">
     <span class='ocr_line' id='line_1_31' title="bbox 1895 1558 3481 1636; baseline 0.009 -27"><span class='ocrx_word' id='word_1_240' title='bbox 1895 1559 2034 1626; x_wconf 87' lang='lat' dir='ltr'><strong>apud</strong></span> <span class='ocrx_word' id='word_1_241' title='bbox 2058 1573 2137 1622; x_wconf 85' lang='lat' dir='ltr'><strong>se,</strong></span> <span class='ocrx_word' id='word_1_242' title='bbox 2167 1558 2483 1627; x_wconf 85' lang='lat' dir='ltr'><strong>priusquam</strong></span> <span class='ocrx_word' id='word_1_243' title='bbox 2502 1563 2890 1629; x_wconf 76' lang='lat' dir='ltr'><strong>produceretur</strong></span> <span class='ocrx_word' id='word_1_244' title='bbox 2915 1564 3021 1619; x_wconf 89' lang='lat' dir='ltr'><strong>illa.</strong></span> <span class='ocrx_word' id='word_1_245' title='bbox 3050 1564 3211 1619; x_wconf 84' lang='lat' dir='ltr'><strong>Pater</strong></span> <span class='ocrx_word' id='word_1_246' title='bbox 3232 1581 3360 1636; x_wconf 88' lang='lat' dir='ltr'><strong>ergo</strong></span> <span class='ocrx_word' id='word_1_247' title='bbox 3387 1567 3481 1622; x_wconf 84' lang='lat' dir='ltr'><strong>de-</strong></span> 
     </span>
    </p>
   </div>
   <div class='ocr_carea' id='block_1_32' title="bbox 1893 1649 3477 1727">
    <p class='ocr_par' dir='ltr' id='par_1_32' title="bbox 1893 1649 3477 1727">
     <span class='ocr_line' id='line_1_32' title="bbox 1893 1649 3477 1727; baseline 0.009 -26"><span class='ocrx_word' id='word_1_248' title='bbox 1893 1649 2167 1719; x_wconf 74' lang='lat' dir='ltr'><strong>signabat,</strong></span> <span class='ocrx_word' id='word_1_249' title='bbox 2194 1659 2249 1703; x_wconf 92' lang='lat' dir='ltr'><strong>et</strong></span> <span class='ocrx_word' id='word_1_250' title='bbox 2291 1650 2581 1720; x_wconf 88' lang='lat' dir='ltr'><strong>cogitando</strong></span> <span class='ocrx_word' id='word_1_251' title='bbox 2626 1657 2917 1719; x_wconf 78' lang='lat' dir='ltr'><strong>statuebat,</strong></span> <span class='ocrx_word' id='word_1_252' title='bbox 2946 1671 3051 1726; x_wconf 89' lang='lat' dir='ltr'><strong>qua</strong></span> <span class='ocrx_word' id='word_1_253' title='bbox 3084 1656 3251 1727; x_wconf 76' lang='lat' dir='ltr'><strong>ﬁgura</strong></span> <span class='ocrx_word' id='word_1_254' title='bbox 3290 1660 3477 1715; x_wconf 91' lang='lat' dir='ltr'><strong>modo-</strong></span> 
     </span>
    </p>
   </div>
   <div class='ocr_carea' id='block_1_33' title="bbox 1894 1740 3477 1820">
    <p class='ocr_par' dir='ltr' id='par_1_33' title="bbox 1894 1740 3477 1820">
     <span class='ocr_line' id='line_1_33' title="bbox 1894 1740 3477 1820; baseline 0.008 -28"><span class='ocrx_word' id='word_1_255' title='bbox 1894 1752 1999 1806; x_wconf 91' lang='lat' dir='ltr'><strong>que</strong></span> <span class='ocrx_word' id='word_1_256' title='bbox 2028 1740 2220 1794; x_wconf 77' lang='lat' dir='ltr'><strong>ctelum</strong></span> <span class='ocrx_word' id='word_1_257' title='bbox 2264 1741 2392 1794; x_wconf 92' lang='lat' dir='ltr'><strong>illud</strong></span> <span class='ocrx_word' id='word_1_258' title='bbox 2423 1744 2655 1797; x_wconf 87' lang='lat' dir='ltr'><strong>condere</strong></span> <span class='ocrx_word' id='word_1_259' title='bbox 2685 1746 2867 1809; x_wconf 78' lang='lat' dir='ltr'><strong>vellet,</strong></span> <span class='ocrx_word' id='word_1_260' title='bbox 2897 1750 3039 1817; x_wconf 90' lang='lat' dir='ltr'><strong>quod</strong></span> <span class='ocrx_word' id='word_1_261' title='bbox 3076 1764 3177 1804; x_wconf 90' lang='lat' dir='ltr'><strong>nec</strong></span> <span class='ocrx_word' id='word_1_262' title='bbox 3202 1766 3231 1803; x_wconf 88' lang='lat' dir='ltr'><strong>a</strong></span> <span class='ocrx_word' id='word_1_263' title='bbox 3264 1751 3477 1820; x_wconf 85' lang='lat' dir='ltr'><strong>magni-</strong></span> 
     </span>
    </p>
   </div>
   <div class='ocr_carea' id='block_1_34' title="bbox 197 1825 1785 1909">
    <p class='ocr_par' dir='ltr' id='par_1_34' title="bbox 197 1832 1785 1908">
     <span class='ocr_line' id='line_1_34' title="bbox 197 1832 1785 1908; baseline 0.002 -18"><span class='ocrx_word' id='word_1_264' title='bbox 197 1837 531 1908; x_wconf 84' lang='grc' dir='ltr'>παρίστησιν</span> <span class='ocrx_word' id='word_1_265' title='bbox 570 1834 731 1897; x_wconf 82' lang='grc' dir='ltr'>αὐτὸς</span> <span class='ocrx_word' id='word_1_266' title='bbox 759 1836 825 1888; x_wconf 85' lang='grc' dir='ltr'><strong>δι’</strong></span> <span class='ocrx_word' id='word_1_267' title='bbox 856 1832 930 1889; x_wconf 79' lang='grc' dir='ltr'>ὧν</span> <span class='ocrx_word' id='word_1_268' title='bbox 956 1836 1083 1907; x_wconf 79' lang='grc' dir='ltr'>ἑξῆς</span> <span class='ocrx_word' id='word_1_269' title='bbox 1110 1838 1305 1905; x_wconf 79' lang='grc' dir='ltr'>ἐπάγει</span> <span class='ocrx_word' id='word_1_270' title='bbox 1334 1837 1508 1908; x_wconf 77' lang='grc' dir='ltr'>λέγων</span> <span class='ocrx_word' id='word_1_271' title='bbox 1533 1856 1545 1869; x_wconf 83' lang='grc'><em>’</em></span> <span class='ocrx_word' id='word_1_272' title='bbox 1587 1841 1785 1894; x_wconf 81' lang='grc' dir='ltr'>Ἡνίκα</span> 
     </span>
    </p>
   </div>
   <div class='ocr_carea' id='block_1_35' title="bbox 1890 1825 3475 1909">
    <p class='ocr_par' dir='ltr' id='par_1_35' title="bbox 1893 1831 3475 1909">
     <span class='ocr_line' id='line_1_35' title="bbox 1893 1831 3475 1909; baseline 0.008 -26"><span class='ocrx_word' id='word_1_273' title='bbox 1893 1832 2077 1886; x_wconf 85' lang='lat' dir='ltr'><strong>tudine</strong></span> <span class='ocrx_word' id='word_1_274' title='bbox 2105 1831 2506 1898; x_wconf 83' lang='lat' dir='ltr'><strong>destitueretur,</strong></span> <span class='ocrx_word' id='word_1_275' title='bbox 2527 1844 2583 1888; x_wconf 91' lang='lat' dir='ltr'><strong>et</strong></span> <span class='ocrx_word' id='word_1_276' title='bbox 2606 1834 2695 1888; x_wconf 88' lang='lat' dir='ltr'><strong>tali</strong></span> <span class='ocrx_word' id='word_1_277' title='bbox 2725 1836 2913 1905; x_wconf 88' lang='lat' dir='ltr'><strong>ligura,</strong></span> <span class='ocrx_word' id='word_1_278' title='bbox 2940 1852 3210 1907; x_wconf 81' lang='lat' dir='ltr'><strong>mensura,</strong></span> <span class='ocrx_word' id='word_1_279' title='bbox 3242 1840 3475 1909; x_wconf 89' lang='lat' dir='ltr'><strong>partium</strong></span> 
     </span>
    </p>
   </div>
   <div class='ocr_carea' id='block_1_36' title="bbox 194 1924 1787 2001">
    <p class='ocr_par' dir='ltr' id='par_1_36' title="bbox 194 1924 1787 2001">
     <span class='ocr_line' id='line_1_36' title="bbox 194 1924 1787 2001; baseline 0.004 -24"><span class='ocrx_word' id='word_1_280' title='bbox 194 1924 474 1993; x_wconf 75' lang='grc' dir='ltr'><strong>ἡτοίμαζε</strong></span> <span class='ocrx_word' id='word_1_281' title='bbox 510 1924 617 1977; x_wconf 79' lang='grc' dir='ltr'><strong>τὸν</strong></span> <span class='ocrx_word' id='word_1_282' title='bbox 656 1927 934 1994; x_wconf 79' lang='grc' dir='ltr'>οὐρανὸν,</span> <span class='ocrx_word' id='word_1_283' title='bbox 964 1929 1375 1997; x_wconf 76' lang='grc' dir='ltr'>συμπαρήμην</span> <span class='ocrx_word' id='word_1_284' title='bbox 1397 1929 1557 1995; x_wconf 84' lang='grc' dir='ltr'><strong>αὺτῷ</strong></span> <span class='ocrx_word' id='word_1_285' title='bbox 1580 1947 1594 1961; x_wconf 71' lang='grc' dir='ltr'><strong>ο</strong></span> <span class='ocrx_word' id='word_1_286' title='bbox 1622 1931 1787 2001; x_wconf 85' lang='grc' dir='ltr'>συνῆν</span> 
     </span>
    </p>
   </div>
   <div class='ocr_carea' id='block_1_37' title="bbox 194 2011 1789 2086">
    <p class='ocr_par' dir='ltr' id='par_1_37' title="bbox 194 2011 1789 2086">
     <span class='ocr_line' id='line_1_37' title="bbox 194 2011 1789 2086; baseline 0.003 -21"><span class='ocrx_word' id='word_1_287' title='bbox 194 2012 310 2083; x_wconf 81' lang='grc' dir='ltr'>γὰρ</span> <span class='ocrx_word' id='word_1_288' title='bbox 332 2011 464 2083; x_wconf 88' lang='grc'>(16),</span> <span class='ocrx_word' id='word_1_289' title='bbox 486 2014 582 2066; x_wconf 75' lang='grc' dir='ltr'><strong>καὶ</strong></span> <span class='ocrx_word' id='word_1_290' title='bbox 617 2014 799 2086; x_wconf 82' lang='grc' dir='ltr'>παρῆν</span> <span class='ocrx_word' id='word_1_291' title='bbox 827 2016 976 2086; x_wconf 77' lang='grc' dir='ltr'>αὐτῴ</span> <span class='ocrx_word' id='word_1_292' title='bbox 1012 2018 1142 2086; x_wconf 71' lang='grc' dir='ltr'>πρὶν</span> <span class='ocrx_word' id='word_1_293' title='bbox 1169 2018 1262 2069; x_wconf 76' lang='grc' dir='ltr'>καὶ</span> <span class='ocrx_word' id='word_1_294' title='bbox 1300 2016 1551 2083; x_wconf 83' lang='grc' dir='ltr'>γενέσθαι</span> <span class='ocrx_word' id='word_1_295' title='bbox 1578 2018 1668 2070; x_wconf 73' lang='grc' dir='ltr'><strong>τὸν</strong></span> <span class='ocrx_word' id='word_1_296' title='bbox 1698 2019 1789 2070; x_wconf 81' lang='grc' dir='ltr'><strong>οὑ-</strong></span> 
     </span>
    </p>
   </div>
   <div class='ocr_carea' id='block_1_38' title="bbox 197 2105 1787 2181">
    <p class='ocr_par' dir='ltr' id='par_1_38' title="bbox 197 2105 1787 2181">
     <span class='ocr_line' id='line_1_38' title="bbox 197 2105 1787 2181; baseline 0.004 -25"><span class='ocrx_word' id='word_1_297' title='bbox 197 2105 383 2176; x_wconf 81' lang='grc' dir='ltr'>ρανὺν,</span> <span class='ocrx_word' id='word_1_298' title='bbox 437 2106 529 2158; x_wconf 73' lang='grc' dir='ltr'><strong>καὶ</strong></span> <span class='ocrx_word' id='word_1_299' title='bbox 568 2106 637 2159; x_wconf 89' lang='grc' dir='ltr'><strong>τὰ</strong></span> <span class='ocrx_word' id='word_1_300' title='bbox 672 2108 927 2160; x_wconf 74' lang='grc' dir='ltr'>ἐπέκεινα</span> <span class='ocrx_word' id='word_1_301' title='bbox 964 2107 1219 2178; x_wconf 81' lang='grc' dir='ltr'>οὐρανοῦ,</span> <span class='ocrx_word' id='word_1_302' title='bbox 1261 2108 1332 2161; x_wconf 85' lang='grc' dir='ltr'><strong>τά</strong></span> <span class='ocrx_word' id='word_1_303' title='bbox 1374 2123 1433 2159; x_wconf 78' lang='grc' dir='ltr'><strong>τε</strong></span> <span class='ocrx_word' id='word_1_304' title='bbox 1482 2108 1539 2161; x_wconf 78' lang='grc' dir='ltr'>ὲν</span> <span class='ocrx_word' id='word_1_305' title='bbox 1572 2110 1787 2181; x_wconf 77' lang='grc' dir='ltr'>οὐρανῷ</span> 
     </span>
    </p>
   </div>
   <div class='ocr_carea' id='block_1_39' title="bbox 192 2197 1787 2268">
    <p class='ocr_par' dir='ltr' id='par_1_39' title="bbox 192 2197 1787 2268">
     <span class='ocr_line' id='line_1_39' title="bbox 192 2197 1787 2268; baseline 0.002 -18"><span class='ocrx_word' id='word_1_306' title='bbox 192 2197 397 2250; x_wconf 85' lang='grc' dir='ltr'>πάντα.</span> <span class='ocrx_word' id='word_1_307' title='bbox 428 2198 598 2251; x_wconf 76' lang='grc' dir='ltr'>Τοῦτο</span> <span class='ocrx_word' id='word_1_308' title='bbox 643 2198 772 2266; x_wconf 81' lang='grc' dir='ltr'>γοῦν</span> <span class='ocrx_word' id='word_1_309' title='bbox 825 2200 1069 2268; x_wconf 73' lang='grc' dir='ltr'><strong>ᾐνίττετο</strong></span> <span class='ocrx_word' id='word_1_310' title='bbox 1108 2199 1195 2252; x_wconf 83' lang='grc' dir='ltr'>διὰ</span> <span class='ocrx_word' id='word_1_311' title='bbox 1228 2198 1320 2251; x_wconf 83' lang='grc' dir='ltr'>τοῦ</span> <span class='ocrx_word' id='word_1_312' title='bbox 1357 2199 1541 2267; x_wconf 81' lang='grc' dir='ltr'>φάναι,</span> <span class='ocrx_word' id='word_1_313' title='bbox 1568 2200 1787 2263; x_wconf 75' lang='grc' dir='ltr'>,Ἠνίκα</span> 
     </span>
    </p>
   </div>
   <div class='ocr_carea' id='block_1_40' title="bbox 192 2287 1786 2359">
    <p class='ocr_par' dir='ltr' id='par_1_40' title="bbox 192 2287 1786 2359">
     <span class='ocr_line' id='line_1_40' title="bbox 192 2287 1786 2359; baseline 0.003 -19"><span class='ocrx_word' id='word_1_314' title='bbox 192 2287 474 2357; x_wconf 64' lang='grc' dir='ltr'>ἡτοίμαζε</span> <span class='ocrx_word' id='word_1_315' title='bbox 500 2290 607 2341; x_wconf 79' lang='grc' dir='ltr'><strong>τὸν</strong></span> <span class='ocrx_word' id='word_1_316' title='bbox 629 2290 906 2357; x_wconf 79' lang='grc' dir='ltr'>οὐρανὸν,</span> <span class='ocrx_word' id='word_1_317' title='bbox 944 2289 1358 2359; x_wconf 76' lang='grc' dir='ltr'>συμπαρήμην</span> <span class='ocrx_word' id='word_1_318' title='bbox 1372 2289 1550 2355; x_wconf 83' lang='grc' dir='ltr'>αὐτῷ.</span> <span class='ocrx_word' id='word_1_319' title='bbox 1577 2290 1701 2355; x_wconf 84' lang='grc' dir='ltr'>Πῶς</span> <span class='ocrx_word' id='word_1_320' title='bbox 1728 2292 1786 2345; x_wconf 82' lang='grc' dir='ltr'>δὲ</span> 
     </span>
    </p>
   </div>
   <div class='ocr_carea' id='block_1_41' title="bbox 189 2379 1787 2451">
    <p class='ocr_par' dir='ltr' id='par_1_41' title="bbox 189 2379 1787 2451">
     <span class='ocr_line' id='line_1_41' title="bbox 189 2379 1787 2451; baseline 0.004 -20"><span class='ocrx_word' id='word_1_321' title='bbox 189 2379 493 2451; x_wconf 75' lang='grc' dir='ltr'>ἡτοίμαζεν</span> <span class='ocrx_word' id='word_1_322' title='bbox 524 2381 552 2431; x_wconf 88' lang='grc' dir='ltr'>ὁ</span> <span class='ocrx_word' id='word_1_323' title='bbox 589 2379 741 2443; x_wconf 87' lang='grc' dir='ltr'>Θεὸς,</span> <span class='ocrx_word' id='word_1_324' title='bbox 777 2380 808 2448; x_wconf 87' lang='grc' dir='ltr'><strong>ῆ</strong></span> <span class='ocrx_word' id='word_1_325' title='bbox 844 2381 970 2450; x_wconf 66' lang='grc' dir='ltr'>πρὶν</span> <span class='ocrx_word' id='word_1_326' title='bbox 993 2380 1242 2446; x_wconf 79' lang='grc' dir='ltr'>γενέσθαι</span> <span class='ocrx_word' id='word_1_327' title='bbox 1273 2381 1457 2445; x_wconf 80' lang='grc' dir='ltr'>αὑτὸν,</span> <span class='ocrx_word' id='word_1_328' title='bbox 1482 2382 1787 2451; x_wconf 79' lang='grc' dir='ltr'>νομοθετῶν</span> 
     </span>
    </p>
   </div>
   <div class='ocr_carea' id='block_1_42' title="bbox 188 2470 1784 2543">
    <p class='ocr_par' dir='ltr' id='par_1_42' title="bbox 188 2470 1784 2543">
     <span class='ocr_line' id='line_1_42' title="bbox 188 2470 1784 2543; baseline 0.001 -18"><span class='ocrx_word' id='word_1_329' title='bbox 188 2471 297 2525; x_wconf 67' lang='grc' dir='ltr'><strong>καὶ</strong></span> <span class='ocrx_word' id='word_1_330' title='bbox 340 2470 784 2541; x_wconf 79' lang='grc' dir='ltr'>διατυπούμενος,</span> <span class='ocrx_word' id='word_1_331' title='bbox 816 2470 873 2522; x_wconf 85' lang='grc' dir='ltr'>ὃν</span> <span class='ocrx_word' id='word_1_332' title='bbox 925 2470 1029 2522; x_wconf 82' lang='grc' dir='ltr'>ἔδει</span> <span class='ocrx_word' id='word_1_333' title='bbox 1061 2472 1263 2543; x_wconf 86' lang='grc' dir='ltr'>τρόπον</span> <span class='ocrx_word' id='word_1_334' title='bbox 1292 2473 1456 2525; x_wconf 76' lang='grc' dir='ltr'>αὑτὸν</span> <span class='ocrx_word' id='word_1_335' title='bbox 1484 2474 1784 2543; x_wconf 79' lang='grc' dir='ltr'>συστῆναις</span> 
     </span>
    </p>
   </div>
   <div class='ocr_carea' id='block_1_43' title="bbox 206 2558 1789 2635">
    <p class='ocr_par' dir='ltr' id='par_1_43' title="bbox 206 2558 1789 2635">
     <span class='ocr_line' id='line_1_43' title="bbox 206 2558 1789 2635; baseline 0 -18"><span class='ocrx_word' id='word_1_336' title='bbox 206 2561 274 2617; x_wconf 81' lang='grc' dir='ltr'><strong>Ὀ</strong></span> <span class='ocrx_word' id='word_1_337' title='bbox 304 2564 401 2633; x_wconf 69' lang='grc' dir='ltr'>μὲν</span> <span class='ocrx_word' id='word_1_338' title='bbox 430 2558 523 2615; x_wconf 81' lang='grc' dir='ltr'>οὖν</span> <span class='ocrx_word' id='word_1_339' title='bbox 546 2563 737 2633; x_wconf 81' lang='grc' dir='ltr'>Πατὴρ</span> <span class='ocrx_word' id='word_1_340' title='bbox 763 2562 1015 2616; x_wconf 83' lang='grc' dir='ltr'>διετύπου</span> <span class='ocrx_word' id='word_1_341' title='bbox 1056 2564 1150 2616; x_wconf 76' lang='grc' dir='ltr'><strong>καὶ</strong></span> <span class='ocrx_word' id='word_1_342' title='bbox 1182 2564 1440 2634; x_wconf 78' lang='grc' dir='ltr'>ἡτοίμαζε</span> <span class='ocrx_word' id='word_1_343' title='bbox 1473 2565 1789 2635; x_wconf 83' lang='grc' dir='ltr'>διανοούμε-</span> 
     </span>
    </p>
   </div>
   <div class='ocr_carea' id='block_1_44' title="bbox 188 2653 1787 2728">
    <p class='ocr_par' dir='ltr' id='par_1_44' title="bbox 188 2653 1787 2728">
     <span class='ocr_line' id='line_1_44' title="bbox 188 2653 1787 2728; baseline -0.007 -10"><span class='ocrx_word' id='word_1_344' title='bbox 188 2670 307 2717; x_wconf 69' lang='grc' dir='ltr'>νοξν</span> <span class='ocrx_word' id='word_1_345' title='bbox 341 2654 489 2716; x_wconf 83' lang='grc' dir='ltr'>ὅπως</span> <span class='ocrx_word' id='word_1_346' title='bbox 533 2653 699 2724; x_wconf 73' lang='grc' dir='ltr'>ἐχρῆν</span> <span class='ocrx_word' id='word_1_347' title='bbox 734 2654 993 2724; x_wconf 77' lang='grc' dir='ltr'>συστῆναι</span> <span class='ocrx_word' id='word_1_348' title='bbox 1021 2653 1113 2706; x_wconf 86' lang='grc' dir='ltr'>τὸν</span> <span class='ocrx_word' id='word_1_349' title='bbox 1150 2654 1404 2709; x_wconf 85' lang='grc' dir='ltr'>τοσοῦτον</span> <span class='ocrx_word' id='word_1_350' title='bbox 1436 2657 1661 2728; x_wconf 86' lang='grc' dir='ltr'>οὐρανόν</span> <span class='ocrx_word' id='word_1_351' title='bbox 1685 2675 1697 2687; x_wconf 78' lang='grc'><strong>’</strong></span> <span class='ocrx_word' id='word_1_352' title='bbox 1728 2658 1787 2721; x_wconf 73' lang='grc' dir='ltr'><strong>ὃς</strong></span> 
     </span>
    </p>
   </div>
   <div class='ocr_carea' id='block_1_45' title="bbox 190 2744 1786 2821">
    <p class='ocr_par' dir='ltr' id='par_1_45' title="bbox 190 2744 1786 2821">
     <span class='ocr_line' id='line_1_45' title="bbox 190 2744 1786 2821; baseline 0.002 -22"><span class='ocrx_word' id='word_1_353' title='bbox 190 2744 323 2799; x_wconf 79' lang='grc' dir='ltr'>οὔτε</span> <span class='ocrx_word' id='word_1_354' title='bbox 356 2744 620 2815; x_wconf 80' lang='grc' dir='ltr'>μεγέθους</span> <span class='ocrx_word' id='word_1_355' title='bbox 660 2746 851 2807; x_wconf 84' lang='grc' dir='ltr'>ἐδεῖτο,</span> <span class='ocrx_word' id='word_1_356' title='bbox 886 2747 980 2797; x_wconf 76' lang='grc' dir='ltr'><strong>καὶ</strong></span> <span class='ocrx_word' id='word_1_357' title='bbox 1009 2746 1193 2799; x_wconf 83' lang='grc' dir='ltr'>ὁποίου</span> <span class='ocrx_word' id='word_1_358' title='bbox 1225 2748 1523 2819; x_wconf 82' lang='grc' dir='ltr'>σχήματος,</span> <span class='ocrx_word' id='word_1_359' title='bbox 1571 2750 1786 2821; x_wconf 83' lang='grc' dir='ltr'>μέτρων</span> 
     </span>
    </p>
   </div>
   <div class='ocr_carea' id='block_1_46' title="bbox 189 2836 1789 2907">
    <p class='ocr_par' dir='ltr' id='par_1_46' title="bbox 189 2836 1789 2907">
     <span class='ocr_line' id='line_1_46' title="bbox 189 2836 1789 2907; baseline 0.002 -17"><span class='ocrx_word' id='word_1_360' title='bbox 189 2852 258 2890; x_wconf 81' lang='grc' dir='ltr'>τε</span> <span class='ocrx_word' id='word_1_361' title='bbox 287 2837 382 2891; x_wconf 81' lang='grc' dir='ltr'><strong>καὶ</strong></span> <span class='ocrx_word' id='word_1_362' title='bbox 414 2836 596 2907; x_wconf 87' lang='grc' dir='ltr'>μερῶν</span> <span class='ocrx_word' id='word_1_363' title='bbox 617 2837 852 2899; x_wconf 80' lang='grc' dir='ltr'>ὁπόσων,</span> <span class='ocrx_word' id='word_1_364' title='bbox 900 2837 1009 2889; x_wconf 90' lang='grc' dir='ltr'><strong>τῶν</strong></span> <span class='ocrx_word' id='word_1_365' title='bbox 1037 2838 1334 2907; x_wconf 74' lang='grc' dir='ltr'>μελλόντων</span> <span class='ocrx_word' id='word_1_366' title='bbox 1359 2841 1491 2893; x_wconf 82' lang='grc' dir='ltr'>εἴσω</span> <span class='ocrx_word' id='word_1_367' title='bbox 1525 2859 1583 2893; x_wconf 90' lang='grc' dir='ltr'>τε</span> <span class='ocrx_word' id='word_1_368' title='bbox 1620 2840 1789 2895; x_wconf 75' lang='grc' dir='ltr'>αὐτοῦ</span> 
     </span>
    </p>
   </div>
   <div class='ocr_carea' id='block_1_47' title="bbox 194 2926 1783 3003">
    <p class='ocr_par' dir='ltr' id='par_1_47' title="bbox 194 2926 1783 3003">
     <span class='ocr_line' id='line_1_47' title="bbox 194 2926 1783 3003; baseline 0.003 -23"><span class='ocrx_word' id='word_1_369' title='bbox 194 2926 547 2999; x_wconf 64' lang='grc' dir='ltr'>πριέχεσθαι</span> <span class='ocrx_word' id='word_1_370' title='bbox 574 2929 753 2998; x_wconf 86' lang='grc' dir='ltr'>χάριν,</span> <span class='ocrx_word' id='word_1_371' title='bbox 776 2930 868 2981; x_wconf 82' lang='grc' dir='ltr'><strong>καὶ</strong></span> <span class='ocrx_word' id='word_1_372' title='bbox 893 2929 998 2981; x_wconf 89' lang='grc' dir='ltr'><strong>τῶν</strong></span> <span class='ocrx_word' id='word_1_373' title='bbox 1025 2930 1179 2992; x_wconf 83' lang='grc' dir='ltr'>ἐκτὸς</span> <span class='ocrx_word' id='word_1_374' title='bbox 1200 2930 1415 2983; x_wconf 73' lang='grc' dir='ltr'>ἔσεσθαι</span> <span class='ocrx_word' id='word_1_375' title='bbox 1453 2930 1618 2984; x_wconf 79' lang='grc' dir='ltr'>αὑτοῦ</span> <span class='ocrx_word' id='word_1_376' title='bbox 1650 2932 1783 3003; x_wconf 86' lang='grc'>(17),</span> 
     </span>
    </p>
   </div>
   <div class='ocr_carea' id='block_1_48' title="bbox 191 3017 1777 3087">
    <p class='ocr_par' dir='ltr' id='par_1_48' title="bbox 191 3017 1777 3087">
     <span class='ocr_line' id='line_1_48' title="bbox 191 3017 1777 3087; baseline 0.002 -17"><span class='ocrx_word' id='word_1_377' title='bbox 191 3018 305 3071; x_wconf 85' lang='grc' dir='ltr'><strong>τῶν</strong></span> <span class='ocrx_word' id='word_1_378' title='bbox 323 3034 381 3070; x_wconf 86' lang='grc' dir='ltr'><strong>τε</strong></span> <span class='ocrx_word' id='word_1_379' title='bbox 404 3019 461 3069; x_wconf 78' lang='grc' dir='ltr'>ὲν</span> <span class='ocrx_word' id='word_1_380' title='bbox 486 3017 635 3087; x_wconf 86' lang='grc' dir='ltr'><strong>αὑτῷ</strong></span> <span class='ocrx_word' id='word_1_381' title='bbox 662 3018 754 3070; x_wconf 87' lang='grc' dir='ltr'>τὸν</span> <span class='ocrx_word' id='word_1_382' title='bbox 792 3017 989 3087; x_wconf 82' lang='grc' dir='ltr'>δρόμον</span> <span class='ocrx_word' id='word_1_383' title='bbox 1020 3019 1395 3087; x_wconf 80' lang='grc' dir='ltr'>ποιησομένων</span> <span class='ocrx_word' id='word_1_384' title='bbox 1429 3019 1591 3073; x_wconf 76' lang='grc' dir='ltr'>ἕνεκα</span> <span class='ocrx_word' id='word_1_385' title='bbox 1615 3037 1628 3050; x_wconf 90' lang='grc'><strong>·</strong></span> <span class='ocrx_word' id='word_1_386' title='bbox 1663 3022 1691 3073; x_wconf 87' lang='grc' dir='ltr'><strong>ό</strong></span> <span class='ocrx_word' id='word_1_387' title='bbox 1718 3020 1777 3073; x_wconf 83' lang='grc' dir='ltr'>δὲ</span> 
     </span>
    </p>
   </div>
   <div class='ocr_carea' id='block_1_49' title="bbox 191 3107 1785 3207">
    <p class='ocr_par' dir='ltr' id='par_1_49' title="bbox 191 3107 1785 3207">
     <span class='ocr_line' id='line_1_49' title="bbox 191 3107 1785 3207; baseline 0 -45"><span class='ocrx_word' id='word_1_388' title='bbox 191 3107 417 3173; x_wconf 79' lang='grc' dir='ltr'>τοῖςτοῦ</span> <span class='ocrx_word' id='word_1_389' title='bbox 444 3109 653 3180; x_wconf 75' lang='grc' dir='ltr'>[ἰατρὸς</span> <span class='ocrx_word' id='word_1_390' title='bbox 682 3107 961 3178; x_wconf 80' lang='grc' dir='ltr'>λογισμοῖς</span> <span class='ocrx_word' id='word_1_391' title='bbox 986 3108 1450 3207; x_wconf 39' lang='grc' dir='ltr'>ἐνατενίζων,ηκαὶ</span> <span class='ocrx_word' id='word_1_392' title='bbox 1505 3110 1662 3180; x_wconf 87' lang='grc' dir='ltr'>μόνος</span> <span class='ocrx_word' id='word_1_393' title='bbox 1688 3112 1785 3162; x_wconf 86' lang='grc' dir='ltr'><strong>ὲπ-</strong></span> 
     </span>
    </p>
   </div>
   <div class='ocr_carea' id='block_1_50' title="bbox 188 3197 1783 3271">
    <p class='ocr_par' dir='ltr' id='par_1_50' title="bbox 188 3197 1783 3271">
     <span class='ocr_line' id='line_1_50' title="bbox 188 3197 1783 3271; baseline -0.001 -15"><span class='ocrx_word' id='word_1_394' title='bbox 188 3198 443 3256; x_wconf 82' lang='grc' dir='ltr'>οπτεύων</span> <span class='ocrx_word' id='word_1_395' title='bbox 471 3199 540 3253; x_wconf 81' lang='grc' dir='ltr'>τὰ</span> <span class='ocrx_word' id='word_1_396' title='bbox 558 3201 615 3252; x_wconf 70' lang='grc' dir='ltr'>ὲν</span> <span class='ocrx_word' id='word_1_397' title='bbox 642 3198 792 3269; x_wconf 80' lang='grc' dir='ltr'>αὑτῷ</span> <span class='ocrx_word' id='word_1_398' title='bbox 810 3197 971 3270; x_wconf 82' lang='grc' dir='ltr'>βάθη,</span> <span class='ocrx_word' id='word_1_399' title='bbox 997 3198 1065 3253; x_wconf 82' lang='grc' dir='ltr'><strong>δι’</strong></span> <span class='ocrx_word' id='word_1_400' title='bbox 1099 3198 1275 3271; x_wconf 77' lang='grc' dir='ltr'>ἔργων</span> <span class='ocrx_word' id='word_1_401' title='bbox 1305 3197 1520 3271; x_wconf 60' lang='grc' dir='ltr'>ἐχώρει,</span> <span class='ocrx_word' id='word_1_402' title='bbox 1550 3204 1661 3264; x_wconf 81' lang='grc' dir='ltr'>τοῖς</span> <span class='ocrx_word' id='word_1_403' title='bbox 1692 3200 1783 3255; x_wconf 80' lang='grc' dir='ltr'><strong>τοῦ</strong></span> 
     </span>
    </p>
   </div>
   <div class='ocr_carea' id='block_1_51' title="bbox 189 3287 1784 3361">
    <p class='ocr_par' dir='ltr' id='par_1_51' title="bbox 189 3287 1784 3361">
     <span class='ocr_line' id='line_1_51' title="bbox 189 3287 1784 3361; baseline -0.001 -17"><span class='ocrx_word' id='word_1_404' title='bbox 189 3289 413 3361; x_wconf 81' lang='grc' dir='ltr'>Πατρὸς</span> <span class='ocrx_word' id='word_1_405' title='bbox 451 3287 955 3360; x_wconf 75' lang='grc' dir='ltr'>ὲξυπηρετούμενος</span> <span class='ocrx_word' id='word_1_406' title='bbox 982 3288 1232 3360; x_wconf 84' lang='grc' dir='ltr'>νεύμασι.</span> <span class='ocrx_word' id='word_1_407' title='bbox 1272 3290 1363 3342; x_wconf 88' lang='grc' dir='ltr'><strong>Διὸ</strong></span> <span class='ocrx_word' id='word_1_408' title='bbox 1391 3289 1637 3344; x_wconf 81' lang='grc' dir='ltr'>λέλεκταί</span> <span class='ocrx_word' id='word_1_409' title='bbox 1661 3310 1784 3357; x_wconf 84' lang='grc' dir='ltr'>που,</span> 
     </span>
    </p>
   </div>
   <div class='ocr_carea' id='block_1_52' title="bbox 178 3378 1789 3448">
    <p class='ocr_par' dir='ltr' id='par_1_52' title="bbox 178 3378 1789 3448">
     <span class='ocr_line' id='line_1_52' title="bbox 178 3378 1789 3448; baseline -0.001 -9"><span class='ocrx_word' id='word_1_410' title='bbox 178 3380 418 3439; x_wconf 73' lang='grc' dir='ltr'>Αίγεῖτε</span> <span class='ocrx_word' id='word_1_411' title='bbox 446 3378 556 3435; x_wconf 77' lang='grc' dir='ltr'>τόν</span> <span class='ocrx_word' id='word_1_412' title='bbox 586 3380 805 3447; x_wconf 81' lang='grc' dir='ltr'>Κύριον</span> <span class='ocrx_word' id='word_1_413' title='bbox 836 3379 905 3432; x_wconf 84' lang='grc' dir='ltr'><strong>ἐκ</strong></span> <span class='ocrx_word' id='word_1_414' title='bbox 948 3378 1070 3433; x_wconf 80' lang='grc' dir='ltr'>τῶν</span> <span class='ocrx_word' id='word_1_415' title='bbox 1105 3379 1379 3448; x_wconf 79' lang='grc' dir='ltr'>οὐρανῶν</span> <span class='ocrx_word' id='word_1_416' title='bbox 1401 3399 1413 3411; x_wconf 89' lang='grc'><strong>·</strong></span> <span class='ocrx_word' id='word_1_417' title='bbox 1441 3382 1658 3436; x_wconf 76' lang='grc' dir='ltr'>αἱνεῖτε</span> <span class='ocrx_word' id='word_1_418' title='bbox 1690 3386 1789 3437; x_wconf 86' lang='grc' dir='ltr'><strong>αὺ-</strong></span> 
     </span>
    </p>
   </div>
   <div class='ocr_carea' id='block_1_53' title="bbox 190 3470 1788 3539">
    <p class='ocr_par' dir='ltr' id='par_1_53' title="bbox 190 3470 1788 3539">
     <span class='ocr_line' id='line_1_53' title="bbox 190 3470 1788 3539; baseline 0.001 -13"><span class='ocrx_word' id='word_1_419' title='bbox 190 3473 327 3535; x_wconf 76' lang='grc' dir='ltr'>τὸν,</span> <span class='ocrx_word' id='word_1_420' title='bbox 353 3471 571 3537; x_wconf 72' lang='grc' dir='ltr'>πάντες</span> <span class='ocrx_word' id='word_1_421' title='bbox 592 3474 646 3525; x_wconf 89' lang='lat' dir='ltr'><strong>ol</strong></span> <span class='ocrx_word' id='word_1_422' title='bbox 658 3470 896 3539; x_wconf 71' lang='grc' dir='ltr'>ἄγγελοι</span> <span class='ocrx_word' id='word_1_423' title='bbox 918 3470 1356 3525; x_wconf 83' lang='grc' dir='ltr'>αὑτοῦ.Αίνεῖτε</span> <span class='ocrx_word' id='word_1_424' title='bbox 1370 3472 1575 3535; x_wconf 62' lang='grc' dir='ltr'>αὑτὸν,</span> <span class='ocrx_word' id='word_1_425' title='bbox 1600 3472 1788 3527; x_wconf 80' lang='grc' dir='ltr'>πᾶσαι</span> 
     </span>
    </p>
   </div>
   <div class='ocr_carea' id='block_1_54' title="bbox 183 3561 1788 3634">
    <p class='ocr_par' dir='ltr' id='par_1_54' title="bbox 183 3561 1788 3634">
     <span class='ocr_line' id='line_1_54' title="bbox 183 3561 1788 3634; baseline -0.002 -14"><span class='ocrx_word' id='word_1_426' title='bbox 183 3564 555 3634; x_wconf 61' lang='lat' dir='ltr'><strong>alam-duae</strong></span> <span class='ocrx_word' id='word_1_427' title='bbox 573 3562 1015 3619; x_wconf 81' lang='grc' dir='ltr'><strong>αὐτοῦ.Αὶνεῖτε</strong></span> <span class='ocrx_word' id='word_1_428' title='bbox 1041 3561 1246 3627; x_wconf 82' lang='grc' dir='ltr'>αὑτὸν,</span> <span class='ocrx_word' id='word_1_429' title='bbox 1278 3562 1449 3630; x_wconf 78' lang='grc' dir='ltr'>ἣλιος</span> <span class='ocrx_word' id='word_1_430' title='bbox 1477 3566 1572 3617; x_wconf 79' lang='grc' dir='ltr'><strong>καὶ</strong></span> <span class='ocrx_word' id='word_1_431' title='bbox 1604 3566 1788 3633; x_wconf 80' lang='grc' dir='ltr'>σελή-</span> 
     </span>
    </p>
   </div>
   <div class='ocr_carea' id='block_1_55' title="bbox 190 3653 1787 3724">
    <p class='ocr_par' dir='ltr' id='par_1_55' title="bbox 190 3653 1787 3724">
     <span class='ocr_line' id='line_1_55' title="bbox 190 3653 1787 3724; baseline -0.001 -15"><span class='ocrx_word' id='word_1_432' title='bbox 190 3673 304 3724; x_wconf 73' lang='grc' dir='ltr'>νη,</span> <span class='ocrx_word' id='word_1_433' title='bbox 334 3654 555 3710; x_wconf 79' lang='grc' dir='ltr'><strong>αὶνεῖτε</strong></span> <span class='ocrx_word' id='word_1_434' title='bbox 565 3656 769 3718; x_wconf 73' lang='grc' dir='ltr'>αὐτὸν,</span> <span class='ocrx_word' id='word_1_435' title='bbox 786 3653 979 3707; x_wconf 78' lang='grc' dir='ltr'>πάντα</span> <span class='ocrx_word' id='word_1_436' title='bbox 999 3653 1069 3706; x_wconf 86' lang='grc' dir='ltr'>τὰ</span> <span class='ocrx_word' id='word_1_437' title='bbox 1084 3653 1297 3721; x_wconf 77' lang='grc' dir='ltr'>ἄστρα,</span> <span class='ocrx_word' id='word_1_438' title='bbox 1318 3654 1417 3707; x_wconf 79' lang='grc' dir='ltr'><strong>καὶ</strong></span> <span class='ocrx_word' id='word_1_439' title='bbox 1438 3655 1504 3706; x_wconf 81' lang='grc' dir='ltr'>τὸ</span> <span class='ocrx_word' id='word_1_440' title='bbox 1526 3653 1668 3723; x_wconf 64' lang='grc' dir='ltr'>φῶς.</span> <span class='ocrx_word' id='word_1_441' title='bbox 1691 3658 1787 3709; x_wconf 83' lang='grc' dir='ltr'><strong>Αί-</strong></span> 
     </span>
    </p>
   </div>
   <div class='ocr_carea' id='block_1_56' title="bbox 188 3744 1786 3813">
    <p class='ocr_par' dir='ltr' id='par_1_56' title="bbox 188 3744 1786 3813">
     <span class='ocr_line' id='line_1_56' title="bbox 188 3744 1786 3813; baseline -0.003 -11"><span class='ocrx_word' id='word_1_442' title='bbox 188 3748 353 3803; x_wconf 72' lang='grc' dir='ltr'>νεῖτε</span> <span class='ocrx_word' id='word_1_443' title='bbox 372 3748 582 3808; x_wconf 82' lang='grc' dir='ltr'>αὐτὸν,</span> <span class='ocrx_word' id='word_1_444' title='bbox 606 3748 661 3800; x_wconf 81' lang='grc' dir='ltr'>οἱ</span> <span class='ocrx_word' id='word_1_445' title='bbox 684 3745 925 3813; x_wconf 78' lang='grc' dir='ltr'>οὐραγοί</span> <span class='ocrx_word' id='word_1_446' title='bbox 942 3744 1058 3797; x_wconf 79' lang='grc' dir='ltr'>τῶν</span> <span class='ocrx_word' id='word_1_447' title='bbox 1070 3744 1359 3813; x_wconf 53' lang='lat' dir='ltr'><strong>copas-(Br,</strong></span> <span class='ocrx_word' id='word_1_448' title='bbox 1386 3746 1483 3798; x_wconf 82' lang='grc' dir='ltr'><strong>καὶ</strong></span> <span class='ocrx_word' id='word_1_449' title='bbox 1503 3745 1573 3798; x_wconf 83' lang='grc' dir='ltr'>τὰ</span> <span class='ocrx_word' id='word_1_450' title='bbox 1599 3746 1786 3799; x_wconf 84' lang='grc' dir='ltr'>ὕδατα</span> 
     </span>
    </p>
   </div>
   <div class='ocr_carea' id='block_1_57' title="bbox 190 3835 1787 3911">
    <p class='ocr_par' dir='ltr' id='par_1_57' title="bbox 190 3835 1787 3911">
     <span class='ocr_line' id='line_1_57' title="bbox 190 3835 1787 3911; baseline 0 -18"><span class='ocrx_word' id='word_1_451' title='bbox 190 3838 311 3911; x_wconf 89' lang='grc'>(18)</span> <span class='ocrx_word' id='word_1_452' title='bbox 328 3838 401 3893; x_wconf 86' lang='grc' dir='ltr'>τὰ</span> <span class='ocrx_word' id='word_1_453' title='bbox 415 3836 689 3908; x_wconf 76' lang='grc' dir='ltr'>ὑπεράνω</span> <span class='ocrx_word' id='word_1_454' title='bbox 707 3836 825 3890; x_wconf 76' lang='grc' dir='ltr'>τῶν</span> <span class='ocrx_word' id='word_1_455' title='bbox 839 3835 1179 3903; x_wconf 61' lang='grc' dir='ltr'>οὐρανῶν-Α</span> <span class='ocrx_word' id='word_1_456' title='bbox 1189 3836 1561 3890; x_wconf 79' lang='grc' dir='ltr'>ίνεσὰτωσαν</span> <span class='ocrx_word' id='word_1_457' title='bbox 1575 3838 1640 3891; x_wconf 81' lang='grc' dir='ltr'>τὸ</span> <span class='ocrx_word' id='word_1_458' title='bbox 1655 3838 1787 3893; x_wconf 80' lang='grc' dir='ltr'>ὅνο-</span> 
     </span>
    </p>
   </div>
   <div class='ocr_carea' id='block_1_58' title="bbox 182 3926 1786 4001">
    <p class='ocr_par' dir='ltr' id='par_1_58' title="bbox 182 3926 1786 4001">
     <span class='ocr_line' id='line_1_58' title="bbox 182 3926 1786 4001; baseline -0.001 -18"><span class='ocrx_word' id='word_1_459' title='bbox 182 3944 278 4001; x_wconf 81' lang='grc' dir='ltr'><strong>μα</strong></span> <span class='ocrx_word' id='word_1_460' title='bbox 301 3928 545 3999; x_wconf 82' lang='grc' dir='ltr'>Κυρίου,</span> <span class='ocrx_word' id='word_1_461' title='bbox 577 3927 667 4000; x_wconf 73' lang='grc' dir='ltr'><strong>ότι</strong></span> <span class='ocrx_word' id='word_1_462' title='bbox 694 3927 876 3992; x_wconf 82' lang='grc' dir='ltr'>αὐτὸς</span> <span class='ocrx_word' id='word_1_463' title='bbox 898 3927 1026 3981; x_wconf 78' lang='grc' dir='ltr'>εἷπε</span> <span class='ocrx_word' id='word_1_464' title='bbox 1050 3926 1150 3980; x_wconf 82' lang='grc' dir='ltr'><strong>καὶ</strong></span> <span class='ocrx_word' id='word_1_465' title='bbox 1176 3926 1579 3996; x_wconf 75' lang='grc' dir='ltr'>ἐγενήθησαν,</span> <span class='ocrx_word' id='word_1_466' title='bbox 1602 3930 1786 3996; x_wconf 80' lang='grc' dir='ltr'>αὐτὸς</span> 
     </span>
    </p>
   </div>
   <div class='ocr_carea' id='block_1_59' title="bbox 187 4019 1784 4093">
    <p class='ocr_par' dir='ltr' id='par_1_59' title="bbox 187 4019 1784 4093">
     <span class='ocr_line' id='line_1_59' title="bbox 187 4019 1784 4093; baseline -0.004 -12"><span class='ocrx_word' id='word_1_467' title='bbox 187 4026 555 4087; x_wconf 71' lang='grc' dir='ltr'>ἐνετείλατο,</span> <span class='ocrx_word' id='word_1_468' title='bbox 586 4021 687 4075; x_wconf 84' lang='grc' dir='ltr'><strong>καὶ</strong></span> <span class='ocrx_word' id='word_1_469' title='bbox 705 4021 1096 4086; x_wconf 84' lang='grc' dir='ltr'>ἐκτίσθησαν.</span> <span class='ocrx_word' id='word_1_470' title='bbox 1134 4019 1279 4091; x_wconf 83' lang='grc' dir='ltr'>Πλὴν</span> <span class='ocrx_word' id='word_1_471' title='bbox 1339 4020 1473 4074; x_wconf 76' lang='grc' dir='ltr'>ἀλλὰ</span> <span class='ocrx_word' id='word_1_472' title='bbox 1510 4022 1604 4074; x_wconf 79' lang='grc' dir='ltr'><strong>καὶ</strong></span> <span class='ocrx_word' id='word_1_473' title='bbox 1654 4024 1784 4093; x_wconf 78' lang='grc' dir='ltr'>πρὶν</span> 
     </span>
    </p>
   </div>
   <div class='ocr_carea' id='block_1_60' title="bbox 190 4112 1783 4188">
    <p class='ocr_par' dir='ltr' id='par_1_60' title="bbox 190 4112 1783 4188">
     <span class='ocr_line' id='line_1_60' title="bbox 190 4112 1783 4188; baseline -0.003 -16"><span class='ocrx_word' id='word_1_474' title='bbox 190 4116 450 4188; x_wconf 80' lang='grc' dir='ltr'>γενέσθαι</span> <span class='ocrx_word' id='word_1_475' title='bbox 503 4116 665 4169; x_wconf 82' lang='grc' dir='ltr'>αὑτὸν</span> <span class='ocrx_word' id='word_1_476' title='bbox 719 4116 811 4168; x_wconf 85' lang='grc' dir='ltr'><strong>τὸν</strong></span> <span class='ocrx_word' id='word_1_477' title='bbox 844 4112 1072 4184; x_wconf 80' lang='grc' dir='ltr'>οὐρανὸν</span> <span class='ocrx_word' id='word_1_478' title='bbox 1122 4114 1217 4165; x_wconf 72' lang='grc' dir='ltr'><strong>καὶ</strong></span> <span class='ocrx_word' id='word_1_479' title='bbox 1265 4112 1335 4165; x_wconf 78' lang='grc' dir='ltr'><strong>τὰ</strong></span> <span class='ocrx_word' id='word_1_480' title='bbox 1386 4113 1644 4167; x_wconf 77' lang='grc' dir='ltr'>ἐπέκεινα</span> <span class='ocrx_word' id='word_1_481' title='bbox 1672 4114 1783 4183; x_wconf 84' lang='grc'>(19)</span> 
     </span>
    </p>
   </div>
   <div class='ocr_carea' id='block_1_61' title="bbox 186 4203 1783 4282">
    <p class='ocr_par' dir='ltr' id='par_1_61' title="bbox 186 4203 1783 4282">
     <span class='ocr_line' id='line_1_61' title="bbox 186 4203 1783 4282; baseline -0.004 -19"><span class='ocrx_word' id='word_1_482' title='bbox 186 4208 425 4282; x_wconf 76' lang='grc' dir='ltr'>οὐρανοῦ</span> <span class='ocrx_word' id='word_1_483' title='bbox 476 4208 546 4261; x_wconf 92' lang='grc' dir='ltr'>τά</span> <span class='ocrx_word' id='word_1_484' title='bbox 595 4224 654 4259; x_wconf 87' lang='grc' dir='ltr'>τε</span> <span class='ocrx_word' id='word_1_485' title='bbox 706 4208 765 4259; x_wconf 82' lang='grc' dir='ltr'>ὲν</span> <span class='ocrx_word' id='word_1_486' title='bbox 813 4204 1027 4277; x_wconf 77' lang='grc' dir='ltr'>οὐρανῷ</span> <span class='ocrx_word' id='word_1_487' title='bbox 1072 4206 1251 4259; x_wconf 89' lang='grc' dir='ltr'>πάντα</span> <span class='ocrx_word' id='word_1_488' title='bbox 1288 4204 1371 4270; x_wconf 79' lang='grc' dir='ltr'><strong>(ἐξ</strong></span> <span class='ocrx_word' id='word_1_489' title='bbox 1419 4204 1537 4267; x_wconf 75' lang='grc' dir='ltr'>ἑνὸς</span> <span class='ocrx_word' id='word_1_490' title='bbox 1571 4204 1681 4275; x_wconf 83' lang='grc' dir='ltr'>γὰρ</span> <span class='ocrx_word' id='word_1_491' title='bbox 1716 4203 1783 4256; x_wconf 77' lang='grc' dir='ltr'>τὰ</span> 
     </span>
    </p>
   </div>
   <div class='ocr_carea' id='block_1_62' title="bbox 192 4292 1779 4371">
    <p class='ocr_par' dir='ltr' id='par_1_62' title="bbox 192 4292 1779 4371">
     <span class='ocr_line' id='line_1_62' title="bbox 192 4292 1779 4371; baseline -0.005 -15"><span class='ocrx_word' id='word_1_492' title='bbox 192 4302 379 4356; x_wconf 70' lang='grc' dir='ltr'>πάντα</span> <span class='ocrx_word' id='word_1_493' title='bbox 410 4299 815 4371; x_wconf 79' lang='grc' dir='ltr'>περιληπτικῶς</span> <span class='ocrx_word' id='word_1_494' title='bbox 840 4296 1155 4368; x_wconf 84' lang='grc' dir='ltr'>δεδήλωται)</span> <span class='ocrx_word' id='word_1_495' title='bbox 1184 4292 1251 4367; x_wconf 81' lang='grc' dir='ltr'>ἦν</span> <span class='ocrx_word' id='word_1_496' title='bbox 1279 4298 1307 4347; x_wconf 87' lang='grc' dir='ltr'>ὁ</span> <span class='ocrx_word' id='word_1_497' title='bbox 1335 4296 1461 4359; x_wconf 72' lang='grc' dir='ltr'>Υἱὸς</span> <span class='ocrx_word' id='word_1_498' title='bbox 1494 4295 1586 4348; x_wconf 80' lang='grc' dir='ltr'>τοῦ</span> <span class='ocrx_word' id='word_1_499' title='bbox 1620 4294 1779 4360; x_wconf 80' lang='grc' dir='ltr'>Θεοῦ,</span> 
     </span>
    </p>
   </div>
   <div class='ocr_carea' id='block_1_63' title="bbox 190 4386 1783 4462">
    <p class='ocr_par' dir='ltr' id='par_1_63' title="bbox 190 4386 1783 4462">
     <span class='ocr_line' id='line_1_63' title="bbox 190 4386 1783 4462; baseline -0.004 -15"><span class='ocrx_word' id='word_1_500' title='bbox 190 4392 293 4447; x_wconf 81' lang='grc' dir='ltr'><strong>καὶ</strong></span> <span class='ocrx_word' id='word_1_501' title='bbox 324 4390 403 4462; x_wconf 87' lang='grc' dir='ltr'><strong>τῷ</strong></span> <span class='ocrx_word' id='word_1_502' title='bbox 433 4391 609 4460; x_wconf 80' lang='grc' dir='ltr'>Πατρὶ</span> <span class='ocrx_word' id='word_1_503' title='bbox 645 4388 755 4459; x_wconf 70' lang='lat'><strong>(20)</strong></span> <span class='ocrx_word' id='word_1_504' title='bbox 792 4388 1087 4459; x_wconf 85' lang='grc' dir='ltr'>συμπαρῆν</span> <span class='ocrx_word' id='word_1_505' title='bbox 1135 4387 1215 4439; x_wconf 77' lang='grc' dir='ltr'>ἐτι</span> <span class='ocrx_word' id='word_1_506' title='bbox 1257 4386 1630 4457; x_wconf 80' lang='grc' dir='ltr'>βουλευομένῳ</span> <span class='ocrx_word' id='word_1_507' title='bbox 1657 4388 1783 4458; x_wconf 79' lang='grc' dir='ltr'>περὶ</span> 
     </span>
    </p>
   </div>
   <div class='ocr_carea' id='block_1_64' title="bbox 187 4472 1781 4554">
    <p class='ocr_par' dir='ltr' id='par_1_64' title="bbox 187 4472 1781 4554">
     <span class='ocr_line' id='line_1_64' title="bbox 187 4472 1781 4554; baseline -0.004 -19"><span class='ocrx_word' id='word_1_508' title='bbox 187 4483 295 4554; x_wconf 81' lang='grc' dir='ltr'><strong>τῆς</strong></span> <span class='ocrx_word' id='word_1_509' title='bbox 324 4480 527 4535; x_wconf 83' lang='grc' dir='ltr'>τούτων</span> <span class='ocrx_word' id='word_1_510' title='bbox 556 4479 811 4533; x_wconf 82' lang='grc' dir='ltr'>ἁπάντων</span> <span class='ocrx_word' id='word_1_511' title='bbox 846 4472 1178 4539; x_wconf 83' lang='grc' dir='ltr'>συστάσεως.</span> <span class='ocrx_word' id='word_1_512' title='bbox 1212 4476 1302 4528; x_wconf 87' lang='grc' dir='ltr'><strong>Διό</strong></span> <span class='ocrx_word' id='word_1_513' title='bbox 1348 4491 1533 4545; x_wconf 79' lang='grc' dir='ltr'>φησιν,</span> <span class='ocrx_word' id='word_1_514' title='bbox 1570 4475 1781 4529; x_wconf 80' lang='grc' dir='ltr'><em>Ἠνίκα</em></span> 
     </span>
    </p>
   </div>
   <div class='ocr_carea' id='block_1_65' title="bbox 187 4562 1781 4644">
    <p class='ocr_par' dir='ltr' id='par_1_65' title="bbox 187 4562 1781 4644">
     <span class='ocr_line' id='line_1_65' title="bbox 187 4562 1781 4644; baseline -0.008 -15"><span class='ocrx_word' id='word_1_515' title='bbox 187 4571 470 4644; x_wconf 68' lang='grc' dir='ltr'>ἡτοίμαζε</span> <span class='ocrx_word' id='word_1_516' title='bbox 510 4571 617 4626; x_wconf 75' lang='grc' dir='ltr'>τόν</span> <span class='ocrx_word' id='word_1_517' title='bbox 667 4570 948 4638; x_wconf 77' lang='grc' dir='ltr'>οὐρανὸν,</span> <span class='ocrx_word' id='word_1_518' title='bbox 996 4566 1411 4637; x_wconf 77' lang='grc' dir='ltr'>συμπαρήμην</span> <span class='ocrx_word' id='word_1_519' title='bbox 1444 4564 1629 4631; x_wconf 81' lang='grc' dir='ltr'>αὐτῷ·</span> <span class='ocrx_word' id='word_1_520' title='bbox 1660 4562 1781 4631; x_wconf 83' lang='grc' dir='ltr'>εἷθ’,</span> 
     </span>
    </p>
   </div>
   <div class='ocr_carea' id='block_1_66' title="bbox 187 4658 1786 4737">
    <p class='ocr_par' dir='ltr' id='par_1_66' title="bbox 187 4658 1786 4737">
     <span class='ocr_line' id='line_1_66' title="bbox 187 4658 1786 4737; baseline -0.006 -17"><span class='ocrx_word' id='word_1_521' title='bbox 187 4669 272 4732; x_wconf 83' lang='grc' dir='ltr'>ὡς</span> <span class='ocrx_word' id='word_1_522' title='bbox 316 4665 518 4734; x_wconf 82' lang='grc' dir='ltr'>ἀγαθὸς</span> <span class='ocrx_word' id='word_1_523' title='bbox 561 4664 824 4737; x_wconf 78' lang='grc' dir='ltr'>γραφεὺς,</span> <span class='ocrx_word' id='word_1_524' title='bbox 857 4661 955 4724; x_wconf 77' lang='grc' dir='ltr'><strong>τὰς</strong></span> <span class='ocrx_word' id='word_1_525' title='bbox 992 4660 1333 4731; x_wconf 80' lang='grc' dir='ltr'>ἀρχετύπους</span> <span class='ocrx_word' id='word_1_526' title='bbox 1386 4658 1529 4721; x_wconf 83' lang='grc' dir='ltr'>ἰδέας</span> <span class='ocrx_word' id='word_1_527' title='bbox 1572 4660 1635 4710; x_wconf 74' lang='grc' dir='ltr'>ἐκ</span> <span class='ocrx_word' id='word_1_528' title='bbox 1676 4658 1786 4711; x_wconf 89' lang='grc' dir='ltr'><strong>τῶν</strong></span> 
     </span>
    </p>
   </div>
   <div class='ocr_carea' id='block_1_67' title="bbox 192 4747 1783 4829">
    <p class='ocr_par' dir='ltr' id='par_1_67' title="bbox 192 4747 1783 4829">
     <span class='ocr_line' id='line_1_67' title="bbox 192 4747 1783 4829; baseline -0.008 -16"><span class='ocrx_word' id='word_1_529' title='bbox 192 4756 483 4829; x_wconf 78' lang='grc' dir='ltr'>πατρικῶν</span> <span class='ocrx_word' id='word_1_530' title='bbox 505 4754 780 4825; x_wconf 85' lang='grc' dir='ltr'>λογισμῶν</span> <span class='ocrx_word' id='word_1_531' title='bbox 799 4750 1221 4820; x_wconf 75' lang='grc' dir='ltr'>ἀπολαμϐάνων,</span> <span class='ocrx_word' id='word_1_532' title='bbox 1246 4750 1337 4802; x_wconf 77' lang='grc' dir='ltr'>ἐπὶ</span> <span class='ocrx_word' id='word_1_533' title='bbox 1360 4749 1457 4812; x_wconf 88' lang='grc' dir='ltr'><strong>τάς</strong></span> <span class='ocrx_word' id='word_1_534' title='bbox 1476 4747 1584 4800; x_wconf 83' lang='grc' dir='ltr'><strong>τῶν</strong></span> <span class='ocrx_word' id='word_1_535' title='bbox 1606 4748 1783 4819; x_wconf 76' lang='grc' dir='ltr'>ἔργων</span> 
     </span>
    </p>
   </div>
   <div class='ocr_carea' id='block_1_68' title="bbox 191 4839 1784 4923">
    <p class='ocr_par' dir='ltr' id='par_1_68' title="bbox 191 4839 1784 4923">
     <span class='ocr_line' id='line_1_68' title="bbox 191 4839 1784 4923; baseline -0.006 -21"><span class='ocrx_word' id='word_1_536' title='bbox 191 4849 497 4923; x_wconf 71' lang='grc' dir='ltr'>μετέφερεν</span> <span class='ocrx_word' id='word_1_537' title='bbox 523 4846 729 4909; x_wconf 86' lang='grc' dir='ltr'>οὐσίας.</span> <span class='ocrx_word' id='word_1_538' title='bbox 768 4843 1005 4897; x_wconf 81' lang='grc' dir='ltr'>Τοιαῦτα</span> <span class='ocrx_word' id='word_1_539' title='bbox 1035 4839 1394 4905; x_wconf 80' lang='grc' dir='ltr'>ζωοπλαστῶν</span> <span class='ocrx_word' id='word_1_540' title='bbox 1426 4840 1518 4893; x_wconf 81' lang='grc' dir='ltr'><strong>καὶ</strong></span> <span class='ocrx_word' id='word_1_541' title='bbox 1553 4839 1784 4907; x_wconf 77' lang='grc' dir='ltr'>ὑφιστά-</span> 
     </span>
    </p>
   </div>
   <div class='ocr_carea' id='block_1_69' title="bbox 195 4931 1786 5011">
    <p class='ocr_par' dir='ltr' id='par_1_69' title="bbox 195 4931 1786 5011">
     <span class='ocr_line' id='line_1_69' title="bbox 195 4931 1786 5011; baseline -0.008 -16"><span class='ocrx_word' id='word_1_542' title='bbox 195 4958 379 5011; x_wconf 80' lang='grc' dir='ltr'>μενος,</span> <span class='ocrx_word' id='word_1_543' title='bbox 408 4940 567 5010; x_wconf 81' lang='grc' dir='ltr'>όποίᾳ</span> <span class='ocrx_word' id='word_1_544' title='bbox 610 4941 675 5008; x_wconf 77' lang='grc' dir='ltr'>τῇ</span> <span class='ocrx_word' id='word_1_545' title='bbox 713 4935 806 4990; x_wconf 84' lang='grc' dir='ltr'><strong>τοῦ</strong></span> <span class='ocrx_word' id='word_1_546' title='bbox 840 4934 1051 5007; x_wconf 82' lang='grc' dir='ltr'>ῙΙατρὸς</span> <span class='ocrx_word' id='word_1_547' title='bbox 1093 4932 1301 5003; x_wconf 82' lang='grc' dir='ltr'>διανοίᾳ</span> <span class='ocrx_word' id='word_1_548' title='bbox 1344 4931 1786 5002; x_wconf 83' lang='grc' dir='ltr'>προῦποκείμενα</span> 
     </span>
    </p>
   </div>
   <div class='ocr_carea' id='block_1_70' title="bbox 188 5024 1783 5105">
    <p class='ocr_par' dir='ltr' id='par_1_70' title="bbox 188 5024 1783 5105">
     <span class='ocr_line' id='line_1_70' title="bbox 188 5024 1783 5105; baseline -0.008 -18"><span class='ocrx_word' id='word_1_549' title='bbox 188 5033 365 5105; x_wconf 73' lang='grc' dir='ltr'>ἑώρα.</span> <span class='ocrx_word' id='word_1_550' title='bbox 403 5030 619 5083; x_wconf 71' lang='grc' dir='ltr'>Τούτων</span> <span class='ocrx_word' id='word_1_551' title='bbox 654 5029 697 5081; x_wconf 74' lang='grc' dir='ltr'>δ’</span> <span class='ocrx_word' id='word_1_552' title='bbox 727 5029 888 5090; x_wconf 81' lang='grc' dir='ltr'>αὐτὸς</span> <span class='ocrx_word' id='word_1_553' title='bbox 932 5027 1141 5095; x_wconf 82' lang='grc' dir='ltr'>γένοιτο</span> <span class='ocrx_word' id='word_1_554' title='bbox 1168 5025 1376 5096; x_wconf 86' lang='grc' dir='ltr'>μάρτυς</span> <span class='ocrx_word' id='word_1_555' title='bbox 1404 5024 1701 5094; x_wconf 83' lang='grc' dir='ltr'>ἀξιόχρεως</span> <span class='ocrx_word' id='word_1_556' title='bbox 1726 5024 1783 5076; x_wconf 90' lang='grc' dir='ltr'>ὲν</span> 
     </span>
    </p>
   </div>
   <div class='ocr_carea' id='block_1_71' title="bbox 188 5115 1781 5195">
    <p class='ocr_par' dir='ltr' id='par_1_71' title="bbox 188 5115 1781 5195">
     <span class='ocr_line' id='line_1_71' title="bbox 188 5115 1781 5195; baseline -0.008 -14"><span class='ocrx_word' id='word_1_557' title='bbox 188 5124 548 5195; x_wconf 79' lang='grc' dir='ltr'>Εὐαγγελξοις</span> <span class='ocrx_word' id='word_1_558' title='bbox 574 5116 675 5177; x_wconf 83' lang='grc' dir='ltr'><strong>ὧδε</strong></span> <span class='ocrx_word' id='word_1_559' title='bbox 701 5122 987 5176; x_wconf 81' lang='grc' dir='ltr'>διδάσκων·</span> <span class='ocrx_word' id='word_1_560' title='bbox 1020 5117 1218 5189; x_wconf 71' lang='grc' dir='ltr'>Ἀμὴν,</span> <span class='ocrx_word' id='word_1_561' title='bbox 1242 5116 1405 5188; x_wconf 79' lang='grc' dir='ltr'><strong>ἀμὴν</strong></span> <span class='ocrx_word' id='word_1_562' title='bbox 1429 5115 1584 5185; x_wconf 73' lang='grc' dir='ltr'>λέγω</span> <span class='ocrx_word' id='word_1_563' title='bbox 1617 5115 1781 5184; x_wconf 77' lang='grc' dir='ltr'>ὑμῖν,</span> 
     </span>
    </p>
   </div>
   <div class='ocr_carea' id='block_1_72' title="bbox 1890 1922 3473 1998">
    <p class='ocr_par' dir='ltr' id='par_1_72' title="bbox 1890 1922 3473 1998">
     <span class='ocr_line' id='line_1_72' title="bbox 1890 1922 3473 1998; baseline 0.009 -25"><span class='ocrx_word' id='word_1_564' title='bbox 1890 1922 2204 1991; x_wconf 84' lang='lat' dir='ltr'><strong>symmetria</strong></span> <span class='ocrx_word' id='word_1_565' title='bbox 2232 1934 2521 1989; x_wconf 86' lang='lat' dir='ltr'><strong>constaret,</strong></span> <span class='ocrx_word' id='word_1_566' title='bbox 2546 1940 2665 1994; x_wconf 74' lang='lat' dir='ltr'><strong>qua:</strong></span> <span class='ocrx_word' id='word_1_567' title='bbox 2694 1936 2748 1981; x_wconf 91' lang='lat' dir='ltr'><strong>et</strong></span> <span class='ocrx_word' id='word_1_568' title='bbox 2774 1935 2895 1996; x_wconf 87' lang='lat' dir='ltr'><strong>apta</strong></span> <span class='ocrx_word' id='word_1_569' title='bbox 2917 1938 3099 1983; x_wconf 84' lang='lat' dir='ltr'><strong>essent</strong></span> <span class='ocrx_word' id='word_1_570' title='bbox 3126 1931 3473 1998; x_wconf 83' lang='lat' dir='ltr'><strong>recipiendis.</strong></span> 
     </span>
    </p>
   </div>
   <div class='ocr_carea' id='block_1_73' title="bbox 1889 2012 3477 2083">
    <p class='ocr_par' dir='ltr' id='par_1_73' title="bbox 1889 2012 3477 2083">
     <span class='ocr_line' id='line_1_73' title="bbox 1889 2012 3477 2083; baseline 0.006 -18"><span class='ocrx_word' id='word_1_571' title='bbox 1889 2012 2250 2079; x_wconf 88' lang='lat' dir='ltr'><strong>includendis,</strong></span> <span class='ocrx_word' id='word_1_572' title='bbox 2283 2024 2340 2068; x_wconf 88' lang='lat' dir='ltr'><strong>et</strong></span> <span class='ocrx_word' id='word_1_573' title='bbox 2368 2014 2665 2071; x_wconf 81' lang='lat' dir='ltr'><strong>conformis</strong></span> <span class='ocrx_word' id='word_1_574' title='bbox 2699 2027 2924 2072; x_wconf 79' lang='lat' dir='ltr'><strong>externe</strong></span> <span class='ocrx_word' id='word_1_575' title='bbox 2958 2019 3392 2083; x_wconf 81' lang='lat' dir='ltr'><strong>advenientibus,</strong></span> <span class='ocrx_word' id='word_1_576' title='bbox 3421 2030 3477 2074; x_wconf 85' lang='lat' dir='ltr'><strong>et</strong></span> 
     </span>
    </p>
   </div>
   <div class='ocr_carea' id='block_1_74' title="bbox 1888 2106 3473 2178">
    <p class='ocr_par' dir='ltr' id='par_1_74' title="bbox 1888 2106 3473 2178">
     <span class='ocr_line' id='line_1_74' title="bbox 1888 2106 3473 2178; baseline 0.005 -22"><span class='ocrx_word' id='word_1_577' title='bbox 1888 2106 2291 2173; x_wconf 85' lang='lat' dir='ltr'><strong>proportionata</strong></span> <span class='ocrx_word' id='word_1_578' title='bbox 2312 2121 2531 2162; x_wconf 87' lang='lat' dir='ltr'><strong>cursum</strong></span> <span class='ocrx_word' id='word_1_579' title='bbox 2561 2123 2656 2178; x_wconf 89' lang='lat' dir='ltr'><strong>per</strong></span> <span class='ocrx_word' id='word_1_580' title='bbox 2678 2111 2875 2163; x_wconf 69' lang='lat' dir='ltr'><strong>caelum</strong></span> <span class='ocrx_word' id='word_1_581' title='bbox 2903 2110 3144 2165; x_wconf 75' lang='lat' dir='ltr'><strong>iacturis.</strong></span> <span class='ocrx_word' id='word_1_582' title='bbox 3177 2111 3268 2165; x_wconf 93' lang='lat' dir='ltr'><strong>Ille</strong></span> <span class='ocrx_word' id='word_1_583' title='bbox 3293 2122 3473 2166; x_wconf 82' lang='lat' dir='ltr'><strong>autem</strong></span> 
     </span>
    </p>
   </div>
   <div class='ocr_carea' id='block_1_75' title="bbox 1888 2191 3471 2269">
    <p class='ocr_par' dir='ltr' id='par_1_75' title="bbox 1888 2191 3471 2269">
     <span class='ocr_line' id='line_1_75' title="bbox 1888 2191 3471 2269; baseline 0.006 -25"><span class='ocrx_word' id='word_1_584' title='bbox 1888 2191 1979 2259; x_wconf 91' lang='lat' dir='ltr'><strong>qui</strong></span> <span class='ocrx_word' id='word_1_585' title='bbox 2036 2192 2101 2245; x_wconf 85' lang='lat' dir='ltr'><strong>ad</strong></span> <span class='ocrx_word' id='word_1_586' title='bbox 2148 2202 2373 2259; x_wconf 87' lang='lat' dir='ltr'><strong>paterna</strong></span> <span class='ocrx_word' id='word_1_587' title='bbox 2412 2196 2643 2265; x_wconf 85' lang='lat' dir='ltr'><strong>cogitata</strong></span> <span class='ocrx_word' id='word_1_588' title='bbox 2680 2197 2929 2252; x_wconf 84' lang='lat' dir='ltr'><strong>intuitive</strong></span> <span class='ocrx_word' id='word_1_589' title='bbox 2979 2200 3324 2264; x_wconf 82' lang='lat' dir='ltr'><strong>respiciebat,</strong></span> <span class='ocrx_word' id='word_1_590' title='bbox 3380 2199 3471 2269; x_wconf 86' lang='lat' dir='ltr'><strong>qui</strong></span> 
     </span>
    </p>
   </div>
   <div class='ocr_carea' id='block_1_76' title="bbox 1890 2281 3477 2359">
    <p class='ocr_par' dir='ltr' id='par_1_76' title="bbox 1890 2281 3477 2359">
     <span class='ocr_line' id='line_1_76' title="bbox 1890 2281 3477 2359; baseline 0.007 -26"><span class='ocrx_word' id='word_1_591' title='bbox 1890 2282 2038 2335; x_wconf 82' lang='lat' dir='ltr'><strong>solus</strong></span> <span class='ocrx_word' id='word_1_592' title='bbox 2065 2281 2180 2349; x_wconf 79' lang='lat' dir='ltr'><strong>ejus</strong></span> <span class='ocrx_word' id='word_1_593' title='bbox 2214 2282 2475 2353; x_wconf 81' lang='lat' dir='ltr'><strong>profunda</strong></span> <span class='ocrx_word' id='word_1_594' title='bbox 2512 2288 2907 2355; x_wconf 87' lang='lat' dir='ltr'><strong>specularetur,</strong></span> <span class='ocrx_word' id='word_1_595' title='bbox 2968 2291 3034 2345; x_wconf 85' lang='lat' dir='ltr'><strong>ad</strong></span> <span class='ocrx_word' id='word_1_596' title='bbox 3056 2305 3190 2359; x_wconf 89' lang='lat' dir='ltr'><strong>opus</strong></span> <span class='ocrx_word' id='word_1_597' title='bbox 3218 2306 3275 2345; x_wconf 90' lang='lat' dir='ltr'><strong>se</strong></span> <span class='ocrx_word' id='word_1_598' title='bbox 3295 2292 3477 2346; x_wconf 86' lang='lat' dir='ltr'><strong>accin-</strong></span> 
     </span>
    </p>
   </div>
   <div class='ocr_carea' id='block_1_77' title="bbox 1888 2374 3472 2445">
    <p class='ocr_par' dir='ltr' id='par_1_77' title="bbox 1888 2374 3472 2445">
     <span class='ocr_line' id='line_1_77' title="bbox 1888 2374 3472 2445; baseline 0.005 -17"><span class='ocrx_word' id='word_1_599' title='bbox 1888 2374 2000 2435; x_wconf 81' lang='lat' dir='ltr'><strong>xit,</strong></span> <span class='ocrx_word' id='word_1_600' title='bbox 2055 2375 2136 2429; x_wconf 88' lang='lat' dir='ltr'><strong>sui</strong></span> <span class='ocrx_word' id='word_1_601' title='bbox 2189 2378 2357 2445; x_wconf 88' lang='lat' dir='ltr'><strong>patris</strong></span> <span class='ocrx_word' id='word_1_602' title='bbox 2412 2380 2629 2434; x_wconf 88' lang='lat' dir='ltr'><strong>nutibus</strong></span> <span class='ocrx_word' id='word_1_603' title='bbox 2662 2380 3043 2435; x_wconf 68' lang='lat' dir='ltr'><strong>inserviturus.</strong></span> <span class='ocrx_word' id='word_1_604' title='bbox 3102 2381 3252 2436; x_wconf 89' lang='lat' dir='ltr'><strong>Unde</strong></span> <span class='ocrx_word' id='word_1_605' title='bbox 3274 2380 3472 2437; x_wconf 82' lang='lat' dir='ltr'><strong>alicubi</strong></span> 
     </span>
    </p>
   </div>
   <div class='ocr_carea' id='block_1_78' title="bbox 1888 2464 3475 2527">
    <p class='ocr_par' dir='ltr' id='par_1_78' title="bbox 1888 2464 3475 2527">
     <span class='ocr_line' id='line_1_78' title="bbox 1888 2464 3475 2527; baseline 0.005 -10"><span class='ocrx_word' id='word_1_606' title='bbox 1888 2464 2089 2518; x_wconf 87' lang='lat' dir='ltr'><strong>dictum</strong></span> <span class='ocrx_word' id='word_1_607' title='bbox 2112 2476 2191 2519; x_wconf 86' lang='lat' dir='ltr'><strong>est</strong></span> <span class='ocrx_word' id='word_1_608' title='bbox 2217 2484 2231 2519; x_wconf 90' lang='lat'><strong>:</strong></span> <span class='ocrx_word' id='word_1_609' title='bbox 2256 2465 2491 2522; x_wconf 82' lang='lat' dir='ltr'><strong>Laudale</strong></span> <span class='ocrx_word' id='word_1_610' title='bbox 2526 2469 2803 2524; x_wconf 85' lang='lat' dir='ltr'><strong>Dominum</strong></span> <span class='ocrx_word' id='word_1_611' title='bbox 2855 2474 2919 2524; x_wconf 88' lang='lat' dir='ltr'><strong>de</strong></span> <span class='ocrx_word' id='word_1_612' title='bbox 2944 2473 3084 2526; x_wconf 75' lang='lat' dir='ltr'><strong>caelis</strong></span> <span class='ocrx_word' id='word_1_613' title='bbox 3113 2490 3132 2527; x_wconf 90' lang='lat'><em>:</em></span> <span class='ocrx_word' id='word_1_614' title='bbox 3160 2472 3372 2527; x_wconf 83' lang='lat' dir='ltr'><strong>laudate</strong></span> <span class='ocrx_word' id='word_1_615' title='bbox 3408 2473 3475 2525; x_wconf 87' lang='lat' dir='ltr'><strong>il-</strong></span> 
     </span>
    </p>
   </div>
   <div class='ocr_carea' id='block_1_79' title="bbox 1888 2554 3473 2631">
    <p class='ocr_par' dir='ltr' id='par_1_79' title="bbox 1888 2554 3473 2631">
     <span class='ocr_line' id='line_1_79' title="bbox 1888 2554 3473 2631; baseline 0.006 -25"><span class='ocrx_word' id='word_1_616' title='bbox 1888 2554 1996 2607; x_wconf 89' lang='lat' dir='ltr'><strong>lum</strong></span> <span class='ocrx_word' id='word_1_617' title='bbox 2044 2556 2098 2609; x_wconf 88' lang='lat' dir='ltr'><strong>in</strong></span> <span class='ocrx_word' id='word_1_618' title='bbox 2128 2557 2369 2612; x_wconf 73' lang='lat' dir='ltr'><strong>excelsis.</strong></span> <span class='ocrx_word' id='word_1_619' title='bbox 2415 2559 2654 2613; x_wconf 86' lang='lat' dir='ltr'><strong>Laudate</strong></span> <span class='ocrx_word' id='word_1_620' title='bbox 2682 2562 2857 2626; x_wconf 78' lang='lat' dir='ltr'><strong>illum,</strong></span> <span class='ocrx_word' id='word_1_621' title='bbox 2892 2579 3067 2616; x_wconf 80' lang='lat' dir='ltr'><strong>omnes</strong></span> <span class='ocrx_word' id='word_1_622' title='bbox 3107 2563 3282 2631; x_wconf 81' lang='lat' dir='ltr'><strong>angeli</strong></span> <span class='ocrx_word' id='word_1_623' title='bbox 3307 2565 3420 2631; x_wconf 87' lang='lat' dir='ltr'><strong>ejus</strong></span> <span class='ocrx_word' id='word_1_624' title='bbox 3451 2579 3473 2616; x_wconf 90' lang='lat'><strong><em>:</em></strong></span> 
     </span>
    </p>
   </div>
   <div class='ocr_carea' id='block_1_80' title="bbox 1887 2646 3474 2723">
    <p class='ocr_par' dir='ltr' id='par_1_80' title="bbox 1887 2646 3474 2723">
     <span class='ocr_line' id='line_1_80' title="bbox 1887 2646 3474 2723; baseline 0.004 -24"><span class='ocrx_word' id='word_1_625' title='bbox 1887 2646 2103 2701; x_wconf 84' lang='lat' dir='ltr'><strong>laudate</strong></span> <span class='ocrx_word' id='word_1_626' title='bbox 2133 2665 2271 2714; x_wconf 87' lang='lat' dir='ltr'><strong>eum,</strong></span> <span class='ocrx_word' id='word_1_627' title='bbox 2303 2668 2478 2705; x_wconf 89' lang='lat' dir='ltr'><strong>omnes</strong></span> <span class='ocrx_word' id='word_1_628' title='bbox 2501 2652 2715 2707; x_wconf 75' lang='lat' dir='ltr'><strong>virtutes</strong></span> <span class='ocrx_word' id='word_1_629' title='bbox 2759 2654 2894 2723; x_wconf 83' lang='lat' dir='ltr'><strong>ejus.</strong></span> <span class='ocrx_word' id='word_1_630' title='bbox 2938 2653 3176 2709; x_wconf 86' lang='lat' dir='ltr'><strong>Laudate</strong></span> <span class='ocrx_word' id='word_1_631' title='bbox 3218 2672 3358 2721; x_wconf 87' lang='lat' dir='ltr'><strong>eum,</strong></span> <span class='ocrx_word' id='word_1_632' title='bbox 3392 2658 3474 2709; x_wconf 90' lang='lat' dir='ltr'><strong>sot</strong></span> 
     </span>
    </p>
   </div>
   <div class='ocr_carea' id='block_1_81' title="bbox 1886 2737 3476 2805">
    <p class='ocr_par' dir='ltr' id='par_1_81' title="bbox 1886 2737 3476 2805">
     <span class='ocr_line' id='line_1_81' title="bbox 1886 2737 3476 2805; baseline 0.006 -16"><span class='ocrx_word' id='word_1_633' title='bbox 1886 2748 1933 2790; x_wconf 89' lang='lat' dir='ltr'><strong>et</strong></span> <span class='ocrx_word' id='word_1_634' title='bbox 1960 2737 2124 2802; x_wconf 87' lang='lat' dir='ltr'><strong>luna;</strong></span> <span class='ocrx_word' id='word_1_635' title='bbox 2166 2741 2383 2795; x_wconf 84' lang='lat' dir='ltr'><strong>laudate</strong></span> <span class='ocrx_word' id='word_1_636' title='bbox 2416 2758 2557 2805; x_wconf 84' lang='lat' dir='ltr'><strong>eum,</strong></span> <span class='ocrx_word' id='word_1_637' title='bbox 2590 2744 2769 2797; x_wconf 82' lang='lat' dir='ltr'><strong>omnia</strong></span> <span class='ocrx_word' id='word_1_638' title='bbox 2804 2745 2981 2798; x_wconf 82' lang='lat' dir='ltr'><strong>sidera</strong></span> <span class='ocrx_word' id='word_1_639' title='bbox 3012 2754 3060 2797; x_wconf 80' lang='lat' dir='ltr'><strong>et</strong></span> <span class='ocrx_word' id='word_1_640' title='bbox 3090 2744 3204 2797; x_wconf 71' lang='lat' dir='ltr'><strong>lux.</strong></span> <span class='ocrx_word' id='word_1_641' title='bbox 3237 2743 3476 2799; x_wconf 84' lang='lat' dir='ltr'><strong>Laudate</strong></span> 
     </span>
    </p>
   </div>
   <div class='ocr_carea' id='block_1_82' title="bbox 1884 2830 3477 2904">
    <p class='ocr_par' dir='ltr' id='par_1_82' title="bbox 1884 2830 3477 2904">
     <span class='ocr_line' id='line_1_82' title="bbox 1884 2830 3477 2904; baseline 0.005 -23"><span class='ocrx_word' id='word_1_642' title='bbox 1884 2844 2025 2894; x_wconf 86' lang='lat' dir='ltr'><strong>eum,</strong></span> <span class='ocrx_word' id='word_1_643' title='bbox 2054 2830 2169 2882; x_wconf 74' lang='lat' dir='ltr'><strong>caeli</strong></span> <span class='ocrx_word' id='word_1_644' title='bbox 2193 2832 2474 2895; x_wconf 76' lang='lat' dir='ltr'><strong>calorum;</strong></span> <span class='ocrx_word' id='word_1_645' title='bbox 2495 2842 2546 2886; x_wconf 85' lang='lat' dir='ltr'><strong>et</strong></span> <span class='ocrx_word' id='word_1_646' title='bbox 2586 2850 2738 2904; x_wconf 76' lang='lat' dir='ltr'><strong>aqua:</strong></span> <span class='ocrx_word' id='word_1_647' title='bbox 2758 2852 2917 2903; x_wconf 82' lang='lat' dir='ltr'><strong>supra</strong></span> <span class='ocrx_word' id='word_1_648' title='bbox 2947 2836 3098 2889; x_wconf 72' lang='lat' dir='ltr'><strong>caelos</strong></span> <span class='ocrx_word' id='word_1_649' title='bbox 3129 2836 3348 2889; x_wconf 82' lang='lat' dir='ltr'><strong>laudent</strong></span> <span class='ocrx_word' id='word_1_650' title='bbox 3381 2852 3477 2889; x_wconf 84' lang='lat' dir='ltr'><strong>no-</strong></span> 
     </span>
    </p>
   </div>
   <div class='ocr_carea' id='block_1_83' title="bbox 1885 2921 3478 2997">
    <p class='ocr_par' dir='ltr' id='par_1_83' title="bbox 1885 2921 3478 2997">
     <span class='ocr_line' id='line_1_83' title="bbox 1885 2921 3478 2997; baseline 0.006 -26"><span class='ocrx_word' id='word_1_651' title='bbox 1885 2936 2003 2973; x_wconf 85' lang='lat' dir='ltr'><strong>men</strong></span> <span class='ocrx_word' id='word_1_652' title='bbox 2039 2921 2271 2976; x_wconf 81' lang='lat' dir='ltr'><strong>Domini.</strong></span> <span class='ocrx_word' id='word_1_653' title='bbox 2306 2922 2571 2988; x_wconf 86' lang='lat' dir='ltr'><strong>Quoniam</strong></span> <span class='ocrx_word' id='word_1_654' title='bbox 2607 2928 2715 2995; x_wconf 86' lang='lat' dir='ltr'><strong>ipse</strong></span> <span class='ocrx_word' id='word_1_655' title='bbox 2748 2928 2884 2980; x_wconf 69' lang='lat' dir='ltr'><strong>dixit</strong></span> <span class='ocrx_word' id='word_1_656' title='bbox 2919 2936 2969 2980; x_wconf 89' lang='lat' dir='ltr'><strong>et</strong></span> <span class='ocrx_word' id='word_1_657' title='bbox 3008 2927 3154 2997; x_wconf 84' lang='lat' dir='ltr'><strong>facta</strong></span> <span class='ocrx_word' id='word_1_658' title='bbox 3181 2936 3328 2993; x_wconf 86' lang='lat' dir='ltr'><strong>sunt,</strong></span> <span class='ocrx_word' id='word_1_659' title='bbox 3366 2928 3478 2996; x_wconf 83' lang='lat' dir='ltr'><strong>ipse</strong></span> 
     </span>
    </p>
   </div>
   <div class='ocr_carea' id='block_1_84' title="bbox 1891 3014 3478 3074">
    <p class='ocr_par' dir='ltr' id='par_1_84' title="bbox 1891 3014 3478 3074">
     <span class='ocr_line' id='line_1_84' title="bbox 1891 3014 3478 3074; baseline 0.004 -8"><span class='ocrx_word' id='word_1_660' title='bbox 1891 3017 1951 3074; x_wconf 57' lang='grc' dir='ltr'>ᾖ</span> <span class='ocrx_word' id='word_1_661' title='bbox 1980 3014 2245 3068; x_wconf 76' lang='lat' dir='ltr'><strong>mandavit</strong></span> <span class='ocrx_word' id='word_1_662' title='bbox 2274 3026 2321 3068; x_wconf 87' lang='lat' dir='ltr'><strong>et</strong></span> <span class='ocrx_word' id='word_1_663' title='bbox 2346 3028 2523 3069; x_wconf 86' lang='lat' dir='ltr'><strong>creata</strong></span> <span class='ocrx_word' id='word_1_664' title='bbox 2550 3019 2755 3072; x_wconf 84' lang='lat' dir='ltr'><strong>sunt&quot;.</strong></span> <span class='ocrx_word' id='word_1_665' title='bbox 2786 3016 2985 3072; x_wconf 80' lang='lat' dir='ltr'><strong>Verum</strong></span> <span class='ocrx_word' id='word_1_666' title='bbox 3019 3020 3299 3073; x_wconf 84' lang='lat' dir='ltr'><strong>enimvero</strong></span> <span class='ocrx_word' id='word_1_667' title='bbox 3326 3027 3478 3072; x_wconf 83' lang='lat' dir='ltr'><strong>ante-</strong></span> 
     </span>
    </p>
   </div>
   <div class='ocr_carea' id='block_1_85' title="bbox 1887 3106 3473 3177">
    <p class='ocr_par' dir='ltr' id='par_1_85' title="bbox 1887 3106 3473 3177">
     <span class='ocr_line' id='line_1_85' title="bbox 1887 3106 3473 3177; baseline 0.003 -20"><span class='ocrx_word' id='word_1_668' title='bbox 1887 3119 2048 3173; x_wconf 85' lang='lat' dir='ltr'><strong>quam</strong></span> <span class='ocrx_word' id='word_1_669' title='bbox 2088 3106 2284 3161; x_wconf 73' lang='lat' dir='ltr'><strong>cmlum</strong></span> <span class='ocrx_word' id='word_1_670' title='bbox 2329 3106 2469 3159; x_wconf 83' lang='lat' dir='ltr'><strong>istud</strong></span> <span class='ocrx_word' id='word_1_671' title='bbox 2495 3107 2671 3170; x_wconf 85' lang='lat' dir='ltr'><strong>fieret,</strong></span> <span class='ocrx_word' id='word_1_672' title='bbox 2718 3116 2773 3162; x_wconf 93' lang='lat' dir='ltr'><strong>et</strong></span> <span class='ocrx_word' id='word_1_673' title='bbox 2792 3123 2913 3177; x_wconf 67' lang='lat' dir='ltr'><strong>quae</strong></span> <span class='ocrx_word' id='word_1_674' title='bbox 2942 3118 3072 3163; x_wconf 87' lang='lat' dir='ltr'><strong>sunt</strong></span> <span class='ocrx_word' id='word_1_675' title='bbox 3100 3122 3265 3177; x_wconf 84' lang='lat' dir='ltr'><strong>supra</strong></span> <span class='ocrx_word' id='word_1_676' title='bbox 3294 3112 3473 3163; x_wconf 63' lang='lat' dir='ltr'><strong>caelos</strong></span> 
     </span>
    </p>
   </div>
   <div class='ocr_carea' id='block_1_86' title="bbox 1888 3196 3475 3267">
    <p class='ocr_par' dir='ltr' id='par_1_86' title="bbox 1888 3196 3475 3267">
     <span class='ocr_line' id='line_1_86' title="bbox 1888 3196 3475 3267; baseline 0.001 -15"><span class='ocrx_word' id='word_1_677' title='bbox 1888 3207 1941 3252; x_wconf 89' lang='lat' dir='ltr'><strong>et</strong></span> <span class='ocrx_word' id='word_1_678' title='bbox 1986 3212 2108 3267; x_wconf 74' lang='lat' dir='ltr'><strong>qua:</strong></span> <span class='ocrx_word' id='word_1_679' title='bbox 2176 3198 2230 3251; x_wconf 90' lang='lat' dir='ltr'><strong>in</strong></span> <span class='ocrx_word' id='word_1_680' title='bbox 2282 3196 2425 3251; x_wconf 61' lang='lat' dir='ltr'><strong>caelo</strong></span> <span class='ocrx_word' id='word_1_681' title='bbox 2476 3197 2624 3265; x_wconf 88' lang='lat' dir='ltr'><strong>(nam</strong></span> <span class='ocrx_word' id='word_1_682' title='bbox 2674 3199 2856 3251; x_wconf 88' lang='lat' dir='ltr'><strong>omnia</strong></span> <span class='ocrx_word' id='word_1_683' title='bbox 2917 3213 3013 3267; x_wconf 89' lang='lat' dir='ltr'><strong>per</strong></span> <span class='ocrx_word' id='word_1_684' title='bbox 3042 3213 3208 3251; x_wconf 89' lang='lat' dir='ltr'><strong>unum</strong></span> <span class='ocrx_word' id='word_1_685' title='bbox 3257 3199 3475 3255; x_wconf 86' lang='lat' dir='ltr'><strong>condita</strong></span> 
     </span>
    </p>
   </div>
   <div class='ocr_carea' id='block_1_87' title="bbox 1888 3288 3475 3359">
    <p class='ocr_par' dir='ltr' id='par_1_87' title="bbox 1888 3288 3475 3359">
     <span class='ocr_line' id='line_1_87' title="bbox 1888 3288 3475 3359; baseline -0.001 -15"><span class='ocrx_word' id='word_1_686' title='bbox 1888 3303 2008 3344; x_wconf 90' lang='lat' dir='ltr'><strong>esse</strong></span> <span class='ocrx_word' id='word_1_687' title='bbox 2058 3288 2505 3359; x_wconf 89' lang='lat' dir='ltr'><strong>demonstratur),</strong></span> <span class='ocrx_word' id='word_1_688' title='bbox 2563 3299 2679 3342; x_wconf 87' lang='lat' dir='ltr'><strong>erat</strong></span> <span class='ocrx_word' id='word_1_689' title='bbox 2708 3288 2875 3343; x_wconf 83' lang='lat' dir='ltr'><strong>Filius</strong></span> <span class='ocrx_word' id='word_1_690' title='bbox 2924 3289 3039 3354; x_wconf 87' lang='lat' dir='ltr'><strong>Dei,</strong></span> <span class='ocrx_word' id='word_1_691' title='bbox 3085 3297 3141 3344; x_wconf 88' lang='lat' dir='ltr'><strong>et</strong></span> <span class='ocrx_word' id='word_1_692' title='bbox 3172 3304 3273 3345; x_wconf 86' lang='lat' dir='ltr'><strong>suo</strong></span> <span class='ocrx_word' id='word_1_693' title='bbox 3321 3288 3475 3343; x_wconf 80' lang='lat' dir='ltr'><strong>Patri</strong></span> 
     </span>
    </p>
   </div>
   <div class='ocr_carea' id='block_1_88' title="bbox 1888 3378 3473 3448">
    <p class='ocr_par' dir='ltr' id='par_1_88' title="bbox 1888 3378 3473 3448">
     <span class='ocr_line' id='line_1_88' title="bbox 1888 3378 3473 3448; baseline -0.001 -13"><span class='ocrx_word' id='word_1_694' title='bbox 1888 3382 2096 3445; x_wconf 87' lang='lat' dir='ltr'><strong>aderat,</strong></span> <span class='ocrx_word' id='word_1_695' title='bbox 2148 3395 2271 3435; x_wconf 90' lang='lat' dir='ltr'><strong>cum</strong></span> <span class='ocrx_word' id='word_1_696' title='bbox 2320 3380 2498 3433; x_wconf 89' lang='lat' dir='ltr'><strong>adhuc</strong></span> <span class='ocrx_word' id='word_1_697' title='bbox 2554 3378 2819 3448; x_wconf 78' lang='lat' dir='ltr'><strong>cogitaret</strong></span> <span class='ocrx_word' id='word_1_698' title='bbox 2869 3379 2935 3433; x_wconf 89' lang='lat' dir='ltr'><strong>de</strong></span> <span class='ocrx_word' id='word_1_699' title='bbox 2965 3380 3186 3433; x_wconf 87' lang='lat' dir='ltr'><strong>istorum</strong></span> <span class='ocrx_word' id='word_1_700' title='bbox 3231 3379 3473 3435; x_wconf 88' lang='lat' dir='ltr'><strong>omnium</strong></span> 
     </span>
    </p>
   </div>
   <div class='ocr_carea' id='block_1_89' title="bbox 1888 3468 3473 3540">
    <p class='ocr_par' dir='ltr' id='par_1_89' title="bbox 1888 3468 3473 3540">
     <span class='ocr_line' id='line_1_89' title="bbox 1888 3468 3473 3540; baseline -0.001 -15"><span class='ocrx_word' id='word_1_701' title='bbox 1888 3473 2183 3526; x_wconf 84' lang='lat' dir='ltr'><strong>creatione.</strong></span> <span class='ocrx_word' id='word_1_702' title='bbox 2215 3470 2342 3525; x_wconf 88' lang='lat' dir='ltr'><strong>ldeo</strong></span> <span class='ocrx_word' id='word_1_703' title='bbox 2390 3472 2486 3535; x_wconf 85' lang='lat' dir='ltr'><strong>ait,</strong></span> <span class='ocrx_word' id='word_1_704' title='bbox 2523 3468 2655 3525; x_wconf 87' lang='lat' dir='ltr'><strong>Cum</strong></span> <span class='ocrx_word' id='word_1_705' title='bbox 2688 3482 2899 3540; x_wconf 84' lang='lat' dir='ltr'><strong>pararet</strong></span> <span class='ocrx_word' id='word_1_706' title='bbox 2933 3471 3109 3536; x_wconf 69' lang='lat' dir='ltr'><strong>celos,</strong></span> <span class='ocrx_word' id='word_1_707' title='bbox 3159 3472 3206 3525; x_wconf 87' lang='lat' dir='ltr'><strong>ei</strong></span> <span class='ocrx_word' id='word_1_708' title='bbox 3234 3472 3473 3525; x_wconf 72' lang='lat' dir='ltr'><strong>aderam.</strong></span> 
     </span>
    </p>
   </div>
   <div class='ocr_carea' id='block_1_90' title="bbox 1888 3566 3477 3638">
    <p class='ocr_par' dir='ltr' id='par_1_90' title="bbox 1888 3566 3477 3638">
     <span class='ocr_line' id='line_1_90' title="bbox 1888 3566 3477 3638; baseline 0.003 -19"><span class='ocrx_word' id='word_1_709' title='bbox 1888 3566 2022 3619; x_wconf 88' lang='lat' dir='ltr'><strong>Tum</strong></span> <span class='ocrx_word' id='word_1_710' title='bbox 2059 3580 2188 3620; x_wconf 81' lang='lat' dir='ltr'><strong>vero</strong></span> <span class='ocrx_word' id='word_1_711' title='bbox 2241 3574 2495 3635; x_wconf 85' lang='lat' dir='ltr'><strong>tanquam</strong></span> <span class='ocrx_word' id='word_1_712' title='bbox 2527 3566 2777 3638; x_wconf 88' lang='lat' dir='ltr'><strong>egregius</strong></span> <span class='ocrx_word' id='word_1_713' title='bbox 2825 3568 3043 3636; x_wconf 88' lang='lat' dir='ltr'><strong>quidam</strong></span> <span class='ocrx_word' id='word_1_714' title='bbox 3083 3567 3261 3638; x_wconf 90' lang='lat' dir='ltr'><strong>pictor</strong></span> <span class='ocrx_word' id='word_1_715' title='bbox 3282 3570 3477 3624; x_wconf 84' lang='lat' dir='ltr'><strong>arche-</strong></span> 
     </span>
    </p>
   </div>
   <div class='ocr_carea' id='block_1_91' title="bbox 1886 3656 3474 3727">
    <p class='ocr_par' dir='ltr' id='par_1_91' title="bbox 1886 3656 3474 3727">
     <span class='ocr_line' id='line_1_91' title="bbox 1886 3656 3474 3727; baseline 0.002 -17"><span class='ocrx_word' id='word_1_716' title='bbox 1886 3666 2067 3727; x_wconf 83' lang='lat' dir='ltr'><strong>typos,</strong></span> <span class='ocrx_word' id='word_1_717' title='bbox 2128 3656 2334 3725; x_wconf 85' lang='lat' dir='ltr'><strong>species</strong></span> <span class='ocrx_word' id='word_1_718' title='bbox 2384 3658 2451 3711; x_wconf 91' lang='lat' dir='ltr'><strong>de</strong></span> <span class='ocrx_word' id='word_1_719' title='bbox 2518 3666 2699 3710; x_wconf 87' lang='lat' dir='ltr'><strong>mente</strong></span> <span class='ocrx_word' id='word_1_720' title='bbox 2756 3666 2983 3724; x_wconf 85' lang='lat' dir='ltr'><strong>paterno</strong></span> <span class='ocrx_word' id='word_1_721' title='bbox 3040 3657 3355 3724; x_wconf 85' lang='lat' dir='ltr'><strong>desumens,</strong></span> <span class='ocrx_word' id='word_1_722' title='bbox 3404 3659 3474 3713; x_wconf 91' lang='lat' dir='ltr'><strong>ad</strong></span> 
     </span>
    </p>
   </div>
   <div class='ocr_carea' id='block_1_92' title="bbox 1887 3747 3473 3818">
    <p class='ocr_par' dir='ltr' id='par_1_92' title="bbox 1887 3747 3473 3818">
     <span class='ocr_line' id='line_1_92' title="bbox 1887 3747 3473 3818; baseline 0.002 -15"><span class='ocrx_word' id='word_1_723' title='bbox 1887 3763 2108 3818; x_wconf 87' lang='lat' dir='ltr'><strong>operum</strong></span> <span class='ocrx_word' id='word_1_724' title='bbox 2136 3749 2467 3803; x_wconf 87' lang='lat' dir='ltr'><strong>substantias</strong></span> <span class='ocrx_word' id='word_1_725' title='bbox 2496 3747 2874 3801; x_wconf 85' lang='lat' dir='ltr'><strong>transferebat.</strong></span> <span class='ocrx_word' id='word_1_726' title='bbox 2901 3747 3052 3801; x_wconf 83' lang='lat' dir='ltr'><strong>Talia</strong></span> <span class='ocrx_word' id='word_1_727' title='bbox 3079 3759 3133 3802; x_wconf 93' lang='lat' dir='ltr'><strong>et</strong></span> <span class='ocrx_word' id='word_1_728' title='bbox 3161 3750 3231 3802; x_wconf 90' lang='lat' dir='ltr'><strong>tai</strong></span> <span class='ocrx_word' id='word_1_729' title='bbox 3258 3752 3473 3806; x_wconf 77' lang='lat' dir='ltr'><strong>tsmodi</strong></span> 
     </span>
    </p>
   </div>
   <div class='ocr_carea' id='block_1_93' title="bbox 1886 3837 3475 3909">
    <p class='ocr_par' dir='ltr' id='par_1_93' title="bbox 1886 3837 3475 3909">
     <span class='ocr_line' id='line_1_93' title="bbox 1886 3837 3475 3909; baseline 0.002 -15"><span class='ocrx_word' id='word_1_730' title='bbox 1886 3855 1950 3894; x_wconf 89' lang='lat' dir='ltr'><strong>ea</strong></span> <span class='ocrx_word' id='word_1_731' title='bbox 1997 3838 2253 3909; x_wconf 76' lang='lat' dir='ltr'><strong>efﬁngens</strong></span> <span class='ocrx_word' id='word_1_732' title='bbox 2308 3848 2364 3893; x_wconf 94' lang='lat' dir='ltr'><strong>et</strong></span> <span class='ocrx_word' id='word_1_733' title='bbox 2403 3838 2735 3907; x_wconf 88' lang='lat' dir='ltr'><strong>producens,</strong></span> <span class='ocrx_word' id='word_1_734' title='bbox 2783 3837 3143 3906; x_wconf 88' lang='lat' dir='ltr'><strong>qualiusmodi</strong></span> <span class='ocrx_word' id='word_1_735' title='bbox 3186 3840 3240 3893; x_wconf 92' lang='lat' dir='ltr'><strong>in</strong></span> <span class='ocrx_word' id='word_1_736' title='bbox 3293 3852 3475 3897; x_wconf 85' lang='lat' dir='ltr'><strong>mente</strong></span> 
     </span>
    </p>
   </div>
   <div class='ocr_carea' id='block_1_94' title="bbox 1886 3929 3473 3999">
    <p class='ocr_par' dir='ltr' id='par_1_94' title="bbox 1886 3929 3473 3999">
     <span class='ocr_line' id='line_1_94' title="bbox 1886 3929 3473 3999; baseline 0.003 -15"><span class='ocrx_word' id='word_1_737' title='bbox 1886 3929 2062 3984; x_wconf 83' lang='lat' dir='ltr'><strong>Patris</strong></span> <span class='ocrx_word' id='word_1_738' title='bbox 2097 3930 2525 3996; x_wconf 76' lang='lat' dir='ltr'><strong>przeexsistentia</strong></span> <span class='ocrx_word' id='word_1_739' title='bbox 2557 3930 2789 3984; x_wconf 83' lang='lat' dir='ltr'><strong>viderat.</strong></span> <span class='ocrx_word' id='word_1_740' title='bbox 2836 3929 3037 3984; x_wconf 86' lang='lat' dir='ltr'><strong>Horum</strong></span> <span class='ocrx_word' id='word_1_741' title='bbox 3062 3932 3281 3999; x_wconf 84' lang='lat' dir='ltr'><strong>quidem</strong></span> <span class='ocrx_word' id='word_1_742' title='bbox 3318 3933 3473 3993; x_wconf 79' lang='lat' dir='ltr'><strong>testis</strong></span> 
     </span>
    </p>
   </div>
   <div class='ocr_carea' id='block_1_95' title="bbox 1886 4019 3473 4091">
    <p class='ocr_par' dir='ltr' id='par_1_95' title="bbox 1886 4019 3473 4091">
     <span class='ocr_line' id='line_1_95' title="bbox 1886 4019 3473 4091; baseline 0.003 -17"><span class='ocrx_word' id='word_1_743' title='bbox 1886 4019 1989 4074; x_wconf 81' lang='lat' dir='ltr'><strong>fide</strong></span> <span class='ocrx_word' id='word_1_744' title='bbox 2022 4019 2222 4089; x_wconf 82' lang='lat' dir='ltr'><strong>dignus</strong></span> <span class='ocrx_word' id='word_1_745' title='bbox 2250 4020 2322 4075; x_wconf 89' lang='lat' dir='ltr'><strong>sit</strong></span> <span class='ocrx_word' id='word_1_746' title='bbox 2353 4021 2466 4091; x_wconf 88' lang='lat' dir='ltr'><strong>ipse</strong></span> <span class='ocrx_word' id='word_1_747' title='bbox 2495 4021 2547 4075; x_wconf 92' lang='lat' dir='ltr'><strong>iu</strong></span> <span class='ocrx_word' id='word_1_748' title='bbox 2581 4020 2874 4091; x_wconf 82' lang='lat' dir='ltr'><strong>Evangelio</strong></span> <span class='ocrx_word' id='word_1_749' title='bbox 2908 4022 3082 4088; x_wconf 77' lang='lat' dir='ltr'><strong>aiens,</strong></span> <span class='ocrx_word' id='word_1_750' title='bbox 3106 4024 3289 4086; x_wconf 75' lang='lat' dir='ltr'><strong>Amen,</strong></span> <span class='ocrx_word' id='word_1_751' title='bbox 3320 4040 3473 4079; x_wconf 82' lang='lat' dir='ltr'><strong>amen</strong></span> 
     </span>
    </p>
   </div>
   <div class='ocr_carea' id='block_1_96' title="bbox 1884 4108 3469 4183">
    <p class='ocr_par' dir='ltr' id='par_1_96' title="bbox 1884 4108 3469 4183">
     <span class='ocr_line' id='line_1_96' title="bbox 1884 4108 3469 4183; baseline 0.004 -22"><span class='ocrx_word' id='word_1_752' title='bbox 1884 4111 2001 4161; x_wconf 82' lang='lat' dir='ltr'><strong>diro</strong></span> <span class='ocrx_word' id='word_1_753' title='bbox 2031 4111 2191 4173; x_wconf 82' lang='lat' dir='ltr'><strong>vobis,</strong></span> <span class='ocrx_word' id='word_1_754' title='bbox 2217 4127 2317 4163; x_wconf 89' lang='lat' dir='ltr'><strong>non</strong></span> <span class='ocrx_word' id='word_1_755' title='bbox 2338 4120 2502 4181; x_wconf 87' lang='lat' dir='ltr'><strong>potest</strong></span> <span class='ocrx_word' id='word_1_756' title='bbox 2521 4108 2692 4165; x_wconf 82' lang='lat' dir='ltr'><strong>Filius</strong></span> <span class='ocrx_word' id='word_1_757' title='bbox 2721 4131 2750 4165; x_wconf 89' lang='lat' dir='ltr'><strong>a</strong></span> <span class='ocrx_word' id='word_1_758' title='bbox 2779 4116 2946 4182; x_wconf 84' lang='lat' dir='ltr'><strong>seipso</strong></span> <span class='ocrx_word' id='word_1_759' title='bbox 2970 4114 3146 4183; x_wconf 83' lang='lat' dir='ltr'><strong>facere</strong></span> <span class='ocrx_word' id='word_1_760' title='bbox 3161 4116 3469 4183; x_wconf 82' lang='lat' dir='ltr'><strong>quidquam,</strong></span> 
     </span>
    </p>
   </div>
   <div class='ocr_carea' id='block_1_97' title="bbox 1886 4203 3473 4277">
    <p class='ocr_par' dir='ltr' id='par_1_97' title="bbox 1886 4203 3473 4277">
     <span class='ocr_line' id='line_1_97' title="bbox 1886 4203 3473 4277; baseline 0.003 -22"><span class='ocrx_word' id='word_1_761' title='bbox 1886 4203 1989 4255; x_wconf 83' lang='lat' dir='ltr'><strong>nisi</strong></span> <span class='ocrx_word' id='word_1_762' title='bbox 2032 4204 2170 4270; x_wconf 88' lang='lat' dir='ltr'><strong>quod</strong></span> <span class='ocrx_word' id='word_1_763' title='bbox 2202 4204 2391 4257; x_wconf 79' lang='lat' dir='ltr'><strong>viderit</strong></span> <span class='ocrx_word' id='word_1_764' title='bbox 2443 4203 2661 4257; x_wconf 84' lang='lat' dir='ltr'><strong>Patrem</strong></span> <span class='ocrx_word' id='word_1_765' title='bbox 2695 4203 2991 4271; x_wconf 81' lang='lat' dir='ltr'><strong>facientem.</strong></span> <span class='ocrx_word' id='word_1_766' title='bbox 3027 4204 3158 4270; x_wconf 72' lang='lat' dir='ltr'><strong>Qua:</strong></span> <span class='ocrx_word' id='word_1_767' title='bbox 3182 4218 3357 4277; x_wconf 83' lang='lat' dir='ltr'><strong>autem</strong></span> <span class='ocrx_word' id='word_1_768' title='bbox 3382 4207 3473 4260; x_wconf 84' lang='lat' dir='ltr'><strong>ille</strong></span> 
     </span>
    </p>
   </div>
   <div class='ocr_carea' id='block_1_98' title="bbox 1884 4292 3474 4363">
    <p class='ocr_par' dir='ltr' id='par_1_98' title="bbox 1884 4292 3474 4363">
     <span class='ocr_line' id='line_1_98' title="bbox 1884 4292 3474 4363; baseline 0.002 -18"><span class='ocrx_word' id='word_1_769' title='bbox 1884 4294 2032 4361; x_wconf 86' lang='lat' dir='ltr'><strong>facit,</strong></span> <span class='ocrx_word' id='word_1_770' title='bbox 2057 4294 2235 4347; x_wconf 81' lang='lat' dir='ltr'><strong>eadem</strong></span> <span class='ocrx_word' id='word_1_771' title='bbox 2264 4310 2469 4363; x_wconf 88' lang='lat' dir='ltr'><strong>quoque</strong></span> <span class='ocrx_word' id='word_1_772' title='bbox 2522 4294 2767 4348; x_wconf 76' lang='lat' dir='ltr'><strong>similiter</strong></span> <span class='ocrx_word' id='word_1_773' title='bbox 2812 4304 2859 4346; x_wconf 86' lang='lat' dir='ltr'><strong>et</strong></span> <span class='ocrx_word' id='word_1_774' title='bbox 2908 4292 3085 4347; x_wconf 85' lang='lat' dir='ltr'><strong>Filius</strong></span> <span class='ocrx_word' id='word_1_775' title='bbox 3108 4295 3260 4361; x_wconf 82' lang='lat' dir='ltr'><strong>facit.</strong></span> <span class='ocrx_word' id='word_1_776' title='bbox 3311 4295 3474 4348; x_wconf 84' lang='lat' dir='ltr'><strong>Pater</strong></span> 
     </span>
    </p>
   </div>
   <div class='ocr_carea' id='block_1_99' title="bbox 1882 4380 3474 4455">
    <p class='ocr_par' dir='ltr' id='par_1_99' title="bbox 1882 4380 3474 4455">
     <span class='ocr_line' id='line_1_99' title="bbox 1882 4380 3474 4455; baseline 0.003 -19"><span class='ocrx_word' id='word_1_777' title='bbox 1882 4382 2068 4436; x_wconf 83' lang='lat' dir='ltr'><strong>etenim</strong></span> <span class='ocrx_word' id='word_1_778' title='bbox 2100 4383 2271 4452; x_wconf 88' lang='lat' dir='ltr'><strong>diligit</strong></span> <span class='ocrx_word' id='word_1_779' title='bbox 2300 4380 2523 4448; x_wconf 85' lang='lat' dir='ltr'><strong>Filium,</strong></span> <span class='ocrx_word' id='word_1_780' title='bbox 2549 4394 2596 4436; x_wconf 86' lang='lat' dir='ltr'><strong>et</strong></span> <span class='ocrx_word' id='word_1_781' title='bbox 2626 4386 2803 4437; x_wconf 82' lang='lat' dir='ltr'><strong>omnia</strong></span> <span class='ocrx_word' id='word_1_782' title='bbox 2842 4385 2924 4437; x_wconf 86' lang='lat' dir='ltr'><strong>illi</strong></span> <span class='ocrx_word' id='word_1_783' title='bbox 2965 4388 3190 4438; x_wconf 68' lang='lat' dir='ltr'><strong>ostendit</strong></span> <span class='ocrx_word' id='word_1_784' title='bbox 3216 4402 3333 4454; x_wconf 76' lang='lat' dir='ltr'><strong>qua:</strong></span> <span class='ocrx_word' id='word_1_785' title='bbox 3362 4386 3474 4455; x_wconf 79' lang='lat' dir='ltr'><strong>ipse</strong></span> 
     </span>
    </p>
   </div>
   <div class='ocr_carea' id='block_1_100' title="bbox 1888 4474 3473 4547">
    <p class='ocr_par' dir='ltr' id='par_1_100' title="bbox 1888 4474 3473 4547">
     <span class='ocr_line' id='line_1_100' title="bbox 1888 4474 3473 4547; baseline 0.005 -20"><span class='ocrx_word' id='word_1_786' title='bbox 1888 4474 2013 4544; x_wconf 79' lang='lat' dir='ltr'><strong>facit</strong></span> <span class='ocrx_word' id='word_1_787' title='bbox 2038 4475 2103 4529; x_wconf 83' lang='grc'><strong>³⁸.</strong></span> <span class='ocrx_word' id='word_1_788' title='bbox 2121 4474 2353 4543; x_wconf 82' lang='lat' dir='ltr'><strong>Hicjure</strong></span> <span class='ocrx_word' id='word_1_789' title='bbox 2379 4478 2571 4531; x_wconf 89' lang='lat' dir='ltr'><strong>merito</strong></span> <span class='ocrx_word' id='word_1_790' title='bbox 2590 4480 2713 4547; x_wconf 90' lang='lat' dir='ltr'><strong>quis</strong></span> <span class='ocrx_word' id='word_1_791' title='bbox 2735 4477 3171 4547; x_wconf 83' lang='lat' dir='ltr'><strong>interrogaverit,</strong></span> <span class='ocrx_word' id='word_1_792' title='bbox 3206 4480 3473 4546; x_wconf 86' lang='lat' dir='ltr'><strong>quomodo</strong></span> 
     </span>
    </p>
   </div>
   <div class='ocr_carea' id='block_1_101' title="bbox 1888 4568 3474 4637">
    <p class='ocr_par' dir='ltr' id='par_1_101' title="bbox 1888 4568 3474 4637">
     <span class='ocr_line' id='line_1_101' title="bbox 1888 4568 3474 4637; baseline 0.002 -15"><span class='ocrx_word' id='word_1_793' title='bbox 1888 4584 1973 4633; x_wconf 83' lang='lat' dir='ltr'><strong>ea,</strong></span> <span class='ocrx_word' id='word_1_794' title='bbox 2000 4583 2117 4637; x_wconf 74' lang='lat' dir='ltr'><strong>qua:</strong></span> <span class='ocrx_word' id='word_1_795' title='bbox 2142 4569 2303 4623; x_wconf 87' lang='lat' dir='ltr'><strong>Pater</strong></span> <span class='ocrx_word' id='word_1_796' title='bbox 2326 4570 2491 4624; x_wconf 89' lang='lat' dir='ltr'><strong>semel</strong></span> <span class='ocrx_word' id='word_1_797' title='bbox 2519 4568 2672 4633; x_wconf 85' lang='lat' dir='ltr'><strong>fecit,</strong></span> <span class='ocrx_word' id='word_1_798' title='bbox 2694 4570 2885 4623; x_wconf 85' lang='lat' dir='ltr'><strong>iterum</strong></span> <span class='ocrx_word' id='word_1_799' title='bbox 2911 4569 3078 4624; x_wconf 87' lang='lat' dir='ltr'><strong>Filius</strong></span> <span class='ocrx_word' id='word_1_800' title='bbox 3108 4573 3297 4624; x_wconf 80' lang='lat' dir='ltr'><strong>cadent</strong></span> <span class='ocrx_word' id='word_1_801' title='bbox 3331 4570 3474 4626; x_wconf 83' lang='lat' dir='ltr'><strong>fece-</strong></span> 
     </span>
    </p>
   </div>
   <div class='ocr_carea' id='block_1_102' title="bbox 1888 4661 3475 4731">
    <p class='ocr_par' dir='ltr' id='par_1_102' title="bbox 1888 4661 3475 4731">
     <span class='ocr_line' id='line_1_102' title="bbox 1888 4661 3475 4731; baseline 0.002 -17"><span class='ocrx_word' id='word_1_802' title='bbox 1888 4662 1995 4715; x_wconf 75' lang='lat' dir='ltr'><strong>rit?</strong></span> <span class='ocrx_word' id='word_1_803' title='bbox 2026 4661 2316 4727; x_wconf 65' lang='lat' dir='ltr'><strong>Quaastioni</strong></span> <span class='ocrx_word' id='word_1_804' title='bbox 2363 4662 2652 4731; x_wconf 82' lang='lat' dir='ltr'><strong>respondet</strong></span> <span class='ocrx_word' id='word_1_805' title='bbox 2702 4662 2791 4716; x_wconf 89' lang='lat' dir='ltr'><strong>ille</strong></span> <span class='ocrx_word' id='word_1_806' title='bbox 2827 4664 2941 4730; x_wconf 91' lang='lat' dir='ltr'><strong>ipse</strong></span> <span class='ocrx_word' id='word_1_807' title='bbox 2988 4665 3241 4731; x_wconf 87' lang='lat' dir='ltr'><strong>inquiens</strong></span> <span class='ocrx_word' id='word_1_808' title='bbox 3280 4680 3295 4717; x_wconf 92' lang='lat'><strong>:</strong></span> <span class='ocrx_word' id='word_1_809' title='bbox 3341 4662 3475 4729; x_wconf 62' lang='lat' dir='ltr'><strong>Qua?</strong></span> 
     </span>
    </p>
   </div>
   <div class='ocr_carea' id='block_1_103' title="bbox 1890 4749 3472 4823">
    <p class='ocr_par' dir='ltr' id='par_1_103' title="bbox 1890 4749 3472 4823">
     <span class='ocr_line' id='line_1_103' title="bbox 1890 4749 3472 4823; baseline 0.003 -20"><span class='ocrx_word' id='word_1_810' title='bbox 1890 4749 2055 4805; x_wconf 87' lang='lat' dir='ltr'><strong>Pater</strong></span> <span class='ocrx_word' id='word_1_811' title='bbox 2076 4753 2226 4820; x_wconf 86' lang='lat' dir='ltr'><strong>facit,</strong></span> <span class='ocrx_word' id='word_1_812' title='bbox 2249 4753 2429 4805; x_wconf 81' lang='lat' dir='ltr'><strong>eadem</strong></span> <span class='ocrx_word' id='word_1_813' title='bbox 2464 4762 2512 4805; x_wconf 87' lang='lat' dir='ltr'><strong>et</strong></span> <span class='ocrx_word' id='word_1_814' title='bbox 2536 4751 2709 4805; x_wconf 77' lang='lat' dir='ltr'><strong>Filius</strong></span> <span class='ocrx_word' id='word_1_815' title='bbox 2745 4754 2989 4807; x_wconf 86' lang='lat' dir='ltr'><strong>similiter</strong></span> <span class='ocrx_word' id='word_1_816' title='bbox 3012 4756 3163 4823; x_wconf 88' lang='lat' dir='ltr'><strong>facit.</strong></span> <span class='ocrx_word' id='word_1_817' title='bbox 3202 4756 3472 4822; x_wconf 85' lang='lat' dir='ltr'><strong>Quocirca</strong></span> 
     </span>
    </p>
   </div>
   <div class='ocr_carea' id='block_1_104' title="bbox 1893 4844 3471 4916">
    <p class='ocr_par' dir='ltr' id='par_1_104' title="bbox 1893 4844 3471 4916">
     <span class='ocr_line' id='line_1_104' title="bbox 1893 4844 3471 4916; baseline 0.002 -18"><span class='ocrx_word' id='word_1_818' title='bbox 1893 4859 2013 4913; x_wconf 63' lang='lat' dir='ltr'><strong>quae</strong></span> <span class='ocrx_word' id='word_1_819' title='bbox 2038 4846 2165 4898; x_wconf 78' lang='lat' dir='ltr'><strong>facit</strong></span> <span class='ocrx_word' id='word_1_820' title='bbox 2199 4844 2368 4899; x_wconf 86' lang='lat' dir='ltr'><strong>Filius</strong></span> <span class='ocrx_word' id='word_1_821' title='bbox 2398 4844 2807 4899; x_wconf 88' lang='lat' dir='ltr'><strong>similitudinem</strong></span> <span class='ocrx_word' id='word_1_822' title='bbox 2838 4847 3080 4901; x_wconf 85' lang='lat' dir='ltr'><strong>referunt</strong></span> <span class='ocrx_word' id='word_1_823' title='bbox 3104 4863 3329 4916; x_wconf 89' lang='lat' dir='ltr'><strong>operum</strong></span> <span class='ocrx_word' id='word_1_824' title='bbox 3378 4863 3471 4901; x_wconf 86' lang='lat' dir='ltr'><strong>ar-</strong></span> 
     </span>
    </p>
   </div>
   <div class='ocr_carea' id='block_1_105' title="bbox 1894 4936 3473 5009">
    <p class='ocr_par' dir='ltr' id='par_1_105' title="bbox 1894 4936 3473 5009">
     <span class='ocr_line' id='line_1_105' title="bbox 1894 4936 3473 5009; baseline 0.002 -18"><span class='ocrx_word' id='word_1_825' title='bbox 1894 4938 2267 5009; x_wconf 84' lang='lat' dir='ltr'><strong>chetyporum,</strong></span> <span class='ocrx_word' id='word_1_826' title='bbox 2321 4952 2440 5007; x_wconf 74' lang='lat' dir='ltr'><strong>qua:</strong></span> <span class='ocrx_word' id='word_1_827' title='bbox 2485 4936 2591 5005; x_wconf 87' lang='lat' dir='ltr'><strong>jam</strong></span> <span class='ocrx_word' id='word_1_828' title='bbox 2641 4947 2767 4991; x_wconf 87' lang='lat' dir='ltr'><strong>ante</strong></span> <span class='ocrx_word' id='word_1_829' title='bbox 2818 4939 2870 4991; x_wconf 91' lang='lat' dir='ltr'><strong>in</strong></span> <span class='ocrx_word' id='word_1_830' title='bbox 2920 4940 3233 4992; x_wconf 88' lang='lat' dir='ltr'><strong>abscondita</strong></span> <span class='ocrx_word' id='word_1_831' title='bbox 3294 4936 3473 4993; x_wconf 80' lang='lat' dir='ltr'><strong>Patris</strong></span> 
     </span>
    </p>
   </div>
   <div class='ocr_carea' id='block_1_106' title="bbox 1893 5029 3469 5099">
    <p class='ocr_par' dir='ltr' id='par_1_106' title="bbox 1893 5029 3469 5099">
     <span class='ocr_line' id='line_1_106' title="bbox 1893 5029 3469 5099; baseline 0.001 -16"><span class='ocrx_word' id='word_1_832' title='bbox 1893 5039 2073 5084; x_wconf 88' lang='lat' dir='ltr'><strong>mente</strong></span> <span class='ocrx_word' id='word_1_833' title='bbox 2101 5030 2408 5085; x_wconf 83' lang='lat' dir='ltr'><strong>exstabant.</strong></span> <span class='ocrx_word' id='word_1_834' title='bbox 2450 5029 2578 5096; x_wconf 73' lang='lat' dir='ltr'><strong>Qua:</strong></span> <span class='ocrx_word' id='word_1_835' title='bbox 2614 5046 2735 5084; x_wconf 90' lang='lat' dir='ltr'><strong>cum</strong></span> <span class='ocrx_word' id='word_1_836' title='bbox 2772 5030 2824 5083; x_wconf 86' lang='lat' dir='ltr'><strong>in</strong></span> <span class='ocrx_word' id='word_1_837' title='bbox 2864 5041 3043 5084; x_wconf 90' lang='lat' dir='ltr'><strong>mente</strong></span> <span class='ocrx_word' id='word_1_838' title='bbox 3080 5042 3299 5099; x_wconf 85' lang='lat' dir='ltr'><strong>paterna</strong></span> <span class='ocrx_word' id='word_1_839' title='bbox 3326 5030 3469 5087; x_wconf 78' lang='lat' dir='ltr'><strong>indi-</strong></span> 
     </span>
    </p>
   </div>
   <div class='ocr_carea' id='block_1_107' title="bbox 1891 5120 3467 5191">
    <p class='ocr_par' dir='ltr' id='par_1_107' title="bbox 1891 5120 3467 5191">
     <span class='ocr_line' id='line_1_107' title="bbox 1891 5120 3467 5191; baseline 0.003 -16"><span class='ocrx_word' id='word_1_840' title='bbox 1891 5129 2099 5175; x_wconf 89' lang='lat' dir='ltr'><strong>stanter</strong></span> <span class='ocrx_word' id='word_1_841' title='bbox 2122 5125 2397 5175; x_wconf 89' lang='lat' dir='ltr'><strong>intueatur</strong></span> <span class='ocrx_word' id='word_1_842' title='bbox 2453 5122 2519 5176; x_wconf 88' lang='lat' dir='ltr'><strong>ad</strong></span> <span class='ocrx_word' id='word_1_843' title='bbox 2553 5136 2740 5176; x_wconf 88' lang='lat' dir='ltr'><strong>eorum</strong></span> <span class='ocrx_word' id='word_1_844' title='bbox 2760 5120 3166 5176; x_wconf 88' lang='lat' dir='ltr'><strong>similitudinem</strong></span> <span class='ocrx_word' id='word_1_845' title='bbox 3192 5132 3467 5191; x_wconf 84' lang='lat' dir='ltr'><strong>operatur.</strong></span> 
     </span>
    </p>
   </div>
   <div class='ocr_carea' id='block_1_108' title="bbox 269 5304 1785 5382">
    <p class='ocr_par' dir='ltr' id='par_1_108' title="bbox 269 5304 1782 5382">
     <span class='ocr_line' id='line_1_108' title="bbox 269 5304 1782 5382; baseline -0.007 -13"><span class='ocrx_word' id='word_1_846' title='bbox 269 5321 330 5380; x_wconf 61' lang='grc'><strong>»14</strong></span> <span class='ocrx_word' id='word_1_847' title='bbox 373 5312 473 5370; x_wconf 83' lang='lat' dir='ltr'><strong>Ed.</strong></span> <span class='ocrx_word' id='word_1_848' title='bbox 503 5312 847 5382; x_wconf 88' lang='lat' dir='ltr'><strong>Paris.,pag.</strong></span> <span class='ocrx_word' id='word_1_849' title='bbox 886 5310 1011 5367; x_wconf 79' lang='grc'>165.</span> <span class='ocrx_word' id='word_1_850' title='bbox 1101 5308 1145 5340; x_wconf 84' lang='lat'><strong>&quot;</strong></span> <span class='ocrx_word' id='word_1_851' title='bbox 1176 5304 1321 5361; x_wconf 87' lang='lat' dir='ltr'><strong>Psal.</strong></span> <span class='ocrx_word' id='word_1_852' title='bbox 1372 5320 1599 5367; x_wconf 75' lang='lat' dir='ltr'><strong>csum,</strong></span> <span class='ocrx_word' id='word_1_853' title='bbox 1664 5304 1782 5359; x_wconf 75' lang='grc'><strong>15.</strong></span> 
     </span>
    </p>
   </div>
   <div class='ocr_carea' id='block_1_109' title="bbox 1890 5304 2487 5382">
    <p class='ocr_par' dir='ltr' id='par_1_109' title="bbox 1890 5304 2487 5369">
     <span class='ocr_line' id='line_1_109' title="bbox 1890 5304 2487 5369; baseline -0.002 -10"><span class='ocrx_word' id='word_1_854' title='bbox 1890 5304 1906 5335; x_wconf 77' lang='grc'>³</span> <span class='ocrx_word' id='word_1_855' title='bbox 1956 5304 2112 5359; x_wconf 83' lang='lat' dir='ltr'><strong>Joan.</strong></span> <span class='ocrx_word' id='word_1_856' title='bbox 2166 5322 2219 5368; x_wconf 84' lang='grc' dir='ltr'><strong>ν,</strong></span> <span class='ocrx_word' id='word_1_857' title='bbox 2280 5306 2363 5369; x_wconf 84' lang='grc'><strong>19,</strong></span> <span class='ocrx_word' id='word_1_858' title='bbox 2397 5304 2487 5359; x_wconf 76' lang='lat'><strong>9.0.</strong></span> 
     </span>
    </p>
   </div>
   <div class='ocr_carea' id='block_1_110' title="bbox 262 5466 1777 5548">
    <p class='ocr_par' dir='ltr' id='par_1_110' title="bbox 262 5466 1777 5548">
     <span class='ocr_line' id='line_1_110' title="bbox 262 5466 1777 5548; baseline -0.01 -16"><span class='ocrx_word' id='word_1_859' title='bbox 262 5476 377 5548; x_wconf 64' lang='grc'>(11)</span> <span class='ocrx_word' id='word_1_860' title='bbox 407 5471 588 5548; x_wconf 76' lang='lat' dir='ltr'><strong>Vulgo</strong></span> <span class='ocrx_word' id='word_1_861' title='bbox 638 5472 900 5543; x_wconf 79' lang='grc' dir='ltr'>ἡτοίμασε</span> <span class='ocrx_word' id='word_1_862' title='bbox 948 5470 1073 5533; x_wconf 77' lang='grc' dir='ltr'>τοὺς</span> <span class='ocrx_word' id='word_1_863' title='bbox 1127 5466 1389 5539; x_wconf 77' lang='grc' dir='ltr'>οὐρανούς</span> <span class='ocrx_word' id='word_1_864' title='bbox 1439 5472 1493 5519; x_wconf 88' lang='lat' dir='ltr'><strong>et</strong></span> <span class='ocrx_word' id='word_1_865' title='bbox 1531 5481 1653 5519; x_wconf 83' lang='lat' dir='ltr'><strong>mox</strong></span> <span class='ocrx_word' id='word_1_866' title='bbox 1692 5482 1777 5528; x_wconf 87' lang='grc' dir='ltr'>τις</span> 
     </span>
    </p>
   </div>
   <div class='ocr_carea' id='block_1_111' title="bbox 186 5544 1739 5624">
    <p class='ocr_par' dir='ltr' id='par_1_111' title="bbox 186 5544 1739 5624">
     <span class='ocr_line' id='line_1_111' title="bbox 186 5544 1739 5624; baseline 0.001 0"><span class='ocrx_word' id='word_1_867' title='bbox 186 5544 538 5624; x_wconf 48' lang='grc' dir='ltr'><strong>τῶῨΫΡξ-μῑὴ</strong></span> <span class='ocrx_word' id='word_1_868' title='bbox 574 5544 743 5624; x_wconf 47' lang='grc' dir='ltr'><strong>ὲξστι</strong></span> <span class='ocrx_word' id='word_1_869' title='bbox 859 5613 881 5619; x_wconf 92' lang='grc'><strong>-</strong></span> <span class='ocrx_word' id='word_1_870' title='bbox 974 5609 994 5624; x_wconf 92' lang='grc'><em>.</em></span> <span class='ocrx_word' id='word_1_871' title='bbox 1175 5608 1187 5624; x_wconf 93' lang='grc'>.</span> <span class='ocrx_word' id='word_1_872' title='bbox 1337 5606 1359 5624; x_wconf 84' lang='grc'><em>..</em></span> <span class='ocrx_word' id='word_1_873' title='bbox 1494 5606 1509 5624; x_wconf 68' lang='grc' dir='ltr'><strong>ι</strong></span> <span class='ocrx_word' id='word_1_874' title='bbox 1626 5606 1643 5624; x_wconf 74' lang='grc' dir='ltr'><strong>ι</strong></span> <span class='ocrx_word' id='word_1_875' title='bbox 1712 5606 1739 5618; x_wconf 81' lang='lat'><strong>~</strong></span> 
     </span>
    </p>
   </div>
   <div class='ocr_carea' id='block_1_112' title="bbox 262 5565 1775 5692">
    <p class='ocr_par' dir='ltr' id='par_1_112' title="bbox 262 5565 1775 5692">
     <span class='ocr_line' id='line_1_112' title="bbox 262 5565 1739 5618; baseline -0.013 -16"><span class='ocrx_word' id='word_1_876' title='bbox 262 5569 302 5602; x_wconf 81' lang='grc' dir='ltr'><strong>ιν</strong></span> <span class='ocrx_word' id='word_1_877' title='bbox 376 5565 427 5617; x_wconf 91' lang='grc' dir='ltr'>ρ.</span> <span class='ocrx_word' id='word_1_878' title='bbox 464 5565 538 5617; x_wconf 91' lang='grc' dir='ltr'><strong>μη</strong></span> <span class='ocrx_word' id='word_1_879' title='bbox 574 5565 727 5597; x_wconf 63' lang='lat' dir='ltr'><strong>exn.</strong></span> <span class='ocrx_word' id='word_1_880' title='bbox 1712 5606 1739 5618; x_wconf 40' lang='grc' dir='ltr'><strong><em>α</em></strong></span> 
     </span>
     <span class='ocr_line' id='line_1_113' title="bbox 262 5565 1775 5692; baseline -0.012 -18"><span class='ocrx_word' id='word_1_881' title='bbox 262 5565 376 5690; x_wconf 65' lang='grc' dir='ltr'>(ίῶ</span> <span class='ocrx_word' id='word_1_882' title='bbox 400 5616 521 5692; x_wconf 58' lang='lat' dir='ltr'><strong>Kal</strong></span> <span class='ocrx_word' id='word_1_883' title='bbox 534 5614 646 5692; x_wconf 67' lang='grc' dir='ltr'>πρὸ</span> <span class='ocrx_word' id='word_1_884' title='bbox 672 5610 792 5692; x_wconf 69' lang='grc' dir='ltr'>τῶν</span> <span class='ocrx_word' id='word_1_885' title='bbox 811 5613 941 5677; x_wconf 82' lang='grc' dir='ltr'>τῆς.</span> <span class='ocrx_word' id='word_1_886' title='bbox 974 5606 1404 5692; x_wconf 46' lang='lat' dir='ltr'><strong>l.egendltm,_§iv</strong></span> <span class='ocrx_word' id='word_1_887' title='bbox 1425 5606 1518 5692; x_wconf 58' lang='grc' dir='ltr'><strong>καὶ</strong></span> <span class='ocrx_word' id='word_1_888' title='bbox 1547 5606 1652 5676; x_wconf 80' lang='grc' dir='ltr'>πρὸ</span> <span class='ocrx_word' id='word_1_889' title='bbox 1678 5624 1775 5692; x_wconf 69' lang='grc' dir='ltr'><strong>της</strong></span> 
     </span>
    </p>
   </div>
   <div class='ocr_carea' id='block_1_113' title="bbox 182 5677 1776 5762">
    <p class='ocr_par' dir='ltr' id='par_1_113' title="bbox 182 5677 1776 5762">
     <span class='ocr_line' id='line_1_114' title="bbox 182 5677 1776 5762; baseline -0.01 -15"><span class='ocrx_word' id='word_1_890' title='bbox 182 5677 303 5747; x_wconf 66' lang='grc' dir='ltr'><strong>τῶν</strong></span> <span class='ocrx_word' id='word_1_891' title='bbox 318 5677 561 5762; x_wconf 70' lang='grc' dir='ltr'>γενητῶν</span> <span class='ocrx_word' id='word_1_892' title='bbox 572 5677 833 5762; x_wconf 70' lang='grc' dir='ltr'>άπάντων</span> <span class='ocrx_word' id='word_1_893' title='bbox 852 5677 1443 5762; x_wconf 47' lang='grc' dir='ltr'>συστάσεωςῶψρίτ-</span> <span class='ocrx_word' id='word_1_894' title='bbox 1458 5678 1563 5748; x_wconf 84' lang='lat' dir='ltr'><strong>Mp.</strong></span> <span class='ocrx_word' id='word_1_895' title='bbox 1592 5677 1776 5747; x_wconf 86' lang='grc' dir='ltr'>προὼν</span> 
     </span>
    </p>
   </div>
   <div class='ocr_carea' id='block_1_114' title="bbox 182 5748 1404 5834">
    <p class='ocr_par' dir='ltr' id='par_1_114' title="bbox 182 5748 1404 5834">
     <span class='ocr_line' id='line_1_115' title="bbox 182 5748 1404 5834; baseline -0.01 -21"><span class='ocrx_word' id='word_1_896' title='bbox 182 5748 458 5834; x_wconf 53' lang='grc' dir='ltr'>τῆςτῶνξ</span> <span class='ocrx_word' id='word_1_897' title='bbox 479 5757 594 5834; x_wconf 62' lang='lat' dir='ltr'><strong>Mos</strong></span> <span class='ocrx_word' id='word_1_898' title='bbox 622 5757 768 5834; x_wconf 60' lang='lat' dir='ltr'><strong>vulg.</strong></span> <span class='ocrx_word' id='word_1_899' title='bbox 805 5754 1115 5834; x_wconf 62' lang='grc' dir='ltr'>συστάσεως</span> <span class='ocrx_word' id='word_1_900' title='bbox 1140 5748 1237 5834; x_wconf 47' lang='lat' dir='ltr'><strong>div-</strong></span> 
     </span>
    </p>
   </div>
   <div class='ocr_carea' id='block_1_115' title="bbox 263 5820 1371 5905">
    <p class='ocr_par' dir='ltr' id='par_1_115' title="bbox 263 5820 1371 5905">
     <span class='ocr_line' id='line_1_116' title="bbox 263 5820 1371 5905; baseline -0.011 -17"><span class='ocrx_word' id='word_1_901' title='bbox 263 5820 287 5905; x_wconf 77' lang='grc'><strong>(</strong></span> <span class='ocrx_word' id='word_1_902' title='bbox 296 5832 380 5902; x_wconf 83' lang='grc'><strong>16)</strong></span> <span class='ocrx_word' id='word_1_903' title='bbox 409 5831 520 5885; x_wconf 82' lang='lat' dir='ltr'><strong>Kal</strong></span> <span class='ocrx_word' id='word_1_904' title='bbox 563 5820 766 5897; x_wconf 65' lang='grc' dir='ltr'>παρῆἷο</span> <span class='ocrx_word' id='word_1_905' title='bbox 788 5824 887 5891; x_wconf 80' lang='grc' dir='ltr'><strong>τῷ.</strong></span> <span class='ocrx_word' id='word_1_906' title='bbox 927 5823 1066 5895; x_wconf 71' lang='lat' dir='ltr'><strong>Lege</strong></span> <span class='ocrx_word' id='word_1_907' title='bbox 1096 5820 1267 5893; x_wconf 75' lang='grc' dir='ltr'>αὐτῷ.</span> <span class='ocrx_word' id='word_1_908' title='bbox 1302 5820 1371 5876; x_wconf 84' lang='grc' dir='ltr'><strong>Μ.</strong></span> 
     </span>
    </p>
   </div>
   <div class='ocr_carea' id='block_1_116' title="bbox 1952 5464 2634 5535">
    <p class='ocr_par' dir='ltr' id='par_1_116' title="bbox 1952 5464 2634 5535">
     <span class='ocr_line' id='line_1_117' title="bbox 1952 5464 2634 5535; baseline -0.001 -15"><span class='ocrx_word' id='word_1_909' title='bbox 1952 5466 2068 5534; x_wconf 86' lang='grc'>(17)</span> <span class='ocrx_word' id='word_1_910' title='bbox 2092 5464 2264 5535; x_wconf 79' lang='lat' dir='ltr'><strong>Vulgo</strong></span> <span class='ocrx_word' id='word_1_911' title='bbox 2292 5467 2386 5521; x_wconf 80' lang='grc' dir='ltr'><strong>καὶ</strong></span> <span class='ocrx_word' id='word_1_912' title='bbox 2410 5466 2520 5520; x_wconf 90' lang='grc' dir='ltr'><strong>τῶν</strong></span> <span class='ocrx_word' id='word_1_913' title='bbox 2558 5470 2634 5520; x_wconf 80' lang='grc' dir='ltr'><strong>ἐν.</strong></span> 
     </span>
    </p>
   </div>
   <div class='ocr_carea' id='block_1_117' title="bbox 1953 5536 3215 5608">
    <p class='ocr_par' dir='ltr' id='par_1_117' title="bbox 1953 5536 3215 5608">
     <span class='ocr_line' id='line_1_118' title="bbox 1953 5536 3215 5608; baseline 0.002 -17"><span class='ocrx_word' id='word_1_914' title='bbox 1953 5536 2063 5607; x_wconf 89' lang='grc'>(18)</span> <span class='ocrx_word' id='word_1_915' title='bbox 2099 5536 2269 5608; x_wconf 64' lang='grc' dir='ltr'>Υιιιεο</span> <span class='ocrx_word' id='word_1_916' title='bbox 2294 5543 2454 5608; x_wconf 82' lang='lat' dir='ltr'><strong>deest</strong></span> <span class='ocrx_word' id='word_1_917' title='bbox 2476 5538 2567 5601; x_wconf 85' lang='grc' dir='ltr'><strong>τά,</strong></span> <span class='ocrx_word' id='word_1_918' title='bbox 2602 5536 2745 5608; x_wconf 74' lang='lat' dir='ltr'><strong>quod</strong></span> <span class='ocrx_word' id='word_1_919' title='bbox 2774 5536 2885 5606; x_wconf 88' lang='lat' dir='ltr'><strong>jam</strong></span> <span class='ocrx_word' id='word_1_920' title='bbox 2925 5537 3215 5608; x_wconf 81' lang='lat' dir='ltr'><strong>supplevit.</strong></span> 
     </span>
    </p>
   </div>
   <div class='ocr_carea' id='block_1_118' title="bbox 1953 5606 2723 5681">
    <p class='ocr_par' dir='ltr' id='par_1_118' title="bbox 1953 5606 2723 5681">
     <span class='ocr_line' id='line_1_119' title="bbox 1953 5606 2723 5681; baseline 0.006 -4"><span class='ocrx_word' id='word_1_921' title='bbox 1953 5609 2064 5681; x_wconf 71' lang='lat'><strong>(19)</strong></span> <span class='ocrx_word' id='word_1_922' title='bbox 2093 5607 2266 5681; x_wconf 64' lang='grc' dir='ltr'>Ῡιιιεο</span> <span class='ocrx_word' id='word_1_923' title='bbox 2292 5606 2434 5681; x_wconf 74' lang='grc' dir='ltr'><strong>[τοῦ]</strong></span> <span class='ocrx_word' id='word_1_924' title='bbox 2468 5606 2723 5681; x_wconf 54' lang='grc' dir='ltr'><strong>οὐρανοῦ·</strong></span> 
     </span>
    </p>
   </div>
   <div class='ocr_carea' id='block_1_119' title="bbox 1953 5676 3378 5750">
    <p class='ocr_par' dir='ltr' id='par_1_119' title="bbox 1953 5676 3378 5750">
     <span class='ocr_line' id='line_1_120' title="bbox 1953 5676 3378 5750; baseline -0.001 -18"><span class='ocrx_word' id='word_1_925' title='bbox 1953 5676 2066 5748; x_wconf 72' lang='grc'>(20)</span> <span class='ocrx_word' id='word_1_926' title='bbox 2096 5676 2369 5750; x_wconf 80' lang='grc' dir='ltr'>Παρῆν’τε</span> <span class='ocrx_word' id='word_1_927' title='bbox 2402 5676 2495 5733; x_wconf 65' lang='grc' dir='ltr'>διαὶ</span> <span class='ocrx_word' id='word_1_928' title='bbox 2528 5676 2690 5749; x_wconf 81' lang='grc' dir='ltr'>συνῆν</span> <span class='ocrx_word' id='word_1_929' title='bbox 2725 5678 2805 5731; x_wconf 76' lang='grc' dir='ltr'>ἔτι</span> <span class='ocrx_word' id='word_1_930' title='bbox 2856 5676 2961 5749; x_wconf 78' lang='lat' dir='ltr'><strong>Mp.</strong></span> <span class='ocrx_word' id='word_1_931' title='bbox 2988 5696 3001 5745; x_wconf 88' lang='lat'><strong>;</strong></span> <span class='ocrx_word' id='word_1_932' title='bbox 3044 5693 3167 5733; x_wconf 77' lang='lat' dir='ltr'><strong>mox</strong></span> <span class='ocrx_word' id='word_1_933' title='bbox 3211 5676 3378 5749; x_wconf 74' lang='lat' dir='ltr'><strong>vulgo</strong></span> 
     </span>
    </p>
   </div>
   <div class='ocr_carea' id='block_1_120' title="bbox 1882 5750 2363 5819">
    <p class='ocr_par' dir='ltr' id='par_1_120' title="bbox 1882 5750 2363 5819">
     <span class='ocr_line' id='line_1_121' title="bbox 1882 5750 2363 5819; baseline -0.004 -14"><span class='ocrx_word' id='word_1_934' title='bbox 1882 5750 2216 5819; x_wconf 62' lang='grc' dir='ltr'>ςωοπλαγῶν</span> <span class='ocrx_word' id='word_1_935' title='bbox 2250 5750 2343 5804; x_wconf 80' lang='grc' dir='ltr'>καί</span> <span class='ocrx_word' id='word_1_936' title='bbox 2351 5791 2363 5803; x_wconf 94' lang='grc'><strong>.</strong></span> 
     </span>
    </p>
   </div>
  </div>
