4068 6316
342 403 488 463 1009

1279 405 1366 459 DE
1411 404 1952 461 ECCLESIASTICA
1994 399 2390 459 TIIEOLOGIA
2431 396 2555 452 LIB.
2603 395 2682 450 Ill.

3488 386 3626 449 l0l0

341 540 362 573 ι
404 519 777 590 Παράκλητος,
799 519 985 588 δνὲγὼ
1018 518 1217 590 πέμψω
1245 520 1371 590 ὑμῖν
1390 520 1537 589 παρὰ
1567 518 1661 571 τοῦ
1693 520 1907 591 Πατρὸς

2040 516 2307 571 biliiturus
2350 523 2491 578 erat,
2539 512 2707 566 alium
2756 518 2809 567 et
2867 508 3183 564 distinctum
3239 509 3307 563 ab
3336 508 3451 578 ipso
3479 526 3622 565 esse.

338 632 360 662 ι
398 612 459 664 τὸ
496 610 721 680 Πνεῦμα
755 610 857 679 τῆς
894 610 1171 682 ἀληθείας,
1203 610 1232 662 ὃ
1265 610 1414 681 παρὰ
1458 610 1552 662 τοῦ
1590 610 1801 681 Πατρδς
1839 613 1928 662 ὲκ-

340 723 361 753 s
396 704 704 772 πορεύεται,
740 704 945 765 ἐκεῖνος
978 704 1315 774 μαρτυρήσει
1345 703 1471 773 περὶ
1508 702 1666 772 ἐμοῦ,
1706 722 1723 753 ι
1754 701 1818 753 δι’
1853 696 1927 754 ὧν

330 793 590 845 ἁπάντων
635 790 822 859 σαιξῶς
870 792 1198 862 παρίστησιν
1238 794 1443 844 ἐκεῖνον
1493 790 1583 842 τὸν
1624 790 1714 843 ὑπ’
1760 790 1926 842 αὑτοῦ

331 884 706 953 πεμπόμενον,
742 884 834 935 καὶ
862 883 954 935 τὸν
987 883 1248 953 μέλλοντα
1281 883 1408 954 περὶ
1435 882 1602 936 αὐτοῦ
1626 885 1927 954 μαρτυρεῖν

327 975 519 1045 ἕτερον
553 968 693 1026 εἶναι
730 975 856 1043 παρ’
878 974 1089 1026 ἑαυτόν.
1133 973 1587 1044 Ἐπεξεργάζεται
1618 974 1674 1025 δὲ
1712 974 1804 1027 τὸν
1836 974 1925 1025 λό-

326 1078 427 1130 γον
459 1062 539 1115 ἔτι
567 1062 787 1130 μᾶλλον,
825 1065 920 1116 καὶ
952 1063 1019 1115 δι’
1046 1056 1119 1115 ὧν
1166 1063 1429 1130 ἐπιλέγει,
1471 1064 1586 1116 ἀλλ’
1627 1063 1775 1131 Ἐγὼ
1809 1063 1926 1131 τὴν

325 1152 621 1219 ἀλήθειαν
644 1154 800 1223 λέγω
834 1154 997 1223 ὑμῖν,
1028 1152 1317 1222 συμφέρει
1351 1154 1493 1223 ὑμῖν
1528 1155 1629 1208 ἵνα
1663 1154 1777 1225 ἐγὼ
1810 1156 1924 1208 ἁπ-

325 1243 503 1312 έλθω,
534 1246 644 1299 ἐὰν
672 1247 779 1315 γὰρ
806 1246 891 1314 μὴ
919 1245 1178 1308 ἀπέλθω,
1204 1249 1236 1299 ὁ
1264 1246 1659 1316 Παράκλητος
1691 1249 1800 1301 οὐκ
1827 1247 1922 1315 ἔρ-

325 1352 493 1405 χεται
515 1338 663 1404 πρὸς
694 1335 865 1405 ὑμᾶς.
917 1338 1058 1389 Ἐὰν
1084 1336 1150 1388 δὲ
1172 1336 1464 1406 .1cpev0c3,
1497 1337 1712 1406 πέμψω
1737 1337 1924 1391 αὐτὰ·

326 1427 481 1495 πρὸς
506 1427 678 1496 ὑμᾶς.
731 1428 1009 1479 Ἀπελοεῖν
1034 1429 1089 1480 δὲ
1121 1429 1313 1482 ἑαυτὸν
1336 1429 1509 1496 λέγων
1546 1429 1604 1480 ὲν
1627 1428 1839 1491 τούτοις
1861 1446 1920 1481 τε

326 1520 389 1571 τὸ
432 1519 601 1582 πάθος
646 1518 837 1572 ἑαυτοῦ
868 1522 1130 1590 ἐσήμαινε
1172 1524 1265 1573 καὶ
1296 1520 1391 1590 τὴν
1425 1520 1564 1589 μετὰ
1592 1520 1754 1572 τοῦτο
1786 1520 1923 1591 πρὸς

325 1609 420 1663 τὸν
457 1610 671 1681 Πατέρα
708 1610 911 1664 ἄνοδον.
946 1612 1042 1673 Τίς
1074 1608 1168 1664 οὖν
1204 1611 1373 1675 οὕτως
1407 1601 1632 1681 ἠλίθιος,
1671 1612 1747 1675 ὡς
1783 1611 1920 1681 μετὰ

323 1704 593 1758 τοσαύτας
627 1703 811 1773 φωνὰς
849 1704 944 1757 ἕνα
982 1704 1075 1756 καὶ
1108 1703 1199 1756 τὸν
1234 1703 1395 1755 αὐτὸν
1427 1700 1566 1756 εἶναι
1596 1706 1781 1773 φάναι.
1815 1703 1920 1756 Τὸν

321 1793 498 1848 ταῦτα
528 1794 753 1863 λέγοντα
777 1796 871 1848 καὶ
897 1794 989 1847 τὸν
1019 1795 1146 1864 περὶ
1168 1789 1228 1848 οῦ
1261 1795 1410 1848 ταῦτ’
1441 1795 1646 1863 ἔλεγεν,
1701 1794 1917 1848 ἀκούων

321 1886 494 1939 αὑτοῦ
526 1886 711 1955 σαφῶς
744 1887 1115 1958 διοριζομένου
1138 1887 1234 1958 τὴν
1258 1888 1515 1958 ἀλήθειαν
1542 1887 1792 1956 φάσκειν,
1823 1888 1917 1940 καὶ
1950 1873 1989 1927 Β

321 1974 410 2038 τίς
447 1976 479 2046 ἡ
505 1976 730 2047 ἀλήθεια
762 1977 1133 2049 παριστῶντος
1172 1979 1246 2042 ὡς
1275 1980 1323 2031 εἰ
1362 1979 1437 2049 μὴ
1467 1978 1696 2031 ἀπέλθοι
1729 1979 1913 2042 αὐτὸς,

326 2068 404 2140 μὴ
431 2069 497 2122 ἂν
538 2071 666 2123 ποτὲ
695 2071 837 2137 ἕξειν
868 2071 929 2123 τδ
970 2070 1122 2139 ἅγιον
1170 2071 1415 2142 Πνεῦμα.
1456 2074 1519 2125 Εἰ
1556 2072 1613 2125 δέ
1656 2090 1787 2126 ποτε
1816 2074 1916 2144 μὲν

319 2160 417 2214 τὸν
470 2161 687 2234 Πατέρα
732 2163 968 2234 πέμψειν
1009 2165 1069 2218 τὸ
1116 2164 1341 2234 Πνεῦμα
1381 2164 1443 2217 τὺ
1484 2165 1660 2232 ἆγιον,
1693 2165 1823 2219 ποτὲ
1858 2165 1913 2218 δὲ

318 2252 515 2306 ἑαυτὸν
543 2253 851 2326 διορίζεται,
874 2258 975 2310 οὐκ
993 2257 1208 2310 ἐναντία
1234 2256 1469 2328 δήπουθε
1491 2257 1750 2312 διδάσκει·
1777 2259 1955 2351 πάι.

319 2360 393 2396 τα
442 2343 552 2416 γὰρ
588 2348 687 2401 ὅσα
732 2348 797 2401 ἂν
832 2349 1001 2421 βλέπῃ
1033 2349 1123 2403 τὴν
1156 2349 1375 2421 Πατέρα
1417 2348 1695 2413 ποιοῦντα,
1738 2343 1915 2405 ταῦτᾶ

317 2436 524 2506 ὁμοίως
557 2440 648 2492 καὶ
689 2442 717 2493 ὁ
751 2441 877 2505 Υίὸς
908 2435 1094 2495 ποιεῖθ’
1122 2442 1214 2495 καὶ
1247 2440 1430 2505 καθὼς
1461 2440 1671 2506 ἀκούει,
1716 2440 1909 2513 κρίνει.

325 2530 441 2600 (56)
467 2532 556 2584 Διὸ
582 2536 646 2603 τῇ
669 2532 763 2586 τοῦ
786 2534 995 2605 Πατρὸς
1025 2534 1222 2605 κρίσει,
1245 2534 1332 2586 ὅτε
1355 2532 1722 2604 καὶβούλεται
1752 2535 1779 2587 ὁ
1803 2536 1913 2590 Πα-

322 2617 447 2691 τὴρ.
467 2621 763 2691 τηνικαῦτα
786 2623 815 2675 δ
837 2622 963 2687 Υἱὸς
988 2625 1082 2677 καὶ⁸
1101 2624 1167 2677 δι’
1194 2624 1357 2677 αὐτοῦ
1384 2625 1413 2678 ό
1438 2621 1625 2694 Σοηὴρ
1649 2622 1914 2676 ἀποστέλ-

322 2711 407 2765 λει
425 2712 540 2774 τοῖς
567 2712 680 2783 (57)
704 2713 869 2767 αὑτοῦ
898 2714 1168 2786 μαθηταῖς
1198 2715 1259 2768 τὸ
1277 2714 1500 2785 Πνεῦμα
1530 2714 1628 2785 τῆς
1652 2714 1913 2787 ἀληθείας

321 2799 387 2854 τὸ
418 2800 797 2872 Παράκλητον,
820 2802 957 2873 πρὸς
991 2804 1052 2856 τὸ
1088 2802 1426 2876 παρακαλεῖν
1448 2804 1646 2868 αὐτοὺς
1677 2806 1770 2857 καὶ
1804 2821 1909 2857 πα-

327 2890 686 2963 ραμυθεῖσθαι
735 2894 819 2963 ἐφ’
844 2888 925 2957 οἷς
950 2895 1315 2966 κηρύττοντες
1352 2896 1414 2947 τὸ
1443 2895 1774 2964 Εὑαγγέλιον
1804 2896 1909 2951 ὑπὸ

319 2980 431 3035 τῶν
452 2980 783 3037 ἐλαυνόντων
809 2984 1003 3048 αὐτοὺς
1031 2984 1287 3056 ἔπασχον.
1316 2986 1390 3050 Ού
1421 2985 1580 3053 μόνον
1602 2986 1657 3040 δὲ
1682 2987 1819 3061 πρὸς
1849 2989 1909 3042 τὸ

2034 608 2353 663 Sermonem
2398 620 2529 660 vero
2572 604 2752 658 adhuc
2792 600 3024 671 amplius
3062 601 3431 671 promovendo
3467 616 3625 671 pera-

2031 700 2127 771 git,
2152 699 2277 753 dum
2312 695 2581 753 subinfert
2609 716 2620 751 :
2651 696 2761 765 Ego
2784 696 3055 749 veritatem
3086 693 3228 749 vobis
3262 695 3401 760 dico,
3429 695 3626 748 condu-

2029 793 2098 845 cit
2128 792 2268 846 vobis
2307 800 2364 844 ut
2406 806 2497 861 ego
2543 790 2750 843 abeam.
2799 785 2940 843 Nam
2969 787 3016 842 si
3036 803 3128 856 ego
3158 802 3262 841 non
3288 787 3488 853 abiero,
3511 782 3624 839 Pa-

2028 883 2257 937 racletus
2287 882 2376 936 ille
2406 898 2508 935 non
2535 882 2700 936 veniet
2723 881 2791 935 ad
2812 896 2899 935 vos
2920 897 2938 945 ;
2961 880 3101 950 quod
3124 881 3170 935 si
3196 895 3470 946 recessero,
3501 894 3622 934 eum

2028 990 2121 1043 ego
2157 974 2227 1026 ad
2256 988 2343 1026 vos
2376 973 2582 1025 mittam
2606 972 2673 1024 ⁷².
2716 970 2850 1025 Cum
2889 985 2947 1025 se
2991 969 3263 1024 abiturum
3308 968 3468 1036 dixit,
3496 983 3621 1039 pas-

2027 1066 2233 1119 sionem
2268 1080 2419 1118 suam
2449 1064 2534 1118 hic
2578 1062 2879 1117 insinuavit
2913 1078 2927 1115 :
2958 1069 3013 1115 et
3041 1070 3164 1131 post
3203 1061 3349 1115 illam
3385 1062 3619 1117 reditum

2028 1173 2185 1212 suum
2215 1157 2279 1211 ad
2316 1155 2556 1211 Patrem.
2597 1155 2730 1222 Quis
2778 1153 2892 1224 jam
2941 1155 3076 1209 adeo
3123 1153 3336 1217 delirat,
3393 1162 3449 1207 ut
3497 1161 3621 1222 post

2029 1260 2107 1303 tot
2149 1264 2308 1304 voces
2341 1258 2395 1303 et
2448 1258 2630 1303 tantas
2662 1263 2827 1302 unum
2870 1248 3231 1314 eumdemque
3260 1254 3414 1315 putet
3464 1243 3616 1299 illum

2027 1354 2167 1404 esse,
2223 1339 2315 1408 qui
2370 1340 2469 1391 ista
2526 1337 2785 1406 loquitur,
2826 1345 2880 1391 et
2913 1335 3061 1389 illum
3123 1335 3191 1392 de
3218 1350 3324 1406 quo
3364 1336 3619 1390 dicuntur

2027 1430 2149 1493 ista,
2186 1429 2455 1499 praecipue
2488 1444 2611 1483 cum
2646 1428 2792 1482 illum
2833 1429 3007 1497 ipsum
3049 1425 3271 1482 disertis
3305 1426 3490 1482 verbis
3532 1426 3617 1481 di-

2024 1532 2237 1576 centem
2284 1521 2492 1585 audiat,
2548 1534 2607 1576 se
2659 1521 2843 1575 dicere
2894 1520 3208 1585 veritatem,
3241 1508 3297 1572 et
3324 1517 3615 1573 veritatem

2025 1612 2192 1680 illam,
2229 1628 2349 1683 quas
2378 1622 2542 1680 esset,
2594 1619 2975 1681 exponentem,
3019 1610 3278 1665 nimirum
3311 1609 3454 1680 quod
3509 1608 3612 1663 nisi

2022 1706 2204 1761 abiret
2241 1706 2376 1775 ipse,
2418 1704 2733 1761 Paracletus
2770 1719 2875 1760 non
2918 1705 3151 1759 veniret.
3184 1702 3338 1770 Quod
3378 1702 3422 1757 si
3444 1715 3614 1771 oppo-

2024 1805 2184 1849 natur
2213 1797 2415 1850 dictum
2444 1811 2566 1852 esse
2591 1796 2883 1861 interdum,
2915 1794 3134 1851 Patrem
3160 1796 3453 1850 missurum
3490 1810 3613 1849 esse

2018 1896 2267 1941 sanctum
2312 1886 2573 1957 Spiritum
2610 1904 2625 1942 :
2658 1888 2926 1943 interdum
2969 1902 3099 1942 vero
3146 1888 3456 1957 ipsummet,
3499 1903 3606 1944 non

2020 1981 2133 2050 ipse
2158 1981 2259 2035 sibi
2302 1981 2389 2034 hic
2434 1980 2708 2035 contraria
2738 1982 2915 2037 docet.
2947 1979 3140 2035 Omnia
3176 1980 3321 2036 enim
3356 1996 3475 2051 qua:
3521 1983 3605 2038 vi—

2019 2072 2160 2127 derit
2209 2071 2423 2127 Patrem
2482 2071 2792 2137 facientem,
2834 2072 3024 2127 eadem
3066 2073 3318 2129 similiter
3356 2084 3407 2128 et
3437 2073 3607 2129 Filius

2022 2168 2080 2226 ›Ῑ‹
2119 2162 2286 2219 facit:
2324 2173 2378 2219 et
2402 2164 2857 2233 quemadmodum
2893 2164 3071 2229 audit,
3100 2164 3415 2235 itajudicat.
3459 2166 3609 2233 Quo-

2018 2257 2161 2312 circa
2203 2258 2502 2312 secundum
2547 2255 2810 2325 judicium
2863 2255 3067 2323 Patris,
3101 2269 3157 2313 et
3190 2257 3352 2314 Pater
3388 2261 3605 2329 quando

2017 2347 2149 2411 vult,
2178 2357 2232 2403 et
2264 2359 2376 2402 tum
2401 2363 2522 2402 cum
2558 2348 2689 2402 velit
2714 2346 2884 2403 Filius
2920 2348 3180 2405 Servator
3212 2360 3399 2406 noster
3430 2370 3443 2405 :
3473 2352 3603 2406 mit-

2018 2437 2079 2491 tit
2109 2437 2173 2490 ad
2210 2437 2499 2504 discipulos
2520 2452 2649 2493 suos
2683 2439 2932 2507 spiritum
2962 2439 3210 2494 veritatis
3240 2438 3602 2512 Paracletum,

2014 2527 2105 2595 qui
2140 2528 2454 2601 παρακάλῃ,
2508 2527 2561 2583 id
2590 2536 2671 2583 est
2711 2528 3044 2592 consoletur,
3092 2530 3381 2598 confortet,
3422 2542 3476 2589 et
3501 2536 3603 2589 ad-

2016 2618 2262 2675 liortetur
2299 2634 2395 2676 eos
2436 2622 2503 2675 ad
2532 2623 2805 2693 patienter
2839 2621 3203 2679 suﬂ'ereudum
3241 2622 3293 2679 ln
3325 2624 3602 2697 Evangelii

2013 2709 2449 2776 annuntiatione,
2484 2720 2708 2781 propter
2730 2726 2890 2780 quam
2929 2722 3086 2775 erant
3122 2715 3454 2783 exagitandi.
3490 2714 3604 2772 Nec

2010 2800 2078 2853 ad
2110 2798 2231 2854 illos
2272 2801 2617 2858 solummodo
2646 2802 3033 2866 consolandos,
3088 2804 3182 2859 sed
3237 2804 3604 2862 instituendos

2012 2892 2231 2964 insuper
2266 2893 2319 2949 in
2353 2894 2502 2949 omni
2539 2896 2765 2951 veritate
2808 2895 2929 2952 novi
2974 2894 3219 2962 foederis,
3255 2912 3417 2969 quam
3463 2901 3603 2954 reci-

2012 3001 2138 3056 pere
2167 3001 2197 3041 a
2248 2986 2491 3043 doctrina
2536 2986 2846 3044 Servatoris
2880 3005 2986 3045 non
3018 3000 3129 3043 tum
3164 3000 3436 3058 poterant,
3474 3006 3599 3048 cum

321 3074 659 3146 παρακαλεῖν
679 3078 895 3142 αὐτοὺς,
924 3077 1058 3144 αλλὰ
1094 3078 1189 3133 καὶ
1224 3062 1359 3149 πρὸς
1384 3078 1445 3132 τὸ
1466 3079 1678 3146 διδάξαι
1708 3082 1904 3147 αὐτοὺς

2016 3080 2150 3134 inter
2176 3078 2321 3149 ipsos
2371 3090 2703 3143 versaretur,
2744 3096 2810 3135 eo
2840 3080 2980 3150 quod
3005 3080 3243 3137 .ludaica:
3273 3084 3600 3157 pmdagogia:

320 3169 502 3220 πᾶσαν
535 3166 633 3239 τὴν
678 3168 937 3239 ἀλήθειαν
987 3170 1087 3240 τῆς
1125 3171 1323 3243 καινῆς
1367 3171 1654 3243 διαθήκης,
1694 3174 1763 3244 ἢν
1808 3175 1910 3228 οὐκ

321 3257 561 3330 ὲχώρουν
579 3261 688 3331 (58)
739 3261 844 3314 ὑπὸ
868 3261 963 3315 τοῦ
998 3262 1249 3335 Σωτῆρος
1280 3264 1646 3327 διδάσκεσθαι,
1673 3267 1909 3337 ὁπηνίκα

318 3349 493 3405 ταῦτα
507 3352 689 3418 αὐτοῖς
704 3352 897 3425 ὡμίλει
911 3352 999 3409 διὰ
1016 3354 1077 3408 τὸ
1094 3353 1172 3409 ἔτι
1186 3358 1251 3427 τῇ
1267 3355 1533 3429 Ἰουδαϊκῇ
1552 3357 1909 3414 δεδουλῶσθαι

321 3443 535 3514 ἀγωγῇ.
559 3444 742 3498 Ταῦτα
768 3446 825 3500 δὲ
854 3446 1035 3520 ἔργοις
1058 3449 1299 3521 ἐπλήρου
1327 3448 1465 3520 μετὰ
1491 3451 1588 3519 τὴν
1612 3451 1675 3502 ἐκ
1699 3450 1909 3522 νεκρῶν

318 3533 615 3589 ἀνάστασιν
643 3538 831 3604 αὐτοῦ,
864 3540 983 3612 μεθ’
1014 3542 1079 3615 ἢν
1104 3533 1271 3597 είπῶν
1309 3544 1375 3613 τῇ
1416 3543 1627 3614 Μαρίᾳ,
1661 3541 1757 3609 Μή
1786 3561 1909 3612 μου

318 3624 535 3693 ἅπτου,
561 3630 726 3683 οὔπω
737 3634 847 3701 γὰρ
863 3633 1203 3701 ἀναϐέϐηκα
1223 3632 1372 3701 πρὸς
1394 3634 1502 3689 τὸν
1517 3619 1746 3703 Πατέρα
1760 3653 1904 3704 μου.

319 3719 661 3776 Μετὰταῦτα
693 3724 829 3796 (58')
871 3726 966 3781 ἆτε
1001 3726 1065 3800 δὴ
1106 3727 1449 3799 άνεληλυθὼς
1486 3729 1621 3801 πρὸς
1656 3729 1747 3781 τὸν
1790 3729 1906 3782 Πα-

316 3811 471 3884 τέρα,
493 3818 605 3879 τοῖς
630 3816 897 3887 μαθηταῖς
912 3817 1090 3891 ὤφθη,
1108 3820 1204 3874 τοῦ
1236 3822 1393 3890 ἁγίου
1419 3819 1741 3891 Πνεύματος
1772 3820 1908 3873 ἁπε-

319 3904 616 3976 σταλμένου
652 3908 746 3961 καὶ
763 3910 1011 3975 συνόντος
1028 3912 1210 3978 αὐτοῦ,
1230 3912 1446 3983 ἑτοιμοῦ
1475 3929 1534 3965 τε
1559 3911 1907 3983 παρεστῶτος

316 3993 570 4066 si;(58”)
601 3997 667 4067 ἢν
694 3998 952 4056 τέτακται
999 4001 1295 4069 διακονίαν,
1329 4004 1417 4055 ὅτε
1434 4003 1527 4055 καὶ
1545 4000 1781 4071 ἅψασθαι
1804 4002 1904 4055 αὐ-

313 4085 411 4141 τοῦ
436 4089 741 4161 ἐπιτρέπει.
791 4087 927 4145 Τότε
969 4092 1078 4165 γὰρ
1112 4093 1295 4157 αὐτοῖς
1319 4092 1621 4164 ἐνεφύσησε
1661 4093 1757 4145 καὶ
1784 4093 1906 4145 τότε

319 4178 485 4251 μέρος
504 4197 556 4233 τι
581 4183 919 4254 χαρίσματος
948 4184 1042 4238 τοῦ
1077 4186 1239 4255 ἁγίου
1266 4183 1584 4256 Πνεύματός
1613 4185 1818 4248 αὐτοῖς,
1845 4184 1907 4237 τὸ

313 4271 418 4342 τῆς
466 4273 711 4341 ἀφέσεως
772 4275 881 4330 τῶν
922 4277 1339 4349 ἁμαρτημάτων
1382 4257 1662 4349 ποιητικὸν
1694 4275 1900 4330 ἐδίδου⁸

312 4361 607 4435 διαιρέσεις
642 4364 752 4436 γὰρ
797 4368 1151 4438 χαρισμάτων
1193 4368 1329 4435 εἰσιν
1364 4362 1441 4422 ὧν
1474 4368 1539 4420 ὲκ
1569 4366 1768 4439 μέρους
1804 4364 1904 4435 μὲν

2013 3169 2361 3225 inservirent.
2416 3168 2544 3224 Haac
2595 3170 2773 3240 reipsa
2820 3171 3134 3239 adimplevit
3194 3183 3318 3240 post
3363 3190 3518 3229 suam
3566 3194 3597 3231 ιι

2012 3264 2241 3318 mortuis
2281 3263 2760 3327 resurrectionem,
2795 3278 2921 3320 cum
2968 3264 3150 3321 Maria
3191 3267 3420 3334 diceret,
3468 3268 3600 3325 Noti

2010 3370 2091 3407 me
2127 3362 2365 3425 tangere,
2412 3356 2647 3409 nondum
2668 3357 2810 3410 enim
2832 3359 3047 3412 ascendi
3070 3359 3138 3411 ad
3164 3356 3385 3415 Patrem
3424 3379 3597 3417 meum

2009 3452 2055 3496 et
2086 3443 2304 3498 Patrem
2352 3446 2670 3501 vestrum".
2726 3446 2993 3517 Deinceps
3028 3463 3156 3504 vero
3210 3459 3466 3522 tanquam
3502 3456 3597 3524 qui

2010 3538 2333 3590 ascemlerat
2365 3537 2430 3591 ad
2468 3536 2710 3601 Patrem,
2745 3540 2894 3594 visus
2943 3548 3028 3595 est
3053 3541 3335 3612 discipulis
3370 3547 3507 3611 suis,
3541 3548 3595 3603 in

2010 3626 2268 3681 missione
2291 3626 2530 3698 Spiritus
2552 3630 2751 3693 sancti,
2779 3639 2834 3685 et
2863 3646 2987 3685 cum
3021 3633 3087 3687 iis
3126 3635 3464 3700 versabatur,
3503 3652 3601 3707 pa.

2010 3728 2298 3787 ratumque
2326 3734 2386 3774 se
2415 3719 2683 3787 exhibuit,
2720 3722 2810 3792 qui
2848 3722 2902 3777 in
2929 3722 3050 3778 Filii
3099 3724 3378 3783 iunctione
3406 3743 3596 3784 recen-

2006 3821 2239 3875 seretur,
2288 3812 2505 3881 quando
2554 3823 2608 3867 et
2644 3814 2791 3885 tangi
2846 3830 2907 3870 se
2951 3816 3019 3870 ab
3062 3817 3167 3873 iiiis
3222 3819 3592 3889 permittebat.

2007 3899 2159 3955 Tunc
2199 3902 2329 3970 ipsis
2368 3900 2658 3957 iusulllavit
2695 3923 2707 3957 :
2742 3915 2799 3960 et
2848 3913 2978 3963 tunc
3018 3908 3255 3978 Spiritus
3282 3910 3594 3982 portionem

2007 3990 2073 4045 iis
2106 3993 2423 4062 impertivit,
2450 4009 2573 4049 cum
2616 3994 2927 4053 lacultatem
2961 4000 3222 4056 tribueret
3252 4014 3474 4071 peccata
3504 4019 3589 4059 re-

2007 4084 2276 4138 mittendi.
2328 4086 2465 4140 Sunt
2496 4087 2696 4142 etenim
2738 4088 3031 4145 divisiones
3060 4092 3357 4161 gratiarum
3398 4112 3411 4148 :
3456 4110 3595 4165 qua-

2007 4193 2126 4231 rum
2152 4188 2361 4247 partem
2398 4189 2510 4234 tum
2550 4180 2619 4236 iis
2647 4180 2963 4251 impertivit,
2988 4198 3112 4240 eum
3144 4200 3265 4240 cum
3306 4186 3374 4242 iis
3400 4202 3591 4243 versa-

2005 4278 2194 4327 retur:
2243 4278 2364 4341 post
2414 4270 2530 4326 hac
2559 4272 2750 4342 majori
2794 4274 2965 4330 multo
2993 4287 3049 4331 et
3089 4277 3395 4345 perleuiori
3439 4292 3593 4349 pote-

2007 4368 2148 4413 state
2172 4359 2486 4429 adimplevit
2510 4378 2525 4415 :
2550 4360 2617 4417 de
2642 4379 2746 4433 qua
2774 4363 2991 4422 dicebat
3027 4368 3091 4421 iis
3117 4369 3171 4422 in
3208 4368 3436 4427 Actibus
3466 4385 3594 4441 apo-

314 4453 496 4517 αὺτοῖς
519 4455 793 4525 ἐδωρεῖτο,
825 4459 947 4513 τότε
976 4460 1148 4514 συνὼν
1177 4462 1271 4518 καὶ
1291 4459 1480 4534 παρὼν
1512 4461 1696 4521 αὐτοῖς
1741 4457 1897 4515 Μετὰ

2016 4448 2235 4515 ttolicis,
2280 4448 2386 4505 Vos
2422 4453 2685 4521 recipietis
2736 4465 3042 4523 potestatem
3075 4474 3140 4511 ea:
3184 4457 3314 4524 alto,
3352 4476 3593 4528 superve-

312 4542 371 4597 δὴ
400 4543 568 4599 ταῦτα
602 4547 847 4616 μείζονος
874 4550 1072 4615 αὐτοὺς
1111 4552 1206 4607 ml.
1239 4551 1349 4623 (59)
1382 4550 1714 4624 τελεωτέρας
1736 4548 1900 4602 δυνά-

316 4650 462 4707 μεως
509 4637 781 4711 ἐπλήρου·
819 4642 949 4713 περὶ
982 4639 1049 4716 ἦς
1078 4647 1136 4698 ὲν
1174 4646 1296 4709 ταῖς
1340 4643 1580 4716 Πράξεσι
1623 4640 1732 4695 τῶν
1764 4643 1901 4695 ἀπο-

313 4730 517 4786 στόλων
547 4734 682 4804 πρὸς
708 4736 905 4800 αὐτοὺς
927 4736 1055 4808 εφη,
1096 4734 1293 4807 Ὑμεῖς
1315 4735 1385 4789 δὲ
1404 4735 1474 4800 ἐξ
1496 4735 1696 4803 ὕψους
1719 4733 1900 4786 δύνα-

305 4836 417 4890 μιν
451 4821 810 4891 ἐπελθόντος
854 4827 961 4882 τοῦ
996 4830 1168 4898 ἁγίου
1210 4830 1554 4897 Πνεύματος
1594 4827 1686 4895 ἐφ’
1718 4825 1894 4894 ὑμᾶς.

310 4911 406 4967 ὅτε
432 4912 526 4966 καὶ
550 4914 925 4987 βαπτήσεσθαι
951 4920 1147 4983 αὐτοὺς
1178 4921 1237 4973 ὲν
1262 4919 1540 4990 Πνεύματι
1566 4918 1706 4988 ἁγίῳ
1726 4919 1898 4985 ἐπηγ-

296 5002 555 5072 γέλλετο,
584 5005 614 5059 ὁ
650 5007 715 5079 δὴ
754 5008 848 5062 καὶ
875 5011 1007 5063 αὐτὸ
1032 5010 1336 5082 ἐπληροῦτο
1379 5009 1517 5082 μετὰ
1557 5008 1655 5080 τὴν
1697 5006 1897 5075 ἀνάλη-

311 5093 409 5164 ψιν
454 5096 618 5150 αὐτοῦ
665 5097 778 5171 (δθ)
812 5099 953 5175 κατὰ
981 5100 1080 5173 τὴν
1127 5103 1339 5175 ἡμέραν
1383 5103 1483 5173 τῆς
1516 5100 1896 5170 Πεντηκοστῆς

2004 4543 2177 4599 nieute
2208 4544 2265 4596 in
2293 4560 2381 4598 vos
2413 4542 2618 4613 Spiritu
2661 4556 2845 4607 sancto
2875 4547 2941 4601 ".
2966 4547 3193 4616 Quando
3214 4559 3271 4605 et
3309 4551 3593 4620 baptizan-
3704 4564 3710 4572 '

2002 4634 2101 4689 dos
2144 4636 2362 4689 eosdem
2420 4637 2471 4690 iu
2520 4635 2724 4705 Spiritu
2765 4649 2958 4695 sancto
3005 4642 3375 4709 promittebat.
3435 4642 3592 4710 Quod

2002 4725 2180 4795 ipsum
2230 4738 2349 4797 post
2387 4733 2762 4786 ascensionem
2802 4749 2957 4788 suam
3001 4735 3348 4805 implebantur,
3401 4737 3454 4792 in
3504 4739 3592 4795 die

2005 4816 2375 4884 Pentecostes,
2421 4822 2587 4877 misso
2614 4840 2781 4892 super
2828 4839 2941 4893 eos,
2973 4830 3429 4897 quemadmodum
3469 4816 3588 4886 edi-

2007 4922 2161 4966 xerat
2194 4913 2329 4983 ipse,
2364 4913 2570 4983 Spiritu
2600 4927 2809 4975 sancto.
2850 4918 2987 4973 Cum
3016 4935 3148 4976 vero
3172 4921 3321 4977 locus
3346 4926 3448 4977 iste
3472 4940 3593 4977 mae

1998 5002 2104 5071 jori
2139 5004 2404 5064 adhucet
2447 5009 2726 5078 perspicua
2780 5012 2953 5081 magis
2980 5022 3141 5081 egeat
3178 5013 3586 5080 dilucidattom,

2006 5112 2111 5151 uon
2142 5108 2228 5153 est
2254 5112 2614 5169 opportunum
2658 5106 2708 5157 iu
2737 5105 2990 5173 praesenti
3021 5107 3073 5159 in
3093 5119 3213 5160 eam
3272 5106 3590 5162 incumbere

390 5277 450 5337 νῙη
481 5273 577 5329 Ed.
622 5241 820 5339 Paris"
856 5293 978 5349 pag.
1014 5278 1389 5337 172.".luan.
1426 5299 1539 5347 xw,
1570 5282 1621 5338 7.
1696 5284 1742 5315 η
1775 5283 1909 5341 Joan

2016 5303 2055 5352 ι,
2086 5289 2172 5342 Π.
2236 5290 2282 5322 ⁷⁸
2308 5293 2426 5346 Act.
2456 5308 2496 5356 ι,
2522 5292 2576 5346 8.

388 5434 502 5521 ςδίξ)
540 5435 635 5521 Διρ
664 5436 887 5521 τῇγτοῦ
915 5439 1143 5508 Πατρός
1174 5443 1387 5521 κρίσεις
1443 5445 1739 5521 Sequenti:
1781 5446 1897 5521 [ubi

314 5502 488 5586 delevi
523 5505 614 5558 καί
647 5502 783 5586 post_
808 5526 989 5586 τηνικ.
1036 5502 1169 5586 :ruiu
1190 5502 1389 5586 eodm]
1421 5502 1547 5586 sic:
1582 5502 1801 5586 opinor:
1823 5502 1899 5573 le;

314 5576 983 5662 gettda.":rn\tt:§aﬁva'xat
1031 5579 1098 5633 δι’
1143 5582 1309 5636 αὑτοῦ
1348 5576 1387 5639 δ’
1420 5585 1548 5651 Υἱὸς
1575 5576 1671 5641 καὶ
1709 5576 1896 5662 Σιιὶτὴρ

313 5644 655 5701 ἀποστέλλει.
692 5646 762 5702 Μ.

413 5713 506 5786 δῖ)
543 5717 707 5786 _Vulgo
731 5719 947 5774 ἑαυτοῦ.

544 5784 708 5871 V‘ulgo
739 5788 863 5871 ᾲιάι
872 5801 925 5843 et
950 5806 1068 5845 mox
1103 5794 1169 5846 ὲκ
1198 5792 1307 5848 τῶν
1334 5795 1564 5871 νεκρῶν.

410 5852 525 5929 58⁸)
563 5852 732 5930 Vulgo
753 5858 818 5930 δὴ
839 5859 953 5914 am.

2068 5456 2230 5527 (58")
2244 5456 2429 5527 fulgo
2453 5456 2598 5511 Υἱόν.

2068 5524 2415 5649 ςεθγνυιέο
2466 5528 2735 5596 τελειωτ.,
2779 5540 2834 5586 et
2884 5543 3010 5583 mox
3060 5529 3219 5599 ὑμεῖς
3268 5527 3400 5599 λήψ.
3453 5525 3586 5583 Dein

2088 5615 2157 5649 ao
2184 5597 2566 5649 ἑπτιγγείλετο.
2598 5602 2741 5649 nuod
2776 5598 2968 5649 saltent
3004 5611 3127 5649 esse
3156 5599 3387 5649 debebat
3406 5598 3586 5649 ἔπνιγ-

1998 5597 2566 5671 νιιίβοὲπηγγείλετο,
2598 5602 2741 5669 quod
2776 5598 2968 5655 saltem
3004 5597 3127 5655 este
3156 5597 3554 5671 debebatth

1996 5682 2234 5733 γειλατο.
2346 5706 2355 5713 -

2090 5740 2181 5861 ἕο)
2227 5736 2395 5811 Vulgo
2446 5742 2604 5811 μετά,
2653 5749 2708 5796 et
2746 5754 2867 5795 mox
2920 5737 3202 5804 ὑπεξιέναι
3258 5748 3312 5795 et
3365 5738 3494 5795 ἐπεὶ
3526 5738 3589 5795 δὲ
3645 5775 3650 5784 ι

1999 5825 2152 5881 μηοε.
