4068 6316
122 349 279 407 σου

1050 348 1139 405 DE
1177 348 1718 407 ECCLESIASTlCA
1756 345 2157 405 'i‘HEOLOGlA
2188 343 2322 402 LIB.
2361 344 2455 403 Ill.

3257 304 3401 404 toto

116 480 259 520 Δτίνα
286 466 380 521 καὶ
410 467 671 539 σύγχυσιν
699 467 945 537 γίνεσθαι
983 468 1093 522 τῶν
1122 468 1281 533 ὅλων,
1317 468 1493 523 ἓνκαὶ
1523 468 1687 523 ταὺτὸ

1789 468 1897 530 ,ιίο
1926 468 1979 522 in
2010 465 2251 522 sesimul
2292 465 2535 520 omnium
2578 476 2745 519 :cum
2804 462 2974 519 Filius
3025 471 3082 519 et
3138 472 3403 538 quotquot

121 558 513 630 γενησομένων
545 558 640 613 τοῦ
660 558 791 612 Υίοῦ
818 560 915 613 καὶ
944 559 1055 611 τῶν
1081 558 1285 613 λοιπῶν
1310 561 1586 623 ἁπάντων,
1621 562 1717 613 καὶ

122 647 192 700 οὐ
221 646 403 718 μόνον,
421 648 557 703 ἀλλά
580 649 675 704 καὶ
688 648 853 703 αὐτοῦ
868 649 964 703 τοῦ
980 650 1114 703 Θεοῦ
1134 650 1189 719 (6
1193 666 1231 719 ).
1251 650 1314 703 Ei
1331 653 1399 719 γά
1406 668 1438 723 ρ
1452 651 1521 705 τὰ
1538 650 1717 706 πάντα

122 737 214 810 τῷ
246 739 394 810 Υἱῷ,
428 742 457 793 ό
480 739 536 793 δι
570 740 695 805 Υἱὸς
728 740 807 813 τῷ
840 742 1012 814 Πατρ).
1034 781 1050 805 ,
1091 744 1150 795 ὲν
1186 741 1266 812 τῷ
1313 741 1715 797 ὑποτάσσεσθαι

124 828 369 893 ἑνοῦται,
386 830 488 901 δρα
514 829 569 883 τί
590 830 875 903 συμδαίνει
907 833 972 885 ὲκ
996 831 1089 885 τοῦ
1112 831 1294 900 λόγου.
1341 832 1501 891 ’Δλλ’.
1525 831 1715 904 ὥσπερ

122 918 233 990 οὐχ
263 919 454 973 ῑνωσιν
480 921 509 974 ὁ
546 920 864 986 ’Δπόστολος
879 920 1069 992 ιδήλου
1096 920 1290 990 λέγων,
1307 922 1713 993 ’Υποτατήσες

121 1009 276 1062 σθαι
304 1005 383 1072 τῷ
438 1006 547 1074 Υιῷ
588 1008 662 1064 τὰ
711 1010 941 1075 πάντα,
973 1010 1108 1065 ἀλλά
1138 1013 1237 1084 τὴν
1269 1011 1327 1079 ἐξ
1360 1012 1711 1067 αὑθεκουσίου

122 1100 505 1172 προαιρέσεως
534 1102 781 1174 ὑπακοὴν
810 1104 905 1157 καὶ
934 1102 1032 1174 τὴν
1060 1102 1218 1171 δόξαν
1251 1106 1344 1157 καὶ
1380 1103 1479 1175 τὴν
1521 1104 1709 1175 τιμὴν,

119 1188 196 1260 ἢν
229 1189 500 1245 ἀποδώσει
528 1191 678 1263 αὐτῷ
705 1193 773 1247 τά
804 1194 1003 1255 πάντα,
1043 1188 1129 1247 οἷα
1159 1194 1393 1265 Σωτῆρι,
1422 1194 1518 1248 καὶ
1560 1193 1711 1264 βασι-

121 1278 212 1332 λεῖ
238 1279 349 1333 τῶν
375 1280 509 1335 ὅλων
523 1298 537 1312 ’
555 1282 644 1336 τὸν
666 1283 826 1337 αὐτὸν
840 1284 1040 1355 τρόπον
1064 1284 1233 1338 καὶτὸ
1258 1284 1419 1337 αὐτὸν
1436 1285 1712 1355 ὑποταγήη

123 1371 323 1425 σεσθαι
353 1372 432 1443 τῷ
459 1373 632 1445 Πατρῖ
652 1375 805 1429 οὐδὲν
820 1376 1002 1449 ἕτερον
1028 1379 1103 1448 (7)
1141 1379 1391 1449 σημαίνοι
1422 1379 1508 1439 ἄν,
1548 1378 1580 1449 ἢ
1608 1379 1708 1449 τὴν

120 1462 289 1530 δόξαν
301 1464 394 1516 καὶ
407 1463 506 1535 τὴν
516 1466 681 1537 τιμήν
698 1466 858 1520 καὶτὸ
872 1467 1035 1532 σέϐας
1046 1470 1144 1540 τήν
1156 1486 1213 1522 τε
1234 1469 1707 1541 μεγαλοπρέπειαν

118 1554 229 1622 τήν
247 1570 308 1607 τε
334 1554 685 1610 αὑθεκούσιον
704 1557 971 1629 ὑπακοὴν,
1001 1561 1066 1629 ἢν
1106 1561 1202 1612 καὶ
1243 1560 1405 1623 αὐτὸς
1436 1558 1705 1614 ἀποδώσει

116 1643 203 1715 τῷ
222 1644 343 1716 Θεῷ
374 1644 470 1698 καὶ
497 1646 673 1718 Harp!
692 1688 707 1712 ,
756 1648 974 1701 ἐπειδὰν
1006 1650 1131 1713 τοὺς
1156 1650 1361 1712 πάντας
1392 1650 1575 1715 ἀξίους
1607 1650 1705 1719 τῆς

116 1738 397 1809 πατρικῆς
419 1737 670 1808 θεότητος
690 1733 825 1791 εἶναι
848 1742 1261 1811 παρασκευάσῃ.
1281 1740 1429 1803 Τέως
1449 1740 1548 1810 μὲν
1572 1738 1699 1807 γάρ,

1816 567 1944 614 sunt
1966 556 2131 612 futuri
2162 556 2432 620 homines,
2469 570 2636 610 unum
2675 555 2843 610 futuri
2883 556 2993 611 sint
3036 564 3205 631 atque.
3229 556 3399 621 idem,

1817 665 1919 706 nec
1940 665 2130 706 eorum
2167 647 2543 704 tantummodo
2569 647 2621 702 in
2647 662 2851 713 unum;
2884 647 2979 703 sed
3016 657 3073 702 et
3105 646 3199 702 Dei
3235 648 3399 703 simul

1815 741 1996 796 futura
2027 741 2095 797 sit
2138 741 2379 796 coslitio.
2421 732 2515 795 ita
2541 740 2688 794 enim
2720 753 2942 795 necesse
2976 747 3082 803 est,
3124 738 3397 809 siquidem

1814 836 1999 891 omnia
2054 834 2223 897 Filio.
2291 832 2463 888 Filius
2510 842 2692 887 autem
2726 831 2900 895 Patri,
2957 831 3011 886 in
3051 832 3399 902 subjiciendo

1815 928 2073 982 uniantur
2114 944 2129 982 :
2167 926 2269 981 hoc
2305 927 2453 983 enim
2492 924 2563 981 de
2602 925 2794 996 positis
2842 935 3225 995 consequetur.
3285 922 3396 981 Sed

1813 1016 2275 1085 quemadmodum
2312 1017 2569 1070 unionent
2612 1031 2720 1070 non
2769 1016 3033 1071 indicavit
3076 1015 3393 1084 Apostolus,

1814 1106 2083 1176 inquiens,
2134 1106 2326 1164 Omnia
2366 1104 2513 1161 Filio
2555 1106 2924 1175 subjicieutur.
2980 1105 3087 1162 Sed
3136 1103 3396 1161 obedien-

1814 1199 1940 1253 tiam
1978 1198 2147 1254 voluit
2179 1200 2245 1255 de
2270 1199 2438 1255 libera
2468 1201 2853 1268 procedentem
2882 1199 3158 1255 voluntate
3190 1210 3247 1255 et
3278 1199 3393 1270 glov

1812 1290 1946 1342 riam
1976 1298 2030 1343 et
2053 1290 2336 1353 honorem,
2366 1305 2526 1357 quem
2557 1289 2866 1345 referebant
2883 1291 2932 1345 ei
2956 1292 3162 1355 omnia,
3198 1301 3392 1361 utpote

1810 1377 2087 1435 Servatori
2124 1390 2179 1434 et
2207 1382 2317 1451 regi
2343 1381 2582 1435 omnium
2620 1381 2722 1438 :ad
2750 1384 3000 1436 eumdem
3046 1385 3300 1449 modum,
3334 1392 3395 1460 et

1808 1470 1957 1525 illmn
1984 1470 2287 1538 subjectum
2335 1473 2401 1527 iri
2432 1470 2578 1527 Patri
2614 1490 2713 1528 suo
2738 1473 2873 1529 nihil
2901 1474 3049 1528 aliud
3089 1475 3385 1547 significat,

1806 1577 1967 1631 quam
1991 1562 2216 1631 gloriam
2250 1573 2303 1618 et
2337 1564 2599 1621 honorem
2638 1577 2693 1621 et
2720 1568 3154 1633 venerationem,
3182 1579 3238 1624 et
3271 1584 3390 1623 ma-

1806 1655 2201 1724 gnificentiam,
2258 1667 2313 1712 et
2346 1657 2701 1713 voluntariam
2746 1658 3160 1726 subjectionetn,
3221 1675 3384 1731 quam

1808 1746 2116 1803 redditurus
2149 1757 2234 1803 est
2284 1749 2398 1817 ipse
2441 1749 2550 1803 Deo
2588 1759 2641 1803 et
2694 1749 2874 1811 Patri,
2926 1766 3048 1804 cum
3104 1753 3387 1807 universos

112 1824 193 1888 ὡς
220 1826 313 1878 ὅτε
342 1827 442 1880 οὐκ
469 1826 607 1891 ἄξιοι
632 1826 833 1897 ταύτης
871 1828 995 1891 eici,
1044 1827 1329 1899 προλαϐὼν
1379 1826 1560 1890 αὐτὸς,
1612 1821 1687 1880 οἷό

1801 1833 2039 1889 effecerit
2073 1837 2265 1907 dignos
2297 1814 2581 1893 divinitate
2614 1854 2711 1893 sua
2743 1850 2986 1906 paterna.
3029 1838 3208 1911 Usque
3236 1842 3381 1895 enim

116 1929 206 1975 τις
236 1915 415 1977 κοινὸς
442 1916 699 1969 ἁπάντων
738 1916 947 1987 Σωτὴρ,
980 1915 1335 1987 διορθωτικὴν
1358 1916 1466 1969 τῶν
1495 1915 1698 1969 ἀτελῶν

116 2006 212 2060 καὶ
248 2006 652 2079 θεραπευτικὴν
667 2008 773 2062 τῶν
791 2009 1081 2079 θεραπείας
1120 2010 1389 2080 δεομένων
1421 2008 1696 2079 βασιλείαν

110 2097 413 2168 βασιλεύει,
464 2101 588 2163 τοὺς
632 2101 731 2168 τὴς
770 2100 1044 2169 βασιλείας
1078 2101 1308 2173 ἐχθροὺς
1335 2102 1562 2171 ὑπάγων
1584 2107 1697 2169 τοῖς

106 2189 281 2243 αὐτοῦ
329 2191 516 2243 ποσίν·
554 2190 583 2242 δ
626 2191 689 2261 δὴ
736 2193 1062 2263 παρίστησιν
1109 2194 1137 2245 ὁ
1182 2194 1407 2261 φάσκων
1444 2195 1692 2265 Ψαλμὸς,

104 2276 300 2334 Εἶπεν
334 2282 368 2333 ό
394 2282 609 2348 Κύριος
633 2277 713 2345 τῷ
745 2282 940 2349 Κυρίῳ
959 2299 1079 2349 μου
1100 2322 1114 2345 ,
1146 2282 1341 2336 Κάθου
1377 2284 1446 2337 ἐκ
1480 2283 1695 2349 δεξιῶν

101 2385 248 2438 μου,
282 2368 394 2435 ἕως
425 2370 501 2423 ἂν
529 2374 610 2425 θω
631 2371 774 2435 τοὺς
794 2372 1045 2440 ἐχθρούς
1073 2391 1189 2427 σου
1219 2374 1551 2428 ὑποπόδιον
1575 2374 1694 2429 τῶν

105 2460 313 2515 ποδῶν
340 2477 477 2527 σου,
518 2462 604 2514 ὅτε
638 2462 763 2525 τοὺς
793 2464 893 2530 μὲν
919 2464 1147 2534 ἐχθροὺς
1176 2466 1282 2518 ὑπὸ
1312 2466 1479 2528 πόδας
1520 2465 1687 2531 θέσει,

97 2553 235 2615 τοὺς
265 2551 323 2605 δὲ
350 2552 451 2621 τῆς
480 2551 644 2607 αὐτοῦ
693 2552 967 2622 βασιλείας
1013 2555 1195 2621 ἀξίους
1246 2560 1305 2610 ὲν
1349 2557 1689 2628 ἀτελευτήτῳ

104 2640 220 2713 ζωῇ
256 2645 604 2715 καταστήσει.
641 2645 952 2714 Τηνικαῦτα
986 2648 1095 2718 γάρ
1149 2648 1239 2701 καὶ
1274 2647 1349 2719 (8)
1395 2651 1423 2701 ὁ
1473 2649 1689 2705 πάντων

104 2732 305 2804 ὶχθρὸς
354 2734 581 2800 θάνατος
617 2736 841 2807 ἔσχατος
887 2739 1402 2811 καταργηθήσεται·
1462 2742 1689 2813 μηδενὸς

103 2823 212 2895 γὰρ
254 2825 575 2897 θνήσκοντος
619 2829 731 2892 ἔτι,
771 2830 828 2881 ἰν
861 2829 1063 2900 αίωνίῳ
1110 2831 1167 2883 δὲ
1210 2830 1320 2901 ζωῇ
1369 2830 1687 2903 ζησομένων

100 2915 225 2968 τότε
253 2916 361 2970 τῶν
393 2917 492 2987 τῆς
518 2918 791 2987 βασιλείας
826 2921 1012 2985 ἀξίων,
1042 2921 1131 2974 τὸν
1165 2922 1393 2976 θάνατον
1422 2926 1685 2997 ἀργήσειν

102 3004 282 3069 είκὸς,
316 3010 506 3078 μηκέτ’
561 3009 753 3079 ἔχοντα
785 3008 877 3074 οὓς
919 3010 1277 3066 θανατώσειεν
1320 3015 1417 3082 (9).
1454 3009 1554 3068 Ὧν
1582 3009 1684 3069 ὧδε

1801 1928 1925 1979 dum
1961 1927 2119 1994 hujus
2157 1944 2263 1981 non
2299 1938 2426 1982 sunt
2454 1930 2632 1998 digni,
2674 1933 2976 2001 anticipans
3011 1932 3166 2000 ipse;
3212 1932 3381 1990 veluti

1799 2020 2103 2073 communis
2134 2020 2354 2087 quidam
2382 2022 2622 2074 omnium
2656 2022 2933 2085 Servator,
2960 2040 3183 2092 regnum
3208 2025 3380 2079 admi-

1798 2106 2019 2173 nistrat,
2053 2123 2160 2177 quo
2201 2110 2501 2179 imperfecti
2545 2124 2995 2170 consummentur
3017 2126 3071 2169 et
3099 2118 3379 2172 curatione

1798 2195 2101 2267 indigentes
2134 2212 2421 2266 curentur,
2469 2202 2769 2270 subjiciens
2818 2208 2919 2260 sub
2979 2206 3210 2276 pedibus
3261 2208 3378 2262 suis

1796 2285 1981 2340 hostes
2008 2288 2163 2342 istius
2191 2292 2341 2359 regni
2377 2292 2481 2345 sui.
2511 2292 2665 2358 Quod
2695 2305 2749 2349 et
2795 2294 3044 2351 Psalmus
3093 2289 3376 2367 indicavit,

1796 2376 2040 2443 inquiens
2060 2376 2233 2435 .Dizit
2262 2378 2517 2434 Dominus
2550 2382 2772 2437 Domino
2801 2402 2935 2450 meo,
2964 2385 3095 2442 Sede
3114 2405 3147 2441 α
3177 2390 3378 2445 dextris

1792 2468 1953 2531 meis,
1990 2470 2152 2523 donec
2190 2488 2409 2539 posuero
2446 2474 2682 2528 inimicos
2716 2488 2830 2530 tuos
2859 2479 3147 2531 scabellum
3186 2482 3377 2549 peditus

1794 2566 2004 2610 tuorum
2041 2559 2102 2612 η.
2142 2559 2367 2627 Quando
2402 2563 2655 2620 inimicos
2682 2568 2955 2634 positurus
2986 2581 3071 2625 est
3097 2553 3196 2627 sub
3224 2573 3377 2642 pedi-

1792 2645 1892 2701 bus
1917 2649 2029 2702 suis
2056 2663 2071 2702 :
2103 2665 2201 2705 suo
2223 2661 2405 2707 autem
2438 2668 2605 2722 regno
2632 2656 2848 2726 dignos,
2890 2659 2945 2714 in
2976 2664 3085 2715 vita
3116 2662 3375 2719 intermi-

1790 2737 1957 2791 nabili
2012 2742 2414 2797 constituimus
2448 2761 2460 2796 :
2496 2754 2607 2798 tum
2639 2756 2690 2801 et
2740 2749 2984 2803 omnium
3028 2752 3371 2809 inimicorum

1790 2843 1937 2882 mors
1985 2842 2289 2898 postremus
2331 2835 2669 2903 subjicietur.
2726 2836 2861 2893 Cum
2894 2841 3037 2894 enim
3087 2857 3246 2898 nemo
3303 2843 3384 2900 sit

1787 2919 2041 2988 deinceps
2092 2924 2413 2987 moriturus,
2450 2928 2544 2981 sed
2590 2928 2642 2981 in
2685 2930 2794 2983 vita
2831 2931 3221 2990 interminabili
3254 2951 3374 2992 om-

1788 3026 1885 3064 nes
1926 3012 2143 3076 victuri,
2184 3024 2294 3067 tum
2341 3027 2569 3072 mortem
2625 3022 2851 3076 omnino
2892 3024 3215 3080 abolendam
3242 3070 3257 3096 ,
3310 3029 3367 3083 in

101 3094 584 3163 εὐτρεπισθέντων,
601 3099 679 3169 τῷ
702 3100 814 3170 Υίῷ
836 3099 926 3153 τοῦ
949 3100 1082 3153 Θεοῦ
1115 3104 1379 3173 σωτήριον
1406 3104 1682 3177 ὑποταγὴν

1789 3102 1963 3172 dignis
1990 3105 2079 3158 illo
2107 3121 2297 3173 regno,
2328 3118 2477 3163 recte
2516 3111 2621 3165 dici
2666 3113 2901 3177 videtur,
2934 3132 3055 3169 cum
3098 3134 3257 3174 nemo
3295 3124 3371 3177 sit

102 3186 302 3249 πάντες
320 3190 369 3240 oi
385 3187 529 3256 ἆγιοι
549 3191 999 3260 ὑποταγήσονται,
1019 3193 1168 3264 αὐτῷ
1186 3193 1296 3265 ζωῇ
1322 3196 1419 3263 μὲν
1441 3194 1555 3249 ὄντι
1583 3195 1680 3268 ζη-

101 3275 318 3346 σόμενοι
337 3279 587 3344 αἱωνίως·
608 3282 769 3353 σοφίᾳ
804 3283 861 3336 δὲ
882 3283 1014 3346 ὄντι,
1033 3286 1186 3353 σοφοί
1216 3276 1513 3357 γενόμενον
1538 3287 1679 3359 λόγῳ

98 3365 154 3418 δὲ
192 3366 339 3433 ὄντι,
390 3368 558 3438 λόγιοι
606 3373 1081 3443 ἀπεργασθέντες’
1124 3376 1266 3430 οὕτω
1297 3378 1355 3430 δὲ
1396 3380 1492 3431 καὶ
1538 3381 1676 3452 Χρι-

100 3458 213 3511 ml
233 3462 574 3530 γενήσονται,
594 3465 863 3536 πνεύματι
883 3466 983 3536 τῆς
997 3467 1162 3521 αὐτοῦ
1180 3470 1406 3533 εὐωδίας
1426 3471 1679 3541 χρισθέν-

97 3561 187 3610 τες
210 3563 224 3577 ·
258 3550 542 3621 φωστῆρες
564 3568 625 3604 τε
654 3553 1129 3626 ἀναδειχθήσονται
1169 3556 1263 3609 τοῦ
1296 3559 1416 3612 νέου
1457 3559 1672 3624 αίῶνοςο

97 3632 157 3699 ἐξ
172 3636 337 3689 αὑτοῦ
364 3638 433 3691 τὰ
455 3640 607 3708 φῶτα
629 3644 1021 3715 χορηγούμενοι
1042 3648 1136 3700 καὶ
1160 3649 1266 3700 υἱο)⁵
1290 3648 1347 3701 δὲ
1370 3649 1505 3703 Θεοῦ
1532 3634 1675 3705 ἔσον-

96 3744 204 3792 ται,
238 3729 316 3801 τῷ
358 3732 457 3802 τῆς
493 3734 766 3799 υἱοθεσίας
804 3736 1075 3807 πνεύματι
1122 3740 1525 3809 κοσμηθέντες,
1576 3744 1672 3796 καὶ

95 3818 201 3873 τῶν
230 3820 433 3878 λοιπῶν
462 3824 520 3878 ὲν
551 3825 698 3895 αὐτῷ
739 3826 1019 3898 δυνάμεων
1050 3830 1397 3899 μεθέξουσιν,
1432 3832 1481 3884 οί
1521 3834 1671 3905 αὐτῷ

96 3910 597 3985 ὑποταγησόμενοι,
632 3918 707 3981 ὠς
752 3920 846 3973 καί
875 3920 1117 3984 δικαίους
1162 3921 1416 3990 γενέσθαι
1458 3925 1523 3977 ὲκ
1571 3926 1671 3996 τῆς

94 4004 257 4058 αὑτοῦ
289 4006 657 4080 δικαιοσύνης,
690 4012 784 4065 καὶ
826 4012 1013 4079 ἁγίους
1054 4014 1119 4065 ὲκ
1162 4017 1262 4086 τῆς
1311 4014 1472 4068 αὑτοῦ
1501 4019 1668 4085 ἁγιω-

97 4091 275 4165 σύνης.
316 4098 470 4151 Ἐπεὶ
493 4098 549 4151 δὲ
576 4102 670 4153 καὶ
690 4101 821 4165 Θεὸς
848 4098 915 4173 ἦν
942 4104 971 4155 ό
995 4103 1185 4171 Λόγος,
1212 4103 1334 4157 οὐδὲ
1357 4104 1458 4175 τῆς
1487 4105 1669 4178 θεότηο

93 4196 178 4245 To;
204 4185 385 4249 αὐτοῖς
416 4186 689 4259 φθονήσει·
718 4188 858 4243 ὥστε
884 4190 1249 4262 ἐπαληθεῦσαι
1271 4193 1361 4246 τὸν
1403 4195 1663 4249 Ἀπόστο-

91 4268 199 4333 λον.
224 4276 652 4345 κληρονόμους
684 4280 802 4348 μὲν
832 4280 999 4345 Θεοῦ,
1026 4285 1563 4353 συγκληρονόμους
1596 4285 1666 4339 δὲ

90 4360 341 4429 εὶριστοῦ
387 4368 712 4438 γενήσεσθαι
748 4370 872 4434 τοὺς
906 4372 1093 4439 ἀγίους
1126 4375 1486 4445 προφήσαντα
1527 4374 1659 4447 (10).

1783 3194 2003 3249 futurus
2056 3212 2219 3266 quem
2260 3200 2459 3256 alliciat
2488 3214 2678 3259 morte.
2718 3206 2925 3272 Quibus
2958 3211 3025 3263 ad
3063 3211 3208 3267 hunc
3248 3229 3369 3269 mo-

1780 3286 1907 3340 dum
1958 3290 2250 3359 adaptatis,
2296 3292 2431 3349 Filio
2460 3297 2677 3364 quidem
2711 3298 2806 3353 Dei
2848 3304 3020 3355 sancti
3050 3319 3239 3359 omnes
3267 3321 3369 3375 per

1779 3382 2073 3437 salutarem
2120 3385 2504 3453 subjeclionem
2556 3390 2935 3459 subjicieutur,
3002 3407 3272 3463 quatenus
3316 3398 3365 3453 is

1779 3474 1886 3527 vita
1907 3484 2008 3540 est,
2032 3476 2199 3530 vitam
2228 3480 2282 3533 in
2313 3495 2378 3536 eo
2408 3483 2597 3536 victuri
2647 3483 3009 3539 immortalem
3042 3506 3056 3541 :
3089 3498 3365 3556 quatenus

1777 3568 2065 3636 sapientia,
2108 3571 2380 3640 sapientes
2436 3573 2651 3631 futuri:
2684 3576 2835 3647 logos
2891 3588 3183 3647 quatenus,
3236 3580 3362 3653 lego

1776 3659 2107 3726 perficiendi,
2155 3672 2208 3716 et
2237 3661 2486 3718 Christus
2517 3676 2813 3735 quatenus,
2849 3670 3017 3725 odore
3045 3672 3165 3740 ejus
3215 3673 3361 3730 bono

1774 3749 2085 3819 inungendi.
2127 3753 2440 3809 Luminaria
2482 3758 2914 3825 designabantur
2951 3764 3075 3816 novi
3128 3767 3356 3833 saeculi,

1777 3844 1836 3902 ᾖ(
1865 3843 2058 3909 quibus
2081 3844 2168 3897 lux
2193 3846 2259 3900 ab
2293 3846 2384 3901 illo
2408 3850 2856 3917 suppeditabitur.
2896 3853 3019 3909 Filii
3046 3856 3137 3910 Dei
3187 3857 3356 3914 futuri

1770 3928 2050 3987 Illiationis
2073 3935 2263 4003 spiritu
2296 3938 2413 4005 ejus
2449 3938 2694 3993 adornati
2728 3952 2782 3996 et
2818 3946 3040 4000 exculti.
3072 3948 3357 4013 Quomodo

1769 4020 1860 4086 qui
1908 4020 1982 4073 illi
2036 4032 2162 4076 sunt
2219 4025 2537 4093 subjicieudi
2586 4044 2809 4097 omnes,
2858 4031 3180 4089 facultatum
3234 4038 3356 4105 ejus

1768 4115 2085 4163 caeterarutn
2139 4113 2432 4183 participes
2490 4114 2639 4174 ﬂent.
2699 4117 2833 4172 Nam
2891 4131 2944 4175 et
2995 4121 3126 4190 justi
3186 4125 3351 4180 futuri

1768 4210 1915 4266 sunt,
1948 4203 2014 4257 de
2036 4201 2247 4272 justitia
2282 4206 2435 4275 ejus:
2472 4222 2525 4265 et
2551 4212 2617 4266 de
2645 4214 2935 4270 sanctitate
2976 4217 3119 4272 illius
3149 4220 3349 4275 sancti.

1768 4288 1875 4345 Sed
1910 4307 2081 4363 neque
2129 4298 2563 4367 quandoquidem
2615 4301 2759 4357 Deus
2806 4314 2924 4359 erat
2979 4306 3255 4375 Verbum,
3293 4323 3352 4365 et

1766 4380 2020 4435 deitatem
2068 4397 2222 4438 suam
2266 4385 2334 4440 iis
2374 4389 2632 4444 invidebit
2671 4408 2685 4444 :
2736 4402 2794 4449 ut
2844 4407 2969 4449 vere
3016 4396 3229 4453 locutus
3275 4398 3351 4453 sit

92 4449 194 4505 Nai.
231 4453 336 4525 μὴν
380 4457 477 4511 καὶ
527 4458 772 4530 σώμασιν
815 4462 1121 4531 οὐρανίοις,
1152 4463 1287 4536 ήλίῳ
1318 4465 1414 4519 καὶ
1461 4467 1657 4541 σελήνῃ

1789 4472 2071 4539 tpostolus.
2102 4473 2352 4532 Heredes
2385 4478 2504 4546 Dei,
2538 4484 2833 4538 coheredes
2873 4497 3044 4540 autem
3081 4484 3278 4542 Christi
3301 4490 3350 4522 ¹⁵

93 4542 180 4594 καὶ⁵
217 4544 436 4618 ἄστροις
470 4551 761 4621 χρήσονται
796 4554 1216 4625 παραπλησίοις,
1266 4557 1357 4609 καὶ
1396 4560 1455 4611 ὲν
1486 4559 1660 4631 τούτῳ

90 4632 182 4702 τῆς
210 4638 371 4691 αὑτοῦ
408 4642 838 4713 μεταληψόμενοι
863 4644 1040 4714 δόξης.
1076 4647 1141 4699 Ὃ
1174 4646 1237 4717 δὴ
1282 4646 1391 4718 (ll)
1420 4652 1659 4722 παρίστη

90 4722 242 4788 αὐτὸς
281 4730 481 4799 φήσας,
517 4732 589 4797 ἐξ
630 4728 702 4787 οὗ
752 4734 853 4787 καὶ
899 4733 1143 4803 Σωτῆρα
1187 4739 1657 4809 ἀπεκδεχόμεθα,

1766 4559 1976 4617 futuros
2001 4579 2114 4621 eos.
2148 4566 2252 4621 Sed
2280 4579 2335 4624 et
2372 4586 2601 4639 corpora
2644 4591 2740 4630 sua
2776 4579 3084 4633 aeternitate
3115 4583 3345 4651 praedita

1767 4655 1887 4720 soli,
1919 4654 2059 4710 lunae
2087 4668 2142 4712 et
2168 4659 2440 4716 sideribus
2471 4664 2672 4719 similia
2705 4671 3074 4723 coruscabunt
3101 4688 3113 4724 :
3144 4687 3249 4740 quo
3288 4686 3348 4728 et

1766 4746 1820 4797 in
1866 4746 1984 4813 ipso
2029 4746 2145 4814 ejus
2188 4751 2372 4819 gloria:
2429 4756 2853 4826 participabunt.
2897 4760 3048 4826 Quod
3093 4775 3149 4815 et
3196 4762 3341 4817 idem

94 4814 299 4913 κόριον
358 4821 604 4887 Ἰησοῦν
654 4828 914 4894 Χριστὸν
950 4829 1017 4896 ὃς
1050 4834 1547 4900 μετασχηματίζει
1586 4835 1655 4889 τὸ

1789 4832 1946 4886 Iocuit
1983 4835 2154 4899 aiens,
2199 4834 2347 4892 Unde
2388 4849 2435 4893 et
2474 4814 2803 4899 Servdtorem
2842 4860 3203 4915 exspectamus
3246 4849 3342 4905 Je-

91 4901 251 4974 σῶμα
278 4908 388 4980 τῆς
420 4915 829 4986 ταπεινώσεως
852 4919 1172 4993 ἠμῶν(12)ι
1192 4924 1554 4995 σύμμορφον
1570 4925 1657 4992 τῷ

1792 4938 1876 4975 um
1905 4920 2208 4994 Chn’stuns,
2234 4932 2322 4999 qui
2352 4932 2751 5002 transformabit
2787 4901 2976 5005 corpus
3022 4901 3339 4998 humilitatis

161 5064 216 5126 ’1η
252 5064 346 5122 Ed.
377 5066 579 5159 Parim,
605 5084 730 5144 pag.
762 5073 885 5132 185.
924 5141 935 5149 ι
965 5077 1009 5109 ⁸⁸
1032 5076 1179 5133 Psal.
1208 5093 1320 5143 ets,
1350 5078 1405 5134 l.
1482 5080 1527 5110 “
1563 5078 1687 5136 Rou

1789 5098 1853 5139 'ut
1877 5123 1893 5151 ,
1926 5084 1993 5138 l7

152 5261 227 5397 $3?
255 5264 426 5397 ista

90 5332 420 5477 ﬁgam?
443 5332 722 5411 σημαίνει,
743 5354 799 5401 et
819 5360 941 5402 mox
970 5353 1164 5421 μεγαλ.
1200 5357 1294 5411 καὶ
1312 5359 1411 5432 τὴν
1445 5363 1637 5418 αὐθεκ.

151 5471 223 5539 t8)
256 5471 313 5525 ’ό
338 5474 584 5533 πάντων
626 5480 658 5534 ἐ

86 5537 115 5589 ο
134 5537 334 5629 suo?"
365 5548 577 5674 iw
603 5537 856 5633 ᾳάῖρξιὲοξέ
880 5537 1081 5614 ἆὲἷἭζ

154 5608 222 5674 (θ)
284 5614 367 5668 9r
482 5635 537 5674 ε.
568 5618 661 5674 Su:
694 5624 995 5674 leuandum-
1028 5628 1081 5674 Si

154 5608 1223 5720 gLZ.l3geit2u—nt.r$:t.attm
1250 5638 1509 5720 ξΧριστοὶ
1539 5660 1634 5712 γε-

299 5700 318 5737 ι
346 5703 454 5745 non
484 5693 789 5762 γενήσοντι.
836 5696 1011 5755 Erunt
1043 5702 1119 5757 illi
1152 5693 1363 5763 elisisti.
1396 5710 1467 5768 Il.

1738 5714 1935 5799 φησιν(
1948 5714 2053 5799 his};
2095 5718 2294 5786 φήσας)
2310 5714 2522 5799 eum“;
2542 5714 2710 5789 'vut'go
2732 5714 2935 5799 Κῦριον
2951 5714 3090 5799 [τὸν]

1818 5293 1930 5366 (l0)
1957 5295 2067 5350 Ναί
2098 5295 2223 5365 μὴν
2242 5298 2361 5372 -καὶ
2391 5297 2668 5371 σώμασιν
2698 5304 3023 5372 οὐρανίοις.
3066 5305 3141 5361 De
3172 5307 3335 5362 clasi-

1749 5374 1859 5419 ttue
1889 5369 2631 5445 corporuurglorilicatorum
2660 5369 2919 5445 intelligit
2943 5394 2960 5430 :
2980 5369 3083 5430 ἰιιιί
3106 5383 3329 5445 quidam

1746 5436 1933 5505 tttisol,
1972 5437 2063 5489 alii
2100 5447 2157 5489 ttt
2182 5438 2332 5500 luna,
2368 5442 2680 5496 radiabunt.
2723 5436 2887 5499 Stella
2920 5446 3064 5501 enim
3104 5436 3137 5499 a-
3170 5450 3330 5505 Stetla

880 5486 1175 5589 ἕξειὲξει»,
1211 5500 1515 5568 τηνικαῦτα
1544 5506 1639 5558 καὶ

1789 5486 1943 5589 ἰάσι-ι’.
1967 5516 2022 5559 et
2044 5509 2122 5589 sic
2144 5517 2228 5589 est
2253 5486 2585 5567 resurrectio
2608 5486 2970 5570 mortuorum.
3014 5515 3087 5569 ll.
3110 5544 3183 5557 —
3214 5486 3322 5589 ιιρῖ

1739 5573 1873 5637 νίοις
1901 5577 2020 5646 loco
2039 5576 2332 5646 οὐρανίοις.

1811 5647 1859 5711 (l
1877 5644 1925 5715 l)
1962 5643 2127 5714 Vuko
2150 5646 2206 5699 δὲ
2226 5647 2499 5719 παρίστας
2535 5651 2953 5736 (παρίστηΙΜυ.)
2980 5652 3135 5777 [sui]f
3164 5658 3329 5722 αὐτός

1811 5714 2053 5777 σινιΜδε
2095 5718 2294 5777 φήσας)
2320 5732 2371 5771 et
2402 5737 2522 5773 unus
2554 5728 2710 5777 vuluo
2732 5724 3089 5777 ΚυριονίτὸνΙ
3133 5742 3189 5777 σ.
3217 5728 3323 5777 Xo.

1806 5728 2053 5784 ισινίηιδε
2095 5728 2294 5786 φησας)
2320 5732 2371 5771 et
2402 5737 2522 5773 unus
2554 5728 2710 5789 vulgo
2732 5728 2935 5795 Κύριον
2951 5728 3066 5796 [τὸν
3078 5728 3090 5795 j
3114 5728 3189 5780 ίσ.
3217 5728 3323 5799 Χρ.

1806 5784 1919 5855 (12)
1952 5786 2311 5857 Σύμμορφον
2333 5787 2410 5854 τῷ
2429 5789 2675 5861 σώματι.
2699 5798 2851 5850 Adde
2873 5794 3149 5861 γενέσθαι.
3194 5798 3266 5853 Ι.
