4048 6322
234 371 374 432 N33

1138 370 1241 450 [DE
1274 371 1823 433 ECCLESIASTICA
1860 372 2265 433 THEOLOGIA
2301 375 2433 433 LIB.
2468 374 2558 434 Ill.

3336 378 3471 438 1036

226 486 358 559 ludi;
393 488 613 542 ὲνοικῶν
644 490 703 542 ὲν
738 490 950 557 αὐτοῖς,
974 491 1068 544 καὶ
1092 489 1481 562 ἐμπεριπατῶν
1510 492 1567 543 ιν
1595 490 1786 555 αὐτοῖς.

1903 493 2105 557 bitans,
2138 494 2188 547 in
2219 491 2325 548 illis
2356 492 2659 559 ambulans,
2686 505 2788 552 nec
2823 492 3146 565 dedignatus
3187 507 3310 551 esse
3353 496 3478 553 illo-

227 577 324 633 καὶ
361 579 491 643 Θεὸς
525 580 701 633 αὐτῶν
738 582 839 635 οὐκ
882 580 1128 648 ἀπαξιῶν
1166 577 1324 645 εἶναι,
1357 581 1482 635 λαόν
1530 598 1589 635 τε
1625 581 1791 636 αὐτοῦ

226 668 351 732 τοὺς
383 670 592 733 πάντας
629 670 1019 740 οἰκειούμενος.
1067 669 1222 724 υῠτω
1265 672 1364 741 μὲν
1395 671 1495 726 οὐκ
1545 670 1703 725 ἔσται
1733 672 1793 725 ιν

224 760 428 825 αὐτοῖς,
467 759 542 825 ὡς
574 762 668 814 καὶ
706 762 765 814 ὲν
803 762 952 833 αὐτῷ
974 762 1189 832 λέγεται
1225 759 1364 824 εἶναι
1407 762 1485 833 τῷ
1514 764 1800 835 1'14»,an-

223 848 302 915 ὼς
332 849 570 906 διδάσκει
613 850 784 921 λέγων
812 853 996 918 αὐτὸς,
1032 855 1090 907 '0
1116 854 1319 924 Πατὴρ
1359 854 1431 909 ἐν
1460 856 1609 924 ἐμοὶ,
1638 855 1801 926 κάγὼ

220 940 295 995 ἐν
333 941 414 1008 τῷ
460 944 677 1011 Πατρί·
727 944 819 998 καὶ
862 944 1045 998 πάντα
1074 945 1131 999 δὲ
1176 946 1328 1000 ἔσται
1366 949 1426 1001 εν
1463 948 1664 1011 αὐτοῖς,
1719 948 1799 1019 τῷ

223 1033 389 1087 πᾶσιν
430 1033 620 1087 ἑαυτὸν
665 1034 950 1106 παρέχειν,
993 1037 1113 1090 καθ’
1142 1038 1172 1090 ὃ
1215 1041 1248 1110 ἡ
1296 1039 1527 1093 ἑκάστου
1571 1039 1797 1112 δύναμις

222 1126 391 1195 χωρεῖ
426 1124 524 1195 τῆς
550 1124 711 1180 αὑτοῦ
742 1125 993 1196 θεότητος
1022 1128 1450 1200 μεταλαγχάνειν
1469 1147 1485 1161 ν
1516 1130 1617 1201 τῆς
1648 1148 1801 1202 τρισ-

224 1216 500 1287 μακαρίας
521 1216 732 1280 ὲλπίδος
753 1217 847 1271 καὶ
869 1218 972 1288 τῆς
995 1220 1357 1291 ἀτελευτήτου
1384 1222 1478 1275 καὶ
1516 1220 1795 1294 ἀφθάρτου

220 1301 371 1376 ζωῆς
397 1308 453 1359 ὲν
475 1306 646 1379 τούτῳ
670 1309 1150 1380 καταστησομένης
1170 1310 1249 1381 τῷ
1276 1311 1440 1377 τέλει,
1469 1314 1528 1365 ἐν
1632 1314 1662 1364 6
1699 1314 1797 1383 μὲν

218 1395 354 1460 Θεδς
384 1396 536 1451 ἔσται
581 1398 758 1453 πάντα
794 1402 853 1454 έν
896 1402 1030 1455 πᾶσι
1075 1401 1211 1471 (15),
1245 1406 1365 1465 ταῖς
1411 1402 1514 1472 τῆς
1545 1403 1797 1474 θεότητος

219 1486 385 1540 αὐτοῦ
431 1494 816 1562 μαρμαρυγαῖς
855 1492 1079 1546 ἀλέκτου
1127 1494 1305 1559 φωτὸς
1350 1494 1640 1577 ἐμπιπλῶν
1668 1498 1794 1560 τοὺς

218 1577 447 1644 πάντας·
470 1584 499 1635 6
516 1581 573 1635 δὲ
597 1582 725 1647 Υίδς
744 1584 1171 1656 εναγαλλόμενος
1200 1588 1293 1639 καὶ
1326 1588 1530 1657 χαίρων
1562 1586 1639 1657 τῷ
1664 1605 1796 1642 κατ-

221 1669 535 1743 ορθώματι,
572 1674 836 1743 στεφάνου
866 1677 1021 1746 δίκην
1066 1676 1419 1748 περιθέμενος
1450 1680 1574 1741 τοὺς
1605 1678 1672 1731 δι’
1698 1680 1795 1731 αύ-

216 1760 314 1814 τοῦ
358 1763 461 1833 τῆς
496 1765 894 1838 μακαριότητος
940 1768 1305 1838 ἠξιωμένους,
1343 1769 1448 1820 ὑπὸ
1488 1769 1667 1839 ὲφόρῳ
1714 1769 1793 1841 τῷ

218 1853 413 1925 Πατρὶ,
440 1854 538 1925 τὴν
568 1856 760 1929 ἀγήρω
788 1860 881 1911 καὶ
913 1859 1266 1931 ἀτελεύτητον
1298 1858 1596 1912 διατελέσει
1631 1860 1788 1930 βασι-

216 1942 385 2007 λείαν,
413 1946 521 1999 τῶν
562 1947 689 2019 περὶ
726 1948 887 2002 αὐτοῦ
920 1949 1115 2018 λογίων
1148 1949 1447 2020 τηνικαῦτα
1495 1950 1789 2022 πληρωθη-

217 2034 480 2106 σομένων,
508 2037 616 2091 τῶν
652 2056 710 2091 τε
740 2040 937 2103 ἄλλων,
972 2040 1111 2112 άταρ
1156 2040 1221 2111 δὴ
1250 2043 1342 2094 καὶ
1366 2042 1474 2096 τῶν
1499 2041 1594 2095 τοῦ
1627 2042 1792 2111 ἀγγέ-

214 2125 309 2180 λου
331 2128 572 2200 Γαϐριὴλ
604 2129 739 2201 πρὸς
770 2132 871 2203 τὴν
898 2134 1165 2201 παναγίαν
1192 2132 1464 2203 Παρθένον
1488 2136 1790 2205 εἰρημένων

214 2217 348 2289 περὶ
379 2217 475 2272 τοῦ
501 2219 558 2286 ἐξ
592 2221 761 2290 αὐτῆς
782 2222 1197 2294 τεχθησομένου,
1241 2224 1337 2291 Ὠς
1359 2224 1475 2294 ἄρα
1494 2227 1789 2291 ,βασιλεύ-

209 2322 312 2365 σει
353 2312 441 2377 είς
492 2311 633 2378 τοὺς
668 2311 911 2379 αίῶνας,
946 2314 1046 2369 καί
1091 2315 1203 2384 τῆς
1248 2317 1573 2386 ,βασιλείας
1604 2320 1790 2375 αὐτοῦ

212 2403 327 2457 οὐκ
360 2400 531 2456 ἔσται
560 2404 755 2471 τέλος.
784 2404 1089 2461 Βασιλεύων
1116 2407 1227 2477 (16)
1254 2408 1319 2479 δὴ
1338 2410 1459 2464 τότε
1480 2413 1511 2465 6
1539 2412 1666 2477 Υἱὸς
1692 2412 1788 2467 τοῦ

210 2489 351 2565 Θεοῦ
378 2492 505 2556 τοὺς
538 2493 629 2547 ὑπ’
658 2493 806 2565 αὐτῷ
834 2493 1280 2566 βασιλευομένους
1308 2498 1513 2563 πάντας
1529 2500 1604 2571 τῷ
1625 2502 1787 2555 αὑτοῦ

210 2583 526 2654 παραδώσει
555 2585 750 2656 Πατρὶ,
779 2586 839 2638 οὐ
862 2586 1198 2658 παυησόμενος
1229 2590 1327 2657 τῆς
1354 2588 1647 2659 βασιλείας,
1680 2593 1788 2647 οὐδ’

209 2674 740 2748 ἀναχωρῶνίαὺτῆς·
770 2678 890 2731 οὐδὲ
923 2678 1031 2750 γάρ
1066 2679 1332 2733 παύεσθαι
1375 2681 1537 2735 αὐτὸν
1564 2683 1663 2753 τῆς
1696 2684 1789 2754 βα-

208 2765 422 2829 σιλείας
455 2768 484 2820 6
517 2766 655 2830 θεῖος
699 2768 1013 2831 Ἀπόστολος
1045 2760 1148 2840 ἔφη
1190 2770 1320 2840 (17),
1364 2767 1400 2842 ἦ
1449 2771 1559 2843 γάρ
1592 2774 1657 2827 ἂν
1695 2777 1789 2829 τά-

209 2855 407 2911 ναντία
433 2856 637 2931 ἔγραψε
664 2860 741 2929 τῷ
768 2860 1007 2931 Γαϐριὴλ
1038 2861 1150 2930 (l8)
1180 2861 1497 2917 θεσπίσαντι
1527 2864 1664 2935 πρὸς
1691 2864 1788 2937 τὴν

206 2946 485 3018 Παρθένον
522 2946 861 3017 βασιλεύσειν
892 2950 1051 3003 αὐτὸν
1084 2954 1161 3013 είς
1190 2953 1314 3015 τοὺς
1343 2951 1543 3016 αίῶνας
1570 2952 1665 3005 καὶ
1689 2954 1787 3024 τῆς

207 3034 489 3107 βασιλείας
524 3039 688 3093 αὐτοῦ
724 3039 834 3111 (19)
870 3040 943 3112 μὴ
977 3042 1191 3097 ἔσεσθαι
1223 3044 1392 3109 τέλος,
1430 3043 1564 3097 ἀλλά
1607 3060 1786 3116 παρα-

202 3127 413 3184 δώσειν
444 3131 542 3201 τὴν
575 3130 882 3200 βασιλείαν,
915 3133 1116 3204 δηλαδὴ
1149 3136 1274 3199 τοὺς
1320 3136 1413 3187 ὑπ’
1441 3135 1589 3206 αὐτῷ
1636 3135 1785 3206 βασι-

204 3218 529 3293 λευομένους
550 3221 627 3291 τῷ
650 3222 767 3292 Θεῷ
790 3223 883 3276 καὶ
911 3224 1103 3295 Πατρί.
1128 3225 1524 3292 Τελειωθέντας
1552 3228 1661 3299 γὰρ
1691 3230 1785 3282 ὑπ’

202 3311 360 3380 αὐτῷ
402 3313 524 3376 τοὺς
568 3313 793 3378 πάντας,
828 3314 1025 3368 ὡσανεὶ
1074 3316 1185 3386 (20)
1234 3317 1654 3389 φαιδρυνομένος
1708 3321 1787 3391 τῷ

204 3398 613 3471 κατορθώματι,
643 3400 953 3474 παραδώσει
991 3401 1070 3472 τῷ
1098 3404 1273 3473 Πατρί
1290 3421 1303 3433 ·
1336 3400 1425 3459 οἷά
1455 3424 1577 3461 τινα
1610 3425 1787 3478 παρα-

202 3490 384 3559 θήκην
416 3489 870 3562 ἀτωδεδεγμένος·
907 3494 935 3545 ὃ
970 3494 1079 3564 (21)
1108 3494 1171 3566 δὴ
1200 3494 1439 3551 διδάσκει
1484 3497 1659 3568 λέγων
1691 3504 1787 3555 αύ-

203 3582 321 3644 τὺς,
365 3580 563 3636 Πάντα
594 3599 697 3651 μοι
726 3583 1020 3653 παρεδόθη
1055 3586 1172 3649 om)
1216 3587 1323 3640 τοῦ
1356 3593 1585 3658 Πατρός
1628 3610 1781 3661 μου·

201 3672 293 3725 διὸ
317 3672 639 3737 ἀκολούθως,
665 3670 752 3728 οἶα
780 3670 953 3747 φύλαξ
970 3677 1191 3747 ἀγαθὸς,
1223 3678 1365 3731 σῶαν
1393 3682 1485 3734 καὶ
1513 3682 1623 3752 (3.2)
1647 3684 1787 3739 κατά

205 3763 389 3816 πάντα
418 3764 735 3838 ἐρρωμένην
768 3768 865 3839 τὴν
901 3770 1226 3841 παραθήκην
1260 3772 1439 3843 φέρων
1474 3775 1785 3844 παραδώσει

200 3855 292 3925 τῷ
316 3854 431 3925 Θεῷ
466 3857 599 3927 (25),
643 3859 944 3931 ἀρχιερέως
987 3862 1162 3933 δίκην,
1206 3867 1332 3929 τοὺς
1368 3865 1458 3916 ὑπ’
1488 3866 1635 3936 αὐτῷ
1669 3866 1783 3939 (24)

212 3948 584 4020 ίερουμένους,
616 3949 821 4015 πάντας
844 3952 1214 4024 λευχειμονας,
1263 3958 1355 4009 καὶ
1382 3956 1620 4031 ὡσπερεὶ⁵
1648 3959 1786 4030 λαμ-

201 4040 508 4111 προτάταις
550 4043 762 4106 στολαῖς
805 4047 917 4109 τοῖς
960 4046 1059 4117 τῆς
1102 4048 1451 4112 ἀναστάσεως
1489 4050 1785 4123 ἀφθάρτοις

202 4130 457 4203 σώμασιν
507 4132 976 4206 ἐξαστράπτοντας
1030 4138 1307 4210 παριστῶν
1360 4140 1530 4211 αὐτῷ,
1585 4142 1673 4197 ίνα
1708 4144 1784 4214 μὴ

188 4223 382 4295 ’μόνης
409 4224 510 4295 τῆς
534 4227 625 4279 ὑπ’
650 4226 797 4298 αὐτῷ
821 4228 1096 4297 βασιλείας
1126 4232 1489 4302 ἀπολαύωσιν,
1522 4236 1658 4289 άλλά
1693 4239 1785 4291 καὶ

199 4310 318 4367 τῶν
366 4312 460 4366 τοῦ
510 4314 723 4386 Πατρὸς
785 4318 1039 4391 ἀρρήτων
1100 4321 1321 4389 ἀγαθῶν
1381 4324 1787 4394 ὲμπιπλῶνται.

199 4400 363 4458 Οὕτω
393 4403 501 4478 γάρ
524 4404 693 4473 ἔσται,
717 4409 857 4462 κατά
875 4411 965 4463 τὸν
981 4413 1316 4479 Ἀπόστολον,
1336 4417 1393 4469 '0
1423 4417 1565 4481 Θεὸς
1590 4417 1784 4471 πάντα

1812 3174 1859 3237 C

1912 596 2032 638 rum
2074 583 2245 648 Deus,
2272 597 2394 638 cum
2427 583 2481 637 in
2520 582 2779 653 populum
2813 582 2916 640 sibi
2939 587 3131 640 omnes
3163 589 3481 658 appropria-

1911 675 2067 729 verit.
2110 674 2227 730 Non
2275 686 2452 729 autem
2492 675 2597 729 erit
2640 675 2707 731 ad
2745 689 2869 732 eum
2934 676 3153 732 modum
3199 677 3255 732 in
3300 677 3476 749 ipsis,

1900 764 2352 831 quemadmodum
2397 763 2595 821 dicitur
2625 764 2679 820 in
2723 763 2863 819 Filio
2888 777 3030 828 esse,
3056 765 3123 821 de
3153 782 3262 836 quo
3291 768 3475 835 docet,

1901 852 2064 909 Pater
2099 855 2155 909 in
2193 872 2294 921 nte,
2322 866 2373 911 et
2409 872 2502 925 ego
2546 857 2601 911 in
2632 854 2794 911 Putre
2813 857 2899 926 ";
2927 858 3107 912 omnia
3136 869 3317 915 autem
3359 869 3476 917 tum

1899 945 2005 1001 illis
2032 947 2166 1012 erit,
2208 946 2351 1017 quod
2380 962 2438 1003 se
2487 954 2597 1003 tu‘m
2647 948 2902 1004 omnibus
2939 950 3218 1006 exhibebit
3243 995 3258 1019 ,
3312 959 3479 1021 prout

1897 1037 2315 1107 uniuscujusque
2362 1036 2592 1093 facultas
2640 1039 2784 1095 illius
2834 1040 3092 1095 deitatem
3133 1050 3313 1111 potest
3374 1057 3474 1099 ca-

1898 1141 2025 1195 pere
2051 1166 2069 1192 ,
2098 1143 2218 1183 cum
2248 1143 2372 1199 spes
2402 1130 2754 1186 beatitudinis
2798 1128 2852 1186 et
2891 1132 3017 1187 vita
3054 1133 3478 1193 interminabilis

1895 1228 1949 1272 et
1980 1220 2404 1289 incorruptibilis
2439 1221 2493 1276 in
2534 1236 2601 1276 eo
2633 1222 2739 1278 sita
2779 1223 2850 1282 sit
2886 1223 2993 1278 line
3016 1263 3035 1291 ,
3074 1226 3291 1293 quando
3333 1225 3477 1285 Deus

1896 1309 2108 1364 futurus
2148 1321 2234 1365 est
2284 1312 2465 1367 omnia
2516 1313 2573 1367 in
2620 1314 2905 1377 omnibus.
2948 1315 3246 1385 adimplens
3285 1332 3476 1374 omnes

1895 1396 2061 1451 radiis
2086 1412 2199 1453 suae
2229 1399 2447 1455 deitatis
2488 1400 2867 1459 indeiicientis.
2909 1403 3079 1461 Filius
3114 1414 3295 1461 autem
3346 1417 3476 1462 tunc

1894 1489 2170 1543 exsultans
2224 1476 2456 1558 gaudio,
2516 1502 2574 1547 et
2638 1494 2807 1550 veluti
2865 1497 3192 1553 victoriosus
3266 1499 3476 1555 athleta

1894 1582 2383 1649 triumphabundus
2441 1598 2645 1643 corona
2697 1601 2887 1642 eorum
2948 1588 3288 1658 redimietur,
3335 1605 3475 1661 quos

1892 1667 2224 1725 beatitudine
2273 1674 2466 1743 dignos
2507 1676 2741 1744 habitos,
2791 1677 2953 1734 Patre
3015 1695 3114 1735 suo
3156 1691 3474 1751 spectante,

1894 1774 2059 1829 regno
2112 1762 2442 1821 indelicienti
2481 1778 2535 1821 et
2577 1783 2684 1823 non
2740 1770 3099 1827 veterascenti
3158 1788 3476 1829 remunera-

1824 1842 1863 1896 Β
1893 1860 2046 1906 turus
2077 1862 2181 1909 est.
2220 1852 2459 1924 lmpletis
2491 1861 2559 1913 de
2580 1874 2648 1915 eo
2680 1869 2792 1914 tum
2825 1862 3024 1918 divinis
3062 1864 3322 1931 oraculis,
3349 1880 3474 1921 cum

1892 1940 2011 1997 aliis
2046 1952 2156 1998 tum
2196 1946 2288 2001 illo
2314 1946 2582 2006 Gabrielis
2612 1952 2790 2023 angeli
2817 1954 2885 2008 ad
2911 1955 3313 2010 sanctissimam
3348 1956 3474 2013 Vir-

1891 2035 2068 2102 ginem
2100 2040 2159 2100 ἦ(
2186 2039 2394 2105 prolato
2423 2041 2488 2095 de
2510 2040 2651 2096 Filio
2672 2057 2741 2098 ex
2760 2058 2824 2100 ea
2856 2050 3290 2116 progenerando,
3320 2048 3472 2113 Quod

1891 2136 2203 2194 regnaturus
2229 2130 2298 2182 sit
2332 2130 2386 2184 in
2421 2141 2694 2201 internum,
2722 2146 2771 2189 et
2796 2139 2956 2208 regni
2982 2138 3097 2205 eius
3139 2156 3244 2193 non
3273 2142 3372 2194 erit
3406 2142 3476 2209 ﬁ-

1890 2217 1972 2268 nis
1996 2217 2063 2272 ἰ.
2109 2216 2362 2289 Regnans
2403 2235 2469 2277 eo
2500 2232 2741 2296 tempore
2781 2226 2875 2282 Dei
2920 2226 3115 2295 Filius,
3160 2245 3349 2286 omnes
3378 2246 3476 2287 eos

1890 2307 1981 2376 qui
2013 2309 2113 2364 sub
2146 2310 2263 2380 ipso
2302 2321 2426 2367 sunt
2455 2318 2730 2385 regnaturi
2778 2319 3072 2375 traditurus
3107 2332 3193 2376 est
3228 2330 3338 2376 tum
3374 2338 3475 2379 suo

1889 2398 2036 2455 Patri
2062 2418 2076 2457 :
2098 2416 2204 2457 non
2234 2405 2450 2473 quidem
2477 2407 2731 2465 desinens
2761 2410 2875 2480 ipse
2899 2426 3128 2483 regnare
3156 2414 3472 2504 aliquando.

1890 2505 1992 2548 nec
2031 2496 2221 2563 quovis
2255 2506 2499 2569 tempore
2536 2517 2701 2577 regno
2751 2519 2810 2560 se
2844 2507 3105 2564 abdicans
3148 2510 3283 2580 (nec
3325 2496 3473 2565 enim

1889 2599 2120 2655 regnare
2177 2588 2473 2645 desiturum
2531 2594 2825 2664 aliquando
2876 2615 3000 2655 eum
3050 2601 3263 2658 divinus
3322 2603 3474 2674 Αροε-

1888 2675 2059 2732 stolus
2084 2678 2369 2736 aﬂirmavit
2387 2700 2401 2749 ;
2432 2682 2509 2739 ita
2544 2688 2689 2742 enim
2718 2686 2955 2747 Gabriell
2980 2696 3252 2750 contraria
3283 2707 3476 2767 protu-

1888 2765 2040 2823 lisset
2085 2771 2177 2840 qui
2228 2772 2429 2845 Virgini
2470 2778 2641 2843 dixit,
2691 2792 3039 2849 regnaturum
3090 2784 3239 2843 illum
3277 2765 3330 2843 in
3369 2803 3475 2846 sa-

1888 2859 2046 2925 cula,
2088 2876 2187 2917 nec
2229 2860 2469 2946 futurum
2510 2870 2798 2938 aliquando
2841 2877 2989 2945 regni
3042 2876 3188 2933 illius
3227 2878 3476 2956 tinem);

1887 2951 1985 3004 sed
2014 2950 2152 3006 dixit
2188 2956 2510 3010 traditurum
2559 2976 2785 3031 regnum
2822 2979 2977 3019 suum
3016 2966 3203 3035 Patri,
3242 2970 3348 3027 hoc
3390 2950 3477 3029 est

1890 3038 2012 3095 illos
2041 3042 2095 3096 in
2129 3058 2265 3113 quos
2296 3047 2575 3104 obtinebat
2610 3065 2851 3122 regnum.
2879 3055 3296 3117 Consummatos
3325 3066 3474 3121 enim

1890 3132 1957 3186 ab
1996 3133 2112 3201 ipso
2138 3135 2280 3200 illos,
2307 3149 2361 3189 et
2393 3149 2650 3211 tanquam
2683 3158 2781 3198 suo
2808 3146 3043 3214 glorioso
3068 3148 3313 3208 facinore
3346 3154 3475 3210 illu-

1888 3230 2110 3290 stratos,
2153 3224 2524 3295 Patritradet,
2569 3244 2822 3305 tanquam
2854 3240 3122 3307 quoddam
3160 3242 3471 3314 depositum

1888 3314 2236 3371 manifestum
2277 3338 2289 3373 :
2324 3325 2467 3389 quod
2506 3336 2561 3378 et
2596 3326 2712 3395 ipse
2752 3328 2910 3383 docet
2947 3332 3235 3401 inquiens:
3275 3334 3473 3393 Omnia

1888 3406 2021 3460 milii
2058 3411 2256 3465 tradita
2299 3426 2420 3467 sunt
2461 3434 2493 3470 a
2540 3404 2703 3474 Patre
2734 3438 2847 3476 meo
2869 3426 2935 3478 ⁸².
2988 3425 3254 3492 Quocirca
3306 3431 3474 3488 veluti

1887 3498 2092 3568 probus
2132 3502 2359 3573 depositi
2404 3519 2619 3575 custos,
2662 3512 2963 3584 depositum
3005 3518 3215 3573 salvum
3260 3533 3471 3580 sartum

1891 3599 2200 3663 tectumque
2226 3599 2503 3655 exhibebit
2528 3599 2658 3669 Deo,
2683 3607 2751 3662 ad
2780 3607 2949 3662 instar
2976 3608 3257 3667 Pontiﬁcis
3281 3629 3475 3674 omnes

1888 3682 2024 3739 albis
2050 3689 2298 3755 amictos,
2324 3702 2376 3745 et
2410 3698 2729 3763 corporibus
2762 3699 3183 3767 immortalibus,
3214 3716 3470 3775 tanquam

1887 3774 2038 3831 stolis
2068 3781 2469 3838 candidissimis
2502 3787 2777 3844 radiantes
2807 3792 2880 3843 illi
2919 3793 2969 3845 in
3001 3809 3194 3847 manus
3222 3774 3468 3866 tradens,

1886 3878 1947 3920 ut
1981 3883 2087 3922 non
2127 3872 2288 3933 modo
2324 3877 2421 3929 sub
2463 3876 2550 3931 illo
2583 3877 2835 3934 fruantur
2869 3896 3064 3953 regno,
3111 3886 3207 3939 sed
3244 3888 3471 3956 insuper

1887 3958 2168 4028 adimpleri
2232 3966 2443 4031 possint
2500 3965 2857 4025 ineﬂ'abilibus
2914 3972 3091 4029 Patris
3132 3976 3214 4029 sui
3266 3975 3466 4034 bonis:

1886 4057 2048 4117 atque
2087 4053 2161 4106 ita
2212 4052 2424 4111 futurus
2461 4070 2564 4123 σει,
2591 4063 2888 4117 secundum
2941 4066 3185 4131 Apostoli
3220 4067 3422 4123 dictum
3448 4107 3470 4140 ,

1888 4137 2025 4195 Deus
2068 4148 2247 4198 omnia
2286 4148 2338 4199 in
2386 4152 2625 4204 omnibus
2651 4151 2696 4183 ”
2721 4192 2736 4216 ,
2778 4168 2901 4206 cum
2952 4139 2992 4207 F
3000 4154 3122 4212 ilius
3160 4173 3291 4213 suos
3332 4162 3466 4218 sub-

1886 4230 2024 4285 ditos
2056 4247 2542 4303 repraesentaturus
2568 4252 2651 4295 est
2681 4243 2804 4312 ipsi,
2835 4254 2893 4297 ut
2924 4245 3039 4315 ipse
3058 4246 3220 4302 Pater
3238 4264 3469 4318 pernm-

1886 4323 1971 4374 nia
2005 4324 2075 4377 sit
2104 4325 2157 4378 in
2189 4330 2441 4383 omnibus
2465 4334 2668 4387 niiinia.
2696 4332 2829 4388 Nam
2856 4346 2913 4391 ut
2945 4348 3065 4391 erat
3096 4339 3212 4410 ipse
3239 4342 3292 4394 in
3324 4340 3468 4401 Filio

1884 4428 1981 4467 suo
1996 4415 2147 4482 olim,
2158 4418 2311 4487 juxta
2345 4420 2469 4474 illud
2497 4439 2511 4473 :
2547 4420 2779 4479 Pateriu
2798 4443 2898 4490 me,
2928 4438 2975 4481 et
2988 4445 3081 4499 ego
3105 4432 3158 4484 in
3180 4431 3342 4487 Patre
3368 4434 3414 4467 ⁸⁸
3446 4476 3464 4504 ,

195 4493 276 4549 ἐν
311 4496 458 4550 πᾶσι
478 4538 494 4562 ,
546 4499 637 4552 τοῦ
686 4500 813 4554 Υίοῦ
847 4505 969 4567 τοὺς
1008 4504 1451 4577 βασιλευομένους
1481 4511 1779 4579 προσάγον-

1889 4507 1951 4560 ad
1979 4512 2224 4565 eumdem
2260 4518 2474 4569 modum
2498 4519 2601 4573 erit
2628 4528 2740 4574 tum
2769 4520 2822 4575 in
2856 4524 3108 4579 omnibus
3133 4540 3232 4594 per
3264 4528 3464 4586 Filium

197 4602 298 4649 τος
321 4586 486 4658 αὐτῷ,
516 4590 600 4645 ἵνα
635 4592 754 4645 ὅλον
775 4593 937 4647 τοῦτο
964 4597 1207 4666 γένηται,
1237 4600 1379 4665 λέγω
1406 4600 1461 4651 δὲ
1499 4601 1559 4653 τὸ
1590 4603 1774 4656 Πάντα

198 4678 266 4733 ὲν
295 4681 455 4735 πᾶσιν
484 4678 621 4738 εἶναι
656 4685 747 4739 τὸν
787 4688 1025 4758 Πατέρα.
1067 4690 1152 4751 Ὠς
1178 4690 1285 4761 γὰρ
1322 4687 1389 4761 ἦν
1425 4693 1687 4763 πρότερον
1717 4695 1774 4747 ὲν

196 4765 285 4836 τῷ
311 4767 441 4839 Υίῷ,
471 4772 611 4824 κατά
638 4774 721 4838 τὸ,
761 4774 825 4828 '0
862 4777 1067 4845 Πατὴρ
1097 4778 1167 4830 ἐν
1187 4780 1338 4847 ἐμοὶ,
1383 4780 1545 4850 κάγὼ
1582 4783 1651 4832 ἐν
1694 4780 1774 4846 τῷ

1882 4606 2291 4661 consummatis.
2335 4607 2449 4664 Non
2478 4613 2620 4667 enim
2652 4615 2946 4681 Apostolus
2976 4618 3128 4681 dixit,
3158 4619 3355 4674 Filium
3404 4637 3468 4679 se

1881 4705 1982 4745 suo
2018 4710 2184 4762 regno
2217 4700 2593 4757 abdicaturum
2634 4716 2689 4761 et
2721 4720 3074 4778 regnaturum
3110 4712 3279 4766 Deum
3313 4729 3327 4767 :
3366 4715 3465 4769 sed

1882 4782 2074 4840 Filium
2114 4788 2222 4845 Deo
2243 4802 2298 4845 et
2334 4792 2477 4849 Patri
2516 4812 2738 4867 regnum
2771 4805 3097 4858 traditurum
3128 4805 3337 4859 salvum
3370 4806 3465 4861 de-

280 4948 338 5006 ἆ
361 4941 456 4999 Ed.
475 4943 670 5013 Paris.,
690 4964 808 5021 pag.
830 4951 951 5007 187.
1026 4955 1072 4987 ’θ
1097 4954 1251 5010 Joan.
1276 4972 1329 5021 ι,
1347 4956 1433 5009 58.
1512 4959 1555 4990 ¹¹
1574 4960 1702 5018 Luc.
1721 4965 1786 5029 1,1

1889 4967 1976 5020 53.
2054 4969 2099 5001 ’ί
2120 4968 2251 5025 Luc.
2271 4989 2324 5041 κ,
2344 4973 2431 5029 22.
2511 4978 2595 5031 ³³1
2620 4972 2743 5037 Cur.
2771 4983 2970 5049 xv,*28.
3048 4982 3264 5041 “Joan.
3290 4999 3344 5050 ι,
3364 4982 3459 5043 58.

415 5122 579 5207 Xulgo
599 5129 719 5207 ταῖς
742 5145 800 5181 τε
830 5128 881 5184 θ.
914 5140 969 5185 et
1000 5147 1118 5188 mox
1144 5135 1401 5207 ἀλήκτου.

272 5189 363 5254 (16
415 5189 582 5263 Vulgo
607 5191 687 5251 δέ.

272 5198 384 5330 (17)
413 5264 581 5330 Vulgo
615 5268 669 5330 ἡ.

854 5342 1021 5414 πρός.
1070 5342 1186 5399 Non
1243 5358 1325 5401 est
1380 5366 1506 5407 vera
1573 5357 1756 5414 lectio.

188 5397 382 5486 [ﬁetque
403 5397 549 5486 enqu
572 5406 809 5486 Gabriel,
965 5397 1323 5486 beataVVirgo

187 5470 562 5561 etlegenduin
612 5489 695 5532 est
752 5470 1129 5561 θαυμάσασαν,
1192 5470 1759 5561 sensus—patet:

188 5538 568 5626 :ubstjtuenda
598 5561 705 5602 non
744 5538 1003 5607 occurrit.
1054 5538 1128 5610 Μί
1183 5538 1757 5626 -έίίῦἐάῖὶῗὶοὶὶἇῖ

186 5606 528 5665 θεσπίσαντι.

980 5766 1162 5850 Potest
1206 5771 1368 5850 etiam
1400 5775 1497 5850 legi
1527 5780 1763 5850 φαιδρυ-

182 5815 414 5889 ducto;
445 5815 609 5896 [quod
641 5815 761 5885 dedi
793 5815 1175 5911 ἀιιιιῖρόάῖἱῖἒ

468 5915 739 5984 Parnm.
787 5922 906 5986 Gn.
952 5928 1185 5993 XXIV.

1876 5158 2013 5214 tror,
2070 5167 2192 5207 cum
2226 5152 2405 5231 .illum
2448 5164 2721 5231 tanquam
2778 5161 3101 5231 choragum,
3160 5171 3215 5214 et
3272 5162 3459 5219 athle-

1876 5231 2009 5285 tam,
2063 5233 2117 5277 et
2172 5222 2710 5305 triumphabundunu,
2758 5233 2812 5283 in
2872 5222 2981 5287 hoc
3027 5222 3125 5287 su'o
3174 5233 3457 5305 κατορθώ-

1873 5306 2022 5359 ματι,
2050 5305 2175 5346 ante
2216 5294 2601 5362 designaverit.
2646 5294 2717 5353 Μ.

1942 5361 2053 5436 (2i)
2091 5361 2261 5432 Vulgo
2291 5361 2439 5436 deest
2468 5365 2558 5436 δή.

1936 5432 2049 5511 ςὲἓ)
2080 5435 2238 5511 Κατά
2267 5432 2917 5511 πςίνταμῡεεειίτρὸτιον.
2955 5442 3028 5497 Μ.

1934 5504 2045 5580 (Ξᾷ)
2081 5503 2409 5580 ᾍρχιερέως
2445 5504 2647 5574 δίκην.
2672 5503 2785 5565 Non
2810 5508 2869 5565 ut
2910 5514 3022 5580 ipse
3067 5516 3134 5568 sit
3168 5514 3237 5569 ad
3280 5516 3454 5570 instar

1861 5574 2150 5651 pontilicis,
2204 5590 2512 5651 quanquam
2550 5593 2739 5634 revera
2774 5584 2851 5651 rsit
2904 5574 3143 5651 pontifex
3199 5602 3213 5636 :
3257 5586 3349 5639 sed
3396 5599 3458 5642 ut

1863 5646 2053 5697 salvati
2107 5646 2238 5708 sint,
2272 5646 2339 5699 ad
2389 5648 2562 5700 instar
2604 5650 2879 5721 pontiﬁcis
2904 5646 3053 5775 ’λευξ

1864 5714 2232 5775 ὲρὸωμένους,
2266 5729 2295 5768 e
2328 5718 2701 5775 superioribus
2726 5733 2779 5775 et
2815 5722 3034 5775 ὡσπεοε

1864 5714 2232 5793 ἐρρωμένους,
2266 5729 2295 5793 e
2328 5714 2701 5793 superioribus
2726 5733 2779 5775 et
2815 5714 3034 5793 ὡσπερὲ

3056 5655 3103 5708 εί
3110 5672 3295 5727 μονες,
3331 5657 3457 5727 lego

1933 5727 2232 5785 ρωμενους,
2266 5729 2295 5768 e
2328 5727 2701 5782 superioribus
2726 5733 2779 5775 et
2815 5727 3073 5793 ὡσπερεί.
3120 5727 3192 5781 Μ.

1938 5786 2048 5858 (24)
2076 5786 2245 5855 Vulgo
2272 5786 2597 5856 ὲρουμένους
2622 5800 2678 5845 et
2710 5808 2830 5846 mox
2870 5793 2944 5857 ὡς
2980 5796 3124 5865 περί.

3098 5956 3179 6015 33
