4048 6322
216 355 365 417 εῡιδ

1140 349 1229 406 BE
1261 346 1797 408 ECCLESIASTICA
1835 345 2233 405 THEOLOGIA
2272 345 2403 403 LIB.
2441 342 2536 402 III.

3312 339 3454 401 ίθιῦ

219 432 470 547 ϐιότητα.
511 474 578 528 Τί
628 472 741 545 (58)
777 471 842 545 δὴ
874 464 968 526 οὖν
1005 469 1111 543 χρὴ
1140 468 1462 542 θαυμάζειν,
1493 471 1550 527 είΔ
1580 470 1674 524 καὶ
1698 470 1774 523 ὲπ⁴

1891 470 2119 525 vinitate
2151 483 2461 526 commune.
2490 466 2753 536 Quocirca
2787 479 2892 522 non
2937 472 3023 522 est
3059 462 3279 530 mirum,
3307 463 3352 518 si
3389 463 3465 522 de

215 563 319 618 τοῦ
353 562 506 628 Υἱοῦ,
536 565 591 617 αἱ
615 561 985 632 παραπλήσιοι
1011 559 1268 631 φέρονται
1295 559 1487 629 φωναίο
1515 559 1615 613 οὐκ
1637 562 1791 615 ἀναι-

219 654 415 727 ροῦσαι
460 655 557 725 μὶν
597 651 759 706 αὐτοῦ
799 651 898 723 τὴν
941 650 1237 704 ὑπόστασιν
1284 650 1395 704 οὐδ’
1440 650 1603 705 αὐτὸν
1650 647 1791 705 εἷναι

214 747 441 819 Πατέρα
464 746 557 801 καὶ
577 745 704 798 Υἰδν
726 744 1092 808 διδάσκουσαι,
1108 744 1207 817 τήν
1226 742 1284 796 δὲ
1304 741 1400 797 τοῦ
1422 743 1633 815 Πατρὺς
1655 743 1791 815 πρὸς

213 840 385 894 αὐτὸν
419 837 723 901 ἰδιάζουσαν
746 838 840 892 καὶ
881 835 1155 908 ἐξαίρετον
1194 834 1359 906 τιμὴν
1390 835 1485 888 καὶ
1510 834 1668 900 δόξαν
1692 834 1791 905 τῆς

214 930 540 1004 μονογενοῦς
564 930 660 985 καὶ
680 929 867 1002 θεῖκῆς
890 927 1175 992 κοινωνίας
1202 944 1269 981 πε
1277 926 1554 999 ριστῶσαι.

832 1104 990 1159 ΚΕΦ.
1030 1105 1163 1159 KA'.

210 1192 419 1264 ὀπως
446 1195 562 1268 χρὴ
582 1195 746 1252 νοεῖν
782 1194 1259 1335 τέέἐυ
1282 1194 1405 1266 ἐμὲ,
1435 1194 1655 1265 ἑόρακε
1689 1192 1788 1248 καὶ

287 1357 471 1423 Οὕτως
501 1352 595 1412 οὖν
619 1358 713 1412 καὶ
740 1359 773 1411 ό
799 1356 1067 1424 ἑωρακὼς
1089 1356 1275 1421 αὐτὸν,
1309 1354 1529 1423 ἑώρακε
1554 1352 1654 1408 καὶ
1681 1352 1790 1408 τόν

205 1450 471 1519 Πατέρα,
503 1448 582 1520 τῷ
616 1448 772 1519 μόνον
813 1449 975 1502 αὐτὸν
1014 1448 1108 1502 καὶ
1150 1449 1354 1519 μηδένα
1395 1447 1552 1502 ἄλλον
1585 1447 1789 1501 είκόνα

204 1538 355 1596 εῖναι
396 1540 503 1595 τοῦ
536 1540 683 1595 Θεοῦ
725 1539 830 1595 τοῦ
875 1539 1129 1608 ἀοράτου
1169 1540 1264 1593 καὶ
1308 1538 1646 1609 ἀπαύγασμα
1687 1540 1786 1608 τῆς

186 1634 370 1705 κδόξης
418 1634 514 1687 καὶ
557 1633 882 1705 χαρακτῆρα
928 1633 1028 1704 τῆς
1083 1634 1429 1697 ὑποστάσεως
1480 1631 1668 1697 αὑτοῦ,
1716 1632 1787 1685 ἐν

194 1722 414 1796 μορφῇ
457 1741 521 1779 τε
565 1723 713 1778 Θεοῦ
745 1724 1057 1794 ὑπάρχειν,
1092 1724 1234 1778 κατὰ
1282 1724 1381 1789 τὰς
1422 1723 1784 1787 ἀποστολικὰς

1892 562 2029 619 Filio
2076 562 2211 618 tales
2257 575 2416 617 voces
2461 567 2810 630 usurpentur,
2838 572 2960 629 quae
3000 556 3220 611 minime
3271 554 3463 610 tollant

1889 661 2073 708 tamen
2104 652 2275 720 ipsius
2301 650 2639 723 bypostasin,
2674 651 2870 703 nedum
2922 646 3248 702 confirmant
3280 646 3457 716 ipsum

1888 756 2010 800 esse
2038 752 2094 798 et
2125 742 2340 799 Patrem
2372 751 2429 798 et
2460 740 2658 796 Filium
2690 758 2703 793 :
2742 737 3113 793 tantummodo
3160 750 3461 806 reprmsen-

1888 843 2005 890 tant
2037 833 2188 890 illam
2231 833 2468 889 divinam
2508 830 2769 902 unigeniti
2818 826 2939 884 Filii
2989 828 3457 890 communionem.

1887 927 2172 993 honorem,
2207 934 2368 999 atque
2400 924 2650 996 gloriam,
2682 936 2844 992 quam
2885 936 2951 976 ex
2991 919 3080 975 illa
3112 933 3143 973 a
3170 918 3334 973 Patre
3358 932 3459 973 suo

1887 1018 2067 1075 habet.

2468 1106 2693 1164 CAPUT
2731 1106 2874 1164 XXI.

1889 1200 2162 1267 Quomodo
2199 1200 2420 1273 intelligi
2441 1201 2624 1325 de‘beﬁt
2638 1200 2777 1324 (illud
2798 1217 2817 1255 :
2837 1218 2858 1252 ι
2891 1197 2997 1266 Qui
3018 1197 3145 1253 uidit
3176 1212 3287 1264 me,
3325 1193 3459 1251 vidit

2471 1288 2499 1325 ε
2604 1289 2634 1324 a
2662 1286 2793 1325 rem.
2825 1290 2845 1323 ι

2471 1286 2520 1325 ει
2554 1286 2793 1325 νου-ειη.
2825 1290 2845 1323 ι

1950 1346 2031 1419 ita
2068 1378 2280 1434 quoque
2318 1372 2372 1417 et
2399 1363 2490 1434 qui
2520 1362 2671 1417 illum
2702 1361 2857 1426 vidit,
2884 1360 3017 1417 vidit
3045 1367 3093 1414 st
3136 1353 3447 1420 Patrem“,

1886 1466 1952 1506 eo
1982 1452 2123 1520 quod
2155 1452 2269 1521 ipse
2303 1450 2450 1506 solus
2474 1452 2571 1515 sit,
2610 1465 2717 1505 non
2751 1460 2932 1506 autem
2966 1450 3108 1504 alius
3140 1447 3412 1518 quispiam
3439 1483 3461 1513 ,

1885 1541 2072 1612 Imago
2102 1541 2201 1596 Dei
2222 1542 2499 1596 invisibilis
2513 1542 2581 1609 ",
2608 1549 2663 1597 et
2684 1542 2959 1597 emanatio
2976 1540 3248 1595 claritatis
3266 1538 3409 1593 illius
3439 1578 3458 1605 ,

1885 1645 1941 1689 et
1975 1637 2263 1690 character
2282 1650 2573 1704 expressus
2612 1638 2967 1707 bypostaseos
2999 1632 3118 1703 ejus
3140 1633 3257 1701 qui,
3288 1641 3347 1686 ut
3374 1630 3457 1687 io-

1886 1727 2071 1795 quitur
2106 1726 2423 1796 Apostolus,
2471 1727 2528 1780 in
2572 1726 2749 1796 forma
2794 1726 2891 1780 Dei
2932 1724 3204 1794 fuerat“.
3238 1723 3375 1779 Nam
3401 1733 3460 1779 ut

196 1812 576 1875 διδασκαλίας.
620 1812 706 1875 Ὠς
730 1812 838 1884 γὰρ
866 1812 960 1865 καὶ
983 1815 1013 1866 ό
1044 1810 1142 1883 τήν
1168 1812 1451 1885 βασιλικὴν
1473 1813 1656 1866 εἰκόνα
1678 1813 1774 1884 τὴν

1880 1816 1970 1885 qui
2002 1815 2288 1887 imaginem
2327 1816 2471 1884 regis
2505 1829 2843 1884 expressam,
2871 1829 2977 1885 qua
3003 1812 3267 1870 exactiori
3297 1817 3460 1869 modo

200 1904 298 1957 ἐπ’
324 1902 547 1976 ἀκριῦὲς
566 1903 1002 1974 ἀφωμοιωμένην
1024 1903 1172 1975 αὐτῷ
1190 1903 1511 1975 τεθεαμένος
1531 1905 1656 1969 τοὺς
1676 1904 1778 1975 τῆς

200 1992 426 2065 μορφῆς
450 1992 649 2057 τύπους
672 1992 762 2047 διὰ
790 1994 890 2066 τῆς
914 1994 1130 2066 γραφῆς
1159 1995 1607 2066 ἁποματτόμενος
1642 2012 1778 2066 φαν-

194 2083 484 2138 τασιοῦται
513 2084 606 2137 τὸν
638 2083 879 2154 βασιλέα,
905 2086 997 2140 τὸν
1034 2086 1198 2139 αὐτὸν
1237 2087 1459 2159 τρόπον,
1491 2085 1693 2158 μᾶλλον
1718 2087 1777 2142 δὲ

194 2176 348 2246 ὑπὲρ
379 2174 555 2231 πάντα
583 2176 694 2247 (59)
720 2176 876 2244 λόγον
915 2178 1112 2241 παντός
1147 2194 1207 2230 τε
1236 2178 1489 2232 ἐπέκεινα
1519 2179 1778 2250 παραδεί-

193 2282 435 2337 γματος,
459 2267 489 2320 ὁ
514 2264 589 2338 νῷ
611 2266 822 2336 διαυγεῖ
856 2268 949 2322 καὶ
976 2268 1153 2339 ψυχῆς
1181 2268 1614 2341 κεκαθαρμένοις
1638 2271 1777 2343 ἁγίῳ

192 2373 264 2411 τε
305 2356 584 2429 Πνεύματι
614 2357 1046 2427 πεφωτισμένοις
1085 2358 1296 2430 ὄμμασι
1340 2358 1418 2429 τῷ
1454 2376 1517 2414 τε
1560 2360 1775 2432 μεγέθει

192 2446 302 2519 τῆς
329 2447 422 2502 τοῦ
450 2448 766 2519 μονογενοῦς
791 2448 922 2502 Υίοῦ
941 2450 1036 2503 καὶ
1056 2451 1260 2522 Κυρίου
1288 2452 1569 2523 δυνάμεως
1593 2452 1776 2506 ἐνατε-

194 2537 378 2603 νίσας,
408 2541 502 2594 καὶ
541 2542 817 2611 ἐννοήσας,
841 2541 990 2606 ὅπως
1019 2542 1077 2595 ὲν
1104 2541 1253 2613 αύτῷ
1296 2547 1540 2599 κατοικεῖ
1569 2545 1677 2598 πᾶν
1713 2544 1775 2597 τὸ

192 2628 493 2700 πλήρωμα
516 2628 628 2698 τῆς
657 2629 947 2700 πατρικῆς
979 2633 1274 2700 θεότητος,
1304 2635 1397 2689 καὶ
1418 2634 1495 2698 ὼς
1522 2634 1590 2688 τὰ
1622 2636 1775 2689 σύα-

194 2732 401 2776 ιαντα
427 2718 514 2774 δι’
538 2720 723 2775 αὐτοῦ
750 2721 1004 2789 ἐγένετο,
1030 2723 1129 2777 καὶ
1162 2723 1232 2776 ἐν
1250 2722 1411 2789 αὐτῷ
1430 2724 1677 2794 ἐκτίσθη
1701 2724 1777 2779 τὰ

193 2808 421 2876 πάντα,
448 2808 521 2864 τὰ
546 2810 616 2865 ἐν
635 2810 761 2876 τοῖς
779 2812 1080 2880 οὐρανοῖς,
1114 2815 1214 2868 καὶ
1253 2814 1326 2871 τὰ
1360 2815 1459 2869 ἐπὶ
1488 2815 1598 2886 τῆς
1636 2815 1750 2888 τῆς

193 2900 270 2957 τὰ
298 2902 473 2975 ὁρατά
507 2904 602 2957 καὶ
644 2904 713 2958 τὰ
751 2904 977 2975 ἀόραταο
1022 2905 1376 2977 λογισάμενός
1414 2925 1475 2961 τε
1507 2909 1583 2972 ὡς
1614 2910 1774 2981 μόνον

195 2994 368 3051 αὑτὸν
406 2994 532 3049 Υίδν
567 2997 827 3067 μονογενῆ
868 2997 1059 3065 ἐγέννα
1093 2997 1123 3049 ὁ
1170 2997 1379 3069 Πατὴρ,
1425 2998 1566 3053 κατὰ
1598 3000 1773 3056 πάντα

195 3086 632 3157 ἀφωμοιωμένον
660 3087 811 3158 αὐτῷ
841 3087 1089 3158 δυνάμει,
1124 3088 1219 3142 καὶ
1263 3088 1424 3144 αὐτὸν
1460 3090 1649 3159 ὄψεται
1678 3091 1771 3146 τὸν

196 3178 443 3251 Πατέρα,
471 3178 560 3233 διὰ
580 3178 676 3233 τοῦ
706 3179 835 3234 Υίοῦ
862 3179 1253 3251 θεωρούμενον,
1272 3182 1382 3244 τοῖς
1406 3181 1506 3252 τήν
1534 3181 1769 3237 διάνοιαν

195 3268 649 3341 ηκαθᾶρμένοις,
677 3273 807 3343 περὶ
822 3265 897 3325 ὧν
918 3270 1131 3341 εἴρηται
1160 3272 1244 3335 τὸ,
1267 3272 1555 3341 Μακάριοι
1584 3276 1639 3329 οι
1667 3291 1773 3330 κα-

194 3360 369 3430 θαροί
397 3359 473 3430 τῇ
496 3360 730 3430 καρδίᾳ,
762 3361 853 3415 ὅτι
878 3362 1047 3416 αὐτοὶ
1080 3360 1188 3415 τὸν
1214 3361 1364 3415 Θεὸν
1390 3362 1661 3432 ὄψονται.

268 3450 457 3506 Ταῦτα
495 3452 592 3522 μὶν
620 3447 711 3507 οὖν
740 3451 1094 3525 προθεμένοις
1120 3454 1253 3524 ἡμῖν
1286 3451 1397 3523 (60)
1441 3454 1642 3509 σκοπὸν
1672 3454 1770 3526 τήν

196 3538 559 3612 βραχυλογίαν
579 3539 654 3604 ὡς
673 3542 732 3594 έν
750 3542 983 3612 ἐπιτομῇ
1007 3540 1388 3611 γεγυμνάσθω·
1425 3540 1682 3614 πλείστης
1709 3543 1768 3597 δὲ

191 3632 332 3703 δσης
357 3631 676 3706 ἐξεργασίας
710 3632 978 3703 δεομένων
1015 3632 1122 3686 τῶν
1150 3631 1291 3686 κατὰ
1316 3633 1409 3687 τὸν
1448 3634 1631 3698 τόπον,
1660 3635 1769 3705 ὅτῳ

194 3721 353 3793 μέλει
384 3723 483 3793 τῆς
517 3722 722 3777 τούτων
778 3720 1043 3794 ἀκριϐοῦς
1075 3723 1427 3795 καταλήψεως
1458 3727 1569 3790 τοῖς
1606 3725 1771 3794 εὐαγ-

192 3812 434 3883 γελικοῖς
457 3814 553 3870 καὶ
577 3814 949 3879 ἀποπολικοῖς
969 3814 1358 3886 ἁναγνώσμασι
1410 3817 1510 3888 τήν
1528 3817 1768 3872 διάνοιαν

191 3905 487 3978 ιπερείσας
509 3906 603 3960 τὸν
635 3906 812 3961 πάντα
838 3905 962 3961 νοῦν
986 3905 1047 3973 ἐξ
1076 3905 1253 3963 αὐτῶν
1289 3906 1382 3960 ἐπὶ
1413 3908 1611 3979 σχολῆς
1637 3908 1769 3963 ἀνα-

190 3994 426 4064 λέξεται·
474 3996 682 4069 μυρίων
709 4016 772 4067 γε
824 3998 927 4070 μὴν
970 4000 1065 4052 καὶ
1091 3998 1265 4053 ἄλλων
1292 4000 1678 4074 ἀσυναρτήτως
1709 4004 1767 4055 ὲν

189 4087 274 4159 τῷ
300 4089 617 4161 Μαρκέλλου
644 4091 1035 4161 συγγράμματι
1060 4092 1587 4164 συμπεφορημένων,
1618 4092 1771 4146 πλεί-

193 4194 339 4236 στων
377 4196 437 4233 τε
468 4181 607 4234 ὅσων
650 4181 904 4246 ἐναντίως
943 4180 1022 4253 τῷ
1064 4180 1361 4253 βουλήματι
1399 4184 1499 4255 τῆς
1544 4184 1767 4255 Γραφῆς

191 4270 497 4342 εἰρημένων
524 4271 725 4344 ἑτέρων
750 4288 809 4326 τε
837 4272 1206 4344 βεϐιασμένων
1234 4274 1329 4326 καὶ
1360 4274 1631 4345 μηδεμίαν
1663 4292 1768 4329 σω-

190 4364 402 4419 σάντων
460 4362 778 4417 ἀκολουθίαν
824 4364 1000 4417 κοινὸν
1038 4363 1131 4416 τὸν
1178 4362 1397 4434 ἔλεγχον
1445 4365 1767 4438 κατάφωρον

1878 1916 2295 1976 repraesentetur
2321 1922 2441 1972 rex,
2469 1907 2715 1963 intuetur
2744 1921 2841 1978 per
2869 1906 3058 1963 forma:
3100 1906 3273 1977 ipsius
3311 1905 3455 1976 figu-

1877 2006 1987 2060 ras,
2014 2007 2111 2064 per
2137 1994 2404 2064 picturam
2432 1995 2730 2065 insculptas
2758 1995 2961 2061 animo,
2978 2010 3160 2066 regem
3186 1995 3457 2065 imagina-

1879 2091 2005 2150 tur;
2036 2086 2103 2141 ad
2135 2086 2385 2141 eumdem
2420 2086 2660 2155 modum,
2700 2097 2795 2143 aut
2832 2088 3011 2158 potius
3046 2102 3210 2157 supra
3238 2100 3456 2144 omnem

1879 2177 2099 2233 modum
2132 2176 2536 2247 rationemque,
2572 2187 2631 2233 et
2666 2193 2829 2247 supra
2868 2177 3149 2248 exemplar
3177 2178 3458 2249 quodcun-

1876 2281 2005 2337 que,
2054 2269 2145 2339 qui
2202 2279 2384 2325 mente
2440 2271 2710 2327 illustrata
2762 2282 2927 2343 atque
2954 2272 3130 2329 oculis
3198 2274 3366 2329 animi
3421 2288 3453 2329 a

1878 2357 2083 2429 Spiritu
2125 2370 2318 2416 sancto
2353 2361 2672 2420 illuminatis
2700 2372 2756 2417 et
2790 2362 3101 2434 purificatis
3146 2362 3454 2420 intuebitur

1877 2460 2116 2508 attentus
2176 2454 2606 2523 magnitudinem
2639 2455 2903 2527 unigeniti
2955 2454 3050 2511 Dei
3086 2452 3231 2522 Filii,
3264 2467 3320 2511 et
3348 2456 3455 2511 Do-

1876 2541 2006 2596 mini
2038 2542 2245 2613 gloriae,
2272 2553 2328 2598 et
2356 2544 2499 2615 apud
2532 2530 2594 2610 Et
2618 2545 2859 2600 animum
2894 2560 3050 2601 suum
3096 2548 3452 2615 reputaverit,

1875 2631 2107 2702 qualiter
2133 2635 2186 2687 in
2216 2648 2282 2689 eo
2315 2635 2525 2690 habitet
2558 2637 2738 2691 omnis
2772 2635 3046 2705 plenitudo
3085 2650 3325 2706 pateram
3364 2638 3451 2689 di-

1873 2716 2109 2778 vinitatis
2131 2722 2200 2790 ",
2227 2735 2284 2779 et
2309 2726 2451 2794 quod
2474 2727 2651 2780 omnia
2675 2742 2768 2795 per
2786 2727 2957 2795 ipsum
2987 2727 3131 2797 facta
3170 2729 3274 2781 sint
3298 2727 3367 2793 ⁸⁸,
3396 2738 3453 2782 et

1874 2811 1929 2868 in
1951 2827 2018 2868 eo
2059 2815 2265 2869 condita
2293 2816 2398 2869 sint
2420 2818 2684 2883 uniuersa,
2710 2833 2828 2887 qua:
2858 2819 2916 2871 in
2949 2817 3113 2885 catis,
3142 2829 3188 2873 et
3208 2835 3330 2888 qua:
3358 2836 3450 2873 su—

1870 2923 1964 2974 per
1995 2917 2189 2962 terram
2208 2918 2364 2973 sunt,
2406 2908 2635 2983 uisibilia
2666 2922 2715 2963 et
2759 2910 3046 2964 inuisibilia
3064 2909 3144 2977 ";
3175 2922 3231 2966 et
3264 2926 3452 2965 recor-

1874 2998 2033 3053 datus
2066 2999 2228 3054 fuerit
2256 2999 2401 3069 quod
2429 3000 2580 3055 illum
2613 2999 2786 3055 solum
2818 2999 3019 3056 Filium
3052 3002 3153 3057 sibi
3202 3003 3451 3073 unigeni-

1874 3098 1986 3143 tum
2017 3091 2263 3160 genuerit
2287 3091 2469 3158 Pater,
2494 3092 2692 3146 virtute
2728 3092 2829 3163 ipsi
2869 3108 2970 3162 per
3005 3092 3184 3146 omnia
3230 3094 3451 3149 assimi-

1871 3176 2037 3233 latum
2073 3195 2087 3231 :
2126 3181 2191 3245 is,
2226 3190 2281 3235 et
2314 3181 2511 3250 ipsum,
2540 3182 2727 3237 iisdem
2778 3184 2977 3237 mentis
3010 3182 3180 3238 oculis
3212 3185 3367 3253 puris
3394 3194 3451 3240 et

1871 3271 2165 3337 defaecatis,
2203 3271 2421 3328 Patrem
2459 3275 2756 3329 intuebitur
2800 3274 2854 3329 in
2895 3274 3033 3330 Filio
3071 3275 3450 3331 resultantem.

1869 3360 2030 3418 Tales
2065 3362 2176 3417 sint
2200 3362 2267 3417 de
2294 3364 2490 3434 quibus
2514 3365 2717 3419 dictum
2746 3374 2830 3421 est
2855 3383 2868 3420 :
2896 3364 3049 3420 Beati
3096 3367 3186 3439 qui
3248 3368 3448 3423 mundo

1869 3462 1990 3508 sunt
2030 3457 2223 3521 corde,
2277 3457 2526 3527 quoniam
2608 3457 2711 3525 ipsi
2791 3459 3039 3513 videbunt
3076 3458 3241 3513 Deum
3259 3458 3329 3513 ”.

1936 3548 2112 3619 Atque
2141 3548 2247 3604 ista
2265 3549 2481 3619 quidem
2502 3549 2644 3605 velut
2666 3564 2765 3620 per
2785 3552 3059 3621 epitomen
3094 3551 3205 3606 sint
3230 3565 3262 3605 a
3286 3550 3446 3606 nobis

1868 3638 2143 3696 elaborata
2193 3657 2207 3695 :
2265 3642 2460 3711 quippe
2501 3642 2592 3712 qui
2640 3636 2959 3697 brevitatem
3023 3652 3277 3711 tanquam
3323 3657 3448 3699 sco-

1866 3745 1997 3802 pum
2032 3713 2313 3801 quemdam
2352 3732 2507 3787 nobis
2530 3747 3004 3803 proposueramus.
3023 3733 3093 3788 Et
3123 3744 3269 3789 certe.
3301 3736 3447 3788 mul-

1870 3832 1925 3875 ta
1982 3821 2073 3877 illa
2144 3836 2311 3893 opera
2370 3833 2533 3893 atque
2601 3823 2890 3879 sedulitate
2944 3824 3271 3879 exascianda
3328 3823 3447 3881 fue-

1868 3920 1994 3967 rant
2040 3927 2161 3983 quaz
2206 3914 2324 3971 inec
2373 3923 2639 3986 spectant.
2675 3914 2731 3971 In
2789 3917 2933 3987 quod
2965 3917 3010 3972 si
3038 3916 3163 3987 quis
3188 3917 3318 3972 velit
3346 3931 3445 3973 ac-

1868 4005 2109 4060 curatius
2136 4005 2472 4073 incumbere,
2505 4008 2571 4061 de
2604 4006 2836 4063 lectione
2868 4008 3197 4080 evangelicae
3225 4017 3283 4064 et
3319 4022 3448 4079 apo.

1866 4096 2074 4154 stolica
2110 4096 2439 4168 Scriptura,
2485 4099 2775 4170 diligenter
2812 4101 3224 4164 animadversa,
3272 4102 3444 4155 multo

1868 4187 2084 4257 quidem
2119 4188 2271 4255 plura
2304 4187 2561 4258 colligere
2606 4188 2830 4257 poterit,
2858 4201 2981 4257 qua:
3026 4186 3268 4242 Iarceili
3308 4186 3439 4241 illud

1868 4290 2002 4346 opus
2047 4276 2308 4332 dissolute
2348 4289 2688 4348 compactum
2746 4276 3016 4334 refellant.
3056 4277 3115 4332 In
3161 4292 3271 4348 quo
3311 4292 3441 4347 pro-

1869 4368 2011 4424 iecto
2048 4377 2299 4424 sexcenta
2348 4370 2656 4426 istiusmodi
2692 4371 3056 4440 reperiuntur,
3091 4385 3213 4440 quas
3250 4382 3439 4426 contra

188 4454 493 4523 γεγονέναι,
522 4453 676 4527 παρὰ
714 4458 827 4520 τοῖς
856 4454 1173 4526 εύφρονοῦσι
1204 4454 1293 4508 διὰ
1332 4454 1439 4508 τῶν
1500 4456 1631 4526 ήμῐν
1679 4456 1767 4521 ἑξ·-

1876 4472 2091 4515 sensum
2136 4468 2191 4516 et
2249 4464 2570 4517 sententiam
2630 4462 2930 4534 Scriptum
2986 4462 3225 4518 militant
3267 4473 3442 4518 :sunt

188 4549 502 4615 ετασμένων
525 4545 843 4617 ήγούμενος,
870 4545 1079 4609 τούτοις
1107 4544 1515 4617 ἀρκεσθήσομαι
1539 4547 1671 4617 (61).

1875 4564 1995 4621 quae
2043 4550 2152 4605 vim
2200 4548 2495 4621 Scriptura
2557 4551 2799 4608 inferunt
2875 4551 3258 4619 manifestam,
3317 4566 3442 4622 qum

190 4636 394 4692 nullam
453 4638 610 4708 plane
645 4640 930 4694 observant
974 4640 1415 4709 consequentiam
1441 4682 1458 4707 ,
1502 4656 1622 4711 qua:
1671 4649 1813 4716 apud
1857 4651 2149 4718 prudentes
2204 4644 2554 4704 manifestam
2608 4648 2909 4713 insinuant,
2951 4648 3049 4705 sed
3091 4662 3437 4705 communem

185 4736 240 4779 et
277 4727 567 4795 proclivem
598 4728 976 4785 refutationem
1004 4745 1099 4801 per
1130 4746 1189 4785 se
1223 4730 1477 4787 aliorum.
1522 4733 1629 4790 Sed
1664 4751 1763 4793 nos
1800 4738 1952 4796 hisce
1977 4741 2217 4796 contenti
2244 4738 2474 4807 erimus,
2534 4752 2658 4811 qua:
2713 4738 2780 4793 ad
2812 4738 3243 4808 disquisitionem
3276 4751 3438 4792 voca-

186 4821 367 4875 vimus
391 4821 445 4876 in
474 4824 747 4891 praesenti.

184 4913 483 4972 εὑσεσίου
520 4914 639 4970 τῶν
667 4918 816 4974 κατὰ
846 4922 1197 4988 Μαρκέλλου
1240 4923 1503 4994 ἐλέγχων
1540 4924 1734 4997 τέλος.

464 5050 950 5137 Ρατξξεέρξςκξθῦτ
1020 5060 1233 5137 “Joan.
1252 5078 1363 5130 xw,
1382 5063 1433 5119 9.
1500 5063 1545 5095 δ’
1569 5062 1774 5119 Coloss.

1876 5065 1945 5119 ιε.
2020 5066 2066 5098 ιι
2084 5065 2310 5137 Philipp.
2330 5082 2392 5132 ιι,
2411 5067 2464 5123 6.

186 5118 232 5154 ⁵⁸
253 5122 468 5179 Coloss.
494 5136 535 5188 ι,
563 5122 653 5178 9-0.
679 5118 694 5124 ’
725 5118 771 5155 ⁸⁸
802 5125 990 5183 Matth.
1022 5146 1076 5197 ν,
1108 5132 1163 5186 8.

281 5249 547 5335 V-I-llgﬂ
567 5251 646 5335 δέ,
668 5263 723 5308 et
749 5270 872 5310 mox
892 5260 1290 5335 παραπλήσιαι.

276 5322 366 5390 59)
396 5322 503 5388 ΜΡ.
528 5323 747 5390 τρόπον.
974 5322 983 5329 ’
1137 5322 1149 5335 ’
1502 5348 1503 5351 η

275 5391 363 5463 60)
398 5391 563 5463 Vulgo
600 5406 721 5464 post
775 5399 973 5468 σκοπὸν
1031 5401 1154 5457 add.
1205 5410 1361 5479 τινάς
1416 5428 1541 5471 mox
1592 5415 1751 5487 vulgo

2000 4926 2275 4981 Librorum
2305 4925 2521 4982 Eusebii
2550 4937 2734 4982 contra
2770 4926 3085 4983 Marcellum
3110 4931 3256 4997 ﬁnis.

2541 5070 2585 5099 "
2612 5069 2818 5124 Coloss.
2844 5086 2903 5135 ιι,
2935 5069 2991 5124 9.
3067 5070 3112 5103 ⁸⁸
3140 5070 3299 5126 Joau.
3320 5072 3436 5137 1,3.

1860 5272 2062 5345 μέλλει-

1928 5344 2038 5414 (61)
2068 5344 2234 5415 Vulgo
2256 5346 2749 5418 ἐξαρκεσοήσομαι.
