4048 6322
681 328 820 392 1067

1341 331 1608 396 manu
1642 333 2119 394 CJSAIIINSIS
2153 335 2306 395 OPP.
2346 337 2531 398 PARS
2565 334 2658 398 IV.
2696 368 2767 386 —
2801 337 3223 402 DOGIA'I'ICA.

718 481 3884 524 Μ

1411 663 2161 823 EUSEBII
2238 663 3146 822 PAMPHILI

987 949 1709 1065 CZESAREE
1790 951 1939 1066 IN
2023 951 2859 1068 PALZESTINA
2937 953 3574 1074 EPISCOPI

1668 1192 2487 1325 OPUSCULA
2544 1197 2880 1329 XIV.

717 1433 992 1498 Primum
1028 1434 1094 1496 in
1123 1430 1532 1520 lucem_et_l_ita
1561 1429 1780 1520 studio
1813 1437 1874 1492 et
1900 1445 2091 1520 opera
2123 1430 2712 1520 {ainbjﬁirmondb
2743 1433 3068 1520 societatis
3096 1437 3253 1499 Iesu
3283 1436 3666 1520 presbyteri,
3704 1449 3767 1504 et
3820 1459 3854 1504 a

1323 1509 1664 1573 Gallandio
1692 1525 1916 1572 recusa
1945 1517 2098 1571 tom.
2130 1507 2210 1570 IV
2249 1507 2642 1572 Bibliotheca
2667 1522 2941 1601 ueterum
2966 1513 3250 1580 Patrum.

1124 1807 1304 1919 DE
1382 1806 1707 1920 FIDE
1787 1804 2534 1923 ADVERSUS
2611 1808 3448 1924 SABELLIUM.

1833 2163 2180 2251 LIBER
2258 2159 2744 2250 PRIMUS.

735 2351 871 2405 Sunt
917 2349 1204 2406 tacentium
1230 2365 1348 2422 qua
1388 2352 1658 2416 dicuntur,
1694 2364 1746 2408 et
1776 2354 2065 2408 dicentium
2100 2368 2218 2420 quae
2247 2359 2290 2414 Α
2323 2363 2433 2405 erat
2471 2354 2608 2418 apud
2634 2351 2794 2404 Deum
2818 2392 2832 2413 ,
2865 2361 2912 2405 et
2947 2351 3081 2405 Deus
3105 2360 3219 2406 erat
3248 2349 3474 2406 Verbum
3495 2366 3516 2406 :
3553 2353 3654 2408 hoc
3695 2364 3808 2408 erat
3837 2353 3889 2408 is

664 2449 927 2496 tacentur.
953 2442 1197 2498 Charitas
1215 2444 1356 2498 enim
1376 2457 1479 2498 non
1497 2445 1773 2506 dividitur.
1801 2461 1904 2500 non
1925 2446 2220 2515 spernitur.

665 2531 940 2604 Siquidem
971 2544 1024 2588 et
1052 2534 1143 2603 qui
1174 2542 1313 2589 tacet
1341 2549 1438 2605 per
1468 2534 1629 2590 alium
1653 2537 1911 2608 loquitur,
1936 2546 1991 2593 et
2011 2537 2100 2607 qui
2143 2537 2221 2591 lo-

663 2625 848 2690 quitr
892 2639 989 2693 per
1033 2627 1194 2680 alium
1239 2634 1400 2682 tacet.
1454 2627 1509 2683 In
1540 2643 1648 2682 uno
1679 2630 1822 2683 eni
1848 2631 2073 2698 corpore
2113 2644 2221 2684 non

660 2715 839 2768 omnia
889 2716 1124 2770 membra
1176 2716 1486 2786 loquuntur.
1540 2733 1602 2774 os
1651 2734 1747 2788 pro
1773 2719 2220 2789 omntbusloqui-

662 2813 768 2862 tur.
813 2804 940 2860 Sive
977 2806 1141 2878 igitur
1177 2823 1365 2862 omnes
1410 2809 1710 2879 loquamur,
1757 2811 1869 2864 sive
1911 2827 2071 2874 unus,
2105 2812 2219 2867 sive

657 2895 838 2966 plures
863 2912 877 2961 ;
923 2895 1180 2952 Dominus
1208 2897 1444 2966 loquitur
1465 2939 1479 2961 .
1509 2900 1599 2968 qui
1632 2900 1801 2954 dicit:
1840 2899 1955 2970 Ego
1980 2917 2134 2966 sunt;
2165 2910 2218 2957 et

658 2987 855 3042 iterum
883 2987 1047 3044 dicit:
1084 2988 1197 3058 Ego
1236 3006 1373 3043 sunt.
1426 2989 1560 3044 Cum
1589 3006 1716 3062 ergo
1752 2992 1864 3058 ipse
1906 2993 2073 3060 dicit,
2107 2992 2219 3062 Ego

656 3093 774 3134 sunt
797 3117 813 3143 ,
844 3087 900 3132 tu
930 3082 1169 3134 consenti
1200 3082 1324 3150 quia
1369 3081 1483 3149 ipse
1508 3092 1622 3146 est,
1661 3094 1717 3135 ut
1746 3091 1798 3139 et
1832 3095 1884 3137 tu
1918 3083 2013 3138 ﬁas
2048 3084 2217 3154 parti-

657 3183 803 3238 ceps.
838 3169 979 3225 Dicit
1005 3171 1294 3228 Dominus:
1319 3172 1431 3244 Ego
1465 3188 1614 3228 sum:
1637 3185 1690 3229 et
1734 3191 1892 3231 nemo
1923 3178 2064 3232 dicat
2094 3178 2216 3245 quia

658 3275 768 3314 non
796 3270 900 3316 est.
943 3263 1081 3318 Dicit
1114 3263 1275 3319 Pater
1306 3284 1319 3319 :
1355 3265 1460 3319 Hic
1489 3275 1589 3328 est.
1617 3267 1826 3334 suscipe
1848 3276 1902 3322 et
1927 3281 2217 3336 venerare;

658 3361 713 3406 et
743 3353 881 3408 Filio
931 3354 1127 3410 dicenti
1163 3354 1317 3424 :Ego
1373 3373 1512 3418 sunt.
1561 3358 1738 3412 crede.
1779 3358 1948 3413 Crede
1991 3372 2120 3412 sane
2165 3368 2220 3414 et

657 3441 820 3497 Patre
857 3444 1256 3499 demonstrante
1294 3445 1416 3513 quia
1467 3445 1628 3500 habet
1667 3446 1856 3500 Filium
1901 3445 2033 3516 (62).
2083 3447 2218 3501 Dicit

654 3535 798 3587 enim
826 3535 1006 3598 Pater,
1040 3533 1140 3588 Hic
1167 3545 1244 3590 est
1287 3552 1303 3588 :
1336 3536 1426 3605 qui
1479 3536 1606 3590 hic?
1635 3535 1809 3590 Filius
1844 3555 2014 3600 sucus.
2049 3537 2121 3591 ait
2147 3537 2214 3590 ἰ.

653 3623 770 3679 Non
805 3633 980 3680 tamen
1012 3641 1112 3681 vox
1135 3642 1277 3689 mea.
1299 3637 1393 3681 aut
1421 3631 1684 3698 cogitatus
1709 3645 1896 3695 meus;
1924 3632 2015 3685 sed
2044 3630 2214 3684 Filius

2319 2443 2578 2512 principio
2604 2445 2741 2512 apud
2758 2442 2924 2496 Deum
2949 2443 3016 2494 ³³.
3055 2443 3118 2496 Et
3143 2457 3284 2511 saepe
3308 2442 3456 2507 dicit,
3490 2442 3623 2498 Erat
3646 2461 3666 2498 :
3696 2457 3751 2500 et
3774 2445 3890 2516 qui-

2319 2534 2443 2590 dam
2471 2549 2537 2589 ne
2561 2533 2774 2603 quidem
2805 2534 2967 2588 semel
2993 2533 3319 2588 contendunt
3343 2535 3485 2605 quod
3511 2545 3619 2598 est,
3652 2535 3754 2588 sed
3791 2549 3887 2592 nec

2319 2623 2485 2679 semel
2517 2623 2654 2677 dixit
2681 2625 2746 2677 de
2780 2621 2940 2687 Filio,
2968 2620 3071 2675 Hic
3111 2634 3207 2676 est.
3253 2621 3358 2677 Sed
3401 2636 3521 2678 cum
3548 2627 3703 2684 venit
3724 2623 3888 2680 Filius

2316 2724 2378 2770 ut
2425 2714 2670 2786 impleret
2717 2729 2932 2784 omnem
2975 2712 3239 2781 justitiam
3289 2730 3384 2783 per
3418 2713 3648 2770 Joannis
3697 2716 3876 2787 bapti-

2315 2818 2516 2868 smum,
2546 2805 2671 2874 quia
2723 2812 2934 2871 tempus
2978 2813 3094 2857 erat
3145 2813 3202 2862 ut
3243 2803 3394 2873 signa
3423 2804 3652 2867 faceret.
3704 2815 3760 2861 et
3794 2806 3884 2862 de-

2317 2903 2651 2951 monstraret
2673 2895 2926 2950 virtutem
2954 2908 3073 2965 quae
3094 2905 3211 2950 erat
3239 2896 3497 2950 absconsa
3523 2912 3536 2949 :
3572 2906 3632 2950 ut
3665 2912 3740 2952 ne
3771 2898 3886 2966 quis

2314 2995 2529 3057 putaret
2579 2987 2702 3054 quia
2748 2995 2808 3040 ut
2854 2987 3017 3042 homo
3066 3001 3230 3055 purus
3271 2986 3516 3057 indigens
3558 2989 3882 3057 baptismum

2315 3081 2466 3135 venit
2502 3079 2568 3133 ad
2611 3078 2940 3146 baptismum
2988 3075 3105 3150 (65)
3135 3096 3149 3131 :
3183 3076 3388 3146 primus
3424 3075 3660 3133 Joannes
3701 3089 3884 3149 utpote

2315 3187 2421 3226 vox
2468 3184 2572 3224 non
2623 3176 2805 3233 tacet;
2859 3167 2950 3237 qui
2981 3183 3084 3222 vox
3131 3168 3347 3234 quidem
3386 3167 3695 3234 dicebatur,
3727 3171 3884 3224 bomo

2317 3271 2494 3316 autem
2539 3267 2673 3317 erat.
2724 3256 2782 3314 Si
2823 3258 2986 3328 igitur
3010 3255 3245 3313 Joannes
3289 3259 3382 3326 qui
3424 3273 3529 3312 vox
3563 3259 3748 3312 dictus
3782 3273 3880 3314 non

2316 3329 2577 3408 interimit
2637 3351 2912 3406 hominem
2973 3348 3130 3421 (66),
3190 3350 3367 3420 magis
3424 3348 3595 3403 Filius
3644 3349 3880 3404 Verbum

2315 3443 2491 3498 dictus
2538 3459 2641 3497 non
2685 3441 2958 3513 intercipit
2999 3441 3189 3496 Deum.
3264 3441 3450 3512 Neque
3495 3443 3640 3496 enim
3671 3442 3880 3498 Zacha-

2316 3540 2429 3589 rias
2458 3549 2641 3590 vocem
2675 3534 2880 3604 genuit,
2912 3547 3087 3603 neque
3117 3533 3391 3589 Elisabetb
3429 3549 3614 3590 vocem
3649 3538 3879 3607 peperit.

2315 3623 2500 3694 Neque
2541 3626 2679 3680 Deus
2710 3623 2968 3690 Verbum,
2995 3638 3117 3679 eum
3146 3625 3240 3693 qui
3285 3638 3350 3679 ex
3383 3639 3512 3681 voce
3543 3637 3631 3680 est
3669 3629 3879 3698 genuit,

654 3731 823 3774 uicus.
852 3717 1044 3784 inquit,
1073 3718 1154 3770 hic
1180 3727 1279 3784 est;
1312 3717 1480 3774 Filius
1502 3735 1652 3774 meus
1672 3721 2069 3778 dilectissimus.
2100 3722 2213 3777 Non
2246 3711 2288 3765 Β
2317 3716 2410 3769 sed
2455 3714 2624 3769 Deum
2655 3713 2888 3768 Verbum
2919 3732 2933 3769 :
2964 3715 3089 3783 quia
3118 3712 3354 3770 Joannes
3394 3715 3608 3784 quidem
3653 3731 3760 3771 vos
3789 3730 3879 3772 vo-

656 3808 748 3876 qui
774 3809 1079 3862 contrarius
1109 3819 1193 3863 est
1221 3811 1378 3875 mihi,
1410 3811 1502 3866 sed
1529 3812 1622 3881 qui
1654 3827 1740 3867 me
1765 3813 1992 3869 honorat
2022 3824 2074 3868 et
2100 3815 2217 3868 dili-

654 3899 753 3968 git.
784 3899 876 3954 Est
903 3900 1044 3954 enim
1064 3899 1233 3956 Filius
1261 3911 1316 3956 ut
1341 3901 1529 3968 Filius,
1552 3912 1606 3959 et
1632 3912 1712 3959 est
1737 3903 1904 3961 Filius
1928 3906 2018 3960 Dei
2049 3920 2103 3960 ut
2127 3907 2216 3960 Fi-

654 3990 779 4049 lius.
829 3990 896 4046 Et
943 4007 1062 4046 cum
1105 3995 1173 4047 sit
1209 3995 1300 4049 Dei
1333 3994 1525 4062 Filius,
1553 4006 1729 4052 tamen
1764 4011 1868 4051 non
1911 3999 2215 4054 intermittit

651 4097 816 4136 unum
844 4087 1126 4153 imperium
1165 4085 1337 4141 Patris
1368 4086 1502 4158 (65).
1537 4086 1596 4144 Si
1628 4089 1771 4143 enim
1808 4088 1909 4143 alia
1941 4089 2215 4159 placerent

652 4171 823 4235 Patri.
857 4175 956 4228 alia
985 4176 1186 4231 faceret
1208 4177 1414 4244 Filius;
1447 4178 1513 4232 lis
1533 4189 1589 4233 et
1614 4178 1878 4234 dissensio
1903 4180 2208 4245 haberetur,

653 4273 709 4318 et
776 4267 1168 4332 periclitaretur
1215 4271 1390 4323 unitas
1454 4268 1690 4338 imperii.
1741 4269 1796 4323 Si
1840 4279 2016 4324 autem
2044 4271 2213 4337 dicit,

650 4370 769 4421 qua:
803 4358 901 4423 ipsi
941 4358 1141 4421 placent
1174 4359 1312 4426 facio
1349 4376 1549 4429 semper
1573 4361 1619 4392 "
1651 4361 1801 4432 (6b);
1832 4361 1954 4430 quia
1999 4376 2061 4416 ea
2093 4377 2212 4431 quae

650 4447 863 4518 placent
892 4447 1035 4502 Patri
1092 4465 1303 4518 semper
1347 4449 1494 4515 facit,
1545 4465 1720 4520 neque
1763 4453 2068 4505 contrarius
2107 4463 2209 4517 est,

652 4554 826 4608 neque
855 4540 1122 4606 dissentit,
1153 4556 1324 4608 neque
1346 4541 1662 4598 adversatur
1690 4542 1835 4596 Patri
1871 4562 1882 4597 :
1919 4544 2010 4597 sed
2037 4541 2211 4598 bono-

649 4631 827 4685 riﬁcat
847 4641 902 4687 et
927 4634 1264 4702 diligitsuum
1290 4635 1607 4703 genitorem,
1633 4637 1789 4705 eique
1825 4637 2026 4691 obedit.
2071 4636 2213 4690 Scri-

648 4731 798 4790 ptum
825 4734 901 4776 est
926 4742 938 4776 :
973 4723 1069 4776 Hic
1098 4734 1196 4790 est,
1227 4725 1336 4794 Ego
1359 4742 1515 4791 sum;
1552 4735 1609 4781 et
1639 4743 1654 4780 :
1691 4725 1757 4780 In
1783 4728 2044 4796 principio
2075 4739 2207 4782 erat.

651 4810 709 4865 Si
750 4814 890 4866 enim
943 4813 1154 4868 Patrem
1198 4815 1518 4886 interrogas,
1556 4817 1686 4871 dicit
1727 4835 1741 4870 :
1787 4816 1891 4871 Hic
1930 4829 2004 4872 est
2035 4816 2210 4871 Filius

649 4917 794 4956 naeus
846 4901 1273 4958 dilectissimus:
1318 4914 1375 4959 et
1423 4921 1528 4959 non
1572 4905 1745 4961 solum
1805 4908 1956 4972 dicit,
2011 4909 2102 4962 sed
2158 4919 2210 4962 et

648 4997 904 5051 ostendit.
955 4996 1014 5050 Si
1061 5013 1088 5050 a
1115 4997 1250 5051 Filio
1292 4999 1553 5068 requiras,
1594 5001 1763 5054 dicit:
1797 4999 1908 5068 Ego
1955 5018 2069 5055 sum
2103 5019 2121 5055 :
2154 5012 2208 5056 et

2315 3804 2558 3870 cabatur,
2596 3805 2756 3860 homo
2793 3815 2970 3860 autem
3008 3817 3168 3861 erat:
3213 3807 3288 3862 ita
3328 3817 3382 3861 et
3427 3808 3689 3864 Dominus
3717 3808 3875 3865 Jesus

2314 3908 2368 3954 et
2402 3899 2636 3953 Verbum
2666 3899 2866 3953 dicitur
2894 3913 2998 3953 non
3025 3901 3328 3966 visibiliter,
3361 3903 3453 3956 sed
3471 3899 3708 3957 Verbum
3738 3904 3878 3960 Dens

2314 4000 2368 4046 et
2395 3991 2532 4061 apud
2560 3990 2730 4048 Deum
2765 4008 2781 4044 :
2811 4005 2915 4046 non
2941 3991 3113 4046 solum
3143 3991 3395 4057 Verbum,
3421 4009 3595 4064 neque
3633 4010 3742 4048 una
3777 4012 3876 4050 vux

2313 4098 2378 4138 ex
2411 4083 2614 4146 multis,
2648 4083 2742 4138 sed
2781 4083 3092 4154 unigenitus
3123 4084 3285 4139 Deus.
3326 4085 3460 4152 Quia
3500 4085 3664 4156 igitur
3693 4086 3876 4144 venie-

2311 4176 2408 4230 bat
2441 4185 2497 4228 ut
2522 4176 2886 4244 baptizaretur
2920 4185 3137 4246 propter
3161 4190 3281 4240 nos,
3321 4174 3553 4231 Joannes
3582 4188 3874 4248 antequam

2313 4269 2769 4337 appropinquaret
2795 4268 2886 4337 qui
2911 4269 3264 4338 baptizandus
3290 4278 3428 4334 erat,
3461 4269 3588 4338 quia
3617 4284 3720 4324 vox
3755 4282 3871 4326 erat

2311 4373 2416 4411 non
2453 4359 2638 4424 tacuit,
2663 4360 2754 4414 sed
2784 4360 3033 4414 clamavit
3060 4361 3244 4416 dicens
3272 4380 3286 4414 :
3310 4361 3482 4431 quid?
3509 4363 3643 4416 Ecce
3688 4363 3870 4433 Agnus

2309 4447 2407 4502 Dei
2430 4447 2497 4500 ".
2557 4448 2744 4506 Nonne
2797 4451 2997 4506 dictum
3055 4452 3158 4506 hoc
3205 4452 3444 4507 ostendit
3497 4467 3619 4510 eum
3666 4467 3761 4530 qui
3812 4463 3874 4518 ad

2311 4540 2629 4612 baptismum
2653 4543 2914 4597 venerat?
2939 4544 3030 4612 qui
3052 4543 3193 4599 enim
3215 4544 3520 4618 videbatur,
3549 4563 3668 4608 erat
3689 4555 3874 4625 Agnus

2312 4632 2444 4686 Dei:
2476 4633 2568 4702 qnl
2618 4643 2796 4689 autem
2843 4635 3234 4704 occultabatur,
3289 4645 3541 4699 sacerdos
3572 4644 3688 4702 Dei.
3735 4646 3874 4702 Dicit

2307 4737 2433 4791 ergo
2465 4723 2731 4790 Joannes,
2765 4725 2900 4780 Ecce
2927 4727 3102 4801 Agnus
3132 4733 3248 4790 Dei.
3293 4734 3409 4790 Non
3441 4743 3557 4790 erat
3588 4746 3649 4790 ut
3673 4738 3873 4796 diceret

2309 4814 2526 4883 Filium,
2559 4832 2664 4872 non
2694 4829 2812 4876 erat
2847 4825 3130 4880 utdiceret
3156 4841 3357 4897 regem.
3403 4829 3509 4882 Sed
3551 4831 3680 4898 quia
3729 4830 3870 4885 desi-

2259 4984 2272 4988 _
2307 4909 2566 4966 derabant
2595 4910 2723 4984 justi
2775 4923 2830 4967 et
2877 4916 3149 4986 prophetae
3195 4927 3249 4972 ct
3301 4933 3478 4988 reges,
3527 4929 3585 4974 ut
3626 4921 3868 4976 viderent

2306 5001 2533 5060 salutem
2570 5005 2778 5073 mundi,
2813 5009 3017 5076 peccati
3044 5019 3295 5077 mortem,
3318 5011 3638 5082 corruptela:
3663 5026 3844 5067 necem

651 5086 752 5141 hoc
781 5087 1110 5155 frequenter,
1143 5089 1185 5143 si
1217 5089 1563 5160 Evangelium
1588 5090 1741 5161 legis,
1766 5091 2006 5148 invenies
2033 5093 2207 5150 diccn-
2231 5081 2276 5147 C
2308 5094 2440 5161 Quia
2469 5099 2614 5153 enim
2663 5099 2765 5156 ista
2797 5110 2920 5154 erat
2959 5104 3290 5171 exspectatio
3328 5081 3619 5171 iustorum,
3656 5105 3866 5175 quando

651 5190 792 5235 tem:
816 5180 882 5232 In
919 5183 1176 5250 principio
1205 5193 1334 5246 erat,
1361 5192 1435 5249 et,
1459 5183 1596 5248 apud
1614 5182 1778 5236 Deum
1806 5195 1935 5250 erat,
1966 5197 2040 5250 et,
2065 5185 2204 5240 Deus

649 5280 761 5324 erat
793 5290 810 5329 :
839 5271 904 5326 In
945 5276 1197 5342 principio
1252 5276 1391 5330 enim
1448 5283 1560 5329 erat
1615 5273 1854 5343 Verbum,
1901 5293 1950 5333 et
1980 5281 2202 5334 Verbum

719 5389 761 5421 ⁸¹
798 5389 983 5445 Matth.
1017 5409 1101 5453 Ill,
1137 5395 1224 5446 l7.
1297 5392 1517 5450 "Joan.
1546 5399 1776 5458 vrtt,29.

719 5482 827 5550 (δε)
855 5484 1264 5540 Emendationcs
1297 5496 1349 5540 et
1373 5491 1530 5543 variae
1561 5489 1834 5552 lectiones,
1863 5509 1925 5546 ex
1949 5494 2065 5546 cod.
2095 5510 2193 5545 ms.

743 5553 974 5605 Cornelii
1006 5556 1464 5622 Compendiensis.
1513 5558 1674 5611 Crede
1704 5578 1825 5614 sane
1857 5576 1900 5615 et
1931 5563 2082 5615 Patri
2111 5567 2198 5616 de-

654 5626 957 5693 :zrun‘ttranti
987 5628 1108 5693 quia
1137 5627 1284 5677 habet
1309 5637 1355 5680 et
1391 5627 1604 5682 Filium.

725 5690 1078 5765 t65)_Ms.'Et
1125 5712 1238 5765 cum
1292 5698 1356 5746 sit
1398 5698 1491 5751 Dei
1523 5697 1716 5765 Filius,
1775 5718 1871 5755 non
1911 5704 2198 5759 intermittit

648 5769 812 5817 aulum
849 5763 1114 5829 imperium
1145 5764 1340 5817 Patris.

2307 5191 2516 5245 veniret
2542 5191 2587 5247 is
2612 5193 2701 5261 qui
2733 5203 2914 5247 nosset
2938 5203 2991 5248 et
3022 5194 3314 5249 resolveret
3336 5210 3399 5249 ea
3429 5210 3548 5264 qua:
3577 5210 3674 5265 per
3697 5197 3864 5251 Adam

2309 5283 2448 5336 mala
2492 5284 2712 5340 inducta
2749 5297 2892 5350 sunt,
2922 5287 3040 5342 ideo
3063 5287 3210 5342 venit
3230 5297 3283 5343 et
3311 5289 3558 5359 apparuit
3586 5287 3863 5345 Dominus.

1854 5401 1897 5430 ⁸³
1925 5399 2082 5453 Joan.
2113 5417 2149 5463 ι,
2195 5401 2244 5466 l,
2275 5401 2327 5454 2.
2402 5403 2449 5434 ⁵⁸
2484 5404 2616 5458 ibid.
2647 5405 2738 5459 29.

2373 5496 2482 5572 (Si)
2523 5497 2619 5572 Ms.
2659 5498 2720 5553 Si
2758 5508 2928 5553 autem
2958 5501 3086 5553 dicit
3118 5498 3324 5570 Filius,
3357 5501 3485 5568 Quae
3514 5501 3614 5572 ipsi
3656 5502 3859 5571 placent

2309 5565 2447 5619 iacio
2479 5568 2709 5634 semper.

2375 5637 2486 5701 (65')
2529 5637 2626 5690 Ms.
2665 5637 2911 5706 [ndigens
2960 5641 3210 5706 baptismo
3249 5642 3384 5696 venit
3415 5642 3483 5695 ad
3529 5642 3853 5706 baptismum.

2379 5708 2490 5771 (uti)
2528 5707 2619 5759 Ms.
2655 5706 2716 5760 Si
2745 5709 2907 5781 igitur
2942 5723 2985 5759 cI
3028 5727 3122 5764 t'ox
3147 5711 3390 5777 Joannis,
3427 5715 3516 5781 qui
3545 5728 3643 5768 eos:
3672 5716 3852 5772 dictum

2308 5793 2405 5829 non
2446 5781 2699 5845 intercipit
2735 5779 3013 5833 hominem.
