4048 6322
154 357 182 411 1
193 355 301 413 069

1037 354 1128 413 DE
1161 353 1317 411 FIDE
1353 350 1720 413 ADVERSUS
1757 347 2173 410 δΔΒΕιιιυιι.
2210 379 2282 393 -
2316 346 2447 405 LIB.
2485 346 2531 405 l.

3270 342 3414 403 1050

156 475 426 549 Apparuit
454 484 634 533 autem
664 488 763 548 per
792 488 990 547 corpus
1016 475 1065 531 is
1086 475 1179 545 qui
1203 486 1324 531 erat
1347 484 1553 530 natura:
1592 473 1731 529 invi-
1755 488 1804 547 Α
1836 482 1946 529 tur.
1988 469 2213 526 Audebo
2247 480 2379 525 sane
2407 466 2590 523 dicere
2618 478 2747 522 vera
2782 483 2797 521 :
2831 464 2957 535 quia
2988 479 3091 520 non
3117 464 3293 520 solum
3328 465 3416 521 ni-

155 569 333 626 sibilis
353 569 485 641 (67).
508 568 862 637 Congaudens
891 568 1057 641 igitur
1082 568 1238 623 nobis
1261 567 1498 623 Joannes
1520 576 1575 623 et
1598 568 1723 636 sibi,

152 676 348 719 omnes
370 663 514 717 enim
549 662 859 733 indigebant
896 661 1123 718 salutem
1165 677 1284 731 qua:
1328 677 1357 716 a
1389 661 1619 716 Domino
1642 671 1728 715 est

155 753 297 826 (68),
341 752 738 822 evangelizaus,
788 763 842 809 et
889 755 1235 824 semetipsum
1285 761 1339 807 et
1388 766 1508 818 nos,
1531 752 1727 823 gaudio

153 846 398 917 gaudens
424 844 494 899 ob
524 846 870 914 pmentiam
904 848 1115 917 sponsi,
1145 847 1303 907 Ecce.
1341 846 1536 914 inquit,
1583 845 1727 914 quod

152 937 599 1004 exspectabatur,
644 953 773 994 ecce
822 953 971 1010 spes,
1016 952 1144 994 ecce
1181 939 1351 993 salus.
1404 937 1539 1007 Spes
1583 937 1725 991 bona

151 1025 469 1081 hominibus
501 1037 838 1099 assumptum
885 1038 1129 1084 nostrum
1171 1038 1256 1083 est
1304 1042 1527 1097 corpus,
1563 1042 1727 1083 vene-

150 1130 287 1170 num
322 1115 652 1172 exstinctum
688 1126 771 1172 est
826 1117 1049 1179 diaboli,
1087 1118 1439 1174 mortiﬁcatus
1481 1126 1567 1173 est
1609 1132 1722 1173 ser-

149 1220 293 1275 pens
323 1223 337 1260 :
367 1206 522 1262 fortis
563 1208 710 1262 enim
758 1215 845 1261 est
887 1207 976 1277 qui
1026 1208 1338 1277 assumpsit.
1383 1207 1523 1263 Ecce
1578 1205 1723 1277 quod

151 1297 597 1366 exspectabatur,
636 1311 763 1353 ecce
786 1298 927 1366 quod
951 1299 1294 1367 sperabatur,
1330 1313 1457 1353 ecce
1493 1298 1726 1353 admira-

153 1391 233 1444 tio
266 1408 282 1445 :
310 1389 535 1444 solvitur
556 1388 669 1459 jam
707 1397 1008 1457 peccatum,
1048 1389 1375 1444 interficitur
1402 1404 1572 1454 mors,
1611 1392 1725 1458 pel-

154 1482 293 1535 litur
315 1484 621 1551 corruptela
653 1498 668 1536 :
702 1481 835 1536 Ecce
877 1499 1042 1554 agnus
1070 1483 1164 1537 Dei
1180 1524 1195 1548 ,
1225 1486 1313 1554 qui
1341 1484 1477 1539 tollit
1511 1497 1723 1553 peccata

151 1573 433 1626 mandi”.
482 1572 620 1640 Quid
669 1573 878 1643 inquit.
923 1588 1023 1646 ego
1083 1574 1270 1629 laboro
1312 1579 1365 1629 ln
1407 1576 1721 1645 pmnitentia

149 1658 476 1728 baptizansf
504 1658 658 1728 quid,
688 1660 901 1715 insudo?
930 1660 1255 1730 baptismum
1280 1662 1420 1715 enim
1456 1666 1596 1733 quod
1627 1679 1723 1732 per

150 1746 416 1803 Joannem
445 1750 698 1815 dabatur,
742 1766 846 1805 non
881 1763 999 1806 erat
1045 1754 1294 1807 idoneum
1330 1754 1396 1807 ad
1442 1756 1719 1825 purgatio.

150 1844 321 1906 hem;
372 1841 494 1910 quia
540 1856 644 1897 non
702 1844 1069 1897 remissionem
1114 1853 1459 1910 peccatorum
1508 1855 1721 1915 poterat
1749 1829 1793 1886 Β

150 1930 389 1988 Joannes
418 1934 567 2000 dare,
600 1938 693 1990 sed
724 1936 1045 1991 hortabatur
1073 1937 1138 1990 ad
1163 1939 1552 2006 ptenitentiam.
1590 1938 1721 1995 Ser-

148 2041 255 2082 vus
298 2029 441 2082 enim
472 2039 627 2094 erat,
672 2039 726 2084 et
775 2045 879 2085 non
912 2040 1125 2102 poterat
1164 2034 1407 2088 donare:
1443 2033 1542 2089 soli
1574 2036 1719 2095 enim

149 2116 383 2173 Domino
414 2118 536 2175 licet
575 2136 669 2176 sua
698 2121 922 2177 donare.
946 2124 1108 2190 Quid,
1139 2124 1337 2193 inquit,
1364 2124 1581 2196 baptizo
1605 2126 1717 2193 jam

149 2223 254 2277 ego
281 2209 346 2263 ad
379 2213 749 2279 paenitentiam
773 2214 797 2267 ?
825 2214 964 2269 Ecce
992 2216 1083 2284 qui
1117 2217 1292 2283 tollit,
1318 2232 1444 2272 ecce
1470 2217 1560 2287 qui
1590 2232 1721 2272 exu-

151 2301 245 2365 rit,
278 2303 369 2370 qui
404 2303 663 2370 eradicat,
702 2306 793 2375 qui
828 2306 1041 2375 penitus
1064 2306 1246 2362 evellit
1277 2318 1582 2377 peccatum,
1615 2325 1720 2363 non

150 2392 315 2447 unius
364 2403 456 2447 aut
506 2396 743 2464 quinque
790 2405 885 2449 aut
930 2412 1022 2452 sex
1080 2398 1359 2453 hominum
1409 2400 1499 2469 qui
1546 2416 1574 2453 a
1636 2414 1722 2455 me

152 2484 527 2555 baptizantur,
562 2490 657 2541 sed
695 2489 879 2554 totius,
909 2489 1102 2559 inquit,
1136 2492 1342 2546 mundi.
1377 2490 1550 2546 Homo
1576 2493 1720 2546 enim

148 2590 259 2630 non
290 2588 502 2644 poterat
528 2579 691 2633 totius
718 2582 901 2635 mundi
937 2592 1156 2649 peccata
1202 2582 1407 2646 tollere,
1449 2584 1575 2650 quia
1601 2598 1721 2638 om-

150 2680 251 2722 nes
291 2668 540 2724 homines
579 2684 644 2723 ex
673 2670 867 2737 Adam,
902 2682 956 2727 et
1003 2688 1107 2726 non
1143 2688 1209 2728 ex
1246 2673 1374 2729 Deo.
1450 2672 1564 2729 Non
1595 2674 1721 2745 quia

150 2766 232 2811 est
271 2758 470 2828 aliquis
502 2759 592 2828 qui
646 2776 750 2814 non
783 2771 866 2815 est
912 2777 942 2816 a
977 2762 1086 2818 Deo
1118 2775 1333 2820 creatus
1375 2780 1472 2836 per
1499 2765 1721 2834 Filium,

151 2848 249 2902 sed
281 2850 459 2904 omnis
487 2850 651 2905 homo
676 2853 879 2922 quique
908 2856 1192 2926 progenies
1220 2858 1348 2912 Adae
1380 2866 1495 2921 est.
1526 2868 1575 2915 et
1615 2874 1722 2914 non

150 2942 451 2997 nativitatis
481 2945 718 3013 peccatis
746 2946 1009 3017 subjacet.
1040 2948 1149 3005 Nos
1177 2950 1319 3005 enim
1352 2952 1404 3005 in
1442 2951 1551 3006 ictu
1583 2960 1637 3007 et
1666 2953 1720 3007 in

149 3032 343 3102 exigua
386 3033 488 3089 hac
520 3035 625 3089 vita
674 3039 950 3093 constituti
996 3055 1285 3109 peccamus
1343 3051 1397 3097 et
1447 3043 1625 3114 lingua
1666 3052 1723 3097 et

150 3124 384 3181 actibus;
433 3125 534 3193 Qui
578 3138 755 3183 autem
785 3141 1064 3200 peccatum
1102 3148 1207 3187 non
1244 3133 1391 3199 fecit,
1424 3150 1601 3204 neque
1626 3135 1721 3190 do-

151 3214 260 3270 lum
294 3207 485 3273 habuit
526 3222 577 3275 in
607 3236 702 3277 ore
735 3239 852 3289 suo,
888 3234 947 3278 ut
987 3240 1163 3294 neque
1192 3243 1354 3297 opere
1394 3244 1568 3298 neque
1600 3245 1719 3285 ser-

151 3319 312 3361 mone
347 3318 615 3377 peccaret,
664 3312 1031 3383 ipsa,justitia
1066 3325 1170 3371 est.
1221 3316 1319 3383 Qui
1355 3332 1485 3388 ergo
1510 3319 1717 3388 justitia

150 3396 374 3465 propria
404 3412 508 3453 non
544 3400 778 3455 habebat
802 3414 1046 3471 peccata,
1074 3410 1247 3477 potuit
1281 3410 1465 3463 mundi
1500 3422 1719 3480 peccata

150 3494 368 3552 portare
402 3504 416 3540 :
449 3488 538 3557 qui
574 3502 800 3560 aegrotat
839 3495 981 3548 enim
1014 3497 1181 3551 alium
1236 3513 1433 3555 sanare
1477 3517 1581 3556 non
1620 3518 1717 3573 po-

151 3583 287 3632 test:
314 3585 371 3633 et
398 3581 487 3647 qui
518 3584 759 3652 peccatis
783 3584 1046 3656 subjacet,
1072 3587 1248 3644 aliena
1280 3599 1499 3660 portare
1526 3594 1718 3649 delicta

150 3681 254 3721 non
302 3678 505 3737 potest.
551 3671 653 3739 Qui
694 3685 873 3730 autem
926 3693 1031 3734 non
1085 3684 1347 3751 peccavit,
1391 3700 1567 3756 neque
1618 3689 1722 3744 scit

149 3770 427 3828 peccatum
454 3804 469 3829 ,
510 3766 608 3821 iste
644 3780 739 3821 sua
771 3767 977 3825 virtute
1014 3772 1239 3827 aliorum
1268 3778 1499 3833 assumit
1527 3788 1582 3833 et
1614 3779 1718 3835 tol-

149 3851 210 3904 lit
255 3865 558 3922 peccatum.
596 3858 854 3915 Dominus
897 3862 1041 3918 enim
1080 3864 1387 3934 baptizatur
1427 3884 1456 3922 a
1488 3868 1715 3936 Joanne,

148 3953 202 3999 et
231 3948 460 4001 assumit
491 3949 716 4005 aliorum
748 3952 941 4008 delicta
978 3972 991 4008 :
1032 3968 1307 4009 assumens
1349 3968 1527 4014 autem
1544 3961 1720 4015 aufert

147 4052 208 4091 ea
236 4054 356 4107 quae
378 4043 632 4109 suscepit.
667 4041 901 4101 Intueris
933 4047 1096 4101 istum
1128 4050 1395 4105 visibilem
1430 4052 1595 4107 solem
1624 4055 1713 4123 qui

150 4143 243 4196 per
272 4128 441 4185 Deum
489 4131 666 4190 factus
703 4137 825 4191 est?
857 4139 959 4193 iste
994 4140 1074 4194 sol
1108 4141 1340 4197 visibilis
1388 4154 1534 4199 certe
1579 4160 1718 4201 unus

149 4229 316 4275 estex
349 4224 603 4279 omnibus
637 4242 756 4296 quae
788 4244 883 4297 per
912 4230 1108 4286 Filium
1140 4231 1278 4289 facta
1305 4248 1449 4290 sunt.
1498 4237 1602 4291 lste
1627 4254 1718 4291 or-

151 4320 231 4366 tus
261 4316 451 4371 sordes
480 4319 763 4389 contingit,
806 4331 861 4377 et
912 4323 1110 4380 fetores
1157 4335 1211 4382 et
1244 4342 1476 4384 caenum.
1528 4328 1596 4385 Et
1626 4330 1715 4385 illa

148 4405 358 4471 quidem
384 4422 502 4478 quae
528 4410 725 4465 habent
772 4413 994 4469 fetorem
1028 4416 1277 4473 liberata
1339 4419 1550 4485 fetore;
1601 4422 1716 4491 ipse

1830 561 1907 617 hil
1948 560 2072 615 mali
2124 560 2192 613 ad
2223 558 2656 613 additamentum
2690 554 2918 625 suscipit
2949 554 3037 610 illa
3073 566 3289 624 natura,
3318 557 3415 612 sed

1827 667 1933 709 nec
1964 650 2115 707 boni.
2161 649 2219 705 Si
2244 664 2376 720 ergo
2404 647 2605 702 malum
2633 662 2738 702 non
2767 648 3030 719 suscepit,
3061 649 3188 718 quia
3217 646 3413 705 lumini

1827 744 2066 799 tenebrae
2092 756 2199 797 non
2232 740 2632 812 permiscentur
2666 758 2680 793 :
2719 740 2919 794 bonum
2942 728 3147 794 "autem
3201 740 3415 795 addita-

1825 844 2068 891 mentum
2118 848 2226 889 non
2262 832 2509 903 indiget,
2542 832 2667 901 quia
2702 829 3003 900 perfectum
3053 830 3238 901 genuit
3284 846 3413 901 per-

1826 928 2040 981 fectus:
2076 941 2181 980 non
2222 934 2309 980 est
2352 924 2624 994 promotio
2650 923 2905 977 derelicta
2943 922 3075 977 tilio.
3123 920 3241 977 Non
3269 936 3415 978 nunc

1825 1020 1967 1083 dico,
2002 1019 2096 1074 sed
2135 1032 2234 1073 nec
2269 1026 2428 1071 antea
2468 1034 2483 1072 :
2520 1014 2799 1086 perfectus
2838 1015 2985 1068 enim
3031 1024 3114 1069 est
3141 1023 3331 1078 natus,
3358 1021 3417 1068 et

1825 1114 1949 1169 ideo
1986 1111 2120 1166 nihil
2160 1109 2515 1166 additamenti
2546 1108 2759 1178 accipit,
2795 1107 2925 1161 nihil
2968 1107 3244 1175 acquirit:
3290 1121 3417 1176 per--

1829 1204 2006 1259 fectus
2037 1204 2186 1259 enim
2233 1212 2321 1257 est
2382 1202 2669 1273 progenies
2717 1200 2943 1272 perfecti
2977 1199 3116 1271 (69),
3158 1199 3417 1255 omnibus

1832 1300 2047 1367 quidem
2082 1298 2353 1354 sufﬁciens
2382 1299 2605 1359 donare,
2639 1295 2757 1366 ipse
2789 1303 2969 1349 autem
3001 1308 3107 1347 non
3140 1292 3413 1363 indigens,

1823 1390 1958 1445 nihil
1991 1392 2057 1446 ab
2088 1391 2173 1445 his
2215 1405 2334 1462 quae
2386 1388 2515 1444 fecit
2544 1388 2713 1444 Filius
2753 1387 2961 1456 accepit
2995 1404 3008 1441 :
3038 1388 3165 1457 quia
3214 1385 3415 1441 antici-

1822 1480 2092 1553 pans(70)
2120 1481 2299 1538 omnia
2339 1481 2501 1536 habet
2548 1480 2649 1536 sibi
2676 1477 2799 1533 data
2830 1493 2860 1532 a
2895 1477 3073 1532 Patre.
3137 1476 3254 1532 Non
3290 1490 3413 1532 cum

1823 1574 2089 1643 apparuit,
2129 1583 2256 1629 tunc
2288 1584 2344 1629 et
2390 1573 2601 1637 Filius;
2653 1586 2759 1627 non
2785 1586 2908 1627 cum
2947 1570 3249 1633 nobiscum.
3287 1580 3417 1625 tunc

1822 1675 1878 1721 et
1920 1670 2057 1735 apud
2112 1668 2280 1724 Deum
2324 1669 2465 1723 :sed
2511 1666 2965 1737 quemadmodum
3026 1666 3079 1719 in
3143 1662 3415 1735 principio

1822 1768 1938 1810 erat
1978 1756 2231 1824 Verbum,
2294 1759 2347 1813 in
2412 1759 2679 1829 principio
2740 1765 2886 1823 erat,
2958 1770 3063 1810 non
3121 1764 3301 1808 tamen
3358 1754 3414 1810 in

1820 1849 2128 1905 novissimis
2174 1838 2548 1921 temporibus:
2595 1853 2647 1905 in
2711 1849 3000 1922 principio,
3065 1861 3168 1901 non
3232 1855 3412 1902 tamen

1821 1954 1944 2013 post
1978 1945 2174 2000 saecula
2224 1962 2345 2017 qua:
2392 1962 2488 2017 per
2520 1948 2693 2017 ipsum
2742 1945 2883 2001 facta
2935 1954 3081 2001 sunt.
3140 1943 3196 1997 In
3256 1940 3413 2013 prin-

1820 2037 1961 2106 cipio
2000 2048 2126 2092 ante
2179 2054 2367 2094 omnes
2413 2042 2553 2110 apud
2605 2041 2768 2095 Deum
2803 2079 2819 2103 ,
2866 2046 2991 2093 ante
3037 2035 3249 2093 caelos:
3302 2049 3413 2090 non

1819 2132 1965 2185 enim
2018 2133 2353 2189 necessarios
2416 2134 2648 2188 habebat
2694 2133 2862 2188 caelos
2902 2132 2969 2186 ad
3019 2129 3413 2195 habitandum;

1821 2225 2087 2294 siquidem
2145 2240 2247 2281 nec
2298 2235 2427 2281 tunc
2479 2239 2602 2281 cum
2661 2224 2863 2279 factum
2917 2232 3004 2277 est
3064 2219 3289 2285 coelum,
3340 2216 3411 2273 ad

1822 2332 1979 2372 usum
2014 2317 2213 2373 factum
2238 2328 2322 2374 est
2345 2317 2463 2383 Dei,
2491 2316 2585 2372 sed
2609 2317 2675 2371 ad
2701 2317 3022 2372 beneficium
3053 2314 3223 2383 ipsius
3245 2309 3400 2376 εαξη,

1822 2418 1878 2462 ει
1908 2422 2093 2463 eorum
2119 2410 2207 2478 qui
2234 2409 2336 2465 sub
2363 2407 2505 2464 caelo
2541 2416 2665 2462 sunt
2690 2416 2932 2462 creatum
2960 2416 3044 2461 est
3070 2406 3289 2461 omium.
3338 2400 3410 2458 In

1826 2502 2083 2571 principio
2120 2513 2232 2557 erat
2262 2517 2282 2556 :
2328 2516 2482 2558 serva
2517 2503 2663 2573 quod
2686 2512 2804 2557 erat
2829 2500 2962 2571 (Ἡ).
3003 2499 3058 2554 Si
3085 2498 3228 2553 enim
3262 2504 3316 2552 et
3348 2503 3408 2549 tu

1824 2608 1933 2647 non
1969 2594 2197 2659 dixeris,
2226 2594 2378 2661 Erat,
2413 2594 2503 2650 ille
2528 2595 2745 2665 quidem
2788 2604 2973 2649 manet
2997 2591 3139 2663 quod
3167 2598 3309 2657 erat,
3354 2599 3413 2646 tu

1823 2697 2004 2741 autem
2048 2684 2396 2742 fraudaveris
2444 2695 2505 2741 ut
2551 2688 2654 2743 sis.
2711 2686 2826 2741 Non
2879 2685 3025 2740 enim
3061 2699 3127 2739 ex
3166 2681 3250 2738 his
3293 2695 3415 2752 quae

1826 2780 2057 2835 dicimus
2094 2777 2402 2835 efﬁciuntur
2446 2780 2663 2850 negotia
2711 2794 2891 2833 rerum
2924 2796 2938 2833 :
2974 2778 3066 2833 sed
3105 2777 3147 2830 si
3176 2773 3413 2830 confessi

1824 2866 2086 2923 fuerimus
2128 2880 2188 2922 ut
2214 2884 2273 2924 se
2303 2884 2391 2924 res
2429 2870 2633 2925 habere
2654 2868 2928 2933 videntur,
2964 2868 3315 2923 salvabimur.
3351 2864 3412 2922 SI

1827 2967 2011 3014 autem
2043 2958 2335 3014 delirantes
2377 2975 2484 3014 non
2536 2968 2592 3013 ut
2645 2972 2703 3013 se
2736 2958 2901 3013 habet
2940 2959 3213 3028 negotium
3249 2957 3415 3013 locuti

1826 3049 2125 3117 fuerimus;
2158 3049 2290 3120 ipsae
2332 3050 2551 3118 quidem
2593 3066 2680 3106 res
2706 3060 2945 3111 manent,
2986 3066 3085 3105 nos
3110 3058 3289 3103 autem
3324 3048 3414 3120 ju-

1748 3179 1791 3237 C
1827 3140 2147 3196 dicabimur.
2199 3142 2351 3207 Erat,
2384 3151 2439 3195 et
2468 3150 2609 3207 erat,
2640 3153 2695 3197 et
2728 3152 2869 3197 erat.
2906 3141 2971 3195 In
3013 3141 3273 3211 principio
3296 3150 3411 3195 erat

1837 3231 2057 3286 Verbum
2094 3248 2113 3287 :
2152 3248 2279 3289 ecce
2316 3234 2480 3288 semel
2530 3244 2691 3289 erat:
2730 3245 2778 3288 et
2827 3234 3054 3289 Verbum
3106 3244 3219 3287 erat
3266 3232 3411 3302 apud

1826 3321 1990 3376 Deum
2007 3324 2075 3387 ⁸⁸,
2112 3333 2168 3377 ει
2196 3324 2389 3379 iterum
2422 3326 2535 3397 (72)
2590 3335 2708 3381 erat
2733 3344 2746 3380 :
2780 3335 2831 3381 et
2852 3326 2991 3380 Deus
3009 3337 3121 3380 erat
3148 3326 3409 3380 Verbum:

1821 3430 1951 3471 ecce
1984 3418 2143 3471 tertio
2174 3427 2312 3472 erat.
2355 3416 2459 3471 Hic
2491 3429 2603 3473 erat
2643 3421 2697 3473 in
2745 3420 3003 3487 principio
3038 3422 3179 3489 apud
3221 3419 3410 3475 Deum.

1820 3505 1950 3561 Post
1982 3516 2215 3576 quatuor
2258 3509 2355 3563 bas
2396 3524 2559 3565 voces
2604 3510 2782 3565 adhuc
2817 3512 3036 3565 dubitas
3070 3512 3211 3580 quod
3251 3510 3411 3566 erat?

1821 3607 1876 3653 et
1912 3599 2128 3665 iterum,
2156 3597 2278 3653 Vita
2316 3610 2453 3665 erat,
2485 3610 2542 3656 et
2567 3602 2681 3656 vita
2719 3612 2839 3657 erat
2872 3602 2963 3657 lux
2997 3603 3297 3658 hominum.
3348 3602 3409 3657 Si

1820 3690 1951 3746 dicit
1983 3692 2334 3763 evangelista,
2380 3694 2472 3763 qui
2516 3710 2583 3749 ex
2624 3704 2843 3764 pectore
2880 3696 3091 3750 Domini
3143 3696 3406 3762 haurivit,

1820 3780 1976 3849 Erat,
2031 3791 2086 3838 et
2138 3784 2241 3838 hoc
2291 3784 2648 3855 frequenter:
2682 3799 2748 3841 ex
2794 3786 2880 3842 bis
2926 3802 3046 3857 quae
3089 3802 3231 3856 smpe
3267 3790 3408 3844 dicta

1820 3881 1946 3927 sunt
1998 3888 2067 3929 ne
2112 3874 2328 3943 quidem
2361 3892 2525 3930 unum
2565 3886 2758 3933 tenes:
2796 3887 2851 3933 et
2887 3893 3046 3948 quem
3093 3879 3286 3935 laedis?
3317 3880 3411 3937 Ille

1819 3965 1962 4019 enim
1988 3967 2079 4035 qui
2107 3977 2246 4033 erat,
2275 3976 2378 4034 est,
2408 3976 2462 4023 et
2490 3984 2595 4023 non
2629 3970 2865 4026 cessavit
2892 3979 2951 4025 ut
2976 3971 3069 4026 sit.
3116 3972 3208 4029 Tu.
3226 3982 3408 4027 autem

1820 4074 1926 4113 non
1963 4060 2070 4114 eris
2112 4059 2267 4129 ejus,
2321 4062 2423 4116 nisi
2469 4060 2639 4117 fueris
2679 4062 2962 4119 confessus
3007 4065 3133 4133 quia
3164 4073 3319 4129 erat,
3352 4072 3407 4117 et

1819 4160 1903 4208 est
1924 4162 1978 4207 et
2006 4153 2109 4207 erit
2144 4172 2157 4208 :
2196 4165 2246 4210 et
2281 4170 2556 4225 nunquam
2586 4157 2819 4212 cessavit
2844 4166 2903 4211 ut
2936 4172 3042 4212 non
3073 4157 3165 4213 sit.
3190 4156 3407 4213 Princi-

1818 4246 1967 4315 pium
1999 4248 2259 4315 evangelii
2296 4249 2445 4315 dicit,
2481 4246 2612 4303 Erat
2642 4265 2661 4303 :
2703 4258 2758 4303 et
2797 4257 2854 4304 tu
2907 4249 3091 4305 statim
3148 4249 3402 4305 dubitas:

1818 4337 2045 4393 necdum
2072 4341 2284 4411 cmpisti
2318 4341 2518 4411 legere,
2558 4353 2612 4397 et
2639 4340 2933 4401 offendisti.
2969 4343 3309 4415 Evangelista
3336 4344 3409 4398 ab

1820 4431 1953 4485 Erat
1983 4435 2168 4503 C(Bpit,
2198 4444 2251 4489 et
2283 4445 2334 4489 tu
2368 4434 2501 4489 Erat
2551 4436 2818 4491 interimis
2840 4436 2867 4490 ἲ
2912 4434 3152 4491 Necdum
3199 4436 3403 4505 legisti,

147 4504 320 4598 autem
345 4513 405 4554 se
429 4515 532 4598 non
560 4504 874 4598 coinquinat
897 4508 965 4562 ab
994 4509 1080 4564 his
1110 4526 1230 4579 qua;
1256 4513 1504 4583 detergit.
1532 4513 1589 4569 Si
1617 4515 1714 4583 igi-
1747 4528 1790 4583 ιι
1818 4533 1873 4577 ει
1897 4525 2250 4579 contradicis.
2284 4526 2407 4580 Erat
2445 4528 2497 4581 in
2530 4527 2792 4598 principio
2815 4538 2944 4583 ante
2972 4544 3196 4584 omnes:
3226 4504 3405 4585 bonus

150 4597 235 4640 tur
275 4588 379 4645 iste
425 4593 503 4647 sol
544 4594 771 4651 visibilis
810 4598 902 4667 qui
935 4599 1109 4654 oritur
1140 4612 1195 4655 et
1228 4605 1450 4669 occidit,
1482 4606 1572 4675 qui
1608 4622 1713 4662 non

150 4679 201 4733 in
227 4683 491 4753 principio
534 4687 655 4753 fuit,
682 4690 774 4744 sed
807 4701 1001 4760 quarto
1046 4694 1132 4748 die
1181 4710 1278 4763 per
1302 4696 1497 4752 Filium
1539 4699 1715 4755 factus

147 4782 259 4838 est;
300 4776 345 4830 si
383 4778 486 4832 iste
519 4779 602 4833 sol
635 4797 737 4835 non
770 4784 1007 4851 repletur
1039 4787 1107 4841 ab
1151 4786 1235 4842 his
1280 4805 1398 4859 qua:
1424 4792 1710 4860 contingit,

148 4866 313 4921 multo
340 4869 512 4939 magis
541 4870 801 4929 Dominus
822 4876 1045 4944 iustitiae
1091 4881 1179 4948 qui
1218 4893 1410 4950 purgat
1442 4893 1495 4937 et
1522 4899 1712 4939 emun-

148 4956 257 5022 dat,
292 4958 556 5016 clarificat
587 4972 641 5017 et
686 4964 972 5035 illuminat,
1019 4986 1130 5024 non
1159 4974 1614 5030 contaminabitur
1643 4980 1710 5032 ab

148 5046 229 5103 his
275 5066 397 5119 quae
441 5054 724 5131 contingit.
781 5057 899 5113 Non
951 5072 1127 5129 potest
1166 5067 1307 5117 enim
1362 5066 1477 5135 ejus
1517 5078 1709 5123 natura

147 5145 526 5200 contaminari.
590 5146 737 5203 Nihil
796 5150 848 5204 in
904 5166 1024 5208 eum
1092 5155 1397 5225 ingreditur
1452 5160 1707 5216 alienum.

147 5230 294 5294 Quod
338 5236 482 5289 enim
537 5249 691 5293 natus
735 5254 817 5295 est
868 5246 1053 5308 semel,
1098 5248 1199 5302 hoc
1234 5258 1282 5302 et
1322 5260 1519 5305 manet.
1567 5251 1709 5307 Nihil

148 5317 313 5374 defuit
363 5332 423 5376 ut
452 5326 903 5393 introduceretur,
937 5334 1065 5387 nihil
1096 5337 1271 5391 minus
1296 5350 1377 5395 est
1418 5351 1474 5395 ut
1503 5344 1711 5413 replea-

214 5436 259 5473 ³⁸
287 5438 441 5495 Joan.
476 5456 515 5509 ι,
546 5443 635 5499 29.
730 5448 776 5478 ⁸⁸
807 5448 932 5504 ibid.
964 5451 1018 5504 2.

154 5608 157 5609 '
362 5594 458 5650 Ms.
491 5597 594 5661 Qui
628 5611 737 5653 erat
768 5615 959 5655 natura
988 5608 1281 5664 invisibilis.

485 5667 793 5745 indigebant
818 5678 1009 5740 salute,
1040 5695 1154 5745 qua:
1192 5700 1221 5732 α
1262 5682 1483 5736 Domino
1508 5696 1604 5739 est.

355 5734 450 5823 his.
465 5809 471 5815 1
486 5730 975 5823 Ρενίὲειίι-εηξιηρι
998 5730 1290 5821 progenie;
1301 5730 1537 5823 iv.

216 5805 322 5867 (7η)
352 5805 675 5877 Autiuprtns.
699 5812 1006 5881 [Ιρολαὸών.

1816 4614 1957 4668 enim
1987 4624 2069 4668 est
2094 4614 2285 4679 Pater,
2314 4626 2370 4671 et
2399 4633 2501 4672 non
2530 4626 2614 4673 est
2642 4620 2847 4675 divisus
2883 4636 3149 4692 generans
3173 4620 3402 4678 Filium:

1816 4715 2007 4773 potens
2037 4715 2140 4767 est.
2177 4717 2227 4762 et
2258 4723 2359 4763 non
2393 4720 2511 4762 erat
2538 4711 2589 4765 ei
2632 4710 2969 4781 impossibile
3002 4712 3209 4782 impleri
3242 4727 3396 4765 suam

1817 4798 2136 4855 bonitatem.
2180 4801 2447 4871 Tempora
2473 4805 2617 4859 enim
2648 4815 2703 4860 et
2734 4806 2927 4861 saecula
2957 4817 3011 4861 et
3040 4808 3214 4877 spatia
3240 4809 3402 4863 deor-

1816 4904 1932 4943 sum
1966 4902 2112 4947 sunt.
2156 4892 2274 4948 Noli
2300 4906 2616 4966 computare
2646 4898 2935 4969 unigenitte
2957 4899 3029 4953 illi
3065 4908 3272 4955 naturae
3298 4900 3400 4954 ali-

1818 4987 1946 5055 quid
1980 5006 1991 5041 :
2025 4989 2156 5043 nihil
2184 5005 2250 5045 ex
2290 4992 2372 5046 his
2404 5007 2525 5062 quae
2555 4992 2700 5048 facta
2748 5009 2847 5064 per
2892 4994 3066 5063 ipsum
3106 5005 3236 5049 sunt
3262 5011 3277 5051 :
3306 4994 3403 5050 sed

1818 5078 2077 5134 conﬁtere
2105 5080 2319 5136 Patrem
2358 5098 2462 5138 non
2510 5093 2697 5138 natum
2723 5125 2738 5149 ,
2782 5093 2836 5138 et
2879 5085 3043 5139 alium
3076 5100 3180 5138 non
3211 5095 3398 5137 natum

1817 5183 2060 5239 quaerere
2091 5171 2227 5239 noli;
2254 5175 2377 5243 quia
2406 5191 2505 5230 nec
2538 5177 2800 5233 invenies.
2836 5177 3109 5234 Confitere
3134 5178 3400 5234 etFilium

1816 5258 2149 5329 unigenitum
2200 5273 2384 5317 natum
2430 5281 2457 5319 a
2503 5264 2713 5321 Patre:
2767 5275 2821 5323 et
2878 5268 3041 5321 alium
3088 5269 3279 5323 Filium
3333 5288 3401 5324 nc

1817 5364 2048 5419 quaeras,
2077 5357 2171 5411 sed
2215 5372 2338 5411 eum
2369 5359 2457 5427 qui
2509 5368 2592 5413 est
2634 5375 2771 5415 unus
2809 5360 3139 5431 unigenitus,
3193 5363 3281 5432 qui
3331 5362 3403 5415 ab

1883 5621 1995 5745 (gl)
2028 5622 2207 5679 Serva.
2237 5627 2425 5697 Τήρει,
2454 5627 2699 5683 observa.
2739 5628 2830 5685 Sic
2856 5628 2993 5684 infra
3027 5627 3122 5685 lib.
3147 5641 3212 5696 tt,
3246 5628 3393 5685 circa

1812 5707 1931 5745 lllCtl
1942 5733 1955 5745 .

1885 5764 1999 5835 (η)
2033 5762 2099 5820 Ει
2126 5766 2331 5823 iterum.
2367 5767 2523 5825 ι’)τιε
2554 5785 2617 5825 cn
2642 5768 2762 5822 iter.
