4048 6322
700 352 831 411 1031

1360 352 1624 412 EUSEBII
1663 353 2138 412 CESARIENSIS
2173 353 2324 411 OPP.
2363 353 2541 412 PARS
2577 353 2666 411 iV.
2699 384 2774 398 —
2807 346 3226 411 DOGIATICA.

3797 349 3930 407 18$!

695 488 805 528 uno
832 471 1158 536 estPatre,a
1190 471 1304 528 solo
1330 473 1498 538 solus,
1537 474 1606 529 ah
1633 488 1739 530 uno
1756 488 1914 528 unus.
1940 472 2081 530 Nihil
2106 473 2250 528 enim
2283 480 2328 536 Α
2355 474 2427 528 tia
2478 492 2494 530 :
2541 482 2598 528 et
2649 471 3011 527 adorabantnr
3059 470 3272 535 omnia;
3322 474 3379 525 et
3425 469 3554 541 quia
3614 468 3928 528 adorandae

693 564 900 632 aequale
937 573 1018 617 est
1056 565 1362 632 onigenito,
1408 564 1541 620 nihil
1587 562 1762 621 simile
1801 565 1977 628 Filio,
2023 564 2152 620 nihil
2200 565 2248 619 ei

695 661 1058 722 comparatur,
1092 652 1225 708 nihil
1253 663 1516 723 aequatur.
1549 653 1740 710 Omnia
1768 667 1888 708 eum
1915 652 2162 716 adorant,
2184 653 2254 708 ob

697 743 957 798 honorem
994 753 1050 798 ot
1086 752 1210 813 pote
1237 746 1354 817 ejus
1377 747 1467 816 qui
1497 746 1681 815 genuit
1712 766 1724 800 :
1767 759 1874 799 non
1902 753 1985 800 est
2021 759 2160 799 unus
2187 759 2251 799 ex

696 833 784 888 his
804 848 924 902 quae
962 850 1059 904 per
1097 837 1267 903 ipsum
1297 846 1469 891 sunt:
1512 851 1617 891 non
1647 845 1825 892 estex
1872 836 1976 892 hoe
2024 837 2248 902 mundo,

695 921 790 978 sed
832 931 888 977 et
925 924 1151 977 mundos
1181 939 1276 994 per
1320 927 1514 990 ipsum.
1563 923 1678 979 Non
1724 925 1918 982 caelum
1946 939 2068 980 cum
2097 923 2252 991 Filio,

696 1013 792 1066 sed
833 1022 891 1067 et
933 1013 1124 1069 cmlom
1168 1029 1264 1084 per
1294 1014 1509 1069 Filium.
1554 1015 1694 1083 Quid
1735 1031 1872 1086 opus
1899 1025 1985 1072 est
2016 1016 2256 1086 partibus

696 1105 960 1160 exhibere
1002 1106 1252 1160 natura?
1299 1105 1488 1161 Omnia
1521 1124 1613 1175 per
1650 1109 1819 1176 ipsum
1857 1117 1998 1172 sunt,
2041 1118 2086 1163 et
2126 1108 2256 1162 nihil

697 1195 810 1249 sine
845 1196 954 1263 ipso
981 1211 999 1249 :
1025 1205 1080 1251 et
1129 1197 1286 1252 tertio
1323 1215 1336 1251 :
1369 1196 1518 1264 Quod
1554 1197 1753 1252 factum
1787 1208 1871 1252 est
1913 1213 2009 1267 per
2059 1200 2253 1268 ipsum.

697 1282 818 1340 Noli
839 1286 1018 1340 dicere
1047 1287 1337 1350 hominem,
1367 1302 1434 1342 ne
1462 1287 1727 1342 irascatur
1751 1287 1840 1356 qui
1862 1289 2063 1353 genuit.
2096 1287 2257 1342 Joan-

698 1389 798 1430 nes
824 1377 1149 1448 evangelista
1173 1420 1188 1444 ,
1225 1379 1268 1431 si
1323 1387 1500 1430 tamen
1531 1376 1788 1441 Joannes,
1827 1390 1883 1434 et
1913 1394 2018 1433 non
2048 1379 2136 1446 qui
2164 1393 2258 1446 per

699 1462 985 1533 Joannem,
1034 1470 1245 1538 scripsit
1293 1470 1360 1524 de
1401 1470 1558 1533 Filio,
1588 1473 1802 1539 scripsit
1843 1483 1897 1527 et
1946 1473 2010 1526 de
2053 1471 2257 1527 Joanne

700 1557 962 1625 Baptista.
994 1559 1374 1632 Subinterroga
1408 1561 1572 1631 igitur
1593 1563 2038 1630 quemadmodum
2061 1564 2128 1616 de
2152 1564 2258 1617 Deo

701 1647 944 1718 loquitur
973 1651 1326 1720 evangelista,
1361 1664 1414 1706 et
1443 1653 1892 1722 quemadmodum
1921 1655 1987 1707 de
2014 1653 2254 1708 homine:

705 1735 772 1790 1η
825 1740 1099 1806 principia,
1158 1741 1370 1811 inquit,
1428 1753 1538 1796 erat
1577 1741 1836 1798 Verbum:
1871 1744 1972 1797 hoc
2034 1745 2099 1798 de
2151 1743 2260 1798 Deo

2353 565 2716 633 ignorabatur,
2731 561 3052 618 on‘ensiones
3063 572 3216 616 erant
3231 561 3383 618 nobis
3395 562 3601 617 omnia.
3619 560 3761 616 Nam
3781 572 3848 618 et
3857 565 3930 619 sei

2352 669 2458 708 non
2479 652 2833 716 illuminabat,
2857 654 2949 708 sed
2971 662 3028 708 et
3047 654 3160 722 ipse
3180 653 3332 708 nobis
3348 662 3466 708 erat
3484 650 3742 707 oil'ensio.
3771 653 3930 707 Venit

2352 751 2530 798 autem
2553 756 2649 814 per
2663 756 2823 812 quem
2840 742 3159 797 sontomnia
3177 759 3192 796 :
3214 756 3316 795 non
3334 741 3505 795 unum
3521 756 3626 797 nos
3646 741 3928 805 liberavit,

2353 833 2446 890 sed
2463 842 2517 889 et
2537 833 2707 902 ipsum
2724 830 2891 886 solem
2909 833 2976 885 ab
2994 831 3213 900 ignobili
3237 831 3340 886 isto
3360 831 3570 887 honore
3585 831 3828 886 liberum
3857 831 3930 884 ie-

2354 926 2446 980 cit.
2481 923 2754 979 Liberavit
2790 937 2921 979 sane
2952 923 3130 977 lunam
3168 937 3197 975 a
3238 919 3559 988 calumniis,
3604 933 3670 976 et
3715 936 3927 992 purga-

2353 1015 2432 1069 vit
2455 1014 2641 1070 stellas
2665 1023 2722 1068 ut
2761 1028 2867 1069 non
2905 1016 3278 1069 adorarentur.
3303 1012 3361 1068 Si
3389 1025 3571 1068 autem
3601 1014 3840 1085 quidam
3865 1015 3928 1082 ad

2357 1107 2474 1162 haec
2496 1107 2514 1126 '
2546 1119 2718 1175 usque
2747 1105 3098 1170 contendunt,
3118 1105 3346 1176 reliquis
3369 1105 3643 1160 malorum
3679 1120 3928 1160 comme-

2355 1197 2678 1252 morantiuta
2722 1195 3061 1250 beneﬁcium.
3121 1195 3271 1250 Nunc
3310 1196 3473 1266 igitur
3511 1205 3570 1252 et
3605 1211 3812 1250 aurum
3851 1206 3928 1251 est

2356 1288 2632 1340 mundum.
2665 1285 2817 1341 Nunc
2837 1296 2892 1341 et
2927 1295 3206 1356 argentum
3226 1286 3291 1339 ad
3319 1286 3371 1340 id
3401 1286 3546 1355 quod
3563 1296 3822 1341 creatum
3849 1299 3929 1340 est

2356 1381 2504 1436 utile.
2545 1378 2696 1434 Nunc
2722 1387 3071 1433 teramentom
3097 1389 3440 1433 eramentom
3473 1387 3564 1434 est
3585 1419 3600 1445 ,
3633 1388 3693 1433 et
3719 1377 3925 1433 ferrum

2359 1472 2560 1525 ferrum
2585 1510 2600 1534 ,
2636 1479 2689 1523 et
2727 1471 2861 1540 lapis
2897 1469 3062 1539 lapis,
3113 1479 3168 1524 et
3215 1469 3415 1539 lignum
3465 1469 3680 1540 lignum
3725 1479 3851 1531 est,
3879 1476 3928 1523 et

2358 1561 2500 1616 Deus
2535 1561 2692 1616 Deus.
2714 1560 2870 1626 Nunc
2907 1561 3240 1615 daemonibus
3289 1561 3604 1627 increpatur
3640 1570 3704 1615 ut
3738 1561 3926 1624 decet,

2358 1665 2412 1710 et
2455 1671 2557 1708 non
2600 1655 2891 1708 adorantur
2917 1663 3106 1708 utnon
3146 1654 3320 1708 decet.
3366 1652 3526 1706 Venit
3557 1652 3714 1706 enim
3750 1667 3846 1707 rex
3879 1663 3930 1706 ct

2359 1746 2615 1800 exstinxit
2647 1754 2930 1816 tyrannum
2975 1765 2986 1799 :
3022 1753 3076 1798 et
3114 1744 3331 1814 agnovit
3368 1743 3486 1797 ovis
3531 1752 3816 1812 pastorem
3839 1780 3854 1805 ,
3883 1752 3930 1796 et

704 1825 844 1884 Filio
885 1830 1038 1884 dixit.
1092 1831 1231 1886 Dicit
1274 1845 1329 1888 et
1381 1833 1447 1888 de
1477 1831 1706 1899 Joanne,
1748 1831 1944 1888 Factus
1971 1845 2046 1887 est
2083 1835 2256 1886 homo.
2290 1846 2331 1901 Β
2362 1836 2525 1906 fugati
2563 1845 2687 1887 sunt
2709 1834 2841 1902 lupi.
2885 1833 3162 1899 Quissane
3180 1831 3366 1886 venit?
3389 1831 3577 1900 otique
3608 1831 3659 1885 is
3689 1832 3783 1900 qui
3815 1841 3933 1884 erat

704 1917 846 1991 Lege
884 1921 994 1983 illa,
1023 1921 1242 1992 soblege
1270 1932 1325 1977 et
1365 1924 1462 1980 ista
1495 1941 1508 1977 :
1536 1931 1590 1978 et
1629 1925 1868 1978 invenies
1896 1924 2163 1993 quomodo
2194 1923 2260 1976 de

707 2014 816 2069 Deo
845 2013 983 2069 Filio
1021 2015 1257 2086 loquitur
1285 2034 1299 2070 :
1329 2027 1384 2072 et
1435 2017 1706 2071 hominem
1751 2025 1980 2086 exponet
2008 2015 2257 2071 Joannes.

704 2105 774 2159 In
817 2106 1075 2173 principio
1122 2119 1233 2162 erat
1273 2107 1492 2162 Verbum
1549 2108 1615 2161 de
1658 2105 1796 2162 Filio
1831 2107 1961 2162 dicit
2009 2125 2026 2162 :
2068 2107 2262 2168 Factus

705 2194 871 2250 homo
895 2196 960 2251 de
980 2196 1185 2253 Joanne
1215 2199 1382 2268 ponit.
1422 2196 1489 2252 Et
1512 2197 1735 2252 Verbum
1763 2206 1875 2252 erat
1903 2199 2045 2267 apud
2075 2199 2258 2264 Deum,

703 2293 761 2340 et
787 2284 923 2340 Deus
955 2297 1066 2341 erat
1110 2286 1330 2343 Verbum
1350 2328 1365 2352 ,
1396 2290 1462 2343 de
1487 2288 1622 2345 Filio
1661 2290 1914 2359 loquitur.
1955 2289 2028 2343 De
2057 2288 2262 2346 Joanne

705 2383 884 2430 autem
915 2393 929 2430 :
965 2373 1089 2432 Non
1112 2388 1223 2432 erat
1250 2378 1338 2431 ille
1373 2378 1545 2432 lumen
1573 2380 1643 2444 ",
1667 2388 1718 2434 et
1750 2380 1944 2433 iterum
1981 2379 2047 2434 de
2079 2382 2264 2450 unige-

705 2466 819 2522 ulto
838 2468 937 2533 ait,
970 2467 1074 2522 Hic
1102 2479 1214 2524 erat
1238 2471 1293 2524 in
1324 2471 1576 2538 principio
1598 2471 1738 2540 apud
1757 2470 1942 2526 Deum.
1966 2470 2041 2526 De
2059 2470 2265 2528 Joanne

705 2568 910 2626 autem,
943 2559 1044 2614 Hic
1084 2563 1222 2616 venit
1253 2562 1323 2615 ad
1357 2563 1709 2631 testimonium
1731 2561 1798 2617 ⁸⁸.
1849 2560 2045 2632 lnjuria
2071 2564 2266 2632 quippe

706 2659 809 2714 est,
843 2658 899 2707 et
943 2666 1254 2722 praponere
1297 2655 1626 2724 unigenitum
1667 2655 1837 2710 servis
1867 2657 1998 2710 suis.
2039 2648 2170 2710 Nam
2210 2665 2266 2711 et

707 2743 848 2811 quod
897 2743 1118 2809 dicitur,
1163 2745 1296 2799 nihil
1342 2747 1390 2801 ei
1443 2756 1787 2816 comparatur
1829 2757 1921 2801 aut
1980 2758 2261 2818 aquator:

706 2847 814 2888 non
858 2844 943 2890 est
988 2851 1286 2906 magnum:
1340 2839 1437 2894 sed
1486 2839 1671 2907 egenis
1715 2839 1878 2894 etiam
1935 2854 2097 2907 parva
2141 2848 2266 2895 sunt

706 2940 920 2997 magna.
952 2926 1067 2983 Non
1096 2937 1177 2984 est
1210 2929 1353 2985 enim
1385 2946 1524 2986 unus
1569 2946 1635 2986 ex
1676 2930 1950 3001 prophetis
1974 2929 2136 2996 alios,
2170 2931 2264 2986 sed

705 3032 804 3088 per
842 3034 1001 3090 quem
1035 3035 1223 3076 omnes
1252 3023 1528 3092 propheta:
1563 3041 1577 3078 :
1619 3037 1724 3078 non
1759 3037 1897 3079 unus
1923 3037 1991 3078 ex
2029 3022 2262 3094 regibus,

708 3119 802 3166 sed
833 3127 930 3182 per
965 3127 1124 3184 quem
1155 3129 1343 3170 omnes
1384 3129 1541 3185 reges
1581 3133 1596 3170 :
1643 3130 1747 3171 non
1784 3129 1922 3170 unus
1965 3128 2033 3170 ex
2081 3114 2263 3183 iustis,

710 3201 806 3257 sed
843 3202 956 3272 ipse
979 3203 1189 3273 justltia
1227 3227 1239 3260 :
1277 3221 1384 3260 non
1424 3222 1563 3261 unus
1591 3221 1658 3261 ex
1687 3206 1883 3270 servis,
1933 3205 2028 3260 sed
2053 3203 2262 3261 Vilius:

709 3307 818 3348 non
841 3309 1004 3349 unum
1047 3309 1113 3350 ex
1151 3297 1436 3363 omnibus,
1473 3299 1569 3353 sed
1601 3313 1699 3369 per
1722 3312 1880 3368 quem
1908 3307 2033 3352 sunt
2057 3298 2264 3353 omnia:

709 3399 818 3440 non
845 3401 912 3441 ex
949 3387 1031 3442 his
1058 3389 1147 3456 qui
1181 3390 1441 3445 assistunt
1468 3399 1522 3445 et
1551 3391 1891 3456 ministrant,
1926 3391 2020 3446 sed
2061 3392 2150 3460 qui
2182 3405 2270 3446 se-

709 3476 800 3531 det
825 3478 891 3531 ad
917 3478 1192 3533 dexteram
1213 3479 1388 3536 Patris
1412 3499 1430 3535 :
1464 3497 1570 3536 non
1607 3496 1673 3537 ex
1699 3481 1782 3537 his
1803 3483 1894 3551 qui
1937 3481 2268 3553 iudicantur,

709 3567 805 3622 sed
850 3567 942 3637 qui
996 3569 1234 3640 suscepit
1277 3584 1436 3626 omne
1489 3572 1750 3642 judicium
1800 3574 2100 3645 iudicandi.
2151 3571 2267 3626 Non

708 3660 921 3727 quando
948 3661 1085 3729 apud
1128 3675 1248 3727 nos,
1277 3670 1402 3717 tunc
1424 3672 1477 3718 et
1509 3665 1648 3734 apud
1677 3664 1915 3720 Patrem.
1950 3664 2100 3720 Tunc
2126 3663 2267 3717 enim

708 3750 816 3806 hoc
857 3751 1056 3806 dictum
1107 3751 1476 3807 intercidatur.
1526 3755 1606 3809 Ad
1639 3771 1737 3810 nos
1780 3757 1924 3810 enim
1952 3755 2268 3826 dispensans

707 3842 894 3898 venit:
929 3851 1058 3897 tunc
1093 3845 1307 3912 quando
1339 3854 1400 3900 ot
1445 3848 1581 3912 ovis,
1617 3848 1831 3916 quando
1863 3856 1920 3902 ut
1945 3847 2128 3916 Agnus
2154 3847 2273 3904 Dei.‘

708 3931 769 3988 In
808 3934 1080 4004 principio
1123 3944 1298 3989 autem
1336 3946 1451 3991 erat
1476 3937 1614 3992 Deus
1644 3939 1779 4007 apud
1807 3939 1969 3993 Deum
2001 3957 2015 3994 :
2049 3954 2169 3992 nam
2213 3946 2270 3992 et

709 4039 834 4080 cum
886 4027 1027 4096 apud
1082 4042 1202 4092 nos,
1263 4027 1400 4082 Deus
1447 4029 1722 4083 nobiscum
1757 4028 2115 4085 Emmanuel:
2165 4044 2269 4084 non

711 4116 851 4174 alios
884 4118 1023 4188 apud
1061 4116 1302 4184 Patrem,
1336 4119 1471 4177 alius
1502 4129 1680 4174 autem
1711 4120 1992 4175 nobiscum
2033 4128 2089 4175 et
2138 4119 2274 4175 alios

709 4217 868 4263 erat:
898 4223 1121 4264 manens
1161 4209 1421 4279 siquidem
1465 4210 1518 4265 in
1570 4211 1740 4282 iigura
1784 4208 1878 4266 Dei
1922 4211 2270 4276 constitutos,

710 4299 872 4355 istam
899 4311 1138 4356 nostram
1181 4301 1405 4371 figuram
1441 4303 1584 4357 servi
1638 4303 1893 4371 accepit:
1945 4314 2049 4356 non
2091 4301 2159 4356 ab
2183 4299 2273 4356 illa

2361 1924 2414 1976 in
2455 1923 2670 1974 mundo.
2701 1920 2766 1974 In
2794 1922 2990 1974 mundo
3012 1959 3030 1985 ,
3075 1921 3283 1990 inquit,
3317 1930 3431 1974 erat
3461 1937 3481 1973 :
3513 1919 3803 1990 siquidem
3847 1920 3926 1972 ni-

2359 2014 2433 2068 hil
2460 2028 2686 2068 vacoom
2723 2014 2790 2069 ab
2820 2013 2938 2083 ipso
2961 2013 3124 2066 etiam
3163 2021 3288 2067 ante
3310 2013 3604 2067 adventum
3645 2011 3770 2079 ejus
3793 2021 3928 2066 erat.

2360 2104 2494 2172 Quia
2528 2118 2634 2158 non
2656 2105 2800 2158 enim
2843 2116 2970 2156 cum
3018 2102 3296 2171 apparuit,
3336 2111 3466 2155 tunc
3504 2111 3561 2156 et
3591 2102 3751 2154 venit
3790 2119 3806 2152 :
3843 2102 3930 2155 sed

2360 2204 2477 2249 erat
2506 2194 2714 2255 latens,
2741 2191 2986 2264 apparuit
3021 2192 3112 2261 qui
3147 2201 3264 2247 erat
3285 2190 3480 2246 latens.
3522 2188 3642 2245 Non
3671 2201 3816 2245 sunt
3834 2190 3932 2245 ista

2361 2264 2516 2347 mea,
2553 2282 3032 2352 sederangelista.
3085 2281 3176 2335 Ait
3217 2280 3401 2347 enim,
3430 2277 3492 2333 In
3543 2280 3755 2333 mundo
3801 2289 3928 2332 erat.

2364 2375 2468 2432 Sed
2493 2389 2679 2444 parum
2704 2375 2878 2429 visum
2899 2383 2980 2430 est
3005 2373 3056 2428 ei
3077 2373 3166 2442 qui
3198 2372 3368 2437 dixit,
3413 2371 3470 2426 In
3515 2370 3730 2426 mundo
3760 2379 3882 2425 erat
3913 2387 3928 2424 :

2361 2485 2417 2530 et
2467 2474 2589 2528 ideo
2645 2471 2841 2541 repetit
2876 2482 3184 2524 sermonem
3236 2467 3530 2537 religiose,
3584 2476 3643 2520 et
3683 2465 3856 2529 dicit,
3885 2477 3928 2519 et

2361 2565 2588 2620 mundus
2615 2578 2707 2632 per
2729 2563 2900 2631 ipsum
2931 2560 3102 2630 factus
3129 2571 3226 2614 est.
3279 2557 3346 2613 Ut
3394 2565 3576 2610 autem
3623 2570 3742 2609 non
3790 2563 3932 2610 esset

2363 2666 2730 2726 contemptus,
2763 2657 2856 2727 qui
2887 2656 2999 2720 ait,
3046 2653 3115 2709 In
3155 2654 3352 2707 mundo
3375 2663 3521 2720 erat,
3573 2651 3718 2706 dixit
3766 2650 3926 2707 etiam

2364 2747 2489 2817 quia
2519 2756 2642 2802 ante
2663 2745 2919 2801 mundum
2945 2754 3064 2800 erat
3096 2763 3110 2800 :
3141 2754 3197 2799 et
3218 2745 3324 2805 ait,
3359 2743 3428 2798 Et
3452 2744 3684 2797 mundus
3721 2759 3819 2811 per
3855 2745 3930 2810 ἱρ-

2363 2856 2477 2895 sum
2498 2840 2672 2908 factus
2695 2848 2792 2895 est.
2847 2835 2960 2892 Hoc
2997 2835 3267 2908 signiﬁcat
3300 2835 3442 2904 quod
3486 2844 3614 2889 ante
3671 2833 3928 2887 mundun

2363 2940 2499 2984 erat.
2530 2928 2598 2984 In
2628 2931 2821 2984 mundo
2843 2968 2861 2994 ,
2891 2927 3102 2998 inquit,
3137 2935 3270 2983 erat.
3307 2925 3588 2992 Quomodo
3625 2923 3683 2978 in
3730 2922 3927 2977 mundo

2365 3021 2519 3076 erat?
2539 3018 2696 3086 Erat,
2725 3019 2823 3084 ait,
2859 3017 3034 3072 lumen
3061 3032 3257 3080 verum,
3287 3014 3377 3084 qui
3419 3013 3690 3066 illuminat
3729 3027 3928 3064 omnem

2367 3115 2625 3168 hominem
2652 3112 2936 3167 venientem
2960 3111 3018 3162 in
3037 3109 3176 3162 hunc
3193 3107 3466 3161 mundum.
3501 3102 3575 3159 Ut
3613 3113 3804 3159 autem
3829 3117 3927 3157 non

2369 3201 2905 3266 diceret,venieutem
2934 3199 3072 3270 (74),
3095 3199 3171 3253 ita
3197 3197 3350 3268 quasi
3385 3211 3489 3250 non
3519 3196 3746 3250 essetin
3780 3209 3929 3248 mun-

2368 3293 2468 3356 do,
2489 3299 2544 3346 et
2577 3301 2793 3360 potares
2819 3289 2942 3356 quia
2968 3289 3118 3343 venit
3155 3288 3369 3356 quidem
3396 3285 3486 3356 qui
3538 3299 3642 3339 non
3693 3285 3883 3340 aderat
3911 3300 3925 3337 :

2368 3383 2490 3438 ideo
2519 3392 2698 3436 tutans
2721 3379 2836 3452 ('75)
2859 3382 3017 3435 istam
3048 3379 3405 3447 suspicionem
3422 3375 3568 3429 addit
3588 3415 3603 3436 ,
3627 3373 3701 3428 In
3739 3377 3928 3428 mundo

2367 3482 2500 3529 erat.
2525 3472 2590 3526 Et
2611 3486 2679 3526 ne
2702 3471 2899 3526 iterum
2938 3479 3156 3540 potares
3187 3467 3309 3537 quia
3347 3463 3469 3522 cum
3509 3466 3714 3520 mundo
3754 3465 3928 3521 factus

2366 3572 2484 3619 erat
2507 3602 2523 3628 ,
2553 3562 2749 3632 repetit
2775 3570 2830 3615 et
2856 3559 3018 3625 dicit,
3048 3557 3116 3613 Et
3145 3561 3373 3612 mundus
3409 3572 3502 3626 per
3537 3557 3717 3626 ipsum
3757 3556 3926 3625 factus

2367 3662 2466 3709 est.
2506 3653 2561 3708 Si
2589 3654 2755 3723 igitur
2782 3667 2879 3720 per
2923 3651 3100 3720 ipsum
3132 3649 3307 3706 l'actus
3362 3658 3446 3704 est
3483 3648 3756 3713 mundus,
3812 3655 3928 3702 erat

2369 3746 2554 3815 utique
2572 3745 2745 3801 Filios
2770 3754 3058 3812 antequam
3090 3741 3243 3797 ﬁeret
3269 3740 3498 3796 mundus
3531 3756 3547 3792 :
3573 3739 3701 3809 quia
3721 3740 3791 3793 ab
3817 3739 3927 3808 ipso

2370 3838 2642 3892 iactosest
2662 3834 2909 3889 mundos.
2937 3832 3176 3902 Denique
3193 3830 3352 3885 etiam
3381 3830 3451 3884 ab
3470 3829 3585 3899 ipso
3602 3827 3744 3884 Filio
3770 3828 3922 3883 audi:

2374 3925 2453 3980 Da
2485 3926 2615 3995 mihi
2634 3965 2648 3987 ,
2680 3924 2891 3992 inquit,
2926 3921 3117 3986 Pater,
3142 3919 3362 3990 gloriam
3382 3959 3398 3986 ,
3422 3934 3576 3989 quam
3592 3916 3758 3970 habui
3787 3916 3924 3988 apud

2372 4031 2420 4072 te
2443 4028 2723 4087 antequam
2768 4018 2992 4068 mundus
3025 4013 3174 4082 ﬁeret
3202 4011 3269 4067 ".
3301 4009 3578 4078 Quomodo
3621 4024 3792 4081 ergo,
3851 4009 3923 4064 iu-

2372 4111 2525 4179 quit,
2552 4115 2672 4161 erat
2697 4107 2750 4160 in
2781 4102 3025 4159 mundo?
3050 4100 3107 4157 In
3143 4102 3341 4157 mundo
3371 4108 3526 4166 erat,
3573 4111 3627 4156 et
3657 4103 3730 4154 ad
3769 4114 3920 4154 mun-

2374 4202 2501 4256 dum
2539 4200 2708 4254 venit.
2738 4195 3197 4266 Quemadmodum
3224 4201 3403 4248 autem
3427 4193 3590 4248 etiam
3622 4192 3756 4245 illud
3788 4191 3921 4246 acci-

2370 4290 2458 4362 pis
2494 4289 2699 4346 dictum
2731 4307 2745 4344 :
2783 4287 3034 4343 Dominus
3058 4286 3291 4355 regnauit
3318 4283 3363 4315 ⁵⁸
3382 4284 3406 4335 i
3423 4281 3537 4336 Rex
3564 4282 3712 4337 enim
3741 4292 3823 4336 est
3846 4281 3919 4335 in-

709 4389 968 4444 recedens
998 4390 1156 4444 istam
1187 4391 1473 4445 honoravit
1503 4404 1518 4444 :
1562 4405 1667 4445 non
1701 4393 1769 4445 ab
1801 4389 1888 4444 illa
1927 4388 2143 4454 exiens,
2173 4402 2273 4444 nos
2373 4383 2634 4439 deﬁciens
2662 4397 2678 4436 :
2709 4395 2814 4436 non
2841 4395 2984 4434 nunc
3006 4378 3220 4449 quidem
3260 4390 3353 4430 rex
3376 4413 3394 4440 ,
3433 4373 3724 4443 aliquando
3749 4380 3917 4426 autem

711 4478 938 4534 salvavit
972 4498 987 4534 :
1020 4496 1125 4535 non
1163 4481 1377 4551 reliquit
1409 4491 1680 4550 pastorem
1701 4523 1718 4550 ,
1766 4490 1820 4536 et
1849 4482 2056 4550 accepit
2093 4495 2266 4536 ovem.
2300 4500 2347 4557 ι)
2376 4489 2480 4528 non
2503 4512 2519 4538 ,
2552 4487 2650 4527 nec
2681 4477 2863 4541 postea
2904 4485 3030 4527 non.
3057 4464 3516 4557 Ουοηιθίξξυοάύω
3550 4464 3916 4557 inediam

709 4566 1170 4635 Quemadmodum
1201 4549 1341 4624 enim
1370 4549 1461 4640 qui
1489 4585 1596 4625 non
1628 4549 1808 4625 manet
1834 4549 1989 4640 quod
2009 4579 2150 4633 erat,
2182 4583 2270 4637 po-
2304 4549 2339 4557 ’⁷
2372 4571 2456 4617 est
2477 4601 2494 4628 ,
2517 4560 2769 4616 Dominus
2791 4559 3056 4630 regnauit,
3087 4562 3247 4625 prout
3270 4553 3470 4608 diceret
3494 4591 3511 4617 ,
3550 4549 3810 4607 Homines
3837 4564 3917 4605 re-

710 4666 853 4714 terat
877 4661 1122 4729 accipere
1147 4662 1288 4730 quod
1319 4661 1556 4733 accepit?
1588 4661 1702 4718 Non
1732 4670 1849 4716 erat
1876 4660 2125 4731 possibile
2161 4660 2272 4714 sal-
2371 4652 2520 4724 gnati
2557 4659 2684 4707 sunt
2704 4691 2720 4716 .
2758 4659 2850 4710 In!
2880 4653 3259 4718 regnaverunt
3288 4642 3403 4698 Non
3427 4641 3569 4699 θηί
3610 4641 3700 4733 me
3720 4641 3917 4733 W39?“

708 4763 839 4805 vare
864 4751 1106 4807 homines
1125 4752 1392 4820 homines,
1424 4731 1547 4823 quia
1579 4755 1822 4810 homines
1849 4753 2187 4822 subjacemos
2213 4760 2269 4807 et
2368 4742 2510 4814 quod
2532 4758 2636 4799 non
2662 4742 2896 4797 habebat
2921 4756 2939 4795 :
2965 4738 3060 4795 sed
3089 4751 3190 4792 nos
3219 4735 3364 4806 digni
3389 4735 3583 4789 iterum
3613 4731 3914 4801 iudicant

708 4841 942 4912 propriis
983 4844 1218 4913 peccatis
1263 4853 1319 4900 et
1367 4843 1517 4900 clade
1543 4845 1692 4918 (73):
1731 4845 1947 4901 tenebat
1979 4857 2112 4899 sane
2154 4857 2269 4896 ma-
2367 4851 2434 4892 eo
2460 4851 2490 4890 a
2529 4849 2634 4906 quo
2658 4832 2980 4890 excidimus.
3021 4827 3129 4885 Nos
3152 4827 3333 4897 itaque
3375 4840 3702 4918 regnamur,
3734 4834 3788 4918 et
3824 4824 3915 4881 ista

663 4918 674 4931 ’
710 4929 962 4986 ledictum
995 4946 1140 4990 mors
1171 4943 1227 4989 et
1247 4933 1573 5004 corruptela,
1608 4942 1663 4989 et
1688 4943 1746 4989 ot
1782 4943 2043 5005 tyrannus
2073 4944 2267 5001 regna-
2366 4936 2579 4997 regnat.
2633 4924 2750 4981 Non
2801 4938 2945 4979 nunc
2995 4934 3277 4976 assumens
3330 4917 3617 4988 imperium
3646 4935 3662 4972 :
3693 4917 3788 4972 sed
3823 4927 3914 4970 nos

709 5023 802 5078 bat
825 5024 1068 5081 diabolus
1099 5035 1150 5081 et
1175 5026 1580 5084 bacchabantur
1609 5028 1896 5084 daemones.
1924 5022 2269 5082 Consuetudo
2369 5019 2662 5077 liberamur
2690 5032 2721 5073 a
2757 5013 3059 5088 tyrannide.
3092 5010 3160 5066 In
3181 5013 3378 5064 mundo
3398 5051 3414 5078 ,
3448 5010 3662 5079 inquit,
3703 5019 3835 5066 erat.
3857 5006 3909 5063 Si

711 5124 887 5172 autem
920 5119 1090 5189 magis
1119 5129 1302 5174 nostra
1339 5119 1552 5175 vincula
1585 5119 2004 5190 constringebat.
2031 5115 2268 5172 Baccba-
2369 5111 2424 5166 in
2460 5109 2658 5166 mundo
2676 5118 2794 5164 erat
2815 5147 2832 5171 ,
2860 5103 3136 5177 quomodo
3173 5103 3318 5158 venit
3341 5100 3394 5156 in
3419 5099 3659 5188 mundol
3685 5100 3910 5170 Apparet

711 5208 872 5264 batur
889 5211 1031 5264 enim
1057 5213 1111 5266 in
1138 5212 1294 5269 nobis
1313 5212 1553 5270 etlibido
1574 5223 1629 5270 et
1655 5214 1865 5272 tenebat
1887 5212 2273 5283 concupiscen-
2372 5205 2428 5260 in
2459 5205 2677 5260 mundo.
2708 5199 2850 5270 Quid
2897 5212 3027 5270 ⁸³⁵80
3067 5211 3174 5254 ηου
3220 5195 3372 5251 "du
3415 5209 3481 5250 ⁸⁸
3521 5193 3762 5250 “illud”
3784 5193 3907 5249 me“

819 5388 1046 5447 "Joan.
1078 5407 1118 5458 ι,
1147 5392 1201 5449 8.
1273 5392 1322 5427 ⁸⁸
1349 5392 1480 5450 ibid.
1555 5395 1602 5427 ⁸⁸
1639 5391 1793 5450 Joan.
1845 5407 1992 5459 xvn,
2045 5393 2096 5448 l.
2173 5390 2217 5422 ⁸⁸
2248 5387 2393 5445 Psal.
2442 5400 2586 5454 xctt,
2643 5398 2803 5452 xcvi,
2850 5395 3035 5437 xcvut.

785 5541 898 5613 (7,3,)
929 5543 1108 5613 Qade.
1134 5545 1296 5600 Forte
1326 5545 1483 5603 cladi.
2369 5541 2540 5613 tendit
2567 5550 2675 5613 tum
2705 5537 2980 5613 enarratio
3001 5549 3119 5613 quae
3135 5533 3395 5613 sequitur,
3425 5540 3535 5587 tum
3563 5531 3700 5586 alios
3730 5539 3892 5613 postea

793 5604 908 5681 (π)
928 5610 1222 5668 Venientem
1250 5617 1305 5668 in
1333 5616 1492 5673 hunc.
1524 5616 1848 5672 Vertendnm
1877 5617 1973 5670 l‘oit
2004 5631 2068 5671 ex
2098 5615 2262 5670 Euse-
2368 5612 2518 5666 locus
2553 5612 2690 5663 inira
2719 5609 2808 5663 ubi
2842 5608 3034 5676 legitur
3058 5604 3185 5659 Erat
3213 5604 3385 5658 lumen
3413 5617 3589 5658 nerunt
3632 5604 3827 5656 eadem
3849 5604 3890 5651 iu

723 5681 797 5758 bii
821 5684 1035 5750 quidem
1071 5696 1247 5758 mente
1287 5687 1492 5758 ueniens
1524 5703 1555 5758 ⁸ε
1601 5703 1723 5741 nam
1764 5687 2054 5758 ἐρχόμενον
2079 5687 2261 5741 retulit
2367 5681 2801 5758 hun_1:__mu_udum,
2829 5688 2934 5758 etc.

727 5752 794 5805 ad
825 5742 1010 5808 vocem
1048 5751 1182 5821 φῶς,
1217 5770 1322 5812 non
1352 5757 1416 5811 ad
1449 5755 1732 5828 ἄνθρωπον
1763 5742 1964 5828 {quin
2001 5757 2133 5814 satis
2170 5771 2261 5813 os-

2441 5751 2553 5821 (75)
2585 5749 2805 5804 Totam.
2850 5742 3323 5816 ’Aa'aaitttdpavoc.
3345 5744 3688 5814 propulsans,
3709 5753 3892 5795 arcear.
