4048 6322
184 363 342 421 1053

1053 361 1140 420 DE
1175 362 1335 421 FIDE
1372 362 1746 423 ADVERSUS
1784 362 2310 424 SABELLIUI..—
2345 363 2474 422 LIB.
2515 365 2567 423 ι.

3317 367 3457 427 1061

174 486 347 542 enim'
373 503 388 540 :
422 485 609 540 Adhuc
631 485 835 540 modice
861 484 1037 542 tum
1061 488 1324 543 vobiscum
1353 498 1452 544 est.
1502 487 1651 544 Vada
1686 490 1759 544 ad
1786 495 1835 555 Α
1864 490 1937 545 ris
1976 488 2239 559 Spiritum
2261 488 2553 545 uenientem
2580 527 2595 553 ,
2620 487 2705 542 Itie
2726 480 2804 543 est
2835 487 2921 543 "2
2941 486 3000 545 Si
3035 486 3203 561 igitur
3223 501 3459 561 evange-

172 593 309 635 m
334 577 425 648 qui
455 592 537 632 me
561 578 701 632 misit
722 594 741 632 :
769 579 1017 648 quantis
1048 596 1149 643 me,
1177 590 1225 633 et
1264 596 1368 633 non
1395 582 1665 635 invenietis
1689 581 1758 635 “.

174 668 346 726 Nunc
369 670 557 735 vadit,
586 680 644 725 et
669 670 927 741 relinquit
964 671 1245 727 mundum.
1275 670 1382 726 Sed
1422 672 1617 727 iterum
1647 672 1763 742 ipse

175 761 326 818 dicit
356 780 370 817 :
408 760 545 817 Ecce
567 777 661 832 ego
697 762 963 817 uobiscum
994 778 1110 817 sum
1143 778 1306 832 usque
1329 763 1399 817 ad
1425 779 1760 818 consumtus-

177 858 382 911 sionetu
406 854 589 908 seculi
620 854 685 907 ε’.
708 854 914 911 Aderat
940 870 1071 926 ergo
1093 898 1109 923 ,
1137 865 1192 911 et
1216 863 1503 925 antequam
1538 855 1764 910 adveni-

177 958 315 1017 ret,
347 951 499 1005 adest
525 950 687 1005 etiam
730 958 1016 1021 postquam
1062 954 1327 1019 perrexit.
1373 953 1589 1007 Intuere
1629 966 1761 1021 ergo

180 1041 649 1111 quemadmodum
689 1043 741 1096 in
770 1045 973 1099 mundo
994 1054 1113 1098 erat
1138 1042 1504 1101 invisibiliter.
1542 1043 1674 1099 Nam
1707 1045 1760 1099 id

179 1132 506 1188 videntibus
540 1132 827 1201 apostolis,
852 1142 907 1189 et
927 1134 1206 1189 nobiscum
1236 1145 1320 1189 est
1346 1149 1514 1204 usque
1546 1135 1611 1189 ad
1631 1150 1762 1189 con—

176 1225 608 1281 summationem
635 1225 819 1281 saeculi
852 1242 866 1280 :
892 1225 1418 1296 incorporalisenim
1450 1236 1644 1281 natura
1678 1226 1761 1281 lo-

180 1317 270 1375 cis
300 1334 403 1373 non
428 1318 921 1374 circumscribitur.
951 1317 1057 1373 Sed
1082 1328 1434 1389 posteaquam
1465 1319 1759 1389 assumpsit

180 1423 418 1479 corpus.
468 1426 575 1466 non
627 1418 685 1465 nt
728 1409 1101 1466 recluderetur
1154 1412 1448 1481 assumpsit
1493 1431 1509 1467 :
1548 1411 1761 1466 salvare

179 1501 332 1556 enim
365 1502 547 1565 venit,
573 1508 632 1556 et
655 1515 761 1555 non
793 1500 972 1554 minus
1014 1500 1257 1555 exaltare
1280 1539 1296 1564 ,
1334 1509 1389 1554 et
1439 1514 1546 1554 non
1580 1500 1761 1554 humi-

178 1590 324 1646 liare
342 1590 479 1659 (non
506 1590 633 1660 quia
664 1605 770 1644 non
801 1602 859 1643 se
916 1590 1221 1643 bumiliavit
1253 1604 1269 1644 :
1303 1589 1581 1643 humiliari
1613 1589 1760 1644 enim

177 1680 329 1746 dico,
358 1678 607 1735 decidere
642 1693 764 1733 eum
796 1695 826 1733 a
852 1694 945 1734 sua
974 1680 1284 1746 dignitate),
1308 1680 1406 1733 sed
1429 1678 1609 1744 potius
1637 1678 1757 1734 abs-

180 1772 423 1827 condere
474 1785 631 1824 suam
665 1770 1005 1841 dignitatem.
1045 1768 1099 1822 Si
1126 1770 1271 1825 enim
1312 1770 1426 1839 ipse
1465 1768 1667 1823 decidit
1692 1771 1761 1823 ab

1868 585 1991 640 lista
2016 584 2177 651 dicit,
2212 578 2387 648 Erat;
2412 581 2655 652 Baptista
2696 589 2878 637 autem
2900 582 3075 648 dicit,
3103 580 3211 636 Hic
3244 593 3321 638 est
3350 597 3371 637 :
3402 594 3462 642 et

1869 678 2106 748 Spiritus
2155 684 2390 731 testatur
2421 675 2550 747 quia
2588 675 2704 743 ipse
2757 682 2968 741 est;et
3016 674 3182 731 Pater
3229 676 3459 733 demon-

1868 782 2053 826 strans
2086 767 2247 832 dicit,
2287 766 2394 823 Hie
2420 778 2497 822 est
2519 784 2541 833 ;
2562 776 2618 823 et
2644 766 2819 823 Filius
2857 765 3019 832 dicit,
3060 767 3175 839 Ego
3209 785 3366 836 sunt;
3392 779 3452 826 et

1867 859 2143 917 damones
2170 858 2363 915 dicunt
2388 899 2405 926 ,
2432 858 2512 913 Tu
2536 875 2591 914 es
2623 872 2641 911 :
2674 874 2796 930 qua
2828 862 3139 929 procacitas
3170 862 3269 917 ista
3292 871 3462 920 estut

1868 967 1975 1008 non
2009 953 2240 1008 credat?
2261 953 2370 1008 Aut
2396 952 2545 1006 enim
2569 952 2716 1006 Patri
2749 953 2944 1019 crede,
2979 960 3073 1007 aut
3097 952 3237 1010 Filio
3258 957 3419 1013 obedi
3438 996 3459 1025 ,

1868 1054 1962 1098 aut
1987 1043 2252 1113 Spiritum
2279 1044 2560 1112 censenti,
2586 1053 2682 1099 aut
2713 1059 2837 1099 cum
2862 1046 3144 1116 prophetis
3158 1050 3458 1117 concorda,

1868 1144 1962 1191 aut
1991 1151 2113 1192 cum
2134 1135 2442 1208 legislature
2467 1135 2764 1203 conﬁtere,
2795 1146 2891 1193 aut
2917 1148 3067 1194 certe
3098 1154 3223 1194 cum
3255 1141 3462 1199 damo-

1871 1229 2034 1283 nibus
2057 1228 2165 1283 noli
2200 1241 2423 1299 negare.
2456 1226 2539 1284 illi
2580 1228 2728 1285 enim
2752 1228 2942 1284 dicunt
2972 1248 2988 1284 :
3018 1227 3232 1285 Scimus
3271 1241 3321 1287 te
3368 1232 3462 1303 qui

1867 1322 1941 1376 sis
1974 1321 2049 1387 ⁸⁸,
2082 1329 2141 1377 et
2185 1336 2291 1376 non
2344 1329 2562 1377 cessant
2616 1320 2963 1377 conﬁtentes.
3004 1320 3459 1394 Quotiescunque

1868 1412 2013 1469 enim
2043 1412 2417 1469 nominaveris
2446 1413 2787 1470 daemonibus
2839 1412 3035 1470 Filium
3084 1404 3182 1471 Dei
3238 1415 3457 1475 amsum

1867 1504 2063 1570 cruci,
2124 1512 2423 1561 trementes
2476 1506 2660 1561 statim
2707 1520 2849 1561 voce.
2877 1505 3053 1575 prima
3100 1507 3458 1564 conﬁtentur.

1867 1594 1964 1651 Est
1992 1596 2138 1651 enim
2168 1595 2338 1652 Filius
2365 1638 2380 1661 ,
2408 1605 2462 1652 et
2495 1605 2715 1664 manet,
2742 1604 2799 1652 et
2823 1612 3051 1667 regnum
3076 1598 3192 1667 ejus
3228 1614 3334 1655 non
3357 1600 3461 1656 ba-

1866 1687 1959 1743 bet
1984 1686 2168 1742 ﬁnem.
2198 1684 2307 1743 Sed
2342 1687 2508 1743 ﬁnem
2533 1687 2734 1742 habeat
2753 1702 2817 1744 os
2844 1687 2991 1743 illius
3011 1690 3108 1759 qui
3134 1690 3305 1758 dixit,
3328 1689 3459 1760 quia

1868 1781 2022 1852 regni
2047 1780 2166 1853 ejus
2194 1788 2280 1836 est
2314 1779 2458 1836 ﬁnis.
2485 1777 2648 1837 Pater
2668 1778 2814 1837 enim
2853 1780 2945 1851 qni
2977 1782 3162 1852 genuit
3195 1798 3305 1838 non
3333 1795 3457 1853 pm-

176 1874 251 1917 θο
288 1861 428 1931 (1⁸³οά
460 1870 580 1915 em
615 1860 756 1916 De”
780 1900 795 1925 ν
854 1876 953 1914 “03
994 1876 1102 1914 που
1149 1861 1335 1930 υιίίιιιο
1374 1861 1650 1914 ηνοεεινῖι
1688 1860 1753 1915 δά
1785 1851 1830 1907 Β
1859 1851 2157 1928 niteturde
2186 1872 2325 1928 bona
2356 1871 2634 1944 progenie,
2661 1886 2768 1927 non
2804 1851 3027 1927 devorat
3050 1888 3208 1929 suum
3234 1851 3459 1931 Filium.

174 1965 304 2008 eam
330 1966 395 2006 ex
424 1966 528 2022 qua
552 1942 869 2008 cecidimus.
898 1951 1125 2008 Salvare
1168 1951 1333 2021 igitur
1380 1952 1530 2005 venit
1576 1950 1757 2006 Domi-

174 2056 291 2098 nus
314 2081 331 2109 ,
360 2057 467 2097 non
498 2052 678 2097 tamen
714 2043 965 2097 amittere
994 2044 1139 2110 quod
1160 2041 1415 2097 habebat.
1442 2039 1596 2097 Fecit
1620 2042 1758 2098 bene

173 2134 303 2207 ipse
338 2149 564 2191 manens
586 2136 662 2190 in
693 2148 801 2204 quo
821 2143 932 2188 erat
973 2133 1113 2204 (76),
1148 2148 1254 2187 non
1285 2142 1477 2187 natura
1500 2134 1759 2189 excidens

172 2240 283 2283 sua
300 2266 317 2293 ,
341 2225 438 2282 sed
462 2225 841 2281 misericordia
870 2228 1042 2280 utitur
1072 2222 1273 2279 Patris.
1311 2222 1451 2291 Quid
1478 2238 1608 2293 ergo
1631 2239 1758 2293 pro-

172 2317 418 2389 positum
456 2327 579 2373 erat
599 2318 757 2374 nobis
788 2318 972 2374 dicere
994 2357 1009 2381 ,
1034 2318 1177 2388 quod
1206 2317 1378 2373 solum
1415 2319 1465 2371 ei
1503 2318 1761 2372 convenit

170 2408 335 2465 dici?
359 2407 536 2465 solum
574 2422 753 2464 autem
805 2409 1061 2465 convenit
1106 2409 1258 2475 dici,
1290 2408 1418 2478 Quia
1465 2415 1552 2463 est
1598 2407 1762 2464 Pater

168 2516 342 2569 vero,
365 2514 451 2558 est
496 2512 554 2559 et
608 2502 776 2559 Filius
803 2517 963 2567 vere,
996 2511 1081 2558 est
1115 2513 1171 2558 et
1216 2500 1457 2572 Spiritus
1514 2512 1756 2556 sanctus.

170 2591 302 2650 Non
324 2594 482 2651 otiosi
514 2608 794 2650 sermones
818 2634 832 2657 ,
862 2608 970 2650 non
993 2609 1166 2650 vacua
1189 2593 1359 2649 verba
1384 2633 1403 2659 ,
1428 2593 1523 2648 sed
1570 2603 1760 2648 natura

172 2701 332 2743 vera.
356 2684 520 2743 Pater
540 2701 645 2741 non
678 2696 842 2743 natus
867 2726 883 2753 ,
910 2696 966 2741 et
990 2687 1140 2742 solus
1172 2702 1276 2741 non
1331 2696 1490 2742 natus
1524 2704 1538 2740 :
1567 2695 1622 2741 et
1670 2684 1763 2740 Fi-

175 2775 299 2831 lius
328 2775 641 2846 unigenitus
662 2816 679 2840 ,
733 2784 791 2830 et
837 2775 984 2831 solus
1011 2776 1341 2847 unigenitusr
1362 2786 1447 2831 est
1481 2793 1495 2830 :
1526 2774 1763 2846 Spiritus

170 2876 404 2925 auctu
444 2868 536 2939 qui
582 2884 615 2923 a
664 2868 805 2924 Filio
860 2868 1157 2925 secundum
1203 2867 1384 2924 Patris
1427 2868 1761 2923 voluntatem

170 2961 437 3022 mittitur.
461 2961 557 3017 Vis
601 2970 783 3018 autem
831 2961 1049 3018 edoceri
1076 2962 1203 3032 quia
1247 2962 1365 3016 haec
1394 2974 1526 3016 vere
1573 2962 1763 3016 dicun-

181 3065 281 3111 tur
300 3055 414 3127 (77)
437 3056 463 3109 ‘i
499 3053 663 3111 Venit
686 3054 946 3111 Dominus
982 3055 1051 3110 ad
1068 3054 1392 3125 baptismum
1417 3052 1643 3110 Joannis
1661 3095 1678 3121 ,
1708 3062 1765 3110 et

170 3146 388 3203 videbis
411 3147 503 3217 qui
534 3156 620 3202 est
638 3146 729 3217 qui
759 3147 926 3211 dicit,
970 3145 1073 3200 Hic
1105 3155 1182 3200 est
1216 3144 1395 3201 Filius
1444 3163 1595 3201 meus
1621 3145 1761 3200 dite-

170 3240 476 3305 ctissimus,
500 3240 555 3292 in
582 3253 683 3305 quo
720 3237 852 3291 mihi
888 3237 1011 3291 bene
1037 3236 1329 3307 complacui
1362 3238 1430 3291 “.
1464 3236 1601 3305 Quis
1623 3237 1761 3293 dicit

172 3330 338 3388 hac?
366 3330 554 3400 utique
581 3327 744 3383 Pater
762 3329 829 3384 de
855 3328 967 3384 Deo
987 3368 1002 3393 ,
1035 3328 1127 3397 qui
1156 3328 1441 3383 videbatur
1482 3336 1541 3381 ut
1570 3327 1757 3382 homo.

174 3421 293 3493 Qui
317 3422 449 3478 dicit
503 3436 676 3492 ergo,
736 3419 903 3475 Pater
949 3429 1033 3493 est
1071 3439 1085 3474 :
1118 3420 1182 3474 de
1226 3434 1336 3488 quo
1383 3420 1758 3474 testimonium

171 3513 528 3582 erat,i"ilius
580 3522 667 3570 est
696 3532 710 3568 :
738 3511 979 3584 Spiritus
1035 3514 1089 3566 in
1137 3514 1318 3582 specie
1364 3512 1649 3568 columba.
1692 3512 1761 3569 Et

170 3609 275 3682 qui
307 3618 367 3664 ut
392 3609 551 3663 homo
587 3610 912 3677 apparebat,
939 3615 994 3661 et
1015 3606 1106 3676 qui
1156 3606 1208 3659 in
1263 3606 1485 3660 homine
1527 3605 1747 3661 habita-

169 3702 276 3759 bat
296 3741 313 3767 ,
340 3709 397 3756 et
420 3701 514 3771 qui
536 3700 588 3755 in
620 3713 852 3772 corpore
878 3708 1031 3763 erat,
1059 3698 1365 3753 testabatur
1393 3707 1449 3753 et
1488 3699 1708 3756 dicebat
1735 3719 1751 3755 :

172 3793 406 3864 Espedit
436 3794 575 3851 vobis
604 3802 659 3847 ut
689 3809 783 3863 ego
823 3792 1036 3848 eodem.
1095 3788 1159 3845 Si
1190 3792 1363 3856 enim,
1411 3790 1629 3861 inquit,
1662 3806 1757 3862 ego

174 3905 288 3945 uos
310 3889 421 3943 iero
445 3928 463 3953 ,
488 3886 718 3959 Spiritus
736 3900 839 3940 non
868 3887 1031 3939 ueniet
1060 3899 1081 3938 :
1104 3900 1223 3938 cuiu
1261 3900 1354 3955 ego
1381 3884 1494 3937 iero
1511 3923 1527 3950 ,
1558 3882 1752 3954 ragebo

174 3978 396 4039 Putrem
420 3996 595 4034 meust
621 3978 688 4033 “.
722 3976 841 4033 Non
892 3986 1073 4035 tamen
1107 3992 1194 4033 me
1228 3986 1286 4032 et
1327 3976 1494 4032 alium
1525 3981 1757 4032 advoca.

172 4080 296 4130 tum
328 4072 506 4128 mittet
522 4072 683 4128 Pater
710 4070 781 4126 ad
811 4085 933 4128 vos.
969 4070 1072 4138 Qui
1097 4070 1277 4138 vadit,
1300 4079 1357 4126 et
1384 4071 1479 4141 qui
1504 4081 1750 4145 rogatur,

167 4171 234 4221 ot
264 4166 355 4236 qui
389 4164 660 4230 mittitur,
712 4178 820 4220 non
875 4164 949 4219 dii
982 4164 1256 4223 dicuntur.
1291 4163 1444 4221 Unus
1484 4165 1635 4219 enim
1669 4173 1755 4220 est

170 4254 321 4311 Deus
353 4271 385 4311 a
411 4270 521 4326 quo
548 4265 676 4311 sunt
726 4257 905 4310 omnia
929 4295 947 4321 ,
995 4266 1052 4312 et
1105 4271 1247 4312 unus
1296 4256 1557 4313 Dominus
1594 4255 1754 4313 Iesus

169 4362 277 4419 per
303 4363 463 4419 quem
496 4357 625 4404 sunt
650 4346 855 4404 omnia.
886 4347 994 4409 Sed
1026 4363 1162 4403 unus
1186 4347 1327 4403 Deus
1344 4364 1450 4404 non
1487 4358 1670 4415 natus,
1699 4358 1754 4407 et

171 4456 319 4498 unus
348 4441 664 4511 unigenitus
692 4441 951 4497 Dominus
975 4451 1135 4498 natus
1163 4456 1195 4496 a
1221 4441 1331 4497 Deo
1366 4450 1469 4497 est.
1499 4440 1557 4497 Si
1603 4444 1749 4498 enim

169 4551 287 4593 non
321 4545 508 4592 natum
542 4545 598 4591 et
626 4550 731 4590 non
754 4545 941 4591 natum
974 4536 1211 4591 dicerem
1233 4576 1247 4596 ,
1284 4544 1378 4589 aut
1407 4534 1747 4604 unigenitum
1783 4570 1829 4625 Β

169 4638 237 4686 et
259 4629 633 4703 unigenitum;
661 4637 790 4684 tunc
820 4643 1191 4685 ssseverarem
1220 4628 1271 4682 id
1311 4628 1455 4697 quod
1487 4643 1592 4683 non
1618 4628 1752 4683 dicit

170 4721 443 4779 Ecclesia.
478 4721 620 4789 Quid
655 4734 784 4792 ergo
811 4722 942 4777 dicit
973 4721 1137 4777 Pater
1194 4722 1247 4775 in
1300 4719 1528 4776 Joannis
1567 4721 1748 4791 bapti-

169 4814 391 4873 smum?
422 4812 523 4869 Hic
553 4818 631 4869 est
661 4812 834 4870 Filius
856 4830 1003 4870 meus
1064 4814 1289 4867 dilectus
1309 4852 1325 4878 ,
1348 4814 1428 4882 _itt
1469 4829 1572 4885 quo
1628 4814 1752 4872 bene

168 4907 474 4980 θουρίοιςκὶ
502 4907 589 4960 ⁸⁸1
613 4906 827 4963 Sufﬁcit
851 4923 881 4962 a
916 4906 1027 4963 Deo
1077 4914 1134 4961 et
1187 4903 1353 4961 semel
1395 4906 1617 4972 audire,
1657 4905 1750 4961 sed

169 5017 286 5060 non
321 5000 456 5057 dicit
489 5000 680 5056 semei.
710 4999 989 5069 Siquidem
1015 5008 1071 5054 et
1108 4998 1165 5054 in
1196 5006 1380 5053 monte
1401 5012 1525 5052 cum
1552 4995 1748 5053 inisset

168 5093 437 5153 Dominus
462 5091 883 5164 transﬁguratus
936 5101 1201 5162 praesente
1252 5088 1438 5162 Moyse
1487 5099 1543 5145 et
1593 5089 1709 5145 Elis
1736 5131 1753 5157 ,

166 5187 367 5245 eadem
398 5186 597 5257 repetit
625 5193 680 5240 et
717 5184 889 5241 dicit:
915 5186 1019 5239 Hic
1055 5195 1130 5240 est
1192 5182 1369 5238 Filius
1420 5198 1566 5237 ulcus
1613 5181 1751 5237 dile-

168 5280 443 5336 ctissimus
469 5280 524 5334 in
550 5293 654 5347 quo
695 5278 825 5333 bene
868 5277 1191 5346 comptae-ui;
1233 5277 1407 5345 ipsum
1452 5275 1635 5329 audite
1678 5273 1747 5328 “.

168 5373 310 5431 Nam
340 5384 398 5429 et
425 5370 662 5427 Joannes
692 5372 886 5426 similia
935 5369 1134 5425 fatetur
1158 5379 1210 5425 et
1237 5370 1370 5425 dicit
1404 5386 1418 5423 :
1445 5367 1549 5435 Qui
1602 5367 1750 5422 misit

168 5483 255 5523 ute
280 5467 550 5536 baptizare
574 5465 627 5520 in
660 5482 797 5535 aqua
819 5505 835 5530 ,
857 5465 966 5534 ipse
993 5463 1121 5517 mihi
1146 5464 1304 5528 dixit,
1336 5460 1403 5515 In
1425 5477 1576 5532 quem
1605 5461 1748 5515 eide-

1856 1964 2165 2021 lnvidemus
2191 1962 2407 2019 fabulas
2425 1965 2689 2034 gentium,
2708 1971 2763 2019 et
2777 1963 2976 2018 iterum
2993 1965 3214 2020 easdem
3238 1965 3461 2022 induci-

1858 2070 1980 2110 mus
2013 2072 2029 2110 :
2066 2068 2173 2109 non
2204 2056 2441 2122 nos,sed
2463 2054 2557 2124 qui
2586 2068 2753 2110 ausus
2772 2062 2859 2109 est
2886 2053 3104 2111 Galata.
3141 2055 3285 2111 Deus
3310 2056 3458 2111 enim

1857 2160 1967 2201 non
1986 2158 2175 2201 vocem
2200 2144 2389 2217 genuit
2414 2144 2509 2200 sed
2528 2142 2750 2208 Filium,
2774 2159 2880 2199 non
2904 2159 3211 2201 sermonem
3246 2146 3343 2201 sed
3376 2146 3460 2202 vi—

1858 2244 1995 2301 tam,
2010 2250 2117 2292 non
2134 2235 2448 2291 dictumsed
2480 2233 2671 2290 Deum.
2698 2235 2852 2304 Apud
2886 2235 3055 2292 Deum
3082 2238 3253 2301 enim,
3271 2236 3459 2293 nonin

1859 2341 1956 2383 ore
2013 2326 2109 2382 Dei
2137 2346 2152 2382 :
2212 2328 2281 2383 ad
2305 2326 2584 2384 dexteram
2615 2326 2739 2393 Dei,
2771 2344 2877 2385 non
2909 2337 3087 2386 tamen
3117 2332 3209 2402 qui
3239 2332 3292 2386 in
3320 2345 3459 2389 voce

1860 2428 1967 2475 est.
2003 2404 2251 2474 iudicem
2285 2430 2409 2475 eum
2432 2418 2526 2489 qui
2548 2418 2822 2485 viviﬁcat,
2862 2434 3052 2477 verum
3104 2422 3327 2491 lumen,
3355 2424 3456 2494 ju-

1860 2512 2023 2568 atitia:
2049 2509 2252 2567 solem.
2281 2508 2490 2565 Lumen
2523 2519 2707 2565 autem
2737 2526 2846 2571 non
2881 2512 3012 2580 tale,
3038 2514 3202 2584 quale
3228 2524 3285 2573 et
3310 2516 3455 2587 apud

1859 2617 1962 2659 nos
1988 2620 2006 2658 :
2040 2601 2176 2657 nihil
2211 2600 2549 2670 accipiamus
2575 2600 2793 2658 visibile
2822 2603 2891 2657 ad
2934 2604 3330 2661 eahibitionem
3361 2606 3453 2664 in-

1860 2692 2118 2750 visibilis.
2143 2690 2263 2749 Non
2288 2692 2427 2750 mihi
2450 2694 2614 2751 isthic
2645 2693 2821 2751 fontes
2838 2694 3077 2753 adducas
3101 2697 3155 2755 in
3174 2698 3452 2757 medium:

1863 2801 1969 2841 non
1995 2785 2164 2842 solem
2198 2795 2257 2843 et
2274 2784 2396 2857 eius
2421 2787 2626 2844 lumen.
2663 2786 2796 2855 Qute
2825 2789 2972 2844 enim
3005 2804 3105 2859 per
3149 2790 3348 2848 Filium
3372 2794 3458 2849 fa-

1862 2888 1946 2934 cta
1982 2889 2140 2946 sunt,
2175 2894 2282 2936 non
2308 2892 2701 2950 comparantur
2723 2883 2884 2939 Filio.
2915 2883 3029 2941 iloe
3057 2885 3205 2941 enim
3256 2887 3448 2946 lumen

1862 2984 1970 3025 non
1991 2979 2076 3025 est
2094 2970 2257 3037 solis,
2282 2974 2379 3028 sed
2413 2970 2703 3029 eﬁicientia
2755 2975 2888 3031 solis
2919 2993 2933 3029 :
2966 2975 3070 3032 hoc
3124 2976 3312 3033 lumen
3342 2992 3455 3035 non

1862 3061 2033 3117 habet
2054 3064 2220 3116 vitam
2248 3105 2267 3131 ,
2290 3061 2464 3119 Filius
2493 3074 2674 3120 autem
2703 3066 2812 3120 vita
2838 3074 2926 3122 est
2954 3083 2971 3121 :
2998 3066 3101 3124 hoc
3124 3066 3307 3125 lumen
3341 3082 3453 3126 non
3548 3066 3555 3069 Α

1865 3154 2042 3223 aperit
2101 3153 2288 3210 oculos
2321 3169 2629 3221 caecorum,
2684 3158 2781 3213 sed
2817 3157 2905 3215 bis
2950 3160 3043 3227 qui
3100 3160 3279 3217 creati
3324 3170 3456 3220 sunt

1868 3243 2075 3316 praebet
2110 3246 2316 3303 videre.
2348 3245 2454 3303 Sed
2490 3260 2559 3303 ne
2585 3248 2806 3319 quidem
2832 3250 2941 3307 hoc
2969 3266 2999 3306 a
3021 3265 3083 3308 se
3105 3292 3122 3320 ,
3154 3254 3249 3309 sed
3288 3254 3359 3311 ab
3385 3269 3455 3312 eo

1865 3340 1957 3409 qui
1987 3338 2231 3396 indulsit.
2271 3338 2385 3397 Hoc
2417 3340 2596 3397 lumen
2625 3341 2681 3398 iu
2717 3342 2954 3405 tenebris
3006 3360 3116 3401 non
3152 3345 3296 3404 lucet
3328 3361 3345 3401 :
3372 3356 3461 3404 te-

1867 3430 2050 3487 nebm
2074 3429 2221 3486 enim
2268 3446 2393 3486 eum
2447 3447 2552 3487 non
2582 3434 3074 3505 comprehendunt.
3114 3435 3194 3493 De
3227 3436 3322 3494 illo
3348 3452 3419 3494 au

1866 3531 1975 3578 tem
2004 3522 2208 3578 lumine
2234 3524 2435 3579 dictum
2467 3532 2552 3580 est
2580 3545 2593 3580 :
2627 3523 2828 3582 Lumen
2851 3527 2905 3581 in
2932 3528 3155 3591 tenebris
3176 3528 3345 3600 lueet,
3374 3539 3455 3586 te-

1864 3611 2038 3666 nebrtc
2064 3626 2183 3665 euut
2213 3626 2318 3664 non
2344 3611 2846 3681 comprehenderunt
2870 3611 2938 3667 ".
2971 3611 3089 3670 Hoc
3130 3613 3311 3670 lumen
3341 3630 3452 3672 non

1862 3704 2071 3774 pascit,
2099 3717 2207 3759 non
2239 3703 2503 3759 transfert
2527 3718 2723 3775 aquam
2751 3704 2819 3760 ad
2852 3705 3040 3760 vinum
3075 3724 3089 3761 :
3115 3706 3219 3763 boc
3266 3705 3452 3763 lumen

1861 3812 1970 3852 non
1999 3795 2229 3853 suscitat
2252 3806 2528 3863 mortuos,
2561 3798 2656 3854 sed
2684 3797 2924 3854 otiosum
2970 3806 3058 3855 est
3086 3800 3316 3856 mortuis
3350 3818 3366 3855 :
3396 3808 3455 3856 et

1861 3905 1969 3946 non
1995 3889 2124 3960 quia
2151 3903 2442 3945 commune
2472 3899 2557 3946 est
2589 3904 2785 3947 nomen
2813 3929 2830 3956 ,
2858 3898 3019 3963 putas
3055 3889 3182 3960 quia
3206 3896 3262 3946 et
3297 3906 3454 3947 com-

1861 3980 2043 4039 munis
2082 3990 2277 4038 natura
2303 3993 2409 4041 est.
2444 3982 2557 4039 Hoc
2586 3982 2767 4039 lumen
2800 3992 2894 4039 aut
2919 3984 2973 4039 in
3000 3984 3179 4055 primo
3201 3984 3293 4039 die
3315 4022 3333 4052 ,
3354 3992 3454 4040 aut

1861 4089 1983 4132 cum
2007 4073 2123 4131 sole
2152 4075 2209 4131 in
2234 4059 2429 4146 quarto
2452 4116 2469 4142 ,
2491 4075 2946 4146 quemadmodum
2976 4076 3102 4147 quis
3127 4077 3403 4148 putaverit
3430 4116 3449 4143 ,

1860 4167 1949 4224 die
1977 4176 2175 4239 quarto
2203 4176 2287 4223 est
2315 4168 2541 4224 factum.
2577 4160 2749 4225 Filius
2780 4176 2964 4224 autem
3015 4182 3124 4225 non
3160 4168 3215 4225 in
3268 4169 3451 4241 primo

1861 4259 1947 4316 die
1968 4299 1984 4326 ,
2013 4274 2188 4331 neque
2216 4260 2270 4316 in
2299 4270 2494 4331 quarto
2512 4301 2530 4327 ,
2555 4276 2731 4331 neque
2765 4260 2820 4316 in
2848 4270 3020 4317 totum
3044 4261 3101 4317 in
3130 4260 3243 4329 die,
3272 4276 3451 4333 neque

1859 4354 1915 4410 in
1951 4353 2082 4411 hera
2111 4394 2128 4419 ,
2153 4369 2329 4424 neque
2376 4352 2431 4409 in
2486 4352 2858 4426 temporibus,
2890 4369 3069 4425 neque
3124 4356 3181 4411 in
3207 4354 3445 4414 seculis.

1859 4442 1986 4501 liae
2014 4445 2159 4500 enim
2186 4460 2284 4515 per
2306 4444 2505 4504 Filium
2526 4488 2542 4513 ,
2572 4461 2681 4503 non
2707 4456 2887 4503 tamen
2914 4445 3084 4503 Filius
3109 4446 3163 4501 in
3192 4446 3300 4503 bis.
3326 4446 3445 4503 Non

1857 4538 2002 4592 enim
2035 4552 2065 4591 a
2090 4536 2477 4593 communione
2506 4538 2788 4593 hominum
2821 4536 3157 4594 confundere
3183 4537 3447 4595 debemus

1856 4628 2216 4684 diﬁerentiam
2252 4638 2487 4685 naturae.
2541 4626 2657 4686 Hoc
2707 4629 2892 4687 lumen
2937 4630 3207 4700 perillum
3258 4629 3444 4687 lumen

1853 4730 1957 4775 est.
1976 4718 2091 4775 Non
2111 4735 2240 4791 ergo
2270 4734 2650 4791 comparemus
2679 4720 2936 4777 insimilia
2962 4730 3054 4777 aut
3079 4722 3278 4779 similia
3300 4721 3439 4793 (78).

1854 4811 2040 4883 Neque
2065 4811 2243 4868 fontes
2266 4820 2320 4867 et
2352 4822 2561 4869 meatus
2588 4811 2817 4870 fontium
2839 4855 2855 4882 ,
2884 4822 2941 4869 et
2978 4815 3127 4871 rivos
3141 4823 3200 4871 et
3224 4811 3440 4883 ﬂuvios,

1853 4904 1979 4975 quia
2008 4920 2115 4961 non
2138 4904 2325 4962 deﬁnit
2345 4903 2538 4972 Pater,
2570 4909 2665 4962 sed
2696 4917 2881 4965 manet
2918 4917 2979 4963 ut
3008 4916 3151 4964 erat.
3184 4905 3306 4979 Ipse
3352 4916 3443 4964 est

1856 4998 2000 5053 enim
2034 4999 2126 5069 qui
2156 5008 2260 5055 est.
2285 4997 2471 5071 Neque
2497 5000 2776 5070 passiones
2810 5011 3024 5073 oportet
3071 5001 3293 5072 adiungi
3333 5000 3442 5058 im-

1854 5088 2096 5160 passibih
2122 5088 2271 5145 Patri
2299 5110 2313 5145 :
2343 5090 2470 5160 quia
2494 5105 2602 5146 non
2629 5090 2923 5157 dividitur,
2958 5105 3065 5145 non
3119 5089 3392 5147 scinditur
3420 5126 3438 5153 ,

1854 5196 1962 5237 non
1997 5191 2317 5253 separatur,
2347 5182 2442 5238 sed
2473 5192 2659 5240 manet
2682 5192 2738 5238 et
2780 5193 3027 5255 generat.
3067 5181 3305 5238 Generat
3336 5196 3437 5236 au-

1855 5286 1963 5331 tem
1994 5284 2053 5331 ut
2081 5276 2257 5347 ipsum
2291 5275 2449 5331 decet
2482 5290 2678 5342 nosse,
2712 5286 2768 5333 et
2798 5290 2900 5331 nos
2925 5274 3175 5332 adorare.
3208 5272 3327 5328 Noli
3354 5272 3439 5328 di-

1853 5380 1980 5422 cere
2006 5369 2464 5438 quemadmodum
2490 5408 2506 5434 ,
2538 5382 2714 5439 neque
2765 5382 2979 5438 qumras
3024 5366 3433 5438 generationem

1851 5458 1999 5518 illam
2034 5475 2200 5533 quam
2231 5460 2410 5518 nullus
2430 5469 2684 5530 enarrat,
2720 5460 2901 5517 nullus
2933 5460 3070 5527 scit,
3110 5456 3288 5514 nullus
3324 5472 3431 5513 uo-

276 5578 319 5611 “
356 5578 514 5634 Joan.
548 5577 761 5642 xu,35.
836 5576 886 5647 ’ξ
912 5576 1099 5631 Matth.
1144 5592 1352 5647 xxvm,
1387 5574 1477 5647 20.
1554 5574 1599 5608 “
1648 5572 1968 5647 Mattb.iu_t,
2030 5579 2117 5635 l7.
2210 5578 2257 5612 “
2309 5577 2468 5637 Joan.
2520 5593 2651 5647 xvx,
2706 5576 2761 5631 7.
2854 5577 2900 5610 “
2948 5575 3140 5633 Matth.
3198 5589 3299 5642 ut,
3338 5570 3429 5629 Π.

168 5651 219 5685 σε
249 5648 617 5728 nauigaui,
648 5647 701 5704 5.
778 5647 821 5679 ⁸⁷
861 5644 1019 5704 Joan.
1044 5663 1099 5714 ι,
1133 5648 1225 5703 55.
1300 5646 1344 5678 ⁸⁸
1384 5646 1515 5702 Luc.
1546 5645 1740 5713 "ubi.

1861 5647 2235 5724 'Joan.t,5.

240 5747 353 5816 (1b)
396 5745 498 5800 bis.
532 5743 681 5816 Facit
713 5745 836 5799 bene
862 5743 969 5810 ipse
992 5760 1204 5801 mancus
1237 5744 1288 5798 in
1328 5761 1428 5815 quo
1454 5754 1587 5799 erat.

240 5817 353 5890 (77)
379 5817 522 5873 inira
557 5815 647 5872 lib.
678 5831 738 5880 tt,
772 5816 871 5871 sub
895 5816 1012 5871 iuit.

1916 5719 2031 5816 (78)
2054 5745 2342 5805 Insintilia.
2368 5746 2625 5819 ’Δνόμοια
2647 5745 2785 5803 infra
2812 5744 2906 5801 lib.
2936 5759 2996 5809 ιι,
3028 5750 3148 5813 post
3173 5741 3319 5797 med.
