4048 6322
1371 342 1643 403 EUSBBII
1681 338 2157 402 CESARIENSIS
2191 336 2344 396 OPP.
2384 329 2566 394 PARS
2603 334 2693 390 IV.
2730 362 2806 377 —
2841 329 3282 406 DOGIATICA.I

693 462 796 516 vit.
825 459 966 516 Cede
989 502 1005 528 ,
1033 470 1089 518 et
1118 461 1378 520 conﬁtere
1432 463 1805 522 inﬁrmitatem
1853 473 2023 521 tuam.
2051 463 2256 522 Ohum-
2283 466 2327 524 Δ
2356 488 2441 536 αι
2474 478 2644 535 bene!
2679 476 2794 534 Non
2837 477 2980 534 enim
3033 477 3149 534 hae
3199 487 3283 533 est
3328 491 3579 534 mensura
3613 477 3922 539 distanth:

694 550 814 607 brut
835 561 886 607 te
906 551 1174 609 Christus.
1200 553 1257 611 Si
1282 557 1426 612 enim
1453 566 1508 612 tu
1555 558 1828 627 quomodo
1857 567 2014 613 natus
2045 572 2106 612 es
2158 571 2253 612 ne-

692 643 835 708 acia.
860 647 1314 716 quemadmodum
1338 691 1354 717 ,
1385 650 1481 721 qui
1526 653 1596 709 da
1618 661 1669 708 te
1714 651 1932 722 ignoras
1951 692 1967 718 ,
1995 652 2062 707 de
2092 649 2254 709 Patre

692 742 748 789 et
778 730 916 791 l'ilio
935 746 1026 793 aut
1052 740 1280 808 qucris,
1317 750 1410 796 aut
1433 756 1594 800 nosse
1629 751 1680 798 te
1715 743 1913 812 putas?
1943 743 2082 810 Quid
2125 757 2253 816 ergo

691 839 798 880 non
821 825 1078 884 debemus
1105 831 1350 886 contlteri
1395 832 1560 888 Deum
1590 841 1646 888 et
1695 833 1888 889 Filium
1908 834 1934 888 2
1983 833 2252 892 Conﬁtere

687 928 754 972 ea
789 930 908 987 quc
930 919 997 975 de
1020 918 1183 977 Patre
1213 932 1267 978 et
1297 923 1434 980 Filio
1459 925 1660 995 scripta
1699 935 1867 982 sunt:
1903 935 1959 982 et
2001 927 2109 982 noli
2156 943 2252 984 cu-

687 1007 866 1066 riosus
891 1024 953 1066 ea
982 1025 1102 1081 qua
1127 1028 1230 1068 non
1265 1023 1392 1069 sunt
1437 1017 1632 1086 scripta
1664 1018 1961 1088 requirere.
1998 1018 2206 1075 Dicitur
2231 1059 2248 1084 ,

687 1099 756 1156 In
776 1102 1032 1169 prisciuio
1055 1117 1204 1172 erat,
1233 1115 1287 1162 et
1321 1108 1442 1176 quis
1467 1107 1688 1164 audebit
1717 1111 2144 1178 reprehendere?
2189 1110 2249 1168 Si

686 1199 869 1248 autem
895 1206 950 1250 et
974 1197 1375 1266 reprehenderit
1406 1208 1456 1255 te
1480 1241 1497 1267 ,
1533 1210 1705 1256 semet
1758 1202 1934 1272 ipsum
1967 1206 2132 1260 ludit.
2179 1203 2247 1258 In

684 1281 945 1353 principio
966 1293 1080 1339 erat
1119 1279 1339 1340 Verbum
1357 1328 1373 1355 ,
1400 1298 1449 1343 et
1494 1285 1717 1344 Verbum
1742 1303 1854 1346 erat
1880 1294 2021 1362 apud
2057 1292 2242 1359 Deum,

679 1382 733 1427 et
765 1372 903 1429 Deus
943 1387 1057 1432 erat
1123 1374 1365 1434 Verbum.
1410 1377 1522 1438 Hic.
1549 1391 1663 1436 erat
1702 1383 1757 1437 in
1805 1386 2064 1454 principio
2104 1387 2244 1455 apud

683 1461 872 1519 Deum.
898 1465 962 1520 Et
985 1467 1174 1536 sapius
1202 1469 1300 1522 ista
1337 1471 1606 1535 dicantur,
1634 1483 1689 1528 et
1717 1474 2244 1546 nihilconquairatur

680 1553 829 1607 novi.
858 1552 1070 1611 Utinam
1098 1565 1276 1612 autem
1311 1557 1485 1613 solum
1512 1560 1842 1629 legeremus!
1875 1565 2080 1619 utinam
2110 1565 2241 1622 solis

679 1642 975 1714 Scripturis
1005 1649 1240 1702 contenti
1270 1652 1549 1705 essemusl
1575 1662 1634 1708 et
1659 1652 1728 1708 lis
1771 1654 1916 1708 nulla
1949 1655 2132 1711 ﬁebat.
2180 1654 2238 1711 Si

679 1733 824 1786 enim
849 1735 974 1803 quis
1019 1735 1226 1808 litigat,
1254 1739 1339 1795 vel
1384 1743 1744 1808 contradicit,
1783 1745 2026 1815 iurgatus
2075 1735 2239 1802 fuerit

680 1821 766 1877 his
789 1837 908 1892 quae
928 1827 1124 1895 scripta
1155 1839 1282 1885 sunt
1307 1850 1321 1887 :
1352 1847 1456 1888 non
1486 1833 1553 1889 ad
1600 1834 1869 1890 hominem
1903 1835 2110 1908 litigat,
2140 1841 2235 1894 sed

675 1912 746 1968 ad
797 1913 963 1970 Deum
1015 1919 1103 1987 qui
1155 1923 1396 1992 scripsit.
1438 1922 1585 1980 Unde
1609 1935 1789 1981 autem
1845 1927 2073 1983 eﬁicitur
2123 1929 2237 1984 lis?

674 2019 799 2059 cum
825 2021 889 2061 ea
922 2023 1039 2077 quae
1064 2025 1130 2066 ex
1159 2015 1323 2071 corde
1358 2025 1482 2071 sunt
1519 2016 1860 2081 proferimus.
1905 2021 2038 2076 Puto
2089 2025 2231 2078 enim

671 2099 794 2166 quia
831 2099 1005 2156 nullus
1028 2112 1108 2158 est
1132 2119 1295 2161 ausus
1309 2105 1512 2176 iurgari
1542 2113 1607 2164 ad
1639 2109 1828 2167 Deum.
1853 2112 1925 2166 Ea
1947 2129 2069 2183 quae
2093 2116 2232 2170 scri-

673 2199 764 2257 pta
792 2199 917 2243 sunt
946 2189 1090 2262 lege,
1113 2203 1169 2248 et
1194 2195 1369 2251 nullus
1393 2198 1718 2270 jurgabitur.
1747 2200 1908 2256 Pater
1959 2205 2142 2258 statim
2173 2215 2232 2260 ut

665 2273 847 2330 dictus
876 2276 977 2333 fuit
1009 2277 1200 2348 Pater,
1228 2285 1454 2354 requirit
1501 2288 1601 2344 ista
1636 2305 1732 2345 vox
1760 2290 1975 2346 Filium.
2026 2293 2232 2350 Dicitur

667 2361 875 2430 Filius,
930 2377 984 2422 et
1039 2371 1091 2424 in
1144 2387 1210 2429 eo
1261 2376 1379 2448 ipso
1429 2379 1554 2433 dum
1605 2381 1844 2446 dicitur,
1880 2382 2038 2439 Pater
2094 2400 2230 2441 con-

665 2453 867 2511 ﬁtetur.
921 2458 1036 2516 Non
1080 2464 1226 2519 enim
1257 2480 1424 2523 vacua
1453 2485 1554 2526 vox
1584 2482 1665 2528 est
1704 2471 1901 2541 Pater,
1935 2477 2028 2532 sed
2069 2477 2229 2532 exhi-

663 2545 798 2638 bens
842 2560 1086 2609 naturam
1135 2555 1280 2614 Filii.
1321 2558 1436 2616 Non
1476 2576 1643 2618 vacua
1682 2574 1765 2619 est
1800 2580 1900 2621 vox
1940 2582 2061 2638 quae
2099 2570 2229 2625 dicit

663 2633 893 2703 Filium,
954 2644 1048 2698 sed
1109 2651 1423 2714 precedens
1471 2656 1758 2708 conlitetur
1810 2633 2064 2725 Patrem,
2118 2675 2224 2715 non

670 2730 1003 2798 temporibus
1026 2771 1043 2798 ,
1079 2749 1183 2790 non
1228 2739 1452 2808 spatiis,
1497 2746 1591 2797 sed
1634 2744 1892 2812 dignitate
1915 2756 1968 2800 et
1999 2747 2222 2804 honore.

661 2815 824 2873 Pater
877 2822 1050 2894 diligit
1089 2825 1312 2897 Filium,
1357 2832 1530 2902 diligit
1568 2844 1622 2890 et
1668 2837 1922 2906 diligitur.
1969 2838 2120 2897 Unde
2158 2841 2224 2899 lis

659 2907 763 3002 ista
825 2921 941 2980 est,
988 2931 1092 2972 non
1142 2919 1374 2978 invenio.
1431 2923 1543 2980 lllic
1592 2941 1731 2996 pax,
1787 2939 1842 2985 et
1895 2932 2052 2987 isthic
2103 2933 2224 3002 jur-

659 3001 770 3095 gia.
816 3003 933 3060 lilic
990 3007 1234 3078 dilectio,
1292 3022 1348 3069 et
1388 3015 1474 3072 hic
1520 3022 1811 3077 contentio.
1847 3021 1903 3078 Si
1954 3001 2224 3095 diligimus

659 3088 1214 3205 Patrem;.iutiwmur
1242 3119 1428 3175 pacem
1458 3110 1706 3205 quaillic
1732 3122 1811 3168 est
1838 3114 1973 3185 (79).
2012 3088 2078 3171 Si
2104 3119 2225 3174 dili-
2248 3147 2292 3205 ο
2322 3088 2356 3201 ξ

660 3185 840 3290 gimus
874 3187 1108 3290 .Filium,
1161 3209 1266 3249 non
1305 3207 1389 3252 est
1446 3198 1797 3259 dissensionis
1827 3204 1986 3261 Deus.
2042 3207 2219 3278 Nosti,

667 3381 843 3438 neque
881 3370 1128 3428 docetur.
1179 3373 1332 3442 Quod
1383 3382 1823 3451 comprehendis,
1867 3387 1970 3442 hoc
2019 3403 2219 3458 quaere.

653 3457 938 3530 invenisti,
970 3464 1175 3534 gratias
1205 3481 1325 3539 age.
1351 3467 1541 3538 Nosti,
1577 3475 1746 3531 trade.
1773 3476 1887 3549 Ego
1905 3457 2081 3536 autem
2107 3485 2220 3540 scio

645 3551 780 3618 quia
823 3553 1020 3612 nescis.
1055 3553 1203 3612 Unde
1232 3559 1349 3616 scio
1389 3564 1512 3632 quia
1540 3579 1639 3635 ego
1681 3569 1884 3624 nescio.
1919 3569 2072 3628 Unde
2120 3575 2220 3632 hoc

648 3642 781 3710 quia
809 3643 1013 3714 ignoro.
1053 3644 1222 3704 Verax
1249 3650 1393 3706 enim
1429 3663 1513 3708 est
1548 3657 1640 3725 qui
1674 3657 1809 3713 dixit
1839 3676 1854 3714 :
1894 3658 2063 3717 Nemo
2118 3681 2212 3720 no—

646 3735 720 3787 uit
749 3734 814 3790 ⁷⁸.
845 3736 1148 3795 Secundum
1179 3742 1336 3798 istam
1372 3745 1534 3816 igitur
1579 3764 1798 3816 vocem,
1855 3755 2032 3811 omnis
2090 3758 2214 3827 qui-

647 3840 862 3897 cunque
881 3844 941 3886 se
967 3831 1096 3888 dicit
1125 3836 1266 3891 scire
1289 3841 1567 3896 mentitur.
1596 3841 1703 3898 Sed
1736 3844 1877 3902 forte
1915 3849 2084 3918 dicis,
2120 3851 2215 3907 Dei

649 3932 870 3988 sumus,
898 3929 952 3976 et
1000 3939 1107 3980 non
1157 3929 1358 3985 scimus
1404 3945 1664 4000 quantum
1714 3947 1768 3991 et
1819 3943 2212 4014 pertingimus:

651 4008 756 4064 hoc
782 4012 959 4068 solum
991 4017 1117 4085 quia
1147 4027 1230 4074 est
1261 4038 1276 4076 :
1313 4037 1418 4077 non
1452 4033 1627 4080 tamen
1659 4008 1835 4096 qualis
1877 4041 1929 4086 et
1955 4008 2212 4103 quantum

644 4109 752 4156 est.
779 4102 912 4172 Quia
940 4107 1106 4177 igitur
1133 4121 1217 4166 est
1237 4152 1252 4178 ,
1275 4113 1508 4182 scimus;
1541 4131 1646 4170 non
1672 4127 1848 4175 tamen
1876 4102 2069 4192 qualis.
2097 4126 2212 4184 Non

641 4195 789 4247 enim
818 4206 1057 4253 nostrum
1095 4208 1178 4255 est
1208 4217 1521 4260 mensurare
1544 4207 2032 4270 immensurabilem
2061 4233 2076 4269 :
2107 4234 2209 4274 non

636 4749 721 4792 est
748 4739 944 4796 clarus.
967 4743 1181 4801 EtDcus
1211 4748 1499 4815 timendus,
1518 4753 1641 4821 quia
1663 4754 1884 4810 multum
1910 4769 1990 4814 est
2009 4759 2201 4817 bonus.

637 4831 827 4902 Cogita
860 4837 999 4904 apud
1031 4846 1081 4892 te
1125 4839 1219 4908 qui
1265 4840 1340 4895 sis
1372 4842 1608 4899 humilis.
1654 4846 1770 4904 Non
1813 4851 1955 4904 enim
2003 4855 2200 4909 audisti

637 4933 764 4972 eum
791 4921 1058 4979 ﬂuentem
1093 4943 1108 4982 :
1141 4925 1243 4982 Vos
1268 4944 1332 4982 ea:
1354 4930 1686 4998 inferioribus
1711 4941 1836 4993 estis
1858 4980 1872 5004 ,
1902 4957 1996 5010 ego
2029 4953 2201 4998 autem

638 5013 704 5063 de
731 5015 1080 5081 superioribus
1125 5035 1239 5072 sum
1292 5019 1386 5072 7'?
1431 5021 1568 5078 Nam
1619 5039 1873 5096 quantum
1919 5033 2112 5088 coelum
2172 5052 2202 5090 a

641 5113 784 5157 terra
818 5106 1012 5174 distat,
1045 5118 1247 5166 tantum
1280 5124 1329 5168 et
1365 5131 1393 5169 a
1426 5118 1580 5172 nobis
1607 5119 1762 5177 Deus.
1794 5121 1861 5176 Et
1894 5134 2040 5179 certe
2061 5128 2202 5180 scri-

638 5207 787 5262 ptum
816 5208 930 5251 est:
967 5200 1228 5264 Quantum
1268 5208 1425 5260 distat
1478 5208 1659 5262 caelum
1689 5229 1721 5266 a
1766 5223 1937 5282 terra,
1994 5229 2195 5272 tantum

639 5288 736 5341 vias
761 5308 886 5346 mea:
915 5310 946 5344 a
977 5296 1068 5346 viis
1099 5299 1276 5351 vestris
1304 5300 1370 5353 ⁷³.
1405 5298 1475 5354 Ut
1502 5301 1568 5355 ad
1612 5319 1712 5358 nos

711 5387 756 5419 "
784 5385 938 5442 Joan.
969 5405 1005 5454 i,
1033 5389 1118 5442 l8.

638 5454 687 5487 "
718 5456 912 5544 ΕμιυθςἼ
955 5475 1028 5524 tv,
1055 5461 1144 5515 10.

712 5597 823 5669 (79)
849 5599 946 5658 Ms.
989 5603 1118 5666 Qua:
1140 5606 1245 5663 illis
1281 5619 1375 5664 est.

849 5670 1242 5753 ﬁetinquuntur.
1289 5680 1681 5746 Ἀπολείπεται,
1709 5697 2045 5753 superantur.

713 5740 824 5810 (8|)
852 5739 954 5797 Uni
985 5739 1104 5799 nato
1138 5763 1240 5803 non
1281 5753 1438 5805 cedit.
1484 5739 1791 5823 Legenduui
1820 5739 2056 5814 iridciur
2101 5764 2189 5817 um‘

1194 5393 1236 5423 τί
1281 5391 1434 5449 Joan.
1466 5412 1580 5462 vm,
1618 5397 1707 5455 25.

2266 1808 2310 1864 Β
2338 1769 2478 1837 quod
2507 1777 2589 1823 est
2616 1769 2899 1864 abscondit
2953 1787 2968 1864 ς

2352 571 2481 641 quis
2505 584 2680 640 neque
2715 583 3130 639 comparamur,
3172 582 3349 640 neque
3394 583 3684 641 equa-ur
3709 585 3726 626 :
3755 586 3926 643 neque

2356 662 2412 719 in
2443 678 2551 734 quo
2573 662 2754 719 minus
2786 677 2995 718 sumus.
3028 658 3145 716 Non
3179 677 3280 718 nos
3303 661 3513 732 min,
3547 666 3646 721 sed
3683 679 3788 720 nec
3832 680 3923 720 a-

2351 755 2496 827 geli,
2524 764 2619 811 aut
2642 754 2951 824 archangeli
2971 793 2989 821 ,
3035 761 3130 810 aut
3162 753 3424 820 virtutes,
3464 765 3561 812 aut
3587 757 3922 812 dominatio-

2349 863 2468 914 nes,
2484 861 2657 919 neque
2676 847 2819 902 aliud
2844 846 3066 917 aliquid,
3093 846 3188 902 sed
3208 848 3390 902 omnia
3403 847 3798 917 relinquuntur
3813 847 3919 919 (ευ)

2351 941 2421 996 ab
2452 940 2728 1011 unigenito
2746 959 2762 996 :
2781 940 2898 1011 ipse
2912 947 3088 996 autem
3111 938 3210 994 aoii
3227 941 3318 996 nui
3342 948 3464 996 nato
3485 955 3592 996 nou
3617 942 3764 998 cedit
3789 940 3916 1014 (8i).

2346 1030 2463 1087 Non
2493 1046 2682 1089 sumus
2705 1029 2871 1088 ιιιδεί
2889 1071 2907 1096 ,
2934 1031 3255 1088 conﬁtemur
3276 1031 3421 1087 enim
3437 1031 3663 1088 Filium.
3684 1032 3806 1088 Non
3837 1050 3921 1089 su-

2347 1139 2468 1181 mus
2493 1123 2720 1196 gentiles
2738 1164 2756 1188 ,
2791 1125 2917 1194 quia
2950 1139 3056 1180 non
3095 1123 3323 1180 dicina
3343 1123 3542 1180 multos
3565 1123 3792 1180 Patres.
3810 1122 3916 1179 llo.

2346 1230 2533 1271 sumus
2565 1215 2841 1282 heretici,
2871 1217 3074 1273 scimus
3109 1217 3250 1273 enim
3290 1216 3576 1288 Spiritum.
3631 1220 3748 1276 Sed
3796 1221 3916 1290 quid

2345 1308 2573 1363 sumus?
2620 1307 2830 1378 Sponsa
2863 1309 3097 1365 viventis
3126 1312 3308 1380 sponsi
3356 1325 3453 1380 per
3501 1310 3790 1368 Christum
3826 1329 3916 1369 nos

2344 1413 2546 1454 sumus.
2580 1397 2638 1454 Si
2668 1414 2795 1472 ergo
2819 1415 2920 1456 nos
2945 1401 3036 1471 qui
3068 1416 3164 1472 per
3194 1403 3466 1459 Christtt
3494 1419 3696 1460 sumus
3716 1447 3734 1469 ,
3765 1416 3912 1475 putas

2341 1491 2462 1559 quia
2489 1492 2603 1558 ipse
2643 1507 2746 1546 nun
2776 1493 2899 1548 est?
2921 1508 2985 1549 ea
3007 1509 3128 1562 quae
3153 1509 3252 1564 per
3289 1497 3464 1564 ipsum
3499 1505 3633 1551 sunt
3659 1509 3911 1565 manent,

2341 1593 2396 1636 et
2425 1585 2534 1652 ipse
2559 1582 2719 1639 ﬁnem
2752 1586 2913 1640 habet
2940 1595 3001 1641 ut
3027 1587 3244 1657 quidam
3267 1587 3583 1644 insaniunt?
3625 1587 3751 1644 Non
3777 1592 3910 1646 enin

2344 1675 2576 1744 acquirit
2606 1674 2751 1731 aliud
2779 1677 2924 1746 quod
2954 1691 3058 1733 non
3081 1687 3202 1734 est:
3234 1694 3338 1734 non
3389 1680 3660 1748 assumit,
3717 1683 3815 1738 sed
3864 1693 3912 1737 et

3028 1769 3132 1825 hoc
3154 1771 3296 1825 enim
3335 1770 3626 1841 signiﬁcat,
3657 1771 3745 1826 Du
3769 1776 3910 1836 mihi,

2337 1859 2493 1914 Pater
2521 1875 2542 1916 :
2569 1863 2662 1916 sed
2691 1875 2795 1916 non
2811 1860 3014 1931 aliquid
3044 1875 3242 1917 novum
3264 1863 3394 1931 petit
3417 1865 3540 1918 :sed
3569 1864 3719 1934 quod
3735 1864 3907 1930 habui,

2333 1951 2534 2021 inquit,
2585 1953 2725 2022 apud
2767 1961 2856 2018 te,
2903 1953 2973 2006 da
3011 1954 3141 2006 mihi
3192 1953 3260 2008 ".
3308 1952 3423 2008 Non
3456 1955 3602 2018 enim
3657 1955 3908 2023 habes,s

2337 2043 2582 2110 Domine,
2617 2044 2760 2114 quod
2786 2042 3063 2101 habebas?
3084 2045 3189 2102 Sed
3217 2046 3342 2116 quia
3363 2086 3380 2111 ,
3404 2047 3580 2118 inquit
3597 2086 3613 2111 ,
3648 2050 3907 2105 absconsa

2331 2143 2416 2192 est
2445 2151 2559 2190 mea
2587 2135 2796 2205 species
2824 2153 2837 2190 :
2865 2135 2992 2205 quia
3024 2151 3128 2191 non
3160 2147 3377 2208 apparet
3418 2153 3533 2192 mea
3563 2137 3767 2209 gloria.
3791 2138 3907 2193 Cle-

2331 2227 2516 2294 riﬁca,
2547 2226 2762 2297 inquit,
2790 2237 2941 2281 (sunt
2989 2225 3191 2282 Filium
3235 2229 3304 2283 ".
3363 2228 3430 2283 Et
3471 2230 3601 2298 quid
3632 2232 3906 2300 respondit

2329 2315 2527 2372 Pater?
2554 2313 2874 2385 Cleri/icui.
2903 2317 2960 2374 Si
2984 2318 3150 2390 igitur
3175 2317 3526 2390 gloriﬁcavit,
3552 2322 3690 2390 quid
3717 2324 3903 2387 qua-rit

2329 2408 2661 2480 gloriﬁcarii
2683 2409 2787 2465 Sed
2820 2409 2954 2465 dicit
2977 2409 3136 2466 Pater
3160 2451 3176 2476 ,
3217 2408 3284 2464 Et
3329 2414 3520 2466 iterant
3574 2412 3899 2482 gloriﬁssbe.

2329 2503 2386 2558 Si
2413 2500 2523 2571 jam
2545 2500 2880 2573 gloriﬁcasti,
2902 2504 3173 2573 quomodo
3202 2504 3395 2559 iterum
3419 2504 3702 2575 gloriﬁcaa
3718 2506 3744 2559 ?
3769 2505 3899 2560 Nutu

2326 2592 2530 2659 addes,
2561 2594 2815 2663 quoniam
2839 2595 2910 2651 ab
2942 2596 3097 2651 initio
3137 2597 3412 2668 genuisti?
3436 2596 3550 2654 Non
3585 2598 3738 2654 addo
3771 2600 3900 2656 :sed

2327 2694 2381 2742 et
2420 2701 2518 2758 per
2543 2701 2746 2758 corpus
2789 2688 3019 2745 ostendo
3066 2691 3172 2744 mei
3220 2689 3346 2744 Filii
3399 2691 3653 2762 gloriam.
3697 2690 3898 2754 Genui,

2323 2779 2625 2851 gloriﬁcavi
2647 2815 2671 2849 ,-
2694 2791 2747 2837 et
2803 2782 2999 2838 iterum
3041 2782 3379 2855 gloriﬁcabo.
3427 2783 3652 2852 Palam,
3697 2786 3897 2855 inquit,

2323 2870 2468 2927 facio
2494 2874 2636 2941 quod
2684 2882 2804 2929 erat
2857 2874 3202 2930 absconsum.
3237 2875 3368 2930 Nam
3400 2884 3456 2929 et
3489 2875 3787 2946 Apostolus
3819 2875 3898 2930 di-

2323 2962 2398 3018 cit
2428 2980 2442 3016 :
2474 2961 2545 3017 Et
2564 2965 2968 3033 superezaltacit
2997 2982 3113 3019 eunt
3133 3009 3149 3032 ,
3184 2977 3233 3020 et
3277 2966 3419 3020 dedit
3452 2969 3501 3022 ei
3529 2984 3724 3024 nomen
3761 2970 3896 3039 quod

2323 3063 2397 3107 est
2437 3070 2591 3124 super
2619 3072 2766 3111 omne
2792 3072 2979 3111 nomen
3025 3057 3095 3111 ".
3153 3057 3267 3112 Non
3328 3061 3611 3127 mercede,
3667 3072 3732 3117 ut
3778 3075 3896 3133 pete

2359 3146 2659 3203 bedientia.
2690 3147 2958 3217 Scriptum
2994 3149 3136 3205 enim
3175 3160 3257 3206 est
3297 3153 3751 3221 quemadmodum
3771 3155 3896 3209 oh»-

2324 3234 2462 3292 divit
2489 3253 2660 3307 usque
2685 3244 2752 3294 ad
2781 3249 3010 3295 mortem
3035 3282 3051 3306 ,
3093 3250 3319 3297 mortem
3373 3254 3549 3300 autem
3580 3247 3784 3303 crucis.
3831 3246 3894 3302 Et

2204 3341 2221 3369 θ
2322 3327 2444 3384 ideo
2467 3371 2482 3392 ,
2510 3331 2712 3401 inquit,
2739 3328 2883 3387 Deus
2908 3334 3331 3402 superexaltavit
3352 3350 3496 3390 eum.
3529 3336 3588 3391 Si
3634 3327 3763 3406 quis
3794 3355 3890 3392 an-

2320 3428 2426 3474 tem
2453 3421 2585 3475 dure
2610 3422 2798 3492 legerit
2821 3436 3128 3488 sermones,
3159 3423 3298 3479 forte
3331 3425 3539 3495 putabit
3589 3427 3754 3482 istam
3805 3444 3893 3484 Su-

2317 3511 2795 3581 perexaltationem
2829 3516 3130 3570 mercedem
3159 3530 3282 3572 esse
3313 3517 3658 3574 obedientite.
3687 3519 3764 3574 Ita
3795 3536 3891 3592 pu-

2319 3611 2402 3658 tas
2423 3643 2438 3670 ,
2465 3604 2558 3659 sed
2593 3619 2699 3660 non
2723 3614 2774 3660 te
2799 3608 3082 3676 permittat
3107 3608 3177 3662 ita
3206 3609 3408 3665 sentire
3435 3612 3524 3680 qui
3561 3612 3679 3668 hac
3730 3613 3890 3672 dixit.

2316 3693 2409 3748 Ait
2431 3694 2578 3749 enim
2611 3713 2624 3749 :
2659 3695 2762 3760 Qui
2792 3699 3024 3752 ascendit
3045 3737 3060 3763 ,
3090 3700 3196 3768 ipse
3218 3711 3294 3755 est
3314 3702 3479 3773 αῖσιιὶ
3504 3707 3776 3760 descendit
3817 3707 3886 3763 ".

2317 3783 2460 3855 Ergo
2479 3787 2878 3843 exaltaviteum
2904 3791 2996 3860 qui
3033 3791 3330 3852 descendit.
3359 3794 3473 3851 Non
3517 3805 3701 3854 tamen
3733 3818 3761 3853 a
3795 3800 3888 3857 de-

2314 3890 2499 3931 orsum
2525 3893 2744 3934 sursum
2776 3879 3021 3936 adduxit.
3055 3881 3161 3938 Sed
3187 3899 3310 3940 eum
3340 3887 3429 3955 qui
3458 3888 3772 3956 descendit,
3794 3891 3888 3949 ite-

2316 3981 2435 4022 rum
2486 3982 2703 4023 sursum
2761 3973 3076 4041 assumpsit.
3126 3973 3344 4030 Assnmi
3397 3977 3550 4043 dico,
3600 3995 3712 4034 non
3759 3983 3883 4050 quia

2313 4055 2546 4112 mundus
2596 4057 2934 4116 l‘rsudabitur
2994 4079 3026 4118 a
3079 4068 3367 4136 pra-sentis
3420 4068 3708 4139 unigeniti.
3766 4073 3881 4130 Non

2312 4155 2491 4216 potest
2527 4151 2756 4208 mundus
2806 4153 2924 4210 sine
2956 4155 3315 4226 gubernatore
3357 4158 3589 4227 salvari,
3633 4179 3746 4218 non
3791 4180 3882 4233 po-

2312 4240 2419 4286 test
2476 4235 2706 4292 mundus
2756 4247 2904 4294 stare
2947 4241 2994 4295 si
3041 4245 3325 4299 manserit
3375 4247 3706 4317 unigenitus.
3776 4249 3879 4305 Sed

2309 4318 2448 4377 forte
2479 4323 2612 4380 dicis
2650 4344 2663 4380 :
2707 4325 2824 4383 Non
2869 4328 3070 4386 sufﬁcit
3120 4333 3264 4388 enim
3308 4333 3514 4391 Pater?
3565 4336 3686 4394 Non
3749 4343 3873 4410 quia

2304 4880 2402 4962 per
2431 4866 2610 4962 lumen
2657 4873 2895 4928 adducit.
2949 4876 3210 4936 Mediator
3247 4895 3427 4938 autem
3460 4885 3651 4955 Filius,
3685 4901 3745 4946 et

2309 4954 2456 5008 nitur
2477 4953 2562 5011 lex
2587 4977 2602 5014 :
2640 4963 2908 5018 mediator
2935 4963 3126 5033 Filius,
3155 4981 3210 5025 et
3231 4970 3528 5041 loquuntur
3551 4953 3862 5051 propheise:

2307 5047 2575 5104 mediator
2617 5051 2808 5121 Filius,
2858 5066 2916 5111 et
2949 5061 3270 5129 pmdicatur
3311 5047 3720 5126 Testamentum
3759 5073 3862 5129 No-

2306 5152 2430 5192 vum
2458 5153 2516 5196 et
2562 5143 2818 5216 impletur
2858 5147 3026 5206 Vetus
3064 5173 3077 5208 :
3127 5156 3390 5212 mediator
3418 5159 3614 5227 Filius,
3641 5175 3700 5218 et
3734 5166 3862 5221 ﬁunt

2305 5231 2473 5297 angeli
2503 5251 2516 5287 :
2550 5237 2815 5292 mediator
2863 5239 3050 5309 l'iiius,
3103 5253 3160 5298 et
3215 5257 3471 5302 creantur
3499 5254 3810 5325 archangeli
3842 5278 3855 5310 :

1758 5320 1856 5360 vox
2051 5309 2194 5365 dicta
2301 5324 2566 5380 mediator
2593 5326 2790 5398 Filius,
2835 5341 2890 5387 et
2933 5347 3150 5392 creator
3198 5341 3374 5394 omnis
3407 5352 3641 5409 naturaa,
3677 5298 3741 5401 εἴ
3761 5365 3856 5418 gu-

1819 5401 1862 5432 "
1899 5400 2006 5457 lsa.
2036 5419 2134 5471 Lv,
2164 5403 2215 5462 9.

2328 5413 2338 5445 ⁵
2370 5417 2524 5476 Joan.
2556 5439 2666 5478 xvu
2688 5465 2705 5493 ,
2749 5427 2802 5481 5.
2879 5427 2923 5460 ⁷⁸
2955 5427 3108 5485 Joan.
3141 5447 3214 5485 xu
3235 5473 3250 5498 ,
3272 5432 3358 5488 28.
3389 5435 3435 5466 ’⁸
3465 5400 3662 5510 Philip.
3694 5400 3851 5508 11:9.

2299 5643 2399 5681 non
2422 5640 2547 5685 nato
2573 5635 2727 5687 cedit.

2364 5701 2473 5773 (82)
2502 5701 2674 5769 Quare
2705 5720 2720 5757 :
2752 5705 2863 5775 qui,
2907 5707 2948 5775 Ῑ.
2975 5709 3176 5778 quare?
3199 5709 3344 5782 quia,
3385 5723 3493 5769 etc.
