4048 6322
177 366 325 427 ηδτ

1027 361 1117 419 DE
1154 358 1311 419 FIDE
1347 360 1723 421 ADVERSUS
1763 361 2178 423 SABELLIUM.
2212 393 2282 407 —
2317 362 2450 423 LIB.
2484 364 2528 422 Ι.

3307 367 3451 432 1058

161 488 459 555 bernator,
486 496 544 543 et
574 486 832 546 salvator.
861 481 979 540 Non
1010 485 1157 540 enim
1192 484 1478 539 creavitet
1506 483 1751 538 dimisit:
1785 488 1829 545 Α
1858 483 2117 551 quinetur
2149 484 2288 555 (83).
2322 484 2437 541 Viri
2468 494 2529 539 ut
2567 498 2691 539 sese
2713 484 2828 556 jam
2858 501 2965 541 non
3007 486 3250 542 incidant
3280 504 3295 541 :
3327 502 3453 541 mu-

164 578 299 652 quia
335 598 441 636 non
481 580 601 637 sine
642 578 981 650 providentia
1003 584 1141 633 sunt
1180 592 1302 646 qua
1329 586 1477 631 sunt.
1517 574 1636 630 Non
1665 585 1751 629 est

166 673 429 742 tatigatus
452 668 678 724 faciens.
699 665 895 737 Neque
922 676 983 721 ut
1007 664 1270 729 volatilia,
1302 674 1361 718 ut
1384 665 1558 735 pisces
1582 676 1751 735 gene-

171 772 305 817 rant
343 760 586 832 quidem,
612 758 928 829 relinquunt
955 768 1159 812 autem.
1209 756 1275 811 Et
1302 766 1453 812 certe
1503 770 1605 811 nec
1645 754 1747 810 ista

166 860 436 925 generant
482 858 537 905 et
570 848 853 904 dimittunt
890 867 905 905 :
949 848 1043 904 sed
1086 847 1289 904 habent
1318 846 1661 918 diligentiam
1692 852 1752 899 et

163 951 423 1015 pascunt.
461 942 519 997 Si
555 941 721 1012 igitur
754 942 858 998 ista
897 941 993 1004 ita,
1028 940 1200 995 multo
1238 939 1411 1010 magis
1444 952 1545 1008 per
1582 952 1746 1008 quem

163 1043 355 1089 creata
384 1041 510 1087 sunt
539 1032 742 1097 omnia,
762 1046 861 1101 per
893 1031 1057 1086 istum
1081 1029 1263 1084 omnia
1292 1039 1348 1084 et
1376 1030 1749 1099 gubernantur

160 1133 225 1180 et
272 1132 567 1193 pascuntur
612 1140 628 1177 :
674 1136 783 1177 non
813 1130 1043 1176 vacante
1086 1119 1271 1185 Patre,
1299 1123 1394 1176 sed
1425 1128 1743 1175 annuente:

163 1224 450 1271 annuente
495 1225 701 1279 autem,
734 1228 842 1268 non
886 1214 1081 1279 oculis,
1130 1215 1225 1268 sed
1261 1223 1318 1267 ut
1356 1214 1512 1268 decet
1561 1212 1745 1265 incor-

166 1306 439 1377 poralem,
470 1307 545 1361 ita
568 1305 759 1361 annuit
789 1315 849 1359 ut
882 1305 983 1374 ipsi
1012 1307 1268 1359 decorum
1303 1312 1405 1358 est.
1447 1301 1619 1357 Filius
1643 1316 1743 1354 au-

165 1406 281 1453 tem
313 1396 560 1467 agnoscit
594 1405 652 1451 ut
685 1396 882 1452 Filium
927 1400 1083 1452 decet
1115 1414 1128 1449 :
1176 1410 1342 1465 opera
1386 1402 1567 1449 autem
1607 1392 1745 1448 ﬁunt

167 1497 232 1543 ut
260 1487 421 1543 Pater
447 1489 586 1553 vult,
622 1498 677 1543 et
706 1487 879 1543 Filius
905 1488 1201 1542 ministrat.
1232 1485 1359 1542 Haec
1394 1502 1495 1541 nos
1524 1494 1744 1555 oporte-

165 1583 265 1636 bat
310 1579 514 1637 dicere.
553 1580 667 1637 lmo
698 1596 889 1636 omnes
921 1595 987 1636 ex
1024 1579 1325 1649 Scripturis
1367 1579 1572 1650 legere.
1610 1577 1743 1644 Quis

159 1672 312 1727 enim
339 1687 461 1727 sum
494 1675 631 1744 ego?
661 1673 791 1742 quid
821 1673 995 1727 habeo
1020 1671 1163 1742 quod
1196 1687 1301 1726 non
1354 1670 1581 1741 accepi?
1615 1669 1743 1725 0m-

162 1765 260 1819 nia
286 1765 432 1819 enim
470 1765 538 1819 ab
567 1779 695 1828 uno,
726 1773 777 1819 el
808 1779 905 1832 per
942 1779 1107 1817 unum
1142 1774 1309 1830 sunt;
1351 1771 1408 1817 et
1444 1776 1567 1833 qua:
1599 1761 1740 1816 facta

1860 573 2027 629 lieres
2054 583 2111 628 ut
2142 590 2252 629 non
2276 575 2347 629 ad
2372 574 2632 644 iniuriam
2664 575 3013 632 deludantur.
3052 576 3240 643 Tauri,
3266 577 3447 647 vituli,

1856 672 1917 718 ut
1970 679 2077 721 non
2110 667 2262 719 varie
2308 665 2704 721 comburantur
2750 666 2886 737 (84).
2951 669 3167 734 Vinum,
3221 678 3280 722 ut
3336 684 3447 723 nou

1855 756 1975 813 sine
2004 771 2169 813 causa
2198 758 2424 814 libetur.
2457 757 2653 823 Terra,
2700 774 2874 825 mare,
2907 768 2968 813 ut
3005 775 3113 815 non
3144 758 3448 816 immutatis

1857 847 2170 902 nominibus
2204 848 2505 904 adorentur
2548 867 2563 905 :
2609 849 2788 905 omnis
2831 851 2977 904 enim
3024 860 3220 905 natura
3255 862 3447 906 conta-

1855 939 2060 991 minata
2117 947 2252 995 est:
2301 940 2482 996 omnis
2541 950 2799 996 creatura
2858 940 3132 996 deificata.
3189 940 3296 995 Sed
3334 955 3445 995 non

1854 1028 2106 1098 despexit
2155 1030 2202 1085 is
2231 1045 2329 1099 per
2360 1046 2522 1101 quem
2578 1039 2635 1088 et
2684 1031 2829 1087 facta
2877 1041 3027 1088 sunt.
3083 1033 3247 1089 Venit
3292 1032 3442 1087 enim

1852 1120 1944 1190 qui
1995 1121 2341 1191 contingeret
2392 1136 2545 1179 sua:
2594 1124 2741 1179 venit
2796 1125 2887 1194 qui
2938 1124 3137 1181 malum
3166 1138 3442 1180 venenum

1852 1210 2095 1267 auferret
2134 1228 2151 1266 :
2194 1215 2343 1269 venit
2388 1216 2562 1284 ipsius
2618 1219 2746 1272 vitae
2799 1218 3163 1275 medicamen.
3192 1218 3442 1276 Mortuus

1847 1312 1931 1359 est
1963 1305 2318 1361 ut‘occideret
2366 1306 2599 1361 mortem
2629 1324 2645 1363 :
2672 1310 3071 1366 condemnatus
3095 1320 3181 1366 est
3213 1321 3273 1364 ut
3301 1323 3441 1365 con-

1847 1396 2137 1451 demnaret
2163 1397 2557 1467 corruptelam.
2586 1399 2898 1457 Coronatus
2925 1412 3011 1458 est
3038 1402 3231 1471 spinis,
3252 1410 3312 1457 ut
3336 1416 3440 1457 nos

1849 1502 1955 1541 non
2012 1486 2338 1545 haberemus
2388 1491 2578 1560 spinas
2614 1508 2629 1545 :
2670 1493 2912 1561 suscepit
2964 1492 3309 1547 maledictum
3342 1506 3441 1562 per

1847 1592 2088 1644 crucem,
2133 1589 2193 1635 ut
2224 1596 2326 1636 nos
2370 1584 2774 1652 susciperemus
2809 1585 3246 1649 benedictionem
3283 1600 3439 1639 mun-

1847 1669 1992 1725 dam.
2026 1668 2144 1725 Non
2175 1686 2399 1745 possum
2426 1673 2611 1729 dicere
2632 1685 2895 1743 quantum
2925 1677 3099 1745 sapio.
3134 1675 3250 1730 Non
3302 1690 3428 1745 pos-

1847 1776 1969 1818 sum
2020 1778 2215 1833 sapere
2272 1776 2536 1836 quantum
2604 1769 2863 1838 possibile
2913 1778 3019 1824 est.
3087 1767 3143 1824 Si
3200 1782 3435 1837 sapuero

163 1864 317 1918 sunt,
347 1864 403 1909 et
446 1869 568 1924 quae
601 1866 747 1909 recte
780 1855 1059 1909 dicuntur.
1100 1854 1310 1921 Quanta
1352 1868 1486 1909 sane
1521 1853 1740 1908 miseri-
1772 1872 1816 1928 Β
1845 1864 2113 1922 quantum
2171 1856 2431 1926 possibile
2478 1867 2596 1924 est,
2653 1874 2760 1914 non
2824 1861 3085 1930 pervenio
3137 1869 3196 1914 ut
3255 1858 3433 1915 dicam

161 1946 356 2001 cordia
404 1956 489 2001 est
537 1946 671 2001 Dei?
711 1948 897 2015 genuit
946 1946 1165 2014 Filium,
1211 1948 1336 2017 quia
1380 1948 1556 2002 bonus
1598 1955 1683 2002 est
1720 1964 1734 2000 :

160 2035 375 2091 ereavit
409 2037 662 2093 universa
717 2055 812 2107 per
864 2039 1061 2109 ipsum,
1106 2041 1233 2108 quia
1284 2038 1601 2095 benefactor
1628 2047 1734 2095 est.

162 2127 481 2184 Erravimus
507 2140 561 2184 et
592 2145 695 2183 non
721 2131 992 2200 despexit,
1017 2132 1326 2187 cecidimus
1356 2141 1411 2186 et
1435 2146 1540 2185 non
1582 2144 1738 2201 spre-

160 2222 270 2286 vit,
301 2223 393 2277 sed
430 2224 574 2277 misit
615 2221 810 2277 Filium
858 2239 1015 2279 suum
1055 2225 1424 2287 obedientem,
1460 2232 1519 2277 ut
1563 2223 1738 2279 salva-

161 2323 255 2369 ret
301 2313 572 2369 hominem
604 2314 1027 2373 inobedientem.
1069 2315 1214 2369 Misit
1261 2316 1377 2370 sine
1409 2327 1652 2384 peccato,
1679 2324 1739 2369 ut

163 2412 452 2458 revocaret
482 2418 602 2457 eum
633 2404 725 2473 qui
752 2414 1073 2474 peccaverat
1103 2423 1117 2459 :
1158 2405 1307 2459 misit
1343 2405 1540 2460 Filium
1579 2421 1736 2460 suum

161 2494 453 2550 facientem
504 2495 720 2563 placita,
774 2504 832 2549 ut
862 2496 1101 2551 salvaret
1134 2511 1350 2551 servum
1380 2498 1606 2553 obedire
1641 2512 1739 2550 no-

159 2585 391 2643 lentem.
426 2585 572 2640 Misit
608 2586 896 2655 justitiam,
944 2596 1003 2641 ut
1036 2588 1348 2643 auferretur
1390 2600 1679 2660 peccatum
1717 2608 1731 2644 :

160 2677 317 2732 Inisit
347 2677 536 2739 vitam,
568 2688 625 2730 ut
655 2693 802 2733 mors
841 2689 1171 2735 moreretur.
1211 2680 1357 2734 Misit
1390 2681 1478 2749 qui
1516 2696 1544 2734 a
1572 2696 1654 2746 se,
1680 2690 1737 2735 ut

156 2768 510 2825 salvarentur
532 2770 621 2838 qui
649 2778 805 2823 erant
835 2785 903 2823 ex
932 2770 1171 2823 homine.
1207 2770 1351 2825 Misit
1389 2787 1512 2826 eum
1540 2774 1633 2842 qui
1666 2786 1734 2826 ex

158 2858 411 2929 Virgine,
450 2868 507 2912 ut
554 2858 896 2912 salvarentur
938 2858 973 2913 ii
1020 2860 1111 2929 qui
1148 2874 1215 2916 ex
1247 2860 1474 2917 muliere
1518 2861 1736 2917 fuerant

155 2950 382 3020 perditi.
431 2949 575 3004 Misit
608 2952 659 3004 in
698 2951 871 3022 ﬁgura
913 2952 1041 3017 viri,
1076 2961 1133 3006 ut
1178 2952 1483 3008 salvaretur
1514 2954 1605 3024 qui
1639 2969 1736 3023 pe-

156 3041 335 3093 rierat
377 3039 484 3093 vir.
515 3040 649 3094 Cum
699 3039 1005 3096 latronibus
1039 3041 1223 3111 [igitur
1261 3042 1431 3107 cruci,
1466 3052 1525 3097 ut
1571 3058 1735 3112 para-

152 3132 315 3184 disus
354 3141 408 3185 et
440 3130 747 3186 latronibus
793 3132 1115 3200 aperiretur.
1151 3132 1339 3203 Cogita
1390 3134 1732 3204 dignitatem,

1846 1957 2083 2017 quantus
2111 1958 2218 2003 est.
2248 1950 2638 2006 lnenarrabilis
2667 1952 2813 2006 enim
2862 1961 2919 2006 et
2965 1952 3435 2021 incomprehensi-

1846 2041 1973 2097 bilis
1996 2038 2159 2095 Pater
2185 2051 2293 2099 est.
2320 2039 2469 2097 Talis
2494 2053 2680 2097 autem
2710 2055 2763 2098 et
2811 2044 2985 2099 Filius
3016 2045 3184 2114 ipsius
3228 2044 3429 2100 Patris.

1846 2132 1904 2187 Si
1930 2132 2076 2187 enim
2114 2132 2185 2187 ob
2214 2133 2296 2187 sui
2329 2135 2761 2190 misericordiam
2795 2151 2892 2190 nos
2919 2139 3235 2207 assumpsit,
3285 2139 3429 2192 inte-

1846 2219 2045 2274 rimere
2076 2230 2200 2273 enin
2228 2220 2487 2276 debemus
2510 2224 2601 2294 qui
2629 2239 2726 2279 nos
2757 2225 2974 2280 salvat?
3001 2229 3129 2297 quid
3166 2229 3271 2283 hoc
3299 2229 3429 2284 mali

1844 2321 1926 2366 est
1960 2312 2033 2365 ita
2084 2312 2332 2368 homines
2366 2313 2433 2368 de
2460 2314 2600 2369 Filio
2629 2316 2874 2371 sentire?
2930 2316 3146 2373 Maneat
3182 2329 3239 2373 ut
3286 2329 3425 2385 erat,

1845 2409 1900 2456 et
1945 2402 1998 2455 in
2042 2414 2275 2467 corpore
2306 2412 2360 2456 et
2398 2403 2451 2455 in
2486 2405 2753 2473 praesepio
2798 2423 2813 2460 :
2854 2406 2987 2459 nihil
3032 2407 3237 2462 humile
3268 2409 3334 2463 de
3361 2424 3429 2465 eo

1844 2491 2073 2557 sentias,
2102 2492 2192 2561 qui
2232 2502 2282 2547 te
2308 2491 2589 2560 exaltavit,
2636 2494 2770 2549 nihil
2800 2494 3073 2564 abiectum
3113 2507 3208 2552 aut
3238 2498 3430 2555 incon-

1844 2617 2061 2672 gruum.
2095 2600 2213 2657 Noli
2246 2617 2505 2672 spernere
2535 2602 2878 2659 Salvatorem
2911 2615 3084 2661 tuum.
3116 2606 3172 2661 Si
3204 2609 3429 2678 quidem

1844 2696 2057 2750 etiamsi
2088 2696 2254 2750 verbo
2299 2711 2422 2750 eum
2471 2696 2760 2751 butniliare
2801 2698 3057 2761 volueris,
3090 2711 3283 2754 natura
3319 2717 3428 2756 non

1845 2786 2177 2842 transfertur
2206 2789 2273 2841 ad
2324 2796 2468 2840 tuam
2521 2788 2781 2858 linguam.
2832 2790 2890 2844 Si
2928 2800 3107 2844 autem
3154 2803 3207 2846 et
3259 2794 3430 2849 abne-

1842 2874 2154 2946 gaverimus
2182 2891 2327 2940 eum,
2366 2878 2478 2944 ipse
2509 2878 2682 2932 lidelis
2714 2890 2897 2935 manet
2923 2890 2979 2935 et
3010 2898 3210 2954 negare
3236 2898 3428 2940 se-noa

1842 2976 2022 3038 potest
2052 2987 2067 3023 :
2100 2968 2203 3023 hoc
2230 2979 2337 3035 est,
2378 2985 2408 3022 a
2432 2971 2653 3040 propria
2691 2982 2884 3026 natura
2918 2989 3023 3030 non
3059 2977 3289 3031 excidit.
3316 2976 3428 3034 Iste

1841 3060 2000 3115 nubis
2042 3059 2207 3115 Pater
2237 3077 2341 3116 non
2377 3072 2537 3117 natus
2580 3072 2689 3129 est,
2719 3080 2859 3119 unus
2901 3067 3051 3123 solus
3080 3084 3187 3124 non
3240 3079 3423 3139 natus,

1843 3164 1949 3203 non
1982 3150 2050 3204 ab
2080 3151 2208 3214 alio,
2243 3166 2341 3206 nec
2374 3165 2441 3206 ex
2472 3151 2598 3206 alio.
2637 3151 2800 3223 Saepe
2829 3155 2953 3211 dico
2994 3159 3204 3213 eadem.
3237 3160 3426 3231 Siqui-

151 3235 215 3278 et
240 3222 448 3277 testima
476 3221 904 3293 magnitudinem
930 3225 1136 3293 gratiae.
1154 3224 1235 3277 Me
1252 3226 1396 3279 enim
1418 3242 1479 3279 ex
1511 3226 1738 3282 muliere
1764 3224 1807 3282 C
1840 3241 1960 3293 dem
1992 3248 2046 3294 et
2070 3237 2307 3295 Joannes
2337 3242 2428 3310 qui
2460 3244 2526 3296 de
2554 3242 2694 3299 Filio
2718 3221 2861 3300 dixit
2886 3247 2943 3301 in
2981 3250 3244 3317 principio
3282 3221 3423 3319 erat,

154 3313 335 3373 nasci,
364 3322 459 3367 aut
507 3324 579 3377 te,
624 3328 732 3367 non
768 3328 929 3382 supra
976 3322 1227 3367 naturam
1263 3323 1366 3368 est.
1412 3313 1738 3370 Manducare

155 3412 257 3458 aut
283 3404 486 3467 bibere,
508 3405 749 3458 dormire
774 3414 828 3457 et
861 3419 1103 3473 surgere,
1122 3416 1175 3457 et
1209 3406 1261 3458 in
1296 3406 1559 3474 praesepio
1585 3405 1734 3475 poni,

156 3497 295 3551 nihil
322 3498 443 3551 novi
468 3498 512 3563 si
552 3497 799 3551 homines
828 3510 889 3549 ea
910 3512 1030 3566 quae
1054 3507 1180 3552 sunt
1213 3498 1488 3552 ll0lltinulll
1515 3499 1736 3567 patiun-

156 3601 270 3641 tur.
304 3590 441 3653 Quid
466 3598 644 3642 autem
674 3606 895 3652 novum,
919 3592 1048 3658 quid
1072 3590 1409 3655 admirabile,
1437 3591 1565 3658 quid
1594 3606 1732 3658 prte-

151 3680 403 3748 cipuum,
444 3682 574 3749 quid
618 3694 861 3735 nostrum
889 3674 1555 3750 debitum'irrepensabile
1587 3682 1735 3735 Deo?

154 3772 262 3838 Qui
306 3773 449 3826 misit
484 3774 622 3826 Deus
654 3772 849 3828 Filium
882 3790 1063 3838 suum,
1097 3775 1245 3828 misit
1272 3775 1433 3827 Pater
1476 3773 1735 3842 Unigeni-

155 3877 298 3930 tum,
337 3866 483 3920 misit
514 3881 618 3918 non
652 3875 810 3919 natus
842 3866 1177 3935 progeniem,
1218 3866 1363 3919 misit
1389 3865 1731 3919 obedientem

157 3959 361 4023 bonus,
398 3959 550 4012 misit
587 3957 854 4027 justitiam
898 3960 989 4027 qui
1019 3961 1220 4027 genuit.
1250 3957 1362 4013 Cur
1391 3956 1576 4012 misit?
1609 3972 1735 4026 pro-

153 4058 282 4119 pter
336 4059 673 4118 peccatores.
730 4048 839 4103 Cur
890 4050 1078 4103 misit?
1130 4059 1353 4118 propter
1403 4050 1577 4103 Adam
1638 4048 1732 4118 qui

154 4128 475 4195 mandatum
510 4144 855 4213 contempsit.
889 4141 1051 4197 Venit
1079 4158 1209 4212 ergo
1246 4143 1337 4211 qui
1389 4143 1627 4197 obedivit
1664 4143 1733 4197 ad

156 4232 278 4287 haec
313 4250 327 4285 :
363 4244 420 4288 et
452 4234 728 4303 judicatnr
753 4234 919 4301 judex
948 4236 1017 4288 ob
1045 4237 1466 4289 condemnatum
1501 4251 1515 4287 :
1556 4233 1733 4287 cruci-

153 4326 347 4394 ﬁgitur
373 4325 479 4379 vita
502 4342 598 4395 pro
625 4337 838 4380 mortuo
871 4344 884 4379 :
908 4336 1205 4381 coronatur
1228 4325 1398 4395 spinis
1423 4324 1728 4394 gloriosus:

153 4415 297 4471 bibit
332 4414 424 4479 fel,
459 4416 578 4469 fons
615 4418 808 4471 dulcis.
842 4402 981 4482 Quid
1033 4418 1369 4471 inveniemus
1414 4417 1480 4469 ad
1532 4432 1730 4486 reprae-

150 4509 519 4563 sentandum?
552 4510 821 4578 quemodo
868 4526 1089 4579 agemus
1140 4510 1383 4580 gratias?
1413 4509 1529 4564 Non
1575 4510 1725 4566 sufli-

150 4601 308 4654 ciunt
338 4600 529 4671 lingua:
560 4614 901 4666 nostrae,uon
938 4618 1057 4669 ora,
1077 4605 1292 4659 etiamsi
1322 4602 1525 4658 iuerint
1556 4606 1721 4658 mille.

149 4690 272 4745 Non
302 4691 591 4749 suilicimus
636 4709 758 4757 nos,
797 4694 1075 4761 adjutores
1100 4711 1428 4766 quaeramus.
1458 4696 1727 4765 Adjuvent

151 4798 257 4839 nos
289 4786 461 4853 angeli
497 4804 510 4839 :
558 4789 836 4842 nobiscum
880 4791 1110 4859 gratiam
1144 4792 1373 4845 reddant
1406 4799 1462 4845 et
1493 4795 1727 4848 archan-

153 4874 287 4944 geli,
343 4890 399 4929 ut
455 4887 511 4931 et
556 4879 655 4947 ipsi
714 4880 1004 4949 gaudeant.
1059 4880 1117 4936 Si
1158 4883 1373 4956 quidem
1434 4892 1490 4938 et
1543 4885 1724 4939 omnis

148 4979 411 5028 creatura
470 4983 657 5040 parata
696 4982 799 5028 est.
845 4973 1086 5029 Parturit
1117 4977 1261 5030 enim
1304 4987 1358 5030 et
1416 4978 1723 5048 ingemiscit

150 5069 213 5116 et
244 5074 520 5131 exspeCtat
553 5073 790 5118 nostram
827 5068 1075 5135 salutem,
1122 5080 1181 5122 ut
1212 5078 1265 5124 et
1310 5070 1422 5139 ipsa
1458 5070 1723 5126 liberetur

153 5166 187 5205 a
221 5153 423 5207 dolore.
460 5153 741 5211 Liberatur
770 5158 915 5212 enim
944 5171 998 5214 et
1036 5161 1115 5216 sol
1144 5178 1212 5215 ne.
1240 5162 1378 5216 ultra
1419 5163 1677 5218 adoretur
1704 5182 1717 5219 :

153 5257 213 5301 et
272 5248 417 5313 luna,
481 5268 548 5306 ne
610 5253 724 5321 ipsa
776 5254 1195 5313 calumnietura
1249 5261 1503 5315 deitate:
1550 5262 1722 5318 stella:

150 5342 341 5407 etiam,
392 5353 447 5396 ut
495 5361 599 5398 non
629 5348 1066 5404 contaminentur
1110 5350 1301 5409 hostiis
1336 5374 1347 5408 :
1383 5366 1440 5409 ut
1466 5357 1577 5425 jam
1612 5374 1721 5413 non

151 5433 297 5487 male
347 5436 611 5491 conﬂetur
660 5451 942 5511 argentum
997 5462 1009 5498 :
1061 5460 1274 5515 aurum,
1312 5460 1369 5504 ut
1416 5468 1523 5508 non
1571 5455 1720 5511 coin-

224 5548 271 5581 "
308 5547 461 5605 Joan.
498 5567 630 5618 xvu,
661 5554 713 5608 ὃ.
790 5556 879 5611 "l
912 5558 1051 5615 Tim.
1076 5576 1150 5630 Vl,
1184 5563 1272 5620 l6.

149 5664 467 5805 “salutis.
496 5666 764 5727 Canﬂetur
788 5687 1079 5747 argentum,
1106 5696 1315 5753 aurum,
1354 5698 1407 5742 ut
1439 5706 1542 5747 non
1568 5695 1716 5751 coin.

1838 3345 1948 3385 non
2004 3333 2192 3398 tacuit,
2241 3332 2335 3387 sed
2383 3333 2699 3404 frequenter
2755 3337 2857 3402 ait,
2913 3337 3067 3393 Erat.
3098 3340 3237 3408 Quid
3279 3346 3425 3400 enim

1838 3419 1982 3474 aliud
2035 3432 2091 3475 et
2144 3420 2367 3477 deberet
2419 3423 2569 3477 dici?
2616 3423 2823 3480 Domus
2884 3426 3015 3481 Dei?
3060 3431 3427 3501 quodcunque

1837 3508 2136 3565 dixerimus
2169 3521 2274 3578 est,
2303 3513 2445 3579 quod
2480 3528 2587 3568 non
2624 3515 2689 3569 de
2719 3515 2859 3572 Filio
2882 3528 2964 3572 est
2994 3536 3008 3572 :
3036 3520 3271 3575 alienum
3306 3523 3422 3594 (85)

1837 3615 1868 3653 a
1898 3603 1986 3656 die
2012 3612 2112 3657 est.
2166 3604 2404 3672 Spiritus
2450 3606 2502 3660 in
2554 3609 2733 3664 medio
2778 3621 3024 3665 nostrum
3056 3622 3139 3667 est
3174 3631 3190 3667 :
3236 3616 3280 3669 si
3314 3632 3423 3671 non

1836 3693 2103 3760 spiritalia
2127 3695 2290 3749 locuti
2326 3697 2612 3762 fuerimus,
2650 3702 3046 3759 contristamus
3087 3706 3336 3775 spiritum
3366 3710 3422 3764 itt

1835 3801 1941 3854 quo
1994 3787 2190 3855 signati
2242 3806 2452 3845 sumus.
2513 3791 2697 3848 Gloria
2757 3794 2875 3859 Dei,
2914 3798 3116 3853 veritas
3158 3801 3278 3865 Dei,
3313 3816 3420 3856 non

1834 3881 2029 3946 quaerit
2057 3894 2085 3931 a
2129 3890 2180 3934 te
2212 3881 2417 3949 laudes,
2448 3886 2544 3939 sed
2576 3902 2674 3940 nec
2701 3887 2769 3940 ah
2792 3889 3021 3959 angelis.
3063 3890 3179 3944 Non
3209 3893 3329 3949 dico
3362 3906 3422 3949 ut

1833 3985 1862 4021 a
1901 3980 1971 4033 te,
2005 3972 2097 4025 sed
2125 3974 2321 4041 quaerit
2360 3991 2389 4028 a
2442 3984 2497 4031 te
2544 3990 2602 4030 ut
2652 3994 2921 4049 agnoscas
2954 3998 3075 4037 eum
3117 4002 3129 4038 :
3162 3988 3421 4053 prodesse

1833 4060 1978 4115 enim
2013 4062 2061 4117 ei
2095 4076 2271 4132 potes,
2307 4066 2350 4121 si
2383 4081 2508 4121 eum
2553 4074 2877 4139 aguoveris?
2928 4086 3020 4129 aut
3055 4077 3247 4134 lutnini
3286 4096 3418 4151 pro-

1831 4152 1970 4218 dest,
2002 4168 2128 4209 cun'.
2179 4158 2367 4212 vides?
2394 4169 2454 4213 ιιι
2481 4162 2725 4219 dicamus
2754 4166 2879 4235 quia
2922 4178 2971 4222 et
3005 4170 3115 4224 Deo
3157 4173 3421 4241 prodesse

1830 4255 2033 4312 potest.
2089 4248 2229 4302 Deus
2275 4250 2418 4303 enim
2452 4253 2561 4307 vult
2616 4266 2668 4310 te
2697 4271 2995 4327 agnoscere
3028 4276 3107 4317 se.
3157 4263 3415 4335 Coguitio

1830 4362 1975 4414 enim
2029 4362 2122 4417 Dei
2167 4376 2371 4420 aeterna
2412 4371 2521 4423 vita
2565 4382 2682 4439 est;
2736 4388 2840 4429 non
2882 4374 3015 4440 Deo,
3064 4379 3158 4432 sed
3207 4379 3292 4435 his
3321 4385 3415 4450 qui

1831 4466 2188 4535 cognoscunt.
2240 4458 2315 4512 lla
2345 4463 2489 4515 enim
2532 4472 2587 4518 et
2624 4465 2886 4522 Dominus
2918 4475 3257 4538 pronuntiat.
3282 4474 3414 4531 Ηωε

1758 4562 1804 4617 ι)
1833 4554 1905 4597 est
1935 4556 2114 4600 autem
2144 4549 2251 4602 vita
2280 4561 2498 4620 (eterna,
2533 4564 2589 4607 ut
2618 4570 2935 4627 cognoscant
2968 4573 3015 4614 te
3040 4564 3211 4618 solum
3238 4583 3413 4621 verum

1831 4635 2020 4699 Deum,
2056 4653 2102 4694 et
2152 4658 2305 4711 quem
2358 4647 2551 4701 misisti
2595 4648 2780 4705 Jesum
2819 4652 3088 4709 Christum
3123 4658 3191 4713 τ’.
3242 4658 3417 4714 Verus

1831 4728 1973 4785 Deus
2016 4742 2100 4786 est
2155 4734 2317 4791 Pater
2362 4737 2416 4791 in
2473 4754 2538 4794 eo
2580 4743 2725 4811 quod
2778 4760 2883 4800 non
2922 4758 3080 4803 natus
3109 4759 3212 4805 est.
3244 4750 3414 4809 Verus

1829 4818 2001 4878 Filius
2030 4834 2112 4879 est
2138 4830 2190 4880 in
2216 4844 2278 4881 eo
2306 4832 2448 4899 quod
2480 4843 2561 4888 est
2591 4836 2917 4905 unigenitus.
2956 4839 3069 4894 Non
3092 4844 3235 4897 enim
3261 4860 3415 4900 men-

1832 4914 2046 4969 dacium
2091 4922 2273 4984 genuit
2306 4937 2483 4977 verus.
2539 4922 2647 4980 Sed
2696 4943 2856 4981 verus
2908 4929 3074 4985 Pater
3110 4934 3251 4988 Deus
3302 4952 3410 4990 non

1832 5017 1992 5061 natus
2026 5027 2039 5062 :
2070 5026 2227 5065 terus
2273 5012 2413 5068 Deus
2442 5015 2612 5071 Filius
2656 5019 2990 5089 unigenitus.
3030 5022 3164 5078 Nam
3198 5037 3252 5081 et
3280 5028 3410 5084 illud

1831 5096 1972 5161 quod
2025 5098 2225 5153 dictum
2276 5113 2405 5156 est:
2447 5104 2603 5159 Solus
2656 5108 2810 5162 habet
2860 5111 3312 5169 immortalitatem
3339 5117 3405 5184 ⁷³,

1829 5202 2017 5242 verum
2050 5200 2147 5246 est.
2181 5196 2224 5245 Α
2252 5198 2545 5265 semetipso
2579 5200 2725 5254 enim
2755 5203 2903 5259 solus
2935 5206 3116 5261 habet.
3144 5208 3249 5262 Sed
3299 5210 3408 5265 sic-

1832 5294 1890 5339 ut
1938 5283 2097 5339 Pater
2134 5287 2299 5341 vitam
2353 5288 2515 5343 habet
2545 5292 2598 5345 in
2648 5296 2940 5365 semetipso
2995 5318 3006 5352 :
3046 5298 3117 5351 ita
3164 5310 3217 5354 et
3266 5300 3406 5357 Filio

1832 5377 1981 5432 dedit
2012 5379 2175 5433 vitam
2229 5380 2428 5437 habere
2481 5383 2533 5437 in
2586 5387 2900 5455 semetipso.
2934 5386 3084 5445 Unus
3117 5406 3245 5460 ergo
3297 5408 3405 5448 non

1828 5479 2013 5539 natus,
2050 5484 2105 5527 et
2154 5489 2290 5527 unus
2332 5476 2666 5544 unigenitus,
2712 5488 2767 5532 et
2814 5496 2954 5536 unus
3000 5484 3237 5553 Spiritus
3274 5501 3407 5543 san-

1897 5698 2009 5766 (86)
2051 5698 2148 5756 Ms.
2183 5702 2244 5754 L’t
2282 5722 2381 5757 non
2417 5724 2544 5761 vmte
2577 5712 2942 5768 comburatur.

1896 5772 2007 5836 (85)
2049 5773 2091 5825 Α
2118 5777 2198 5828 die
2232 5787 2324 5830 est.
2356 5776 2520 5835 Forte
2547 5798 2575 5834 a
2602 5780 2708 5834 Dea
2732 5792 2830 5837 est.
