4048 6322
691 321 831 383 I059
1388 320 1649 377 EUSEBll
1686 318 2163 377 CeESARlENSlS
2198 317 2345 376 OPP.
2387 319 2566 375 PARS
2603 319 2692 374 IV.
2733 352 2801 360 —
2840 316 3259 376 DOGMA'I'ICA.

690 450 829 497 ctus.
847 437 968 491 Haec
985 435 1116 489 dicit
1133 450 1233 488 una
1261 433 1499 487 Ecclesia
1524 451 1536 484 :
1559 433 1661 486 hoc
1685 434 2042 502 consignatur
2077 432 2130 485 in
2159 445 2266 485 uno
2292 437 2340 493 Α
2365 433 2692 488 sentiantur.
2725 431 2833 487 lsta
2859 431 3004 486 enim
3027 440 3115 483 est
3143 440 3344 485 auersa
3369 432 3503 483 vita.
3531 427 3591 482 lu
3617 429 3708 484 his
3725 431 3913 487 uiam

689 530 959 600 baptismo
987 545 1001 582 :
1029 528 1142 580 haec
1172 525 1370 592 scripta
1394 533 1520 576 sunt
1552 525 1605 577 in
1637 523 1896 592 sanguine
1927 531 2246 591 martyrum,
2356 527 2474 582 sine
2515 526 2635 588 lite,
2668 523 2785 578 sine
2810 521 3010 590 iurgio,
3049 521 3167 576 sine
3209 521 3583 576 contentione.
3623 520 3705 575 Ad
3741 536 3913 590 pacem

683 629 745 675 et
767 631 892 673 ante
930 628 1197 687 martyres
1241 616 1292 668 in
1321 614 1584 683 sanguine
1621 613 1844 667 Christi.
1883 610 1994 666 Nec
2027 627 2248 681 spernas
2352 617 2500 673 enim
2529 629 2628 670 nos
2657 615 2869 668 vocavit
2891 612 3050 668 Deus.
3089 611 3206 680 lpse
3239 613 3384 666 enim
3417 609 3680 666 Christus
3709 621 3798 666 est
3823 627 3912 680 pax

687 711 806 780 eius
863 710 1176 779 sanguinem
1201 704 1343 773 quod
1383 706 1459 757 tui
1513 713 1732 774 propter
1767 702 1969 758 ell'usus
1999 713 2080 758 est
2111 701 2243 772 (86).
2353 718 2541 765 nostra
2593 726 2607 762 :
2656 707 2712 761 In
2757 708 2872 777 ipso
2907 705 3081 760 vocati
3112 719 3320 759 sumus.
3356 703 3493 771 Quid
3525 703 3761 758 dimissa
3799 718 3914 772 pace

683 803 886 858 Eﬂudit
923 803 1064 856 enim
1094 813 1248 853 suum
1285 797 1601 867 sanguinem
1643 795 1899 849 Dominus
1927 794 2245 848 utsalvare-
2350 801 2475 856 lites
2534 797 2896 852 assumimus?
2952 797 3066 852 Non
3127 797 3324 851 audisti
3386 812 3510 852 eum
3570 795 3849 852 dicentem
3899 817 3911 850 :

683 899 787 960 ris,
820 904 876 950 et
905 905 960 947 tu
993 890 1159 945 audes
1187 906 1248 944 ea
1280 891 1458 944 delere
1495 903 1614 958 quae
1650 901 1745 955 per
1771 887 2088 956 sanguinein
2120 894 2244 940 sunt
2350 893 2539 948 Pacem
2593 907 2762 945 mecm
2809 897 2877 944 tto
2929 891 3102 956 nobis,
3154 905 3330 956 pacem
3379 905 3551 942 tum
3619 888 3914 956 dereliquit

685 985 925 1056 scripta?
956 985 1048 1038 sed
1074 983 1215 1053 quod
1247 997 1342 1052 per
1369 981 1681 1050 sanguinem
1706 979 1966 1047 scriptum
1994 988 2098 1042 est,
2131 993 2240 1032 non
2344 985 2490 1039 σοιεε
2532 984 2618 1038 τοι
2651 983 2816 1038 suam
2857 997 3044 1052 pacem
3078 984 3167 1037 dat
3198 982 3355 1037 nobis
3401 981 3694 1045 Dominus,
3727 988 3786 1034 es
3827 995 3913 1034 na

685 1078 914 1130 deletur.
944 1075 1079 1130 Vide
1106 1089 1237 1128 sane
1269 1089 1336 1128 ne
1363 1082 1420 1126 et
1459 1082 1516 1126 tu
1563 1071 1626 1125 de
1661 1058 1798 1126 libro
1839 1072 1960 1124 vitae
1987 1071 2234 1126 delearis.
2341 1074 2520 1145 iurgia
2555 1088 2586 1128 e
2630 1081 2814 1128 contra
2853 1073 3177 1129 inducimus.
3223 1071 3374 1126 Finis
3414 1081 3605 1126 autem
3653 1072 3912 1126 sermonis

686 1167 858 1220 Adora
891 1180 1056 1219 unum
1112 1179 1217 1219 non
1264 1176 1468 1226 natum,
1508 1174 1562 1217 et
1590 1179 1757 1217 unum
1792 1164 2144 1233 unigenitum,
2176 1177 2242 1217 ne
2348 1167 2452 1221 iste
2485 1167 2574 1222 sit.
2606 1165 2790 1220 Gloria
2822 1167 2912 1220 uni
2953 1181 3058 1219 non
3107 1174 3232 1219 nato
3284 1165 3389 1218 Deo
3430 1179 3529 1233 per
3572 1178 3749 1217 unum
3801 1163 3912 1216 uni-

681 1272 908 1326 spernas
938 1271 1098 1311 unum
1127 1256 1397 1324 spiritum.
1437 1257 1613 1310 Adora
1649 1255 1887 1319 Patrem,
1919 1265 1972 1309 et
2014 1256 2242 1310 saltabit
2347 1259 2583 1326 genitum
2633 1255 2800 1311 Deum
2841 1255 3035 1312 Filium
3082 1256 3174 1310 Dei
3225 1257 3276 1309 in
3309 1271 3416 1310 uno
3445 1255 3660 1326 Spiritu
3705 1266 3906 1318 sanae,

680 1358 736 1402 te
754 1346 921 1402 Filius
954 1367 967 1402 :
1001 1350 1160 1402 adora
1186 1347 1406 1410 Filium,
1429 1357 1482 1401 et
1506 1348 1763 1415 suscipiet
1785 1357 1836 1401 te
1870 1363 1965 1414 per
1987 1363 2108 1400 enm
2136 1348 2238 1402 Pa-
2343 1360 2398 1403 et
2427 1357 2642 1403 nuaeet
2673 1361 2885 1417 semper
2907 1357 2964 1402 et
2995 1363 3092 1416 per
3120 1347 3300 1403 omnia
3325 1345 3526 1402 secula
3569 1346 3904 1400 saeculorum.

681 1450 784 1492 ter.
818 1441 1085 1494 Conﬁtere
1117 1439 1398 1508 Spiritum.
1425 1449 1479 1493 et
1522 1441 1759 1508 impertit
1786 1439 1898 1508 (87)
1930 1440 2024 1494 tibi
2068 1439 2236 1494 Filius
2342 1440 2536 1496 Amen.

676 1531 960 1602 Spiritum.
1028 1531 1151 1585 liae
1212 1531 1484 1595 dicantur,
1547 1531 1660 1585 hac
1707 1532 2036 1601 cogitentur,
2110 1531 2228 1586 hcc

701 1789 3884 1821 Ἢ

1753 1985 2108 2072 LIBER
2181 1982 2826 2075 SECUNDUS.

745 2338 874 2394 Puto
897 2339 1073 2394 adhuc
1102 2353 1262 2393 aures
1293 2337 1530 2405 obstrepi
1566 2350 1713 2390 meas
1734 2349 1764 2388 a
1799 2337 2054 2390 memoria
2099 2337 2241 2390 beati
2273 2346 2315 2400 Β
2346 2333 2607 2393 Dominus
2652 2332 2880 2394 reddens
2922 2355 3139 2395 causam
3167 2341 3250 2395 sui
3281 2341 3550 2396 adventus
3578 2341 3635 2394 iu
3682 2341 3892 2408 mundo,

667 2429 821 2485 illius
857 2430 957 2481 viri
992 2428 1132 2498 (88),
1159 2429 1249 2498 qui
1271 2426 1357 2480 illa
1387 2427 1629 2495 religiosa
1663 2425 1969 2494 frequenter
1997 2441 2126 2480 usus
2153 2435 2233 2481 est
2332 2427 2460 2482 dicit
2486 2430 2608 2498 quia
2648 2430 2767 2484 ideo
2797 2441 2956 2485 natus
2981 2447 3121 2493 sum,
3167 2442 3223 2488 et
3270 2432 3392 2487 ideo
3435 2434 3559 2487 veni
3593 2434 3652 2487 in
3703 2435 3893 2489 mundo

668 2532 828 2572 voce.
854 2516 988 2570 Nam
1021 2527 1075 2570 et
1102 2530 1260 2570 aures
1282 2526 1478 2568 vestra:
1499 2515 1675 2566 adhuc
1707 2515 1904 2566 bonum
1936 2512 2049 2576 (89)
2085 2513 2229 2567 illius
2332 2522 2396 2574 ut
2418 2530 2583 2574 tester
2606 2521 2843 2586 veritati,
2871 2533 2927 2577 et
2953 2533 3008 2576 tu
3035 2524 3268 2578 abnuis3
3292 2523 3426 2578 Nam
3461 2536 3517 2579 et
3538 2525 3740 2580 Petrus
3773 2527 3890 2580 bea-

3794 320 4007 376 1M1

666 2608 818 2664 vocis
869 2609 1126 2662 retinent.
1163 2607 1299 2661 Puto
1349 2607 1491 2658 enim
1531 2619 1615 2657 me
1663 2605 1850 2657 audire
1882 2621 2000 2658 eum
2045 2605 2230 2658 dicen-

669 2709 776 2754 tem
812 2716 824 2750 :
855 2695 1163 2767 Um'gem'tits
1199 2696 1291 2749 Dei
1330 2693 1503 2747 Filius
1530 2694 1596 2748 ⁸⁸.
1624 2694 1758 2747 Ecce
1793 2694 1935 2746 enim
1962 2693 2072 2762 (90)
2103 2694 2229 2746 reli-

666 2791 812 2860 giosa
850 2804 953 2844 vox
983 2802 1078 2859 per
1101 2805 1161 2840 ns
1183 2788 1298 2855 ejus
1333 2801 1546 2855 semper
1572 2785 1936 2854 premebatur.
1971 2783 2226 2839 Memoria

662 2880 812 2934 enim
865 2888 983 2934 erat
1029 2878 1304 2952 Unigeniti
1359 2878 1428 2931 ad
1479 2876 1706 2944 gloriam
1736 2890 1842 2929 non
1888 2876 1997 2929 nati
2028 2874 2225 2930 Patris.

662 2971 979 3027 Audivimus
1028 2979 1206 3024 autem
1254 2969 1556 3040 apostolum
1604 2968 2002 3038 praecipientem
2055 2968 2226 3021 hono-

663 3063 775 3119 rari
822 3062 1023 3133 duplici
1088 3063 1294 3117 honore
1348 3060 1544 3114 debere
1598 3059 1946 3128 presbyteros
1977 3055 2019 3089 ⁸⁸
2065 3072 2081 3109 :
2135 3072 2228 3111 eos

663 3154 899 3208 maxime
927 3153 1019 3222 qui
1046 3152 1296 3205 laborant
1321 3150 1375 3202 in
1405 3149 1567 3202 verbo
1591 3156 1646 3201 et
1668 3145 1929 3200 doctrina.
1957 3143 2057 3211 Qui
2082 3145 2226 3197 enim

662 3243 978 3314 pudicitiam
1025 3243 1173 3305 colit,
1226 3243 1401 3296 bonus
1445 3249 1528 3295 est
1574 3239 1678 3294 sibi
1719 3257 1734 3293 :
1777 3247 1831 3292 et
1866 3238 1958 3306 qui
1992 3237 2225 3306 jejuuat,

660 3334 829 3388 etiam
889 3333 934 3387 si
987 3333 1186 3388 bonum
1240 3331 1404 3387 faciat
1448 3344 1602 3399 opus,
1640 3339 1820 3385 tamen
1854 3331 2000 3384 sibi:
2045 3339 2100 3384 et
2134 3330 2227 3399 qui

661 3426 970 3492 miseretur,
1006 3433 1061 3479 et
1109 3422 1214 3478 sibi
1252 3423 1681 3478 misericordiam
1726 3431 1905 3492 parat,
1942 3430 1999 3476 et
2041 3421 2090 3476 ei
2136 3421 2224 3476 cui

657 3544 886 3613 praebet.
918 3540 1020 3609 Qui
1050 3549 1229 3596 autem
1263 3539 1580 3610 religionem
1608 3536 1905 3594 secundum
1941 3538 2219 3592 veritatem

657 3634 833 3697 docet,
857 3642 916 3686 et
959 3631 1060 3686 sibi
1092 3633 1232 3684 viam
1281 3639 1541 3684 cternam
1572 3628 1826 3698 acquirit,
1873 3637 1929 3682 et
1969 3627 2220 3682 omnibus

656 3727 747 3795 qui
773 3727 1054 3779 docentur.
1085 3721 1204 3776 Non
1238 3732 1322 3776 est
1353 3731 1682 3790 praeceptum
1709 3720 1967 3789 apostolis
1996 3731 2055 3774 ut
2087 3735 2217 3788 pau-
2241 3737 2283 3795 ρ

656 3831 815 3887 peres
859 3823 1164 3884 pascerent,
1199 3814 1292 3868 sed
1325 3822 1382 3867 ut
1428 3822 1481 3866 et
1526 3811 1627 3880 ipsi
1669 3819 2043 3880 pascerentur.
2072 3810 2218 3864 Reli-

654 3909 830 3979 gionis
855 3924 982 3979 ergo
1011 3907 1322 3976 praedicatio
1357 3906 1526 3974 major
1548 3916 1631 3960 est
1655 3919 1681 3957 a
1706 3905 2072 3960 misericordia
2096 3904 2217 3974 Quae

655 4001 715 4057 ﬁt
759 4001 825 4056 ad
871 4001 1116 4055 homines
1150 4020 1162 4053 :
1191 4006 1403 4068 oportet
1450 3997 1592 4051 enim
1644 3997 1874 4066 primum
1911 4011 2070 4050 nosse
2093 4011 2214 4050 eum

652 4103 877 4163 propter
911 4106 1073 4160 quem
1114 4090 1246 4144 ﬁunt
1275 4105 1336 4142 ea
1369 4103 1487 4157 qua:
1517 4087 1675 4151 ﬁunt,
1706 4096 1760 4142 et
1794 4088 1865 4140 ita
1905 4087 2081 4141 facere
2113 4088 2216 4140 mi-

651 4181 1004 4236 sericordiam
1033 4193 1049 4231 :
1101 4178 1468 4247 unusquisque
1497 4178 1640 4230 enim
1668 4176 1760 4246 qui
1805 4186 2080 4244 operatur,
2110 4175 2213 4231 sibi

651 4273 885 4343 acquirit
917 4286 1049 4340 Opus
1081 4287 1094 4323 :
1129 4269 1443 4337 praedicatio
1466 4277 1645 4320 autem
1689 4267 1933 4320 veritatis
1964 4265 2079 4321 hac
2106 4275 2209 4331 est,

649 4373 871 4434 prepter
906 4377 1065 4431 quam
1097 4373 1151 4415 et
1183 4360 1348 4414 Filius
1381 4359 1526 4412 venit
1562 4359 1616 4411 in
1650 4372 1896 4426 corpore.
1933 4355 2048 4412 Non
2077 4357 2213 4412 dixit

651 4453 936 4515 Dominus,
963 4450 1110 4506 Beati
1140 4448 1281 4504 oculi
1309 4461 1496 4500 eorum
1546 4445 1637 4515 qui
1687 4443 1955 4512 jejuuant,
2002 4443 2095 4499 sed
2132 4443 2212 4497 vi-

649 4545 913 4607 dentium,
935 4542 1131 4611 inquit,
1159 4555 1221 4594 ea
1251 4553 1371 4608 qua:
1395 4539 1586 4592 videtis
1603 4537 1668 4590 ⁸⁸.
1695 4536 1798 4591 Sed
1821 4552 1923 4590 non
1945 4551 2045 4606 ego
2071 4549 2211 4590 nunc

646 4636 817 4691 bonos
849 4645 1001 4688 actus
1043 4647 1240 4686 accuso
1270 4651 1284 4685 :
1326 4630 1420 4684 sed
1448 4629 1587 4684 sicut
1609 4629 1761 4684 stella
1797 4630 1966 4684 stellae
1995 4626 2209 4696 prml‘ert

647 4727 840 4797 gloria,
882 4726 955 4779 ita
993 4735 1047 4779 et
1077 4733 1229 4778 actus
1262 4721 1374 4794 (9i)
1422 4722 1632 4775 actibus
1680 4717 1934 4774 dillerunt
1984 4720 2203 4773 honore.

647 4820 927 4873 Summum
983 4815 1125 4869 enim
1167 4823 1223 4866 et
1257 4811 1604 4882 praecipuum,
1644 4818 1698 4864 et
1735 4811 1965 4879 primum
2019 4809 2208 4862 funda-

645 4916 885 4964 mentum
918 4915 972 4960 et
1019 4906 1165 4958 radis
1203 4902 1443 4957 omnium
1467 4917 1689 4970 operum
1716 4917 1834 4970 qme
1867 4903 2021 4964 liuut,
2071 4901 2205 4954 lides

643 5008 729 5055 est
752 5013 897 5053 vera.
922 4997 1058 5050 Dicit
1081 4996 1225 5050 enim
1256 4993 1512 5048 Dominus
1533 5007 1548 5045 :
1569 4990 1680 5061 Ego
1699 5003 1912 5061 prapter
1939 4992 2033 5046 hoc
2063 4993 2198 5056 veni,

2331 2617 2436 2672 tus,
2467 2611 2658 2666 beatus
2700 2613 2900 2668 dicitur
2932 2613 3001 2679 “,
3031 2629 3136 2668 non
3183 2616 3253 2670 ob
3275 2614 3560 2683 jejunium,
3611 2633 3796 2686 neque
3830 2618 3891 2672 ob

2328 2701 2471 2757 aliud
2524 2703 2742 2773 aliquod
2794 2720 2952 2775 opus,
2987 2707 3080 2761 sed
3136 2707 3260 2777 quia
3308 2706 3471 2763 Pater
3520 2708 3573 2762 ei
3636 2711 3893 2766 revetavit

2326 2791 2545 2847 Filium.
2581 2794 2647 2848 Et
2690 2796 2885 2850 iterum
2935 2797 3094 2854 Pater
3125 2799 3325 2868 ubique
3357 2799 3423 2854 de
3463 2798 3606 2854 Filio
3641 2811 3888 2855 testatur.

2325 2881 2456 2938 Nam
2502 2895 2557 2940 et
2609 2887 2663 2939 in
2714 2887 2980 2955 baptismo
3037 2886 3281 2955 Joannis,
3336 2892 3478 2943 etin
3535 2899 3726 2944 monte
3760 2890 3890 2944 nihil

2324 2977 2467 3030 aliud
2495 2978 2865 3046 proclamavit,
2893 2979 2995 3033 nisi
3019 2993 3033 3031 :
3055 2976 3154 3032 Hic
3184 2987 3262 3033 est
3291 2978 3462 3032 Filius
3488 2994 3636 3033 uteats
3669 2981 3893 3035 dilectis-

2325 3070 2510 3133 simus,
2537 3071 2593 3122 in
2628 3086 2730 3138 quo
2766 3071 2890 3124 bene
2916 3071 3202 3138 complacui
3224 3069 3291 3126 ⁸⁸.
3326 3068 3588 3125 Similiter
3615 3081 3675 3128 et
3697 3071 3892 3126 Paulus

2327 3163 2450 3214 dum
2490 3161 2708 3215 doceret
2749 3161 3012 3216 dicebat:
3059 3158 3479 3216 Fundamentum
3521 3165 3676 3219 aliud
3703 3177 3892 3234 preter

2323 3268 2440 3306 eum
2460 3252 2550 3322 qui
2581 3259 2657 3304 est
2677 3253 2878 3319 positus
2914 3269 3062 3306 uento
3104 3263 3267 3319 potest
3307 3269 3516 3321 ponere,
3543 3266 3742 3324 prater
3768 3272 3888 3314 eum

2320 3342 2410 3410 qui
2460 3351 2532 3395 est
2580 3339 2815 3394 Christus
2863 3340 3021 3397 Iesus
3042 3342 3110 3396 ".
3168 3341 3227 3396 Si
3275 3344 3440 3413 igitur
3475 3345 3888 3400 fundamentum

2321 3431 2483 3487 fuerit
2508 3432 2736 3499 salvum,
2779 3444 2961 3501 sperat
3006 3434 3292 3489 edint-aiio
3333 3437 3470 3489 bene
3527 3437 3803 3506 proﬁcere
3834 3450 3888 3492 se

2319 3539 2480 3594 posse
2506 3542 2520 3579 :
2556 3526 2601 3580 si
2630 3525 2780 3580 radix
2810 3524 2973 3581 fuerit
3000 3541 3154 3591 sana,
3194 3541 3320 3597 spes
3342 3537 3430 3581 est
3460 3527 3676 3583 fructus
3699 3543 3766 3582 ex
3811 3542 3888 3582 ra-

2320 3617 2423 3671 mis
2455 3618 2717 3685 acoipere.
2750 3619 2805 3672 Si
2832 3629 3011 3674 autem
3042 3618 3430 3674 inﬁrmefnerit
3451 3617 3886 3684 fundamentum,

2320 3708 2371 3761 in
2422 3708 2662 3777 periculo
2710 3720 2835 3764 sunt
2890 3723 2952 3765 ea
2999 3724 3118 3780 quae
3172 3719 3626 3781 superponuntur.
3680 3713 3887 3765 Aurum

2316 3802 2458 3855 enim
2510 3800 2655 3870 quod
2689 3815 2851 3870 super
2902 3800 3328 3865 fundamentum,
3371 3813 3427 3856 et
3476 3812 3796 3872 argentum,
3837 3815 3888 3857 et

2315 3898 2644 3966 margaritae,
2698 3907 2754 3953 et
2797 3899 3001 3969 lapides
3045 3902 3290 3970 pretiosi,
3346 3913 3399 3956 et
3446 3901 3653 3966 fenum,
3701 3914 3758 3959 et
3795 3908 3888 3960 sti-

2314 3989 2474 4058 pulte,
2507 4001 2561 4045 et
2592 3990 2734 4061 ligna
2781 4003 3053 4062 ponuntur
3090 4009 3104 4046 :
3148 3994 3282 4049 nihil
3315 3994 3460 4049 aliud
3504 3995 3784 4063 signiﬁcat
3831 4000 3882 4053 in

2315 4082 2419 4137 hoc
2455 4082 2597 4147 loco,
2648 4083 2751 4138 nisi
2789 4084 3005 4153 quidem
3059 4086 3495 4155 praedicationem
3538 4103 3638 4158 per
3689 4104 3880 4144 aurum

2311 4181 2363 4228 et
2409 4184 2694 4244 argentum
2730 4185 2784 4229 et
2835 4176 3040 4246 lapides
3085 4178 3373 4248 pretiosos.
3425 4177 3500 4233 Ea
3539 4189 3728 4234 autem
3764 4197 3882 4251 qua

2310 4277 2506 4335 praeter
2532 4267 2813 4323 veritatem
2847 4278 2995 4334 sunt,
3025 4270 3132 4340 igni
3181 4280 3370 4340 utpote
3418 4271 3600 4340 digna,
3647 4268 3778 4326 leno
3830 4282 3879 4327 et

2311 4357 2522 4427 stipula:
2546 4368 2604 4414 et
2649 4360 2794 4430 ligno
2827 4362 3178 4430 comparavit.
3210 4362 3327 4415 Non
3374 4363 3519 4416 enim
3553 4363 3695 4416 dixit
3737 4365 3878 4434 Apo-

2309 4449 2514 4504 stolus:
2551 4449 2607 4504 Si
2639 4451 2760 4520 quis
2801 4466 2907 4506 non
2948 4453 3155 4508 dederit
3185 4454 3428 4524 pauperi,
3465 4455 3764 4510 anathema
3788 4458 3874 4512 sit.

2310 4541 2423 4595 Non
2461 4544 2789 4614 istadeuego
2832 4561 2848 4600 :
2887 4545 2981 4599 sed
3015 4559 3134 4613 quae
3172 4530 3344 4608 prima
3375 4555 3522 4610 sunt,
3561 4548 3783 4614 prima;
3824 4559 3874 4604 et

2307 4647 2429 4701 quae
2484 4637 2758 4699 secunda,
2809 4636 3065 4689 secunda.
3121 4633 3305 4691 Primo
3350 4639 3605 4693 condisce
3660 4649 3872 4711 propter

2306 4738 2466 4793 quem
2502 4723 2656 4791 facis,
2690 4737 2745 4780 et
2777 4727 2848 4779 ita
2887 4727 3063 4782 facito.
3093 4726 3238 4780 Multi
3269 4730 3410 4782 enim
3447 4729 3732 4785 hominum
3779 4748 3869 4801 pe—

2306 4816 2524 4869 coribus
2570 4827 2697 4870 sunt
2744 4817 2951 4873 similes
2991 4835 3004 4870 :
3054 4827 3242 4888 putant
3271 4833 3379 4872 non
3408 4832 3532 4873 esse
3563 4821 3868 4876 necessaria

2304 4922 2546 4977 quaerere
2579 4908 2645 4962 de
2678 4909 2763 4963 his
2785 4924 2906 4978 qua:
2936 4910 3209 4979 possibilia
3239 4920 3364 4964 sunt
3387 4922 3722 4980 querantur.
3756 4911 3869 4969 Sie-

2303 5007 2363 5052 nt
2383 5014 2514 5070 ergo
2538 5000 2605 5055 de
2632 5002 2717 5056 his
2742 5017 2863 5070 qum
2890 5011 3113 5070 possunt
3134 5003 3325 5073 quaeri,
3360 5003 3611 5059 inertium
3639 5015 3726 5061 est
3765 5021 3864 5061 nou

643 5102 690 5145 et
718 5099 928 5161 propter
950 5087 1047 5143 hoc
1075 5098 1227 5142 satis:
1258 5103 1398 5152 sum,
1434 5095 1491 5139 ut
1529 5095 1683 5140 tester
1725 5087 1931 5139 veritati
1961 5087 2029 5139 ⁸³.
2080 5083 2196 5156 Ipse
2226 5081 2270 5136 D
2297 5103 2572 5160 querere;
2627 5091 2704 5145 ita
2748 5090 2814 5144 de
2867 5090 2952 5145 his
2983 5104 3101 5161 quat
3146 5106 3253 5147 non
3302 5104 3524 5146 necesse
3556 5101 3640 5146 est
3678 5093 3862 5162 qwi,

692 5277 734 5310 ⁷⁹
757 5274 1050 5338 Ιοεηᾱιν,
1099 5273 1227 5342 27.,
1293 5275 1340 5307 ⁸⁸
1374 5275 1530 5331 Joau.
1576 5291 1616 5342 ι,
1675 5272 1772 5342 18;
1833 5290 1918 5338 Ill,
1965 5274 2053 5332 18.

2180 5276 2266 5330 ⁸¹Ι
2298 5276 2438 5330 Tim.
2473 5291 2528 5342 v,
2563 5276 2651 5332 l7.
2747 5277 2792 5310 "
2817 5276 2947 5334 Luc.
2983 5294 3042 5342 ι,
3075 5278 3166 5334 25.

3299 5277 3522 5335 “Joan.
3568 5294 3733 5348 xvut,
3775 5279 3858 5335 37.

641 5343 690 5378 ³⁵
719 5344 905 5400 Matth.
953 5333 1064 5410 xvi,
1104 5333 1227 5400 17.’
1266 5346 1313 5378 ⁸⁸
1340 5344 1525 5401 Matth.
1558 5333 1640 5411 Ill,
1674 5333 1771 5411 17;.
1808 5333 1942 5414 xvu,
1971 5347 2024 5401 5.
2103 5347 2151 5380 ⁸⁸
2193 5347 2214 5402 ι

2316 5364 2373 5403 ιτ.
2409 5363 2492 5413 Ill,
2516 5333 2604 5406 ll.

712 5460 822 5530 (86)
863 5461 964 5532 Tui
983 5462 1423 5532 propter.'Evexa
1442 5461 1558 5527 σοῦ,
1586 5461 1780 5516 iterum
1803 5461 1942 5516 infra
1973 5465 2072 5520 sub
2099 5464 2194 5521 lin.

641 5529 839 5604 libnvt,
867 5531 942 5604 _De
962 5529 1020 5586 eo
1047 5529 1189 5604 quod
1207 5535 1283 5587 ait
1307 5533 1468 5589 Deus.

713 5599 828 5740 (87;
867 5599 1122 5666 Impertit.
1149 5601 1311 5659 Forte
1340 5605 1612 5670 impertiet.

713 5670 805 5740 (88
867 5670 1010 5724 Beati
1033 5672 1175 5725 illius
1199 5675 1316 5730 uiri.
1352 5673 1612 5740 Pamphili

712 5670 828 5740 (88)
867 5670 1010 5724 Beati
1033 5672 1175 5725 illius
1199 5675 1316 5730 viri.
1352 5673 1636 5743 Pamphili,
1667 5687 1727 5732 ut
1754 5675 1916 5731 Henr.
1946 5676 2192 5733 Valesius

638 5752 859 5807 censet;
887 5756 984 5798 uos
1027 5744 1320 5814 Agapetum
1369 5748 1544 5816 potius
1575 5759 1826 5820 putamus
1855 5747 2071 5806 Eusebii
2097 5753 2191 5807 deo

2302 5480 2596 5530 cessorem,
2627 5466 2695 5538 de
2743 5480 2853 5538 quo
2884 5464 3086 5538 Euseb.
3144 5465 3241 5538 lib.
3264 5481 3388 5538 ivit,
3422 5464 3569 5522 Hist.
3616 5480 3736 5538 cap.
3766 5463 3854 5529 Β,

2303 5538 2368 5591 de
2404 5538 2592 5591 eodem
2628 5537 2786 5591 beam
2809 5537 2924 5591 viro
2950 5537 3090 5591 intra
3121 5537 3224 5591 col.
3257 5536 3413 5592 l063.

2369 5606 2481 5676 (89)
2521 5605 3019 5678 genuinaValqsius
3046 5606 3168 5678 legit
3199 5623 3404 5661 sonitm.

2369 5674 2481 5744 (μυ)
2523 5675 2656 5730 Ecce
2685 5677 2840 5731 enim.
2891 5674 3128 5732 Valesius
3159 5678 3288 5744 legit
3316 5679 3425 5731 hare
3451 5678 3613 5736 enim.

2369 5745 2482 5824 (9i)
2525 5747 2644 5817 Ms.,
2673 5746 2867 5806 Prwest
2895 5750 3088 5820 gloria,
3115 5749 3188 5804 ita
3211 5760 3257 5803 et
3289 5760 3462 5803 actus.
