4048 6322
138 321 284 379 1061

1009 318 1095 375 DE
1128 319 1285 376 FIDE
1317 319 1689 377 ADVERSUS
1727 316 2143 375 SABELLIUM.
2186 347 2254 359 —
2289 313 2415 370 LIB.
2459 315 2525 372 ll.

3266 314 3406 373 1063

138 439 374 493 audacia
400 445 483 493 est
506 438 805 507 quaerendi.
833 437 967 505 Qua:
989 452 1119 507 ergo
1142 439 1339 494 debent
1372 439 1580 507 quaeri?
1608 453 1725 508 qua:
1752 443 1800 500 Α
1826 446 1879 492 et
1900 451 2005 490 nos
2036 435 2087 489 in
2112 449 2249 504 pace
2273 434 2506 497 vocavit,
2545 446 2653 487 non
2685 440 2863 487 tamen
2900 432 2967 488 ad
2997 432 3146 488 litem
3178 450 3192 487 :
3225 448 3403 505 pugna

138 531 457 585 invenimus
482 530 538 585 in
572 529 868 599 Scripturis
891 530 1066 600 posita
1100 548 1114 584 :
1144 546 1264 599 qua:
1290 538 1467 585 autem
1491 531 1545 585 in
1574 529 1722 584 Scri-

137 620 323 687 pturis
369 635 476 674 non
528 620 867 687 invenimus,
916 635 1025 675 non
1075 635 1404 690 quaeramus.
1465 620 1521 674 Si
1572 621 1717 674 enim

136 724 424 783 oporteret
459 712 617 768 nobis
645 727 768 769 esse
809 714 1045 783 cognita,
1077 715 1264 783 utique
1310 714 1545 781 Spiritus
1587 728 1718 770 san-

132 815 269 862 ctus
311 806 579 876 posuisset
625 820 689 861 ea
738 807 790 860 in
827 806 1125 875 Scripturis
1161 823 1175 860 :
1207 819 1315 860 non
1346 820 1535 860 sumus
1571 805 1716 860 enim

140 900 505 967 sapientiores
551 914 582 953 a
630 900 834 969 Spiritu
881 906 1091 957 sancto.
1132 897 1193 954 Si
1242 898 1443 954 dixerit
1482 897 1716 968 Spiritus

137 1002 368 1048 sanctus
401 1009 414 1043 :
455 988 851 1045 Generationem
890 989 1005 1060 ejus
1034 990 1151 1058 quis
1181 989 1450 1043 enarrabit
1474 989 1559 1043 '7?
1604 990 1714 1045 noli

134 1097 389 1153 querere
423 1097 598 1150 neque
632 1082 699 1136 ab
748 1079 1076 1146 hominibus,
1134 1095 1309 1149 neque
1365 1081 1432 1134 ab
1483 1079 1713 1149 angelis.

134 1174 257 1229 Cur
278 1173 563 1243 abnegavit
605 1172 861 1241 Spiritus,
890 1171 1027 1226 dixit
1058 1170 1203 1226 enim
1235 1172 1360 1240 quia
1401 1171 1713 1240 generatio-

132 1280 269 1323 nem
297 1269 413 1339 ejus
452 1268 573 1336 quis
594 1263 906 1321 enarrabit?
937 1264 1028 1333 qui
1060 1272 1238 1318 autem
1263 1262 1511 1317 concedit
1538 1261 1712 1331 Spiri—

133 1371 232 1415 tus
254 1374 513 1429 qumrere,
549 1357 694 1413 Unus
724 1357 865 1412 Deus
893 1373 960 1411 ea:
982 1372 1084 1426 quo
1118 1364 1237 1409 sunt
1276 1354 1475 1419 omnia,
1496 1365 1547 1408 et
1575 1370 1711 1408 unus

133 1451 399 1505 Dominus
418 1449 570 1505 Iesus
593 1465 685 1517 per
705 1464 858 1517 quem
889 1457 1009 1501 sunt
1037 1446 1215 1500 omnia
1243 1446 1288 1477 ⁸⁸
1316 1461 1331 1498 :
1356 1443 1709 1514 quemadmo-

124 1541 268 1598 dum
298 1551 476 1596 autem
512 1542 679 1595 Filius
725 1555 788 1594 ex
821 1540 999 1601 Patre,
1025 1539 1186 1592 crede
1219 1539 1266 1591 ei
1301 1539 1392 1607 qui
1442 1536 1612 1601 novit,
1659 1537 1706 1589 ei

125 1635 229 1704 qui
260 1635 518 1688 noscitur.
554 1634 659 1687 Sed
690 1641 742 1685 tu
768 1632 989 1701 quaeris,
1014 1639 1069 1684 et
1101 1630 1223 1699 quis
1253 1641 1336 1685 est
1360 1630 1453 1699 qui
1482 1628 1710 1698 promit-

1823 541 1927 581 non
1967 525 2148 590 docet,
2196 526 2290 580 sed
2321 525 2512 580 incitat
2544 525 2718 595 magis
2770 543 2783 578 :
2816 525 2883 579 lis
2922 539 3030 579 non
3072 538 3276 589 monet,
3307 527 3402 580 sed

1819 617 2090 673 ﬂammam
2120 618 2390 673 accendit.
2422 617 2713 673 Contentin
2738 627 2918 672 autem
2942 619 3099 689 equis
3127 620 3401 682 convenit,

1819 724 1926 764 non
1959 720 2137 764 tamen
2171 709 2425 765 Ecclesia:
2451 708 2567 765 Dei.
2601 709 2702 776 Qui
2727 708 2878 763 novit
2906 725 2968 765 ea
2992 724 3114 780 quae
3144 708 3405 779 possibile

1817 810 1905 855 est
1955 800 2115 865 scire,
2159 801 2352 855 doceat
2393 815 2516 855 cum
2562 801 2828 857 modestia
2877 816 3000 857 eum
3027 800 3119 872 qui
3159 802 3399 872 ignorat,

1817 907 1925 947 non
1958 900 2135 947 tamen
2176 892 2527 947 incitamento
2574 909 2589 947 :
2632 894 3041 948 incitamentum
3074 892 3219 947 enim
3247 901 3302 947 et
3330 893 3396 947 ad

1816 996 1881 1037 ea
1916 996 2039 1051 qua:
2067 990 2253 1051 aperta
2306 990 2432 1037 sunt
2478 984 2879 1039 contentionem
2923 984 3064 1053 parit
3120 999 3271 1038 :non
3323 983 3399 1037 ita

1815 1074 2206 1145 periclitemur,
2255 1075 2350 1130 sed
2386 1083 2499 1130 tute
2531 1074 2841 1145 loquamur.
2887 1073 2944 1130 Si
2977 1075 3108 1145 quid
3132 1075 3397 1143 scriptum

1815 1181 1924 1222 non
1960 1176 2063 1231 est,
2125 1182 2191 1222 ne
2225 1169 2443 1238 quidem
2480 1167 2694 1223 dicatur
2735 1185 2751 1223 :
2798 1169 2845 1223 si
2875 1168 3002 1237 quid
3047 1177 3229 1221 autem
3260 1168 3398 1221 scri-

1813 1270 1965 1330 ptum
1996 1269 2095 1323 est,
2140 1276 2208 1314 ne
2248 1259 2512 1315 deleatur.
2554 1261 2671 1316 Non
2708 1276 2896 1316 sumus
2943 1258 3086 1314 enim
3119 1268 3395 1326 auctores,

1813 1354 1909 1407 sed
1939 1351 2206 1421 discipuli.
2249 1349 2363 1406 Non
2410 1366 2533 1423 qua:
2568 1352 2841 1417 volumus,
2888 1352 2983 1407 sed
3019 1366 3083 1407 ea
3123 1351 3397 1421 quzelegiu

1812 1458 1933 1498 mus
1972 1462 1984 1497 :
2022 1459 2126 1498 non
2158 1458 2219 1497 ea
2251 1459 2371 1513 quae
2395 1459 2462 1499 ex
2493 1447 2657 1499 corde
2687 1456 2834 1510 sunt,
2857 1445 2953 1500 sed
2981 1460 3044 1499 ea
3075 1461 3192 1515 qua:
3215 1460 3245 1499 a
3277 1446 3393 1515 spi—

1812 1535 1920 1589 ritu
1953 1535 2005 1587 in
2031 1534 2331 1605 Scripturis
2370 1537 2571 1591 sanctis
2606 1547 2733 1591 sunt
2763 1538 2956 1606 posita.
2992 1538 3124 1605 Quis
3154 1541 3296 1593 enim
3331 1554 3394 1595 es

1814 1636 1868 1680 tu
1904 1627 1995 1695 qui
2048 1628 2183 1681 dicis
2212 1637 2305 1681 aut
2338 1629 2429 1697 qui
2478 1629 2677 1683 audis?
2716 1629 2829 1683 vult
2877 1629 3073 1699 aliquis
3114 1629 3391 1685 Christum

116 1734 218 1779 tat
265 1741 325 1780 se
360 1725 552 1779 nosse?
579 1725 755 1777 omnis
802 1721 948 1778 enim
994 1723 1301 1791 quicunque
1334 1721 1605 1790 promittit
1649 1736 1707 1776 se
1738 1750 1781 1805 Β
1813 1718 2114 1783 honorare;
2166 1727 2223 1773 ut
2267 1720 2379 1772 vult
2440 1721 2554 1788 ipse
2586 1720 2856 1784 Christus,
2899 1736 3003 1776 non
3048 1730 3226 1776 tamen
3250 1733 3309 1777 ut
3332 1733 3390 1778 tu

124 1833 316 1881 nosse,
374 1820 603 1871 mendax
642 1825 743 1870 est.
802 1813 1177 1869 Pronuntiavit
1224 1814 1368 1869 enim
1424 1812 1699 1880 Dominus,

123 1908 281 1979 quod
339 1908 515 1962 nullus
573 1908 716 1962 norit
776 1907 879 1962 nisi
942 1908 1093 1962 solus
1144 1907 1305 1962 Pater
1361 1905 1597 1973 Filium,
1648 1917 1703 1961 et

120 2001 304 2057 Filius
344 2000 580 2055 Patrem.
631 2000 736 2054 Sed
765 2000 895 2054 dicit
926 2000 1145 2067 quidam
1181 2018 1195 2053 :
1232 2000 1547 2067 lgnoramus
1570 2012 1702 2068 ergo

120 2094 261 2164 quia
291 2102 374 2147 est
407 2092 567 2158 Deus,
601 2098 654 2145 et
698 2092 823 2161 quia
871 2106 975 2147 non
1011 2104 1172 2145 natus
1201 2101 1302 2157 est,
1338 2102 1393 2146 et
1431 2093 1704 2146 nescimus

119 2186 261 2255 quia
309 2196 365 2239 et
396 2185 563 2238 Filius
593 2196 648 2239 et
687 2184 990 2253 unigenitus
1025 2193 1109 2238 est
1162 2182 1369 2239 Filius?
1424 2185 1703 2251 Quomodo

116 2289 309 2333 autem
347 2279 616 2332 nescimus
665 2278 787 2346 quia
833 2286 988 2331 natus
1032 2277 1153 2330 est?
1210 2277 1333 2345 quia
1374 2286 1552 2331 autem
1595 2286 1700 2340 est,

115 2369 311 2424 omnis
332 2368 526 2423 clamat
545 2367 823 2437 Scriptura
856 2386 868 2421 :
898 2368 1350 2437 quemadmodum
1391 2376 1569 2421 autem
1595 2378 1700 2431 est,

116 2468 180 2512 et
214 2468 472 2528 quantum
506 2467 606 2522 est,
631 2458 772 2511 nulla
812 2458 954 2512 valet
992 2469 1180 2512 natura
1213 2458 1414 2521 dicere,
1442 2471 1611 2527 neque
1634 2457 1702 2510 de

117 2547 313 2611 Patre,
347 2563 518 2616 neque
557 2549 621 2601 de
643 2546 795 2601 Filio.
832 2546 933 2614 Qui
956 2547 1099 2601 enim
1134 2546 1269 2601 dixit
1298 2565 1310 2599 :
1354 2544 1523 2599 Nemo
1560 2545 1702 2599 novit

119 2638 371 2701 Patrem,
400 2639 501 2691 nisi
540 2637 712 2691 Filius
734 2639 796 2697 ⁸⁸.
828 2641 940 2707 ipse
973 2639 1107 2693 dixit
1137 2638 1260 2705 quia
1294 2645 1343 2690 et
1375 2635 1575 2689 Filium
1611 2654 1700 2688 ne-

112 2747 212 2784 mo
238 2731 399 2793 novit,
426 2730 526 2783 nisi
552 2730 713 2783 Pater
733 2730 798 2781 ’°.
830 2730 1287 2795 Quemadmodum
1316 2729 1457 2782 enim
1485 2729 1702 2796 capiunt

115 2836 189 2876 ea
217 2838 335 2891 quae
364 2837 458 2890 per
488 2822 679 2875 Filium
712 2821 849 2875 facta
881 2831 1025 2885 sunt,
1060 2835 1219 2874 nosse
1254 2836 1375 2874 eum
1414 2834 1506 2887 per
1539 2834 1696 2887 quem

115 2927 182 2970 et
210 2915 351 2970 facta
385 2915 548 2969 sunt?
594 2914 650 2969 Si
694 2915 857 2980 igitur
884 2914 1170 2983 imaginem
1214 2928 1319 2967 non
1354 2913 1464 2966 nati
1505 2920 1699 2965 natura

118 3021 239 3062 non
278 3006 517 3074 pervenit
551 3020 728 3071 nosse,
758 3006 1204 3073 quemadmodum
1242 3004 1413 3072 ipsum
1438 3003 1699 3071 principa-

1808 1810 1908 1865 vis.
1943 1809 1999 1864 Si
2027 1822 2205 1865 autem
2246 1820 2439 1880 prazter
2462 1812 2514 1865 id
2553 1812 2692 1881 quod
2730 1812 2843 1865 vult
2881 1812 3254 1878 honoraveris,
3290 1814 3389 1868 ho-

1805 1915 1907 1955 nor
1930 1911 2053 1955 tuus
2082 1902 2148 1955 ad
2172 1902 2559 1957 contumeliam
2595 1912 2962 1958 convertetur.
3004 1903 3061 1958 Si
3094 1904 3389 1961 intereme-

1808 1994 1881 2047 πίε
1910 1992 2025 2061 ejus
2053 1992 2293 2058 Patrem,
2326 2010 2434 2049 non
2468 1994 2747 2048 honorasti
2772 1994 3103 2063 progeniem.
3136 1994 3195 2049 Si
3222 1994 3391 2049 inter-

1800 2087 2001 2141 emeris
2039 2085 2261 2149 Filium,
2305 2102 2413 2141 non
2455 2085 2710 2140 dimisisti
2747 2084 2966 2139 Patrem
3013 2085 3067 2139 in
3099 2086 3386 2140 honorem.

1807 2176 1862 2230 Si
1899 2176 2039 2230 enim
2087 2190 2191 2230 non
2228 2175 2429 2230 dixeris
2472 2185 2677 2243 patrem
2715 2174 2952 2239 Patrem,
2987 2184 3041 2230 et
3073 2174 3265 2229 Filium
3296 2173 3391 2230 Fio

1804 2270 1953 2334 lium,
2013 2284 2189 2339 neque
2242 2267 2660 2345 Patrem‘neqne
2720 2268 2914 2323 Filium
2953 2268 3250 2323 contiteris.
3283 2266 3387 2334 Qui

1801 2360 1945 2415 enim
1981 2360 2093 2415 haec
2126 2360 2280 2426 dicit,
2314 2361 2435 2415 sine
2486 2358 2599 2413 Deo
2654 2368 2755 2415 est.
2792 2359 2849 2414 Si
2877 2358 3023 2414 enim
3080 2359 3243 2413 Pater
3276 2373 3387 2413 non

1803 2462 1888 2507 est
1912 2453 2072 2507 Pater
2099 2492 2114 2516 ,
2174 2452 2287 2523 ipse
2326 2453 2467 2507 enim
2503 2453 2668 2507 Filius
2711 2461 2769 2506 ut
2815 2454 2924 2517 ais;
2975 2452 3173 2507 iterum
3217 2450 3387 2506 Filius

1802 2558 1907 2597 non
1945 2552 2028 2597 est
2051 2544 2237 2609 Filius,
2275 2545 2389 2613 ipse
2437 2543 2580 2599 enim
2613 2554 2667 2597 et
2700 2543 2863 2598 Pater
2894 2542 3055 2598 Pater
3084 2553 3168 2597 est
3208 2554 3266 2596 ut
3298 2541 3385 2596 di-

1800 2636 1880 2690 cis
1912 2635 2047 2707 (94).
2092 2634 2352 2704 Sequitur
2376 2636 2694 2704 periculum,
2727 2646 2784 2690 ut
2821 2651 2995 2705 neque
3026 2635 3189 2689 Pater
3223 2634 3387 2689 Pater

1802 2726 1893 2792 sit,
1940 2742 2114 2794 neque
2145 2726 2313 2781 Filius
2366 2725 2559 2792 Filius,
2617 2735 2670 2779 et
2721 2727 2849 2796 quid
2892 2724 3240 2780 tenebimus?
3279 2724 3386 2779 Sed

1800 2818 1963 2873 Pater
1988 2817 2147 2872 Pater
2167 2832 2295 2871 vere
2322 2826 2426 2879 est,
2463 2832 2566 2871 non
2603 2832 2769 2870 vacua
2801 2832 2902 2871 vox
2933 2815 3026 2869 sed
3062 2825 3253 2869 natura
3287 2830 3385 2869 ve—

1798 2909 1995 2963 ritatis.
2032 2907 2151 2961 Non
2188 2923 2359 2962 vanus
2390 2922 2592 2969 sermo,
2616 2908 2712 2961 sed
2742 2922 2903 2961 verus
2947 2905 3111 2961 Deus.
3144 2906 3260 2961 Non
3291 2908 3387 2980 qui

1801 2999 2021 3062 dicitur,
2053 2998 2146 3051 sed
2171 2998 2218 3052 is
2251 2999 2343 3066 qui
2367 3007 2450 3051 est
2478 3014 2493 3051 :
2527 3012 2632 3051 non
2656 3011 2722 3050 ex
2759 2997 2845 3052 his
2872 3012 2993 3066 qua:
3025 2998 3255 3051 dicimus
3287 2997 3388 3052 tin-

116 3098 234 3153 lem
267 3098 377 3169 (92)
407 3099 867 3168 comprehendere
901 3097 1022 3165 quis
1054 3106 1232 3166 potest
1261 3107 1319 3150 ut
1345 3096 1525 3149 norit?
1561 3093 1699 3149 Sunt
1725 3091 1771 3155 C
1801 3089 1963 3157 gitur.
2016 3088 2108 3142 sed
2148 3088 2293 3157 quod
2321 3095 2405 3141 est
2432 3088 2767 3158 agnoscitur.
2818 3086 2977 3141 Pater
3020 3088 3164 3141 enim
3207 3101 3387 3159 neque

117 3192 314 3262 itaque
349 3191 593 3261 quadam
630 3189 786 3243 nobis
816 3188 1062 3253 dicenda,
1097 3196 1221 3241 sunt
1267 3197 1322 3241 et
1345 3187 1587 3257 quaedam
1627 3184 1702 3239 si-

115 3285 293 3342 lentio
321 3284 563 3341 colenda.
605 3283 743 3337 Sunt
780 3281 1023 3350 quaedam
1056 3280 1109 3333 in
1146 3281 1382 3348 cogitatu
1412 3278 1697 3343 movenda,

115 3385 254 3434 sunt
290 3375 531 3444 quadam
553 3382 607 3428 et
631 3374 976 3428 veneratione
1010 3387 1113 3426 non
1146 3372 1429 3427 movenda.
1469 3369 1605 3425 Sunt
1630 3370 1699 3424 de

112 3467 318 3537 quibus
361 3466 614 3521 convenit
660 3463 773 3533 sapi
817 3483 830 3517 :
876 3474 999 3518 sunt
1046 3472 1101 3516 et
1146 3464 1211 3517 de
1254 3463 1449 3531 quibus
1487 3472 1699 3533 oportet

113 3558 331 3628 paveri.
355 3555 495 3611 Sunt
531 3571 650 3626 qua:
672 3565 897 3623 possunt
934 3554 1114 3622 lingua
1141 3554 1489 3623 interpretari
1523 3574 1535 3607 :
1572 3564 1698 3608 sunt

114 3662 177 3703 et
218 3662 333 3716 qua:
360 3657 585 3717 possunt
621 3646 1098 3716 religiose-taceri.
1140 3645 1312 3698 Dicito
1350 3659 1506 3709 sane,
1546 3645 1696 3700 Unus

116 3740 269 3796 Dous
295 3755 321 3789 a
351 3754 458 3808 quo
506 3748 631 3794 sunt
662 3738 860 3799 omnia,
892 3748 945 3790 et
990 3737 1163 3789 nullus
1190 3738 1384 3806 poterit
1408 3736 1696 3805 reprehen-

115 3834 272 3888 dere.
302 3830 357 3885 Si
385 3841 561 3884 autem
583 3838 636 3883 et
660 3828 1060 3897 reprehenderit
1083 3829 1221 3895 quis,
1252 3844 1354 3881 non
1384 3839 1432 3881 te
1456 3828 1544 3881 sed
1571 3842 1693 3881 eum

114 3922 219 3994 qui
245 3922 481 3990 scripsit.
516 3919 573 3975 Si
613 3931 791 3974 autem
822 3932 874 3974 et
914 3920 1135 3973 Paulum
1161 3919 1250 3988 qui
1286 3919 1503 3986 scripsit
1533 3917 1694 3969 audet

114 4015 249 4085 quis
274 4014 688 4083 reprehendere,
719 4029 824 4066 non
856 4012 1099 4076 Paulum,
1132 4012 1226 4066 sed
1264 4027 1385 4065 cum
1418 4012 1508 4078 qui
1546 4024 1691 4063 sem-

113 4118 222 4173 per
256 4104 307 4157 in
338 4116 461 4157 eum
503 4100 615 4171 (95)
653 4105 860 4156 locutus
905 4113 989 4157 est
1025 4101 1275 4155 Christus
1322 4099 1687 4168 reprehendit.

116 4195 181 4249 Si
208 4203 386 4246 autem
410 4190 607 4246 Christi
638 4193 800 4246 verba
834 4193 1226 4261 reprehendere
1252 4187 1373 4257 quis
1395 4188 1557 4241 luerit
1594 4204 1691 4239 au-

115 4301 238 4350 sus,
266 4285 381 4355 ipse
406 4285 541 4337 dixit
568 4284 817 4339 Christus
866 4302 879 4336 :
914 4283 1043 4348 Quae
1092 4299 1182 4351 ego
1218 4282 1405 4351 loquor
1437 4297 1540 4333 non
1567 4286 1688 4331 sunt

110 4394 256 4443 mea,
298 4378 387 4430 sed
411 4375 573 4430 Pater
603 4377 689 4447 qui
712 4378 849 4430 misit
884 4391 985 4441 me,
1014 4376 1122 4443 ipse
1152 4375 1383 4444 loquitur
1409 4390 1501 4441 per
1524 4390 1600 4426 me
1620 4372 1685 4423 9‘.

116 4468 333 4525 Etenim
371 4481 544 4535 neque
583 4467 808 4536 gentiles
842 4481 1047 4530 sumus,
1091 4480 1264 4535 neque
1287 4463 1480 4529 Judaei,
1517 4478 1689 4531 neque

118 4561 385 4617 haeretici.
425 4559 665 4615 Gentiles
695 4560 836 4615 enim
870 4574 973 4613 non
1014 4574 1219 4627 sumus,
1260 4559 1388 4627 quia
1422 4572 1525 4612 non
1557 4557 1691 4611 dici-

118 4668 241 4707 mus
266 4652 415 4707 deos.
443 4650 609 4706 Juin
635 4666 739 4705 non
764 4666 971 4715 sumus,
995 4650 1118 4718 quia
1145 4661 1199 4703 et
1219 4650 1493 4705 Christum
1520 4650 1686 4704 Deum

118 4740 458 4797 confitemur.
512 4737 761 4794 Haeretici
795 4749 975 4793 autem
1007 4740 1127 4793 ideo
1168 4755 1272 4793 non
1317 4753 1526 4803 sumus,
1563 4741 1687 4808 quia

114 4830 445 4886 conﬁtemur
474 4829 633 4883 istum
674 4843 793 4884 esse
821 4829 911 4898 qui
956 4828 1123 4893 venit,
1155 4843 1314 4896 quem
1349 4828 1687 4897 praeveniens

123 4922 288 4976 Vetus
318 4919 721 4975 Testamentum
763 4934 858 4990 per
888 4923 1176 4989 prophetas
1220 4920 1531 4988 praedicavit
1562 4933 1689 4971 ven—

120 5020 322 5066 turum.
365 5009 422 5065 Si
456 5010 577 5078 quis
605 5010 746 5064 enim
782 5008 1015 5064 noluerit
1054 5010 1222 5074 litem,
1276 5023 1409 5077 opus
1445 5024 1547 5063 non
1589 5014 1687 5063 ha-

119 5104 233 5159 bet.
277 5101 644 5173 Estquredam
702 5102 963 5158 dubitatio
1022 5103 1162 5157 inter
1214 5101 1409 5157 fratres
1456 5120 1470 5157 :
1515 5103 1691 5173 primo

119 5210 245 5251 cum
281 5194 545 5249 charitate
576 5204 871 5264 quaratur,
897 5203 958 5247 ut
981 5194 1121 5248 inter
1154 5193 1368 5249 fratres.
1400 5192 1515 5248 Non
1545 5195 1688 5249 enim

120 5285 477 5343 dissensionis
521 5296 605 5341 est
641 5286 781 5342 Deus
824 5296 920 5341 aut
969 5287 1084 5354 iraa,
1120 5288 1210 5341 sed
1254 5287 1402 5356 pacis
1432 5288 1478 5319 "
1514 5305 1527 5341 :
1561 5286 1690 5357 quia

1800 3202 1865 3241 ex
1895 3186 2021 3250 alio,
2046 3201 2221 3256 neque
2247 3200 2340 3255 per
2382 3185 2566 3252 alium,
2600 3201 2775 3255 neque
2812 3185 2979 3249 aliud,
3013 3188 3105 3241 sed
3151 3187 3271 3257 ipse
3298 3194 3387 3241 est

1800 3280 2017 3347 quiest.
2057 3278 2221 3334 Forte
2251 3280 2397 3335 enim
2446 3290 2501 3335 et
2526 3296 2594 3335 ex
2631 3279 2923 3349 semetipso
2955 3288 3009 3333 et
3049 3293 3145 3349 per
3177 3288 3385 3333 semet-

1800 3372 1973 3441 ipsum
1997 3391 2011 3440 ;
2038 3373 2193 3429 nobis
2221 3373 2620 3444 quodammodo
2652 3373 2985 3430 conveniens
3010 3381 3094 3427 est
3122 3386 3303 3428 sermo
3325 3381 3385 3427 ut

1800 3463 2032 3519 dicatur.
2074 3462 2313 3519 Necdum
2372 3474 2551 3519 tamen
2595 3464 2687 3518 illa
2734 3464 3125 3533 interpretatur
3165 3474 3380 3533 natura.

1799 3551 1907 3607 Nos
1926 3554 2071 3607 enim
2095 3562 2152 3607 ut
2178 3569 2283 3607 non
2317 3564 2590 3609 taceamus
2613 3554 2733 3609 ideo
2759 3554 3009 3608 dicimus.
3038 3532 3182 3620 Quid
3198 3564 3381 3609 autem

1797 3652 1880 3697 est
1908 3642 2050 3697 Deus
2087 3656 2195 3695 non
2230 3644 2651 3712 interpretamur
2679 3660 2693 3696 :
2729 3641 2858 3710 quid
2886 3640 3031 3695 enim
3077 3642 3268 3694 horum
3300 3642 3383 3692 in-

1801 3736 2119 3801 terpretatio
2152 3742 2236 3787 est
2270 3732 2388 3797 Dei,
2425 3734 2542 3788 sine
2575 3732 2751 3797 initio,
2794 3745 2900 3785 non
2938 3740 3118 3793 natus,
3156 3732 3382 3783 immor-

1800 3826 1943 3892 talis,
1979 3828 2344 3894 incorruptus,
2375 3824 2752 3888 immntabilis,
2786 3823 3099 3885 immobilis,
3132 3824 3378 3875 inacces-

1796 3918 1990 3981 sibilis,
2024 3916 2426 3981 inenarrabilis,
2477 3914 3082 3985 incomprehensibilis?
3118 3913 3221 3966 Per
3263 3912 3381 3966 haec

1796 4025 1924 4080 ergo
1952 4011 2131 4064 omnia
2186 4025 2292 4064 non
2322 4020 2403 4064 est
2431 4009 2636 4063 dictum
2686 4009 2814 4076 quid
2851 4017 2953 4071 est,
2982 4008 3074 4060 sed
3102 4004 3230 4073 quiti
3270 4018 3377 4057 nou

1794 4112 1879 4157 est
1921 4119 1938 4157 :
1978 4103 2125 4157 velut
2175 4102 2220 4157 si
2244 4104 2368 4171 quis
2398 4100 2749 4170 interpretari
2783 4115 2890 4154 non
2926 4097 3196 4153 suﬂiciens
3231 4096 3377 4167 quqd

1793 4202 1879 4248 est
1920 4193 2121 4259 lumen,
2172 4192 2319 4246 dicat
2347 4193 2490 4259 quod
2522 4206 2626 4245 non
2663 4200 2746 4244 est
2781 4190 3149 4243 tenebrosum.
3187 4186 3377 4239 Dicere

1793 4297 1972 4340 autem
2000 4285 2140 4355 quod
2167 4286 2506 4338 tenebrosum
2540 4290 2766 4347 nonest,
2806 4295 2910 4333 non
2945 4278 3119 4332 solum
3152 4290 3254 4329 non
3279 4289 3376 4328 ex-

1776 4364 1972 4433 hibuit
1995 4388 2245 4431 naturam
2279 4374 2520 4438 luminis,
2555 4376 2647 4428 sed
2678 4382 2733 4426 et
2761 4373 2931 4440 magis
2966 4372 3201 4437 ipsarum
3231 4376 3375 4419 tene-

1792 4470 2012 4522 brarum
2052 4476 2302 4520 naturam
2336 4466 2575 4535 negavit.
2620 4462 2947 4517 Immortalis
2975 4460 3119 4513 enim
3151 4457 3370 4523 dicitur,

1792 4562 1917 4629 quia
1950 4574 2053 4613 non
2078 4560 2362 4623 morietur,
2396 4568 2450 4612 et
2477 4559 2820 4623 incorruptus
2851 4555 2976 4622 quia
3005 4568 3109 4607 non
3134 4566 3374 4605 corrum-

1793 4652 1954 4719 pitur.
1984 4647 2102 4703 Non
2146 4662 2324 4712 natus,
2369 4648 2459 4716 qui
2484 4647 2697 4701 initium
2731 4660 2837 4699 non
2867 4642 3048 4698 habet.
3087 4641 3211 4694 Haec
3248 4654 3370 4694 om-

1790 4742 1877 4795 nia
1907 4756 2012 4795 non
2045 4739 2175 4809 quid
2209 4748 2292 4793 est
2330 4739 2469 4793 Deus
2502 4738 2655 4802 dicit,
2704 4736 2799 4791 sed
2849 4734 2976 4803 quid
3008 4748 3113 4786 non
3139 4741 3242 4790 est.
3288 4729 3368 4787 Ita

1790 4848 1888 4903 per
1921 4846 1985 4886 ea
2017 4847 2138 4901 qua:
2171 4832 2402 4887 dicimus
2441 4831 2560 4885 sine
2592 4828 3043 4897 interpretatione
3080 4840 3203 4878 eum
3233 4840 3370 4879 con-

1784 4926 2021 4981 ﬁtemur.
2057 4924 2116 4979 Si
2153 4925 2449 4979 dixerimus
2476 4936 2600 4977 eum
2627 4922 2831 4977 fontem
2869 4918 3138 4981 veritatis.
3175 4930 3370 4972 nomen

1786 5015 2069 5071 veritatem
2092 5030 2200 5070 non
2226 5014 2465 5069 exhibet.
2510 5011 2617 5067 Sed
2642 5014 2768 5081 quia
2795 5026 2902 5065 non
2928 5009 3189 5063 habemus
3224 5006 3370 5075 quod

1784 5108 2053 5173 dicamus,
2096 5122 2165 5163 ex
2220 5108 2305 5162 his
2350 5122 2471 5176 quae
2520 5107 2785 5160 habemus
2824 5102 3093 5165 dicamus,
3141 5100 3369 5153 mutuati

1787 5198 1978 5253 alienis
2012 5197 2322 5253 nominibus
2359 5196 2473 5269 (95)
2506 5199 2708 5251 utimur
2744 5211 2758 5245 ε
2802 5193 2922 5248 fons
2945 5192 3088 5246 enim
3117 5190 3358 5256 agnosci~

1788 5299 1877 5343 tur
1916 5289 2057 5344 unde
2087 5299 2191 5355 est,
2223 5288 2365 5345 Deus
2394 5298 2573 5342 autem
2611 5300 2718 5341 non
2756 5284 2921 5341 habet
2949 5281 3121 5346 unde;
3156 5288 3211 5333 et
3249 5278 3371 5333 foris

192 5472 235 5505 "
259 5471 363 5528 lsa.
391 5488 511 5539 LIII,
537 5474 591 5530 8.
666 5472 714 5505 ⁸⁸
746 5472 912 5551 lCor.
938 5487 1059 5542 vnl,
1081 5482 1135 5530 ι).
1209 5472 1253 5507 ⁸⁸
1286 5473 1476 5529 Matth.
1504 5489 1586 5539 xt,
1610 5473 1699 5531 27.

1801 5475 1821 5507 °
1854 5474 1983 5530 ibid.
2059 5473 2103 5505 ⁹¹
2128 5472 2285 5530 Joan.
2310 5488 2411 5540 xu,
2436 5472 2528 5528 49.
2603 5474 2648 5505 ’⁸
2673 5472 2693 5525 1
2718 5470 2845 5528 Cor.
2887 5484 2999 5535 xlv,
3024 5468 3116 5523 53.

336 5587 707 5662 Principalem,
734 5562 1057 5662 ἀρχέτυπον.

214 5661 300 5730 95)
331 5660 396 5715 In
411 5676 553 5724 eum,
587 5676 683 5729 pro
706 5660 861 5718 ineo.
906 5662 946 5715 ll
971 5662 1097 5719 Cor.
1126 5676 1245 5727 xm,
1273 5661 1336 5716 ις
1364 5662 1444 5715 An
1478 5662 1685 5730 experi-

121 5741 345 5789 mentum
374 5732 613 5801 queritis
640 5732 751 5802 ejus
786 5732 872 5803 qui
900 5733 954 5789 in
976 5748 1057 5791 me
1080 5733 1312 5805 loquitur
1345 5732 1621 5789 Christus?

1860 5591 1971 5663 (94)
2000 5591 2097 5663 Ms.
2123 5592 2193 5663 Et
2224 5590 2385 5644 Pater
2408 5600 2505 5651 est,
2537 5599 2592 5663 ut
2613 5589 2766 5663 dicis.

1858 5656 1971 5736 (95)
2004 5662 2101 5721 Ms.
2136 5662 2395 5718 Humatis
2423 5661 2609 5717 alienis
2635 5656 2952 5715 nominibus.
