4048 6322
710 347 845 406 Ιοϐδ

1401 339 1662 397 EUSEBII
1698 333 2164 395 CESARIINSIS
2195 336 2348 395 OPP.
2388 325 2570 394 PARS
2603 334 2696 393 IV.
2735 365 2806 378 —
2837 331 3262 390 DOGIATICA.

3807 327 3936 387 ιω

701 473 915 520 meatus
936 473 1098 531 supra
1127 465 1334 513 meatus
1355 455 1600 519 eﬂundit,
1627 454 1765 510 Dens
1789 463 1966 509 autem
1989 455 2041 508 in
2063 468 2128 507 eo
2145 453 2261 524 ipso
2286 457 2335 514 Α
2358 467 2520 524 quem
2557 461 2683 509 sunt
2723 459 2936 507 cuncta.
2978 449 3094 505 Non
3121 458 3204 506 est
3227 465 3395 504 unum
3430 463 3500 504 ex
3544 446 3834 512 omnibus,
3855 451 3937 505 ssi

698 555 844 625 quod
874 562 956 606 eat
989 559 1173 605 manet
1199 569 1212 604 :
1249 561 1420 610 mue
1439 547 1583 601 enim
1617 560 1719 602 vos
1743 546 2071 602 conveniens
2103 548 2256 601 inve—

699 646 870 710 nitur,
899 656 1070 710 neque
1115 637 1448 719 comparatio
1489 637 1808 706 perveniens
1839 637 1906 691 ad
1935 635 2081 690 illam
2105 647 2262 692 natu-

700 749 817 789 ram
843 751 860 789 :
891 733 985 788 sed
1007 743 1066 786 ut
1087 746 1191 786 non
1217 742 1485 784 taceamus
1505 726 1818 796 colligentes
1837 741 1954 797 qua:
1970 727 2260 792 habemus;

699 841 824 880 cum
855 836 1033 879 autem
1065 821 1245 878 omnia
1270 819 1586 884 dixerimus,
1624 829 1753 875 tune
1785 818 2110 874 conﬁtemur
2136 819 2262 888 quia

695 933 820 989 qua:
845 918 1077 972 dicimus
1128 912 1260 968 nihil
1309 910 1562 968 dil’erunt
1599 925 1630 966 a
1670 911 2057 967 taciturnitate.
2103 909 2264 967 Pater

697 1025 769 1064 es
794 1022 862 1064 eo
911 1005 1224 1076 agnoscitur
1263 1003 1433 1076 ﬁgura
1462 1001 1607 1074 quo'd
1638 1012 1722 1058 est
1761 1017 1866 1059 non
1893 1012 2071 1058 natus.
2112 1000 2265 1058 Unus

697 1100 842 1156 enim
864 1107 946 1154 est
976 1098 1111 1167 ipse,
1141 1096 1234 1166 qui
1264 1111 1370 1151 non
1391 1103 1477 1151 est
1508 1096 1576 1149 ab
1604 1092 1712 1150 alia
1755 1111 1770 1149 :
1803 1110 1943 1149 unus
1977 1103 2061 1150 est
2083 1095 2264 1165 quies

697 1205 764 1245 eo
788 1189 929 1258 quod
955 1203 1062 1243 non
1085 1198 1241 1243 natus
1266 1197 1350 1242 est
1369 1185 1698 1258 agnoscitur.
1725 1181 1840 1240 Non
1871 1183 2040 1241 frater
2058 1185 2130 1251 ei,
2159 1200 2264 1240 non

698 1281 861 1337 Pater
887 1279 1092 1344 Patris,
1140 1279 1234 1335 sed
1285 1277 1575 1347 singularis
1625 1285 1817 1331 natura
1863 1270 1990 1332 est:
2037 1276 2265 1346 etinea

699 1364 844 1444 quod
881 1387 984 1426 non
1020 1380 1181 1426 natus
1214 1379 1316 1436 est,
1342 1382 1469 1423 vere
1494 1367 1641 1424 solus
1671 1369 2000 1435 ostenditur,
2032 1383 2140 1423 non
2166 1383 2265 1422 na-

702 1471 792 1522 tus
828 1465 988 1520 Pater
1021 1483 1035 1519 :
1083 1463 1151 1517 ab
1201 1462 1301 1517 hoc
1340 1474 1471 1517 sane
1505 1477 1612 1516 non
1659 1471 1790 1518 nato
1832 1471 2083 1516 manente
2120 1460 2268 1530 quod

703 1567 789 1613 est
839 1556 1123 1618 indivisus,
1174 1553 1460 1624 lasciuus,
1512 1552 1844 1623 impartitus,
1902 1551 2266 1621 impassibilis,

702 1647 1016 1719 unigenitns
1051 1655 1136 1702 est
1165 1642 1333 1700 Filius
1364 1655 1524 1699 natus
1552 1661 1566 1699 :
1594 1659 1767 1715 neque
1787 1643 1925 1699 alius
1943 1655 2024 1698 est
2047 1659 2151 1700 non
2182 1659 2270 1698 na-

705 1748 813 1804 tus,
862 1753 1034 1808 neque
1069 1735 1205 1792 alios
1255 1736 1599 1808 unigenitus;
1652 1739 1746 1793 sed
1785 1752 1926 1792 unua
1966 1750 2070 1792 non
2115 1747 2270 1792 natus

703 1829 884 1898 Pater,
917 1839 973 1884 et
1003 1844 1142 1883 unus
1168 1827 1477 1898 unigenitus
1494 1828 1682 1884 Filius.
1712 1827 1832 1883 Haec
1856 1843 1961 1902 non
1983 1845 2079 1883 nos
2109 1829 2270 1884 extol-

703 1921 839 1986 lunt,
887 1920 1144 1973 memoria
1178 1917 1321 1972 illius
1369 1919 1508 1973 beati
1542 1919 1663 1973 viri.
1700 1918 1915 1974 Utinam
1969 1931 2144 1974 autem
2199 1921 2270 1973 ita

702 2011 904 2077 possim
936 2008 1133 2073 dicere,
1158 2019 1220 2062 ut
1248 2007 1520 2070 vobiscum
1548 2023 1758 2078 semper
1779 2011 1846 2061 ab
1873 2009 2062 2064 eodem
2087 2010 2272 2064 audie-

704 2097 846 2153 bam.
893 2097 998 2152 Sed
1043 2113 1106 2152 ea
1133 2112 1252 2168 qua:
1287 2113 1429 2153 nunc
1457 2099 1731 2164 dicuntur,
1768 2099 1842 2153 illi
1875 2099 2069 2169 placita
2108 2099 2271 2155 fuisse

705 2189 976 2244 videntur.
1020 2187 1200 2244 Gloria
1240 2190 1383 2243 enim
1407 2201 1492 2246 est
1514 2190 1804 2259 proborum
1835 2206 2114 2245 servorum
2142 2207 2267 2246 vera

704 2280 770 2334 de
800 2277 1023 2333 Domino
1047 2278 1227 2334 dicere
1251 2295 1266 2332 :
1297 2287 1352 2334 et
1381 2280 1552 2334 honor
1573 2293 1759 2333 eorum
1784 2292 1995 2350 patrum
2019 2282 2110 2350 qui
2133 2280 2271 2336 bene

704 2371 1025 2434 docuerunt,
1050 2370 1093 2424 si
1127 2380 1443 2439 repetantur
1471 2387 1657 2426 eorum
1692 2373 1966 2427 doctrinae.
1994 2371 2144 2428 Unus
2167 2374 2268 2444 igi-

705 2470 796 2517 tur
834 2471 917 2516 est
951 2476 1057 2516 non
1086 2473 1248 2515 natus
1272 2462 1413 2518 Deus
1449 2481 1464 2517 :
1503 2477 1657 2516 serva
1690 2462 1798 2533 (96)
1830 2479 1934 2517 non
1961 2472 2120 2518 natus
2143 2479 2266 2518 cum

707 2552 890 2621 Patre,
924 2563 979 2609 et
1012 2568 1116 2609 non
1141 2556 1362 2610 habebis
1387 2555 1441 2609 in
1473 2557 1652 2610 anima
1675 2555 2039 2610 confusionem
2070 2571 2266 2611 :serva

708 2644 1017 2714 unlgenitus
1054 2658 1173 2698 cum
1203 2643 1355 2711 Filio,
1382 2653 1434 2698 et
1462 2658 1565 2697 non
1595 2644 1914 2709 turbaberis,
1967 2658 2137 2712 neque
2153 2644 2266 2713 jam

707 2739 818 2791 eris
840 2736 1078 2790 incertus
1116 2736 1564 2804 quemadmodum
1597 2735 1734 2789 Deus
1779 2744 1834 2788 et
1867 2733 2026 2801 Deus,
2061 2746 2116 2790 et
2158 2751 2266 2792 non

713 2823 830 2880 Dei.
868 2823 1006 2891 Quia
1060 2827 1204 2879 enim
1242 2824 1440 2878 retines
1463 2839 1600 2878 unus
1636 2823 1776 2879 Deus
1817 2837 1922 2878 non
1976 2836 2156 2891 natus,
2210 2835 2266 2882 et

701 2926 847 2968 'unus
875 2914 1014 2969 Deus
1040 2913 1385 2982 unigenitus;
1414 2914 1532 2968 ideo
1555 2928 1659 2968 non
1683 2915 1779 2980 dii,
1801 2915 1926 2985 quia
1955 2931 2132 2986 neque
2160 2932 2263 2972 non

709 3004 851 3068 nati,
881 3017 1054 3072 neque
1091 3005 1348 3074 unigeniti
1383 3022 1398 3058 :
1437 3019 1594 3059 serva
1640 3005 1866 3076 liguram
1902 3022 2007 3060 non
2039 3008 2166 3070 nati,
2209 3017 2265 3064 et

2359 560 2455 615 per
2472 559 2634 615 quem
2659 551 2788 598 sunt
2829 544 3012 598 omnia
3040 561 3054 597 :
3088 541 3203 610 ipse
3223 556 3254 596 a
3279 539 3441 596 Patre
3486 539 3665 596 huius
3690 540 3844 608 quod
3869 551 3942 596 α

2360 635 2533 692 heres
2565 653 2580 708 ;
2611 649 2715 688 non
2742 644 2826 690 est
2858 651 2923 690 ex
2955 635 3288 690 hereditate.
3313 632 3621 689 Comessor
3643 642 3944 687 messes

2361 727 2567 798 angelis
2597 726 2688 796 qui
2722 727 2960 793 adstant,
3008 740 3180 793 neque
3217 740 3288 781 ex
3327 723 3681 795 arebangelis
3718 741 3735 777 :
3786 721 3945 788 iudex

2361 820 2600 875 omnium
2628 834 2732 873 non
2757 828 2842 874 est
2873 834 3011 875 unus
3037 835 3107 875 ex
3134 819 3217 874 his
3254 817 3346 887 qui
3377 816 3732 886 iudicantur.
3758 813 3847 868 ﬂe
3873 823 3946 868 sb-

2364 915 2551 971 trabas
2587 927 2836 970 naturam
2873 930 2999 987 qua
3038 930 3146 971 non
3176 913 3408 976 secedit.
3452 926 3639 981 neque
3677 911 3943 980 pervenit.

2363 1005 2532 1073 Quem
2557 1021 2624 1062 ex
2663 1007 2765 1062 hoc
2798 1006 3055 1062 debemus
3079 1019 3272 1072 nam;
3311 1003 3441 1073 quia
3471 1002 3866 1072 aemulaque
3884 1006 3945 1054 aa

2367 1099 2451 1156 bis
2490 1112 2612 1168 qua:
2653 1099 2804 1163 dicit,
2865 1109 2959 1153 aut
3013 1097 3328 1168 sibimetipsi
3368 1095 3595 1166 prodest
3634 1103 3742 1150 aut
3785 1092 3943 1148 luit.

2366 1188 2474 1244 Res
2511 1189 2656 1244 enim
2685 1205 2749 1246 es
2785 1190 2986 1245 nostris
3034 1189 3366 1245 sermonibus
3406 1203 3515 1242 non
3557 1183 3941 1242 transferetur.

2365 1279 2501 1346 Quia
2529 1281 2689 1350 igitur
2723 1279 2891 1336 Judei
2922 1294 3026 1334 non
3068 1279 3390 1336 conﬁtentur
3418 1277 3648 1340 Filium,
3689 1289 3807 1331 non
3832 1274 3944 1329 ideo

2367 1389 2474 1428 non
2499 1382 2580 1428 est
2605 1370 2793 1428 Filius.
2828 1370 3093 1427 Judicabit
3128 1372 3271 1427 enim
3292 1383 3387 1424 eos
3409 1368 3504 1440 qui
3534 1383 3650 1423 non
3685 1366 3944 1423 conlu-

2370 1473 2459 1518 tur
2480 1479 2603 1520 eum
2635 1481 2651 1518 :
2679 1462 2804 1530 quia
2837 1461 3051 1532 quidem
3089 1476 3286 1516 novum
3310 1458 3453 1514 istud
3478 1457 3846 1527 sacrilegium
3867 1455 3941 1510 ia-

2373 1557 3006 1620 troduxeruntdicentes,
3057 1554 3306 1610 eumdem
3349 1553 3526 1621 ipsum
3555 1564 3692 1606 esse
3733 1548 3940 1604 Patre-

2372 1663 2529 1718 quem
2553 1659 2608 1703 et
2635 1647 2830 1702 Filium
2864 1664 2879 1702 :
2919 1661 3093 1712 neque
3118 1644 3330 1701 Patrem
3352 1643 3574 1699 Patrem
3608 1642 3826 1707 dicet,
3859 1656 3942 1696 ne-

2372 1751 2478 1808 que
2498 1737 2690 1791 Filium
2721 1735 2917 1790 Filium
2943 1755 2956 1790 :
2995 1735 3087 1790 sed
3115 1734 3409 1791 secundum
3436 1734 3691 1802 ipsorum
3724 1729 3940 1786 sacrile-

2369 1831 2511 1898 gium
2536 1826 2667 1882 nihil
2689 1841 2928 1894 prorsus.
2953 1825 3010 1881 Si
3024 1826 3168 1883 enim
3191 1824 3349 1879 Pater
3368 1838 3474 1880 non
3499 1833 3592 1878 est
3611 1822 3804 1889 Pater,
3828 1822 3941 1892 quia

2371 1919 2484 1987 ipse
2511 1924 2595 1972 est
2622 1927 2678 1971 et
2702 1913 2889 1979 Filius,
2935 1923 2994 1968 ut
3035 1915 3132 1982 ipsi
3163 1913 3504 1984 ﬂagitantur;
3552 1923 3609 1967 et
3641 1910 3822 1966 Filius
3846 1925 3942 1964 nos

2369 2008 2560 2072 Filius,
2581 2008 2706 2078 quia
2735 2008 2847 2077 ipse
2877 2014 2960 2061 est
2984 2003 3146 2059 Pater
3172 2023 3186 2059 :
3215 2018 3379 2074 prope
3403 2011 3488 2058 est
3534 2012 3597 2056 ut
3624 2003 3822 2056 dicant
3855 2016 3940 2056 ne-

2369 2116 2473 2170 que
2501 2098 2715 2153 Patrem
2739 2111 2882 2160 esse,
2914 2111 3089 2166 neque
3114 2094 3309 2149 Filium
3341 2111 3356 2148 :
3386 2101 3445 2148 ut
3476 2107 3650 2147 unum
3684 2091 3837 2146 enim
3869 2091 3940 2145 (a-

2366 2195 2508 2248 ciunl
2540 2192 2683 2261 quod
2711 2206 2815 2244 non
2853 2189 2929 2243 lit.
2965 2186 3098 2258 Quis
3121 2188 3264 2242 enim
3301 2183 3497 2256 poterit
3521 2182 3726 2238 audire
3776 2183 3940 2252 ipsum

2365 2301 2426 2341 se
2447 2284 2549 2339 sibi
2581 2298 2701 2338 esse
2745 2281 2999 2336 Patrem?
3037 2280 3158 2350 quis
3206 2279 3401 2350 poterit
3431 2275 3655 2331 Patrem
3689 2275 3867 2344 ipsum
3893 2289 3941 2328 ss

2368 2377 2472 2433 sibi
2505 2391 2624 2431 esse
2672 2373 2906 2430 Filium?
2955 2371 3012 2428 Si
3061 2371 3206 2427 enim
3257 2369 3474 2425 voluero
3506 2377 3734 2423 mutare
3769 2381 3940 2423 vocem

2368 2485 2562 2533 meam,
2597 2483 2701 2522 non
2732 2475 2969 2520 mutatur
2993 2473 3228 2518 vestrum
3254 2461 3606 2531 propositum.
3634 2459 3836 2514 Nonne
3856 2473 3942 2528 pu-

2369 2564 2494 2615 tatis
2519 2575 2601 2614 nte
2635 2560 2808 2612 aliena
2851 2556 3034 2625 loqui?
3060 2553 3248 2610 Dicam
3277 2567 3406 2623 ergo
3426 2551 3591 2608 Pater
3622 2566 3740 2606 non
3767 2548 3938 2612 Pater.

2366 2660 2422 2705 et
2449 2649 2618 2704 Filius
2658 2661 2762 2701 non
2789 2644 2977 2699 Filius.
3017 2642 3150 2697 Nam
3176 2651 3231 2698 et
3265 2643 3310 2696 si
3333 2643 3544 2707 dixero,
3581 2644 3704 2710 ipse
3731 2639 3838 2696 sibi
3869 2649 3940 2694 est

2366 2741 2545 2806 Pater,
2573 2749 2626 2794 et
2649 2740 2762 2809 ipse
2779 2739 2879 2794 sibi
2904 2747 2986 2791 est
3015 2735 3216 2800 Filius;
3243 2748 3419 2789 nonne
3446 2733 3734 2789 insaniam
3764 2734 3939 2789 statim

2365 2832 2668 2903 signiﬁcant
2692 2844 2970 2885 sermones
3008 2827 3148 2882 mei?
3182 2827 3274 2880 sed
3304 2841 3389 2880 me
3427 2839 3535 2880 non
3575 2835 3795 2880 tantum
3831 2840 3939 2879 mo-

2364 2933 2528 2979 veant
2559 2922 2840 2976 adversum
2886 2934 2982 2974 eos
3008 2917 3099 2986 qui
3125 2917 3396 2980 dixerunt,
3449 2923 3724 2983 quantum
3772 2924 3941 2970 movet

2364 3020 2417 3066 et
2446 3010 2707 3066 adversus
2735 3023 2831 3063 eos
2861 3008 2954 3077 qui
3005 3005 3282 3076 patiuntur
3323 3021 3337 3056 :
3363 3003 3775 3058 calumniantur
3804 3006 3940 3060 eni

706 3093 966 3150 coulltere
995 3095 1218 3168 figuram
1247 3097 1533 3167 unigeniti.
1583 3107 1639 3151 et
1675 3097 1815 3150 nulla
1865 3099 2074 3154 turbela
2099 3110 2178 3153 est
2209 3101 2262 3153 in
2292 3129 2336 3186 ρ
2369 3101 2436 3154 ab
2481 3099 2670 3153 iisdem
2720 3107 2776 3151 et
2826 3090 3303 3186 Scriptura.‘Ego
3344 3108 3362 3144 :
3391 3101 3512 3146 tene
3538 3091 3677 3162 Ego,
3714 3103 3773 3146 et
3796 3108 3944 3186 serva

713 3187 914 3252 medio,
946 3202 1051 3242 non
1078 3187 1166 3252 lis,
1198 3202 1304 3243 non
1349 3191 1644 3256 contentio,
1674 3205 1781 3246 non
1807 3193 2062 3261 iurgium.
2110 3191 2270 3246 Pater
2309 3184 2321 3186 “
2373 3190 2804 3258 coniunctionem
2846 3206 2860 3241 :
2898 3185 3010 3263 Ego
3046 3195 3095 3240 et
3143 3184 3303 3238 Pater
3338 3202 3496 3247 sinuat
3524 3202 3716 3240 suetus
3739 3187 3807 3238 ".
3834 3184 3942 3240 Non

715 3290 824 3329 non
850 3276 952 3330 sibi
982 3277 1207 3332 ascribit
1254 3276 1466 3333 Patrem
1509 3296 1523 3336 :
1563 3279 1732 3335 Filius
1757 3297 1895 3335 unus
1921 3282 2022 3335 sibi
2056 3283 2275 3337 ascribit

715 3363 929 3422 Patrem
964 3386 978 3422 :
1007 3368 1168 3424 Pater
1190 3385 1220 3423 a
1258 3369 1409 3425 nullo
1437 3381 1543 3438 est,
1576 3370 1742 3426 Filius
1770 3375 1836 3428 ab
1862 3388 1968 3428 uno
1993 3384 2074 3428 est
2096 3374 2272 3429 Patre.

715 3455 830 3513 Non
860 3461 1152 3529 suscipiunt
1184 3462 1297 3516 haec
1319 3462 1487 3527 litem,
1511 3473 1604 3519 aut
1625 3463 1824 3518 habent
1853 3464 2270 3520 dubitationem:

2373 3291 2552 3336 tamen
2598 3295 2701 3334 non
2745 3294 2955 3332 sumus.
3006 3270 3287 3333 Contraria
3331 3278 3475 3332 enim
3531 3278 3945 3345 importunitate

2365 3371 2528 3454 plena
2557 3380 2700 3424 sunt.
2751 3368 2918 3422 Filius
2965 3369 3115 3433 dicit,
3168 3368 3310 3440 Ego;
3344 3368 3432 3422 ille
3459 3367 3610 3432 dicit,
3656 3366 3784 3422 Non
3817 3383 3942 3436 ego:

2373 3461 2542 3516 Filius
2574 3460 2724 3524 dicit,
2753 3470 2807 3514 et
2853 3457 3043 3523 Pater;
3093 3459 3182 3513 ille
3205 3459 3354 3524 dicit,
3395 3473 3498 3512 non
3526 3457 3713 3514 Pater.
3751 3459 3940 3522 Unum.

716 3549 783 3606 Ut
811 3564 1124 3623 cognoscant
1158 3557 1206 3608 te
1246 3555 1414 3609 solum
1447 3572 1622 3611 manu
1670 3555 1838 3611 Deum
1863 3557 1910 3589 “
1943 3576 1956 3612 ;
2001 3575 2106 3613 non
2148 3561 2274 3628 quia
2377 3553 2570 3622 inquit,
2600 3567 2816 3616 sumus;
2852 3561 2907 3605 et
2932 3551 3019 3604 ille
3053 3559 3262 3614 contra,
3291 3566 3396 3606 non
3429 3565 3636 3607 sumus.
3687 3552 3800 3606 Aut
3823 3554 3944 3623 quid

713 3659 819 3698 non
844 3659 968 3699 vere
986 3654 1070 3699 est
1096 3646 1399 3716 unigenitus
1423 3645 1592 3704 Filius
1612 3647 1727 3713 Dei,
1757 3651 1852 3704 sed
1875 3651 1999 3721 quia
2020 3665 2049 3703 a
2083 3661 2276 3706 semet-
2376 3645 2636 3713 scriptum
2664 3651 2744 3697 est
2767 3641 2790 3696 i
2816 3651 2910 3695 aut
2940 3643 3066 3710 quid
3095 3642 3375 3697 delemus?
3399 3643 3644 3712 aut’quid
3677 3644 3946 3715 legimus?

710 3734 846 3805 ipso,
876 3745 930 3788 et
972 3753 1035 3790 ex
1066 3737 1376 3806 semetipso,
1403 3747 1457 3792 et
1497 3752 1592 3807 per
1615 3741 1979 3810 semetipsum,
2016 3742 2063 3794 si
2099 3751 2276 3795 tamen
2375 3746 2468 3789 aut
2499 3737 2625 3805 quid
2654 3735 3026 3805 agnoscimus?
3053 3733 3161 3804 Ego
3195 3735 3247 3788 in
3279 3734 3438 3790 Patre
3482 3746 3534 3790 et
3553 3735 3720 3790 Pater
3761 3740 3814 3790 in
3843 3752 3941 3791 me.

713 3827 786 3881 ita
814 3828 920 3881 dici
946 3828 1101 3882 debet
1132 3846 1145 3882 :
1178 3827 1299 3883 fons
1319 3838 1374 3884 et
1400 3829 1722 3898 principium
1744 3833 1984 3885 omnium
2017 3833 2275 3886 bonorum
2379 3827 2495 3883 Non
2527 3837 2703 3882 tamen
2730 3827 2854 3897 quia
2887 3840 3059 3895 neque
3086 3841 3206 3896 ego,
3243 3842 3415 3896 neque
3440 3825 3600 3882 Pater
3632 3849 3644 3882 :
3687 3831 3944 3897 quemad-

711 3927 796 3972 eat
832 3916 1013 3982 Pater,
1044 3920 1134 3987 qui
1171 3921 1353 3989 genuit
1387 3920 1543 3976 talem
1574 3923 1765 3976 bonam
1813 3925 2138 3992 progeniem.
2174 3922 2279 3977 Bo-
2381 3921 2596 3974 modum
2637 3929 2816 3973 autem
2863 3917 3022 3973 Pater
3057 3918 3111 3972 in
3161 3917 3320 3983 Filio,
3369 3929 3422 3972 et
3453 3918 3622 3974 Filius
3678 3920 3735 3973 in
3769 3919 3940 3984 Palis,

717 4024 817 4062 nus
842 4011 984 4064 enim
1020 4009 1186 4064 Filius
1209 4024 1313 4074 est,
1336 4013 1430 4066 sed
1453 4013 1593 4067 cedit
1622 4015 1913 4068 bonitatem
1943 4029 2042 4068 suo
2076 4017 2280 4085 genito-
2381 4010 2612 4064 maxime
2633 4009 2849 4079 quidem
2870 4023 2969 4063 cur
2990 4009 3154 4062 audes
3181 4008 3459 4077 quaerere?
3485 4010 3531 4063 is
3543 4010 3693 4063 enim
3723 4012 3817 4079 qui
3840 4010 3940 4080 (97)

701 4098 785 4170 ιε,
814 4114 918 4154 non
943 4101 1208 4155 mentiens
1227 4101 1320 4156 sed
1341 4102 1514 4156 sciens
1535 4105 1675 4159 unde
1695 4114 1795 4158 est.
1825 4103 1952 4157 Sine
1981 4106 2277 4174 principio:
2381 4111 2463 4156 est
2488 4105 2540 4155 in
2571 4115 2634 4156 eo
2664 4101 2753 4170 qui
2801 4109 2902 4165 est,
2957 4114 3059 4154 non
3095 4100 3217 4168 quia
3245 4114 3349 4154 non
3392 4099 3812 4172 εενὰνυπάρχει
3841 4122 3853 4158 ;
3882 4120 3939 4157 an

713 4190 1040 4261 principium
1071 4201 1248 4247 autem
1276 4192 1396 4246 dico
1431 4205 1534 4247 non
1569 4202 1884 4263 temporum,
1918 4211 2022 4249 non
2061 4197 2280 4252 saeculo-
2383 4194 2504 4261 quia
2535 4208 2637 4246 non
2660 4203 2740 4246 est
2772 4191 2932 4246 Pater
2962 4205 3019 4245 ut
3049 4193 3119 4246 sit
3160 4193 3211 4246 in
3245 4191 3380 4247 Filio
3400 4193 3750 4264 ἀνυπάρχειτ
3779 4213 3939 4265 neque

719 4297 876 4347 rum;
912 4281 1026 4337 hac
1059 4284 1202 4337 enim
1229 4298 1324 4352 per
1357 4282 1551 4338 Filium
1583 4285 1724 4339 facta
1753 4297 1898 4348 sunt,
1937 4297 1992 4341 et
2026 4303 2130 4342 non
2157 4303 2280 4343 cum
2382 4301 2488 4348 non
2515 4295 2597 4341 est
2624 4286 2790 4340 Filius
2818 4285 2910 4354 'qni
2942 4293 3022 4339 est
3055 4286 3106 4338 in
3140 4285 3302 4341 Patre
3329 4284 3622 4355 signiﬁcat.
3668 4287 3938 4357 Siquidem

715 4371 854 4428 Filio
918 4383 1039 4427 nata
1093 4391 1106 4426 :
1167 4388 1273 4427 non
1339 4383 1544 4428 tantum
1617 4375 1760 4429 enim
1822 4392 1930 4430 non
1998 4387 2122 4434 ante
2190 4377 2282 4433 Fi-
2383 4385 2438 4430 et
2472 4376 2695 4446 apostoli
2728 4375 3007 4429 duodecim
3038 4391 3202 4430 unum
3232 4384 3379 4438 sunt,
3410 4384 3466 4429 et
3494 4378 3938 4445 septuaginta,ct

713 4463 845 4519 liutn
883 4505 900 4531 ,
951 4474 1009 4518 ut
1057 4465 1102 4518 si
1156 4465 1312 4519 aliter
1364 4465 1492 4534 quid
1554 4466 1900 4522 introducere
1958 4483 2078 4522 cum
2141 4467 2276 4524 Filio
2308 4453 2353 4508 Ῑ)
2381 4469 2678 4538 quingenti,
2725 4477 2779 4522 et
2829 4476 2938 4520 tota
2977 4466 3211 4522 Ecclesia
3257 4482 3442 4520 unum.
3480 4465 3543 4520 Et
3572 4481 3644 4520 ne
3677 4481 3836 4536 putes
3864 4485 3936 4524 uie

714 4556 986 4618 volueris,
1041 4570 1146 4608 non
1199 4556 1432 4610 salvabis
1508 4557 1836 4627 unigenitum
1872 4600 1886 4624 ,
1967 4562 2061 4614 sed
2135 4561 2275 4615 sicut
2382 4563 2444 4614 ad
2484 4561 2712 4614 humana
2741 4560 3006 4614 deducere
3034 4561 3215 4614 divina
3255 4575 3270 4612 :
3305 4559 3398 4613 sed
3425 4559 3628 4613 utimur
3667 4575 3937 4630 compara-

715 4646 875 4702 Pater
907 4647 1052 4702 solus
1101 4661 1206 4701 non
1254 4658 1411 4702 natus
1455 4659 1560 4714 est,
1605 4661 1661 4703 et
1719 4650 1765 4705 si
1820 4651 2023 4707 dixeris
2076 4649 2270 4708 Filium

716 4751 821 4792 non
876 4747 1079 4803 natum,
1120 4737 1439 4806 pericliteris
1504 4741 1570 4792 de
1617 4755 1681 4794 eo
1735 4744 1877 4811 quod
1931 4744 2064 4799 dicis
2115 4760 2129 4796 :
2199 4745 2275 4799 ita

718 4829 764 4882 si
818 4829 944 4898 quid
991 4831 1382 4897 computaveris
1416 4847 1536 4887 cum
1589 4832 1882 4901 unigenito,
1913 4837 2039 4904 quid
2091 4837 2275 4906 loque-

717 4921 794 4977 ris
819 4922 1053 4992 ignoras.
1093 4920 1241 4976 Unus
1264 4922 1406 4976 enim
1439 4933 1523 4977 est
1555 4939 1661 4978 non
1694 4935 1872 4993 natus,
1906 4937 1959 4981 et
1990 4930 2096 4984 noli
2126 4946 2273 4999 qua:—

719 5025 838 5067 rere
864 5013 1025 5065 alium
1078 5027 1184 5066 non
1238 5024 1420 5067 natum
1460 5033 1473 5069 :
1514 5031 1650 5070 unus
1698 5019 2024 5087 unigenitus,
2068 5032 2122 5076 et
2167 5023 2274 5077 noli

718 5118 957 5173 quaerere
983 5103 1142 5157 alium
1169 5102 1380 5171 Filium,
1412 5120 1478 5160 ne
1510 5108 1868 5180 interrumpas
1892 5112 2220 5182 unigenitum
2258 5133 2270 5167 :

719 5194 1022 5262 unigenitus
1051 5196 1191 5248 enim
1228 5211 1330 5250 non
1375 5207 1456 5251 est
1504 5213 1668 5254 unum
1699 5215 1764 5255 ex
1791 5205 2018 5271 cunctis,
2048 5205 2142 5259 sed
2181 5222 2277 5275 per

2381 4653 2618 4707 tionibus
2654 4668 2774 4707 cum
2825 4652 3153 4722 indulgentia
3196 4651 3334 4721 apud
3381 4649 3598 4717 fratres,
3645 4663 3702 4706 et
3736 4663 3935 4708 maneat

2382 4747 2522 4800 Deus
2565 4757 2622 4800 ut
2666 4757 2766 4800 est.
2803 4745 3007 4798 Tamen
3045 4746 3090 4798 si
3142 4742 3439 4799 dixerimus
3490 4745 3932 4812 quemadmodum

2375 4837 2549 4890 omnis
2582 4836 2819 4891 Ecclesia
2853 4851 2973 4904 qua:
3020 4837 3219 4904 ubique
3263 4847 3368 4903 est,
3399 4852 3563 4890 unum
3595 4853 3800 4906 corpus
3830 4851 3929 4902 est;

2375 4929 2551 4983 nullus
2589 4927 2950 4996 reprehendat
2983 4946 2997 4981 :
3049 4929 3170 4995 quia
3217 4943 3321 4981 non
3358 4931 3623 4982 mentitur
3685 4932 3824 4985 Deus
3852 4933 3930 5001 qui

2376 5021 2508 5074 dixit
2541 5040 2551 5073 :
2587 5018 2696 5090 Ego
2730 5021 2784 5073 in
2817 5023 2961 5088 ipsis,
2991 5031 3036 5072 et
3061 5032 3115 5074 tu
3139 5023 3191 5074 in
3213 5039 3292 5075 me
3313 5021 3378 5075 ".
3411 5020 3526 5076 Non
3557 5024 3684 5092 quia
3712 5026 3930 5094 abnega-

2379 5117 2575 5168 tionem
2610 5113 2786 5168 Patris
2833 5115 3115 5183 irreligiosi
3171 5130 3443 5169 sermones
3498 5116 3723 5181 docent,
3779 5131 3932 5186 neque

2377 5207 2517 5274 quod
2550 5223 2655 5262 nun
2688 5208 2759 5262 sit
2809 5207 2854 5260 is
2879 5210 2968 5277 qui
2999 5209 3202 5279 genuit,
3258 5224 3433 5278 neque
3471 5210 3810 5278 spretionem
3833 5210 3931 5279 ejus

787 5309 832 5341 ”
851 5309 1004 5365 Joan.
1040 5325 1169 5375 xvu,
1202 5310 1288 5365 l5.
1365 5311 1412 5342 ’δ
1438 5310 1594 5368 Joau.
1626 5328 1679 5380 χ,
1711 5314 1800 5370 50.
1873 5315 1919 5347 ’⁸
1945 5313 2100 5371 Joan.
2128 5333 2266 5382 xvu,
2298 5316 2386 5374 25.

793 5461 899 5538 (96)
930 5461 1107 5538 Serua.
1133 5462 1581 5538 Tﬁpethobserva.
1616 5468 1723 5520 Aut
1751 5469 1911 5523 etiam
1949 5479 2115 5536 tuere,
2150 5473 2274 5525 reti-

833 5533 999 5600 Supra
1027 5532 1119 5585 lib.
1154 5532 1301 5588 t:"1n
1333 5532 1593 5605 principio
1621 5548 1754 5606 erat,
1787 5555 1933 5594 serva
1965 5532 2110 5610 quod
2135 5553 2267 5607 erat,

793 5669 902 5750 (Q7)
932 5669 986 5724 Is
1010 5677 1145 5750 enim
1179 5677 1287 5744 qui.
1320 5674 1551 5750 Videtur
1579 5676 1680 5750 huc
1723 5657 1856 5735 velle
1884 5695 1899 5733 :
1939 5683 1983 5736 is
2011 5682 2145 5735 enim
2184 5682 2273 5749 qui

716 5749 792 5794 est
812 5747 864 5796 nt
883 5757 941 5797 eo
964 5747 1051 5801 oui
1074 5758 1170 5804 est.
1199 5765 1296 5803 non
1315 5747 1426 5801 ideo
1450 5748 1768 5823 ἁνυπάργει,
1792 5751 1886 5807 hoc
1909 5764 2006 5816 est,
2033 5769 2133 5807 non
2157 5747 2271 5808 ideo

2376 5489 2480 5548 non
2525 5475 2780 5548 subsistit.
2814 5475 2899 5548 Alt
2927 5477 3041 5531 ideo
3080 5474 3238 5531 Pater
3271 5477 3592 5548 ἀνυπάρχει.
3642 5495 3747 5532 non
3782 5481 3927 5533 autsi-

2378 5545 2488 5609 stit,
2507 5547 2630 5614 quia
2656 5559 2732 5622 est
2762 5545 3036 5622 _in_Filio_?
3067 5550 3277 5622 Igitur_
3297 5545 3671 5622 nequir—Filius
3706 5550 3927 5622 ἀνδκὰρτ

2379 5631 2482 5686 χει,
2507 5631 2610 5668 non
2631 5617 2882 5678 subsistit,
2906 5619 3029 5686 quia
3053 5629 3127 5670 est
3157 5620 3212 5671 in
3245 5617 3416 5671 Patre.
3448 5617 3695 5686 Respicit
3727 5626 3792 5673 ad
3817 5617 3924 5675 ilitid

2376 5679 2725 5811 ἔξηῧᾶιξὲοίδ,
2754 5697 2809 5744 et
2840 5679 2952 5758 atv,
2978 5687 3066 5757 10,
3100 5690 3158 5744 Η
3189 5705 3202 5742 :
3232 5685 3395 5744 Pater
3424 5689 3479 5742 in
3513 5679 3593 5743 me
3632 5701 3732 5754 est,
3768 5707 3811 5751 et
3845 5711 3922 5766 ego
