4048 6322
185 337 341 399 1065

1049 335 1140 391 DE
1177 333 1336 393 FIDE
1371 332 1748 393 ADVERSUS
1781 332 2201 391 SABELLIUM.
2243 362 2308 373 -—-
2350 332 2482 389 mB.
2516 331 2580 390 ll.

3346 334 3485 396 1068

181 457 291 528 qui
330 464 413 511 est
442 452 675 525 genitus.
710 449 817 505 Sed
848 450 894 507 si
926 466 1032 506 non
1065 462 1149 507 est
1180 452 1371 512 Filius,
1414 462 1467 507 et
1512 451 1787 521 quomodo
1816 455 1863 512 Α
1893 458 2118 519 pr0pter
2152 458 2427 502 naturam.
2491 448 2569 503 Ex
2613 446 2836 520 Virgine
2877 448 2929 504 in
2986 450 3297 508 novissimis
3340 463 3483 507 tem-

182 558 327 604 sunt
360 563 421 603 ea
450 561 569 616 qua:
598 560 692 614 per
732 543 927 597 Filium
950 543 1089 598 facta
1123 555 1247 598 sunt
1271 544 1296 597 ?
1320 543 1435 597 Non
1464 556 1548 599 est
1578 544 1785 599 Filius:

184 646 247 691 et
276 652 396 704 quze
424 646 506 687 est
532 633 694 699 spes?
725 632 837 686 Non
865 644 950 686 est
999 636 1089 701 qui
1116 634 1327 702 judicat
1361 652 1377 689 :
1413 644 1467 687 et
1523 635 1792 704 quemad-

186 729 411 783 modum
442 725 746 793 judicium?
773 725 888 779 Non
911 736 993 780 est
1015 727 1105 796 qui
1137 736 1364 779 coronat
1394 746 1406 781 :
1437 737 1491 780 et
1518 729 1789 795 quomodo

184 817 449 873 latiores?
479 818 569 872 Est
619 835 758 873 unus
788 835 948 889 quetn
991 819 1171 873 nullus
1209 820 1417 888 genuit,
1451 829 1504 873 et
1536 821 1788 889 unigeni-

180 919 283 965 tus
315 926 471 979 quem
505 927 641 964 unus
671 913 877 981 genuit.
905 911 1112 967 Genuit
1144 927 1277 966 sane
1328 913 1739 981 itnpassibiliter
1768 924 1783 967 ι

183 1017 305 1058 non
334 1014 391 1057 ut
428 1020 553 1072 nos,
603 1006 694 1060 sed
737 1015 797 1059 ut
841 1004 927 1059 ille
962 1022 977 1059 :
1027 1021 1132 1058 non
1166 1015 1224 1060 ut
1255 1005 1450 1073 plantae
1494 1022 1616 1076 quae
1645 1006 1785 1077 apud

178 1110 295 1152 nos
318 1106 466 1159 sunt,
492 1112 596 1151 non
632 1109 691 1151 ut
718 1096 913 1161 fontes,
942 1114 1046 1151 non
1085 1109 1143 1151 ut
1170 1097 1246 1152 sol
1281 1116 1295 1151 :
1336 1098 1469 1153 nihil
1500 1100 1645 1153 enim
1684 1102 1783 1154 Ito-

182 1203 315 1244 runt
353 1205 474 1260 quae
509 1190 601 1245 hic
625 1199 773 1254 sunt,
812 1190 1167 1258 interpretari
1200 1189 1345 1247 illam
1375 1193 1782 1261 generationem

181 1290 439 1351 possunt.
468 1278 694 1337 Omnem
730 1281 877 1336 enim
909 1281 1176 1336 turbelam
1214 1281 1469 1338 humana:
1496 1298 1781 1353 compara-

179 1373 368 1429 tiones
384 1374 608 1438 iaciunt,
625 1389 746 1429 cum
768 1373 1060 1443 accipimus
1076 1388 1181 1427 non
1207 1374 1401 1429 similia
1423 1376 1489 1429 ad
1510 1376 1780 1446 interpre-

181 1465 449 1520 tationem
478 1479 663 1519 eorum
692 1480 814 1534 quae
842 1465 1183 1534 interpretari
1220 1477 1328 1520 non
1373 1476 1620 1536 possunt.
1656 1466 1783 1523 Ideo

181 1553 344 1622 lites,
378 1556 499 1610 ideo
539 1571 733 1626 pugnae
775 1568 1092 1611 nascuntur.
1136 1556 1193 1611 Si
1241 1564 1419 1613 antem
1453 1561 1783 1617 tacuerimus

180 1662 253 1701 ea
289 1663 405 1716 qua:
438 1664 599 1717 supra
628 1662 815 1703 vocem
857 1658 1004 1713 sunt,
1035 1659 1091 1706 et
1132 1650 1431 1706 dixerimus
1479 1654 1777 1722 possibilia,

180 1739 423 1793 cessabit
455 1739 672 1793 bellum.
709 1739 850 1808 Quid
903 1755 1035 1809 ergo
1067 1742 1314 1798 dicemus
1349 1744 1374 1798 ἲ
1417 1743 1485 1798 In
1517 1747 1778 1816 principio

177 1842 302 1883 erat
335 1828 581 1887 Verbum.
611 1831 745 1899 Quis
778 1834 953 1888 adhuc
978 1835 1181 1903 poterit
1212 1837 1463 1907 jurgari?
1493 1838 1627 1893 Nam
1652 1850 1706 1894 et
1732 1842 1775 1897 si

172 1919 459 1989 iurgatur,
488 1938 593 1981 non
647 1924 741 1978 tibi
772 1927 867 1981 sed
891 1924 1112 1991 Joanni,
1162 1937 1217 1984 et
1249 1932 1453 2000 pectori
1503 1932 1718 1989 Domini
1746 1948 1778 1989 a

178 2028 298 2082 quo
326 2014 505 2070 hausit
526 2014 783 2074 Joannes.
827 2017 966 2085 Quid
991 2020 1254 2090 relinquis
1277 2037 1340 2077 ea
1372 2039 1492 2094 qua
1516 2035 1641 2080 sunt
1663 2026 1780 2082 sine

180 2107 450 2175 periculo,
484 2118 538 2164 et
587 2109 640 2164 in
668 2109 927 2166 ﬂuctibus
968 2123 1366 2182 tempestatum
1419 2118 1779 2185 pericliteris?

182 2196 311 2255 Noli
335 2202 516 2256 dicere
548 2212 659 2268 tua,
694 2214 749 2258 et
778 2204 960 2259 nullus
990 2214 1044 2259 te
1068 2208 1270 2276 arguit.
1302 2207 1476 2265 Dicito
1504 2225 1623 2279 quae
1653 2214 1780 2266 scri-

181 2300 282 2363 pta
313 2304 459 2359 sunt,
493 2304 548 2350 et
587 2297 766 2351 nullus
808 2307 859 2351 te
901 2299 1252 2367 reprehendit
1286 2320 1300 2356 :
1336 2304 1554 2357 etiamsi
1596 2320 1780 2375 repre-

178 2385 460 2453 henderit,
498 2391 851 2457 semetipsum
911 2392 1111 2461 potius,
1148 2404 1203 2447 et
1250 2410 1356 2448 non
1396 2404 1469 2451 te.
1503 2397 1602 2463 Qui
1632 2398 1777 2453 enim

176 2476 371 2534 divina
412 2482 780 2550 reprehendit,
807 2484 990 2539 divina
1038 2486 1255 2555 quidem
1292 2501 1397 2543 non
1431 2489 1664 2557 delebit;
1695 2508 1780 2547 se-

178 2572 475 2638 metipsum
510 2573 741 2629 alienum
790 2594 819 2630 a
858 2577 1057 2634 divinis
1094 2582 1413 2636 constituet.
1472 2582 1668 2648 Dicito,
1709 2584 1777 2639 In

176 2664 445 2733 principio
500 2678 613 2719 erat
655 2666 899 2737 Verbum,
958 2680 1014 2725 et
1079 2672 1459 2743 relinquuntur
1510 2685 1773 2743 tempora.

186 2754 393 2820 Dicito,
423 2756 492 2810 In
528 2760 786 2829 principio
809 2773 945 2827 erat,
970 2772 1025 2818 et
1056 2765 1314 2821 deliciunt
1342 2767 1554 2823 secula.
1582 2769 1774 2834 Dicito,

180 2845 257 2901 In
294 2849 555 2917 principio
590 2865 729 2917 erat,
764 2863 819 2907 et
863 2855 993 2909 nihil
1026 2872 1147 2911 cum
1196 2858 1313 2927 ipso
1358 2868 1475 2915 erat
1516 2858 1773 2916 Verbum.

179 2936 327 3003 Quia
367 2953 497 3007 ergo
542 2950 657 2995 erat
686 2942 894 2998 dictum
952 2953 1055 3010 est,
1111 2962 1177 3001 ne
1225 2958 1380 3016 putes
1412 2964 1601 3005 vocem
1634 2968 1647 3003 :
1676 2965 1777 3005 vox

177 3032 355 3097 enim,
402 3045 514 3089 erat
549 3051 654 3091 non
684 3039 941 3107 suscipiet
984 3058 1003 3093 :
1042 3042 1085 3095 si
1122 3043 1344 3111 quidem
1383 3060 1504 3098 cum
1558 3044 1775 3105 dicitur.

181 3131 318 3178 tunc
348 3125 598 3182 eilicitur.
653 3126 836 3197 Neque
880 3132 1025 3193 enim
1087 3144 1380 3202 antequam
1418 3136 1627 3190 dicatur
1670 3146 1773 3197 est,
1802 3156 1847 3215 ρ

178 3228 363 3283 neque
392 3229 574 3285 postea
634 3235 792 3287 quam
842 3222 1007 3276 fuerit
1048 3226 1214 3287 dicta,
1269 3235 1381 3278 erat
1418 3226 1601 3280 habet.
1636 3226 1772 3291 Quia

178 3322 320 3377 ergo
352 3321 485 3375 erat,
538 3328 641 3365 non
675 3329 778 3366 vox
828 3326 930 3379 est,
965 3318 1057 3369 sed
1112 3315 1347 3369 Verbum
1400 3335 1416 3372 :
1456 3318 1612 3384 quale
1644 3318 1774 3373 Ver-

180 3397 355 3453 Dum‘i
407 3400 462 3454 Si
519 3417 627 3455 non
659 3404 794 3455 dixit
834 3401 1090 3472 Joannes,
1121 3423 1428 3475 quaeramus
1470 3408 1556 3462 :si
1597 3420 1775 3463 autem

184 3492 349 3554 dixit,
390 3496 518 3561 quid
561 3497 897 3564 quaeremus?
936 3496 1005 3551 Et
1038 3499 1198 3567 Deus,
1240 3501 1437 3569 inquit,
1482 3512 1597 3554 erat
1641 3500 1776 3554 Ver-

182 3584 335 3638 bum.
368 3586 442 3640 Tu
476 3590 610 3642 dicis
633 3605 841 3655 vocem,
873 3590 1111 3646 Joannes
1148 3603 1328 3645 autem
1370 3592 1467 3654 ait,
1498 3606 1608 3646 erat
1650 3592 1776 3646 Ver-

185 3677 338 3732 bum.
381 3680 445 3733 Et
474 3682 515 3734 si
547 3682 633 3734 ille
662 3683 881 3745 dixerit,
915 3682 980 3735 Et
1022 3680 1240 3736 Verbum
1277 3695 1387 3736 erat
1414 3686 1555 3751 apud
1591 3685 1774 3751 Deum,

186 3774 253 3823 tu
286 3770 417 3823 dicis
442 3773 491 3823 in
522 3772 647 3835 Deo,
676 3784 728 3826 et
763 3788 868 3827 non
892 3775 1032 3841 apud
1064 3774 1251 3827 Deum.
1278 3772 1347 3828 Ut
1380 3776 1523 3827 enim
1550 3778 1639 3837 sit,
1672 3792 1776 3829 non

181 3870 375 3919 tatnen
411 3875 469 3917 ut
504 3866 773 3935 cogitatus
825 3868 894 3919 sit
928 3885 941 3922 :
980 3882 1156 3935 neque
1198 3867 1393 3920 iterum
1438 3877 1494 3920 ut
1524 3882 1646 3927 vox.
1684 3869 1778 3921 sed

179 3952 361 4011 Filius
395 3973 410 4009 :
443 3972 543 4009 vox
576 3958 718 4011 enim
768 3958 928 4012 habet
964 3958 1157 4012 fratres
1193 3977 1206 4012 :
1236 3959 1337 4012 mei
1391 3962 1535 4013 enim
1575 3961 1666 4029 qui
1700 3960 1779 4012 di-

178 4060 386 4103 cuntur
415 4064 695 4103 sermones
723 4051 993 4120 prioribus
1021 4051 1201 4104 verbis
1235 4061 1358 4103 sunt
1380 4049 1576 4104 fratres
1609 4069 1623 4104 :
1660 4051 1779 4103 uni-

179 4140 403 4210 genitus
426 4151 604 4193 autem
640 4158 742 4194 non
776 4142 1003 4211 suscipit
1037 4141 1254 4195 fratres.
1290 4140 1423 4194 Nam
1459 4152 1513 4195 et
1544 4143 1586 4195 si
1621 4153 1778 4195 vocat

178 4235 403 4291 fratres.
437 4234 891 4301 nuncupationem
931 4235 1116 4289 donat.
1153 4232 1210 4286 Si
1239 4244 1423 4287 autem
1458 4244 1512 4286 et
1542 4234 1776 4287 coitu-re-

177 4323 284 4376 des
310 4337 515 4386 sumus,
547 4339 653 4376 non
697 4334 905 4377 natura:
936 4324 1032 4377 sed
1074 4323 1263 4392 gloria!
1309 4324 1607 4393 accipimus
1636 4322 1772 4396 (98).

176 4416 270 4471 Ad
297 4417 440 4469 illam
467 4418 611 4469 enim
660 4426 909 4470 naturam
942 4430 1117 4485 neque
1160 4416 1450 4485 pervenies
1479 4427 1555 4478 tu,
1601 4430 1776 4485 neque

1892 544 2134 611 poribus,
2190 555 2257 595 ex
2310 541 2419 595 Deo
2469 550 2597 594 ante
2649 542 2868 595 saecula.
2925 542 2999 597 Ex
3050 540 3294 616 Virgine,
3357 560 3481 600 cum

1892 632 2243 696 hominibus;
2296 647 2363 687 ex
2404 631 2514 685 Deo
2553 641 2735 687 autem
2785 644 2911 688 ante
2947 649 3161 691 omnes.
3218 635 3343 691 Istic
3389 650 3483 691 er-

1890 740 1959 793 go
1988 734 2043 778 et
2077 725 2535 794 dispensationem
2575 725 2864 791 confitere,
2908 736 2965 782 et
3002 734 3255 782 naturam
3300 728 3484 784 delere

1891 817 2019 882 noli,
2059 832 2156 872 nec
2198 818 2514 888 exStinguas
2556 820 2652 875 tibi
2706 818 2884 875 lumen
2921 819 3019 891 (i).
3072 817 3128 876 Si
3175 821 3394 888 quidem
3425 831 3483 876 et

1889 908 1979 977 qui
2010 908 2198 963 oculos
2225 908 2485 965 claudunt
2514 927 2662 980 suos,
2708 926 2813 967 non
2862 912 3041 968 lumen
3097 912 3476 981 exstinguunt,

1887 1004 1981 1057 sed
2006 1001 2105 1073 ipsi
2136 1002 2338 1058 lumine
2362 1020 2467 1059 non
2503 1005 2775 1059 fruuntur.
2811 1004 2944 1059 Nam
2972 1015 3026 1060 et
3056 1006 3102 1061 si
3124 1005 3249 1076 quis
3290 1005 3477 1060 lumen

1888 1110 2077 1149 verum
2109 1111 2214 1150 non
2258 1097 2421 1152 fuerit
2467 1096 2777 1162 confessus,
2824 1113 2929 1151 non
2980 1098 3110 1152 illud
3156 1099 3323 1163 delet,
3379 1100 3478 1153 sed

1888 1187 2003 1255 ipse
2036 1199 2215 1243 manet
2237 1189 2291 1243 in
2321 1191 2581 1245 tenebris.
2630 1192 2704 1246 ita
2751 1193 2897 1246 enirn
2940 1191 3056 1263 ipse
3088 1192 3256 1249 Filius
3287 1192 3422 1249 dicit
3456 1212 3474 1250 :

1888 1278 1992 1345 Qui
2022 1296 2129 1334 non
2184 1282 2468 1336 crediderit
2508 1284 2561 1337 in
2599 1280 2825 1349 Filium,
2864 1301 2968 1339 non
3012 1285 3229 1350 videbit,
3260 1286 3354 1340 sed
3393 1286 3477 1341 ira

1884 1371 1985 1427 Dei
2007 1383 2182 1428 manet
2217 1391 2375 1444 super
2396 1376 2565 1439 ipsum
2592 1375 2661 1432 ".
2688 1377 2819 1444 Quae
2858 1376 2974 1432 ira?
3011 1376 3103 1433 illa
3136 1379 3323 1450 utique
3355 1393 3479 1450 qua

1886 1464 1955 1517 ab
1980 1464 2157 1521 initio.
2195 1465 2297 1533 Qui
2328 1467 2474 1523 enim
2523 1483 2634 1524 non
2666 1469 2973 1525 .conlitetur
3012 1486 3137 1526 eum
3183 1487 3279 1542 per
3312 1487 3476 1543 quem

1884 1566 2175 1612 revocatur
2211 1560 2505 1625 sententia,
2536 1561 2648 1629 ipse
2684 1562 2972 1617 adversum
3001 1578 3061 1617 se
3091 1563 3268 1633 ipsum
3319 1580 3480 1621 revo-

1881 1657 1972 1703 cat
2007 1650 2357 1704 sestentiam.
2388 1649 2609 1721 Negotia
2649 1654 2796 1707 enim
2827 1666 3081 1724 separata
3127 1656 3331 1713 habent
3372 1671 3478 1713 ua-

1884 1747 2062 1793 turam
2097 1756 2111 1793 :
2142 1742 2312 1797 nostri
2351 1754 2532 1798 autem
2555 1745 2821 1813 cogitatus
2854 1745 3129 1816 accipiunt
3166 1746 3475 1813 l‘ructum,a

1884 1832 2116 1888 veritate
2137 1833 2356 1903 quidem
2387 1836 2573 1899 vitam,
2606 1851 2635 1889 a
2662 1836 2947 1892 mendacio
2981 1846 3161 1893 autem
3193 1853 3387 1894 noxam
3416 1850 3475 1896 et

1882 1924 2259 1994 perditionem.
2294 1926 2352 1980 Si
2384 1928 2507 1996 quis
2537 1928 2683 1982 enim
2728 1928 3063 1998 percusserit
3104 1939 3267 2000 caput
3310 1946 3473 1989 suum

1882 2014 1948 2069 ad
1985 2028 2215 2086 petram,
2246 2028 2398 2087 petra
2431 2020 2649 2088 quidem
2691 2020 2805 2089 ipsa
2838 2030 3042 2088 manet,
3086 2032 3253 2091 caput
3286 2033 3469 2078 autem

1880 2104 1950 2159 ab
1982 2106 2290 2177 insipientia
2334 2110 2532 2179 accipit
2563 2108 2798 2178 plagam,
2840 2108 2981 2166 forte
3009 2120 3190 2173 autem
3225 2120 3281 2167 et
3324 2113 3472 2181 peri-

1886 2199 2087 2255 culum.
2134 2201 2275 2255 Dicit
2333 2216 2465 2257 sane
2519 2210 2575 2257 et
2631 2200 2923 2270 Apostolus
2976 2218 2992 2256 :
3040 2199 3471 2258 Fundamentum

1879 2291 2028 2346 aliud
2048 2309 2198 2346 nemo
2223 2302 2391 2363 potest
2410 2310 2605 2363 ponere
2648 2305 2841 2364 preter
2866 2312 2985 2349 eum
3023 2297 3114 2365 qui
3148 2306 3223 2350 est
3264 2299 3471 2366 positus

1880 2380 2120 2437 Christus
2170 2383 2326 2439 Jesus
2368 2388 2451 2453 ⁹⁹;
2516 2397 2572 2441 et
2619 2386 2812 2441 iterum
2863 2406 2879 2444 :
2928 2385 3091 2443 Petra
3147 2401 3325 2443 autem
3357 2401 3472 2445 erat

1878 2473 2185 2529 Christus‘.
2233 2476 2291 2531 Si
2324 2477 2393 2531 ad
2439 2478 2600 2532 istam
2652 2488 2864 2549 petram
2915 2490 3079 2550 caput
3130 2483 3471 2551 percusseris

1879 2576 2049 2628 tuum,
2085 2568 2314 2623 scissum
2342 2579 2428 2624 est
2457 2570 2601 2640 quod
2645 2571 2862 2627 volebas
2892 2590 2905 2627 :
2950 2573 2996 2627 si
3028 2583 3207 2629 autem
3250 2576 3469 2632 confes-

1878 2674 1975 2715 sus
2002 2658 2172 2714 lueris
2206 2661 2410 2726 lumen,
2444 2661 2671 2718 habebis
2714 2666 2857 2732 quod
2890 2667 3195 2724 conllteris.
3230 2666 3289 2723 Si
3320 2668 3468 2723 enim

1877 2751 2102 2818 apostoli
2137 2752 2459 2820 quibusdam
2494 2753 2712 2821 quidem
2742 2754 2877 2811 odor
2906 2757 3098 2812 mortis
3130 2758 3197 2811 ad
3230 2766 3464 2812 mortem

1878 2850 2025 2905 sunt,
2052 2840 2378 2909 quihusdam
2417 2854 2595 2897 autem
2641 2846 2778 2898 odor
2819 2848 2943 2899 vitae
2978 2847 3046 2901 ad
3083 2848 3280 2912 vitam;
3317 2848 3362 2903 si
3392 2846 3469 2902 illi

1877 2930 1967 2998 qui
2011 2946 2105 2995 per
2144 2930 2419 2987 Christum
2466 2934 2545 2987 sal
2591 2943 2739 3000 sutit,
2787 2945 2838 2989 et
2893 2938 2985 3005 qui
3040 2954 3137 3008 per
3192 2939 3469 2995 Christum

1878 3021 2163 3077 luminaria
2197 3023 2524 3088 eﬂlciuntur,
2565 3026 2633 3078 ad
2674 3037 2902 3081 mortem
2952 3038 3005 3083 et
3054 3032 3121 3083 ad
3166 3031 3333 3085 vitam
3385 3031 3471 3085 bis

1879 3114 1968 3183 qui
2009 3116 2235 3169 credunt
2261 3126 2316 3169 et
2345 3119 2434 3185 qui
2485 3134 2588 3171 non
2638 3120 2869 3174 credunt
2918 3122 3190 3177 habentur
3219 3142 3234 3177 :
3266 3136 3472 3194 quanto

1882 3206 2050 3274 magis
2088 3207 2132 3261 is
2174 3208 2262 3275 qui
2308 3208 2530 3263 donavit
2577 3210 2693 3266 btec
2735 3211 3049 3268 hominibus
3083 3214 3373 3270 Christus?
3412 3216 3471 3271 Si

1878 3298 2015 3365 quis,
2064 3298 2257 3367 inquit,
2314 3315 2403 3353 vos
2442 3315 2543 3353 non
2592 3304 2901 3372 susceperit,
2963 3316 3205 3358 exeuntes
3246 3309 3473 3361 excutite

1880 3392 2139 3453 pulverem
2183 3400 2247 3445 de
2286 3394 2505 3461 pedibus
2533 3395 2717 3447 vestris
2760 3411 2779 3449 .'
2822 3398 3149 3451 tolerabilius
3189 3400 3327 3453 enim
3366 3402 3472 3453 erit

1881 3491 2035 3535 terrm
2082 3483 2439 3538 Sodomorum
2471 3503 2527 3539 ιη
2571 3489 2654 3540 die
2686 3487 2898 3557 iudicii,
2942 3508 3101 3560 quam
3140 3492 3337 3545 ciuitati
3388 3493 3472 3549 illi

1877 3589 1993 3641 qua:
2012 3590 2094 3627 vos
2126 3591 2227 3628 non
2254 3576 2473 3644 suscipit
2503 3578 2592 3646 qui
2617 3594 2650 3629 α
2679 3594 2760 3632 me
2794 3581 2941 3633 missi
2971 3584 3095 3635 estis
3124 3584 3163 3635 ¹.
3195 3584 3249 3638 Si
3288 3597 3468 3641 autem

1880 3667 2003 3734 quis
2028 3666 2200 3734 ipsum
2236 3684 2340 3721 non
2368 3670 2669 3738 susceperit
2694 3672 2970 3725 Christum
3010 3692 3021 3727 :
3064 3678 3191 3743 quid
3229 3678 3274 3730 si
3301 3680 3468 3732 etiam

1883 3774 1987 3810 non
2016 3758 2189 3811 solum
2221 3774 2326 3812 non
2359 3761 2683 3829 susceperit,
2711 3764 2805 3818 sed
2849 3766 3163 3821 interimere
3199 3770 3473 3827 voluerit?

1880 3848 1922 3901 si
1945 3863 2111 3902 ausus
2141 3852 2262 3918 quis
2301 3850 2463 3904 fuerit
2486 3853 2688 3911 dicere,
2718 3856 2842 3921 quia
2880 3857 2997 3910 sine
3022 3857 3158 3913 Filio
3190 3872 3275 3915 est
3298 3860 3464 3927 Deus,

1878 3950 1972 4013 aut
2002 3942 2124 4007 quia
2180 3944 2298 3995 sine
2342 3941 2505 3996 Patre
2553 3954 2638 3997 est
2687 3945 2899 3999 Filius?
2951 3946 3077 4001 llaec
3126 3950 3271 4003 enim
3320 3965 3469 4009 nunc

1880 4031 2098 4097 quidam
2146 4031 2551 4085 calumniantur
2592 4035 2860 4098 dicentes,
2910 4039 3037 4106 quia
3071 4039 3186 4107 ipse
3228 4043 3331 4097 sibi
3382 4054 3475 4100 est

1879 4119 2062 4182 Pater,
2099 4119 2213 4188 ipse
2240 4130 2327 4174 est
2353 4133 2407 4175 et
2433 4120 2622 4187 Filius,
2654 4134 2836 4178 etnon
2879 4137 2962 4180 est
3004 4127 3195 4186 Filius.
3233 4130 3291 4186 Si
3320 4133 3467 4188 enim

1877 4209 2042 4266 Pater
2066 4214 2175 4283 ipse
2199 4214 2301 4267 sibi
2340 4225 2424 4268 est
2454 4225 2638 4285 pater,
2685 4233 2789 4271 non
2822 4230 2907 4273 est
2955 4218 3137 4287 Pater,
3184 4227 3311 4294 quia
3351 4227 3471 4295 ipse

1876 4304 1978 4357 sibi
2030 4316 2084 4357 et
2138 4306 2279 4359 illius
2339 4318 2439 4367 est,
2490 4318 2547 4361 ut
2585 4312 2754 4363 aiunt.
2802 4310 3060 4367 Ludimus
3107 4313 3163 4368 itt
3209 4314 3457 4373 divinis:

1878 4391 2271 4447 irrationabilia
2297 4396 2441 4448 enim
2481 4394 2585 4449 ista
2616 4412 2683 4450 ne
2713 4399 2930 4466 quidem
2957 4401 3110 4469 parvi
3143 4405 3466 4474 suscipiunt.

179 4508 330 4563 unus
368 4509 659 4577 perveniet.
701 4508 857 4562 Sicut
886 4481 1042 4563 enin"
1068 4481 1231 4562 psi“.
1267 4509 1487 4575 eminel’
1518 4519 1572 4563 et
1610 4481 1773 4579 sui)“
1807 4510 1850 4564 υ
1882 4481 1959 4537 De
1989 4484 2073 4537 his
2116 4499 2249 4539 sane
2286 4490 2632 4542 sermonibus
2668 4506 2831 4543 unum
2875 4490 3253 4549 brevissimum
3287 4496 3467 4551 inlati-

177 4612 403 4653 omnem
432 4588 677 4652 naturam
695 4610 777 4653 est
803 4602 945 4669 quod
969 4610 1047 4654 est
1068 4615 1173 4654 non
1193 4610 1351 4655 natus
1375 4618 1389 4654 :
1424 4601 1495 4653 ita
1523 4612 1576 4653 et
1603 4600 1770 4655 Filius

176 4704 351 4757 δῦνε-ει
381 4702 571 4743 omnes
602 4690 834 4744 habetur
868 4689 920 4743 in
952 4706 1016 4745 eo
1048 4692 1194 4759 quod
1223 4700 1302 4745 est
1331 4692 1613 4760 progenies
1639 4706 1769 4745 vera

180 4779 331 4837 Deus
357 4781 497 4850 apud
531 4781 723 4847 Deum,
756 4782 895 4837 Deus
930 4784 995 4837 ad
1028 4783 1306 4837 dexteram
1340 4784 1453 4843 Dei.
1489 4783 1628 4837 Deus
1655 4782 1768 4837 for-

178 4874 277 4937 tis,
310 4873 450 4927 Deus
479 4887 639 4941 quem
686 4875 838 4927 unxit
869 4872 1033 4928 Deus.
1080 4873 1394 4943 Agnoscitis
1450 4873 1764 4942 prephetica

178 4964 353 5018 verba
384 4962 520 5035 (99).
556 4963 695 5029 Quid
725 4966 801 5018 ait
829 4966 1088 5036 propheta
1120 4965 1330 5018 David?
1357 4964 1485 5019 Ideo
1522 4966 1670 5019 unxit
1696 4978 1765 5030 te,

176 5056 347 5116 Deus.
371 5055 511 5109 Deus
535 5066 652 5109 tuus
672 5055 740 5109 ".
772 5054 903 5110 Nam
932 5067 986 5111 et
1007 5056 1162 5112 fortis
1193 5057 1367 5111 dictus
1405 5069 1490 5111 est
1521 5054 1766 5120 a'blsaia,

172 5158 234 5203 et
268 5147 407 5201 Deus
436 5144 705 5205 uobiscum
728 5148 795 5212 ",
836 5163 957 5201 cum
983 5164 1049 5201 ex
1074 5148 1315 5219 Virgine.
1353 5148 1467 5202 Non
1487 5165 1616 5217 ergo
1646 5165 1768 5203 cum

172 5253 247 5292 ex
294 5238 513 5308 Virgine
556 5249 685 5293 tunc
734 5237 899 5303 Deus,
946 5240 1040 5293 sed
1101 5241 1384 5295 nobiscum
1438 5250 1586 5294 tunc.
1647 5240 1763 5295 Non

173 5327 417 5401 primum
454 5345 521 5384 ex
562 5327 804 5400 Virgine,
845 5332 937 5383 sed
973 5330 1205 5397 primum
1246 5344 1313 5386 ex
1354 5331 1483 5385 Deo.
1529 5332 1603 5387 Ex
1648 5332 1765 5385 Vir-

172 5420 308 5494 gine
353 5424 495 5476 enim
545 5435 769 5494 propter
806 5423 1287 5494 diSpensationem,
1327 5438 1392 5478 ex
1436 5426 1541 5479 Deo
1579 5435 1762 5479 autem

248 5530 298 5564 "
322 5529 468 5587 Psal.
501 5549 642 5600 κων,
668 5534 724 5590 8.

172 5613 235 5669 x,
260 5602 348 5666 14,
378 5603 467 5661 l5.

250 5702 367 5848 ἐξ)
394 5704 492 5761 his.
524 5703 650 5760 Non
688 5715 933 5760 naturam
962 5705 1302 5786 sedglorism
1327 5708 1638 5761 cecinimus.

341 5782 363 5848 )
394 5776 493 5831 Ms.
522 5777 804 5847 Aguoscite
834 5778 1140 5847 prapltsttca
1175 5778 1347 5832 verba.

341 5782 363 5850 )
394 5776 493 5831 Ms.
522 5777 804 5847 Aguoscite
834 5776 1140 5847 prapltstiea
1175 5778 1347 5832 verba.

419 5871 699 5931 Panos.
730 5866 848 5930 Gn.
873 5866 1111 5933 XXIV.

826 5536 870 5568 θ’
891 5536 1002 5593 lsa.
1021 5552 1074 5605 v,
1102 5536 1179 5603 6;
1208 5552 1304 5599 vn,
1337 5538 1425 5594 14.

1540 5538 1587 5571 ’⁸
1617 5536 1772 5594 Joan.
1812 5553 1903 5603 nt,
1928 5537 2018 5601 36.

1885 4585 1991 4628 tem
2034 4577 2326 4647 interroga,
2356 4580 2446 4647 qui
2483 4582 2657 4649 prima
2695 4591 2881 4650 utpote
2932 4600 3064 4639 voce
3101 4586 3469 4655 qualitercun-

1878 4682 1986 4736 que
2009 4670 2240 4737 coeperit
2282 4670 2450 4742 loqui,
2488 4684 2542 4729 et
2569 4678 2732 4733 dicito
2752 4681 2838 4734 ei;
2870 4680 3031 4734 Pater
3058 4691 3182 4735 tuus
3220 4682 3309 4735 ubi
3347 4688 3470 4739 est?

1876 4759 1985 4812 Aut
2019 4761 2158 4814 sicut
2187 4777 2593 4821 consueverunt
2642 4768 2885 4824 infantes
2924 4784 3135 4842 patrem
3184 4773 3463 4842 appellare

1877 4858 1923 4909 si
1966 4858 2317 4928 semetipsum
2367 4864 2700 4928 ostenderit,
2762 4870 2942 4937 arguit
2996 4884 3085 4922 me
3138 4870 3319 4924 iulans
3362 4891 3377 4927 :
3421 4874 3467 4926 si

1876 4959 2057 5003 autem
2094 4953 2354 5020 parvulus
2386 4956 2569 5008 statim
2608 4965 2668 5009 ut
2698 4952 2863 5012 fuerit
2900 4959 3267 5030 interrogatus
3301 4967 3466 5021 intel-

1878 5043 2074 5096 lexerit
2108 5048 2237 5113 quid
2268 5048 2469 5116 queris
2512 5048 2581 5103 ab
2612 5063 2699 5114 eo,
2735 5065 2859 5104 eum
2908 5053 2999 5120 qui
3048 5068 3108 5108 se
3148 5058 3335 5124 genuit
3370 5073 3463 5113 os-

1884 5141 2056 5197 tendit
2090 5161 2103 5196 :
2138 5142 2261 5196 vide
2306 5141 2436 5212 quid
2485 5142 2661 5197 audis.
2718 5143 2853 5198 Cum
2908 5156 3091 5199 autem
3142 5149 3465 5206 benedictus

1873 5236 2067 5301 Filius,
2101 5244 2291 5290 tenens
2320 5249 2541 5304 panem,
2584 5235 2727 5290 levat
2755 5252 2947 5292 manus
2974 5254 3100 5294 suas
3129 5256 3369 5306 sursum,
3405 5253 3461 5299 ut

1874 5340 2021 5386 tuam
2059 5342 2294 5386 mentem
2325 5332 2391 5383 ad
2420 5345 2542 5384 eum
2580 5333 2668 5400 qui
2702 5346 2761 5387 se
2793 5334 2977 5400 genuit
3011 5334 3258 5399 extollat,
3297 5352 3461 5394 nosce

1870 5424 2110 5489 Patrem,
2145 5434 2199 5479 et
2224 5437 2375 5478 cessa
2420 5438 2621 5494 negare
2654 5423 2873 5479 Filium.
2910 5426 2967 5481 Si
3011 5427 3177 5500 igitur
3206 5428 3465 5500 Uuigeui-

2127 5538 2173 5570 ”
2199 5537 2217 5591 l
2244 5536 2371 5593 Cor.
2413 5554 2494 5605 in,
2521 5541 2580 5596 li
2717 5542 2733 5572 ¹
2764 5542 2784 5595 l
2811 5539 2937 5596 Cor.
2984 5556 3041 5607 ι,
3064 5544 3122 5596 δ.
3222 5545 3244 5577 ¹¹
3268 5543 3463 5604 Matth.

1940 5704 2019 5777 (i)
2056 5702 2155 5761 Ms.
2179 5700 2263 5760 Ne
2282 5706 2591 5777 exstinguas
2621 5705 2936 5762 tibilumen.

3014 5869 3095 5926 in
