4048 6322
649 353 786 409 1067

1331 341 1598 397 ιυδιιιιιι
1635 337 2114 395 υιδιιιιιιςιηδιὸ
2151 337 2302 392 01³1³.
2343 333 2522 391 PARS
2558 334 2646 392 ιη.
2680 365 2750 380 -
2787 333 3211 392 ΒοϐΙΔΊῚΟΔ.

3750 332 3893 389 sees

649 476 740 524 tus
761 463 892 521 dicit
927 481 940 517 :
980 461 1163 525 Peter,
1187 459 1385 540 gratias
1423 476 1521 532 ego
1563 460 1683 525 tibi,
1727 460 1854 530 quia
1896 474 2100 527 «super
2142 473 2220 512 me
2247 459 2294 517 Α
2320 457 2498 511 omnis
2521 457 2711 512 beatus
2734 455 2903 523 audit,
2928 455 3052 510 inde
3081 463 3138 509 et
3169 468 3270 509 nos
3299 451 3540 509 universi
3585 449 3891 507 audientis.

647 555 910 612 σεσειάὶαὲ
937 568 957 606 :
983 552 1074 606 sed
1099 562 1306 622 propter
1326 552 1744 606 circumeuntem
1779 549 2027 620 populum
2051 549 2211 603 istum

650 650 787 709 dico,
817 653 874 699 ut
903 643 1117 698 credant
1148 643 1273 711 quia
1301 653 1358 696 tu
1397 657 1478 696 me
1509 643 1697 696 misisti
1724 641 1763 694 ⁸.
1808 641 1913 695 Ista
1944 641 2209 709 interpre-

652 737 852 792 tatione
897 749 1000 790 non
1044 733 1326 804 indigent:
1354 741 1409 788 et
1439 733 1687 788 sedemus
1716 739 1774 786 ut
1828 730 2113 795 insensati,
2159 738 2214 783 et

649 825 906 882 ludimus.
961 825 1096 880 Num
1162 825 1510 894 semetipsum
1579 823 1763 894 genuit
1826 820 2027 877 Pater?
2084 835 2212 874 num

648 917 998 987 semetipsum
1047 916 1238 972 misit?
1271 930 1397 970 num
1425 916 1769 984 semetipsum
1802 921 1941 976 orat,
1985 921 2040 966 et
2083 911 2214 968 sibi-

648 1009 859 1078 metipsi
886 1009 1088 1079 gratias
1122 1007 1249 1080 agit,
1287 1015 1344 1061 et
1403 1006 1518 1076 ipse
1555 1005 1662 1061 sibi
1713 1015 1798 1060 est
1838 1003 2028 1070 Filius,
2085 1003 2206 1074 ipse

648 1099 749 1154 sibi
789 1108 870 1154 est
901 1099 1162 1168 pontifex,
1197 1099 1308 1169 ipse
1363 1098 1467 1153 sibi
1494 1106 1578 1152 est
1605 1111 1798 1168 agnus,
1835 1095 1951 1167 ipse
1986 1094 2089 1150 sibi
2118 1101 2207 1150 est

651 1189 900 1258 via,ipse
931 1191 1032 1244 sibi
1100 1199 1183 1246 est
1221 1187 1424 1259 ianua?
1471 1188 1537 1244 Et
1579 1189 1700 1258 quis
1733 1190 1867 1254 hac,
1901 1187 2114 1242 etiamsi
2143 1188 2214 1242 sit

651 1281 1146 1350 insipientissimus,
1197 1281 1472 1352 patietur?
1521 1279 1654 1334 Num
1705 1295 1812 1335 una
1869 1293 1970 1334 vox
2029 1290 2113 1334 est
2155 1289 2214 1332 ut

647 1373 1155 1440 circumveniamus,
1190 1389 1291 1427 una
1330 1381 1412 1429 est
1436 1373 1611 1428 littera
1639 1382 1698 1426 ut
1729 1371 2040 1428 deleamus?
2074 1369 2212 1425 Dicit

649 1463 794 1518 enim
844 1465 1033 1518 iterum
1091 1463 1344 1518 Dominus
1391 1463 1585 1520 :‘Ecce
1639 1479 1732 1534 ego
1785 1463 1946 1534 diligo
1997 1461 2213 1518 Patrem

649 1569 821 1608 meum
845 1553 887 1618 ⁵,
920 1569 1010 1622 ego
1042 1553 1237 1608 honoro
1280 1552 1494 1608 Putrem
1519 1569 1691 1608 meum
1714 1555 1757 1618 ',
1799 1569 1954 1620 opera
1974 1568 2092 1623 qua
2118 1567 2210 1623 ego

650 1645 789 1713 facio
809 1646 896 1700 ille
914 1646 1060 1716 facit,
1099 1644 1261 1700 Pater
1297 1663 1442 1701 meus
1481 1647 1718 1716 quotidie
1746 1654 2001 1712 operatur
2037 1655 2086 1700 et
2118 1661 2211 1715 ego

648 1751 835 1804 operor
859 1735 901 1792 ⁸.
931 1737 975 1788 si
1011 1735 1220 1790 creditis
1248 1737 1304 1789 in
1332 1733 1495 1789 Deum
1527 1746 1574 1789 et
1604 1736 1657 1788 in
1693 1751 1774 1788 nte
1814 1735 2047 1801 creditis,
2078 1734 2211 1790 nodo

2314 549 2358 603 Δ
2388 547 2527 604 Filio
2552 549 2687 604 nihil
2726 549 2910 604 audiat
2954 561 3172 614 sponsa,
3210 548 3356 616 quod
3403 559 3512 600 non
3564 553 3658 598 est
3713 542 3894 612 sponsi

2314 640 2418 695 sui.
2451 639 2508 694 Si
2539 641 2752 710 quidem
2783 655 2888 694 non
2915 639 3040 695 licet
3077 652 3290 707 sponsas
3321 637 3551 693 alienam
3607 638 3894 704 suscipere

2315 730 2369 784 in
2416 729 2635 784 auribus
2684 745 2895 793 vocem,
2929 733 3090 786 etiam
3123 730 3171 784 si
3201 727 3401 784 Paulus
3454 730 3623 784 dicat.
3685 728 3795 784 Sed
3839 741 3896 781 It

2313 835 2418 875 non
2445 819 2714 876 dubitaret
2737 835 2934 890 sponsa
2968 821 3036 878 de
3086 820 3273 886 Paulo,
3312 821 3390 875 ait
3422 822 3537 890 ipse
3568 841 3581 876 :
3625 819 3712 875 An
3739 835 3895 888 expe-

2313 912 2588 966 rimentum
2606 914 2843 983 quaeritis
2865 913 2978 981 ejus
2996 913 3086 981 qui
3115 914 3166 964 in
3192 929 3273 965 me
3291 911 3525 978 loquitur
3543 911 3797 968 Christus
3823 910 3896 964 αἳ

2315 1005 2641 1076 Desponsavi
2671 1005 2814 1059 enim
2853 1019 2969 1073 vos,
3010 1005 3200 1076 inquit,
3237 1007 3353 1059 viro
3394 1005 3517 1069 uni;
3555 1021 3669 1060 non
3700 1015 3885 1059 tamen

2313 1098 2530 1168 populo,
2587 1097 2682 1153 sed
2741 1097 2833 1151 uni
2894 1098 3170 1168 unigenito
3226 1111 3333 1151 una
3384 1111 3604 1167 sponsa.
3661 1097 3892 1151 Amicos

2313 1189 2456 1243 enim
2507 1187 2690 1259 sponsi
2737 1188 2825 1243 ille
2860 1199 2945 1244 est
2975 1190 3064 1258 qui
3098 1189 3294 1260 gaudet
3319 1189 3386 1244 de
3435 1203 3642 1260 sponsa
3677 1189 3885 1258 sponsi.

2313 1278 2430 1335 Non
2452 1289 2535 1335 est
2565 1279 2726 1334 vidua
2757 1288 2944 1336 sancta
2977 1280 3236 1337 Ecclesia.
3278 1279 3422 1336 Vivit
3460 1283 3610 1336 enim
3658 1282 3753 1351 qoi
3796 1296 3892 1351 pro

2311 1370 2426 1441 ipsa
2455 1379 2538 1426 est
2577 1381 2844 1426 mortuus.
2896 1371 3080 1443 Angeli
3120 1388 3226 1427 non
3283 1385 3556 1429 mortuum
3610 1375 3890 1430 adorant:

2311 1460 2406 1516 sed
2429 1461 2534 1514 vita
2559 1471 2696 1526 erat,
2735 1469 2873 1526 erat,
2895 1471 3032 1527 erat,
3058 1472 3113 1516 et
3140 1472 3243 1528 est,
3279 1474 3335 1518 et
3370 1479 3472 1518 non
3525 1474 3716 1521 cessat
3749 1478 3887 1519 esse.

2310 1548 2496 1622 Neque
2531 1551 2676 1606 enim
2700 1552 2864 1621 coepit
2887 1566 2918 1606 a
2951 1553 3316 1622 temporibus;
3351 1568 3530 1623 neque
3561 1555 3808 1609 cessavit
3837 1554 3887 1608 ia

2312 1642 2506 1700 secula
2552 1643 2655 1716 (l).
2705 1642 2946 1714 Regum
2993 1645 3138 1700 enim
3191 1642 3305 1713 eius
3337 1661 3440 1701 non
3482 1646 3653 1700 habet
3686 1647 3885 1707 fine:

2314 1736 2441 1807 quia
2475 1751 2579 1792 non
2609 1737 2903 1807 temporale
2940 1737 3222 1808 imperium
3264 1736 3382 1806 eius
3414 1749 3518 1803 est,
3560 1739 3663 1794 sed
3701 1753 3889 1809 perpe

647 1801 718 1880 ad
749 1825 958 1880 Patrem
1000 1843 1170 1881 meum
1193 1827 1237 1882 '.
1261 1825 1475 1881 Gratias
1509 1827 1638 1896 agit,
1670 1833 1810 1889 orat,
1855 1825 1992 1880 viam
2018 1835 2216 1881 semet-
2244 1801 2288 1858 Β
2317 1801 2486 1882 tuum.
2534 1801 2767 1898 Tempus
2798 1829 2944 1884 enim
2986 1801 3400 1885 resurrectionis
3425 1801 3530 1895 est,
3571 1841 3631 1886 et
3675 1801 3888 1901 tempus

648 1918 819 1986 ipsum
847 1927 1025 1984 vocat,
1061 1926 1121 1971 ut
1156 1931 1418 1987 agnoscas
1454 1917 1519 1972 ad
1549 1931 1710 1986 quem
1755 1917 1904 1972 vadis
1936 1935 1950 1971 :
1986 1917 2208 1988 ianuam

649 2011 993 2078 semetipsum
1020 2008 1150 2063 dicit
1176 2016 1222 2072 ⁸,
1251 2017 1311 2062 ιιι
1335 2022 1596 2078 agnoscas
1635 2009 1702 2062 ad
1736 2022 1894 2077 quem
1933 2007 2205 2080 ingredie-

650 2102 725 2154 ris
763 2119 776 2153 :
810 2099 995 2166 Pater,
1024 2100 1217 2168 inquit,
1248 2116 1390 2153 meus
1421 2099 1655 2170 agricola
1677 2108 1776 2165 est,
1808 2111 1856 2155 et
1879 2117 1970 2171 ego
1997 2101 2112 2155 vitis
2140 2101 2162 2134 ⁹
2189 2119 2206 2158 :

647 2191 772 2245 vitis
812 2201 866 2245 et
918 2193 1151 2260 agricola
1191 2207 1331 2246 unus
1387 2192 1503 2246 est?
1555 2189 1705 2247 Hanc
1750 2194 2207 2263 comparationem

647 2283 902 2338 Dominus
927 2283 1082 2350 dixit,
1118 2293 1177 2338 ut
1209 2297 1277 2338 ne
1304 2285 1424 2354 quis
1447 2297 1532 2339 me
1567 2284 1940 2354 reprehendat.
1976 2283 2088 2356 Ego
2112 2299 2209 2338 au-

648 2383 752 2429 tem
794 2375 916 2429 volo
939 2384 998 2430 ut
1025 2391 1111 2430 me
1147 2377 1360 2446 quidem
1408 2389 1596 2432 omnes
1633 2377 1880 2433 homines
1919 2377 2211 2444 reprehen-

643 2465 819 2518 dant:
852 2478 951 2533 ego
991 2475 1172 2518 autem
1217 2463 1384 2518 volo:
1431 2464 1640 2520 Domini
1689 2477 1870 2520 autem
1902 2465 2210 2520 custodiant

645 2554 828 2608 verba.
863 2553 1112 2608 Descendi
1143 2554 1207 2606 de
1245 2553 1371 2606 caslo
1411 2562 1468 2607 ut
1504 2555 1695 2623 faciant
1733 2555 2052 2609 voluntatem
2093 2555 2206 2621 ejus

641 2645 736 2712 qui
775 2659 854 2697 me
884 2644 1022 2696 misit
1050 2644 1093 2676 ¹⁶
1123 2663 1135 2697 :
1164 2642 1397 2698 obedivit
1439 2652 1614 2698 autem
1639 2658 1809 2712 usque
1857 2645 1922 2698 ad
1956 2655 2202 2700 mortem.

645 2732 754 2786 Sed
793 2733 918 2800 quid
969 2748 1110 2786 nunc
1149 2749 1280 2802 opus
1309 2743 1391 2787 est
1420 2733 1610 2788 Pauli?
1648 2749 1950 2803 quanquam
1981 2744 2033 2789 et
2064 2732 2205 2788 Pau-

644 2821 728 2876 lus
758 2837 864 2876 non
893 2824 1204 2878 testimonio
1231 2839 1331 2880 suo
1358 2824 1537 2892 dicat;
1583 2835 1756 2880 tamen
1789 2827 1912 2895 quia
1955 2827 2068 2896 ipse
2101 2825 2205 2881 Do-

643 2915 820 2969 minus
858 2929 961 2969 non
1002 2917 1238 2980 auditur,
1277 2925 1337 2971 ut
1365 2917 1494 2985 quid
1529 2917 1593 2971 de
1631 2918 1939 2972 domesticis
1968 2919 2083 2988 ejus
2119 2927 2204 2972 est

643 3007 863 3061 sermo?
890 3006 978 3060 Vis
1010 3022 1140 3061 sane
1168 3008 1433 3063 honorare
1459 3006 1676 3073 Filium,
1711 3021 1766 3061 ut
1801 3010 1912 3063 vult
1950 3011 2057 3074 ille,
2095 3025 2199 3065 non

644 3107 702 3150 ut
725 3107 779 3150 tu
805 3098 902 3153 vis.
922 3097 1054 3151 Num
1078 3099 1122 3152 si
1149 3098 1352 3154 dixeris
1375 3114 1475 3153 non
1507 3110 1606 3161 est,
1633 3101 1929 3164 houorasti,
1956 3103 1999 3156 si
2029 3102 2196 3155 inter-
2228 3134 2273 3192 ϐ

641 3191 840 3242 emeris
882 3203 1040 3258 quem
1090 3205 1194 3243 non
1261 3198 1548 3258 potuerunt
1597 3189 1799 3245 Judaei?
1840 3191 2006 3246 Judaei
2059 3197 2200 3246 enim

643 3279 966 3333 l'ebrililium
1011 3294 1135 3334 eum
1177 3290 1518 3349 putaverunt,
1548 3293 1598 3334 et
1630 3293 1687 3334 ut
1720 3281 1856 3336 fabri
1909 3283 2072 3337 lilium
2121 3284 2203 3337 in-

643 3369 1002 3435 terfecerunt;
1062 3381 1113 3424 tu
1165 3380 1222 3424 ut
1272 3370 1464 3424 Filium
1518 3373 1606 3424 Dei
1661 3371 1944 3426 interficis.
1996 3372 2100 3426 Sed
2145 3385 2198 3426 tu

641 3461 908 3526 morieris,
951 3476 1054 3514 non
1093 3461 1199 3516 ille.
1236 3462 1352 3516 Non
1381 3463 1522 3517 enim
1569 3478 1631 3515 ex
1671 3464 1754 3517 his
1787 3478 1904 3532 qua:
1960 3472 2014 3518 tu
2046 3465 2198 3528 dicis,

640 3552 730 3604 ille
761 3565 868 3604 non
908 3560 990 3606 est
1023 3564 1040 3603 :
1071 3552 1164 3605 sed
1209 3567 1274 3606 ex
1323 3553 1402 3606 his
1433 3566 1550 3620 quae
1591 3568 1693 3606 non
1737 3556 1932 3620 credis,
1981 3565 2035 3609 tu
2095 3572 2198 3610 non

639 3643 766 3696 eris.
795 3641 922 3708 Quae
964 3645 1165 3713 scripta
1213 3655 1338 3700 sunt
1367 3645 1551 3709 dicito,
1585 3653 1638 3699 et
1669 3647 2076 3717 derelinquetur
2106 3649 2192 3704 lis.

637 3732 753 3786 Non
792 3748 968 3787 meum
999 3742 1052 3788 et
1087 3743 1256 3800 tuum,
1288 3735 1380 3789 sed
1421 3751 1539 3804 qua:
1583 3739 1882 3791 communia
1928 3749 2054 3794 sunt
2093 3739 2196 3794 Ec-

636 3825 833 3879 clesiae.
868 3823 998 3890 Quis
1017 3825 1160 3879 enim
1205 3835 1256 3879 te
1281 3823 1520 3894 iudicat?
1549 3828 1675 3894 quid
1718 3827 1884 3882 habes
1917 3830 2057 3897 quod
2089 3844 2195 3884 non

636 3913 927 3982 accepisti?
959 3913 1074 3967 Non
1105 3914 1204 3968 ista
1225 3923 1306 3968 est
1335 3929 1434 3969 vox
1473 3914 1622 3972 Pauli
1646 3916 1736 3984 qui
1769 3917 1844 3970 ait
1876 3933 1890 3970 :
1929 3915 2014 3971 Ex
2049 3929 2198 3986 parte

635 4004 988 4073 agnoscimus,
1023 4013 1073 4058 et
1104 4019 1166 4059 ea:
1196 4017 1342 4074 parte
1376 4007 1743 4074 prophetamus
1784 4007 1867 4060 “‘l
1916 4006 2040 4062 Hac
2066 4009 2197 4062 dixit

637 4094 851 4161 Paulus,
893 4109 961 4149 ne
1005 4109 1134 4150 sane
1183 4096 1328 4150 solus
1367 4105 1646 4164 putaretur
1694 4110 1758 4150 ex
1798 4107 1973 4166 parte,
2020 4099 2115 4152 sed
2143 4109 2198 4152 et

635 4186 883 4255 Apostoli
916 4202 1036 4241 cum
1061 4187 1177 4256 ipso
1204 4188 1295 4257 qui
1330 4189 1426 4251 ait,
1456 4204 1592 4242 nunc
1611 4189 1844 4243 videmus
1887 4207 1978 4260 per
2011 4207 2197 4261 specu-

635 4277 744 4330 lum
782 4277 846 4330 ¹¹¹.
872 4276 975 4330 Sed
1009 4275 1206 4331 Paulus
1235 4291 1330 4345 per
1361 4278 1635 4345 speculum
1662 4296 1677 4345 ;
1709 4290 1762 4333 tu
1789 4291 1972 4335 autem
2001 4294 2054 4336 et
2077 4283 2196 4337 istic

633 4369 744 4437 iam
761 4369 838 4423 vis
881 4368 1018 4423 facie
1046 4371 1110 4423 ad
1130 4369 1319 4425 faciem
1346 4385 1521 4425 nosse.
1556 4369 2015 4436 Quemadmodum
2067 4389 2196 4429 sane

634 4472 757 4512 eum
776 4459 1036 4512 interimis
1053 4467 1210 4526 quem
1237 4459 1403 4512 rides.
1432 4457 1554 4512 Haec
1573 4459 1716 4527 (2-3)
1739 4459 2051 4516 videbamus
2067 4476 2204 4517 sem-

636 4565 732 4621 per
752 4564 782 4603 a
807 4551 965 4605 beato
988 4549 1078 4604 illo
1098 4550 1234 4606 viro.
1266 4549 1419 4620 Sepe
1434 4551 1574 4605 enim
1597 4549 1914 4606 dicebantur
1951 4554 2018 4608 ab
2036 4569 2120 4620 eo,
2141 4568 2199 4612 ut

635 4641 851 4711 quidam
879 4641 1280 4711 suspicarentur
1319 4657 1413 4696 ore
1443 4641 1655 4713 quidem
1691 4657 1788 4700 suo
1812 4644 1910 4700 ista
1935 4649 2198 4716 proferre,

634 4736 800 4789 corde
824 4743 1000 4788 autem
1029 4733 1186 4788 aliter
1210 4734 1427 4788 habere.
1477 4731 1544 4787 Et
1594 4734 1807 4802 quidem
1863 4752 2072 4794 memor
2107 4755 2200 4795 vo-

639 4825 726 4879 bis
754 4839 873 4880 sum
903 4824 1118 4880 audisse
1148 4838 1234 4880 me
1271 4827 1338 4879 ab
1363 4839 1428 4879 eo
1463 4835 1650 4882 sancto
1700 4828 1854 4883 nobis
1889 4827 2198 4898 iuramento

637 4914 991 4983 satisfecisse,
1019 4918 1144 4987 quia
1167 4931 1272 4971 non
1301 4916 1443 4971 aliud
1475 4918 1528 4970 in
1565 4918 1764 4989 lingua,
1799 4929 1854 4975 et
1887 4921 2030 4976 aliud
2057 4933 2200 4978 esset

637 5012 692 5066 in
728 5011 890 5067 corde
915 5011 1064 5082 ejus;
1097 5011 1192 5066 sed
1225 5009 1392 5065 corde
1427 5009 1642 5078 quidem
1673 5012 1912 5066 creditur
1934 5013 2002 5066 ad
2032 5013 2196 5083 iusti-

638 5097 787 5163 tiam,
807 5113 901 5153 ore
919 5108 1096 5152 autem
1126 5097 1414 5153 conﬁtetur
1447 5099 1514 5152 ad
1537 5099 1762 5156 salutem
1803 5118 1818 5156 :
1857 5103 1998 5158 unde
2030 5102 2195 5175 igitur

709 5213 728 5244 ⁸
749 5212 904 5270 Joan.
931 5227 1005 5276 xi,
1035 5214 1126 5279 ll,
1157 5215 1248 5269 42.
1317 5217 1338 5247 ⁸
1375 5214 1529 5270 Joan.
1559 5233 1668 5281 xiv,
1691 5218 1778 5272 5i.

638 5296 693 5345 ιι,
728 5283 781 5336 9.
890 5283 911 5315 ⁹
943 5284 1095 5339 loan.
1136 5300 1225 5351 xv,
1269 5285 1316 5340 l.

1422 5287 1465 5318 ⁸⁸
1497 5287 1653 5341 Joan.
1690 5304 1764 5355 v1,
1793 5291 1882 5346 38.

635 5365 755 5418 vui,
787 5352 872 5407 l5.

706 5462 844 5532 (1-5)
879 5461 1007 5545 liceo
1046 5467 1364 5530 videbamus,
1403 5478 1510 5545 etc.
1553 5471 1714 5545 Ilenr.
1749 5471 1992 5530 Valesius
2016 5473 2188 5545 legit:

638 5525 690 5611 β
696 5525 780 5611 ὡς.
791 5525 1142 5611 audiebamus
1152 5525 1361 5605 semper-
1381 5556 1412 5592 a
1437 5541 1585 5594 beato
1609 5525 1709 5595 illo
1729 5525 2189 5611 snsJ'sEﬁe'Eiin

635 5601 1048 5682 itadicebantur
1091 5607 1153 5657 ab
1204 5601 1282 5682 eo,
1323 5618 1376 5660 ut
1407 5611 1617 5678 quidam
1667 5601 2058 5682 suspicarentur
2102 5632 2190 5671 ore

634 5670 980 5744 quidemneum
1012 5674 1112 5727 ista
1143 5677 1396 5744 proferre.
1418 5670 1527 5734 etc.

707 5737 785 5807 (4)
815 5737 994 5807 Neque
1015 5737 1249 5802 cessauit.
1275 5737 1436 5802 Forte
1475 5765 1636 5816 neque
1660 5752 1902 5809 cessabit.

1879 5222 1899 5252 '
1928 5219 2083 5275 Joan.
2115 5237 2231 5286 vin,
2273 5223 2365 5280 49.
2442 5222 2633 5280 ‘Joan.
2668 5238 2720 5288 v,
2756 5222 2841 5284 l7,
2886 5219 2976 5276 36.

1981 5292 2019 5323 “
2054 5294 2071 5346 l
2100 5292 2224 5349 Cor.
2262 5309 2382 5363 xm,
2407 5295 2461 5353 9.

2311 1918 2518 1973 salutis.
2549 1916 2665 1974 Non
2696 1919 2992 1974 moriamur
3017 1933 3165 1989 ergo,
3208 1934 3329 1974 cum
3363 1919 3625 1975 debemus
3670 1922 3882 1976 vivere.

2311 2006 2417 2064 Sed
2441 1995 2585 2064 nunc
2606 2009 2820 2080 quidem
2845 2010 3031 2079 paucis
3056 2011 3126 2064 ob
3148 2011 3470 2065 memoriam
3515 2021 3573 2066 et
3609 2013 3880 2068 honorem

2309 2097 2486 2156 Patris
2512 2099 2655 2156 illius
2687 2101 2878 2165 nostri,
2917 2099 2988 2155 ita
3025 2102 3176 2165 boni,
3215 2102 3288 2156 ita
3336 2101 3621 2167 laboriosi,
3679 2113 3735 2158 et
3786 2118 3884 2174 pre

2310 2189 2565 2246 Ecclesiis
2593 2189 2792 2260 ubique
2811 2189 3066 2261 vigilante
3091 2190 3173 2261 (5)
3201 2193 3344 2246 dicta
3387 2193 3495 2247 sint
3552 2193 3740 2248 nobis.
3782 2191 3886 2248 Ne-

2308 2298 2414 2354 que
2437 2282 2581 2339 enim
2608 2283 2820 2354 generis
2855 2281 2974 2352 eius
3029 2284 3342 2340 memoriam
3389 2285 3641 2352 fecimus,
3709 2301 3888 2358 neque

2307 2375 2661 2441 educationis,
2707 2383 2800 2428 aut
2854 2374 3200 2442 eruditionis,
3255 2387 3349 2431 aut
3396 2377 3622 2432 alterius
3675 2377 3885 2432 vitaeet

2312 2465 2592 2539 propositi.
2625 2463 2901 2520 Sullicienl
2921 2467 3067 2521 enim
3108 2465 3162 2521 in
3204 2467 3438 2523 Ecclesia
3475 2469 3567 2522 Dei
3603 2469 3677 2523 de
3721 2467 3883 2522 Patre

2309 2568 2365 2613 et
2403 2557 2541 2612 Filio
2585 2557 2727 2625 loqui
2789 2557 2886 2628 (6).
2934 2556 3105 2628 Loqui
3160 2560 3355 2630 quippe
3392 2558 3650 2628 dicilx'lia,
3704 2569 3881 2616 tacere

2307 2657 2483 2702 autem
2521 2660 2642 2717 qua
2662 2646 2872 2704 occulta
2919 2657 3064 2702 sunt.
3101 2647 3433 2720 Tinguamur
3471 2649 3676 2705 fratres
3709 2651 3764 2706 in
3800 2651 3882 2704 his

2306 2754 2424 2808 quae
2455 2739 2508 2794 in
2532 2738 2826 2808 Scripturis
2875 2741 3075 2809 scripta
3115 2754 3264 2806 sunt,
3305 2757 3408 2797 non
3449 2750 3508 2798 ut
3551 2755 3742 2796 vacua
3789 2740 3878 2796 lit-

2306 2838 2435 2884 tera
2461 2832 2844 2900 prophetarum
2876 2840 2934 2885 ut
2962 2831 3184 2887 ludais.
3208 2832 3285 2887 llli
3309 2833 3457 2889 enim
3495 2834 3785 2889 adversum
3818 2848 3875 2888 se

2303 2919 2518 2991 legunt;
2554 2920 2793 2991 legentes
2829 2921 2974 2975 enim
3007 2920 3214 2976 litteras
3257 2932 3314 2977 et
3359 2937 3464 2977 non
3511 2926 3869 2992 suscipientes

2304 3014 2582 3082 negotium
2610 3027 2676 3068 ex
2713 3013 2796 3066 his
2823 3014 3017 3082 quibus
3063 3013 3363 3085 legunt('l),
3385 3016 3713 3084 semetipsos
3744 3031 3873 3072 con-

2305 3107 2559 3160 demnant
2579 3105 2668 3173 qui
2704 3114 2986 3158 excusant.
3030 3103 3217 3160 Videte
3244 3119 3311 3159 ne
3355 3107 3631 3176 patiamur
3661 3121 3725 3161 ea
3749 3122 3870 3180 qua

2308 3194 2504 3249 ludatis
2545 3196 2908 3263 increpamus.
2948 3193 3005 3250 Si
3047 3197 3191 3251 enim
3235 3197 3463 3253 dicimus
3504 3196 3726 3265 Filium,
3768 3213 3872 3253 non

2306 3283 2625 3339 confitemur
2660 3295 2838 3340 autem
2869 3285 3083 3350 Filium,
3111 3297 3165 3343 et
3189 3289 3231 3342 si
3262 3288 3603 3354 agnoscimus
3631 3287 3870 3350 Patrem,

2304 3388 2616 3442 spernamus
2656 3385 2833 3429 autem
2880 3375 3127 3439 Patrem;
3173 3376 3263 3430 illa
3306 3377 3421 3447 ipsa
3465 3392 3586 3448 qua
3616 3379 3868 3446 legimus.

2309 3466 2424 3536 ipsa
2456 3467 2609 3522 nobis
2638 3468 2694 3522 in
2743 3469 2828 3523 die
2851 3465 3037 3536 iudicii
3077 3467 3324 3538 legentur
3357 3469 3424 3522 ad
3461 3469 3869 3524 condemnatio-

2315 3575 2458 3614 nem.
2490 3561 2624 3617 Dicit
2688 3561 2830 3616 enim
2867 3559 3170 3615 Dominus.-
3204 3554 3319 3625 Ego
3335 3571 3437 3610 non
3448 3556 3633 3626 judico
3682 3563 3748 3626 “,
3779 3560 3870 3616 sed

2306 3665 2488 3705 sermo
2515 3665 2678 3720 quem
2741 3650 2950 3704 locutus
2997 3661 3080 3704 est
3127 3648 3245 3720 ipse
3297 3663 3419 3703 cum
3463 3649 3693 3717 iudicat.
3728 3647 3869 3701 Dixit

2304 3743 2421 3809 tibi,
2453 3743 2578 3812 quia
2611 3743 2747 3796 uado
2790 3743 2858 3797 ad
2916 3742 3128 3798 Patrem
3184 3756 3359 3795 meum
3406 3739 3549 3794 Dixit
3600 3739 3718 3804 tibi,
3744 3739 3866 3809 quia

2300 3831 2499 3894 missus
2521 3846 2550 3884 a
2578 3827 2740 3884 Patre
2778 3843 2932 3892 sum;
2957 3839 3014 3882 et
3035 3839 3089 3882 tu
3111 3827 3245 3881 dicis
3267 3827 3389 3896 quia
3415 3843 3519 3881 non
3543 3836 3624 3881 est
3647 3827 3869 3881 missus?

2299 3923 2390 3975 sed
2415 3922 2529 3988 ipse
2548 3929 2632 3974 est
2657 3920 2746 3989 qui
2773 3920 2886 3974 hac
2903 3919 3058 3985 dixit,
3079 3929 3134 3974 et
3154 3928 3280 3973 tunc
3298 3917 3556 3985 iudicabit
3576 3935 3594 3972 ;
3613 3918 3753 3987 leget
3775 3919 3864 3973 tibi

2297 4011 2605 4082 Evangelia,
2623 4011 2774 4075 dabis
2793 4012 3078 4075 rationem,
3098 4010 3239 4064 dicet
3253 4025 3350 4064 cur
3373 4011 3483 4064 haec
3496 4010 3698 4079 scripta
3716 4010 3868 4065 suntl

2299 4103 2422 4158 Haec
2447 4112 2624 4157 autem
2649 4112 2776 4157 tunc
2801 4117 2903 4157 non
2931 4102 3038 4158 dixi
3065 4116 3162 4172 per
3192 4115 3399 4156 vocem.
3421 4099 3486 4154 Et
3505 4115 3614 4170 qua
3636 4099 3774 4156 facie
3795 4102 3868 4155 vi-

2301 4196 2456 4250 debis
2499 4193 2627 4248 illud
2659 4192 2875 4248 lumen?
2904 4193 3152 4249 Contenti
3178 4192 3347 4246 simus
3371 4191 3618 4257 veritate,
3649 4203 3867 4245 excuse-

2301 4301 2420 4341 mus
2445 4285 2586 4339 lites.
2625 4282 2826 4353 Siquis
2846 4295 3024 4339 autem
3064 4293 3120 4338 et
3158 4284 3308 4339 novit
3346 4281 3551 4352 aliquid
3605 4297 3730 4336 cum
3773 4293 3866 4352 pa.

2304 4375 2489 4432 tientia
2518 4385 2573 4432 et
2611 4391 2714 4431 non
2745 4378 2810 4430 ad
2845 4373 3240 4446 instigationem
3279 4389 3399 4444 qua:
3433 4371 3599 4438 ladit,
3625 4375 3724 4428 sed
3751 4387 3867 4429 cum

2238 4475 2280 4530 ι)
2310 4467 2612 4523 humilitate
2653 4482 2773 4537 qua:
2830 4469 3070 4538 prodest,
3121 4481 3224 4520 non
3268 4478 3328 4518 ut
3377 4465 3603 4532 inimici,
3659 4468 3756 4520 sed
3816 4474 3867 4519 at

2305 4558 2618 4625 Christiani,
2659 4575 2764 4615 non
2820 4569 2878 4614 ut
2929 4560 3202 4623 inveirco,
3257 4559 3350 4612 sed
3390 4567 3450 4611 ut
3495 4557 3549 4610 in
3607 4555 3867 4614 Ecclesia.

2314 4649 2500 4705 llnbes
2541 4650 2754 4721 aliquid
2799 4668 2814 4704 :
2858 4651 3011 4704 trade
3065 4663 3169 4704 non
3229 4664 3349 4704 cum
3401 4649 3514 4711 lite,
3567 4664 3676 4705 non
3725 4654 3866 4722 quasi

2306 4753 2516 4807 auctor,
2554 4744 2648 4798 sed
2689 4757 3005 4799 ammonens
3032 4755 3094 4796 ea
3125 4756 3244 4812 qua:
3273 4741 3512 4796 didicisti
3564 4757 3594 4796 a
3629 4740 3865 4812 Scriptu~

2307 4835 2402 4890 ris.
2438 4834 2683 4891 Retinete
2706 4835 2839 4899 haec,
2869 4842 2924 4889 et
2956 4833 3244 4889 cessabitis
3275 4833 3438 4895 alite,
3477 4842 3531 4886 et
3570 4833 3640 4886 ab
3675 4831 3853 4888 Eccle-

2304 4927 2382 4980 sia
2419 4927 2659 4995 separari
2704 4926 2893 4981 nolite.
2943 4922 3001 4979 Si
3047 4938 3146 4994 ego
3195 4923 3383 4988 deliro,
3425 4923 3552 4991 quid
3589 4925 3660 4978 ad
3712 4924 3801 4978 te?
3828 4923 3865 4979 si

2304 5033 2404 5088 ego
2435 5017 2611 5073 aliena
2646 5017 2862 5089 loquar,
2895 5033 2980 5071 me
3003 5014 3187 5086 iudica
3219 5025 3274 5070 et
3301 5015 3523 5086 perdere
3551 5015 3687 5068 noli.
3708 5015 3860 5072 Occa-

2300 5109 2506 5163 sionem
2535 5108 2702 5163 nolite
2743 5120 2986 5176 quaerere
3023 5105 3088 5161 ad
3136 5104 3446 5161 schismata.
3476 5101 3608 5158 Ovis
3630 5118 3756 5172 qua
3781 5118 3861 5158 ex-

3076 5218 3254 5276 7loan.
3280 5233 3390 5283 xtv,
3419 5217 3471 5283 l,
3501 5218 3594 5274 28.

2557 5297 2600 5326 ¹¹
2638 5295 2791 5357 ιιηιι.,
2827 5290 2912 5346 12.
3009 5289 3114 5344 "ll
3140 5290 3266 5345 Cor.
3318 5305 3437 5354 xm,
3470 5290 3523 5342 5.

3672 5218 3695 5250 ⁸
3717 5217 3844 5275 σιω.

3631 5287 3680 5321 ⁸⁸
3712 5288 3857 5347 Joau.

2371 5475 2448 5546 (5)
2494 5474 2772 5546 Vigilante.
2803 5472 2867 5532 Η.
2903 5472 3161 5546 Valesius
3186 5471 3317 5546 legit
3340 5471 3627 5546 uigilantis.

2464 5538 2814 5632 llséSu‘iﬁcit
2851 5547 2988 5600 enim
3023 5547 3078 5599 iss
3117 5538 3355 5598 EchEsia
3387 5538 3485 5596 Dei
3521 5544 3589 5597 de
3627 5538 3854 5601 Puni

2299 5615 2670 5812 “(ﬁliifilii
2711 5686 2894 5756 quibus
2921 5683 3117 5756 legunt.
3148 5680 3336 5740 Greco
3359 5696 3530 5751 more,
3565 5698 3668 5757 pro
3695 5699 3760 5742 es
3784 5682 3850 5739 his

2299 5775 2409 5812 auc
2455 5773 2588 5812 eoun
2619 5796 2634 5810 .

2291 5775 2409 5820 σιιιιν
2434 5773 2634 5817 ιεσηηι.
