4048 6322
156 379 299 435 1069

1253 365 1340 416 DE
1377 356 1981 416 RESUKRECTIONE.
2022 389 2077 397 —
2133 353 2260 409 LIB.
2304 352 2345 408 Ι.

3284 345 3420 405 10⁸16

150 494 229 539 ιη·
255 497 472 554 διέπτη
501 492 604 547 851.
635 496 765 554 pars
805 490 913 554 lupi
948 495 1052 540 est.
1086 483 1221 540 Nam
1252 485 1354 540 etsi
1388 485 1580 539 fortior
1609 484 1730 539 ovis
1760 490 1805 546 Α
1837 494 1946 540 tres
1983 505 1995 539 :
2039 498 2144 538 non
2188 482 2453 537 faciamus
2496 473 2899 539 conventicula,
2943 488 3053 528 non
3107 470 3419 542 speluncas.

150 590 227 640 es,
255 578 477 647 expedit
529 576 627 631 tibi
679 575 817 630 infra
876 578 1111 647 parietes
1160 578 1320 633 ovilis
1369 593 1512 639 esse.
1562 592 1724 645 quam

150 669 317 724 foras.
350 668 530 724 Fortis
565 683 645 731 es,
690 677 844 736 porta
898 685 1072 723 meam
1117 670 1488 725 infirmitatem
1525 682 1541 723 :
1577 668 1731 723 infir-

150 777 266 816 mus
299 777 383 827 es,
411 761 596 830 accipe
618 763 882 821 medelam
909 780 938 819 a
962 765 1233 819 communi
1268 764 1509 821 Ecclesia
1538 782 1551 818 :
1577 773 1729 835 gutta

148 873 250 911 una
314 866 612 912 torrentem
675 872 781 911 non
832 855 985 911 facit.
1040 854 1097 909 Si
1144 854 1292 908 enim
1339 863 1395 909 et
1446 856 1726 920 ceciderit,

146 958 437 1015 antequam
474 950 654 1013 cadat,
684 964 711 1000 a
744 957 886 1002 terra
925 946 1270 1001 absOrbetur.
1315 944 1477 1001 Gutta
1518 955 1727 1011 autem,

146 1050 199 1096 et
236 1049 413 1112 gutta,
446 1052 502 1096 et
525 1050 674 1111 gutta
704 1041 868 1096 etiam
915 1048 1125 1093 montes
1168 1040 1385 1093 evertit.
1434 1037 1615 1093 Canna
1668 1052 1729 1094 es

149 1133 377 1203 fragilis,
412 1132 563 1187 multi
596 1141 775 1186 autem
828 1130 978 1185 ferro
1026 1139 1155 1183 sunt
1208 1128 1484 1185 fortiores.
1527 1130 1729 1186 Oculus

147 1224 295 1280 solus
322 1240 428 1278 non
454 1233 538 1279 est
559 1223 774 1287 oculus,
807 1237 983 1291 neque
1005 1232 1170 1292 eaput
1194 1233 1381 1292 caput,
1420 1239 1595 1292 neque
1634 1238 1729 1292 pes

146 1332 262 1387 pes.
303 1316 637 1386 Compositio
683 1315 826 1370 enim
877 1315 1245 1369 membrorum
1306 1324 1474 1367 totum
1526 1318 1726 1369 honum

144 1404 295 1457 facit.
342 1402 475 1457 Nam
508 1404 609 1457 etsi
654 1417 806 1457 esses
840 1401 1051 1467 oculus,
1101 1402 1340 1466 ablatus,
1366 1418 1490 1458 eras
1528 1420 1724 1459 ctecus.

144 1499 187 1550 Α
210 1509 435 1564 corpore
465 1495 607 1548 enim
638 1494 885 1549 sublatus
909 1493 1124 1558 oculus,
1159 1509 1336 1549 caecus
1379 1502 1465 1550 est
1508 1495 1727 1561 oculus,

143 1586 317 1655 magis
348 1593 529 1640 autem
572 1594 836 1640 mortuus.
865 1585 921 1640 In
953 1585 1193 1640 Ecclesia
1230 1586 1428 1641 fratres
1479 1590 1581 1643 sub
1616 1588 1728 1644 alas

144 1676 334 1732 matris
356 1677 750 1732 conveniamus
780 1694 796 1736 :
828 1676 879 1731 in
904 1675 1147 1731 Ecclesia
1192 1678 1245 1730 in
1274 1692 1378 1747 qua
1406 1684 1725 1734 ornamenta

144 1784 356 1840 sponsae
383 1778 529 1836 sunt,
558 1778 612 1823 et
642 1768 886 1823 membra
908 1768 1131 1834 Christi,
1164 1784 1272 1824 non
1303 1770 1369 1825 ad
1411 1770 1726 1836 schismata,

1833 576 1999 633 Forte
2040 576 2184 632 enim
2240 572 2473 645 apostoli
2531 572 2649 627 haec
2697 567 3015 623 fundarunt.
3050 565 3167 621 Non
3213 565 3421 637 lapides

1832 668 1974 734 dico,
2015 669 2111 724 sed
2148 668 2361 738 negotia
2401 680 2608 721 rerum.
2644 662 2775 718 Exis
2815 662 2885 717 ab
2916 659 3185 725 Ecclesia,
3232 670 3291 715 et
3334 672 3421 717 re-

1831 761 2032 832 linquis
2071 770 2301 817 matrem
2348 769 2492 815 tuam
2524 765 2747 829 propter
2798 770 2905 809 me.
2934 753 3073 820 Quid
3107 768 3228 808 sum
3273 752 3420 808 enim

1830 869 1954 926 ego,
1988 862 2084 909 aut
2122 853 2348 917 Paulus,
2375 861 2471 906 aut
2504 847 2693 920 Apollo
2718 847 2840 917 quis
2876 845 2997 900 est?
3046 846 3119 900 De
3146 860 3232 901 me
3272 854 3328 900 et
3368 853 3421 901 te

1831 948 1937 1002 erit
1968 961 2169 1003 sermo.
2203 943 2341 1000 Num
2378 957 2478 1015 ego
2520 940 2818 998 cruciﬁxus
2865 939 3024 995 sum?
3052 938 3297 993 Necdum
3351 949 3421 994 ne

1831 1038 2049 1107 quidem
2073 1037 2283 1108 alapam
2309 1035 2518 1106 accepi.
2552 1033 2595 1088 E
2616 1033 2895 1088 contrario
2930 1043 3131 1097 autem,
3167 1041 3221 1085 et
3247 1031 3421 1085 hono-

1831 1139 1985 1186 ratus
2034 1144 2154 1185 sum
2207 1137 2428 1199 pr0pter
2475 1122 2686 1182 Jesum.
2739 1126 2807 1181 Et
2849 1123 2940 1181 ille
2978 1123 3197 1195 quidem
3250 1122 3420 1178 multa

1834 1236 2026 1291 passus
2048 1231 2131 1275 est
2162 1230 2382 1290 propter
2405 1234 2491 1274 me
2524 1237 2539 1272 :
2580 1234 2681 1288 ego
2721 1228 2901 1274 autem
2953 1218 3256 1272 honoratus
3291 1231 3414 1272 sum

1832 1320 2054 1385 propter
2093 1314 2291 1382 ipsum.
2337 1311 2406 1367 Et
2433 1327 2533 1368 nos
2567 1311 2786 1381 quidem
2837 1309 3103 1367 feriamur
3152 1309 3422 1366 adversus

1832 1422 2077 1469 crucem,
2121 1415 2177 1461 et
2222 1405 2516 1460 adversum
2556 1418 2680 1458 eum
2715 1403 2807 1473 qui
2854 1414 3071 1472 propter
3114 1417 3213 1457 nos
3259 1402 3332 1458 fel
3368 1409 3421 1457 et

1833 1507 2045 1553 acetum
2086 1497 2243 1560 bibit,
2276 1506 2330 1551 et
2354 1496 2685 1566 imponimus
2730 1496 2781 1549 ei
2817 1496 3002 1565 spinas
3044 1495 3218 1566 magis
3250 1508 3419 1565 quam

1831 1586 2021 1655 Judaei,
2046 1600 2101 1645 et
2132 1586 2417 1645 effodimus
2452 1604 2645 1644 manus
2688 1587 2805 1656 ejus
2851 1596 2905 1643 et
2945 1587 3135 1657 pedes,
3180 1597 3236 1643 et
3263 1588 3422 1643 dinu-

1833 1696 2108 1736 meramus
2127 1678 2245 1748 ejus
2270 1694 2393 1734 ossa
2431 1697 2443 1732 :
2478 1677 2611 1744 Quae
2650 1680 2815 1745 enim,
2852 1679 3051 1748 inquit,
3083 1677 3285 1748 fecistis
3324 1675 3423 1733 uni

1833 1789 1898 1827 ex
1928 1773 2162 1827 minimis
2192 1771 2317 1826 istis
2349 1772 2440 1841 qui
2469 1777 2688 1824 credunt
2732 1771 2785 1823 in
2815 1787 2919 1837 me,
2948 1769 3076 1824 mihi
3126 1770 3321 1838 fecistis
3352 1768 3424 1837 “,

147 1877 251 1916 non
277 1862 344 1916 ad
368 1862 624 1917 haereses.
656 1860 958 1930 Aliquoties
978 1860 1123 1915 enim
1157 1861 1281 1918 dico
1312 1881 1324 1917 :
1358 1860 1581 1917 oﬁendit
1610 1879 1726 1918 mea
1766 1872 1809 1931 Β
1836 1872 1931 1917 aut
1966 1862 2169 1917 bonum
2205 1872 2299 1917 aut
2333 1862 2561 1917 malum.
2600 1861 2725 1917 iler
2758 1860 2957 1918 fratres
2996 1872 3049 1919 et
3098 1862 3151 1917 in
3197 1864 3283 1919 his
3312 1862 3423 1918 fra-

146 1954 322 2023 liugua
353 1971 366 2007 :
401 1962 581 2021 potest
610 1952 724 2005 fieri
754 1962 813 2006 ut
856 1967 1009 2007 mens
1056 1968 1172 2007 mea
1226 1952 1486 2008 offendat.
1537 1954 1642 2009 Sed
1674 1966 1727 2010 tu
1833 1964 1987 2009 tres:
2023 1970 2130 2009 non
2183 1969 2398 2025 semper
2457 1955 2697 2018 nomina,
2747 1957 2843 2011 sed
2890 1971 2998 2012 res.
3073 1957 3422 2016 Christianus

145 2045 295 2099 noli:
324 2044 643 2100 obliviscere
687 2043 763 2115 (8)
804 2059 926 2099 eum
967 2046 1059 2110 qui
1107 2045 1242 2099 dixit
1284 2063 1299 2098 :
1342 2044 1524 2100 Pretio
1570 2048 1729 2117 empti
1830 2047 1973 2101 enim
2002 2058 2184 2112 verus,
2240 2046 2410 2102 frater
2451 2047 2544 2102 sit.
2594 2044 2768 2102 Verus
2823 2047 3167 2104 Christianus
3208 2070 3221 2105 :
3256 2065 3421 2106 verus

146 2138 290 2202 estis,
321 2136 485 2191 nolite
514 2137 631 2204 fieri
658 2137 795 2190 serti
834 2136 1102 2192 hominum
1127 2134 1192 2191 “’.
1222 2134 1331 2193 Ista
1364 2141 1506 2193 enim
1535 2140 1730 2195 dmnus
1830 2148 1916 2193 est
1964 2140 2111 2194 enim
2173 2138 2442 2196 Christus.
2490 2140 2736 2207 Fratres,
2790 2139 3008 2207 fratres,
3069 2143 3235 2199 nolite
3299 2159 3421 2201 esse

145 2244 251 2284 non
275 2244 394 2285 mea
418 2238 501 2283 est
522 2239 616 2283 aut
645 2238 755 2287 tua.
803 2229 913 2285 Cur
965 2231 1067 2284 mei
1122 2246 1286 2286 causa
1319 2232 1530 2285 recedis
1562 2247 1590 2284 a
1627 2232 1767 2285 Do-'
1830 2231 2050 2301 piratm.
2116 2233 2285 2287 nolite
2350 2233 2665 2288 bellatores.
2735 2232 2915 2289 Nolite
2981 2250 3225 2304 quaerere
3290 2252 3417 2293 cum

145 2321 345 2377 miuica
394 2322 596 2376 domo?
644 2322 708 2376 Et
760 2322 935 2391 primo
976 2322 1191 2391 quidem
1239 2323 1367 2392 quid
1419 2324 1764 2393 accepimus.
1832 2339 1939 2393 quo
2010 2318 2262 2395 litigetis,
2332 2326 2425 2381 sed
2478 2342 2637 2396 quem
2718 2326 2960 2383 salvetis.
3039 2321 3156 2397 Ipse
3233 2338 3415 2385 autem

146 2414 300 2469 nobis
328 2413 455 2484 quia
489 2414 845 2483 sapientiores
875 2414 1129 2469 omnibus
1164 2414 1389 2469 sumus?
1417 2415 1621 2469 Deinde
1670 2424 1731 2469 ut

145 2506 270 2573 quid
295 2507 443 2575 quod
472 2507 525 2559 in
551 2520 713 2575 prece
738 2504 815 2578 (9)
846 2505 1091 2559 diabolus
1126 2506 1309 2572 habet,
1342 2506 1608 2560 donamus
1642 2505 1730 2561 ei?

142 2594 201 2651 Si
237 2610 336 2666 ego
362 2597 611 2651 infirmus
640 2612 779 2661 sum,
824 2606 876 2649 tu
898 2598 987 2665 qui
1023 2612 1084 2652 es
1105 2598 1280 2661 fortis,
1312 2612 1414 2652 non
1446 2599 1725 2663 recedens,

143 2690 407 2743 conﬁrma
454 2688 777 2745 Ecclesiam.
828 2690 885 2743 Si
930 2704 1031 2758 ego
1077 2689 1251 2743 aliena
1287 2688 1497 2759 loquor,
1538 2706 1636 2743 cur
1672 2700 1725 2743 tu

147 2780 233 2851 qui
258 2780 399 2835 bene
437 2780 682 2849 loqueris
726 2780 999 2835 abstrahis
1026 2790 1159 2835 teut
1184 2780 1471 2834 videantur
1502 2797 1620 2835 mea
1647 2781 1730 2834 in-

146 2872 389 2926 firmari?
415 2871 481 2925 Et
510 2886 577 2926 ne
603 2871 727 2941 quis
746 2886 832 2925 me
861 2882 1016 2941 putet
1051 2872 1334 2926 incitatum
1366 2872 1432 2925 ad
1463 2872 1728 2941 quosdam

148 2963 481 3019 dicerezsed
523 2964 591 3018 ab
614 2963 872 3019 exercitio
909 2963 1021 3034 (lO)
1062 2978 1182 3018 sum
1236 2962 1526 3017 multorum
1561 2980 1574 3015 :
1617 2964 1731 3018 scio

154 3066 356 3127 quanta
388 3058 531 3113 dicta
570 3067 696 3112 sunt
747 3066 804 3111 et
844 3058 1115 3111 dicuntur.
1164 3055 1547 3124 Unusquisque
1585 3057 1729 3110 enim

152 3164 401 3219 quaerens
426 3150 569 3205 unde
604 3158 860 3219 pascatur
896 3149 1107 3203 furatur
1130 3148 1266 3219 (11).
1301 3148 1539 3202 Minores
1576 3165 1588 3200 :
1620 3147 1729 3201 fra-

1831 2415 1975 2471 Deus
2034 2418 2194 2486 pacis,
2253 2417 2342 2486 qui
2390 2434 2495 2473 non
2554 2420 2796 2489 pepercit
2857 2420 3137 2489 unigenito
3169 2435 3268 2476 suo
3322 2420 3416 2476 Fi-

1831 2506 1925 2571 lio,
1961 2518 2017 2561 et
2046 2507 2194 2562 misit
2257 2524 2382 2563 eum
2428 2512 2492 2563 ad
2532 2510 2759 2565 salutem
2811 2521 3077 2577 nostram,
3131 2512 3251 2581 ipse
3289 2526 3415 2567 om-

1831 2600 1979 2653 nium
2024 2611 2267 2655 vestrum
2297 2602 2510 2657 animas
2553 2604 2620 2656 ad
2656 2618 2817 2657 unam
2867 2603 3310 2669 consensionem,
3345 2606 3416 2660 ad

1832 2706 1993 2745 uuam
2018 2693 2391 2757 concordiam,
2432 2694 2497 2747 ad
2544 2710 2708 2748 unum
2760 2710 2947 2763 pacem
2991 2706 3046 2751 et
3095 2696 3417 2753 charitatem

1832 2782 2030 2837 adunet
2056 2798 2153 2851 per
2178 2784 2512 2854 unigenitum
2546 2802 2703 2841 suum
2733 2785 2927 2842 Filium
2955 2805 2969 2841 :
3002 2803 3098 2858 per
3137 2803 3300 2860 quem
3332 2798 3422 2846 est

1832 2891 1938 2930 non
1976 2886 2104 2931 nato
2132 2876 2277 2931 Patri
2321 2878 2513 2948 gloria,
2559 2880 2753 2949 honor,
2811 2881 3122 2951 imperium,
3157 2882 3418 2952 majeStas

1831 2968 1885 3023 in
1916 2968 2117 3038 Spiritu
2162 2982 2375 3034 sancto,
2405 2981 2457 3026 et
2491 2987 2632 3027 nunc
2665 2982 2718 3028 et
2755 2988 2991 3045 semper,
3022 2984 3072 3029 et
3105 2988 3200 3045 per
3234 2975 3418 3031 omnia

1834 3054 2031 3111 sarcula
2061 3057 2407 3111 saeculorum.
2438 3058 2630 3112 Amen.

158 3297 2013 3327 mm

852 3300 3370 3337 mm

913 3521 1675 3681 EUSEBII
1732 3518 2658 3683 PAMPHILI

730 3816 958 3931 DE
1084 3813 2831 3931 RESURRECTIONE.

1309 4187 1665 4277 LIBER
1741 4189 2236 4280 PRIMUS.

211 4540 421 4598 Dictum
444 4553 529 4599 est
550 4542 765 4614 Quidem
791 4559 819 4598 a
853 4545 1004 4599 nobis
1032 4552 1086 4599 ct
1113 4555 1234 4600 ante
1258 4546 1325 4600 de
1363 4548 1720 4602 resurrectio-
1747 4557 1788 4613 c
1826 4560 2004 4605 autem
2066 4558 2119 4603 et
2154 4565 2274 4619 qua:
2310 4548 2443 4601 lecta
2478 4555 2638 4613 sunt;
2691 4544 2830 4601 forte
2879 4542 3043 4601 etiam
3093 4554 3235 4613 sape
3260 4540 3421 4596 nobis

144 4649 240 4701 ne;
278 4635 508 4690 audistis
547 4645 600 4690 et
641 4650 737 4691 vos
784 4654 797 4689 :
839 4637 931 4691 sed
969 4639 1149 4691 omnia
1213 4646 1454 4705 tempora
1504 4639 1727 4706 exigunt

144 4742 289 4781 suum
338 4728 601 4791 fructum,
642 4728 905 4797 siquidem
955 4739 1009 4782 et
1065 4730 1116 4783 in
1158 4740 1399 4799 tempore
1451 4747 1723 4795 rosarum,

144 4833 273 4873 rosa:
294 4817 609 4874 florescunt.
650 4818 962 4890 Agnoscunt
998 4830 1177 4874 autem
1216 4831 1270 4874 et
1304 4825 1598 4876 secundum
1630 4822 1722 4878 Je—

146 4912 364 4966 remiam
398 4912 477 4975 ”,
526 4921 582 4966 et
610 4912 928 4966 hirundines
984 4923 1192 4983 tempus
1240 4922 1295 4967 et
1344 4914 1431 4967 alii
1473 4930 1721 4983 passeres

144 5004 286 5073 agri;
317 5020 551 5073 quorum
582 5005 842 5073 propheta
867 5006 1067 5061 faciens
1094 5007 1444 5073 mentionem,
1478 5009 1725 5077 increpa—

146 5094 226 5149 bat
269 5094 433 5152 lsrael
468 5096 563 5165 qui
591 5103 831 5165 tempora
872 5095 1175 5166 ignorabat.
1222 5096 1289 5152 Et
1321 5106 1531 5167 tempus
1574 5099 1723 5153 omni

144 5188 218 5242 rei
244 5201 360 5244 .sse
382 5187 825 5256 sapientissimus
858 5187 993 5241 dixit
1021 5187 1275 5244 Salomon
1298 5190 1363 5246 “.
1397 5189 1532 5257 Quia
1560 5190 1723 5260 igitur

144 5286 348 5347 tempus
383 5278 636 5350 exposcit
666 5277 734 5331 de
766 5277 1163 5333 resurrectione
1193 5280 1437 5343 tractari,
1466 5286 1725 5348 expetunt

210 5414 443 5474 “lCor.
474 5434 555 5483 vr,
581 5416 690 5477 20:
724 5428 777 5473 et
816 5433 910 5486 vn,
937 5418 1028 5475 25.
1102 5417 1149 5451 “
1175 5418 1367 5477 Matth.
1398 5434 1528 5485 xxv,
1554 5418 1644 5473 40.
1724 5418 1765 5450 ⁸⁷
1804 5414 1916 5472 Jer.
1941 5428 2062 5477 vni,
2094 5413 2147 5467 7.

211 5534 287 5608 (κ)
316 5533 443 5589 Noli
487 5551 507 5589 .-

140 5603 285 5667 fisci.

233 5676 292 5750 9)
320 5676 388 5735 In
406 5691 589 5747 Jmce
634 5676 715 5750 [Eu
738 5675 897 5750 εὐχῇ,
933 5677 987 5732 in
1016 5677 1249 5750 voto,in
1278 5677 1497 5750 optatis.

242 5747 323 5818 t0)
354 5749 427 5800 Ai.
470 5747 747 5803 exercitio.
792 5747 977 5815 idest,
1004 5763 1071 5804 ex
1120 5748 1423 5805 ministerio
1455 5761 1576 5805 meo
1607 5760 1726 5802 mea

146 5817 314 5874 Natio
342 5822 405 5874 ad
436 5818 639 5874 multos
660 5820 911 5880 pertinet.

558 5534 882 5592 obliviscere.
942 5536 1105 5592 Forte
1163 5537 1253 5589 sed
1309 5547 1365 5592 tu
1425 5537 1533 5590 noli
1588 5539 1706 5589 obti-

1829 4643 2155 4708 dicentibus,
2183 4642 2409 4696 necdum
2442 4640 2659 4709 quidam
2700 4640 2768 4693 de
2797 4635 3198 4693 resurrectione
3226 4647 3419 4688 susce-

1828 4744 2025 4803 perunt
2072 4746 2377 4789 sermonem
2422 4750 2435 4785 :
2479 4730 2614 4785 nihil
2662 4727 2917 4798 prohibet
2952 4737 3198 4796 repetere
3232 4738 3330 4779 nos
3364 4734 3423 4781 et

1824 4828 2025 4890 denuo,
2060 4834 2114 4878 et
2146 4827 2211 4878 de
2235 4825 2319 4878 his
2351 4823 2483 4893 ipsis
2513 4830 2749 4877 tractare
2774 4821 2840 4873 ¹⁹.
2870 4820 3069 4874 Eadem
3101 4818 3246 4870 enim
3283 4814 3421 4871 scri-

1828 4919 1959 4973 bere
2003 4933 2102 4973 nec
2136 4916 2361 4970 Paulum
2400 4914 2572 4986 piguit
2616 4930 2630 4967 :
2674 4914 2729 4969 hi
2756 4914 2900 4968 enim
2949 4913 3041 4982 qui
3067 4909 3294 4965 credunt
3332 4923 3422 4964 re-

1832 5012 2187 5067 surrectionis
2217 5025 2519 5074 sermones,
2561 5016 2721 5063 erunt
2768 5005 3039 5061 tutiores:
3074 5002 3212 5057 forte
3234 5010 3419 5055 autem

1831 5104 1923 5172 qui
1947 5104 2177 5158 necdum
2206 5101 2350 5157 suasi
2382 5109 2529 5166 sunt,
2557 5098 2952 5154 suadebuntur.
2998 5091 3155 5146 Nunc
3177 5091 3421 5146 creditur

1830 5193 1975 5247 enim
2008 5194 2248 5247 sermoni
2277 5192 2369 5261 qui
2405 5190 2471 5245 de
2503 5186 2897 5245 resurrectione
2924 5185 3189 5247 habetur;
3215 5191 3270 5236 et
3305 5196 3421 5233 ma-

1832 5294 1935 5349 gna
1982 5289 2068 5336 est
2116 5278 2405 5335 multitudo
2439 5292 2545 5332 non
2582 5275 2940 5332 credentium.
2981 5271 3223 5328 Gentiles
3272 5272 3418 5327 enim

2226 5410 2271 5444 ¹⁸
2307 5411 2486 5466 Eccle.
2523 5424 2605 5477 nt,
2633 5410 2721 5464 i7.
2800 5411 2844 5441 ¹⁶
2882 5406 3116 5478 Philipp.
3145 5404 3309 5472 "1,1.

1905 5528 2095 5604 (H)_F
2099 5536 2307 5604 uratur.
2338 5527 2591 5604 Minores.
2620 5526 2783 5604 Forte
2814 5525 3026 5604 furatur
3064 5522 3417 5604 minores,_'id

1832 5593 1939 5665 est.
1974 5593 2192 5656 adducit
2223 5614 2320 5667 per
2361 5600 2603 5652 fraudem
2654 5612 2682 5650 e
2710 5593 2830 5650 sinu
2875 5594 3127 5650 Ecclesia».
3157 5593 3419 5667 parvulos

1836 5676 1893 5730 in
1925 5663 2288 5743 ﬁde,isibique
2318 5668 2755 5743 adiungitgunde
2784 5666 2963 5721 alatur
2999 5684 3011 5720 :
3049 5665 3238 5732 quate:
3277 5665 3313 5720 ii
3350 5663 3423 5720 de

1838 5735 2227 5816 quibusJudas
2253 5735 2425 5811 πνοαὶ.
2452 5738 2538 5803 12,
2563 5735 2875 5808 Samuipm
2904 5744 3193 5807 pararam.
