4048 6322
645 367 778 426 ωτι

1305 356 1575 418 ῑυειωιι
1608 349 2082 412 ειδιιιιιιιιειδ
2116 347 2212 405 0P}

2313 343 2484 402 PARS
2521 342 2609 400 IV.
2647 373 2718 386 —
2756 339 3173 398 DOGIIATlCA.

3738 334 3871 389 ποτε

641 501 752 544 non
773 483 1034 548 credunt;
1068 479 1307 538 heretici
1341 477 1502 536 simili
1528 477 1687 532 modo
1736 475 1924 531 iisdem
1965 487 2071 528 non
2109 471 2198 526 ha-
2227 475 2271 531 Α
2303 464 2450 522 tilice
2479 466 2568 536 qui
2593 462 2736 536 apud
2765 475 2862 518 nos
2884 472 2986 527 est,
3012 459 3217 515 humile
3245 455 3517 548 loquatur.
3549 452 3874 548 Ethelum-

642 578 770 634 bent
798 574 989 640 iidem;
1022 569 1188 627 Judci
1213 570 1368 626 divisi
1398 576 1518 623 sunt
1543 567 1608 623 de
1633 565 2046 622 resurrectione.
2065 559 2201 618 Sad-

641 667 810 726 dumi
839 666 983 720 enim
1013 663 1354 733 intercipiunt
1382 659 1494 733 (η)
1513 659 1981 722 resurrectionem,
2005 653 2200 710 Phari-

634 761 734 816 saei
763 767 942 814 autem
971 767 1254 824 suscepere
1288 768 1301 805 :
1337 751 1438 805 nisi
1479 749 1652 820 magis
1695 750 1748 804 in
1779 743 1990 816 injuriis
2030 743 2199 814 petie-

642 860 791 914 runt,
830 861 990 919 quam
1025 845 1424 900 honoraverunt
1453 860 1466 895 :
1494 841 1634 896 forte
1685 848 1860 894 autem
1911 845 1966 892 et
2011 835 2103 905 qui
2144 835 2197 888 in

642 939 882 995 Ecclesia
908 934 1252 998 conveniunt,
1284 931 1435 987 multi
1465 931 1710 985 dubitant
1746 929 1811 983 de
1849 924 2201 981 resurrectio»

641 1045 744 1097 ne;
780 1043 898 1099 qua:
932 1027 1072 1080 enim
1110 1025 1334 1079 necdum
1368 1022 1542 1078 oculis
1572 1021 1838 1083 videntur,
1882 1033 1911 1073 ι
1956 1016 2202 1087 plurimis

642 1135 748 1176 non
772 1117 1086 1173 creduntur.
1113 1112 1245 1168 Nam
1267 1123 1320 1169 et
1345 1112 1380 1166 li
1405 1112 1495 1181 qui
1529 1109 1825 1179 suscipiunt
1851 1107 2200 1162 resurrectio-

639 1226 790 1274 nem.
824 1207 1100 1264 constituti
1150 1213 1331 1274 utpote
1380 1203 1433 1256 in
1475 1201 1734 1263 Ecclesia,
1783 1199 1943 1253 multa
2001 1197 2205 1253 habent

641 1303 803 1357 dubia
830 1301 882 1354 in
923 1306 1104 1353 mente
1134 1296 1199 1348 de
1235 1294 1349 1364 ipsa
1376 1292 1792 1348 resurrectione.
1826 1289 1993 1344 Aiunt
2023 1289 2200 1352 enim,

641 1389 913 1461 quomodo
933 1383 1312 1456 resurgemus?
1347 1383 1398 1436 in
1433 1397 1539 1450 quo
1587 1382 1798 1444 habitu,
1826 1393 1929 1449 qua
1968 1392 2197 1433 convcr-

640 1482 874 1542 satione.
901 1480 954 1533 in
981 1491 1087 1546 quo
1114 1472 1270 1529 loco?
1299 1471 1425 1526 nudi
1448 1486 1516 1525 an
1534 1470 1756 1525 vestiti?
1784 1467 2205 1526 manducantes?

641 1585 750 1628 non
782 1570 1078 1640 indigentes
1098 1565 1259 1619 esca?
1285 1564 1336 1616 in
1353 1560 1511 1623 caelo,
1529 1561 1580 1614 in
1607 1558 1888 1630 paradiso?
1913 1571 2100 1613 omnes
2127 1557 2205 1612 si-

642 1662 778 1727 niul,
811 1677 878 1714 an
916 1657 1005 1712 alii
1037 1655 1198 1714 alibi?
1223 1653 1353 1719 Qum
1378 1650 1702 1706 diversitas?
1747 1657 1926 1703 utrum
1960 1648 2012 1702 in
2049 1647 2201 1712 locis,

641 1764 734 1808 aut
763 1753 814 1807 in
848 1745 1239 1819 dignitatibus?
1278 1744 1345 1799 Et
1374 1745 1439 1799 de
1465 1745 1546 1798 bis
1571 1742 1661 1812 qui
1689 1742 1985 1811 puniuntur
2025 1748 2203 1794 utrum

642 1853 695 1897 et
721 1855 952 1910 semper,
983 1848 1075 1892 aut
1098 1846 1309 1906 tempus
1331 1834 1566 1905 aliquod,
1592 1843 1648 1886 et
1665 1843 1841 1886 utrum
1873 1844 2086 1900 semper
2110 1845 2208 1900 per

643 1935 842 2004 ignem,
866 1941 956 1985 aut
982 1927 1268 1998 aliquando
1295 1924 1485 1979 aliter?
1511 1923 1576 1978 Et
1603 1933 1781 1977 utrum
1823 1922 1913 1992 qui
1951 1922 2125 1989 plura,
2153 1930 2208 1976 et

642 2037 831 2094 parva,
866 2031 920 2074 et
951 2017 1042 2088 qui
1069 2017 1232 2072 multa
1268 2024 1646 2085 peccaverunt,
1695 2027 1906 2084 semper
1939 2011 2209 2068 habebunt

643 2111 894 2182 pmnam?
925 2107 990 2162 Et
1019 2107 1062 2161 si
1092 2106 1346 2160 videbunt
1391 2118 1448 2159 se
1497 2104 1749 2158 invicem.
1794 2113 1886 2157 aut
1914 2104 2207 2158 secundum

643 2201 965 2258 eminentias
992 2197 1079 2253 alii
1114 2198 1165 2252 in
1191 2196 1293 2250 alio
1320 2196 1440 2251 loco
1469 2193 1790 2264 punientur.
1825 2195 1890 2250 Et
1911 2205 2089 2249 utrum
2115 2195 2207 2264 qui

645 2295 947 2366 puniuntur
991 2290 1035 2345 si
1092 2289 1409 2358 semetipsos
1435 2289 1692 2344 videbunt
1725 2287 1870 2360 (l3);
1905 2297 1960 2342 et
1994 2288 2039 2342 si
2081 2287 2208 2356 justi

644 2397 759 2445 eos,
787 2383 876 2452 qui
918 2381 970 2434 in
1001 2380 1177 2451 ptenis
1205 2389 1331 2432 sunt
1364 2396 1377 2432 :
1413 2388 1467 2433 et
1500 2381 1544 2433 si
1583 2378 1618 2432 ii
1649 2378 1740 2449 qui
1777 2379 1829 2432 in
1864 2377 2040 2448 pmnis
2065 2387 2209 2442 sunt,

646 2477 814 2542 iustos
855 2471 1233 2543 conspiciunt?
1261 2471 1324 2525 Et
1347 2470 1493 2525 mille
1509 2479 1634 2526 sunt
1657 2471 1980 2541 quaestiones
2003 2470 2067 2524 de
2091 2486 2214 2540 pro-

647 2570 822 2639 posita
862 2567 1277 2624 resurrectione.
1329 2565 1518 2621 Tantis
1551 2567 1712 2638 igitur
1753 2565 2043 2636 pr0positis
2076 2579 2215 2634 quas-

648 2662 940 2728 stionibus,
982 2671 1034 2716 et
1056 2659 1220 2714 tantis
1250 2673 1354 2713 non
1383 2658 1745 2726 credentibus,
1783 2669 1836 2711 et
1865 2657 2027 2712 tantis
2054 2657 2214 2710 dubi-

655 2754 921 2820 tantibus;
948 2753 1192 2809 oratione
1225 2766 1360 2821 Opus
1387 2760 1492 2816 est,
1518 2760 1575 2804 ut
1602 2749 1769 2820 ipsius
1809 2747 2214 2802 resurrectionis

648 2847 931 2909 Dominus,
976 2855 1031 2901 et
1086 2845 1378 2912 impensius
1409 2842 1624 2910 quidem
1661 2841 1864 2894 tribuat
1912 2853 2214 2894 sermonem

649 2937 868 3001 dicenti,
898 2935 1221 2990 intellectum
1249 2946 1425 2989 autent
1459 2933 1821 2987 audientibus.
1856 2930 2130 2999 Siquidem
2160 2940 2216 2984 et

648 3028 717 3083 iis
740 3043 855 3096 qua:
888 3029 1027 3081 dicta
1055 3039 1178 3081 sunt
1211 3026 1352 3082 aliud
1377 3042 1541 3080 unum
1582 3033 1664 3078 est
1694 3038 1981 3078 commune
2004 3023 2215 3086 vitium,

649 3123 790 3190 quod
825 3122 1070 3190 jurgatur
1093 3122 1352 3174 adversus
1388 3118 1860 3172 resurrectionem.
1897 3113 2045 3168 Multi
2072 3115 2214 3167 enim

651 3223 778 3265 sunt
806 3214 894 3279 qui
936 3220 1180 3278 peccant,
1217 3211 1368 3279 pauci
1416 3221 1595 3261 autem
1643 3209 1736 3277 qui
1786 3223 1845 3262 se
1889 3207 2214 3262 custodiunt.

651 3297 731 3354 Illi
759 3301 920 3370 igitur
950 3302 1038 3368 qui
1078 3302 1413 3367 delinquunt,
1460 3300 1648 3353 nolunt
1701 3313 1818 3352 esse
1865 3299 2219 3353 resurrectio-

654 3408 797 3454 nem,
831 3403 885 3443 ut
920 3408 1022 3444 non
1055 3394 1329 3444 incurrant
1357 3392 1407 3443 in
1442 3406 1657 3458 punias;
1696 3392 1786 3444 sed
1810 3406 1956 3445 suam
1986 3389 2221 3447 volunta-

652 3493 760 3536 tem
817 3486 1032 3537 decreto
1066 3484 1480 3536 resurrectionis
1531 3492 1833 3551 opponunt,
1870 3493 1924 3536 et
1964 3484 2220 3537 resistunt

654 3574 782 3628 Deo.
830 3575 965 3641 Quia
1009 3574 1151 3636 enim
1198 3575 1382 3627 volunt
1431 3590 1459 3626 a
1509 3575 1724 3644 negotio
1779 3572 1993 3627 liberari
2053 3573 2217 3626 semel

658 3666 972 3729 morientes,
1029 3666 1213 3719 nolunt
1268 3666 1320 3718 in
1356 3676 1524 3720 totum
1569 3680 1690 3720 esse
1745 3666 2218 3729 resurrectionem,

654 3767 715 3812 ut
747 3772 849 3811 non
893 3758 1124 3810 habeant
1156 3771 1394 3817 causam,
1435 3771 1606 3825 neque
1647 3759 1902 3810 rationem
1935 3757 2056 3810 vitae
2084 3771 2220 3824 prae-

654 3859 802 3904 stent
835 3859 955 3917 post
985 3858 1211 3901 mortem
1232 3848 1398 3915 judici
1443 3846 1568 3902 Deo.
1604 3848 1741 3918 Ergo
1767 3849 2014 3916 jurgatur
2048 3860 2100 3902 et
2125 3849 2220 3901 lio-

654 3953 776 3996 ιυιιι
830 3938 1078 3992 voluntas
1129 3938 1345 3992 decreto
1392 3939 1848 3993 resurrectionis:
1888 3940 2012 4008 quia
2059 3939 2222 4007 igitur

655 4041 805 4085 tanta
841 4039 895 4084 et
929 4029 1053 4083 talia
1087 4038 1215 4082 sunt
1262 4043 1381 4095 quas
1426 4039 1758 4098 quaeruntur,
1812 4032 2056 4085 oratione
2088 4046 2222 4100 opus

653 4132 758 4184 est,
791 4129 848 4173 ut
877 4122 1049 4175 victor
1081 4130 1297 4189 superet
1326 4121 1624 4191 universos.
1649 4119 1763 4176 Non
1792 4123 2099 4192 ignoramus
2127 4140 2221 4177 au-

659 4225 765 4266 tem
806 4225 854 4266 et
879 4214 1028 4279 illud,
1061 4217 1185 4284 quia
1209 4214 1360 4268 multi
1393 4223 1711 4284 putaverunt
1748 4216 1912 4268 Deum
1944 4215 2080 4270 nihil
2108 4232 2222 4269 am-

660 4306 799 4372 plius
829 4317 984 4372 posse
1011 4319 1169 4371 quam
1203 4319 1321 4361 nos.
1356 4304 1549 4358 Incerti
1589 4314 1713 4357 sunt
1747 4305 1888 4356 enim
1919 4313 1973 4358 et
2006 4315 2221 4360 movent

656 4404 710 4448 et
737 4394 1006 4448 adducunt
1039 4397 1089 4447 in
1121 4395 1295 4448 medio
1329 4395 1627 4448 istiusmodi
1659 4396 2031 4462 quaestionem.
2075 4395 2219 4449 Mor-

2301 557 2471 629 gitant
2501 566 2764 626 quantum
2815 555 3046 608 interest
3098 549 3240 604 inter
3293 547 3459 601 Deum
3516 555 3573 599 et
3628 545 3877 600 homines

2299 658 2560 704 mortuos.
2586 646 2879 703 Gentilium
2916 645 3080 714 igitur
3102 641 3254 696 multi
3277 639 3444 695 semel
3472 638 3874 708 providentiam

2301 741 2354 795 in
2387 738 2471 794 liis
2491 738 2742 795 omnibus
2766 737 3065 807 ejicieutes,
3087 742 3140 788 et
3173 748 3203 787 a
3228 731 3342 788 Deo“
3385 732 3508 787 vivo
3549 730 3880 798 semetipsos

2299 829 2636 894 fraudantes,
2681 830 2797 882 ausi
2829 836 2953 884 sunt
2983 828 3188 887 dicere,
3220 824 3362 894 quod
3405 833 3460 879 et
3510 832 3766 893 repetere
3795 833 3876 875 tu-

2303 933 2414 977 tum
2446 937 2551 976 non
2583 931 2684 978 est.
2726 919 2806 974 Illi
2831 919 2978 974 enim
3007 917 3126 974 sine
3171 915 3283 970 Deo
3323 922 3545 985 agentes
3592 929 3749 983 spem
3801 927 3878 964 re-

2301 1013 2656 1070 surrectionis
2680 1012 3016 1065 interimunt.
3055 1007 3156 1076 Qui
3185 1006 3330 1063 enim
3371 1022 3495 1062 eum
3524 1006 3615 1071 qui
3655 1004 3880 1058 suscitat

2303 1117 2518 1175 negant,
2546 1101 2755 1158 diﬂlcile
2785 1111 2871 1157 est
2909 1109 2969 1155 ut
2991 1099 3354 1155 conﬁteantur
3399 1095 3880 1150 resurrectionem.

2303 1197 2409 1253 Sed
2449 1197 2816 1265 relinquamus
2846 1193 3039 1248 horum
3069 1189 3565 1261 importunitatem,
3593 1198 3658 1241 ut
3687 1202 3717 1238 a
3753 1199 3883 1256 pne-

2303 1291 2376 1345 ris
2406 1289 2813 1345 convincantur.
2859 1282 2970 1340 Nec
3008 1285 3154 1339 enim
3186 1281 3253 1336 ad
3283 1293 3474 1336 omnes
3522 1289 3742 1335 certare
3785 1293 3884 1334 nos

2301 1397 2400 1454 par
2427 1391 2532 1447 est,
2558 1394 2732 1450 neque
2769 1379 2836 1433 ad
2857 1391 3046 1432 omnes
3063 1374 3303 1446 jurgari;
3339 1374 3607 1442 siquidem
3664 1387 3766 1426 nee
3819 1371 3883 1422 ad

2303 1473 2522 1528 insanos
2552 1468 2930 1525 consuevimus
2974 1468 3041 1522 de
3067 1465 3486 1538 cogitationibus
3512 1465 3667 1518 sanis
3694 1461 3840 1532 loqui
3867 1479 3880 1512 :

2301 1566 2394 1636 qui
2428 1575 2608 1620 autem
2653 1563 3023 1632 imprudenter
3068 1560 3145 1614 ita
3181 1559 3486 1629 jurgantur,
3519 1572 3626 1611 non
3672 1557 3742 1612 ad
3768 1573 3886 1618 nos.

2304 1657 2400 1712 sed
2423 1657 2490 1712 ad
2521 1657 2694 1724 ipsum
2724 1655 2964 1709 ordinem
2987 1651 3308 1718 oﬂlciorum,
3341 1661 3395 1705 et
3418 1651 3485 1705 ad
3521 1649 3747 1718 opiﬁeia
3771 1663 3885 1716 qua

2304 1748 2453 1820 jussa
2499 1756 2822 1815 sequuntur,
2855 1745 2921 1798 ad
2971 1745 3104 1798 solis
3137 1744 3347 1799 scilicet
3385 1756 3633 1805 cursum,
3685 1742 3752 1794 ad
3789 1739 3886 1793 iui-

2236 1816 2279 1873 B
2305 1816 2655 1895 mutationem
2683 1836 2846 1903 lunai,
2889 1836 2955 1889 ad
2984 1834 3260 1890 stellarum
3293 1834 3511 1893 choros.
3546 1835 3615 1886 ad
3645 1830 3882 1885 transla-

2310 1931 2507 1985 tionem
2541 1929 2795 1984 horarum
2828 1925 2942 1998 (ιι)
2973 1941 3092 1996 qua:
3121 1939 3215 1994 per
3233 1938 3405 1978 annos
3423 1920 3560 1978 θαίςί
3586 1932 3885 1976 consueve-

2309 2032 2452 2088 runt,
2501 2020 2566 2075 ad
2601 2017 2834 2076 oﬂicium
2882 2018 3068 2082 maris,
3111 2015 3180 2072 ad
3219 2025 3440 2081 terram,
3477 2014 3544 2067 ad
3576 2027 3791 2076 aere,
3821 2012 3884 2066 ad

2307 2113 2564 2182 pluviam,
2590 2121 2645 2166 et
2667 2110 2733 2165 ad
2756 2108 2939 2165 omnia
2967 2122 3084 2175 quae
3109 2114 3432 2174 sequuntur,
3459 2104 3529 2158 ad
3550 2101 3738 2158 ofﬁcia
3759 2111 3887 2156 ata-

2311 2216 2445 2269 tum,
2475 2205 2542 2258 ad
2568 2204 2872 2268 hominum,
2896 2201 2964 2256 ad
2987 2199 3324 2262 animalium,
3354 2197 3420 2252 ad
3445 2197 3630 2249 avium
3658 2193 3888 2250 diversi~

2311 2308 2470 2363 tates,
2523 2295 2591 2350 ad
2627 2295 2894 2359 vultuum,
2949 2292 3018 2346 ad
3051 2290 3351 2360 specierum
3392 2287 3661 2354 habitum,
3719 2295 3777 2340 ut
3822 2286 3890 2342 it

2312 2389 2600 2460 unicuique
2659 2386 2990 2444 conveniens
3041 2399 3188 2450 esca,
3255 2383 3621 2438 membrorum
3683 2390 3889 2452 partes,

2312 2479 2552 2534 dentium
2584 2477 2815 2544 numeri,
2864 2477 3188 2547 ungularum
3233 2490 3516 2539 mensurze,
3565 2473 3885 2545 capillor-tt

2311 2572 2507 2636 oﬂicia,
2538 2572 2858 2640 compositio
2886 2573 3254 2626 membrorum
3299 2587 3313 2623 :
3352 2570 3466 2624 haec
3492 2569 3680 2624 omnia
3727 2568 3892 2627 silet-

2316 2666 2389 2718 tio
2417 2665 2654 2718 clamant
2685 2662 2953 2731 opiﬁcem,
2984 2674 3038 2718 et
3067 2663 3398 2731 provisorein
3420 2661 3666 2715 omnium
3701 2661 3889 2716 Deum.

2313 2757 2448 2824 Quia
2485 2755 2647 2825 igitur
2697 2756 2797 2810 ista
2857 2754 2985 2810 caeci
3042 2770 3149 2809 non
3210 2755 3481 2821 viderunt,
3524 2769 3622 2822 per
3676 2769 3742 2808 ea
3776 2769 3892 2823 qua

2315 2847 2565 2901 videntur
2595 2845 2916 2900 iuvisibilem
2946 2863 2961 2898 :
2994 2846 3215 2900 stultum
3259 2852 3343 2898 est
3374 2846 3439 2897 de
3464 2844 3746 2898 coloribus
3781 2844 3890 2912 jur-

2314 2938 2428 3009 gari
2461 2939 2526 2991 ad
2562 2952 2737 2993 caecos
2787 2954 2802 2990 :
2843 2938 2972 3007 quid
3002 2937 3144 2991 enim
3174 2933 3443 2990 cilicacius
3470 2945 3554 2990 est
3581 2936 3677 2990 Dei
3716 2935 3892 3006 provi-

2316 3031 2686 3100 dentia?quid
2735 3040 2913 3085 autem
2945 3031 3106 3085 breve
3136 3031 3274 3100 quod
3306 3038 3526 3099 putatur
3576 3045 3685 3082 non
3738 3029 3791 3083 iu
3840 3043 3892 3083 se

2319 3121 2582 3190 aequalem
2630 3136 2658 3173 a
2707 3120 2996 3188 majoribus
3038 3120 3340 3174 invenietur
3368 3121 3567 3174 habere
3599 3121 3890 3189 providen-

2323 3213 2489 3266 tiam?
2513 3213 2621 3267 Cur
2645 3214 2786 3267 enim
2820 3212 3164 3267 formicarum
3192 3213 3432 3268 salvator
3460 3226 3632 3281 genus
3660 3213 3717 3266 in
3740 3211 3891 3265 simi-

2323 3303 2584 3357 litudine?
2605 3319 2702 3357 cur
2728 3303 2906 3371 apium
2933 3317 2986 3357 et
3011 3305 3347 3369 operatioues
3373 3302 3423 3356 iu
3449 3316 3745 3357 commune
3775 3302 3890 3354 re}-

2321 3396 2542 3460 duntur,
2565 3406 2618 3451 et
2643 3397 2822 3450 habita
2845 3395 3080 3450 minimis
3103 3397 3154 3449 in
3179 3395 3518 3449 substantia?
3540 3410 3660 3463 quia
3678 3396 3892 3464 quidem

2320 3497 2373 3541 et
2403 3488 2454 3540 in
2483 3487 2685 3551 volatu,
2720 3497 2771 3541 et
2812 3501 3091 3556 processu,
3126 3496 3181 3541 et
3210 3500 3480 3554 regressu,
3538 3496 3593 3539 et
3635 3485 3692 3538 in
3736 3499 3892 3553 opere

2320 3579 2669 3632 consentiunt
2694 3578 2819 3633 sibi.
2850 3578 2982 3644 Quis
3019 3579 3146 3632 fecit
3185 3577 3534 3646 tnel‘rutique
3575 3577 3666 3645 qui
3694 3578 3894 3631 cnnsti-

2322 3673 2423 3725 tuit
2456 3671 2801 3738 medicinam,
2847 3685 2971 3741 qua
3014 3685 3078 3725 eo
3111 3671 3176 3724 ad
3207 3670 3468 3724 medelam
3502 3672 3677 3731 utitur
3732 3671 3897 3723 homi-

2323 3778 2475 3816 num.
2505 3763 2646 3830 Quid
2675 3763 2818 3817 eniin
2843 3778 2951 3817 non
2981 3762 3199 3833 plenum
3230 3772 3312 3816 est
3348 3761 3729 3830 providentia?
3773 3763 3896 3832 quid

2322 3869 2427 3908 non
2468 3854 2664 3907 clamat
2699 3854 3031 3922 provisorem
3063 3853 3264 3906 Deum?
3301 3852 3489 3909 Nonne
3540 3854 3747 3919 herba,
3779 3869 3896 3924 qua

2323 3947 2609 4000 utilitatem
2647 3946 2886 4016 priebent
2935 3945 3193 4000 medelis?
3239 3960 3414 4000 nonne
3447 3945 3622 4016 pisces
3681 3961 3716 4002 e
3763 3948 3895 4002 man‘

2323 4038 2589 4106 producti,
2622 4035 2837 4105 quidam
2877 4037 3093 4105 quidem
3129 4037 3196 4091 ad
3223 4052 3398 4102 escas,
3449 4038 3669 4106 quidam
3721 4050 3894 4094 autem

2320 4130 2386 4183 ad
2415 4128 2610 4182 curas?
2633 4126 2820 4182 Nonne
2843 4127 3048 4196 lapides
3086 4129 3263 4193 incisi,
3291 4139 3349 4183 ut
3377 4129 3467 4184 alii
3495 4130 3719 4200 quidem
3747 4130 3898 4185 utiles

2321 4221 2429 4274 sint
2455 4221 2521 4274 ad
2550 4219 2776 4274 editicia
2813 4229 2867 4274 et
2902 4228 3039 4274 tecta
3071 4229 3128 4276 et
3155 4231 3525 4288 operamenta,
3570 4221 3666 4276 alii
3712 4235 3895 4277 ncces-

2323 4314 2452 4368 sarii
2511 4312 2575 4366 ad
2621 4327 2903 4382 corporum
2930 4314 3215 4376 sanitates,
3260 4315 3382 4384 quia
3411 4321 3468 4369 et
3503 4314 3898 4370 inﬂrmantur?

2322 4406 2510 4461 Nonne
2546 4422 2681 4461 escae
2710 4406 2829 4462 alia:
2854 4407 2976 4462 aliis
2999 4409 3369 4473 succedentes,
3396 4419 3450 4463 et
3482 4409 3602 4462 alii:
3630 4425 3758 4466 cum
3785 4413 3897 4466 aliis

658 4495 782 4538 1005
804 4495 909 4549 εει»
945 4485 1135 4553 inqu“,
1181 4485 1269 4553 τιυὶ
1307 4497 1548 4539 "mullus
1576 4495 1694 4551 θείς
1730 4495 1783 4539 ει
1818 4486 1964 4539 illam
2006 4487 2217 4556 quidem
2253 4506 2296 4560 ι)
2325 4499 2685 4567 insequentes,
2713 4501 3000 4554 ostendunt
3028 4510 3443 4571 praeparatorcni
3481 4502 3691 4558 Deum?
3717 4503 3896 4559 Nonne

657 4589 863 4646 partem
918 4580 1034 4648 ejus
1077 4579 1253 4647 aquila
1292 4579 1637 4632 manducavit
1685 4588 1776 4630 aut
1815 4578 2010 4632 vultur.
2059 4577 2222 4633 Forte

655 4681 836 4723 autem
865 4685 967 4723 non
991 4669 1268 4738 patiuntur
1294 4669 1488 4738 aquila:
1514 4670 1816 4724 istiusmodi
1840 4669 2219 4725 humilitatem.

655 4760 850 4825 Aliam,
885 4762 1078 4830 inquit,
1116 4762 1319 4830 accepit
1346 4761 1513 4823 cauis,
1537 4770 1591 4814 et
1617 4776 1804 4815 canem
1836 4771 1891 4816 ut
1913 4774 2041 4831 puta
2074 4777 2215 4816 saeva

654 4851 831 4906 bellua
891 4854 1237 4913 manducavit
1283 4869 1296 4904 :
1349 4864 1439 4906 aut
1477 4853 1620 4906 aliud
1664 4853 1878 4924 aliquod
1907 4856 2128 4920 animal,
2166 4867 2220 4908 et

654 4943 797 5000 istud
826 4945 1023 4998 animal
1048 4944 1406 5008 interfectum,
1438 4945 1775 4999 combustum
1808 4955 1911 5010 est,
1947 4958 2038 5000 aut
2069 4943 2232 5001 certe

655 5038 956 5107 obputruit,
992 5047 1084 5091 aut
1105 5039 1278 5106 ipsum
1303 5037 1369 5092 ab
1402 5037 1506 5090 alio
1533 5037 1764 5106 quodam
1790 5047 2086 5092 comestum
2112 5049 2217 5101 est,

593 5151 616 5166 -
657 5125 773 5180 lieri
818 5128 960 5180 enim
1011 5127 1112 5180 ltoc
1154 5135 1354 5196 potest;
1404 5135 1571 5187 tanta,
1627 5127 1824 5196 inquit,
1867 5127 2215 5182 successione

656 5216 818 5279 facta,
846 5228 901 5272 et
926 5233 1053 5272 casu
1087 5233 1274 5273 eorum
1303 5217 1393 5286 qui
1428 5218 1621 5270 mortui
1667 5230 1791 5270 sunt
1825 5220 1892 5272 ab
1923 5218 2030 5272 alio
2057 5219 2107 5270 in
2139 5220 2216 5271 al-

657 5318 852 5370 terum,
883 5311 1169 5377 quomodo,
1202 5310 1393 5379 inquit,
1444 5317 1619 5378 potest
1666 5309 1805 5362 Deus
1850 5311 2088 5364 invenire
2119 5311 2220 5364 ini-

657 5400 825 5456 tium?
850 5411 1098 5471 tanquam
1127 5403 1190 5456 de
1215 5401 1375 5473 ﬁgulo
1406 5402 1611 5470 aliquo,
1646 5411 1732 5454 aut
1767 5401 1833 5456 de
1861 5401 2090 5471 quodam
2126 5419 2218 5456 ar-

730 5534 840 5604 (12)
875 5533 1240 5602 Ιηιενεὶρὶιιηι.
1276 5535 1416 5589 Infra
1447 5535 1552 5592 col.
1575 5535 1775 5590 1075A
1798 5552 1809 5586 :
1835 5533 1892 5588 Si
1926 5537 2213 5594 intercepe-

657 5605 822 5659 rimus
849 5607 1235 5658 resurrectionis
1256 5622 1393 5672 spem
1419 5623 1436 5659 :
1459 5619 1513 5660 et
1546 5622 1692 5674 supr.
1724 5606 1813 5659 lib.
1846 5619 1884 5667 ι,
1909 5609 2063 5673 paulo
2094 5618 2213 5673 post

656 5674 869 5802 isitiqu
935 5688 950 5726 :
1025 5675 1191 5728 Filius
1241 5675 1458 5730 Verbum
1528 5683 1696 5730 dictus
1786 5694 1887 5730 mm
1952 5679 2209 5746 intercipit

710 5759 849 5799 eum.

2322 4593 2615 4646 secundum
2639 4591 3060 4664 uniuscujusque
3079 4594 3321 4648 habitum
3340 4596 3588 4651 animalis
3611 4612 3892 4660 mensura,

2324 4680 2740 4752 magnitudines,
2793 4688 3161 4756 compagines,
3202 4688 3442 4740 membra
3490 4699 3618 4743 sunt
3648 4688 3800 4753 data,
3847 4705 3895 4744 et

2325 4778 2744 4846 unumquodque
2797 4779 2865 4831 ad
2921 4793 3074 4832 suam
3124 4779 3498 4834 necessitatem
3549 4788 3601 4833 et
3641 4781 3893 4835 virtutem

2324 4868 2566 4935 accepit?
2599 4868 2764 4939 Equis
2789 4868 2934 4922 enim
2961 4868 3218 4924 velocitas
3240 4870 3364 4923 data
3383 4880 3490 4932 est,
3515 4879 3575 4922 ut
3607 4869 3900 4942 insequan-

2327 4965 2414 5010 tur.
2446 4968 2501 5012 et
2525 4957 2769 5028 fugiant;
2797 4959 2918 5012 aliis
2945 4959 3270 5015 animalibus
3294 4959 3576 5026 fortitudo,
3610 4969 3670 5014 ut
3701 4961 3894 5016 sensim

2324 5060 2603 5117 portarent
2636 5052 2872 5121 pondera
2919 5054 3023 5109 sibi
3054 5053 3326 5122 imposita.
3366 5048 3789 5109 Et'nieusurata
3819 5065 3893 5108 est

2325 5139 2615 5209 unicuique
2647 5143 2840 5208 virtus,
2886 5147 3148 5212 potentia,
3192 5145 3528 5215 magnitudo,
3571 5145 3895 5201 conveniens

2326 5244 2470 5296 esca,
2498 5241 2552 5287 et
2575 5234 2706 5302 ipsis
2734 5235 3058 5291 animalibus
3089 5239 3310 5308 prepria
3337 5236 3503 5302 salus,
3528 5252 3650 5305 qua
3681 5250 3889 5307 gustare

2328 5320 2601 5385 deberent,
2639 5333 2693 5378 et
2731 5338 2759 5376 a
2799 5325 2993 5395 quibus
3035 5341 3093 5380 se
3118 5327 3430 5382 abstinere:
3467 5327 3676 5381 liomiui
3722 5339 3889 5382 autem

2327 5421 2379 5464 et
2411 5413 2478 5466 ab
2514 5416 2633 5469 aliis
2664 5418 2990 5474 animalibus
3028 5420 3493 5474 irrationabilibus
3527 5435 3661 5475 usus
3689 5432 3776 5477 est
3799 5422 3890 5477 da-

2316 5546 2505 5669 da
2533 5548 2629 5603 his.
2662 5549 2729 5604 Et
2760 5553 2947 5604 iterum
2968 5554 3058 5623 qui
3085 5554 3394 5622 puniuntur,
3422 5555 3470 5608 si
3495 5558 3800 5629 semetipsos
3822 5554 3889 5615 vi-

2388 5687 2499 5758 (14)
2531 5691 2818 5745 Horarum.
2860 5691 3056 5763 Ὥρων,
3087 5702 3486 5764 tempestatum.
