4048 6322
203 350 350 411 ωτι

1314 343 1404 398 DE
1442 336 2051 400 BESURRECTIONE.
2080 368 2148 382 --
2186 336 2317 392 ω.
2352 336 2397 392 ι.

3330 324 3470 384 1074

200 474 308 529 his.
336 477 391 522 et
418 480 447 520 a
476 462 674 536 plantis
695 470 748 517 et
770 463 838 516 ab
864 459 1175 522 arboribus,
1206 473 1236 512 a
1266 456 1551 527 lapidibus,
1581 469 1611 508 a
1638 451 1776 507 mari
1807 456 1858 514 Α
1883 463 1989 504 non
2010 445 2289 519 pertinet?
2327 442 2794 536 quemadmodum
2822 447 3003 536 autem
3035 438 3297 536 pertinet,
3396 438 3470 495 sl-

195 568 256 619 at
292 575 322 613 s
353 568 499 612 terra
530 574 545 611 :
580 553 815 622 undique
858 550 1002 606 enim
1046 549 1375 605 constitutus
1410 554 1498 600 est
1530 542 1694 598 veluti
1728 542 1782 597 in

196 664 315 707 uno
338 662 564 719 corpore
587 646 820 700 mundus
848 643 1173 710 coniunctus
1202 639 1327 695 sibi.
1362 638 1430 692 Et
1450 632 1785 705 unumquod-

204 754 308 813 que
340 742 553 809 quidem
581 744 721 806 quod
750 736 951 790 factum
980 743 1088 799 est,
1124 731 1401 802 propriam
1434 729 1595 783 habet
1622 735 1783 780 natu-

198 848 318 890 ram
354 842 409 887 et
453 830 720 895 salutem;
752 828 982 895 plurima
1018 834 1197 879 autem
1239 834 1467 891 quaeque
1499 819 1552 873 in
1584 832 1644 873 se
1690 830 1788 871 ne-

196 924 438 982 cessaria
468 922 725 977 continet.
753 920 995 987 Denique
1027 922 1107 973 sol
1139 917 1347 986 positus
1374 913 1591 983 quidem
1624 909 1784 967 estin

191 1030 304 1072 suo
327 1013 467 1077 loco,
505 1013 667 1066 habet
699 1020 875 1065 autem
924 1007 1197 1077 propriam
1244 1002 1694 1070 magnitudinem,
1731 1009 1788 1055 et

198 1106 445 1181 possidet
478 1115 756 1172 acceptum
788 1116 943 1156 suum
990 1098 1274 1168 fulgorem,
1308 1105 1363 1152 et
1414 1094 1683 1150 illuminat
1721 1107 1785 1147 ea

197 1212 325 1268 qua
372 1198 427 1251 in
461 1204 602 1249 terra
644 1195 929 1254 habentur,
959 1189 1101 1245 fovet
1133 1197 1187 1244 et
1218 1185 1488 1244 calefacit.
1538 1185 1603 1239 Et
1648 1198 1790 1239 nunc

198 1288 425 1359 quidem
449 1287 658 1358 longius
695 1284 1011 1347 abscedens,
1045 1282 1191 1337 cedit
1213 1280 1539 1336 confectioni
1570 1280 1788 1343 hiemis,

202 1386 265 1432 ut
292 1386 552 1432 statutum
583 1383 700 1438 est;
743 1388 884 1426 nunc
937 1381 1119 1425 autem
1165 1372 1356 1425 iterum
1395 1374 1700 1433 revocatus,
1736 1379 1792 1423 et

202 1469 275 1523 ad
294 1480 572 1521 mensuras
598 1466 883 1527 accedens,
912 1478 1018 1517 non
1047 1462 1225 1515 subito
1254 1470 1446 1526 nocet;
1494 1460 1793 1514 exussisset

202 1558 353 1612 enim
392 1555 596 1621 omnia,
647 1555 693 1609 si
725 1554 903 1609 subito
931 1554 997 1607 ad
1035 1568 1097 1614 ea
1141 1552 1315 1621 spatia
1358 1566 1478 1620 quae
1516 1550 1793 1603 dimiserat

206 1648 565 1711 recurrisset;
603 1660 776 1715 neque
796 1647 989 1698 iterum
1014 1660 1117 1697 non
1143 1641 1455 1697 illutninans
1479 1639 1789 1700 intermisit,

1885 538 2089 595 miiiter
2116 537 2349 593 moritur
2366 537 2568 607 justus,
2585 542 2646 589 et
2663 529 2899 602 impius?
2924 531 2975 586 Is
3002 530 3147 585 enim
3174 529 3269 600 qui
3296 528 3473 585 aliena

1886 630 2051 701 rapit,
2077 628 2274 685 i'ruitus
2297 638 2382 683 est
2415 642 2536 697 qua:
2564 625 2788 696 diripuit
2820 621 2933 695 (15)
2964 639 2981 678 :
3009 622 3101 692 qui
3143 631 3324 677 autem
3376 636 3475 676 sua

1887 720 2093 785 amisit,
2125 720 2259 775 abiit
2276 732 2501 790 gemens
2532 732 2636 773 non
2664 717 2870 772 habens
2906 714 3103 785 spem?
3132 714 3237 771 Sed
3263 730 3369 771 non
3392 723 3475 771 est

1886 814 2153 885 iniquitas
2179 814 2321 883 apud
2352 812 2540 868 Deum.
2571 810 2630 867 Si
2663 809 2811 865 enim
2835 824 2939 864 non
2974 818 3059 864 est
3084 823 3209 879 spes
3230 822 3478 864 resurre-

1886 906 2103 970 ctionis,
2141 912 2195 959 et
2226 902 2477 960 solatium
2504 900 2611 956 illis
2638 900 2729 971 qui
2759 899 2883 956 istic
2918 908 3205 961 uocentur,
3238 906 3293 955 et
3335 913 3466 953 men

1888 1013 1981 1053 ces
2013 996 2098 1052 bis
2129 996 2220 1067 qui
2246 1010 2343 1052 sua
2379 993 2506 1050 istic
2530 1001 2816 1065 spargunt,
2868 1006 3059 1063 magna
3105 988 3369 1060 iniquitas
3396 993 3480 1045 est

1890 1089 2030 1159 apud
2052 1089 2279 1160 justum.
2325 1084 2383 1143 Si
2410 1086 2556 1141 enim
2582 1100 2734 1155 aqua
2761 1085 3063 1142 redduntur
3096 1084 3368 1147 omnibus,
3393 1081 3477 1153 je-

1884 1180 2096 1251 junanti
2131 1188 2187 1236 et
2216 1179 2455 1243 ebrioso,
2502 1176 2790 1233 libidinoso
2828 1186 2884 1234 et
2905 1177 3125 1249 pudico,
3162 1174 3396 1247 rapienti
3426 1185 3476 1230 et

1891 1272 2137 1337 donanti,
2181 1271 2450 1327 occidenti
2498 1279 2555 1326 et
2604 1269 2658 1327 ei
2699 1270 2790 1340 qui
2838 1269 3128 1332 occiditur,
3184 1276 3239 1324 et
3290 1266 3339 1322 ei
3385 1265 3479 1338 qui

1893 1362 2213 1431 martyrium
2244 1359 2543 1430 toilit(16),
2579 1359 2670 1415 ubi
2697 1359 2871 1415 virtus
2903 1368 2987 1415 est
3014 1357 3403 1430 providentia?
3427 1357 3480 1414 in

1894 1453 2181 1523 praecipuis
2207 1452 2352 1507 enim
2392 1451 2441 1507 si
2472 1450 2727 1517 defuerit,
2757 1466 2865 1507 non
2900 1452 3009 1508 erit
3035 1450 3184 1507 utilis
3216 1464 3393 1520 neque
3426 1450 3482 1504 in

1896 1546 2156 1600 minimis.
2191 1543 2297 1599 Sed
2333 1558 2438 1599 non
2482 1543 2551 1599 sit
2600 1542 2945 1613 sacrilegium
2996 1542 3138 1596 istud
3196 1540 3483 1597 admittere

1894 1650 2265 1708 quemquam:
2302 1636 2417 1690 sive
2454 1633 2600 1689 enim
2643 1635 2873 1706 gentiles
2917 1642 3045 1688 sunt
3090 1630 3184 1703 qui
3222 1632 3483 1687 adversus

200 1750 273 1796 ut
309 1740 517 1796 fructus
551 1754 655 1793 non
688 1746 1082 1807 coquerentur;
1106 1749 1281 1804 neque
1304 1733 1559 1787 advenire
1597 1731 1662 1785 ad
1695 1731 1796 1784 im-
1828 1798 1865 1807 _
1898 1727 2356 1784 resurrectionem
2397 1736 2595 1794 augent
2627 1727 2786 1781 nobis
2829 1724 3117 1790 rationem,
3166 1722 3258 1793 qui
3295 1721 3485 1778 volunt

205 1836 393 1900 petum
424 1827 601 1881 subito
636 1798 840 1881 currit:
875 1798 1220 1879 at-mensurte
1243 1833 1299 1877 et
1321 1821 1594 1877 recedenti
1622 1832 1678 1874 et
1709 1832 1784 1873 re-
1826 1798 1872 1855 Β
1897 1821 2111 1875 ratione
2168 1834 2228 1874 se
2263 1832 2424 1888 agere
2463 1829 2683 1879 cuncta,
2733 1815 2825 1886 qui
2859 1825 2989 1871 sunt
3033 1814 3431 1870 irrationabiles
3464 1830 3480 1867 :

206 1919 451 1972 currenti
481 1926 607 1974 sunt
631 1918 788 1971 datae.
818 1915 934 1971 Non
966 1915 1367 1986 coniunguntur
1395 1913 1510 1968 dies
1541 1912 1791 1968 noctibus
1895 1911 2347 1982 quemadmodum
2394 1908 2502 1964 Deo
2530 1909 2742 1976 justitia
2781 1906 3122 1964 saivabitur?
3171 1907 3294 1962 istic
3337 1908 3484 1962 enim
3550 1958 3555 1965 .

205 2008 478 2068 habentes
514 2014 715 2071 sulem;
762 2021 805 2060 st
838 2006 977 2062 enim
1006 2006 1121 2060 hac
1164 2005 1237 2059 ita
1276 2013 1481 2069 essent,
1530 2004 1798 2057 arsissent
1897 2005 2144 2060 videmus
2174 2016 2557 2073 nonnunquam
2587 2015 2844 2071 perverse
2868 2001 3082 2070 negotia
3114 2000 3250 2071 geri,
3277 2008 3335 2055 ut
3363 2000 3485 2055 illos

206 2103 418 2178 omnia.
452 2102 557 2156 Sed
591 2100 672 2156 soi
703 2100 919 2169 quidem
956 2112 1053 2168 per
1080 2097 1219 2153 diem
1266 2095 1433 2163 fovet,
1467 2108 1559 2150 ros
1612 2103 1794 2149 autem
1897 2097 2118 2167 quidem
2150 2095 2243 2166 qui
2267 2104 2491 2151 cantant
2512 2104 2762 2164 petemus
2789 2094 2926 2148 bene
2949 2091 3151 2148 habere
3174 2092 3226 2147 in
3250 2091 3487 2148 mundo:

208 2204 537 2250 nocturnum
567 2191 880 2247 consolatur
901 2190 1171 2245 ardorem.
1199 2187 1267 2243 Et
1293 2202 1546 2243 mensura
1588 2202 1617 2241 a
1649 2196 1796 2241 terra
1898 2190 2036 2245 alios
2062 2198 2266 2254 autem,
2294 2187 2385 2257 qui
2419 2185 2681 2255 diripiunt
2711 2194 2769 2241 et
2798 2184 3061 2249 ditantur,
3101 2182 3272 2238 laetari
3308 2190 3365 2239 et
3393 2198 3488 2239 sa-

206 2286 295 2341 sol
326 2287 513 2349 distat,
534 2292 594 2338 ut
621 2296 794 2353 neque
817 2282 1183 2353 propinquans
1213 2288 1453 2342 noceret,
1485 2294 1660 2348 neque
1687 2278 1799 2331 lon-

207 2377 336 2445 gius
357 2376 570 2430 distans
595 2374 783 2443 frigori
807 2373 1045 2428 cederet.
1079 2370 1344 2425 Mensura:
1374 2370 1533 2441 igitur
1563 2370 1645 2424 his
1677 2382 1800 2439 quae

210 2469 271 2522 in
297 2468 435 2523 casio
467 2477 594 2522 sunt
619 2467 685 2520 ad
713 2482 775 2521 ea
800 2480 924 2535 quae
958 2465 1011 2518 iu
1042 2474 1182 2519 terra
1222 2461 1528 2529 habentur;
1560 2476 1661 2515 nec
1691 2475 1798 2515 non

206 2568 412 2629 etquae
466 2562 517 2613 in
572 2558 707 2613 mari
753 2558 819 2612 ad
867 2566 1089 2620 terram,
1132 2564 1188 2609 et
1220 2556 1326 2610 diei
1359 2554 1426 2608 ad
1456 2564 1706 2617 noctem,
1744 2562 1803 2607 et

210 2653 377 2708 hiemi
416 2652 481 2705 ad
527 2662 793 2706 aestatem.
852 2651 917 2704 Et
972 2665 1076 2704 non
1119 2657 1265 2703 tanta
1310 2647 1491 2715 elaqni
1552 2656 1799 2717 possunt,

209 2753 412 2824 quanta
460 2746 711 2798 universa
757 2754 947 2797 natura
988 2743 1307 2811 proclamat.
1369 2739 1498 2795 Cati
1550 2750 1803 2795 enarunt

208 2836 437 2908 gloriam
479 2834 599 2901 Dei,
647 2852 804 2901 apere
844 2848 1018 2891 autent
1053 2852 1306 2890 manuum
1350 2835 1466 2905 ejus
1517 2835 1799 2887 annuntiat

1900 2296 2001 2337 nos
2030 2295 2156 2344 esse
2173 2294 2423 2350 corpore,
2463 2279 2604 2334 forte
2632 2277 2805 2350 magis
2844 2278 3060 2349 iniquos
3084 2292 3248 2348 quam
3284 2276 3489 2345 iustos,

1898 2385 1956 2429 et
2007 2388 2392 2444 nonnunquam
2442 2370 2634 2427 melius
2688 2386 2889 2442 corpus
2946 2370 3185 2435 habere,
3240 2380 3295 2426 et
3349 2369 3491 2424 illios

1900 2466 2271 2536 quamplures,
2298 2464 2475 2521 ethos
2502 2463 2823 2529 incolumes,
2842 2474 2899 2520 et
2931 2462 3185 2519 mulieres
3212 2477 3335 2518 cum
3359 2461 3494 2516 viris

1901 2558 2078 2614 latam
2116 2558 2313 2628 degere
2357 2557 2548 2619 vitam.
2577 2563 2633 2612 et
2658 2570 2936 2612 servorum
2981 2554 3379 2609 multitudinem
3411 2553 3493 2609 eis

1899 2665 2047 2714 esse,
2082 2659 2138 2705 et
2168 2663 2330 2718 opum
2380 2656 2438 2703 et
2473 2648 2901 2721 possessionum,
2954 2655 3011 2703 et
3062 2647 3280 2703 condita
3320 2644 3494 2703 multa

1901 2744 2207 2799 substantia
2240 2742 2420 2811 larga,
2450 2757 2613 2813 quam
2655 2750 2710 2798 et
2759 2741 3136 2797 transmittunt
3195 2742 3260 2796 ad
3306 2738 3488 2795 filios:

1895 2831 2027 2902 justi
2059 2843 2239 2887 autem
2271 2845 2515 2905 gemunt,
2537 2841 2734 2889 etcum
2760 2847 2996 2889 maerore
3032 2832 3231 2903 degunt
3258 2832 3313 2888 in
3340 2847 3498 2886 mun-

206 2930 607 3000 ﬁrmamentum
640 2930 708 2993 “,
736 2931 867 2984 dicit
890 2928 1179 2999 Pmpbeta.
1215 2929 1271 2982 lu
1306 2926 1411 2981 alio
1444 2936 1625 2980 autem
1658 2926 1803 2995 psal-

215 3035 311 3076 rno
340 3037 369 3073 a
397 3034 610 3075 sursum
654 3035 825 3089 usque
858 3021 1109 3075 deorsum
1150 3020 1327 3073 omnis
1356 3028 1606 3072 creatura
1637 3019 1799 3071 diuu-

1904 2925 2011 2981 do:
2034 2934 2088 2981 et
2120 2926 2211 2997 ubi
2237 2935 2321 2981 est
2356 2926 2564 2997 iustitia
2587 2941 2710 2997 qua:
2741 2942 2771 2981 a
2798 2926 2909 2984 Deo
2947 2925 3071 2983 est?
3103 2926 3172 2981 Et
3198 2926 3244 2982 si
3274 2924 3495 2997 quidem

957 3034 1109 3108 rsum
1150 3020 1327 3073 omnis
1356 3028 1606 3072 creatura
1637 3019 1799 3071 diuu-
1904 3016 1970 3072 ad
2008 3014 2221 3071 Iudaeos
2254 3017 2327 3072 sit
2350 3031 2532 3075 sermo
2554 3055 2573 3085 ,
2612 3016 2745 3090 quid
2771 3019 2974 3088 profuit
3000 3020 3253 3085 Abrahae,
3280 3026 3338 3074 ut
3367 3032 3498 3089 pro-

219 3125 485 3169 meretur.
532 3114 599 3169 Et
630 3126 777 3169 certe
822 3124 876 3169 et
910 3115 1023 3182 ipse
1052 3114 1144 3184 qui
1181 3111 1344 3175 dicit,
1393 3108 1525 3165 Cati
1548 3119 1803 3165 enarrtmt
1845 3182 1872 3184 _
1907 3108 2221 3165 missionem
2243 3108 2465 3179 quidem
2486 3109 2783 3181 acciperet,
2813 3110 2880 3166 ad
2904 3111 3293 3180 promissiones
3314 3121 3497 3167 autem

214 3206 447 3279 gloriam
486 3206 599 3267 Dei.
637 3224 741 3261 non
783 3182 1113 3274 loquentiam
1156 3204 1383 3259 audivit.
1415 3204 1507 3257 Ait
1528 3203 1671 3257 enim
1703 3218 1805 3256 non
1830 3182 1875 3240 (ἶ
1910 3204 2354 3273 non.perveniret
2384 3219 2400 3257 :
2435 3202 2639 3274 quique
2669 3212 2882 3275 patrem
2923 3202 3145 3273 quidem
3184 3201 3505 3257 amantissi-

214 3310 334 3348 θαι
362 3294 612 3362 loquelas,
660 3311 824 3365 neque
870 3310 1134 3348 sermones
1155 3294 1200 3325 “
1235 3310 1249 3347 :
1288 3292 1581 3348 tacentium
1628 3301 1807 3346 autem
1911 3312 2081 3362 mum,
2118 3305 2350 3352 matrem
2378 3296 2596 3366 quidem
2628 3294 2903 3362 dilectam,
2934 3297 3166 3365 patriam
3205 3293 3260 3349 in
3282 3309 3389 3365 qna
3417 3303 3506 3350 est

215 3400 411 3441 eorum
436 3387 488 3438 in
519 3402 734 3441 omnem
760 3387 1017 3441 mundum
1040 3387 1240 3442 exiisse
1268 3400 1462 3442 sonum
1489 3399 1676 3439 eorum
1711 3385 1807 3438 ait.
1909 3390 2173 3445 educatus
2206 3387 2428 3459 reliquit
2454 3398 2676 3459 propter
2702 3387 3078 3459 prmeptum?
3124 3385 3294 3443 Scitis
3321 3395 3505 3441 autem

219 3476 395 3542 ΟυίίΓ
420 3476 583 3546 igitur
635 3490 731 3545 Per
780 3485 930 3530 ωηιει
978 3490 1096 3545 quae
1128 3477 1363 3531 diximus
1423 3487 1476 3529 ει
1516 3477 1807 3537 ιυουίωιιε.
1908 3493 1967 3537 et
1997 3496 2094 3537 vos
2128 3491 2330 3551 quanta
2364 3480 2636 3551 pernicies
2685 3482 2755 3537 sit
2793 3478 3199 3536 consuetudinis
3237 3477 3510 3534 sustinere

220 3570 339 3635 ipsa
371 3584 549 3623 rerum
582 3572 794 3639 negotia
830 3568 1085 3634 clamant,
1114 3578 1168 3624 et
1195 3568 1591 3639 providentiam
1618 3567 1812 3639 prredi-
1912 3587 2210 3628 recessum.
2238 3570 2553 3627 Adveniens
2578 3580 2759 3626 autem
2798 3572 2864 3625 ad
2894 3580 3094 3626 terram
3129 3569 3510 3641 repromissio-

219 3670 353 3713 caut
401 3658 532 3725 Dei;
569 3661 791 3715 rationis
842 3676 946 3714 non
984 3672 1063 3715 est
1097 3661 1165 3714 ad
1192 3675 1287 3715 eos
1322 3660 1413 3729 qui
1462 3658 1813 3729 prescribere
1911 3663 2023 3726 nis,
2053 3661 2382 3718 circumibat
2410 3670 2469 3714 ut
2492 3661 2813 3733 peregrinus
2842 3670 2897 3718 et
2931 3662 3161 3727 advena,
3188 3662 3510 3717 desiderans

220 3763 474 3806 naturam
505 3753 713 3820 volunt,
735 3764 789 3809 et
819 3752 1051 3807 visibilia
1083 3766 1189 3806 non
1211 3752 1417 3815 videre,
1450 3751 1821 3820 nosmetipsos
1914 3754 2104 3809 satiari
2147 3768 2312 3825 aqua,
2349 3752 2507 3822 cujus
2547 3754 2665 3826 ipse
2692 3753 2833 3821 fons,
2869 3762 3063 3824 puteus
3099 3761 3220 3810 erat
3245 3752 3511 3809 adiuven-

219 3846 564 3916 protendere.
624 3846 731 3900 Sed
771 3847 840 3900 ab
876 3843 1086 3899 illorum
1134 3844 1353 3916 quidem
1412 3843 1813 3910 irreligiositate
1914 3853 2020 3911 tor,
2060 3845 2154 3916 qui
2186 3844 2235 3900 ei
2268 3844 2479 3901 fructus
2517 3859 2584 3901 ex
2630 3844 2992 3914 promissione
3036 3842 3341 3914 provenit!
3369 3841 3512 3899 Tor-

220 3938 458 3993 transire
485 3939 600 4007 jam
637 3948 848 4006 tempus
881 3953 979 3995 nos
1012 3939 1289 4000 admouet,
1312 3948 1609 4006 properare
1630 3944 1812 3989 autem
1916 3947 2155 3993 mentum
2196 3938 2341 3993 enim
2373 3937 2424 3993 ei
2450 3946 2571 3993 erat
2594 3938 2763 4009 ipsius
2792 3938 3171 4010 promissionis
3206 3938 3507 3995 adventus;

219 4031 295 4084 ad
321 4030 505 4095 aliam,
537 4045 606 4085 ne
648 4033 928 4085 videamur
972 4040 1029 4085 et
1064 4030 1427 4085 contaminari
1463 4027 1815 4097 inspicientcs

216 4132 343 4185 eos,
387 4119 478 4189 qui
527 4135 633 4175 non
669 4120 871 4175 vident.
918 4118 1152 4174 Tantum
1186 4127 1366 4173 autem
1422 4118 1544 4172 addi
1577 4126 1811 4188 oportet,

222 4212 357 4283 quia
387 4211 634 4266 confessa
664 4210 1003 4280 providentia
1029 4222 1368 4277 consequens
1393 4217 1477 4263 est
1508 4207 1701 4263 adesse
1729 4222 1817 4263 re-

220 4302 650 4365 surrectionem,
686 4302 1141 4370 quemadmodum
1169 4314 1511 4370 consequens
1543 4307 1608 4355 et.
1628 4313 1817 4355 neces-

222 4396 376 4454 saria
418 4405 500 4451 est
543 4397 889 4452 resurrectio.
940 4396 1072 4452 Sine
1127 4410 1290 4451 causa
1349 4395 1616 4467 justitiam
1686 4395 1817 4451 colit

1914 4032 2101 4087 videre
2129 4031 2274 4088 enim
2312 4030 2754 4101 promissionem,
2782 4046 2888 4088 non
2913 4031 3151 4102 permitti
3196 4041 3375 4087 autem
3416 4044 3513 4087 ea-

1917 4122 2040 4177 dem
2068 4121 2197 4188 frui,
2222 4121 2397 4193 magis
2428 4121 2495 4175 ad
2518 4120 2909 4191 Maephemiam
2938 4120 3266 4187 adducebat,
3284 4122 3379 4177 sed
3399 4135 3510 4177 non

1916 4213 2215 4270 Abraham.
2252 4214 2528 4269 Abraham
2565 4211 2712 4268 enim
2740 4213 2948 4270 addens
2987 4222 3044 4269 et
3078 4228 3186 4269 non
3223 4213 3512 4284 perfruens

1917 4313 1977 4356 nt
2005 4317 2189 4358 mensa
2220 4301 2490 4374 apposita,
2518 4310 2575 4357 et
2598 4302 2907 4373 prohibitus
2930 4301 3225 4374 degustare
3251 4302 3413 4359 etiam
3439 4317 3510 4359 ex

1920 4395 2007 4449 his
2030 4410 2149 4465 qua:
2170 4403 2655 4466 exsuperaveraut,
2680 4395 2754 4451 ita
2777 4394 3034 4450 dimissus
3058 4395 3265 4465 gratias
3291 4395 3511 4466 agebat.

216 4489 442 4563 justus?
471 4490 589 4544 sine
616 4504 779 4543 causa
815 4489 1125 4558 pudicitiam
1160 4497 1309 4543 amat
1334 4488 1599 4558 pudicus?
1635 4496 1694 4544 et
1720 4490 1813 4558 qui
1846 4486 2059 4587 l)ﬁuid
2086 4494 2219 4559 ergo
2247 4485 2451 4557 profuit
2481 4486 2601 4543 illi?
2626 4485 2732 4543 Sed
2759 4487 2886 4558 quia
2939 4487 3113 4543 filium
3140 4486 3365 4553 habuit;
3392 4494 3515 4554 post

226 4581 483 4652 providet
504 4581 587 4634 bis
612 4596 731 4648 qua:
751 4581 869 4635 sine
885 4581 1063 4634 anima
1097 4588 1243 4645 sunt,
1266 4579 1553 4635 arboribus
1576 4589 1630 4634 et
1661 4579 1815 4647 plan-
1846 4577 1887 4587 "
1920 4590 2119 4648 quanta
2180 4589 2471 4647 tormenta,
2524 4588 2646 4652 post
2701 4590 2935 4649 quantas
2988 4578 3298 4636 orationes?
3354 4577 3517 4634 Servi

228 4672 327 4735 tis,
362 4670 521 4736 Deus,
554 4672 828 4727 invenitur
865 4670 1213 4727 rationabiles
1246 4670 1462 4725 animas
1498 4668 1814 4741 negligens!
1921 4670 2195 4726 Abraham
2224 4672 2519 4741 habebant,
2542 4680 2599 4729 et
2627 4672 2904 4729 Abraham
2932 4673 3249 4728 desiderans
3283 4686 3389 4727 non
3413 4671 3513 4727 ha-

223 4773 289 4821 et
316 4766 410 4833 qui
443 4765 835 4833 providentiam
882 4779 1036 4819 suum
1066 4762 1307 4817 formicis
1337 4763 1597 4833 impertit,
1640 4772 1695 4816 et
1721 4777 1814 4816 os-
1922 4765 2086 4820 bebat
2117 4784 2131 4820 :
2162 4768 2255 4821 sed
2284 4765 2570 4839 coniugem
2617 4766 2965 4833 habebat,,et
3008 4766 3169 4822 istam
3208 4766 3513 4831 honestam,

228 4859 411 4913 tendit
429 4871 523 4911 eas
542 4873 662 4926 qua:
694 4873 799 4911 non
831 4857 1032 4911 habent
1060 4855 1432 4910 rationabilem
1467 4870 1707 4919 sensum,
1741 4854 1817 4907 si-
1926 4873 2154 4929 qumque
2184 4860 2255 4914 ab
2278 4875 2345 4915 eo
2367 4860 2544 4915 ablata
2578 4867 2679 4923 est.
2714 4868 2771 4912 et
2801 4858 2955 4913 valde
2980 4871 3191 4919 amare,
3214 4871 3318 4910 non
3348 4856 3518 4910 inter-

231 4948 409 5003 bimet
429 4947 760 5009 consentire,
793 4957 849 4999 et
869 4945 1229 5000 imitationem
1253 4946 1558 5000 concordia:
1579 4945 1818 5010 habere;
1928 4948 2141 5015 ﬁciens,
2176 4959 2231 5005 et
2257 4960 2475 5005 mutans
2504 4949 2680 5004 locum
2716 4942 2832 5019 (Π)
2866 4958 2924 5001 et
2965 4948 3163 5013 locum,
3199 4959 3518 5017 persevera-

224 5040 282 5098 si
314 5048 494 5092 tanien
541 5047 595 5092 et
631 5046 880 5106 Oporteat
912 5039 1017 5091 dici
1054 5038 1363 5092 consentire
1408 5037 1511 5091 sibi
1556 5052 1645 5100 ea,
1700 5053 1822 5107 qua:
1929 5040 2028 5092 vit.
2057 5041 2246 5095 Dicant
2293 5056 2425 5113 ergo
2453 5039 2624 5096 Judaei
2660 5054 2781 5108 qum
2816 5038 3164 5109 provenerint
3189 5038 3421 5092 Abraha:
3449 5050 3515 5091 ex

225 5145 345 5187 non
371 5131 574 5184 habent
604 5130 1010 5199 sensum;qtda
1043 5129 1205 5200 igitur
1227 5140 1283 5182 et
1310 5127 1556 5183 formicis
1574 5128 1824 5198 providet
1931 5132 2294 5203 prumiszione
2344 5135 2398 5188 iu
2446 5134 2698 5203 przesenti
2748 5132 2850 5187 hac
2894 5132 3032 5196 vita,
3080 5141 3139 5184 ut
3175 5130 3519 5185 abscidamus

230 5223 486 5289 Deus,"
508 5223 657 5277 dedit
704 5223 782 5278 eis
828 5233 883 5277 et
921 5222 1258 5290 receptacula
1308 5232 1467 5277 terra:
1508 5233 1564 5276 et
1592 5237 1821 5278 coucor-
1927 5238 2115 5279 eorum
2185 5241 2333 5295 spem
2408 5226 2847 5281 resurrectionis.
2903 5225 3011 5279 Sed
3070 5206 3259 5278 habuit
3323 5222 3517 5277 lilium.

228 5316 407 5378 diam,
440 5315 680 5369 onanium
720 5315 844 5370 licet
886 5314 994 5368 sint
1027 5324 1214 5367 natura
1257 5312 1605 5373 inﬁrmiores.
1641 5324 1818 5369 tamen
1928 5315 2199 5383 Quando?
2222 5320 2380 5374 Circa
2409 5322 2765 5374 centesimum
2813 5334 3012 5374 annum
3066 5318 3223 5372 datus
3249 5324 3332 5372 est
3367 5316 3417 5370 ei
3456 5315 3522 5370 ii-

228 5408 343 5473 εἰς,
370 5422 487 5476 quae
513 5408 778 5472 videmus,
807 5407 1023 5463 donavit
1050 5424 1067 5464 :
1105 5410 1171 5463 de
1199 5409 1371 5462 bobus
1405 5421 1584 5461 autem
1625 5422 1821 5462 secuu-
1930 5410 2055 5475 lius,
2095 5420 2487 5467 tormentorum
2510 5412 2689 5481 potius
2715 5412 2833 5479 ejus
2854 5420 3169 5480 etprecum.
3202 5406 3339 5477 Quia
3366 5406 3519 5464 enim

230 5499 366 5558 dum
398 5500 712 5570 Apostolum
745 5502 979 5570 pertinet
1010 5500 1075 5553 ad
1110 5500 1359 5565 Detnn”,
1386 5510 1443 5554 et
1477 5500 1544 5553 de
1585 5500 1740 5554 nobis
1770 5501 1820 5555 ei
1930 5502 2121 5558 habuit
2168 5513 2226 5559 et
2271 5504 2471 5560 bonum
2507 5504 2700 5571 tilium,
2744 5512 2801 5559 et
2841 5503 3054 5559 laetatus
3105 5501 3160 5557 in
3213 5500 3359 5557 done
3409 5508 3542 5571 est”

914 5594 959 5627 "
1000 5595 1129 5651 ibid.
1155 5593 1210 5649 4.
1252 5590 1486 5651 "lCnr.
1522 5610 1598 5659 ll,
1627 5595 1681 5651 9.

310 5705 429 5776 (15)
460 5707 558 5762 bis.
594 5705 849 5763 Frant'tns
871 5720 946 5763 est
971 5725 1088 5777 qua:
1111 5709 1354 5776 diripuit.

312 5779 429 5849 (l6)
460 5777 558 5834 Ms.
590 5778 657 5835 Et
685 5782 731 5833 ei
754 5780 842 5846 qui
873 5779 1186 5848 martyrium
1217 5781 1361 5835 colit.

307 5592 359 5629 ⁸⁸
392 5592 534 5648 Psal.
574 5609 731 5660 xvtn,
766 5594 819 5649 l.

2010 5710 2125 5782 (l7)
2155 5709 2371 5765 ιιοιιηι.
2403 5707 2579 5763 Τόπον
2603 5709 2666 5762 ὲκ
2695 5707 2860 5762 τόπου
2884 5705 3150 5778 ἀμιίσων.
