4048 6322
660 342 799 398 1075

1321 338 1591 405 ευεεβιι
1627 335 2101 396 ειελιυεηειει
2135 334 2212 392 DF

2328 333 2506 391 PARS
2539 333 2632 391 IV.
2664 362 2737 374 —
2773 328 3192 389 DOGIATICA.

3767 313 3897 374 ιοπ

657 471 817 534 putas
864 458 1135 529 accipiens
1178 458 1346 520 filium
1399 461 1516 515 sine
1561 460 1857 515 tentatione
1909 459 1976 514 de
2027 464 2226 512 caetero
2254 461 2298 512 Δ
2328 462 2382 508 et
2423 453 2617 508 borum
2663 450 2784 517 lilii,
2814 460 2872 507 et
2920 449 2994 506 illi
3044 447 3296 504 homines
3335 441 3533 514 quibus
3583 439 3898 534 peregrinas

658 553 892 612 mansit?
918 563 972 609 et
1001 567 1108 607 non
1139 553 1252 623 ipsa
1294 551 1637 623 pulchritudo
1687 552 1799 616 tllii,
1845 553 1962 621 ipsa
2008 552 2222 619 saplen-

656 646 754 711 tia,
785 645 898 715 ipse
931 641 1251 707 intellectus,
1280 651 1338 701 et
1380 656 1442 696 ea
1491 656 1612 712 qua
1658 642 1712 695 in
1757 647 2019 696 eo-erant
2063 639 2222 701 bona,

657 745 1076 804 etqumcunque
1133 733 1372 788 habebat
1429 742 1490 794 nt
1532 733 1728 787 donum
1772 730 1901 795 Dei,
1954 728 2223 784 amariora

657 831 928 879 tormenta
971 829 1188 893 operata
1237 833 1362 877 sunt
1408 821 1583 897 patri!
1631 819 1758 890 quid
1808 818 1953 874 enim
2007 817 2138 874 dicit
2173 818 2224 881 ei

655 913 838 969 Dens?
862 914 954 985 qui
987 913 1122 970 dixit
1160 914 1274 984 (18)
1333 913 1552 969 donavit
1585 912 1632 966 ei
1674 910 1844 965 filium
1881 928 1896 942 ο
1934 909 2221 971 Abraham,

656 1003 959 1071 Abraham,
991 1005 1162 1072 accipe
1219 1004 1380 1058 filium
1430 1014 1575 1057 luant
1619 999 1798 1065 Isaac,
1845 1015 1997 1070 quem
2044 999 2222 1068 diligis

657 1093 1006 1163 unigenitum,
1051 1105 1100 1150 et
1149 1095 1333 1163 oﬁ'eres
1372 1110 1487 1150 eum
1532 1092 1662 1148 mihi
1702 1091 1759 1144 in
1799 1106 1901 1143 uno
1943 1090 2221 1154 utentium,

655 1201 809 1257 quem
832 1186 924 1240 tibi
949 1187 1138 1244 dixero
1159 1186 1225 1241 ⁸³.
1251 1186 1307 1241 Si
1335 1185 1782 1252 interceperimns
1811 1182 2222 1238 resurrectionis

656 1291 806 1346 spem
837 1276 972 1349 (l9),
997 1277 1177 1332 statim
1210 1275 1374 1336 habet
1399 1275 1659 1339 dolorem.
1690 1274 1871 1332 statim
1895 1273 2056 1330 habet
2088 1287 2222 1334 mm-

658 1385 836 1426 rorem
866 1368 1159 1424 Abraham.
1199 1367 1320 1423 Noli
1349 1367 1495 1422 enim
1521 1381 1765 1438 querere
1797 1367 1842 1421 si
1877 1381 1984 1420 non
2012 1371 2096 1420 est
2121 1377 2220 1419 oc-

657 1461 801 1516 cisus
835 1459 1017 1526 lsaac;
1055 1457 1148 1514 sed
1194 1473 1258 1513 er
1292 1473 1402 1528 quo
1437 1457 1716 1528 proposuit
1765 1467 1940 1526 pater,
1977 1463 2221 1508 mortuus

656 1559 741 1604 est
771 1549 912 1618 patri
950 1547 1121 1605 lsaac.
1164 1546 1334 1602 Putas
1358 1549 1484 1618 quia
1516 1558 1572 1602 et
1609 1556 1757 1601 tanta
1783 1555 1899 1600 erat
1927 1545 2220 1599 crudelitas

657 1642 798 1710 apud
827 1641 1015 1704 lleum,
1048 1649 1108 1695 nt
1140 1642 1194 1695 in
1231 1650 1440 1694 tantum
1466 1647 1746 1709 torqueret
1777 1637 2083 1692 Abraham?
2107 1637 2219 1704 ipse

654 1732 800 1787 enim
831 1740 1058 1786 testatur
1083 1740 1138 1786 et
1166 1731 1299 1785 dicit
1332 1749 1345 1785 :
1375 1731 1498 1786 Scio
1523 1740 1646 1801 quia
1685 1731 1795 1797 ipse
1833 1740 1880 1782 et
1911 1727 2058 1796 ﬁlius
2100 1727 2217 1797 ejus

656 1822 923 1876 mandabit
947 1821 1207 1880 custodire
1234 1820 1393 1890 legem
1425 1830 1474 1876 et
1499 1819 1751 1874 mandata
1791 1816 2005 1872 Domini
2029 1815 2077 1848 ⁸⁸
2110 1837 2123 1871 :
2158 1826 2217 1870 ut

655 1927 722 1967 ex
755 1912 859 1974 hoc
897 1911 1206 1966 testimonio
1233 1910 1504 1965 Abraham
1540 1925 1645 1964 non
1687 1907 1857 1962 solum
1900 1922 1995 1978 per
2019 1916 2217 1968 semet-

653 2002 828 2069 ipsum
863 2002 1143 2072 religiosus
1175 2001 1478 2064 exstiterit,
1519 2001 1611 2054 sed
1660 2008 1716 2054 et
1758 2014 1825 2054 ex
1868 2002 2124 2054 mandato
2159 2007 2216 2054 et

650 2089 784 2153 filio,
809 2093 900 2168 qui
960 2103 1015 2146 et
1052 2100 1171 2160 post
1205 2103 1433 2144 mortem
1468 2089 1595 2144 colit
1639 2097 1696 2143 et
1730 2097 2018 2144 veneratur
2046 2087 2213 2144 Deum

651 2198 749 2252 per
778 2197 840 2243 ea
873 2197 990 2254 qua:
1019 2181 1296 2238 mandavit
1324 2181 1484 2236 Deus.
1515 2180 1974 2248 Quemadmodum
2002 2181 2105 2237 iste
2131 2181 2214 2235 vi-

651 2289 784 2330 vens
807 2291 910 2335 non
942 2287 1130 2344 ponas
1157 2274 1454 2330 sustinuit?
1479 2275 1623 2329 dedit
1650 2273 1701 2328 ei
1730 2273 1898 2328 filium
1933 2273 2094 2340 Dens,
2121 2272 2216 2328 de-

652 2368 732 2420 dit
752 2375 804 2422 et
840 2367 1188 2422 tentationem
1223 2382 1239 2418 :
1285 2365 1330 2419 si
1359 2374 1501 2420 esset
1542 2364 1704 2430 alius,
1750 2363 1980 2420 dixisset
2004 2363 2212 2438 utique,

650 2457 867 2514 Utinam
909 2475 1012 2513 non
1059 2459 1409 2526 accepissem.
1455 2456 1724 2512 Abraham
1760 2466 1942 2512 autem
1977 2463 2036 2511 et
2073 2454 2215 2510 acci-

649 2548 804 2618 piens
837 2550 1040 2627 gratias
1072 2549 1203 2618 egit,
1233 2558 1286 2602 et
1318 2547 1549 2602 reddens
1586 2547 1788 2617 gratias
1830 2546 1961 2616 egit,
2003 2547 2212 2600 lucrum

651 2650 838 2711 utpote
875 2642 1078 2698 ducens
1104 2658 1209 2695 non
1238 2640 1342 2694 frui
1392 2639 1581 2706 lilium,
1610 2639 1704 2694 sed
1736 2637 1953 2704 olferre,
1989 2638 2130 2692 sicut
2160 2647 2214 2692 et

648 2731 848 2788 factum
870 2741 954 2786 est
982 2751 993 2786 :
1021 2734 1114 2788 sed
1135 2745 1404 2803 quemque
1428 2731 1722 2799 respiciens
1744 2729 1969 2784 habuit:
1998 2728 2212 2799 quando

647 2831 828 2878 autem
858 2823 1168 2891 praecipitur
1196 2822 1336 2876 filius
1363 2818 1584 2875 oll'erri?
1618 2835 1722 2875 non
1747 2820 1932 2873 statim
1961 2826 2019 2874 ut
2053 2825 2210 2875 natus

647 2923 734 2970 est
769 2935 782 2968 :
820 2929 939 2985 quas
969 2914 1113 2970 enim
1147 2928 1318 2982 nuper
1355 2923 1478 2968 nata
1525 2923 1677 2978 sunt,
1725 2909 1954 2966 necdum
2007 2916 2209 2962 tantum

647 3005 850 3061 habent
874 3003 1143 3062 affectum.
1192 3006 1254 3062 Et
1291 3015 1578 3076 antequam
1624 3003 1914 3074 loquantur
1953 3000 2208 3064 infantes,

2325 542 2678 598 cohabitabat
2707 539 3018 603 Abraham,
3043 552 3163 592 cum
3227 534 3462 602 undique
3495 529 3778 588 excelsum
3817 527 3896 582 fa-

2323 643 2471 690 etum
2502 641 2648 689 esset
2665 632 2865 688 donum
2895 629 3021 693 Dei;
3061 641 3186 682 tunc
3206 626 3340 681 dicit
3372 625 3515 680 Dens
3543 632 3808 690 tanquam
3836 620 3899 674 ad

2323 724 2609 801 quemdam
2657 722 3064 778 adamantinum
3115 737 3128 772 :
3170 718 3461 781 Abraham,
3497 714 3681 782 accipe
3730 710 3898 780 ﬂiam

2322 828 2472 869 litant
2525 817 2850 888 unigenitum
2897 813 3094 877 Isaac,
3151 826 3302 881 quens
3356 809 3614 862 dilexisti.
3670 804 3900 858 Intueris

2322 907 2490 964 Deum
2515 925 2611 978 per
2637 909 3072 965 adhortationem
3105 905 3484 959 dehortantem
3513 917 3526 953 ε
3559 898 3729 954 solito
3755 896 3898 951 enim

2322 1017 2452 1058 usus
2487 1010 2571 1056 est
2606 1000 2675 1055 ad
2728 999 3001 1054 Abraham
3043 1007 3324 1057 sermone;
3364 978 3638 1062 siquidem
3675 998 3735 1042 et
3778 997 3900 1041 tunc

2321 1109 2446 1150 cum
2485 1093 2805 1163 praeciperet
2844 1091 2894 1143 ei
2938 1102 3092 1143 extre
3122 1101 3154 1140 e
3189 1086 3360 1154 patria
3393 1097 3512 1145 sua,
3548 1081 3645 1134 tali
3678 1081 3747 1132 ad
3785 1093 3899 1134 eum

2322 1198 2452 1238 usus
2499 1191 2581 1236 est
2627 1194 2912 1246 sermone,
2954 1179 3044 1248 qui
3087 1177 3250 1230 alium
3300 1174 3483 1244 utique
3533 1171 3898 1241 prohibuisset

2321 1275 2492 1338 exire.
2544 1273 2681 1327 Dicit
2724 1272 2868 1325 enim
2911 1271 2960 1324 ei
3007 1288 3022 1323 :
3061 1267 3348 1330 Abraham,
3390 1265 3695 1324 Abraham,
3748 1265 3834 1314 αἱ
3873 1277 3900 1312 e

2319 1369 2492 1434 patria
2525 1377 2639 1425 tua,
2670 1373 2719 1420 et
2750 1377 2817 1416 ea:
2858 1362 3168 1431 cognatione
3194 1369 3307 1422 tua,
3340 1369 3386 1410 et
3424 1371 3491 1409 ea:
3531 1355 3700 1407 domo
3734 1352 3900 1420 patris

2320 1459 2400 1519 tui
2417 1458 2464 1490 "
2489 1474 2502 1510 :
2536 1457 2650 1510 haec
2679 1454 2819 1508 alius
2845 1454 2890 1507 si
2919 1451 3205 1517 andiisset,
3233 1449 3407 1515 magis
3429 1446 3630 1501 fuisset
3653 1445 3900 1499 detentus

2321 1563 2480 1618 quam
2507 1547 2842 1604 obaudisset.
2883 1542 2989 1598 Sed
3018 1542 3160 1596 sicut
3193 1540 3410 1595 athletis
3449 1537 3782 1593 fortioribus
3814 1536 3897 1606 juo

2322 1641 2510 1694 bentes
2545 1640 2762 1693 duriora
2791 1636 3111 1708 pracipiunt
3140 1651 3154 1686 :
3184 1641 3399 1703 oportet
3427 1640 3499 1694 te,
3535 1629 3739 1698 inquit,
3779 1643 3900 1698 por-

2323 1739 2463 1795 tare,
2511 1729 2674 1784 etiam
2721 1728 2767 1782 si
2810 1726 2976 1780 fueris
3023 1724 3170 1779 calce
3218 1735 3544 1792 percussus;
3585 1728 3810 1787 oportet
3850 1728 3898 1772 te

2247 1799 2438 1876 Besse
2481 1819 2814 1890 patientem,
2857 1816 3070 1871 etiamsi
3122 1813 3413 1868 adversum
3470 1809 3696 1865 oculum
3751 1819 3895 1863 tuam

2318 1927 2537 1964 manum
2573 1905 2921 1966 adversarius
2949 1903 3285 1975 protenderit
3313 1915 3469 1958 suam
3502 1917 3520 1954 :
3555 1906 3611 1953 et
3635 1912 3896 1968 quacun-

2314 2017 2420 2073 que
2441 2002 2513 2056 illi
2538 2004 2797 2054 mandare
2816 2005 3165 2060 consuerunt,
3181 2002 3235 2048 et
3250 1993 3577 2049 athletarum
3603 1988 3893 2045 fortissimi

2315 2094 2590 2149 sustinere
2617 2109 2630 2145 :
2673 2093 2745 2145 ita
2787 2100 2842 2144 et
2882 2090 3005 2145 istic
3031 2086 3175 2142 Deus
3207 2100 3362 2141 suum
3393 2084 3661 2138 athletam
3693 2081 3892 2136 adhor-

2317 2176 2457 2251 tans,
2489 2198 2584 2254 per
2611 2183 2774 2237 duros
2800 2196 2921 2236 enin
2965 2181 3215 2234 hortatur
3247 2187 3399 2232 actus
3437 2195 3452 2230 :
3496 2176 3608 2229 Exi
3655 2191 3686 2228 e
3723 2173 3894 2241 patria

2315 2287 2427 2341 tua,
2449 2285 2501 2330 et
2530 2274 2836 2344 cognatione
2861 2281 2976 2338 tua,
3008 2279 3056 2324 et
3082 2286 3147 2324 ea:
3173 2270 3326 2322 domo
3357 2268 3524 2337 patris
3555 2267 3662 2329 tui,
3699 2276 3748 2319 et
3774 2267 3888 2318 sui

2315 2369 2384 2420 ad
2423 2375 2653 2432 terram;
2681 2365 2749 2420 ad
2791 2378 2955 2433 quam
3003 2371 3254 2432 paratum
3293 2367 3478 2429 negat,
3522 2367 3581 2413 et
3617 2358 3889 2426 promittit

2315 2458 2501 2522 aliam,
2541 2468 2596 2514 et
2632 2455 2805 2524 ipsam
2855 2453 3275 2523 promissionem
3332 2449 3391 2506 ln
3441 2450 3660 2506 incerto
3718 2449 3884 2518 ponit.

2312 2552 2429 2612 Non
2460 2553 2604 2608 enim
2651 2552 2783 2606 dixit
2832 2551 2976 2604 illam
3011 2559 3246 2611 terram;
3290 2546 3387 2602 sed
3429 2547 3486 2600 in
3540 2556 3765 2609 terram,
3811 2545 3888 2598 in-

2313 2647 2457 2715 quit,
2494 2661 2652 2710 quam
2697 2644 2788 2696 tibi
2829 2644 3099 2697 ostendero
3115 2641 3185 2694 “.
3218 2639 3373 2694 Sicut
3409 2639 3558 2693 enim
3600 2638 3832 2708 ejiciens
3857 2651 3887 2690 e

2311 2737 2506 2806 patria,
2539 2750 2636 2803 per
2674 2749 2738 2789 ea
2763 2749 2884 2803 qua!
2911 2733 3265 2801 prohiberent
3288 2731 3470 2802 ejicit;
3507 2731 3582 2782 ita
3619 2737 3681 2783 et
3700 2727 3886 2798 praci-

2311 2826 2466 2897 piens
2493 2825 2661 2880 illium
2691 2839 2848 2880 suum
2876 2824 2976 2877 sibi
3007 2821 3222 2886 offerre,
3256 2837 3351 2888 per
3376 2820 3690 2876 istiusmodi
3729 2819 3884 2873 verba

2307 2917 2482 2986 jubet,
2512 2931 2608 2984 per
2619 2931 2740 2986 quae
2762 2917 2807 2970 si
2829 2926 2971 2970 esset
2989 2914 3145 2978 alius,
3167 2928 3272 2968 non
3295 2913 3559 2968 obediret.
3578 2911 3879 2977 Abraham,

2314 3008 2509 3077 inquit,
2533 3006 2828 3069 Abraham,
2847 3006 3028 3073 accipe
3050 3017 3104 3057 tu
3125 3021 3141 3070 ;
3165 3019 3266 3058 nec
3301 3019 3399 3074 per
3425 3004 3593 3058 alium
3619 3003 3885 3073 praecipit,

645 3097 884 3169 perdicis
911 3107 1004 3152 aut
1041 3096 1302 3150 columba:
1333 3095 1508 3151 locum
1549 3094 1616 3150 ad
1655 3095 1924 3165 genitores
1956 3093 2162 3148 habent
2191 3109 2203 3144 :
2238 3136 2281 3193 ϐ
2314 3097 2408 3152 sed
2423 3098 2619 3162 accipe,
2644 3095 2840 3165 inquit,
2865 3106 2916 3150 tu
2939 3095 3359 3165 ﬁlinmtuum,et
3373 3095 3518 3149 hunc
3540 3096 3885 3165 unigenitum,

647 3190 822 3251 visum
856 3191 999 3248 enim
1038 3200 1244 3244 tantum
1291 3188 1577 3252 delectant,
1622 3197 1677 3242 et
1729 3187 2080 3256 incomposite
2130 3185 2210 3239 Io-

655 3290 885 3351 qnentes
914 3296 929 3333 :
961 3295 1083 3340 cum
1109 3290 1288 3333 autem
1319 3279 1645 3348 promoverit
1677 3288 1832 3338 aetas.
1861 3287 1913 3330 et
1947 3274 2214 3330 eﬂ‘ulserit

646 3385 840 3429 sensus
861 3413 875 3438 ,
909 3382 964 3426 et
994 3371 1219 3440 cmperit
1269 3369 1569 3425 intellectus
1614 3383 1709 3437 per
1743 3367 1980 3437 linguam
2014 3367 2210 3435 promi,

643 3461 930 3519 floruerint
975 3471 1153 3516 autem
1199 3462 1375 3517 atatis
1422 3461 1850 3532 pulchritudines
1899 3471 1952 3513 et
1999 3458 2209 3513 firmata

647 3554 850 3611 fuerint
880 3555 1119 3608 membra
1157 3553 1278 3607 istic
1309 3561 1364 3606 et
1404 3554 1614 3606 initium
1647 3551 1815 3620 ipsius
1855 3551 2120 3619 corporis,
2154 3559 2213 3603 ut

647 3658 792 3705 rosa,
817 3653 910 3696 aut
944 3641 1134 3698 lilium.
1168 3641 1252 3694 vel
1285 3641 1480 3710 aliquis
1517 3637 1615 3694 ﬂos
1673 3653 1939 3703 maturus,
1973 3649 2067 3693 aut
2097 3639 2210 3692 fru-

645 3745 764 3798 ctus
785 3733 892 3804 jam
933 3743 1180 3803 paratus:
1208 3733 1279 3788 ita
1311 3741 1367 3786 et
1399 3731 1742 3802 pulchritudo
1766 3747 1886 3801 qua:
1906 3732 2207 3796 videbatur,

644 3836 699 3880 et
724 3826 958 3882 maxime
988 3825 1295 3879 intellectus
1322 3823 1501 3879 ﬂectet
1527 3825 1822 3893 genitores,
1855 3833 1909 3878 et
1945 3835 2115 3881 totum
2150 3838 2210 3878 se

646 3921 700 3972 in
729 3917 992 3987 genitoris
1017 3925 1250 3971 evacuat
1281 3932 1541 3972 amorem.
1576 3914 1791 3971 lovent
1817 3927 1998 3972 autem
2030 3924 2086 3973 et
2113 3916 2208 3972 filii

645 4008 889 4068 moribus
913 4008 1028 4063 suis
1053 4019 1306 4077 parentes
1338 4017 1393 4061 et
1418 4006 1756 4061 sermonibus
1785 4017 1840 4059 et
1864 4005 2108 4075 loquelis.
2145 4005 2212 4060 Et

644 4099 1099 4170 quemadmodum
1150 4098 1394 4153 extendit
1453 4111 1672 4150 manum
1720 4097 1862 4152 filius
1935 4115 1950 4150 ι
2020 4111 2212 4165 quem-

646 4189 933 4246 admodum
988 4200 1198 4258 patrem
1247 4188 1498 4244 hortatus
1550 4196 1636 4241 cst
1684 4196 1776 4242 aut
1824 4201 1920 4256 per
1964 4187 2209 4252 verbum,

643 4291 738 4336 aut
768 4296 863 4355 per
892 4282 1150 4352 linguam,
1191 4289 1286 4334 aut
1318 4293 1412 4347 per
1441 4293 1559 4333 eam
1605 4294 1767 4346 quam
1800 4277 1968 4332 sumit
2005 4292 2208 4332 escam.

643 4373 964 4443 Loquuntur
993 4382 1171 4426 autem
1197 4379 1254 4425 et
1278 4380 1461 4441 patres
1496 4370 1562 4425 ad
1597 4369 1763 4433 filios,
1794 4378 1846 4422 et
1875 4368 2087 4423 dulcior
2117 4368 2209 4424 filii

2313 3187 2391 3240 ait
2426 3207 2440 3241 :
2473 3185 2744 3256 porrectio
2779 3187 3126 3250 tentationis;
3164 3202 3316 3256 quem
3359 3184 3620 3248 dilexisti,
3663 3185 3840 3254 inquit
3870 3203 3884 3237 :

2312 3278 2742 3333 additamentum
2773 3277 2978 3334 doloris
3002 3278 3144 3332 aliis.
3179 3277 3247 3331 Et
3286 3287 3409 3348 post
3452 3279 3571 3333 haec
3600 3279 3882 3347 consignat

2314 3367 2575 3436 majorem
2601 3368 2830 3438 plagam,
2859 3368 2999 3423 dixit
3031 3369 3176 3426 enim
3203 3379 3257 3422 et
3283 3383 3476 3422 nomen
3514 3368 3634 3423 filii.
3661 3369 3804 3422 Nam
3835 3378 3883 3421 et

2309 3459 2355 3515 si
2391 3461 2503 3514 hac
2540 3462 2722 3515 omnia
2750 3471 2934 3514 essent
2963 3459 3139 3513 dulcia
3169 3471 3224 3513 et
3255 3459 3470 3521 idonea,
3501 3470 3753 3513 moveret
3786 3459 3884 3512 vis-

2310 3565 2434 3605 cera
2467 3559 2732 3620 paterna,
2775 3559 2834 3604 ut
2863 3549 3107 3616 diceret,
3141 3549 3314 3618 ﬁlium
3360 3560 3509 3603 tuum
3559 3550 3884 3618 unigenitum

2309 3659 2461 3713 quem
2485 3641 2742 3699 dilexisti.
2779 3640 2884 3696 Sed
2912 3641 3046 3696 nihil
3070 3643 3198 3707 tale,
3224 3652 3485 3710 quantum
3524 3650 3581 3694 ct
3611 3655 3885 3710 nuncupa-

2311 3738 2512 3793 tionem
2543 3735 2660 3804 ejus
2682 3734 3052 3799 annuntlaret,
3080 3743 3138 3788 et
3160 3735 3388 3798 diceret,
3421 3731 3582 3786 Isaac
3610 3734 3814 3799 accipe,
3839 3744 3886 3786 et

2311 3829 2497 3897 θῆαι-ει
2528 3842 2646 3881 eum
2677 3826 2802 3881 mihi
2831 3825 2886 3879 in
2919 3841 3024 3878 uno
3047 3825 3327 3885 montium.
3375 3822 3564 3893 Neque
3593 3824 3719 3878 istic
3745 3823 3886 3878 desi-

2317 3930 2447 3990 gnat
2481 3919 2678 3981 locum,
2713 3919 2806 3971 sed
2835 3919 2979 3972 sicut
3018 3914 3242 3980 eiiciens
3269 3931 3392 3970 eum
3444 3916 3512 3968 de
3556 3916 3756 3982 patria,
3789 3915 3885 3976 ait,

2318 4009 2446 4064 Veni
2472 4012 2540 4064 ad
2570 4019 2767 4064 terram
2798 4024 2956 4078 quam
2985 4008 3084 4062 tibi
3114 4007 3425 4070 ostendero;
3459 4007 3534 4060 ita
3564 4017 3622 4060 et
3656 4007 3781 4061 istic
3810 4005 3886 4062 di-

2310 4100 2401 4151 cit.
2437 4098 2492 4151 in
2527 4112 2629 4149 uno
2660 4097 2939 4150 montium.
2984 4095 3050 4149 Et
3079 4105 3229 4150 certe
3274 4095 3502 4151 multum
3550 4095 3886 4152 commodius

2310 4189 2355 4243 si
2390 4189 2443 4242 in
2478 4191 2594 4258 ipso
2621 4186 2838 4242 fervore
2877 4187 3074 4257 negotii
3106 4185 3367 4242 liberatus
3401 4185 3594 4241 fuisset
3623 4186 3886 4242 sollicitu-

2310 4283 2435 4337 dine
2483 4282 2790 4346 Abraham,
2829 4289 2885 4334 et
2935 4296 3042 4334 non
3091 4280 3307 4336 audiret
3338 4281 3555 4336 itineris
3600 4282 3879 4346 laborem.

2311 4381 2613 4428 nocturnos
2644 4370 2923 4440 amplexus
2949 4370 3232 4436 unigeniti,
3260 4369 3754 4437 confabulationes,
3788 4386 3884 4440 per

642 4473 729 4519 est
754 4477 857 4518 vox
879 4462 1024 4517 omni
1052 4461 1156 4516 alio
1179 4461 1319 4530 quod
1351 4461 1583 4515 videtur.
1613 4459 1746 4514 Nam
1769 4469 1821 4512 et
1848 4457 2052 4513 frontes
2073 4458 2207 4513 filio-
2238 4476 2282 4531 ι)
2307 4466 2424 4521 dies
2463 4465 2662 4528 visum,
2699 4472 2903 4517 motum
2922 4504 2939 4528 ,
2972 4477 3289 4527 sermones,
3343 4461 3520 4532 ipsum
3571 4462 3725 4518 Isaac
3752 4463 3884 4518 dite.

642 4572 762 4612 rum
795 4555 1023 4611 illiciunt
1061 4563 1338 4624 aspectum
1366 4563 1668 4622 parentum,
1717 4562 1772 4606 et
1813 4551 1961 4606 mille
2009 4552 2116 4607 alia
2151 4560 2207 4606 et

641 4646 746 4703 alia
791 4656 1038 4710 movent,
1083 4654 1138 4701 et
1175 4646 1353 4700 omnia
1398 4658 1728 4714 quascunque
1787 4642 1998 4697 locutus
2045 4641 2208 4696 fuerit

643 4738 805 4800 illius,
857 4740 902 4791 si
942 4749 1038 4805 per
1080 4745 1294 4790 noctem
1341 4735 1618 4803 amplexus
1667 4741 1782 4800 est,
1833 4733 1878 4788 si
1919 4748 2015 4802 per
2062 4731 2205 4786 diem

641 4827 914 4884 blanditus
943 4835 1046 4883 est.
1075 4826 1208 4886 Cum
1241 4827 1403 4896 igitur
1445 4827 1556 4881 haec
1585 4826 1762 4880 omnia
1791 4835 2203 4890 concurrerunt,

642 4930 696 4973 et
724 4935 848 4974 cum
879 4929 1151 4974 maturum
1186 4919 1389 4974 factum
1419 4928 1504 4975 est
1540 4918 1739 4973 donum
1783 4918 1877 4972 Dei
1899 4959 1915 4982 ,
1955 4933 2077 4974 cum
2109 4919 2206 4973 do-

641 5009 852 5070 mestici
896 5010 948 5063 in
980 5024 1073 5077 spe
1101 5008 1283 5072 fuere,
1313 5023 1435 5062 cum
1480 5008 1671 5060 amicis
1702 5006 1922 5060 allatum
1953 5016 2032 5060 est
2064 5023 2202 5060 nun-

644 5105 799 5164 tium,
826 5116 948 5161 cum
983 5101 1214 5155 reddidit
1232 5103 1372 5154 Deus
1391 5099 1621 5154 Abrahae
1647 5099 2032 5167 promissiones
2054 5113 2202 5164 suas,

639 5201 692 5248 et
706 5190 816 5259 jam
841 5191 1064 5246 haberet
1084 5191 1250 5244 filium
1272 5207 1287 5256 ;
1311 5189 1593 5245 videbatur
1616 5191 1757 5244 enim
1778 5202 1831 5243 et
1853 5190 1952 5260 ipsi
1975 5191 2202 5246 Abrahae

641 5283 892 5337 solatium
929 5283 1310 5352 promissionis
1341 5284 1449 5349 jam
1487 5281 1726 5350 factum;
1760 5296 1879 5335 cum
1916 5279 2031 5349 jam
2066 5279 2201 5336 Sara

641 5373 891 5428 habuerit
924 5374 1365 5440 consolationem,
1400 5383 1454 5426 et
1479 5373 1587 5442 jam
1621 5389 1725 5428 non
1775 5375 1842 5428 ab
1880 5373 2074 5428 ancilla
2109 5389 2202 5429 ex-

641 5464 1018 5533 probrationes
1066 5464 1313 5529 audiret,
1343 5480 1463 5518 cum
1503 5466 1756 5535 cognatio
1787 5464 2010 5520 audiens
2057 5477 2202 5521 esset

642 5557 697 5609 in
732 5555 932 5618 laetitia,
961 5571 1082 5609 cum
1123 5557 1276 5627 pueri
1308 5565 1362 5610 et
1389 5559 1552 5620 servi,
1577 5572 1698 5611 cum
1724 5557 1916 5611 domus
1946 5556 2201 5625 majores,

2308 4567 2477 4613 ctum.
2506 4557 2575 4610 Et
2603 4555 2732 4626 quid
2756 4569 2894 4626 opus
2926 4566 3010 4608 est
3041 4553 3194 4623 plura
3228 4567 3326 4614 nos
3359 4553 3581 4612 dicere?
3613 4556 3886 4608 Abraham

2308 4651 2476 4712 enim,
2521 4648 2615 4717 qui
2668 4646 2995 4701 sententiam
3031 4645 3295 4701 adversus
3331 4645 3498 4700 lilium
3542 4659 3883 4716 susceperat,

2311 4740 2671 4806 descripserat
2715 4736 2816 4790 sibi
2861 4744 2917 4788 et
2965 4736 3149 4791 abibat
3192 4736 3398 4797 habens
3441 4736 3651 4791 filium.
3711 4738 3886 4792 vivum

2310 4830 2527 4898 quidem
2559 4845 2822 4898 quantum
2852 4828 2920 4883 ad
2959 4843 3176 4884 sensum
3219 4829 3340 4892 filii,
3369 4829 3482 4898 jam
3509 4841 3700 4883 autem
3736 4831 3885 4886 holo-

2311 4933 2558 4978 caustum
2595 4930 2856 4991 quantum
2899 4919 2965 4974 ad
3009 4921 3349 4974 inscientiam
3396 4922 3589 4989 patris.
3634 4921 3706 4975 Et
3744 4937 3884 4976 certe

2312 5025 2516 5074 tantam
2551 5013 2858 5082 passionem
2890 5013 3056 5069 habet
3083 5013 3226 5081 quod
3260 5013 3478 5078 dicitur,
3505 5025 3564 5067 ut
3587 5025 3642 5069 et
3672 5033 3772 5070 nos
3797 5020 3882 5086 qui

2308 5107 2558 5158 audimus
2594 5116 2648 5162 et
2677 5105 2927 5168 dicimus,
2961 5104 3032 5159 de
3069 5105 3152 5159 bis
3186 5120 3306 5174 qua:
3337 5105 3424 5159 ille
3454 5105 3507 5159 in
3545 5107 3880 5177 unigenitum

2307 5196 2476 5251 lilium
2523 5213 2676 5250 suum
2728 5196 2899 5260 ausit,
2955 5197 3288 5253 commoveri
3321 5211 3376 5252 et
3419 5199 3799 5272 collacrymari
3835 5214 3880 5256 et

2306 5289 2614 5343 conturbari
2647 5288 2948 5344 videamur.
2978 5288 3036 5342 Si
3069 5289 3234 5359 igitur
3268 5289 3422 5345 nobis
3453 5291 3640 5348 dicere
3675 5305 3876 5349 tantum

2307 5389 2362 5435 et
2399 5379 2587 5434 audire
2623 5394 2731 5433 non
2758 5388 2841 5433 est
2872 5380 3155 5434 ferendum
3191 5381 3311 5434 sine
3349 5381 3634 5452 lacrymis;
3672 5389 3874 5457 qualis.

2311 5478 2498 5539 putas,
2535 5469 2836 5523 invenietur
2867 5483 3118 5524 mensura
3173 5470 3320 5525 illius
3350 5475 3744 5534 conscientia?
3765 5485 3876 5548 quis

2310 5559 2534 5616 sufﬁciet
2557 5576 2735 5617 sermo
2762 5560 2902 5616 illius
2924 5561 3185 5618 exhibere
3209 5564 3556 5622 dilectionem
3581 5569 3648 5622 ad
3677 5569 3874 5627 Deum!

710 5651 757 5681 ⁸³
777 5650 910 5704 Gen.
937 5667 1072 5712 uti,
1091 5650 1146 5706 2.
1219 5651 1263 5684 ⁸⁸
1287 5649 1418 5711 Gen.
1446 5668 1596 5715 xvm,
1624 5652 1711 5708 l9.
1784 5655 1828 5685 "
1855 5653 1994 5713 Cen.
2017 5670 2112 5727 xu,
2143 5657 2190 5710 1.
2270 5657 2314 5689 ³⁸
2334 5657 2468 5711 Ibid.

707 5741 820 5824 (l8)
855 5743 954 5808 Qui
983 5746 1134 5799 dixit.
1169 5745 1326 5801 Forte
1357 5748 1486 5800 dixit
1520 5751 1629 5817 qni.

2376 5752 2484 5816 (19)
2520 5752 2976 5818 Interceperimus.
2999 5754 3082 5813 Cf.
3113 5758 3383 5816 suntacol.
3410 5759 3540 5815 lO7l
3571 5760 3637 5817 Α.
