4048 6322
210 344 353 404 ΝΠ

1335 336 1425 394 DE
1458 333 2063 394 BESURRECTIONE.
2100 370 2169 383 —
2205 338 2339 399 LIB.
2374 339 2417 400 Ι.

3327 337 3469 394 i078

208 457 326 517 Iter
355 457 512 515 slmul
553 455 779 514 iaciebat
837 460 994 525 pater
1033 464 1154 510 cum
1202 449 1346 520 alio,
1381 460 1437 506 et
1475 450 1619 506 inter
1675 449 1788 505 haec
1815 453 1865 511 Δ
1890 467 2005 515 eos,
2062 453 2274 509 Manet:
2314 455 2401 509 hic
2446 467 2465 507 :
2503 469 2599 525 ego
2644 462 2818 508 autem
2860 463 2909 507 st
2961 446 3094 523 pater
3135 452 3472 508 ascendentes

214 551 387 607 multa
410 551 625 620 quidem
652 548 993 611 dicebantur,
1014 545 1166 615 plura
1200 552 1380 599 autem
1407 544 1787 608 audiebantur,

213 652 282 699 et
314 642 522 697 inﬁnita
565 641 883 711 agebantur.
925 637 1095 693 Erant
1129 647 1310 693 autem
1357 637 1541 691 omnia
1592 633 1734 689 bona
1772 651 1788 687 :

220 734 319 791 Dei
357 736 500 791 enim
536 733 735 788 donum
766 742 884 787 erat
914 730 1086 797 Isaac,
1130 741 1185 784 et
1212 730 1463 798 portabat
1494 746 1508 780 :
1549 727 1641 796 qui
1669 741 1793 796 por-

216 823 405 883 tabat?
434 824 573 878 l'orte
603 832 778 897 autem
804 837 908 877 non
934 821 1093 876 debet
1116 820 1219 875 dici
1246 818 1371 889 quia
1403 822 1670 889 portabat,
1698 816 1795 871 sed

220 918 508 986 gaudebat.
544 916 611 971 Et
638 916 753 971 dies
788 929 894 970 una
932 915 1265 980 transierat,
1296 924 1349 967 et
1382 913 1611 969 necdum
1646 911 1798 968 locus

218 1010 629 1066 ostendebatur.
656 1009 723 1063 Et
743 1023 847 1064 nox
873 1009 939 1064 ad
973 1008 1138 1073 diem,
1169 1016 1224 1062 et
1256 1004 1485 1061 necdum
1521 1004 1586 1058 ad
1618 1004 1793 1058 locum

227 1103 497 1173 pervenit.
530 1102 594 1156 Et
641 1101 910 1156 secundus
952 1099 1090 1163 dies,
1138 1105 1193 1152 et
1232 1106 1353 1165 post
1382 1094 1524 1149 diem
1577 1109 1703 1157 nox,
1745 1102 1801 1149 et

222 1189 337 1248 alia
376 1206 480 1249 nox
517 1210 531 1247 :
568 1199 622 1246 et
658 1191 893 1245 nondum
930 1188 1072 1251 ﬁnis,
1103 1189 1200 1245 sed
1232 1188 1513 1258 protensio
1537 1196 1657 1241 erat
1683 1194 1797 1240 ten-

224 1283 457 1340 utionis
483 1282 747 1348 dilatatio,
782 1290 837 1335 et
869 1280 1084 1350 quando
1126 1280 1473 1351 perveniret,
1507 1288 1562 1334 et
1587 1283 1801 1348 quando

222 1378 615 1434 ostenderetur
660 1374 810 1428 locus
854 1388 975 1428 cum
1019 1373 1131 1440 jam
1178 1372 1449 1427 deberet:
1499 1371 1627 1440 quia
1671 1385 1802 1439 ergo

225 1467 419 1522 omnia
460 1481 580 1534 qua:
620 1474 747 1519 sunt
794 1472 849 1518 et
890 1464 941 1518 in
995 1464 1186 1519 Vetere
1214 1462 1567 1518 Testamento
1613 1459 1803 1515 forma:

227 1569 395 1616 erant
430 1556 586 1621 Novi,
621 1557 778 1612 tertio
806 1556 893 1611 die
932 1564 985 1611 et
1016 1555 1171 1609 tertia
1206 1559 1365 1610 nocte
1401 1562 1802 1610 sacramentum

229 1650 496 1721 unigentti
560 1647 679 1703 Filii
741 1648 835 1702 Dei
888 1646 1257 1717 pratcurrebat
1308 1658 1406 1716 per
1460 1643 1802 1715 unigenitum

1891 546 2231 601 adorabimas
2259 547 2315 599 in
2345 556 2542 613 monte,
2590 555 2640 600 et
2684 547 3062 617 regrediemur.
3092 544 3205 601 Hoc
3252 545 3471 616 quidem

1892 653 2000 693 non
2041 638 2305 708 speravit,
2351 639 2457 695 hoc
2501 649 2682 696 autem
2722 639 3058 710 impetravit,
3107 647 3162 693 et
3212 651 3347 692 usus
3389 644 3477 692 est

1893 727 2037 786 Deus
2066 730 2184 800 ejus
2212 728 2395 801 lingua
2433 731 2501 784 ad
2535 730 2897 802 prophetiam.
2940 732 3076 784 tium
3110 742 3243 799 ergo
3279 726 3477 782 dicitur

1893 822 2168 878 Abraham
2207 822 2475 893 propheta
2501 862 2519 890 ,
2565 831 2620 879 et
2647 822 2911 892 queritur
2940 835 2973 876 a
3000 819 3189 876 multis
3228 820 3321 875 ubi
3349 832 3476 889 pro-

1897 914 2204 986 phetaverit
2239 914 2514 972 Abraham
2542 933 2558 984 ;
2590 916 2735 972 scire
2773 923 3023 987 oportet,
3072 915 3198 987 quia
3236 912 3476 969 maxime

1895 1008 2113 1077 quidem
2147 1008 2234 1063 cui
2267 1007 2528 1064 revelavit
2552 1006 2694 1064 Deus
2718 1007 3095 1078 semetipsum,
3124 1014 3385 1078 quantum
3418 1013 3476 1059 et

1901 1098 2159 1169 possibile
2204 1099 2305 1153 l'uit
2345 1099 2582 1155 Abrahae
2624 1108 2685 1155 ut
2723 1100 3062 1155 revelaretur
3086 1100 3174 1166 ei;
3218 1086 3319 1154 iste
3360 1098 3480 1168 ipse

1899 1196 2195 1249 vocabatur
2218 1192 2501 1265 propheta.
2517 1191 2635 1247 Alia
2659 1200 2840 1247 autem
2864 1192 3317 1247 invenimuseum
3347 1189 3473 1246 istic

1897 1286 2304 1355 prophetantem
2328 1303 2344 1341 :
2371 1300 2531 1341 unam
2562 1284 2781 1356 quidem
2802 1284 3159 1355 prophetiam,
3184 1300 3343 1354 quam
3360 1283 3473 1352 jam

1900 1377 2136 1432 diximus
2184 1394 2200 1432 :
2245 1378 2539 1432 secundam
2586 1385 2767 1432 autem
2799 1390 2920 1431 eam
2941 1415 2958 1442 ,
2990 1391 3111 1446 quae
3145 1376 3472 1446 insequitur.

1905 1468 2011 1524 Sed
2046 1479 2364 1539 sequentem
2396 1467 2537 1525 forte
2566 1467 2748 1524 dicere
2772 1466 3135 1537 perniciosum
3159 1477 3262 1533 est,
3295 1476 3351 1520 et
3380 1482 3480 1521 au-

1902 1562 2021 1617 dire
2050 1562 2429 1631 perniciosius.
2459 1558 2928 1626 Quemadmodum
2949 1595 2966 1622 ,
2996 1566 3155 1627 putas
3178 1597 3194 1621 ,
3222 1556 3484 1613 sustinuit

1902 1667 1965 1707 ea
1994 1667 2113 1723 quat
2145 1666 2332 1722 passus
2359 1650 2479 1707 est?
2522 1652 2978 1723 quemadmodum
3014 1649 3255 1705 cbaritas
3298 1649 3482 1703 omnia

228 1742 507 1799 Abrahae:
548 1739 670 1810 quia
712 1748 893 1792 autem
930 1738 1252 1807 completum
1288 1744 1689 1791 sacramentum
1722 1742 1807 1788 est

1920 1746 2158 1801 iustinet.
2206 1744 2274 1801 Et
2316 1745 2469 1815 pueri
2520 1744 2740 1814 quidem
2775 1749 3181 1807 remanserunt,
3223 1741 3486 1811 prmcepit

231 1836 404 1892 trium
426 1834 656 1895 dierum,
681 1840 734 1886 et
759 1832 917 1885 trium
950 1830 1214 1892 noctium,
1235 1837 1493 1882 ostensus
1521 1833 1606 1880 est
1632 1824 1802 1891 locus,
1837 1812 1881 1867 Β
1906 1839 2049 1893 enim
2089 1812 2375 1907 dominug;
2402 1812 2676 1893 Ama-ham
2705 1847 2885 1893 amem
2914 1835 3193 1907 accipiens
3224 1835 3400 1905 ignem
3433 1842 3489 1888 ει

229 1927 461 1984 advenit
492 1933 547 1979 et
591 1935 801 1991 tempus
834 1938 852 1979 :
887 1918 1025 1975 forte
1061 1928 1239 1973 autem
1279 1919 1484 1987 putatis
1524 1915 1634 1985 jam
1666 1913 1800 1968 lihe—

232 2030 361 2073 rum
412 2027 535 2069 esse
572 2028 602 2066 a
648 2009 953 2066 certamine
987 2008 1347 2063 tentationutn
1391 2005 1690 2060 Abraham.
1738 2004 1807 2057 Et

230 2116 389 2165 certe
415 2115 673 2175 quantum
709 2103 1032 2172 propinquat
1072 2110 1304 2169 tempus,
1337 2108 1549 2153 tantum
1585 2098 1806 2151 teutatio

232 2198 583 2273 protenditur
608 2197 745 2266 ejus.
782 2195 849 2249 Et
875 2194 1145 2248 Abraham
1174 2192 1301 2246 dicit
1325 2191 1391 2244 ad
1416 2205 1614 2260 pueros
1642 2207 1656 2243 :
1689 2188 1808 2242 Ma-

233 2302 356 2351 tuta
379 2289 462 2342 hic
480 2305 498 2355 ;
529 2304 622 2358 ego
648 2296 823 2340 autem
859 2293 909 2338 et
945 2282 1090 2353 ﬁlius
1112 2282 1450 2337 ascendentes
1474 2282 1527 2333 in
1558 2290 1805 2345 montem,

233 2389 520 2437 adorantes
550 2379 891 2433 remeabimus
919 2377 987 2430 ".
1020 2374 1225 2430 Timuit
1252 2376 1423 2437 enim,
1458 2388 1525 2427 ne
1557 2371 1705 2441 pueri
1742 2372 1809 2424 ad

234 2475 517 2531 dominum
556 2469 803 2525 aﬂ’ectum
832 2470 1112 2533 habentes,
1160 2475 1216 2520 et
1260 2464 1491 2518 maxime
1524 2464 1591 2517 ad
1624 2463 1811 2534 unige-

236 2564 436 2628 nitum,
481 2561 852 2632 prohiberent.
882 2557 1041 2611 Certe
1085 2555 1210 2625 quia
1241 2568 1512 2623 nunquam
1549 2552 1812 2608 Dominus

236 2651 576 2709 sacriﬁcium
608 2648 840 2703 hominis
868 2646 1022 2717 petit.
1056 2644 1356 2700 Audierant
1396 2652 1577 2697 autem
1610 2643 1735 2713 quia
1759 2653 1814 2697 et

234 2745 540 2802 aecundum
607 2740 1023 2812 promissionem
1098 2736 1243 2792 Deus
1304 2736 1599 2790 donaverat
1665 2736 1815 2789 Isaac

237 2838 518 2893 Abram:
562 2836 832 2889 intuentes
866 2845 994 2888 vero
1028 2838 1083 2885 et
1116 2836 1330 2884 aetatem
1360 2828 1594 2883 Abrahae
1629 2828 1681 2882 in
1710 2828 1815 2883 alio

239 2928 354 2997 iam
376 2934 613 2993 tempore
639 2923 987 2978 constitutam
1015 2936 1031 2975 :
1064 2920 1188 2989 quia
1210 2919 1372 2997 igitur
1386 2933 1492 2973 non
1512 2918 1816 2972 consentie-

246 2992 382 3074 bant
404 3018 520 3089 (90)
544 3016 755 3086 negotio
782 3016 864 3070 his
890 3029 1009 3084 quae
1036 2992 1550 3107 laciebatAiraham
1577 3012 1819 3082 :possiut

1905 1927 2047 1998 ligna
2077 1936 2133 1982 et
2168 1925 2438 1997 gladium,
2468 1925 2715 1980 ascendit
2741 1940 2863 1980 cum
2897 1923 3031 1989 lilio,
3083 1925 3195 1993 ipse
3236 1921 3347 1977 ﬁlio
3386 1936 3484 1975 suo

1910 2020 2192 2091 imponens
2225 2017 2387 2087 ligna.
2431 2016 2498 2070 Et
2528 2025 2676 2071 certe
2720 2014 2924 2070 scimus
2954 2014 3230 2069 Abraham
3274 2028 3370 2081 per
3398 2027 3485 2066 se—

1911 2113 2202 2183 metipsum
2276 2109 2505 2165 vitulum
2578 2120 2883 2181 portantem
2956 2110 3023 2165 ad
3085 2110 3484 2177 susceptionem

1910 2221 2097 2263 eorum
2130 2205 2220 2274 qui
2257 2208 2609 2260 advenerant.
2637 2203 2776 2270 Quid
2805 2215 2985 2259 autem
3014 2217 3157 2258 nunc
3185 2218 3285 2257 nec
3312 2201 3487 2270 parti-

1913 2313 2002 2356 tus
2027 2316 2149 2356 cum
2182 2299 2293 2355 lilio
2320 2299 2529 2369 pondus
2568 2308 2672 2357 est.
2710 2297 2805 2352 sed
2834 2297 3017 2351 omnia
3044 2296 3188 2365 ligna
3228 2295 3495 2363 imposuit

1913 2393 2041 2457 lilio,
2074 2391 2261 2446 volens
2312 2391 2423 2460 jam
2459 2398 2742 2458 acceptum
2777 2387 2978 2443 habere
3020 2386 3253 2442 donum?
3279 2385 3490 2455 signiti-

1913 2483 2071 2538 cabat
2099 2492 2276 2536 autem
2302 2482 2426 2553 quia
2457 2482 2681 2552 incipiet
2709 2481 2997 2545 immolari,
3028 2477 3485 2550 quemadmodum

1914 2585 2133 2645 portare
2163 2590 2381 2631 crucem
2417 2589 2515 2645 per
2556 2574 2930 2646 semetipsum.
2958 2572 3093 2628 Cum
3133 2581 3491 2639 autempro-

1915 2675 2159 2722 moveret
2190 2666 2317 2729 iter,
2353 2674 2408 2720 et
2446 2673 2833 2734 agnosceretur
2870 2663 3072 2718 montis
3100 2675 3390 2725 cacumen,
3433 2667 3492 2715 et

1918 2758 2057 2830 ignis
2101 2759 2155 2811 in
2186 2758 2382 2821 medio,
2421 2765 2473 2811 et
2501 2756 2644 2825 ligna
2686 2755 2739 2809 in
2772 2753 2913 2810 collo
2944 2752 3099 2809 Isaac
3132 2751 3492 2818 haberentur,

1918 2857 1970 2902 ct
1995 2848 2553 2919 gladiusappareret;
2599 2844 2752 2900 lsaac
2778 2842 3017 2914 undique
3046 2841 3307 2912 prudens,
3339 2839 3485 2910 quod

1922 2939 2009 2993 alii
2044 2939 2197 3009 pueri
2229 2954 2333 2994 non
2366 2938 2572 3003 dixere,
2606 2938 2709 2992 istc
2742 2936 2973 3006 requirit
3005 2950 3035 2989 a
3085 2942 3258 3002 patre.
3296 2931 3500 2990 Tenta-

1922 3032 2121 3084 tionem
2150 3036 2336 3097 utpote
2371 3042 2534 3096 quam
2577 3027 2813 3080 habebat
2846 3034 3020 3093 pater,
3057 3023 3330 3092 eloquitur
3374 3022 3496 3078 dul-

242 3110 392 3203 enim
425 3110 605 3203 dicere
644 3126 657 3162 ε
704 3107 832 3203 συί-ἀ
868 3104 1029 3203 omnis
1064 3106 1173 3160 Deo
1204 3104 1372 3203 Πιίξηη
1427 3120 1533 3159 ηοη
1571 3104 1816 3172 lmen“?
1846 3145 1890 3203 ρ
1924 3122 2171 3185 cissima,
2205 3130 2298 3173 aut
2332 3120 2510 3187 potius
2550 3118 2685 3171 dura
2731 3129 2867 3170 voce
2917 3133 2929 3167 :
2960 3114 3133 3185 magis
3167 3122 3349 3168 autem
3384 3127 3493 3167 non

242 3201 372 3272 quis
395 3201 539 3256 enim
564 3208 619 3255 et
639 3210 766 3253 ante
792 3199 971 3268 ipsum
988 3197 1259 3265 iustorum
1290 3197 1391 3252 hoc
1414 3204 1507 3250 aut
1528 3211 1692 3250 ausus
1713 3206 1819 3260 est,

246 3299 348 3345 aut
373 3290 582 3344 tentare
616 3302 780 3342 ausus
812 3285 935 3341 est?
964 3288 1033 3339 ob
1066 3299 1229 3354 quam
1258 3285 1401 3345 enim
1437 3298 1653 3338 causam
1677 3294 1823 3353 petat

253 3378 403 3433 Deus
426 3392 573 3442 eum,
605 3390 765 3447 quem
808 3372 1071 3428 donavit?
1112 3388 1210 3425 cur
1242 3383 1421 3426 autem
1451 3379 1504 3425 ct
1533 3370 1824 3425 transierat

254 3470 401 3527 Deus
424 3468 808 3540 promissiones
826 3465 992 3520 suas?
1020 3472 1078 3519 ut
1104 3464 1234 3533 quid
1258 3471 1437 3518 autem
1468 3473 1521 3517 et
1543 3462 1723 3526 dedit,
1766 3474 1825 3517 ut

246 3573 308 3620 et
332 3562 582 3629 accipiat,
609 3572 770 3628 quem
808 3555 1068 3611 indulsit?
1102 3555 1211 3610 Hos
1244 3555 1597 3611 rationabiles
1623 3555 1825 3625 cogita-

250 3665 341 3709 tus
366 3655 564 3709 timens
589 3650 887 3715 Abraham,
923 3647 1165 3718 praecipit
1194 3648 1379 3718 pueris
1404 3657 1741 3717 exspectare,
1771 3656 1826 3701 et

250 3761 437 3802 secum
486 3758 593 3799 non
635 3747 962 3807 ascendere,
998 3755 1067 3794 ne
1103 3740 1228 3810 quis
1270 3740 1341 3793 ob
1388 3754 1623 3795 amorem
1674 3740 1826 3797 Isaac

253 3836 499 3891 mitteret
544 3848 796 3899 manum,
835 3842 891 3886 et
940 3830 1335 3885 contaminaret
1378 3828 1824 3885 immolationem.

250 3927 395 3995 Quid
424 3936 604 3981 autem
646 3924 772 3994 quia
803 3931 859 3978 et
886 3922 1059 3992 ipsam
1096 3920 1309 3984 Saram,
1343 3936 1503 3988 quam
1534 3931 1664 3991 puto
1694 3920 1828 3975 nihil

257 4017 482 4071 latuisse
507 4030 741 4085 unquam
763 4029 883 4082 qua:
909 4013 1181 4067 Abraham
1218 4011 1523 4081 cogitabat?
1550 4012 1663 4067 haec
1684 4012 1827 4065 enim

255 4108 588 4164 conscientia
617 4108 730 4177 ipsa
758 4105 1030 4160 aestimare
1056 4118 1153 4159 nos
1181 4102 1329 4167 facit,
1356 4117 1476 4171 qua:
1506 4102 1559 4155 in
1591 4100 1684 4156 illo
1713 4110 1831 4157 erat

256 4199 531 4272 coniugio.
566 4197 657 4252 llla
688 4213 846 4267 quam
888 4197 1019 4251 nihil
1052 4197 1207 4250 latuit
1235 4209 1473 4265 unquam
1509 4209 1627 4262 qua:
1652 4196 1827 4250 Abra-

259 4296 387 4347 ham
428 4290 636 4353 facere,
671 4299 762 4344 aut
807 4303 1025 4343 movere
1064 4287 1351 4350 voluisset,
1396 4286 1480 4339 vel
1525 4287 1769 4354 cogitare
1814 4305 1828 4341 :

258 4383 350 4440 illa
378 4384 644 4455 ignoravit
672 4382 800 4453 quia
828 4380 1136 4451 unigenitus
1162 4380 1301 4446 ejus,
1346 4378 1451 4433 illia
1492 4379 1692 4433 sterilis
1719 4378 1832 4433 [τυ-

1925 3222 2135 3269 tantum
2174 3226 2360 3282 grave,
2393 3217 2652 3279 quantum
2679 3207 2856 3262 dulce.
2893 3205 3051 3261 Pater
3078 3206 3245 3271 enim,
3279 3205 3452 3273 inquit
3481 3221 3498 3259 :

1926 3302 2121 3359 sufﬁcit
2154 3303 2258 3358 hoc
2284 3304 2349 3356 ad
2380 3299 2701 3356 ﬂectendum
2734 3308 2943 3368 patrem
2989 3316 3005 3354 :
3052 3297 3253 3368 quique
3281 3307 3337 3351 et
3366 3310 3497 3351 con-

1920 3395 2099 3470 jungit
2130 3395 2231 3448 alia
2261 3405 2315 3449 et
2340 3393 2470 3447 dicit
2502 3409 2517 3446 :
2560 3390 2691 3445 Ecce
2730 3392 2890 3460 ignis.
2925 3406 3045 3444 ecce
3086 3391 3253 3460 ligna,
3302 3389 3392 3441 ubi
3425 3394 3504 3442 est

1926 3487 2036 3540 ovis
2081 3488 2135 3539 in
2171 3484 2495 3552 sacriﬁcium
2541 3482 2627 3536 "?
2658 3482 2792 3550 Quis
2838 3483 2977 3537 alius
3026 3490 3295 3551 portasset
3336 3478 3500 3532 istam

1928 3576 2148 3631 vocem?
2196 3575 2274 3629 Ex
2327 3574 2447 3628 aliis
2492 3573 2711 3643 quidem
2762 3572 3073 3627 hominibus
3113 3569 3312 3624 nullus.
3354 3565 3507 3623 Juste

1926 3681 2054 3737 ergo
2101 3666 2243 3720 Deus
2293 3664 2565 3719 Abraham
2616 3662 2824 3721 dilexit.
2874 3660 3269 3735 A‘datnantinus
3317 3666 3502 3713 autem

1926 3757 2038 3821 ille,
2083 3755 2343 3827 unigeniti
2392 3752 2473 3809 sui
2525 3754 2777 3825 sagittam
2829 3752 3125 3821 accipiens,
3175 3765 3282 3804 non
3327 3748 3502 3804 tacuit

1929 3846 2129 3913 ferens,
2162 3847 2256 3900 sed
2289 3846 2461 3914 potuit
2484 3843 2648 3912 loqui,
2678 3842 2851 3913 potuit
2876 3842 3225 3912 respondere,
3246 3847 3301 3892 et
3326 3850 3503 3907 neque

1928 3938 2165 4009 linguam
2192 3935 2391 3991 oﬂendi
2423 3935 2675 3990 dentibus
2707 3952 2721 3987 :
2759 3942 2982 4003 potuere
3012 3940 3196 3987 autem
3226 3938 3281 3986 et
3312 3928 3505 3983 dentes

1932 4031 2131 4102 aperiri
2160 4038 2216 4085 et
2243 4031 2375 4083 dare
2406 4027 2641 4098 spatium
2675 4026 2870 4096 linguae
2910 4040 2925 4078 :
2963 4024 3058 4079 sed
3092 4037 3193 4078 nec
3227 4022 3368 4077 forte
3398 4021 3507 4075 ista

1932 4124 2114 4179 dicere
2143 4126 2208 4177 de
2237 4120 2328 4175 illo
2356 4121 2560 4175 licitum
2592 4128 2695 4173 est.
2726 4117 2841 4173 Non
2868 4118 3016 4174 enim
3044 4130 3111 4171 ex
3147 4114 3233 4174 his
3260 4127 3382 4183 quae
3406 4126 3507 4166 nos

1933 4217 2190 4286 patimur,
2222 4214 2365 4269 illius
2404 4213 2660 4265 virtutem
2708 4222 3029 4265 accusemus
3065 4224 3081 4262 :
3116 4206 3213 4263 sed
3252 4213 3309 4260 et
3349 4203 3511 4260 laetus

1934 4320 1988 4366 et
2017 4310 2316 4377 exsultans,
2366 4318 2487 4364 erat
2538 4308 2683 4362 enim
2741 4304 3054 4369 Abraham,
3111 4297 3392 4371 respondit
3444 4297 3514 4352 ad

1936 4402 2103 4457 lilium
2131 4418 2238 4457 non
2270 4403 2562 4458 crudeliter
2592 4415 2769 4471 neque
2794 4400 3107 4460 inhumane,
3140 4394 3236 4450 sed
3264 4391 3515 4456 religiose

258 4486 402 4539 ctus,
438 4475 528 4530 ille
559 4490 626 4529 ex
657 4476 927 4546 insperato
963 4473 1136 4536 ﬁlius,
1174 4473 1260 4528 ille
1293 4473 1385 4542 qui
1436 4482 1591 4526 extra
1619 4479 1831 4525 attatem
1864 4495 1909 4551 ι)
1937 4503 1992 4547 ει
2020 4493 2105 4562 pie
2136 4510 2150 4545 ε
2197 4492 2326 4547 dici,
2349 4493 2494 4545 enim
2536 4493 2601 4546 ad
2653 4491 2822 4547 mium
2866 4506 2881 4544 ε
2922 4489 3176 4542 Dominus
3223 4485 3518 4555 ρτουίάεοη

261 4575 581 4638 procreatus
612 4576 697 4622 est
732 4585 745 4621 :
784 4566 873 4620 illa
906 4566 1172 4635 ignoravit
1216 4566 1342 4634 quia
1382 4566 1492 4619 Deo
1520 4562 1828 4629 oﬂ‘erretur,

262 4658 354 4729 qui
385 4658 680 4713 donaverat
715 4674 731 4712 :
764 4669 821 4711 ut
852 4671 955 4711 non
987 4658 1129 4711 sicut
1162 4655 1453 4723 aliquando
1478 4655 1595 4708 risit
1628 4655 1832 4723 impor-

262 4761 393 4805 tune
417 4751 470 4803 in
500 4748 856 4817 promissione
879 4748 1015 4817 ejus,
1038 4756 1092 4801 et
1117 4760 1258 4801 nunc
1286 4746 1503 4816 Plorans
1529 4746 1835 4815 importune

264 4840 550 4910 impediret
576 4838 999 4893 immolationem
1036 4857 1049 4893 :
1084 4836 1179 4891 sed
1217 4837 1377 4891 tacita
1418 4851 1505 4891 res
1546 4847 1630 4890 est
1669 4846 1723 4890 et
1765 4837 1831 4890 ad

266 4932 479 4987 Saram.
515 4929 595 4984 Ita
628 4930 772 4985 enim
804 4928 1011 4983 sciebat
1052 4937 1106 4980 et
1134 4927 1441 4993 Abraham,
1474 4935 1527 4980 et
1552 4936 1676 4979 ante
1719 4942 1835 4980 mu-

267 5024 492 5087 lierem,
545 5031 599 5077 et
638 5021 831 5075 Saram
880 5020 1262 5088 praaltonorare
1320 5019 1411 5072 Dei
1465 5027 1831 5086 praeceptum;

269 5112 477 5168 sciebat
506 5122 683 5167 autem
714 5122 771 5165 et
800 5121 924 5165 ante
967 5110 1301 5180 unigenitum
1345 5126 1502 5164 suum
1528 5150 1543 5173 ,
1589 5125 1711 5165 eum
1742 5112 1834 5179 qui

270 5206 567 5261 donaverat
599 5206 889 5258 honorare.
926 5204 1034 5259 Sed
1070 5219 1243 5273 neque
1273 5202 1309 5256 ii
1344 5202 1435 5271 qui
1470 5202 1575 5256 iter
1612 5216 1733 5256 cum
1771 5216 1836 5254 eo

271 5298 540 5365 fecerant,
598 5298 842 5355 sciebant
891 5301 1248 5371 mysterium,
1304 5299 1397 5353 sed
1452 5310 1837 5353 sacramentum

282 5408 439 5447 mm
460 5435 475 5457 ,
504 5394 698 5462 inquit,
734 5392 883 5449 mihi.
912 5392 1117 5446 Tamen
1163 5392 1386 5461 cupiens
1412 5389 1686 5445 Abraham
1717 5405 1842 5445 sna-

274 5485 400 5541 Jere
426 5485 606 5553 pueris
633 5494 693 5539 ut
733 5495 1111 5549 remanerent,
1144 5485 1356 5539 locutus
1395 5494 1478 5539 est
1520 5484 1573 5538 id
1614 5484 1679 5537 ad
1722 5498 1836 5548 eos,

274 5576 414 5651 quod
447 5590 546 5632 nec
573 5576 687 5646 ipse
721 5578 989 5647 speravit,
1032 5592 1131 5632 nec
1171 5576 1338 5632 sensit
1374 5594 1387 5631 :
1430 5575 1561 5631 dicit
1599 5578 1741 5632 enim
1775 5578 1840 5633 ad

338 5690 385 5724 "'
408 5690 545 5746 Gen.
570 5706 709 5757 χιιι,
731 5692 783 5747 5.
846 5692 890 5725 "
912 5690 1045 5748 Gen.
1071 5708 1207 5757 nn,
1238 5692 1289 5745 7.
1346 5694 1391 5724 '9
1417 5692 1545 5749 ibid.
1567 5693 1622 5752 8.

344 5781 458 5854 ιω)
494 5781 736 5856 Negotia.
767 5783 933 5842 Forte
963 5790 1187 5855 negotia,
1222 5799 1324 5841 res.

1938 4598 2081 4637 ovem
2106 4582 2367 4650 sacriﬁcia
2398 4598 2518 4646 suo,
2549 4582 2627 4648 ﬁli
2650 4581 2715 4634 ³⁸.
2742 4580 2883 4635 Ecce
2910 4577 3012 4635 alia
3052 4575 3337 4646 prophetia
3358 4612 3375 4639 ,
3400 4587 3519 4642 qua:

1939 4673 2007 4728 ab
2034 4689 2101 4729 eo
2134 4676 2225 4743 qui
2255 4675 2465 4729 locutus
2491 4684 2615 4740 est,
2649 4672 3000 4741 ignorabatur
3036 4688 3049 4724 :
3082 4668 3389 4739 oppositum
3423 4681 3521 4718 au-

1940 4772 2047 4819 tem
2075 4774 2192 4818 erat
2218 4764 2358 4833 quod
2385 4764 2482 4827 ait,
2517 4763 2776 4817 Dominus
2802 4761 3092 4832 providebit
3124 4775 3267 4813 ovem
3307 4754 3521 4825 sacriﬁ-

1941 4858 2023 4910 cio
2055 4873 2172 4920 suo,
2214 4856 2315 4924 ﬁli.
2360 4856 2514 4910 Sicut
2546 4856 2690 4910 enim
2726 4855 2816 4909 ille
2847 4855 3112 4922 incipiens
3140 4866 3389 4905 sermone
3420 4853 3518 4911 ait,

1941 4961 2091 5019 pater
2116 4965 2135 5003 :
2164 4952 2237 5004 ita
2278 4952 2379 5005 iste
2404 4950 2733 5018 consignaos
2764 4948 3009 5012 verbum,
3053 4945 3201 5009 dicit,
3226 4944 3323 5011 ﬁli.
3354 4942 3519 4995 Audi-

1944 5046 2020 5097 vit
2048 5058 2223 5103 ovem,
2262 5054 2316 5097 et
2360 5044 2569 5111 accepit
2600 5053 2659 5096 ut
2704 5057 2734 5094 a
2778 5048 2957 5110 patre,
2989 5048 3171 5093 certus
3205 5037 3334 5105 quia
3374 5038 3518 5101 quod

1947 5139 2222 5192 inventum
2297 5137 2512 5191 interim
2588 5149 2693 5188 non
2751 5142 2909 5199 erat,
2968 5131 3321 5184 inveniretur.
3378 5126 3519 5181 Cum

1946 5239 2125 5284 autem
2170 5231 2545 5298 pervenissent
2591 5228 2656 5281 ad
2712 5228 2921 5289 locum,
2984 5222 3288 5277 aediﬁcabat
3347 5222 3522 5273 Abra-

1946 5322 2070 5375 ham
2113 5320 2370 5375 festinans
2402 5321 2591 5383 altare,
2652 5330 2703 5374 et
2753 5334 2878 5375 cum
2919 5315 3334 5376 construxisset,
3372 5327 3525 5367 men-

1950 5416 2103 5468 titur.
2148 5415 2213 5467 ad
2264 5414 2430 5466 lilium
2495 5411 2850 5482 promissione
2896 5410 3008 5481 (21)
3074 5422 3196 5477 qua:
3261 5420 3356 5475 per
3412 5404 3524 5459 lin-

1948 5519 2106 5574 gnam
2150 5503 2325 5559 fuerat
2382 5502 2545 5559 facta.
2582 5518 2687 5557 non
2755 5510 2933 5556 tamen
2990 5516 3110 5554 eam
3167 5511 3287 5568 qua:
3320 5498 3369 5549 in
3402 5510 3526 5550 cor-

1949 5601 2017 5655 de
2092 5607 2208 5654 erat
2284 5598 2564 5653 abscousa.
2631 5596 2698 5650 Et
2758 5593 2968 5650 accedit
3033 5597 3189 5661 pater
3250 5588 3533 5645 Abraham

2022 5782 2131 5850 (2i)
2168 5778 2542 5837 Promissione.
2569 5779 2648 5836 An
2672 5775 3108 5835 oramissionem!
