4048 6322
670 388 804 448 1079

1329 377 1593 436 EUSEBII
1632 371 2112 437 CESARIENSIS
2140 368 2289 428 ΘΗ).
2329 364 2510 421 PARS
2545 361 2637 421 IV.
2673 390 2744 405 --
2777 355 3191 418 DOGIATICA.

3756 351 3890 412 σου

668 519 721 566 et
760 506 966 562 accedit
991 505 1058 556 ad
1080 497 1250 564 lsaac,
1288 507 1343 554 et
1384 498 1513 571 ligat
1547 513 1562 551 :
1597 496 1765 552 alium
1798 493 2067 558 Abraham
2099 490 2219 558 liga-
2251 492 2298 548 Α
2328 488 2550 538 tionem.
2581 480 2803 551 Accepit
2847 461 3130 571 Ahr\a‘ham_
3163 472 3459 528 secundum
3506 468 3704 526 Ilium.
3726 467 3893 571 Putas

671 600 766 663 vit,
791 612 850 652 ut
877 610 972 650 nec
996 593 1278 664 palpitans,
1305 605 1403 645 nec
1423 603 1483 642 se
1510 602 1734 642 movens
1763 587 1998 642 turbaret
2030 583 2222 636 immo-

670 689 941 745 lationem.
964 683 1103 751 Quo,
1134 693 1310 754 putas.
1338 681 1488 735 vultu
1511 679 1835 750 respiciebat
1864 677 2028 731 lilium
2056 674 2226 730 Abra-

668 779 828 837 ham?
856 779 978 848 quis
1008 778 1058 832 ei
1093 785 1213 836 erat
1253 773 1440 830 color?
1485 771 1932 843 quemadmodum
1963 768 2081 822 sine
2111 773 2224 820 tre-

666 884 816 927 more
857 881 1050 923 manus
1077 864 1480 930 operabantur?
1515 863 1661 932 quis,
1705 869 1886 931 putas,
1940 867 2065 912 tunc
2109 864 2227 910 erat

667 957 817 1015 Isaac
846 959 898 1014 in
930 959 1014 1013 bis
1042 962 1383 1019 constitutus,
1417 964 1603 1010 tacens
1657 961 1751 1006 aut
1786 945 2048 1018 loquens?
2076 945 2228 1000 Scri-

666 1061 821 1121 ptura
841 1052 980 1106 enim
1021 1050 1121 1104 hoc
1155 1048 1342 1103 tacuit.
1369 1046 1532 1111 Putas
1570 1043 1692 1114 quia
1722 1041 1882 1112 justis
1912 1041 1964 1093 in
1995 1037 2080 1093 his
2111 1051 2226 1092 ser-

667 1143 916 1200 monibus
949 1155 1079 1196 usus
1102 1138 1224 1195 est?
1246 1137 1364 1195 Noli
1393 1138 1536 1193 enim
1564 1135 1842 1192 attendere
1875 1133 1922 1187 si
1947 1145 2100 1202 puer.
2131 1129 2225 1184 sed

667 1233 791 1302 quia
825 1234 973 1288 Isaac
1002 1241 1122 1287 erat
1161 1229 1303 1285 [ilius
1329 1229 1579 1285 Abrahe.
1625 1228 1789 1283 Putas
1837 1239 1946 1278 non
1979 1223 2113 1276 dixit
2157 1219 2223 1275 ad

667 1333 878 1394 patrem
925 1341 939 1377 :
973 1325 1190 1394 quando
1215 1322 1355 1377 Deus
1381 1317 1705 1376 sacriﬁcium
1753 1314 2030 1369 hominum
2063 1312 2224 1378 depo-

665 1413 814 1468 scit?
843 1414 972 1484 quid
1008 1413 1178 1468 facis?
1204 1413 1399 1468 donum
1440 1423 1559 1464 sum
1593 1407 1683 1465 DeJ
1729 1426 1746 1463 ι
1775 1407 1891 1460 sine
1912 1402 2223 1474 penitentia

664 1509 795 1556 sunt
821 1516 940 1572 qua
971 1517 1000 1555 a
1042 1500 1150 1556 Deo
1175 1509 1299 1556 sunt
1326 1499 1464 1554 dona
1496 1514 1510 1551 :
1539 1493 1666 1567 quid
1694 1493 1908 1562 spernis
1949 1491 2180 1565 gratiam
2201 1489 2230 1543 ἓ

665 1593 796 1662 quid
821 1606 1011 1648 contra
1052 1592 1377 1648 voluntatem
1411 1587 1664 1645 donantis
1697 1584 1961 1640 interﬁcis
1987 1581 2225 1638 donum?

669 1683 835 1738 Erant
871 1685 1031 1740 multa
1061 1699 1182 1754 qua
1231 1683 1561 1738 dicerentur.
1596 1674 1706 1732 Cur
1730 1686 1909 1728 autem
1950 1682 2004 1726 et
2055 1679 2226 1726 mater

2329 575 2598 638 tristatus,
2640 571 2770 641 quia
2835 585 2947 624 non
3005 566 3234 637 perfecit
3282 571 3590 633 promptum
3650 563 3891 615 animum

2332 666 2531 721 suum?
2560 662 2655 718 sed
2709 661 2982 718 Abraham
3015 668 3121 719 est.
3163 657 3338 712 nescit
3388 654 3620 711 tristari.
3676 653 3894 722 Ignorat

2325 753 2675 828 pmscribere
2699 753 2752 807 id
2777 751 2919 820 quod
2960 747 3200 817 gaudens
3228 747 3435 814 accepit
3462 762 3478 797 :
3509 759 3615 799 non
3642 746 3770 813 quia
3789 758 3894 798 non

2324 848 2540 905 obtulit.
2573 847 2715 901 Deus
2753 842 3030 913 praecepit,
3073 839 3313 910 gaudens
3357 838 3554 892 obtulit
3586 854 3600 890 :
3637 839 3732 893 sed
3768 836 3893 903 quia

2324 941 2380 996 in
2405 939 2553 994 nullo
2609 937 2925 994 inobediens
2970 932 3090 988 fuit.
3144 927 3245 984 Ubi
3295 943 3424 998 ergo
3469 937 3558 982 est
3605 925 3896 995 prophetia

2324 1047 2485 1102 quam
2519 1029 2593 1083 ait
2623 1027 2924 1087 Abraham,
2971 1021 3107 1078 Deus
3159 1019 3447 1086 proaidcbit
3489 1017 3763 1085 sacriﬁcia
3803 1032 3894 1069 suo

2323 1123 2506 1179 ovem?
2533 1118 2670 1174 Num
2700 1118 2934 1173 otiosum
2966 1114 3069 1168 erit
3116 1110 3320 1164 altare?
3352 1109 3488 1164 Num
3544 1124 3780 1162 vacuum
3817 1117 3897 1162 to-

2326 1223 2436 1268 tum
2467 1209 2608 1281 quod
2637 1210 2834 1264 factum
2873 1206 2990 1261 est?
3015 1205 3150 1272 Quid
3183 1213 3356 1257 autem
3385 1215 3521 1268 opus
3559 1208 3684 1253 erat
3725 1199 3894 1254 videri

2323 1303 2510 1359 ludere
2542 1299 2750 1356 Deum?
2775 1298 2830 1353 Si
2859 1296 3002 1354 enim
3031 1297 3132 1351 iste
3161 1295 3372 1364 quidem
3399 1305 3503 1345 non
3541 1289 3893 1354 oﬂ'erelntur,

2325 1394 2469 1450 Deus
2504 1404 2680 1449 autem
2728 1389 2984 1461 praecepit
3027 1403 3152 1444 eum
3198 1383 3405 1447 oli‘erri,
3439 1382 3660 1436 oblatus
3691 1390 3893 1446 autem,

2326 1502 2432 1541 non
2459 1494 2547 1540 est
2571 1483 2780 1538 oblatus
2815 1501 2828 1538 :
2864 1481 2993 1550 quid
3017 1478 3380 1534 necessarium
3408 1485 3525 1530 erat
3553 1474 3606 1526 in
3638 1489 3700 1527 re
3726 1491 3740 1526 :
3771 1473 3897 1539 quid

2327 1577 2699 1632 necessarium
2750 1573 2917 1630 erat?
2957 1570 3243 1641 oportebat
3303 1566 3644 1636 praeformari
3686 1563 3894 1619 Novum

2327 1667 2735 1723 Testamentum
2770 1679 2799 1719 a
2824 1662 3019 1718 Vetere
3040 1661 3064 1714 2
3082 1671 3136 1718 et
3157 1659 3295 1726 apud
3317 1656 3530 1713 Judazos
3559 1656 3786 1722 quidem
3811 1664 3898 1708 aut

670 1792 774 1832 non
805 1777 1052 1846 agnovit?
1073 1745 1118 1830 si
1143 1776 1286 1828 enim
1313 1769 1632 1828 rationabile
1656 1777 1741 1822 est
1766 1765 1910 1834 quod
1935 1763 2020 1829 llt,
2043 1778 2145 1818 cur
2171 1771 2225 1814 et
2260 1824 2300 1846 Β
2330 1773 2496 1828 parva
2526 1755 2877 1810 inveniuntur
2909 1754 3012 1808 ista
3041 1760 3134 1804 aut
3157 1752 3351 1804 otiosa.
3375 1747 3431 1802 Si
3473 1757 3659 1802 autem
3691 1745 3895 1800 Novum

667 1885 697 1922 a
728 1824 893 1922 servis
922 1864 1254 1921 abscondisti
1276 1865 1299 1918 ?
1322 1863 1364 1916 si
1390 1871 1569 1916 autem
1597 1869 1649 1912 et
1672 1824 1798 1916 hoc.
1819 1855 1936 1913 fieri
1983 1824 2222 1914 deberet,
2260 1824 2302 1879 Β
2331 1824 2570 1902 additum
2627 1844 2790 1901 fuerit
2831 1844 3262 1906 Testamentum,
3291 1848 3347 1894 et
3399 1840 3577 1893 lumen
3635 1838 3898 1892 eﬂ'ulserit

666 1975 764 2014 cur
789 1959 921 2012 mihi
948 1959 1046 2027 ipsi
1081 1957 1183 2012 hoc
1214 1955 1388 2025 ipsum
1421 1966 1526 2007 non
1560 1949 1732 2019 palam
1771 1948 1948 2000 facere
1975 1943 2228 1998 voluisti?

663 2050 1094 2122 promissionem,
1127 2062 1288 2117 quam
1329 2041 1509 2098 dixisti
1544 2039 1766 2108 exigens
1796 2056 1809 2092 :
1847 2037 2022 2092 dixisti
2056 2035 2229 2100 enim,

665 2141 788 2212 quia
819 2140 958 2195 Deus
987 2155 1125 2193 ovem
1152 2136 1437 2206 prosidebit
1463 2132 1724 2201 sacriﬁcio
1748 2147 1844 2185 suo
1872 2145 1891 2184 :
1930 2127 2102 2183 fidelis
2143 2141 2226 2190 es,

666 2231 832 2287 redde
883 2230 1116 2285 fructum
1165 2228 1323 2290 ﬁdei,
1385 2236 1587 2297 utpote,
1648 2239 1767 2294 quae
1814 2221 2020 2276 dixisti.
2062 2219 2228 2274 Erant

665 2326 830 2381 multa
865 2340 983 2395 quae
1015 2325 1339 2378 dicerentur.
1396 2321 1461 2375 Et
1502 2334 1610 2375 non
1641 2319 1827 2388 utique
1871 2331 1933 2370 ea
1979 2328 2098 2385 qua:
2127 2326 2227 2366 nos

664 2415 893 2471 dicimus
927 2435 938 2468 :
966 2414 1080 2482 ipsa
1107 2411 1319 2466 etiamsi
1355 2425 1459 2464 non
1484 2409 1591 2464 sint
1619 2407 1844 2477 scripta.
1866 2405 1974 2473 jam
2005 2418 2103 2457 nos
2130 2403 2227 2456 ad-

661 2506 866 2561 ducunt
891 2504 957 2558 ad
985 2518 1120 2556 rem.
1159 2502 1396 2556 Moretur
1426 2499 1568 2554 enim
1600 2512 1799 2554 sensus
1832 2503 2226 2563 consequenter

659 2607 723 2652 ut
773 2610 894 2650 sese
938 2595 1208 2664 negotium
1261 2592 1446 2656 habet,
1477 2601 1533 2646 et
1565 2589 1918 2644 advenientes
1949 2600 2144 2642 sensus
2169 2585 2224 2638 in

662 2689 757 2744 illo
783 2699 910 2744 tunc
945 2699 1184 2756 tempore
1215 2686 1268 2740 in
1308 2699 1415 2756 quo
1443 2684 1558 2737 hac
1586 2683 1883 2751 agebantur
1907 2682 2220 2750 cogitemus.

660 2777 722 2834 Si
753 2777 922 2834 tacuit
955 2775 1132 2838 isaac,
1173 2774 1394 2840 grandis
1424 2770 1714 2827 admiratio
1746 2780 1830 2824 est
1873 2787 1887 2824 :
1935 2770 1978 2822 si
2011 2767 2226 2823 dicebat

660 2869 859 2924 lterum
894 2866 1118 2936 aliquid,
1149 2865 1252 2920 alia
1284 2863 1590 2919 admiratio.
1625 2861 2091 2929 Quemadmodum
2129 2874 2224 2925 po—

659 2961 764 3016 tuit
812 2961 1089 3016 sustinere
1135 2955 1324 3028 pater?
1375 2953 1642 3025 quomodo
1687 2952 1981 3008 currebant
2032 2965 2224 3005 manus

660 3052 820 3122 ejus?
849 3050 953 3105 Sed
980 3053 1096 3105 istae
1124 3048 1516 3103 admirationes
1553 3046 1605 3101 in
1633 3043 1752 3098 aliis
1787 3041 2096 3097 hominibus
2126 3040 2224 3096 ha-

663 3143 860 3199 bentur
890 3161 906 3198 :
942 3143 994 3196 in
1025 3141 1296 3195 Abraham
1335 3134 1823 3227 autemicontraria
1843 3140 1965 3187 erat
1987 3130 2221 3227 admira-
2245 3168 2291 3227 ε

663 3236 757 3291 tio.
787 3234 940 3290 Finis
963 3241 1142 3288 autem
1168 3229 1437 3288 sermonis
1469 3245 1484 3281 :
1517 3226 1656 3282 forte
1682 3232 1941 3295 urgentur
1966 3222 2222 3280 uniuscu-

658 3327 854 3396 jusque
877 3325 1095 3379 viscera
1126 3339 1139 3368 ε
1167 3330 1222 3378 et
1260 3320 1401 3392 quod
1433 3327 1516 3374 est
1544 3317 1846 3373 mirandum
1877 3330 1891 3366 :
1923 3315 2053 3384 quia
2088 3311 2224 3369 certi

660 3429 730 3472 ex
777 3412 1073 3486 Scripturis
1102 3426 1222 3483 qum
1263 3411 1374 3466 sint
1421 3417 1562 3470 acta,
1591 3416 1646 3461 et
1682 3407 1806 3476 quis
1849 3403 2014 3460 fuerit
2049 3403 2226 3458 exitus

665 3505 1003 3576 negotiorum
1030 3542 1046 3566 ,
1104 3512 1359 3570 tanquam
1398 3497 1773 3569 periclitantes
1817 3509 2103 3556 sermone.
2157 3507 2225 3548 ne

659 3596 788 3665 quid
814 3591 955 3647 aliud
979 3590 1286 3662 proveniret
1313 3589 1453 3658 quod
1486 3596 1567 3641 est
1594 3587 1879 3656 scripturn,
1908 3585 1982 3639 ita
2003 3583 2221 3639 solliciti

661 3696 873 3740 sumus.
915 3679 1193 3748 Completa
1237 3677 1458 3733 fuerunt
1497 3675 1730 3732 Abrahae
1771 3673 1953 3728 omnia
2001 3687 2128 3742 qua
2155 3673 2223 3727 ad

659 3774 1000 3831 alacritatem
1041 3770 1352 3826 tendebant.
1384 3767 1607 3838 Ligatus
1637 3767 1705 3822 ab
1743 3764 1809 3822 eo
1848 3764 2023 3820 fuerat
2055 3764 2218 3829 illius,

657 3875 713 3921 et
731 3864 998 3921 exaltatus
1025 3863 1076 3916 in
1103 3863 1293 3927 altare,
1316 3871 1369 3916 et
1391 3861 1601 3930 positus
1628 3874 1789 3929 supra
1816 3857 1982 3931 ligna,
2003 3867 2060 3913 et
2082 3856 2223 3913 illius

658 3959 889 4025 desuper
924 3954 1169 4022 alligatus
1197 3971 1213 4008 :
1242 3961 1297 4008 et
1322 3961 1475 4022 pater
1507 3949 1665 4004 velox
1690 3965 1848 4003 manu
1873 3948 2104 4018 gladium
2128 3963 2222 4017 ap-

657 4043 962 4115 prehendit.
987 4041 1103 4109 Quo
1121 4051 1342 4110 accepto
1361 4040 1685 4110 properabat
1699 4039 1968 4102 occidere,
1990 4053 2097 4091 non
2119 4035 2221 4092 dif.

659 4135 842 4190 ferens
875 4135 1075 4203 quippe
1115 4131 1452 4187 alacritatem
1475 4144 1540 4184 ac
1566 4131 1787 4183 donum.
1816 4127 1945 4184 Erat
1965 4139 2142 4183 autem
2167 4137 2223 4184 et

658 4239 819 4281 manu
855 4233 909 4279 et
938 4225 1219 4279 alacritate
1246 4221 1418 4292 patris
1443 4221 1700 4285 Abrahe,
1721 4219 1810 4274 Dei
1836 4219 2070 4275 velocior
2097 4234 2217 4276 vox.

654 4316 930 4373 Abraham
956 4317 1046 4385 qui
1081 4314 1366 4369 alacritate
1387 4321 1761 4383 praecesserat,
1785 4319 2056 4379 praecepto
2085 4324 2220 4378 prae-

654 4420 850 4464 ventus
878 4415 960 4461 est
1000 4406 1115 4462 Dei.
1143 4404 1433 4468 Abraham,
1469 4402 1733 4456 Abraham
1753 4415 1772 4454 :
1805 4401 1886 4454 bis
1919 4401 2092 4453 utitur
2123 4415 2218 4455 vo-

2329 1953 2550 2004 verum;
2581 1938 2869 1993 utilissima
2898 1946 2953 1991 et
3000 1949 3106 1988 non
3143 1932 3336 1995 otiosa,
3376 1939 3434 1985 et
3483 1930 3802 1985 necessaria
3846 1938 3898 1983 et

2327 2046 2434 2086 non
2452 2029 2718 2100 superflua
2747 2028 3097 2098 apparebunt.
3117 2023 3174 2079 Si
3201 2023 3343 2078 enim
3368 2031 3423 2077 et
3451 2019 3894 2090 interrogaveri-

2329 2137 2449 2177 raus
2477 2121 2712 2183 Judmos,
2743 2129 2800 2174 ut
2829 2119 2956 2188 quid
3003 2113 3332 2172 oﬂ‘erebatur
3357 2112 3508 2168 Isaac
3545 2112 3640 2180 qui
3685 2126 3791 2165 non
3818 2117 3897 2163 est

2326 2214 2559 2276 oblatus,
2591 2211 2783 2266 incerti
2811 2218 2939 2264 sunt
2970 2218 3025 2264 et
3061 2207 3448 2276 imprudentes.
3493 2202 3551 2258 Si
3580 2215 3764 2258 autem
3800 2202 3895 2257 Ec-

2327 2306 2493 2361 clesia
2526 2305 2722 2360 dixerit
2753 2319 2874 2373 quae
2899 2315 3024 2356 vera
3072 2309 3222 2364 sunt,
3254 2300 3376 2369 quia
3410 2299 3625 2353 oblatus
3655 2307 3742 2349 est
3791 2310 3893 2350 non

2327 2407 2386 2452 us
2418 2395 2732 2460 olerretun
2757 2395 2850 2448 sed
2885 2403 2944 2447 ut
2970 2402 3251 2461 appareret
3277 2390 3402 2459 quia
3440 2389 3560 2442 ovis
3588 2387 3737 2458 ligno
3763 2400 3895 2457 pen-

2328 2488 2491 2545 debat
2520 2503 2616 2557 pro
2642 2487 2878 2553 homine,
2927 2494 2984 2539 ut
3015 2484 3342 2539 liberaretur
3371 2482 3532 2535 homo
3584 2495 3615 2534 a
3675 2487 3891 2533 morte:

2325 2597 2432 2638 non
2460 2581 2761 2636 concedunt
2808 2578 2966 2633 nobis
2994 2575 3167 2632 Judze'i
3218 2575 3568 2646 magniﬁcare
3605 2582 3763 2626 vetus
3799 2585 3895 2643 per

2326 2673 2658 2744 agnitionem
2683 2669 2827 2725 novi.
2854 2667 3307 2737 Interrogavimus
3332 2666 3474 2720 enim
3489 2679 3608 2728 eos,
3635 2677 3802 2731 quam
3825 2663 3892 2718 ob

2323 2779 2544 2820 causam
2576 2763 2693 2818 haec
2723 2761 2903 2816 omnia
2957 2760 3157 2815 flebant
3202 2774 3218 2810 :
3263 2758 3474 2812 oblatus
3508 2772 3613 2810 non
3644 2754 3890 2811 oﬂertur.

2325 2854 2429 2938 sed
2448 2856 2664 2938 dicent,
2695 2861 2755 2906 ut
2788 2859 3174 2922 agnosceretur
3204 2850 3477 2905 Abraham
3499 2863 3529 2900 a
3567 2845 3702 2901 Deo.
3732 2844 3890 2900 Lateb

2323 2931 2416 3003 bat
2440 2947 2583 3002 enim
2609 2931 2731 3000 eum
2770 2955 2825 3000 et
2852 2953 2979 2998 ante
3008 2941 3398 3000 tentationem?
3420 2941 3528 2995 Sed
3550 2950 3606 2993 ut
3630 2939 3702 2992 ab
3722 2938 3892 2993 homi-

2325 3036 2505 3092 nibus.
2539 3036 2710 3091 Erant
2737 3033 2858 3104 ejus
2883 3045 2940 3090 et
2971 3033 3092 3089 alia
3116 3032 3442 3087 tentationes
3461 3031 3712 3100 plurima
3742 3043 3758 3081 :
3795 3044 3889 3100 po-

2325 3137 2408 3184 tas
2449 3129 2574 3198 quia
2599 3136 2658 3182 ut
2688 3127 2919 3182 sciretur
2965 3125 3097 3180 nihil
3145 3127 3204 3179 lit
3244 3123 3506 3192 amplius?
3540 3131 3601 3176 ut
3655 3123 3892 3177 lucrare-

2327 3233 2450 3273 mur
2474 3216 2566 3286 qui
2593 3226 2716 3286 post
2749 3216 2865 3272 hac
2905 3215 3096 3271 luerati
3142 3213 3365 3269 sumas?
3392 3211 3531 3280 Quid
3579 3225 3721 3281 opus
3775 3219 3891 3266 erat

2324 3307 2465 3364 ove?
2492 3317 2619 3378 puta
2646 3305 2774 3376 quia
2801 3315 2856 3362 et
2895 3319 2998 3362 ove
3025 3324 3041 3361 :
3071 3322 3170 3362 cur
3221 3321 3327 3361 non
3363 3315 3549 3360 taurus
3592 3301 3895 3372 apparuit?

2324 3413 2425 3455 cur
2481 3413 2587 3453 non
2638 3413 2802 3468 capra
2848 3407 2940 3452 aut
2975 3397 3218 3452 vitulus?
3246 3413 3345 3452 cur
3387 3411 3499 3451 non
3555 3395 3662 3450 alia
3701 3407 3892 3464 magna

2325 3489 2649 3567 immolatio,
2678 3489 2772 3557 sed
2817 3487 2981 3544 ovis?
3001 3497 3128 3556 puta
3180 3492 3301 3557 quia
3355 3487 3492 3541 ovis.
3546 3485 3659 3540 Cnr
3693 3500 3799 3539 non
3839 3485 3892 3540 in

2324 3592 2466 3637 terra
2493 3583 2606 3637 visa
2652 3593 2732 3639 est
2765 3581 2921 3638 ovis?
2973 3599 3074 3638 cur
3102 3598 3211 3637 non
3244 3590 3397 3637 extra
3446 3580 3640 3643 altare,
3685 3589 3781 3633 aut
3839 3579 3890 3632 in

2322 3673 2570 3726 cominus
2597 3674 2845 3743 apparuit
2863 3671 3022 3727 altari
3041 3675 3067 3728 ?
3102 3673 3159 3728 Si
3186 3673 3402 3743 quidem
3436 3669 3721 3726 hominum
3749 3677 3893 3725 eam

2323 3761 2640 3818 adinventio
2669 3770 2765 3815 aut
2796 3762 3116 3829 compositio
3168 3762 3234 3817 de
3278 3774 3401 3824 ove,
3428 3761 3721 3829 Oportebat
3760 3757 3892 3814 alibi

2322 3851 2580 3907 inveniri.
2610 3849 2668 3907 Si
2698 3860 2876 3908 autem
2908 3851 3052 3908 Deus
3097 3868 3195 3922 pro
3223 3851 3445 3908 homine
3477 3865 3636 3906 ovem
3677 3850 3886 3920 prabe-

2320 3943 2433 4009 bat,
2452 3942 2630 3999 subito
2658 3942 2711 3998 in
2743 3944 2859 4013 ipso
2888 3943 3006 4000 loco
3027 3945 3210 4001 debuit
3236 3944 3462 4000 ubierat
3486 3940 3663 4009 Isaac,
3690 3944 3743 3996 in
3774 3941 3886 4013 ipsc

2321 4035 2516 4094 altare.
2549 4043 2638 4087 aut
2689 4034 2743 4088 in
2780 4045 2943 4099 terra,
2974 4037 3244 4105 autjuxta
3277 4035 3470 4098 altare,
3518 4044 3614 4088 aut
3665 4033 3887 4104 ligatum

2321 4127 2388 4183 ad
2414 4126 2646 4181 radicem
2686 4126 2918 4182 arboris.
2953 4125 3107 4182 Nunc
3139 4135 3320 4181 autem
3364 4134 3594 4196 apparet
3637 4128 3756 4179 ovis
3801 4139 3891 4178 sn-

2321 4231 2544 4287 spensa,
2580 4226 2638 4276 et
2676 4233 2705 4272 a
2740 4219 3018 4282 cornibus,
3049 4229 3106 4276 et
3131 4233 3394 4287 suspensa
3421 4219 3478 4272 in
3508 4218 3732 4272 arbore.
3776 4213 3886 4270 Na-

2322 4318 2442 4365 tura
2481 4318 2662 4387 autem
2686 4311 3146 4381 interpretabatur
3174 4310 3317 4380 quod
3350 4319 3470 4364 erat
3501 4307 3804 4363 occultum.
3829 4306 3886 4361 Si

2322 4400 2444 4469 quis
2473 4400 2618 4458 enim
2650 4403 2996 4472 suspenderit
3028 4417 3186 4458 ovem
3219 4417 3250 4455 a
3285 4400 3548 4458 cornibus
3572 4399 3628 4452 in
3670 4399 3885 4460 arbore.

654 4512 741 4562 ce,
774 4499 902 4568 quia
925 4504 982 4552 et
1005 4497 1073 4551 ab
1104 4496 1261 4551 initio
1287 4495 1538 4566 praecepti
1584 4510 1600 4549 :
1641 4493 1767 4563 quia
1801 4491 1945 4546 enim
1997 4491 2133 4545 forte
2162 4499 2220 4546 et
2248 4497 2295 4558 ο
2322 4489 2376 4545 id
2410 4492 2553 4560 quod
2581 4497 2849 4563 sequitur,
2884 4495 3091 4550 videbit
3117 4493 3260 4563 quod
3291 4501 3410 4550 erat
3459 4491 3728 4546 futurum.
3785 4487 3887 4552 Ne-

656 4588 904 4644 dubitare
931 4588 1084 4659 (22):
1117 4587 1209 4643 sed
1236 4586 1498 4658 przevenit
1543 4585 1636 4655 qui
1677 4584 1933 4654 praecepit
1967 4601 1980 4637 :
2024 4583 2212 4638 eadem

653 4683 824 4737 utitur
842 4694 998 4736 voce.
1030 4679 1183 4735 Sicut
1205 4680 1350 4734 enim
1377 4679 1511 4733 dixit
1545 4687 1724 4739 antea,
1746 4677 2031 4737 Abraham.
2055 4675 2218 4728 Abra-

655 4774 799 4835 ham,
829 4774 1008 4836 accipe
1022 4771 1191 4840 ﬁlium
1223 4781 1372 4824 tuum
1403 4770 1721 4837 unigenitum
1769 4769 1924 4824 Isaac
1953 4783 2102 4836 quem
2128 4765 2215 4819 di-

652 4862 828 4915 lexisti
856 4879 876 4918 :
911 4860 983 4916 ita
1011 4869 1068 4915 et
1089 4860 1240 4923 istic,
1260 4858 1546 4922 Abraham,
1579 4857 1864 4913 Abraham.
1916 4855 2033 4925 Ipse
2065 4857 2211 4910 enim

652 4953 742 5020 qui
771 4952 858 5006 illa
885 4951 1160 5021 pracepit,
1189 4960 1244 5004 et
1277 4963 1421 5002 nunc
1469 4946 1735 5016 loquitur,
1785 4958 1841 5002 et
1891 4946 2043 5010 dicit,
2080 4945 2213 5000 Noli

650 5045 950 5114 contingere
968 5042 1141 5111 ﬁlium
1166 5052 1313 5094 tuum
1342 5040 1390 5073 “
1418 5057 1434 5093 :
1472 5038 1644 5093 habeo
1671 5041 1896 5104 donum,
1914 5038 2052 5093 habe
2074 5049 2128 5094 et
2155 5047 2212 5091 tu

651 5133 841 5189 lilium.
873 5132 1121 5188 Secundo
1145 5131 1237 5185 tibi
1260 5142 1316 5185 et
1341 5129 1446 5185 hoc
1471 5145 1664 5184 munus
1693 5129 1852 5183 dono.
1884 5127 2091 5183 Eﬂ'uisit
2120 5137 2212 5182 tua

643 5225 913 5292 'charitas,
941 5225 1121 5294 agnita
1150 5233 1233 5279 est
1261 5223 1396 5278 ﬁdes
1426 5233 1540 5276 tua.
1575 5221 1744 5276 Erunt
1797 5224 1896 5276 ista
1929 5237 2048 5290 qua:
2097 5235 2126 5274 a
2159 5230 2212 5275 te

652 5329 772 5376 acta
808 5333 955 5384 sunt,
1017 5318 1324 5374 adhortatio
1359 5333 1546 5372 eorum
1579 5316 1672 5386 qui
1702 5326 1824 5386 post
1869 5315 2034 5372 futuri
2082 5327 2210 5371 sunt

655 5421 726 5465 te.
762 5409 1147 5466 Det-amabitur
1181 5408 1232 5462 id
1258 5407 1402 5476 quod
1437 5405 1636 5471 fecisti,
1673 5406 1724 5459 in
1753 5407 2034 5476 progenies
2060 5405 2208 5460 futu-

650 5516 760 5556 ras.
798 5499 975 5554 Habes
1005 5499 1236 5552 fructum
1261 5497 1404 5560 ﬁdei,
1441 5497 1611 5554 habes
1642 5506 1696 5552 et
1719 5497 1948 5552 fructum
1981 5498 2203 5563 ventris,

651 5589 820 5647 habes
845 5600 900 5645 et
922 5591 1122 5645 sterilis
1150 5590 1340 5654 lilium,
1372 5588 1538 5643 habes
1565 5597 1623 5643 et
1644 5602 1712 5642 ex
1742 5588 1914 5644 altare
1957 5587 2203 5645 immola-

722 5686 770 5718 ³⁸
802 5685 942 5742 Gen.
971 5702 1107 5754 xsu,
1135 5686 1223 5743 12.

723 5780 835 5852 (Ri)
871 5781 1140 5836 Dubitare.
1177 5779 1334 5836 Forte
1360 5782 1640 5837 dubitaui.

2321 4586 2630 4644 eesseeuim
2656 4596 2739 4642 est
2765 4587 2921 4647 istam
2949 4587 3168 4658 quails.
3190 4585 3458 4656 pendetin
3487 4582 3881 4645 arboreovem.

2318 4687 2598 4746 separatos
2628 4680 2934 4749 expandere
2968 4678 3132 4749 pedes
3161 4678 3402 4747 priores:
3430 4673 3699 4730 hocenim
3718 4688 3882 4744 expe-

2319 4769 2529 4824 ditovis
2559 4784 2679 4839 qua
2721 4770 2798 4824 ita
2853 4761 3224 4841 suspenditur.
3279 4765 3512 4822 Necesse
3539 4774 3626 4821 est
3652 4765 3800 4820 enim
3831 4774 3884 4820 et

2318 4860 2559 4930 separari
2585 4860 2700 4929 ejus
2724 4861 2817 4930 qui
2863 4861 3115 4916 deorsum
3151 4867 3277 4914 sunt
3315 4858 3504 4928 pedes.
3543 4855 3684 4912 Cum
3720 4857 3881 4926 igitur

2316 4954 2435 5009 ovis
2461 4967 2732 5024 suspensa:
2757 4954 2810 5008 in
2837 4953 3005 5022 ligno,
3037 4960 3093 5005 et
3116 4951 3168 5006 in
3199 4950 3392 5006 arbore
3407 4964 3660 5018 expansa:
3691 4948 3882 5004 iuerint

2319 5058 2511 5098 manus
2534 5053 2589 5098 et
2622 5043 2810 5112 pedes,
2854 5055 3031 5111 neque
3058 5038 3508 5110 interpretatione
3553 5039 3802 5110 indigent
3828 5036 3878 5094 bl

2315 5135 2406 5202 qui
2441 5133 2644 5190 habent
2676 5132 2864 5187 oculos
2892 5132 3112 5187 mentis.
3144 5129 3253 5186 Sed
3282 5131 3407 5200 quis
3430 5129 3629 5198 estqui
3662 5128 3876 5194 paridi-

2318 5226 2532 5282 tabatur
2550 5225 2758 5281 occidi?
2812 5224 2994 5279 homo.
3055 5221 3193 5289 Quid
3223 5221 3476 5292 estquod
3521 5235 3618 5290 pro
3666 5220 3875 5274 homins

2313 5315 2730 5373 immolabatur?
2779 5316 2898 5372 ovis
2925 5329 3184 5384 suspensa
3229 5314 3282 5367 in
3316 5314 3480 5383 ligno.
3508 5311 3792 5380 Tanquam
3831 5308 3872 5364 si

2316 5409 2517 5462 diceret
2546 5407 2690 5464 Deus
2717 5405 2784 5461 ad
2813 5405 3084 5467 Abraham
3117 5403 3269 5458 :Non
3302 5414 3423 5457 tuus
3450 5401 3762 5472 unigenitus
3787 5412 3872 5453 no-

2313 5499 2588 5555 cessarius
2623 5515 2638 5554 :
2670 5499 2761 5554 sed
2788 5507 2972 5554 currat
3000 5496 3219 5569 quidem
3255 5494 3426 5550 forma
3454 5508 3551 5563 per
3575 5504 3872 5557 tuum,ser-

2315 5600 2472 5645 vetur
2501 5602 2680 5648 autem
2718 5605 2841 5648 nico
2867 5589 3153 5660 Unigenito
3183 5588 3326 5658 quod
3348 5584 3426 5642 iit.
3454 5582 3531 5642 lta
3561 5585 3683 5641 ovis
3717 5597 3872 5656 appa-
