4048 6322
238 393 381 455 1081

1353 393 1442 449 DE
1483 390 2093 449 BESURRECTIONE.
2131 424 2204 438 --
2242 391 2374 449 LIB.
2413 392 2460 451 Ῑ.

3353 386 3495 447 1081

210 511 324 567 ruit
356 521 458 577 pro
488 508 733 572 homine,
762 517 817 564 et
851 508 957 565 hoc
996 509 1051 565 in
1082 510 1251 582 ligno,
1294 520 1349 566 et
1385 510 1490 565 huc
1517 525 1803 579 suspensa,
1836 512 1881 569 A
1911 518 2090 564 mitem
2122 509 2329 565 electus
2359 509 2450 564 ille
2482 518 2537 565 et
2570 509 2663 579 qui
2707 517 2835 565 ante
2876 506 3021 563 Esau
3052 505 3232 564 factus
3267 515 3373 573 est,
3404 508 3491 563 vi-

207 610 269 658 θα
296 602 399 659 hac
421 604 577 670 cuius
601 602 876 657 laeserant
910 618 1103 660 manus
1143 614 1201 659 et
1252 604 1417 675 pedes
1448 613 1709 673 tanquam
1744 605 1798 660 in

210 709 382 750 eruca
418 702 514 749 :et
541 693 820 764 prophetia
864 696 1100 749 Abrahae
1130 695 1363 752 edicitur
1394 696 1615 766 duplex.
1646 693 1801 763 Quod

210 786 359 842 enim
390 786 488 851 ait,
532 785 675 841 Deus
708 788 996 854 providebis
1040 804 1181 842 orent
1226 789 1517 857 sacriﬁcio,
1564 786 1643 857 ﬁli
1683 803 1703 841 :
1749 793 1804 843 et

215 888 347 934 tunc
376 879 503 946 quid
532 879 856 947 completum
880 892 965 933 est
995 881 1047 933 in
1076 880 1505 949 comparatione,
1544 880 1802 934 servaba-

216 978 310 1023 tur
332 979 512 1024 autem
542 969 594 1022 in
624 969 881 1040 mysterio
914 970 1151 1023 Veritali.
1180 970 1318 1035 Quid
1357 969 1520 1039 igitur
1563 969 1665 1024 sibi
1692 968 1806 1021 vult

214 1059 325 1115 iste
353 1076 535 1115 sermo
564 1061 849 1116 incurrens
878 1062 1168 1116 ostendere
1210 1061 1337 1131 quia
1382 1060 1658 1117 Abraham
1690 1057 1803 1131 (23)

222 1158 393 1203 totam
433 1166 586 1205 suam
624 1150 787 1204 vitam
818 1151 1077 1219 transegit
1119 1152 1171 1205 in
1216 1152 1501 1223 angustiis,
1535 1151 1589 1206 in
1626 1162 1806 1207 tenta-

216 1237 480 1311 tionibus,
511 1240 564 1294 in
590 1239 888 1295 doloribus.
920 1241 975 1295 Si
998 1242 1143 1297 enim
1176 1244 1226 1297 in
1257 1245 1358 1315 ista
1388 1244 1498 1297 vita
1524 1260 1674 1313 spem
1711 1243 1807 1297 ha-

215 1333 397 1395 beret,
431 1331 715 1387 fraudatus
752 1342 896 1388 esset
928 1348 957 1387 a
1008 1349 1125 1403 spe.
1176 1334 1310 1389 Cum
1366 1336 1530 1406 igitur
1588 1336 1804 1405 gloriati

218 1421 425 1477 fuerint
453 1421 623 1479 Judaei
673 1424 727 1478 in
773 1406 1073 1487 Abraham,
1107 1426 1485 1481 necessitatem
1531 1427 1807 1481 habebunt

214 1525 272 1569 et
310 1514 758 1571 resurrectionem
783 1517 1049 1571 confiteri.
1081 1517 1194 1572 Hoc
1218 1518 1285 1571 ad
1315 1518 1456 1572 illam
1484 1518 1807 1573 Sadduczeo-

218 1620 344 1659 rum
391 1616 627 1675 partem,
676 1606 765 1673 qui
823 1614 1025 1676 negant
1077 1621 1304 1676 prorsus
1349 1609 1805 1661 resurrectionem

216 1695 478 1761 futuram,
510 1709 659 1753 recte
683 1696 978 1752 diceretur.
1005 1697 1141 1765 Quia
1172 1708 1352 1753 autem
1384 1698 1486 1752 alia
1528 1714 1676 1767 pars,
1704 1700 1808 1753 hoc

213 1798 305 1842 est
352 1787 770 1852 Pharismorum,
810 1790 1264 1845 resurrectionem
1310 1788 1532 1858 quidem
1578 1778 1849 1844 c0niite-A

1904 602 2042 673 ginti
2076 612 2131 659 et
2179 618 2346 657 unum
2403 618 2576 657 annos
2644 602 2857 665 serviit,
2908 611 3035 656 tunc
3086 600 3329 656 maxime
3360 614 3491 654 cum

1905 695 2271 751 adolescentia
2306 694 2358 751 ei
2386 694 2551 765 dabat
2580 692 2785 763 epulari
2818 712 2833 747 :
2874 704 2932 747 et
2974 694 3030 747 in
3085 692 3327 763 paternis
3358 692 3490 746 dum

1905 796 2108 857 ageret.
2142 795 2430 857 suspectus
2464 795 2580 841 erat
2615 801 2679 841 ne
2714 787 3061 842 occideretur
3095 801 3125 839 a
3162 785 3335 840 fratre
3368 799 3385 837 :
3437 792 3497 841 et

1906 879 1963 934 in
1995 880 2169 934 soceri
2201 880 2361 933 domo
2393 894 2586 933 servus
2642 895 2655 932 :
2703 879 2756 933 in
2812 879 3009 933 itinere
3043 888 3222 933 autem
3256 876 3490 946 lapidem

1906 976 2059 1041 ponit
2089 973 2191 1027 sub
2219 972 2399 1039 capite
2452 987 2571 1035 suo,
2604 981 2659 1027 et
2703 988 2828 1026 cum
2871 972 3022 1043 virga
3062 973 3176 1026 sola
3230 970 3494 1025 ambulat.

1906 1062 2033 1118 Haec
2058 1063 2361 1117 nuditatem
2390 1062 2609 1131 quidem
2642 1062 2954 1131 significant
2995 1062 3167 1129 ipsius
3196 1060 3435 1115 hominis
3472 1075 3489 1114 :

1907 1164 2253 1209 sacramenta
2281 1166 2461 1207 autem
2509 1169 2630 1223 qum
2669 1168 2763 1223 per
2789 1151 2957 1209 Jacob
2997 1154 3223 1216 fiebant,
3282 1162 3493 1223 petram

1908 1255 2318 1314 supportantem
2347 1243 2695 1314 caputeius,
2722 1244 2815 1313 qui
2858 1246 3292 1315 persecutionem
3325 1245 3496 1313 patie-

1908 1336 2110 1389 batur:
2147 1343 2204 1389 et
2235 1334 2386 1405 virga
2422 1337 2476 1388 in
2510 1350 2672 1388 manu
2706 1335 3005 1390 ostendens
3054 1336 3197 1388 viam
3247 1334 3495 1403 fugienti.

1908 1433 2020 1500 Ego
2045 1444 2177 1485 sane
2204 1428 2382 1484 audivi
2412 1425 2582 1483 Jacob
2606 1410 2898 1495 dicentem,
2920 1429 3043 1498 quia
3067 1445 3156 1495 per
3179 1429 3319 1481 diem
3342 1444 3498 1481 com-

1905 1523 2016 1577 edit
2057 1537 2174 1575 eum
2214 1520 2377 1572 ardor
2411 1518 2576 1579 solis;
2617 1527 2667 1572 et
2714 1519 2882 1587 frigus
2929 1535 3135 1583 semper
3171 1535 3263 1582 per
3294 1527 3499 1571 noctem

1908 1615 2071 1667 sensit
2104 1612 2170 1666 ³⁸.
2209 1612 2265 1666 Si
2317 1612 2416 1664 ista
2478 1611 2763 1665 beatitudo
2796 1620 2899 1677 est,
2938 1612 3094 1665 valde
3126 1611 3312 1665 odiliat
3361 1610 3500 1664 Deus

1908 1702 2100 1767 Jacob,
2136 1702 2277 1756 Esau
2330 1707 2450 1754 erat
2506 1710 2689 1755 autem
2748 1701 2802 1754 in
2862 1699 3089 1753 deliciis.
3144 1699 3317 1753 Audio
3372 1711 3500 1751 sane

1911 1798 2079 1851 Deum
2104 1796 2372 1851 dicentem
2410 1790 2618 1847 :Jucob
2645 1792 2831 1853 dilexi,
2871 1790 3015 1843 Esau
3057 1800 3229 1844 autem
3269 1789 3408 1843 oa'mi
3431 1789 3501 1843 ⁸⁸.

217 1887 332 1944 tur.
368 1882 823 1935 resurrectionem
852 1891 1033 1937 autem
1068 1882 1229 1936 talem
1278 1881 1412 1936 dicit
1454 1880 1716 1945 futuram.
1747 1890 1806 1935 ιιι
1837 1864 1881 1925 Β
1912 1892 2104 1947 Dicant
2132 1888 2299 1958 igitur
2328 1888 2485 1943 nobis
2511 1884 2681 1942 Judaei
2727 1906 2739 1939 ;
2781 1883 2826 1958 si
2878 1884 2981 1937 iste
3009 1893 3091 1938 est
3123 1881 3333 1936 fructus
3372 1896 3470 1949 pro

217 1970 415 2026 iterum
444 1974 800 2027 manducetnr
833 1983 889 2026 et
919 1973 1154 2037 bibatur,
1202 1981 1258 2026 et
1283 1972 1550 2042 coniugiis
1590 1981 1805 2040 utatur;

216 2072 283 2117 ut
315 2078 383 2117 ne
403 2063 619 2132 quidem
648 2075 995 2132 resurgentes
1040 2074 1259 2120 cessent
1304 2066 1699 2121 manducantes
1751 2075 1808 2121 et

216 2153 486 2221 bibentes,
509 2165 563 2207 et
594 2156 859 2225 coniugiis
881 2171 940 2211 se
972 2158 1367 2228 c0njungentes
1392 2177 1406 2213 :
1440 2169 1632 2213 venter
1657 2158 1803 2213 enim

216 2246 391 2313 magis
412 2255 717 2316 suntquam
751 2248 1017 2303 homines.
1062 2250 1126 2303 Et
1154 2250 1295 2304 sicut
1321 2249 1538 2320 quidam
1568 2251 1808 2305 morien—

218 2338 356 2390 tium
382 2339 472 2405 qui
506 2348 635 2393 ante
685 2337 837 2394 fuere
872 2340 923 2393 in
974 2340 1189 2395 deliciis
1244 2342 1569 2406 viventium,
1607 2352 1805 2412 putant

216 2439 345 2480 esse
377 2425 631 2479 fraudare
656 2427 771 2495 (24)
800 2430 899 2483 ista
929 2428 1038 2484 vita
1075 2430 1125 2484 in
1163 2441 1357 2497 morte,
1387 2432 1442 2486 in
1483 2448 1807 2488 monumen-

217 2516 319 2577 tis.
347 2525 402 2570 et
429 2518 571 2571 circa
604 2518 799 2588 ianuas
833 2522 1209 2591 sepulcrorum
1265 2526 1588 2593 semetipsos
1616 2526 1795 2595 depin-

215 2617 372 2678 gunt,
402 2619 457 2662 et
480 2608 565 2661 vel
600 2612 652 2663 in
683 2612 1025 2681 imaginibus,
1056 2625 1111 2670 et
1162 2626 1284 2685 post
1310 2626 1543 2672 mortem
1576 2618 1807 2681 mandu-

214 2707 383 2754 cant:
416 2699 492 2775 ita
526 2710 579 2756 et
605 2699 916 2757 Judworum
969 2705 1229 2762 Pharisaei
1258 2708 1446 2763 volunt
1474 2719 1527 2763 et
1559 2717 1682 2779 post
1719 2724 1806 2763 re-

213 2792 614 2847 surrectionem
645 2802 899 2864 tanquam
921 2794 1119 2867 depicti
1153 2799 1351 2853 iterum
1390 2802 1728 2855 manducare
1752 2809 1805 2855 et

216 2879 432 2950 bibere,
467 2894 522 2938 et
546 2886 676 2940 nubi
708 2897 762 2940 et
791 2888 1016 2943 nubere.
1071 2888 1419 2945 Recumbunt
1463 2894 1607 2945 enim
1637 2902 1691 2947 et
1719 2894 1805 2961 pi-

213 2976 391 3029 cturis
422 2977 562 3046 apud
614 2978 945 3045 istiusmodi,
970 2990 1024 3036 et
1054 2965 1311 3038 meliores
1364 3000 1477 3039 suae
1525 2985 1661 3057 (25).
1697 2984 1805 3041 Nos

211 3076 396 3122 autem
428 3070 786 3139 praasiiiamns
809 3074 878 3127 ad
928 3075 980 3128 id
1032 3076 1176 3145 quod
1224 3091 1411 3130 verum
1437 3088 1539 3134 est.
1570 3078 1627 3133 Si
1659 3080 1803 3136 enim

218 3159 348 3215 talis
392 3171 539 3217 esset
564 3166 917 3230 resurrectio,
946 3181 1337 3224 excusaremus
1372 3170 1562 3241 utique
1614 3186 1803 3227 resur-

1913 1982 2213 2045 missionis,
2250 1981 2294 2036 si
2326 1980 2428 2036 ista
2469 1988 2556 2034 est
2580 1991 2722 2047 spes.
2759 1992 2887 2030 num
2917 1976 3037 2032 odit
3068 1975 3209 2030 Deus
3234 1972 3405 2029 Jacob
3434 1974 3501 2031 de

1910 2091 2019 2146 quo
2061 2077 2215 2142 dicit,
2249 2074 2379 2145 quia
2428 2071 2635 2126 dilexi?
2665 2069 2769 2125 Sed
2824 2079 2953 2125 tunc
2996 2084 3121 2124 cum
3164 2069 3423 2135 liberatus
3470 2083 3501 2125 ο

1911 2167 2176 2223 servitute
2206 2173 2375 2231 esset,
2404 2177 2585 2218 nonne
2641 2161 2777 2232 fugit
2802 2170 2861 2213 ut
2892 2156 3236 2215 salvaretur?
3266 2156 3502 2230 Fugiena

1910 2268 2093 2313 autem
2134 2272 2238 2310 non
2266 2266 2348 2311 est
2388 2254 2843 2324 comprehensus,
2895 2262 2952 2308 et
2995 2252 3048 2307 in
3091 2252 3285 2305 timore
3316 2248 3503 2305 stetit?

1911 2348 2019 2405 Sed
2048 2349 2264 2420 fugiens
2297 2348 2677 2416 insequentem
2712 2360 2771 2401 se
2795 2360 3046 2401 socerum
3088 2358 3265 2399 nonne
3299 2355 3504 2396 occur-

1912 2443 1983 2497 rit
2009 2443 2159 2497 fratri
2189 2432 2331 2496 suo?
2366 2453 2547 2494 nonne
2599 2438 2765 2493 timor
2813 2439 2995 2493 timori
3029 2435 3333 2492 successit?
3392 2433 3502 2489 Sed

1911 2535 2037 2604 quia
2066 2534 2329 2587 liberatus
2347 2540 2401 2585 et
2422 2530 2491 2585 ab
2526 2530 2630 2586 isto
2656 2537 2779 2587 est:
2807 2542 2990 2583 nonne
3021 2527 3214 2581 habuit
3253 2527 3306 2579 in
3341 2539 3506 2579 sene-

1911 2636 2058 2682 ctute
2088 2625 2208 2680 sine
2232 2622 2605 2679 consolatione
2630 2618 2907 2675 dolorem?
2933 2616 3136 2673 Habuit
3162 2618 3305 2672 enim
3333 2614 3505 2672 Jacob

1922 2728 1976 2776 et
2010 2718 2173 2772 alium
2201 2714 2372 2770 lsaac.
2409 2712 2630 2781 Habuit,
2664 2714 2909 2783 inquam,
2942 2709 3168 2779 Ioseph,
3226 2707 3379 2764 illum
3409 2709 3506 2763 ho-

1912 2823 2041 2861 num
2088 2816 2144 2862 et
2192 2805 2450 2860 dilectum
2490 2804 2618 2869 sibi,
2672 2784 2889 2856 bonam
2928 2800 3244 2871 progeniem
3301 2812 3504 2853 suam:

1911 2910 2158 2949 amarum
2188 2903 2372 2947 autem
2404 2892 2473 2948 dc
2502 2906 2567 2946 eo
2591 2890 2859 2946 dolorem.
2894 2888 2961 2945 Et
2989 2889 3181 2945 habuit
3208 2888 3427 2959 quando
3451 2897 3508 2944 et

1910 2986 2115 3041 sterilis
2151 2997 2272 3041 erat
2304 2995 2359 3039 et
2400 2984 2563 3038 istius
2594 2992 2797 3046 mater,
2823 2994 2880 3037 et
2902 2981 3076 3037 Jacob
3113 2995 3220 3036 non
3251 2982 3507 3035 cessabat

1913 3080 2144 3133 orando.
2168 3076 2289 3133 iam
2329 3084 2512 3131 autem
2536 3084 2593 3130 et
2631 3076 2684 3129 in
2708 3074 3065 3146 opprobrium
3095 3082 3234 3128 erat.
3267 3073 3507 3128 Deilebat

1915 3171 2058 3225 enim
2096 3168 2318 3232 sterilis,
2354 3178 2410 3224 et
2435 3168 2650 3223 dicebat
2679 3168 2747 3221 ad
2772 3168 2949 3221 virum
2988 3183 3001 3219 :
3036 3166 3118 3220 Da
3154 3164 3282 3219 mihi
3310 3163 3508 3234 ﬁliuni,

211 3265 367 3322 gere.
414 3252 614 3311 lterum
663 3257 806 3313 enim
839 3273 1155 3331 exsurgere,
1194 3271 1250 3316 et
1289 3276 1451 3317 arare
1476 3239 1536 3317 et
1574 3272 1797 3330 metere,
1825 3239 1871 3299 (ἶ
1914 3269 2005 3314 aut
2037 3262 2240 3313 moriar
2264 3260 2333 3315 ³³.
2374 3260 2546 3315 Soror
2574 3268 2895 3329 exaggerat.
2928 3258 3158 3314 Ancilla
3204 3256 3505 3323 habebant,

211 3344 410 3401 lterum
443 3349 773 3406 manducare
799 3360 857 3405 et
894 3352 1101 3415 bibere,
1141 3353 1339 3408 iterum
1367 3354 1592 3424 spoliari
1628 3364 1682 3409 at
1706 3370 1802 3409 ve-

210 3435 360 3503 stiri,
391 3436 588 3494 iterum
623 3440 875 3497 dormire
910 3452 965 3498 et
1017 3445 1267 3514 vigilare.
1316 3446 1421 3500 Sed
1456 3448 1803 3502 advertamus

208 3528 344 3597 quid
361 3529 501 3585 dicat
527 3531 841 3599 Apostolus:
866 3533 924 3588 Si
939 3535 992 3587 in
1016 3537 1117 3590 ista
1142 3537 1247 3590 vita
1271 3554 1410 3606 spem
1425 3538 1731 3591 haberemus
1748 3542 1802 3593 in

211 3616 446 3687 Christo,
472 3623 879 3679 miserabiliores
900 3627 1144 3681 omnibus
1167 3628 1466 3683 horninibus
1482 3628 1799 3687 essemus“.

214 3707 276 3765 Si
304 3712 450 3766 enim
482 3714 553 3768 ita
578 3716 769 3770 statuit
791 3717 934 3771 Deus
964 3726 1026 3771 ut
1050 3719 1101 3772 in
1128 3720 1259 3789 ipsis
1286 3712 1483 3775 iterum
1516 3721 1708 3788 simus,
1743 3729 1803 3776 ut

209 3802 345 3873 quid
369 3819 469 3859 nos
490 3814 545 3859 et
571 3806 854 3876 quiescere
878 3806 1046 3864 facit?
1099 3809 1212 3865 Hoc
1262 3811 1408 3866 enim
1458 3812 1693 3868 ludentis
1716 3822 1803 3869 est

209 3893 417 3963 potius,
448 3898 747 3955 concedere
781 3901 941 3966 mori,
979 3912 1033 3957 et
1062 3902 1260 3957 iterum
1291 3904 1360 3958 ad
1402 3904 1576 3973 ipsam
1616 3920 1803 3961 resur-

208 3999 343 4054 gcre
373 3986 558 4044 vitam.
622 3988 678 4044 Si
720 3991 870 4045 enim
914 3992 987 4046 ita
1038 4007 1467 4063 resurgeremus,
1514 3999 1800 4065 oportebat

208 4076 490 4133 Abraham
520 4088 580 4135 ut
616 4094 724 4136 nou
759 4083 1036 4139 amitteret
1064 4101 1186 4156 qua:
1218 4086 1305 4141 hic
1343 4098 1491 4153 sunt,
1524 4086 1637 4155 jam
1673 4104 1800 4160 per-

207 4167 324 4223 frui
352 4185 415 4225 ea
449 4186 572 4241 quae
605 4176 834 4230 essetin
869 4178 1326 4247 resurrectionem
1354 4191 1701 4251 accepturus.
1739 4181 1797 4238 Si

211 4262 365 4317 enim
403 4279 529 4320 cum
558 4265 838 4338 voluptate
889 4268 1078 4325 bibere
1100 4281 1156 4325 et
1187 4272 1396 4341 epulari
1424 4272 1533 4326 vita
1584 4282 1703 4339 est;
1739 4274 1794 4329 in

207 4367 539 4427 quacunque
569 4358 701 4412 hora
727 4374 835 4415 non
850 4375 973 4416 cum
991 4361 1267 4434 voluptate
1292 4364 1549 4431 bibimus,
1576 4364 1799 4422 frauda-

210 4461 400 4502 remus
427 4464 455 4503 a
482 4452 613 4505 vita.
639 4450 746 4508 Sed
780 4466 909 4509 vere
929 4452 1238 4510 Iudaeorum
1266 4468 1444 4511 center
1462 4469 1536 4512 est
1571 4462 1699 4514 deus
1728 4459 1795 4525 ",

205 4538 351 4593 sicut
383 4539 515 4595 dicit
559 4540 778 4608 Paulus,
811 4544 905 4615 qui
938 4555 1025 4601 est
1071 4562 1138 4601 ex
1182 4546 1405 4615 Judaiis,
1441 4553 1531 4620 qui
1580 4550 1798 4608 Jutheos

204 4629 429 4697 quidem
471 4647 669 4703 passus
713 4651 821 4691 non
854 4648 958 4700 est,
991 4641 1205 4694 veritati
1255 4643 1401 4697 enim
1464 4644 1698 4698 credidit
1740 4645 1795 4699 in

203 4719 448 4778 Christo.
473 4725 613 4791 Quid
650 4737 833 4783 autem
863 4730 1040 4785 dicent
1070 4730 1227 4799 nobis
1276 4744 1333 4787 et
1374 4735 1436 4789 de
1480 4735 1653 4797 Isaac.
1699 4736 1794 4806 qui

194 4810 318 4881 jam
350 4816 583 4873 habebat
609 4819 850 4877 dolorem
883 4822 1308 4879 immolationis?
1359 4824 1561 4880 Habuit
1606 4838 1790 4884 autem

201 4916 261 4961 et
290 4917 412 4975 post
436 4910 551 4967 haec
572 4914 791 4968 easdem
828 4914 972 4986 ipsas
1000 4916 1397 4980 tribulationes,
1435 4936 1570 4989 quas
1606 4932 1659 4975 et
1694 4938 1791 4991 pa-

206 5009 319 5059 ter.
349 5001 609 5076 Coniugis
637 5012 858 5076 inquam
882 5024 1015 5076 suas,
1041 5026 1163 5082 qua:
1192 5026 1386 5083 parere
1417 5030 1521 5068 non
1555 5024 1787 5083 poterat,

206 5098 529 5166 nuptiarum
563 5114 875 5167 mmrorem,
919 5108 1385 5161 commauentium
1422 5107 1789 5177 deceptiones,

202 5184 430 5247 frandes
454 5191 723 5273 laborum.
749 5192 875 5251 Haec
902 5196 1069 5251 donat
1100 5196 1243 5255 Deus
1272 5201 1408 5265 suis,
1438 5200 1675 5268 dolores,
1706 5205 1797 5262 tri-

200 5275 538 5350 buiationes,
571 5285 870 5355 angustias.
900 5285 958 5341 Si
990 5286 1131 5344 Deus
1163 5289 1278 5345 haec
1316 5292 1604 5359 promisit:
1630 5293 1797 5351 Jacob

1911 3365 1968 3408 et
1994 3353 2163 3409 libera
2216 3369 2324 3408 non
2369 3353 2626 3409 habebat.
2668 3352 2853 3419 Dolor,
2885 3355 3147 3424 gemitus,
3198 3361 3252 3406 et
3284 3350 3508 3407 tristitia

1911 3454 2030 3501 erat
2060 3446 2276 3501 iisdem.
2308 3443 2413 3501 Sed
2445 3446 2707 3501 misertus
2728 3456 2815 3501 est
2838 3446 2919 3501 eis
2938 3445 3237 3513 aliquando
3263 3444 3422 3507 Deus,
3448 3450 3507 3498 et

1914 3550 2078 3601 natus
2132 3549 2220 3595 est
2262 3538 2462 3609 Joseph
2510 3538 2601 3594 ille
2648 3540 2825 3594 bonus
2872 3539 3135 3609 undique,
3163 3550 3396 3607 corpore
3446 3536 3508 3591 in

1911 3640 2146 3697 tantum,
2179 3644 2447 3701 quantum
2480 3640 2714 3687 testatur
2753 3646 2874 3701 qua
2918 3631 3063 3686 victa
3113 3640 3219 3695 est,
3265 3638 3503 3684 mentem

1911 3737 2096 3779 autem
2125 3723 2240 3796 (26)
2269 3734 2533 3796 quantum
2569 3733 2805 3780 testatur
2843 3733 3045 3795 pater:
3087 3723 3177 3792 qui
3229 3735 3506 3793 przeroga-

1914 3814 1995 3868 vit
2020 3814 2128 3878 his,
2160 3815 2251 3884 qui
2305 3823 2464 3868 antea
2497 3811 2723 3867 fuerant
2766 3815 2905 3868 nati.
2943 3811 3202 3868 Testatur
3230 3820 3414 3865 autent
3446 3817 3506 3864 et

1910 3909 2055 3977 apud
2104 3905 2401 3980 Egyptum
2453 3904 2812 3987 dispensatio,
2861 3920 2985 3976 quae
3041 3914 3157 3973 toto
3219 3902 3366 3959 facta
3420 3913 3507 3957 est

1910 4002 2133 4057 mundo.
2171 4000 2427 4057 Testatur
2472 4011 2527 4056 et
2566 3999 2796 4056 scientia
2843 3998 3042 4070 lingua:
3074 4011 3237 4069 quam
3280 3996 3507 4066 ignora-

1908 4094 2001 4147 bat
2036 4110 2051 4147 :
2078 4100 2133 4147 ot
2157 4091 2430 4147 mirabilia
2466 4089 2837 4147 intellectibus
2861 4089 3015 4158 pueri
3045 4098 3232 4154 erant;
3263 4088 3360 4144 sed
3384 4087 3504 4159 pul-

1907 4183 2251 4239 chritudines
2284 4184 2369 4239 Ita:
2396 4182 2640 4251 salum,
2671 4181 2949 4237 laetificaut
2981 4201 2997 4238 :
3023 4182 3288 4237 bonorum
3317 4189 3501 4233 autem

1910 4291 2070 4332 casus
2119 4278 2241 4331 sine
2270 4276 2467 4331 solatio
2496 4275 2735 4331 dolorem
2768 4276 3053 4346 parabant.
3086 4272 3218 4328 Erat
3252 4272 3419 4345 igitur
3448 4273 3506 4325 in

1910 4374 2106 4424 timore
2137 4370 2309 4439 patris
2331 4367 2533 4439 Joseph
2561 4385 2576 4424 :
2607 4380 2814 4425 etcum
2872 4369 3091 4423 adesset
3130 4383 3253 4423 cum
3297 4382 3385 4429 eo,
3434 4384 3506 4421 ne

1907 4462 2051 4517 forte
2094 4461 2219 4516 talis
2262 4477 2369 4516 non
2400 4470 2748 4533 permaneret
2783 4461 3061 4516 salvator:
3092 4460 3165 4514 ita
3197 4458 3500 4521 mordebat.

1906 4564 1960 4609 et
1988 4555 2239 4609 timorem
2268 4553 2554 4619 ingerebat
2580 4554 2723 4624 patri
2752 4569 2852 4625 per
2881 4568 2946 4608 ea
2982 4568 3103 4623 qua:
3153 4553 3502 4623 loquebatur,

1905 4663 2002 4717 per
2022 4664 2085 4703 ea
2114 4663 2234 4717 quae
2264 4648 2467 4714 aiebat,
2517 4664 2615 4719 per
2659 4663 2725 4703 ea
2774 4663 2894 4717 quae
2921 4647 3154 4703 tacebat.
3196 4645 3335 4714 Quid
3368 4660 3505 4715 ergo

1904 4741 2029 4812 quia
2052 4739 2253 4813 Joseph
2274 4754 2391 4797 erat
2420 4726 2565 4805 talis,
2596 4752 2650 4797 et
2674 4741 2948 4797 secundus
2980 4741 3127 4795 solus
3152 4740 3342 4795 matris
3366 4753 3500 4800 suae,

1901 4847 1957 4890 et
1996 4834 2231 4891 dilectus
2260 4835 2429 4905 patri,
2456 4843 2511 4888 et
2535 4833 2739 4889 fratres
2768 4833 2987 4903 quidem
3016 4832 3505 4903 ejustnittehantur

1900 4940 1960 4984 ut
1992 4936 2280 4999 pascerent
2310 4942 2528 4997 gregem
2563 4943 2577 4980 :
2631 4923 2833 4994 Joseph
2861 4936 3043 4979 autem
3074 4925 3141 4978 ad
3168 4925 3493 4978 charitatem

1903 5019 2085 5088 patris
2118 5032 2223 5071 non
2258 5029 2339 5071 est
2370 5018 2575 5071 missus
2603 5031 2727 5072 cum
2771 5016 3064 5079 fratribus;
3092 5015 3219 5084 quia
3264 5014 3501 5070 habebat

1904 5110 2147 5165 tunicam
2181 5110 2516 5180 singularem
2546 5110 2613 5163 ad
2648 5108 2981 5178 agnitionem
3018 5107 3292 5178 praecipue
3313 5106 3499 5162 chari-

1906 5205 2056 5260 tatis.
2089 5201 2205 5259 Non
2237 5202 2526 5259 suffecerat
2549 5200 2718 5258 Jacob
2748 5202 2929 5257 fratris
2958 5201 3113 5268 livor,
3142 5201 3326 5255 fratris
3356 5200 3500 5263 invi-

1906 5297 2018 5363 dia,
2052 5296 2291 5352 servitus
2323 5297 2376 5351 in
2409 5295 2871 5366 peregrinatione,
2907 5296 3032 5368 fuga
3058 5314 3086 5349 ει
3122 5294 3314 5361 fratre,
3346 5308 3500 5349 cont-

273 5419 320 5452 ³⁸
358 5417 523 5476 iCor.
557 5436 648 5486 xv,
681 5422 769 5478 i9.
837 5422 883 5455 "
920 5421 1153 5492 Philipp.
1178 5440 1261 5491 tu,
1292 5426 1379 5483 i9.
1452 5427 1500 5459 ³³
1531 5430 1669 5491 Gen.
1700 5447 1801 5486 xu

1908 5433 1977 5489 ιο.
2042 5432 2091 5467 ³⁸
2117 5432 2350 5492 Malacb.
2380 5448 2423 5494 ι.
2456 5431 2527 5496 3;
2565 5430 2725 5487 Rom.
2759 5447 2837 5498 ιι,
2865 5432 2953 5487 15.
3031 5431 3077 5463 ⁸⁸
3107 5430 3244 5487 Gen.
3275 5446 3407 5492 sas.
3439 5428 3496 5485 i.

279 5555 391 5633 (23)
417 5553 581 5611 Forte
612 5571 712 5633 per
742 5558 1247 5633 interrogationem.
1297 5561 1440 5627 Quid
1490 5566 1656 5633 igitur
1693 5568 1793 5622 sibi

202 5627 315 5683 nit
335 5628 432 5701 iste
462 5642 636 5701 sermo
658 5630 934 5684 incurrens
956 5630 980 5684 .’
1002 5638 1062 5684 ut
1083 5634 1363 5701 responsio
1385 5636 1476 5701 sit,
1504 5627 1794 5694 Ostendere

199 5713 329 5771 quo}
348 5695 643 5771 Abraham,
675 5706 787 5751 etc.

276 5765 391 5850 (2i)
431 5766 531 5850 bis.
568 5763 773 5850 Putant
804 5784 859 5823 se
892 5768 1169 5839 fraudare.
1196 5772 1336 5841 Quid
1378 5775 1423 5831 si
1458 5779 1659 5849 potius,
1698 5796 1799 5850 pse

197 5835 379 5893 tentes
396 5851 452 5892 se
478 5835 757 5910 fraudare.

1976 5569 2092 5638 (25)
2127 5570 2227 5626 Ms.
2256 5570 2505 5625 Meliora
2541 5589 2652 5625 sue.

1986 5642 2104 5712 (26)
2138 5641 2364 5695 Mentem
2398 5652 2595 5697 autem.
2640 5640 2917 5703 Fortasse,
2952 5652 3121 5695 mente
3152 5641 3374 5711 (bonus)
3406 5642 3489 5699 si-

1908 5724 2005 5767 cut
2037 5720 2195 5766 antea
2229 5729 2447 5780 corpore
2473 5728 2491 5765 :
2516 5729 2709 5766 sensus
2741 5723 2845 5775 est,
2876 5712 3043 5766 animi
3092 5713 3308 5768 dotibus
3354 5728 3495 5781 pra-

1907 5795 2107 5856 stans._
2140 5784 2290 5856 sicut
2336 5793 2566 5856 testatus
2605 5794 2687 5835 est
2740 5788 2919 5849 pater.
2974 5798 3100 5856 ctum
3158 5785 3207 5838 ei
3278 5794 3497 5856 partem

1904 5869 2069 5909 unam
2095 5852 2425 5908 hereditatis
2446 5869 2605 5913 supra
2638 5855 2833 5908 fratres
2858 5854 3132 5910 attribuit.
