4048 6322
1355 339 1622 396 Ευεειιιι
1660 338 2136 397 C£SARIENSl9
2173 339 2235 397 0|

2364 339 2544 396 PARS
2583 337 2673 392 ιν.
2712 368 2782 380 -
2820 334 3226 393 ῐιοωίΑτιςΑ.

3799 342 3928 396 ιω

671 459 959 531 prehensio
982 457 1359 526 insequentia:
1396 457 1591 511 obvius
1635 472 1663 510 a
1694 459 1889 512 timore
1936 457 2144 524 frater;
2182 467 2238 510 ut
2267 463 2312 518 Α
2341 467 2520 512 autem
2550 455 2947 512 benefactorum
2994 455 3324 524 accipientes
3349 453 3624 516 occidat.
3659 467 3918 526 quantum

670 553 760 606 via
792 552 1053 618 acciperet
1087 549 1252 604 Iacob
1297 565 1327 602 a
1357 551 1526 604 sterili
1578 551 1748 619 ipsius
1795 551 1985 605 matria
2036 565 2180 602 mora
2221 566 2233 601 :

669 644 900 712 desupra
951 642 1067 696 haec
1100 642 1280 696 omnia
1315 647 1503 696 decem
1548 651 1600 696 et
1643 654 1847 712 septem
1890 643 2015 697 dum
2055 653 2240 712 ageret

667 745 841 787 annos
869 735 920 787 in
951 744 1110 788 atate
1133 732 1330 802 Ioseph
1385 752 1399 788 :
1429 741 1559 789 tunc
1600 749 1722 788 cum
1768 746 2034 803 augentur
2075 734 2236 796 bona,

666 825 922 879 excidere
949 824 1103 878 bonis
1153 833 1388 889 quantus
1436 833 1521 878 est
1569 824 1763 877 dolori
1795 824 1858 876 Et
1887 824 2050 876 mittit
2085 836 2239 893 pater

670 917 929 969 dilectum
961 930 1115 968 suum
1144 914 1333 980 tilium,
1356 929 1515 982 quem
1549 916 1600 967 in
1635 915 1816 968 multis
1840 914 2107 970 fratribus
2142 917 2238 969 ha-

667 1005 828 1062 bebat
859 1006 1425 1073 unigenitumzmittit
1468 1015 1619 1073 pater
1655 1007 1843 1071 lilium,
1894 1018 1949 1060 ut
1994 1007 2238 1062 visitaret

665 1111 760 1154 eus
790 1100 880 1167 qui
912 1106 1070 1150 erant
1116 1097 1168 1151 in
1214 1098 1502 1152 solitudine
1558 1096 1780 1151 fratres.
1848 1097 1989 1151 Puto
2023 1099 2147 1167 quia
2181 1107 2237 1153 et

667 1189 795 1242 dum
833 1188 1028 1255 legitur
1057 1185 1218 1242 Vetus
1246 1188 1679 1252 Testamentum,
1715 1191 1888 1258 magis
1916 1188 2118 1243 Novum
2151 1201 2234 1244 est

666 1295 829 1348 quam
859 1277 1041 1333 Vetus.
1078 1279 1237 1331 Mittit
1265 1288 1420 1346 pater
1467 1279 1633 1332 lilium
1665 1295 1819 1334 suum
1857 1297 2015 1350 quem
2065 1281 2233 1336 babe-

667 1371 762 1426 bat
801 1372 851 1423 in
887 1370 1064 1423 locum
1110 1369 1365 1438 unigeniti
1423 1386 1436 1422 :
1498 1387 1619 1423 nam
1676 1382 1730 1424 et
1778 1373 2034 1441 singulari
2086 1382 2234 1428 veste

677 1473 1027 1531 separaverat
1054 1477 1174 1516 eum
1223 1478 1252 1514 a
1288 1461 1587 1516 fratribus:
1622 1464 1783 1516 mittit
1827 1464 1992 1517 filium
2024 1463 2092 1517 de
2124 1479 2232 1533 quo

666 1555 1043 1623 praedictiones
1071 1563 1226 1608 erant
1256 1571 1268 1606 :
1307 1557 1688 1621 praedictiones
1728 1567 1905 1609 autem
1951 1572 2087 1627 quas
2117 1557 2232 1626 ipse

665 1649 880 1718 quidem
909 1647 1115 1700 viderat
1141 1644 1367 1716 Ioseph,
1409 1663 1515 1701 non
1553 1650 1904 1702 absconderat
1955 1662 2134 1704 autem
2197 1667 2228 1704 a

667 1741 926 1794 fratribus
961 1739 1073 1793 suis
1105 1756 1119 1792 :
1163 1748 1282 1792 erat
1305 1740 1448 1794 enim
1488 1739 1680 1794 frater.
1725 1740 1943 1794 Dicebat
1977 1741 2121 1795 enim
2158 1744 2224 1795 ad

664 1848 789 1887 eos:
817 1830 1158 1895 Metebamus,
1184 1832 1375 1900 inquit,
1392 1843 1438 1885 et
1457 1849 1628 1886 meum
1651 1834 1976 1902 manipulum
2003 1845 2228 1888 erectum
2264 1812 2304 1868 Β

661 1931 776 1987 est;
830 1924 988 1976 vestri
1047 1931 1220 1975 autent
1268 1925 1507 1976 undecim
1563 1925 1786 1978 circuitu
1839 1927 2131 1979 adorabunt
2162 1927 2228 1980 ³⁸.

662 2013 804 2069 Bene
833 2016 942 2084 jam
978 2014 1194 2068 occasio
1219 2028 1338 2068 esse
1374 2016 1558 2084 cupit,
1595 2026 1650 2068 ut
1682 2028 1970 2070 adorarent
2010 2017 2227 2072 fratrea.

661 2104 956 2160 Audierant
987 2105 1206 2169 fratres,
1243 2116 1296 2160 et
1327 2107 1515 2160 eﬂicas
1554 2108 1822 2160 somnium
1860 2109 2044 2160 statim
2074 2109 2232 2163 intel-

662 2194 927 2262 lexerunt,
959 2207 1013 2251 et
1050 2198 1203 2251 aiunt
1253 2198 1320 2251 ad
1359 2213 1521 2253 eum:
1565 2199 1709 2252 Nam
1753 2200 2154 2253 adornuerintua
2186 2212 2232 2254 te

664 2291 788 2344 nos!
835 2292 1072 2356 regnabis
1099 2294 1235 2343 enim
1276 2299 1368 2344 aut
1391 2292 1585 2344 tenebis
1613 2308 1703 2344 nos
1736 2291 1778 2322 "
1805 2291 1828 2343 Ἰ
1868 2291 2029 2345 Forte
2054 2304 2232 2346 autem

663 2380 995 2437 irascebatur
1009 2383 1396 2453 primogenitus
1417 2392 1470 2437 et
1505 2384 1868 2453 primogeniti,
1904 2385 2028 2453 quia
2052 2386 2236 2454 junior

661 2473 874 2527 volebat
907 2476 1157 2529 omnibus
1205 2476 1518 2546 prmrogari.
1556 2475 1736 2529 Voluit
1784 2476 1927 2530 enim
1966 2478 2231 2530 somnium

659 2561 846 2616 videre
896 2574 953 2616 ut
1001 2566 1100 2618 hoc
1128 2566 1256 2619 velit
1309 2581 1486 2620 :num
1547 2568 1856 2635 increpatur
1905 2567 2104 2636 aliquis
2135 2583 2231 2622 cur

659 2654 930 2706 somnium
956 2655 1189 2708 viderit?
1222 2655 1420 2710 Tamen
1449 2655 1788 2726 objurgatum
1815 2655 2015 2725 Ioseph
2048 2670 2152 2724 est,
2180 2670 2231 2713 et

662 2749 763 2800 hoc
792 2747 1030 2800 secundo
1057 2748 1204 2804 videt
1245 2756 1337 2801 :et
1377 2763 1444 2801 ne
1475 2750 1690 2817 quidem
1727 2752 1967 2804 secundo
2003 2754 2233 2806 abscon-

658 2837 741 2892 dit
779 2838 958 2891 abhis
990 2839 1079 2906 qui
1115 2837 1240 2892 irati
1272 2837 1572 2893 fuerantde
1598 2841 1787 2908 priori.
1818 2842 1892 2894 Ita
1921 2853 2040 2895 erat
2063 2841 2233 2898 frater

655 2927 725 2982 ad
767 2927 987 2985 fratres.
1012 2928 1093 2982 llli
1122 2937 1304 2983 autem
1343 2947 1407 2984 ex
1441 2934 1674 2985 secunda
1716 2933 1918 2986 visione
1955 2937 2232 2990 Iirmantes

656 3021 921 3090 priorem,
945 3023 1210 3090 duplicem
1245 3022 1512 3077 habebant
1540 3025 1793 3078 invidiam
1832 3038 1884 3079 et
1913 3027 2230 3094 indiguatio-
2277 3035 2293 3043 ‘

659 3130 782 3168 netu
827 3125 880 3168 et
916 3118 1049 3168 iram
1093 3117 1355 3169 adversus
1398 3115 1615 3186 Ioseph.
1672 3117 1920 3174 Narravit
1977 3131 2028 3173 et
2086 3120 2226 3187 patri
2255 3149 2298 3206 ε

657 3206 950 3270 somnium,
985 3207 1109 3274 quia
1159 3208 1236 3260 sol
1279 3217 1333 3261 et
1370 3207 1492 3261 luua
1541 3218 1596 3261 et
1648 3210 1896 3262 undecim
1954 3210 2120 3264 stella
2167 3225 2227 3264 se

658 3298 961 3353 udorabaut
990 3299 1055 3352 ³⁸.
1090 3299 1269 3353 Solem
1306 3301 1524 3369 quidem
1569 3303 1618 3353 in
1680 3302 1798 3355 loco
1852 3305 2021 3371 patris
2070 3304 2230 3358 intel-

663 3387 787 3458 lige,
820 3387 998 3440 lunam
1027 3397 1204 3441 autem
1247 3389 1298 3442 in
1329 3390 1445 3442 loco
1480 3390 1688 3450 matris,
1720 3401 1774 3442 ct
1806 3402 2030 3444 caetera.
2070 3390 2230 3445 Vide-

662 3488 752 3533 tur
780 3480 1201 3546 reprebensibilc
1233 3494 1392 3545 esse;
1427 3481 1551 3548 quia
1591 3491 1762 3534 mater
1792 3480 1910 3548 ejus
1949 3497 2052 3534 non
2097 3481 2229 3534 vidit

659 3585 782 3623 eum
811 3568 863 3620 in
888 3567 1059 3638 gloria
1093 3587 1106 3620 :
1149 3569 1604 3636 quemadmodum
1656 3584 1787 3640 ergo
1817 3572 2106 3625 adoravit?
2138 3583 2228 3624 aut

656 3675 802 3714 nunc
841 3664 1100 3728 quaeritur
1133 3659 1283 3714 locus
1319 3661 1509 3714 matris
1537 3676 1697 3728 quem
1752 3662 1992 3729 implevit
2034 3662 2254 3730 conjus

663 3752 871 3821 patris?
896 3752 1064 3806 Simul
1098 3762 1275 3804 autem
1304 3753 1474 3822 magis
1510 3752 1678 3806 stellae
1707 3753 1981 3818 undecim,
2018 3754 2119 3807 hoc
2147 3765 2235 3808 est.

661 3842 911 3897 undecim
954 3843 1173 3897 fratres.
1233 3843 1394 3897 Forte
1425 3853 1605 3898 autem
1659 3845 1778 3898 ideo
1833 3859 1904 3900 ex
1953 3845 2226 3900 sideribus

660 3947 785 4003 quae
832 3935 884 3988 in
915 3936 1053 3989 coelo
1079 3945 1204 3988 sunt
1245 3936 1492 4003 apparuit
1539 3937 1831 4000 somnium,
1884 3945 1942 3988 ut
1990 3939 2226 4008 pretiosa

657 4025 1036 4080 ostenderetur
1067 4033 1345 4094 prosapies
1389 4028 1604 4096 generis
1630 4026 1764 4095 ejus.
1798 4029 2073 4083 Prmfectze
2105 4040 2228 4084 sunt

658 4118 842 4186 itaque
897 4118 1347 4186 prmdicationes;
1397 4118 1654 4185 praedicta
1704 4121 1848 4173 enim
1911 4130 2062 4184 sunt,
2111 4137 2229 4195 qua

654 4217 783 4264 sunt
809 4209 1058 4278 praedicta
1091 4208 1228 4279 (27).
1255 4208 1319 4263 Et
1351 4221 1478 4264 tunc
1503 4212 1734 4264 mittitur
1765 4227 1794 4266 a
1824 4223 1976 4281 patre
1998 4254 2015 4277 ,
2034 4214 2101 4267 de
2123 4230 2230 4282 quo

654 4308 710 4356 et
749 4301 1144 4369 pradictiouea.
1192 4299 1566 4356 Prmdiserunt
1609 4303 1752 4356 enim
1810 4306 2086 4373 prophetae
2127 4322 2142 4358 ε
2177 4314 2231 4363 et

667 4405 800 4447 tunc
847 4393 1045 4447 missus
1079 4405 1161 4447 est
1212 4391 1382 4448 Filius
1411 4411 1438 4447 a
1480 4395 1639 4449 Patre
1703 4395 1974 4451 Christus.
2029 4396 2226 4466 Ioseph

2340 549 2407 601 ad
2437 547 2805 617 propositum;
2841 555 2896 601 et
2932 544 3254 600 occidissent
3286 546 3497 614 utique,
3524 546 3633 600 nisi
3672 547 3771 615 qui
3802 563 3922 616 pro-

2349 641 2528 694 hibuit
2547 637 2698 694 lsaac
2723 653 2792 693 ne
2820 637 3184 700 occideretur,
3213 645 3272 689 ut
3299 652 3428 691 vero
3448 648 3772 692 servaretur
3791 654 3912 708 pas-

2339 733 2442 796 sio,
2468 728 2712 800 permisit
2737 739 2791 783 et
2817 727 2939 781 istic
2968 725 3175 780 firmam
3200 741 3320 781 esse
3344 726 3597 781 formam.
3647 727 3920 794 Quemad-

2338 823 2558 878 modum
2601 836 2731 892 ergo
2780 819 2954 876 forma
3002 820 3284 885 occiditur,
3331 829 3387 874 et
3437 837 3544 876 non
3586 822 3905 876 occiditur:

2338 924 2735 984 proposuerunt
2762 912 3009 966 occidere
3038 908 3258 976 Ioseph.
3305 909 3425 964 Iam
3459 913 3528 966 ad
3560 915 3902 983 propositum

2339 1002 2779 1058 interficientium
2808 1010 3050 1054 mortuus
3074 1008 3158 1053 est
3188 998 3384 1068 Ioseph
3413 1019 3426 1054 :
3458 1002 3582 1069 quia
3617 1011 3676 1056 et
3709 1016 3908 1073 propo-

2337 1095 2445 1150 sito
2471 1094 2702 1149 Abrahae
2732 1091 2948 1147 oblatus
2977 1091 3126 1146 lsaac
3170 1101 3290 1155 est,
3341 1101 3397 1145 et
3442 1092 3782 1149 immolatus.
3833 1091 3910 1148 Illi

2337 1197 2518 1242 autem
2551 1202 2656 1240 non
2688 1184 2861 1240 solum
2888 1199 2995 1241 non
3019 1194 3144 1238 sunt
3182 1184 3420 1238 contenti
3474 1185 3760 1254 proposito
3793 1199 3910 1248 suo,

2337 1280 2431 1334 sed
2463 1278 2794 1346 accipientes
2821 1290 2945 1332 eum
2977 1277 3120 1331 facto
3146 1277 3342 1344 impetu
3381 1275 3672 1331 voluerunt
3700 1277 3916 1347 quidem

2336 1371 2605 1432 occidere,
2633 1368 2835 1423 detenti
2862 1376 3043 1422 autem
3079 1369 3146 1422 ab
3180 1383 3296 1422 uno
3320 1377 3469 1432 sunt,
3497 1370 3591 1437 qui
3622 1370 3915 1440 propheta-

2340 1472 2493 1517 verat
2525 1461 2681 1516 fratri
2726 1479 2741 1514 :
2786 1470 2840 1516 et
2886 1460 3108 1515 mittunt
3136 1475 3258 1515 eum
3285 1462 3557 1516 viventem
3617 1461 3675 1516 in
3719 1462 3919 1526 lacum.

2338 1556 2738 1610 annuntiantes
2791 1553 2914 1622 quia
2960 1553 3115 1606 vivus
3167 1553 3442 1608 descendit
3487 1555 3540 1608 in
3595 1554 3783 1610 lacum
3831 1571 3922 1626 pro

2336 1649 2563 1703 mortuis
2581 1645 2855 1704 Christus.
2882 1643 3100 1698 liuidum
3117 1653 3294 1697 autem
3321 1643 3662 1711 occidentes,
3688 1648 3920 1701 tunicam

2333 1741 2528 1810 Ioseph
2563 1740 2774 1809 tingunt
2800 1738 2852 1791 in
2885 1737 3148 1806 sanguine
3188 1736 3346 1800 haedi,
3381 1746 3438 1789 ut
3468 1745 3625 1791 esset
3679 1737 3916 1806 suspicio

2335 1851 2430 1903 per
2477 1835 2814 1899 sanguinem,
2869 1840 2925 1884 ut
2955 1831 3094 1884 inter
3144 1839 3382 1884 mortuos
3416 1829 3554 1884 liber
3599 1830 3818 1886 vivens.
3857 1827 3910 1882 Ι

2334 1927 2449 1981 lucu
2478 1927 2658 1994 itaque
2690 1922 3008 1979 interfectus
3027 1933 3109 1977 cst
3124 1919 3344 1991 Ioseph;
3378 1923 3741 1992 coinquinata
3778 1924 3914 1977 enim

2335 2027 2454 2072 erat
2478 2011 2599 2084 'ejus
2633 2016 2810 2070 tunica
2843 2031 2875 2072 a
2914 2018 3200 2082 sanguine.
3231 2017 3362 2071 Erat
3408 2027 3598 2072 autem
3645 2019 3838 2073 vivens
3865 2021 3911 2072 i

2343 2111 2460 2165 lacu
2492 2121 2614 2178 post
2670 2107 3106 2165 interfectionem
3142 2124 3264 2179 qua:
3309 2111 3362 2163 in
3408 2109 3595 2164 tunica
3639 2109 3822 2164 fuerat
3847 2109 3920 2163 fa-

2333 2214 2442 2259 cta.
2477 2203 2787 2258 Transeunt
2829 2201 3047 2274 quidem
3081 2217 3113 2256 e
3155 2203 3432 2272 gentibus,
3489 2200 3699 2270 quibus
3737 2217 3918 2261 serva-

2334 2297 2494 2352 batur
2524 2297 2722 2351 bouum
2749 2296 2894 2364 quod
2917 2305 3036 2348 erat
3073 2295 3126 2348 in
3152 2296 3268 2349 lacu
3312 2314 3325 2348 :
3363 2304 3419 2349 et
3450 2303 3640 2348 movet
3673 2294 3792 2360 (28)
3817 2294 3918 2362 spi-

2336 2392 2440 2444 ritu
2471 2405 2633 2443 unum
2667 2404 2699 2443 e
2751 2387 3019 2442 fratribs
3069 2387 3352 2442 consolare
3397 2401 3557 2440 suum
3592 2400 3844 2441 errorem
3870 2396 3920 2438 et

2335 2484 2516 2537 dicere
2561 2499 2576 2539 :
2615 2499 2719 2536 non
2759 2481 3062 2537 occidamus
3113 2480 3354 2548 fratrem.
3405 2480 3699 2534 Amatores
3742 2489 3916 2532 autem

2332 2576 2683 2647 pecuniarum
2730 2574 2880 2628 fuere
2915 2583 2971 2627 et
3020 2571 3330 2628 Iudaeorum
3374 2581 3561 2640 patres
3605 2585 3624 2623 :
3661 2582 3719 2625 et
3760 2569 3916 2625 Iudas

2332 2665 2652 2720 consiliator
2686 2679 2910 2729 eorum;
2943 2672 2999 2716 et
3043 2663 3247 2721 diaere.
3281 2659 3405 2714 Non
3447 2660 3792 2722 occidamua,
3844 2660 3917 2712 in.

2332 2758 2472 2826 quit,
2497 2772 2636 2821 eunt,
2665 2755 2794 2826 quia
2822 2770 2930 2809 non
2959 2769 3148 2808 sumus
3175 2752 3300 2822 ejus
3326 2754 3493 2823 digni.
3539 2751 3662 2806 Non
3709 2759 3784 2805 sit
3827 2765 3916 2803 no-

2332 2849 2540 2902 biscum
2572 2848 2663 2916 qui
2698 2847 3018 2902 beneficium
3069 2846 3228 2902 nobis
3295 2845 3557 2914 impertit.
3591 2841 3917 2899 Distrabitur

2332 2941 2517 3006 itaque
2546 2938 2776 3008 Ioseph,
2807 2950 2862 2993 et
2921 2948 3130 2992 tantum
3182 2955 3212 2991 a
3273 2939 3750 3006 comparatoribus
3777 2939 3892 2990 arci

2344 3033 2494 3101 piunt
2530 3033 2784 3100 pretium,
2820 3040 3084 3100 quantum
3132 3031 3396 3084 dederunt
3429 3040 3482 3085 et
3530 3031 3805 3100 proditori
3833 3029 3919 3086 Iu-

2333 3125 2434 3186 dae,
2486 3135 2544 3176 ut
2573 3131 2626 3175 et
2682 3122 2914 3192 pretium
2971 3122 3300 3177 consentiret
3351 3133 3720 3178 sacramento.
3773 3121 3918 3178 Iuda

2332 3226 2511 3268 autem
2544 3221 2664 3267 erat
2698 3213 2978 3268 consilium
3009 3225 3066 3269 et
3119 3224 3247 3270 tunc
3293 3225 3351 3268 ut
3398 3225 3608 3269 tantum
3654 3216 3918 3270 distrahe-

2334 3317 2484 3359 retur
2513 3305 2731 3373 Ioseph.
2755 3304 2920 3361 Iudas
2948 3315 3126 3362 autem
3156 3317 3263 3372 est,
3310 3308 3401 3377 qui
3440 3319 3493 3363 et
3528 3308 3582 3361 in
3624 3309 3919 3378 Evangelia

2332 3396 2587 3450 distrahit
2627 3396 2875 3452 Domino.
2909 3399 3166 3452 Ascendit
3210 3414 3240 3452 e
3287 3400 3404 3453 lacu
3449 3401 3541 3468 qui
3579 3399 3698 3466 jam
3740 3401 3918 3455 fuerat

2329 3487 2646 3545 interfectus
2680 3503 2776 3557 per
2813 3491 3048 3542 tunicam
3087 3509 3101 3544 :
3136 3501 3190 3543 et
3232 3491 3284 3543 in
3337 3492 3452 3544 lacu
3504 3501 3730 3560 putatus
3776 3507 3918 3546 mor-

2331 3589 2497 3645 tuus,
2558 3581 2858 3652 ingreditur
2915 3581 3227 3653 Egyptum.
3292 3584 3356 3638 Et
3403 3587 3596 3638 iterum
3662 3584 3788 3640 istic
3830 3599 3918 3654 per

2327 3673 2596 3732 insomnia
2657 3683 2711 3728 et
2775 3674 3037 3730 visionem
3113 3676 3314 3729 adunat
3374 3677 3581 3731 fructus
3629 3677 3918 3731 alimonia:

2329 3765 2526 3818 mundo
2558 3785 2570 3818 :
2601 3773 2655 3817 et
2702 3779 2860 3834 quem
2909 3764 3299 3821 interfecerunt
3335 3766 3503 3821 Iudaei
3553 3778 3609 3821 et
3653 3770 3918 3824 distraxe-

2331 3865 2479 3916 runt,
2518 3857 2679 3908 istum
2723 3857 2954 3911 adorant
3002 3867 3192 3928 gentes
3247 3859 3374 3912 dtttn
3425 3870 3744 3927 pascuntur.
3806 3861 3916 3916 Non

2327 3946 2474 3998 enim
2505 3945 2791 4016 Egyptios
2830 3948 2975 4002 solos
3009 3951 3161 4016 pavit
3210 3949 3446 4017 Ioseph;
3497 3951 3590 4004 sed
3648 3965 3720 4004 ex
3769 3955 3914 4006 omni

2331 4039 2533 4093 mundo
2587 4037 2931 4093 confluebant
2980 4055 3172 4095 omnes
3224 4052 3414 4112 gentes
3463 4051 3518 4094 et
3573 4044 3795 4112 pupuli,
3852 4043 3916 4098 ad

2335 4128 2562 4183 formam
2629 4140 2814 4200 utpote
2862 4130 3074 4188 Domini
3123 4133 3273 4188 Iesu.
3329 4132 3528 4202 Ioseph
3577 4146 3761 4191 autem
3805 4135 3912 4205 jam

2329 4222 2585 4292 pascebat
2617 4221 2814 4280 fratres
2847 4227 3014 4294 ipsos,
3056 4227 3266 4282 scilicet
3290 4228 3380 4295 qui
3422 4243 3480 4282 se
3522 4227 3912 4295 distraxerant.

2330 4322 2383 4371 et
2407 4314 2636 4382 pretium
2668 4327 2994 4382 acceperunt
3031 4333 3212 4372 suum.
3242 4317 3426 4374 Gratis
3463 4319 3763 4390 accipiens,
3794 4336 3910 4393 gra-

2339 4407 2404 4460 tis
2437 4407 2612 4462 dabat.
2645 4407 2711 4462 Et
2742 4407 2815 4461 illi
2847 4410 3064 4477 quidem
3103 4408 3223 4477 ejus
3261 4421 3586 4479 acceperunt
3631 4413 3865 4481 pretium
3895 4429 3908 4465 :

657 4497 839 4542 autem
901 4487 1041 4542 filius
1092 4490 1340 4543 veniebat
1385 4505 1413 4544 a
1468 4489 1622 4560 longe
1668 4493 1737 4545 ad
1790 4491 1989 4548 fratres
2043 4493 2228 4547 frater.
2265 4489 2307 4544 ι)
2338 4499 2450 4566 ipse
2481 4508 2658 4552 autem
2686 4501 2848 4554 tritici
2879 4503 3111 4568 pretium
3139 4517 3244 4556 non
3277 4504 3498 4572 accepit.
3532 4503 3635 4559 Ubi
3667 4518 3909 4575 ergoeos

661 4578 830 4648 Magis
860 4589 1038 4632 autem
1073 4580 1140 4633 ad
1172 4595 1276 4635 non
1301 4580 1494 4636 fratres
1527 4582 1709 4637 frater.
1743 4584 1818 4637 Illi
1849 4597 2028 4643 antem
2048 4586 2232 4637 viden-

662 4681 744 4724 tes
771 4684 892 4723 eum
934 4685 960 4722 a
1020 4670 1177 4739 longe
1222 4672 1547 4735 venientem,
1583 4675 1856 4728 tlicuutea
1891 4691 2016 4742 quae
2060 4683 2117 4728 et
2177 4677 2228 4729 in

661 4761 948 4830 Evangelio
972 4763 1168 4831 scripta
1196 4771 1322 4814 sunt
1349 4777 1362 4813 :
1397 4763 1507 4816 Iste
1546 4776 1620 4819 est
1662 4767 1849 4830 laurea,
1879 4769 2043 4820 uenite
2095 4767 2232 4821 occi-

658 4856 843 4906 damus
878 4870 1017 4916 eum,
1069 4870 1114 4906 et
1151 4866 1328 4908 nostra
1359 4857 1460 4909 erit
1504 4855 1781 4910 hereditas
1814 4858 1880 4910 ".
1929 4859 2084 4922 Ecce,
2142 4860 2230 4913 ille

661 4948 854 5014 tuquit,
904 4948 1182 5000 soniniatot
1237 4950 1395 5012 venit,
1432 4952 1599 5002 venite
1645 4952 1944 5006 occidamus
1991 4968 2131 5016 eum,
2176 4963 2223 5011 et

660 5040 931 5090 mittamus
954 5039 1008 5090 in
1042 5056 1202 5094 unum
1233 5059 1259 5096 e
1283 5044 1412 5094 lacis
1437 5043 1504 5105 ⁸ο,
1534 5045 1916 5097 annuntiantes
1951 5044 2074 5112 quia
2121 5060 2225 5096 non

660 5129 834 5183 solum
893 5132 1266 5199 interficiatur,
1300 5138 1392 5188 sed
1433 5136 1740 5189 inferiorem
1770 5137 1941 5189 locum
1981 5137 2222 5191 habebit.

665 5223 725 5275 lit
754 5220 948 5289 Ioseph
980 5225 1194 5292 quidem
1246 5229 1723 5297 appmpinquavit:
1771 5232 2225 5299 appropinquavit

659 5314 725 5364 ad
756 5312 1013 5380 judicium
1040 5313 1296 5382 fratrum,
1324 5320 1396 5372 ad
1419 5321 1777 5375 visitationem
1812 5322 2071 5377 malorum
2100 5340 2113 5376 :
2150 5325 2224 5378 illi

739 5470 783 5500 ³⁸
813 5469 944 5524 Gen.
979 5487 1186 5532 xxxvii.
1215 5472 1270 5530 7.

665 5538 708 5572 δ’
751 5539 904 5594 Rom.
946 5555 1023 5603 ιιι,
1050 5542 1102 5594 5.

1376 5474 1418 5504 ’τ
1455 5475 1606 5538 ibid.,
1639 5476 1694 5530 8.

739 5694 855 5763 (‘27)
885 5694 1046 5777 Forte
1073 5696 1312 5779 perfecta:
1341 5714 1458 5751 sunt
1485 5701 1658 5779 itaque
1697 5705 2081 5772 praedictiones,
2099 5725 2210 5779 per:

664 5765 801 5835 [seta
823 5767 957 5820 enim
987 5777 1105 5821 sunt
1131 5783 1246 5836 qua'
1271 5779 1389 5822 sunt
1428 5765 1697 5826 iii-(edicta.

1782 5477 1826 5509 ια
1860 5479 2012 5546 ibid.,
2050 5480 2101 5536 9,
2181 5482 2224 5512 δ’
2253 5481 2437 5538 Illatib.
2475 5499 2583 5541 xxi.
2617 5481 2704 5537 58.

2337 4591 2425 4658 qui
2461 4589 2744 4646 aﬂi‘xcruut
2786 4593 2933 4646 cruci
2961 4601 3016 4646 et
3054 4591 3464 4658 distraxerunt,
3504 4595 3682 4663 pascit
3726 4593 3903 4649 Durni-

2336 4697 2436 4734 nus
2467 4679 2660 4737 Iesus?
2697 4683 2771 4740 Ea
2809 4684 2939 4753 ipsis
2979 4683 3168 4739 Petrus
3193 4695 3295 4747 est,
3321 4699 3386 4739 es
3423 4686 3558 4754 ipsis
3583 4696 3640 4741 et
3670 4686 3902 4752 Paulus.

2332 4782 2386 4825 et
2408 4772 2584 4825 caueri
2625 4769 2870 4843 apostoli.
2900 4775 2968 4830 Et
2997 4776 3189 4831 fratres
3213 4785 3272 4831 et
3293 4777 3517 4846 apostoli
3565 4777 3632 4831 ad
3678 4779 3894 4833 Paulum

2331 4865 2519 4918 dicunt
2548 4881 2561 4916 :
2595 4863 2825 4920 Intueris
2849 4907 2864 4932 ,
2898 4868 3094 4934 inquit,
3128 4879 3326 4938 quanta
3354 4870 3521 4922 millia
3551 4881 3678 4924 sunt
3719 4873 3771 4924 in
3810 4870 3903 4924 Ju-

2337 4960 2452 5016 dwn
2480 4962 2568 5030 qui
2603 4961 2939 5014 crediderunt
2959 4961 3044 5013 “?
3085 4961 3222 5026 Quid
3246 4976 3417 5017 autem
3447 4965 3494 5017 si
3525 4981 3628 5017 non
3669 4965 3891 5018 credide-

2336 5062 2456 5104 runt
2483 5053 2694 5122 quidam
2719 5052 3007 5121 ?'nunquid
3031 5053 3368 5108 incredulitas
3395 5070 3579 5108 eorum
3613 5057 3777 5125 ﬁdem
3807 5056 3900 5111 Dei

2334 5145 2645 5198 evucuavit?
2677 5143 2823 5198 Absit
2849 5156 3021 5198 autem
3061 5145 3126 5200 “.
3161 5146 3228 5201 Et
3270 5159 3620 5201 contumaces
3657 5148 3900 5201 volumus

2332 5236 2478 5302 pasci
2509 5252 2601 5303 per
2625 5235 2833 5288 Iesum.
2881 5237 3159 5291 Prohibuit
3200 5253 3294 5292 eos
3328 5239 3486 5293 idolis
3530 5239 3757 5292 servire.
3797 5241 3896 5293 Sed

2333 5343 2512 5381 sermo
2538 5330 2602 5381 ad
2634 5329 2907 5398 proposita
2926 5328 3165 5392 festinat,
3199 5340 3257 5384 ut
3294 5333 3546 5386 ostendat
3571 5339 3625 5386 et
3655 5329 3893 5384 dolorem

2794 5483 2837 5515 ”
2862 5483 2996 5539 Gen.
3035 5500 3241 5548 sum,
3274 5483 3366 5539 20.
3443 5487 3484 5518 δ’
3513 5488 3634 5542 Act.
3662 5501 3777 5552 xu.
3806 5484 3892 5542 N-

2393 5710 2507 5782 (28)
2552 5712 2776 5784 Spiritu.
2820 5713 2987 5773 Eorte
3017 5716 3258 5790 spiritus.
