4048 6322
206 358 348 418 Im
1344 356 1435 411 DE
1470 355 2073 414 RESURRECTIONE.
2127 386 2185 399 -
2221 356 2353 413 LIB.
2394 358 2437 413 l.
3325 359 3467 417 1088

198 475 395 545 Iacob,
426 488 484 534 et
514 478 642 550 quia
674 492 780 533 non
810 477 911 533 ista
935 477 1048 533 vita
1074 492 1202 548 spes
1238 485 1323 533 est
1352 477 1642 548 religiosis.
1670 476 1779 533 Pu-
1809 482 1855 539 Α
1886 494 1991 533 non
2033 478 2280 548 permisit
2306 492 2432 533 eum
2474 477 2620 533 Deus
2650 495 2664 532 :
2699 475 2891 532 habuit
2937 475 3218 532 solatium.
3267 474 3467 533 Dilexit

201 580 292 628 tas
341 578 519 643 potest
564 570 832 626 sustinere
900 571 1017 625 sine
1085 570 1340 641 lacrytnis
1396 570 1587 625 audire
1618 588 1631 624 :
1657 583 1781 623 cum
1883 570 2027 625 enim
2059 584 2182 625 eum
2217 570 2309 639 qui
2334 577 2561 634 emerat,
2585 583 2745 637 quem
2790 569 3020 623 oderant
3055 567 3280 625 fratres.
3327 566 3467 634 Quid

201 664 388 719 tunica
425 662 516 717 illa
552 661 815 732 sanguine
841 662 1007 716 tincta
1035 661 1089 714 in
1120 676 1279 715 manu
1310 659 1479 717 Jacob
1499 670 1585 715 est
1607 661 1781 729 posita
1882 664 2069 735 igitur.
2134 663 2259 719 istic
2304 672 2462 732 putas
2500 661 2829 717 obdormivit
2883 660 3129 715 invidia?
3167 668 3325 729 putas
3364 659 3466 714 de-

200 769 329 809 cum
366 768 500 809 voce
528 753 616 807 illa
645 752 921 807 conﬁcta?
948 751 1141 819 Istam,
1170 753 1365 822 inquit,
1391 754 1682 807 invenimus
1706 753 1776 818 ⁵³,

202 844 365 899 istam
390 842 656 912 sanguine
675 840 963 911 pollutam.
1002 856 1236 911 agnosce
1270 841 1424 911 cujus
1460 852 1547 897 est
1571 842 1775 907 tunica,

198 947 437 1002 agnosce
468 941 618 987 tuum
644 933 907 987 dolorem.
935 931 1101 989 Dolor
1128 934 1344 1002 quidem
1366 944 1489 988 erat
1511 936 1685 1003 patris
1711 935 1777 988 de

196 1034 413 1081 mortuo
437 1024 656 1096 Josepb.
685 1025 814 1080 Erat
841 1041 948 1080 non
975 1026 1233 1082 ferendus
1278 1026 1453 1091 dolor,
1504 1029 1631 1095 quia
1676 1040 1776 1083 nec

194 1126 327 1171 ante
377 1117 565 1171 oculos
616 1132 745 1173 suos
795 1106 1107 1173 decesserat
1144 1117 1288 1172 illius
1327 1118 1587 1172 :videtur
1627 1118 1771 1173 enim

194 1206 341 1262 istud
367 1207 621 1261 solatium
671 1222 792 1262 esse
839 1208 963 1276 quia
1012 1206 1184 1272 aﬂuit,
1244 1208 1372 1278 quia
1421 1209 1772 1262 novissimam

192 1298 317 1365 ejus
348 1314 535 1353 vocem
565 1299 826 1367 suscepit,
856 1298 982 1367 quia
1008 1308 1064 1353 et
1088 1299 1296 1353 dimisit
1337 1298 1387 1354 ei
1413 1300 1481 1353 ad
1522 1301 1773 1354 consola-

194 1392 398 1445 tionem
450 1390 695 1453 verbum,
731 1389 857 1459 quia
906 1387 1163 1459 reliquias
1199 1390 1320 1458 ejus
1372 1390 1771 1444 commendavit

191 1490 375 1536 terra.
408 1481 538 1534 Cum
574 1490 755 1535 autem
783 1489 1029 1534 mortuus
1052 1479 1216 1534 fuerit
1248 1480 1473 1553 Ioseph,
1507 1494 1769 1551 quantum

187 1574 261 1627 ad
288 1573 539 1627 nuntium
569 1581 873 1642 exspectat,
912 1584 1173 1643 quantum
1222 1574 1290 1629 ad
1338 1574 1765 1641 distractionem,

187 1676 245 1718 et
276 1665 541 1719 incertum
583 1663 655 1717 sit
676 1664 1030 1718 homicidium
1054 1672 1147 1718 aut
1179 1678 1350 1725 mors.
1381 1664 1551 1719 incisa
1585 1676 1763 1719 autem

186 1766 318 1811 sunt
344 1756 513 1825 patris
541 1756 769 1811 viscera.
806 1756 999 1811 Omnia
1045 1757 1376 1825 suspicatur,
1424 1758 1608 1813 omnia
1655 1760 1759 1814 sibi

1883 754 2065 824 spexit
2089 754 2334 809 diabolus
2350 754 2776 809 consolationem
2804 751 3003 822 Joseph
3021 752 3044 805 τ
3064 750 3306 805 Habebat
3332 764 3466 804 con-

1874 846 2058 916 jugem
2083 845 2371 916 Egyptius
2400 846 2446 877 “
2515 864 2527 899 :
2595 860 2693 915 per
2721 845 3005 899 mulierem
3032 843 3196 913 igitur
3220 840 3467 897 diabolus

1884 938 2249 994 machinatur.
2290 938 2563 1009 Diligitur,
2598 937 2791 1006 inquit,
2826 936 2999 991 bonus
3043 950 3151 990 non
3192 936 3351 989 bene.
3394 931 3465 987 Et

1874 1045 2003 1084 vere
2031 1043 2171 1083 nunc
2202 1028 2433 1083 incurrit
2471 1028 2523 1082 in
2558 1026 2727 1081 feram
2769 1024 2989 1095 Joseph,
3041 1033 3096 1079 et
3140 1024 3461 1093 llgmentum

1876 1120 2106 1175 fratrum
2134 1119 2391 1173 transivit
2412 1119 2478 1173 ad
2509 1126 2708 1172 actum.
2739 1116 2931 1170 Mulier
2966 1117 3242 1179 insistens,
3266 1113 3464 1168 mulier

1872 1212 2219 1280 semetipsam
2241 1210 2528 1276 decorans,
2556 1211 2621 1263 ad
2644 1209 2892 1276 laqueum
2913 1208 3091 1261 verbis
3109 1206 3355 1269 illiciens,
3383 1204 3431 1259 la

1871 1300 2212 1371 pidibus(32)
2244 1300 2501 1364 suadens,
2536 1301 2793 1354 odoribus
2817 1298 3056 1366 capiens,
3086 1306 3140 1352 et
3164 1297 3344 1351 varias
3367 1311 3461 1350 ve—

1869 1403 1985 1447 stes
2002 1402 2059 1445 nt
2080 1392 2214 1445 retia
2231 1391 2560 1459 expandens.
2584 1390 2650 1443 Et
2664 1390 2873 1443 intuere
2890 1388 3021 1441 mihi
3041 1387 3384 1457 peregrinum
3404 1393 3461 1439 et

1871 1482 2296 1537 adolescentem.
2324 1481 2541 1536 Intuere
2566 1496 2687 1536 eum
2712 1482 2802 1549 qui
2834 1496 2938 1534 non
2967 1480 3199 1533 habebat
3221 1491 3456 1547 patrem,

1869 1586 1976 1625 non
2009 1580 2239 1624 matrem
2274 1580 2616 1638 praesentem.
2658 1571 2869 1623 Intuere
2910 1570 3229 1623 distractum
3282 1581 3311 1619 a
3347 1564 3457 1619 fra-

1868 1664 2063 1727 tribus,
2090 1671 2144 1717 et
2170 1672 2356 1716 contra
2391 1662 2708 1732 dignitatem
2764 1661 3091 1715 servientem
3137 1658 3453 1725 ingenuum,

1865 1764 1919 1809 et
1948 1770 2155 1811 memor
2176 1763 2293 1810 esto
2333 1755 2621 1809 verborum
2651 1768 2769 1821 qua:
2793 1768 2822 1805 a
2851 1752 3078 1806 muliere
3125 1749 3457 1819 promeban-

184 1846 469 1911 describit,
507 1856 561 1903 et
616 1848 812 1902 multas
851 1857 1052 1903 mortes
1098 1863 1200 1917 pro
1241 1864 1348 1904 una
1393 1850 1657 1905 imitatur.
1698 1850 1757 1906 Si
1789 1832 1833 1887 Β
1867 1856 1975 1907 tur.
2004 1858 2059 1902 et
2095 1846 2186 1900 illa
2239 1847 2364 1901 ﬁcta
2414 1845 2658 1900 mulieris
2697 1844 3084 1899 blandimenta.
3139 1840 3355 1894 Intuere
3397 1845 3456 1893 et

180 1939 310 2008 quis
338 1940 569 1994 sustinet
609 1939 692 1993 vel
726 1941 968 1993 auditum
993 1979 1009 2003 ,
1055 1954 1163 1995 non
1209 1939 1384 1995 solum
1420 1943 1514 2011 qui
1553 1943 1757 2012 genuit,

182 2031 273 2085 vel
298 2031 389 2099 qui
420 2030 645 2097 audivit,
676 2032 858 2084 tunica
889 2032 1190 2100 composita
1239 2042 1294 2086 et
1340 2033 1541 2096 scissa;
1587 2033 1662 2088 ita
1698 2041 1761 2088 ut

179 2130 239 2176 et
268 2129 525 2191 parerent
554 2136 765 2175 morsus
788 2120 917 2176 fera:
944 2123 1191 2191 impressi
1224 2137 1321 2191 per
1350 2123 1608 2179 tunicam.
1639 2123 1761 2180 Uti-

182 2227 313 2267 nam
340 2212 628 2275 dixissent,
653 2213 778 2282 quia
804 2212 935 2267 etin
966 2212 1142 2268 lacum
1189 2214 1389 2269 cecidit
1428 2214 1712 2270 ambulans
1738 2232 1754 2270 :

177 2312 239 2357 et
262 2304 549 2358 videbatur
572 2304 883 2375 ﬁgmentum
932 2304 1233 2373 proximum
1283 2306 1496 2359 veritati
1541 2305 1754 2363 haberi.

180 2395 292 2450 Sed
330 2398 565 2466 suspecti
590 2409 716 2453 sunt
752 2413 820 2452 ne
850 2408 1220 2468 arguerentur.
1256 2400 1585 2468 Requirebat
1610 2402 1754 2457 enim

176 2486 250 2543 ab
271 2487 354 2543 eis
381 2489 647 2558 reliquias
679 2499 853 2558 pater.
896 2488 1191 2561 Suspectus
1222 2492 1398 2559 itaque
1438 2491 1607 2548 Jacob
1646 2503 1752 2559 est,

176 2578 309 2648 quia
336 2590 574 2635 mortuus
596 2590 678 2635 est
707 2579 904 2649 Joseph
930 2620 946 2645 ,
979 2589 1034 2637 et
1071 2596 1195 2636 esca
1229 2582 1404 2637 factus
1448 2593 1535 2638 est
1578 2583 1750 2639 feris:

176 2669 568 2725 nuntiaverunt
617 2670 759 2725 enim
803 2670 1041 2737 fratres,
1089 2674 1389 2728 testabatur
1446 2683 1503 2730 et
1547 2676 1750 2731 tunica.

175 2759 318 2827 Quis
346 2770 609 2830 portaret,
638 2762 760 2830 quis
781 2763 1074 2818 sustineret
1100 2778 1308 2818 memor
1326 2763 1469 2819 illius
1503 2764 1752 2835 Joseph?

173 2866 303 2905 cum
352 2860 497 2907 esset
554 2868 675 2906 cum
723 2862 880 2923 patre
953 2863 1244 2923 antequam
1313 2855 1749 2911 distraheretur?

1865 1940 2083 1994 divitias
2110 1937 2330 2008 Egypti
2378 1947 2627 1992 ostensas
2673 1951 2705 1990 a
2749 1935 3002 2003 conjuge,
3059 1930 3454 2002 promissiones

1865 2031 2131 2095 mulieris,
2160 2030 2439 2085 tristitiam
2468 2030 2620 2099 pueri
2650 2046 2664 2083 :
2703 2027 2857 2098 pueri
2897 2026 3225 2095 angustiam,
3255 2022 3452 2076 mulie-

1866 2123 1943 2177 ris
1971 2123 2392 2197 abundaittiam;
2426 2130 2746 2192 potestatem
2772 2120 2915 2174 enim
2957 2115 3193 2173 habebat
3219 2114 3447 2180 domus;

1863 2215 2234 2270 additamenta
2250 2212 2587 2267 tentationis.
2612 2212 2833 2266 Dicebat
2857 2210 3001 2265 enim
3026 2208 3223 2263 mulier
3244 2205 3446 2261 multa:

1862 2322 1968 2361 non
2001 2305 2257 2361 audiebat
2278 2313 2459 2360 autem
2487 2304 2734 2373 pudicus.
2768 2302 3104 2372 Depingebat
3126 2299 3229 2354 sibi
3261 2299 3451 2354 oculos

1860 2399 1952 2455 illa
1984 2418 1997 2455 :
2022 2399 2224 2469 Joseph
2251 2407 2432 2453 autem
2459 2412 2587 2452 suos
2615 2395 2925 2451 claudebat.
2978 2394 3069 2449 illa
3091 2409 3150 2449 se
3172 2392 3448 2462 lapidibus

1859 2487 2287 2546 coronabat:et
2338 2488 2430 2543 ille
2476 2501 2535 2542 se
2596 2501 2627 2540 a
2687 2485 2957 2556 lapidibus
3021 2500 3089 2539 ne
3147 2483 3449 2538 oll‘enderet

1859 2578 2233 2635 custodiebat.
2282 2578 2378 2632 llla
2428 2576 2828 2645 contorquebat
2876 2574 3103 2643 capillos
3165 2589 3295 2628 suos
3334 2591 3347 2626 :
3389 2580 3448 2627 et

1858 2672 1950 2727 ille
1970 2671 2184 2725 vitabat
2208 2678 2269 2723 ut
2290 2669 2525 2724 vincula.
2558 2668 2652 2723 llla
2684 2668 2840 2721 varia
2880 2668 3207 2721 vestimenta
3256 2665 3447 2719 uteba-

1858 2772 1984 2819 tur:
2017 2772 2072 2818 et
2111 2762 2201 2817 ille
2236 2762 2553 2817 intuebatur
2578 2761 2924 2829 opiﬁciorum
2960 2760 3302 2813 varietatem.
3354 2755 3446 2811 llla

1855 2853 2107 2909 movebat
2134 2854 2485 2923 thymiamata
2514 2854 2580 2907 ad
2603 2853 2825 2907 odorem
2855 2866 2869 2903 :
2908 2850 2996 2905 ille
3020 2860 3204 2903 autem
3221 2848 3446 2903 odorem

172 2942 363 2997 decem
404 2950 459 2997 et
479 2952 684 3011 septem
710 2944 868 2998 annis
906 2955 1024 2998 erat
1060 2945 1111 2999 ei
1143 2956 1409 3011 mortuus,
1464 2956 1521 3001 et
1562 2948 1748 3004 tunica
1853 2949 2128 3019 pudicitia:
2170 2949 2413 3003 odorans
2472 2948 2727 3001 domabat
2770 2960 2923 3001 suam
2974 2944 3442 3009 adolescentiam,

172 3032 538 3089 immortalem
573 3034 895 3104 suggerebat
923 3044 1175 3092 mortem.
1218 3036 1373 3093 Sicut
1408 3039 1553 3094 enim
1582 3040 1749 3096 mise-
1847 3042 2035 3111 junior
2068 3051 2332 3111 quantum
2358 3040 2426 3093 ad
2449 3048 2688 3105 aetatem,
2723 3038 2910 3093 senior
2941 3046 3123 3090 autem
3152 3033 3439 3104 sapientia.

172 3124 416 3180 τίωτάθε
461 3135 586 3179 sum
644 3136 866 3195 Palles.
916 3142 1302 3198 nonnunquam
1355 3140 1417 3183 υι
1481 3131 1749 3186 retineant
1779 3184 1818 3198 ,,
1853 3136 1985 3193 Cum
2017 3145 2196 3189 autem
2224 3149 2331 3187 non
2377 3130 2646 3185 valuisset
2682 3127 2929 3183 mulieris
2972 3126 3444 3190 blandimentum,

171 3218 375 3286 ﬁguras
401 3184 764 3289 ﬁliorum-per
794 3184 1003 3274 colores
1036 3184 1334 3291 depingunt
1359 3261 1375 3285 ,
1421 3184 1751 3293 easdemque
1775 3184 1820 3243 c
1850 3184 2599 3285 blandimentum
2640 3220 2705 3274 ad
2743 3222 2875 3272 vim.
2924 3216 3073 3273 Nova
3102 3215 3302 3285 quippe
3324 3184 3443 3268 tra;

170 3312 477 3369 recondunt
504 3313 555 3364 in
583 3311 854 3377 domibus,
883 3322 942 3365 ut
971 3321 1165 3381 putant
1192 3314 1412 3381 quidam
1445 3313 1512 3367 ad
1550 3328 1753 3368 conso-

170 3402 453 3457 lationem.
504 3401 819 3471 Eﬂlgiantur
854 3406 920 3457 ad
967 3405 1397 3459 admonitionem
1450 3406 1747 3460 dolorum:

170 3496 243 3549 ita
272 3506 328 3549 et
348 3495 531 3549 tunica
564 3496 653 3549 illa
677 3496 955 3550 recondita
987 3496 1156 3561 domi,
1203 3506 1259 3549 et
1295 3496 1501 3551 habens
1528 3496 1749 3566 sangui-

170 3602 296 3644 nem
325 3587 808 3645 inveterascentem
836 3603 942 3641 non
974 3587 1109 3641 haedi
1138 3595 1380 3656 putatum
1397 3588 1492 3642 sed
1526 3585 1745 3655 Joseph,

168 3690 223 3737 et
254 3697 468 3736 morsus
504 3682 784 3750 compositi
830 3679 943 3751 (29)
993 3689 1050 3736 et
1104 3679 1342 3750 impositi
1387 3678 1649 3746 terarum,
1693 3688 1751 3735 et

170 3775 273 3831 hoc
302 3773 626 3828 silvestrium
651 3814 667 3838 ,
701 3788 918 3842 semper
959 3770 1229 3827 faciebant
1272 3772 1515 3826 dolorem
1540 3770 1745 3828 Jacob:

168 3864 381 3925 videns,
405 3864 748 3927 condiscens,
776 3874 1004 3933 tangens
1027 3878 1243 3933 semper
1266 3864 1436 3918 ﬁlium
1468 3880 1568 3935 per
1598 3864 1747 3919 illam

171 3957 405 4011 tunicam
438 3955 550 4026 (50)
582 3976 594 4010 :
628 3966 852 4026 tangens
884 3969 1004 4009 eam
1027 3967 1083 4010 et
1106 3956 1280 4011 oculis
1318 3957 1529 4012 videns.
1575 3955 1643 4013 Et
1681 3973 1749 4012 ne

167 4049 290 4116 quis
317 4048 674 4117 reprehendat
715 4061 1021 4103 sermonem
1049 4090 1063 4113 ,
1099 4048 1225 4117 quia
1267 4048 1536 4102 dolentem
1574 4048 1747 4103 intro-

167 4138 531 4206 ducojnstum
562 4157 575 4193 :
605 4149 731 4193 sunt
775 4139 919 4194 enim
963 4150 1019 4194 et
1066 4142 1447 4196 misericordes
1488 4142 1745 4211 religiosi.

171 4228 305 4284 Nam
357 4239 413 4285 et
458 4232 765 4286 audivimus
819 4249 943 4288 eum
995 4233 1466 4290 dicenteln:Cum
1526 4253 1746 4303 omnes,

171 4322 366 4391 inquit,
411 4322 512 4390 ﬁlii
557 4334 603 4376 et
648 4324 774 4391 [ilice
826 4327 1171 4381 accessissent
1224 4337 1279 4380 tu
1349 4327 1749 4381 consolarentur

167 4429 306 4475 cum,
344 4428 445 4465 non
466 4416 686 4483 suscepit
706 4431 884 4469 eorum
912 4417 1327 4472 cumulationem
1352 4419 1427 4484 “;
1461 4434 1566 4473 non
1600 4420 1747 4473 sine-

1852 3322 2033 3393 gmdia
2062 3321 2115 3374 in
2142 3318 2320 3389 primo
2346 3316 2510 3369 iiebat
2538 3312 2742 3381 Josepli
2768 3352 2784 3376 ,
2838 3310 2983 3365 forte
3012 3318 3068 3363 et
3096 3308 3233 3363 solo.
3260 3306 3445 3377 Siqui-

1850 3414 1972 3467 dem
1995 3427 2023 3465 a
2058 3411 2193 3465 viris
2227 3410 2336 3462 vim
2370 3407 2485 3477 pati
2524 3404 2817 3469 mulieres,
2858 3412 3053 3456 natura
3097 3401 3213 3470 ipsa
3250 3398 3445 3455 mulie-

1851 3521 1971 3559 rum
2000 3502 2237 3558 suadet:
2274 3498 2475 3569 Joseph
2523 3506 2707 3551 autem
2764 3495 2914 3549 solus
2967 3506 2998 3547 a
3045 3493 3273 3547 muliere
3330 3489 3442 3545 vim

1849 3592 2256 3666 periclitabatur
2303 3591 2597 3646 sustinere.
2650 3587 2895 3641 Accessit
2938 3586 3083 3639 enim
3134 3583 3327 3637 mulier
3370 3582 3441 3636 ad

1850 3689 2272 3750 adolescentem,
2332 3683 2446 3739 sola
2500 3681 2567 3737 ad
2631 3681 2805 3735 solum
2840 3701 2849 3733 :
2885 3680 3166 3733 hominum
3220 3674 3441 3729 videbat

1850 3782 2046 3837 nullus.
2090 3780 2185 3834 Ille
2212 3787 2392 3831 autem
2424 3778 2516 3845 qui
2551 3775 2619 3828 ab
2649 3772 2960 3829 hominibus
2991 3784 3100 3825 non
3130 3768 3438 3833 videbatur,

1850 3873 2019 3928 Deum
2102 3868 2427 3926 invisibilem
2507 3865 2840 3921 intuebatur.
2921 3862 3255 3916 lmmittebat
3322 3856 3440 3911 fera

1849 3962 2079 4033 ungulas
2103 3976 2230 4016 suas
2280 3959 2351 4013 ad
2399 3958 2639 4012 tunicam
2694 3953 2919 4023 Ioseph.
2975 3953 3065 4007 llle
3113 3960 3293 4005 autem
3340 3948 3439 4018 qui

1850 4060 2207 4113 consueverat
2241 4050 2421 4107 tunica
2444 4048 2669 4112 salvari,
2705 4055 2760 4101 et
2784 4046 2875 4115 qui
2901 4044 3141 4098 tunicam
3173 4040 3439 4096 fratribus

1848 4145 2019 4209 dedit,
2044 4152 2098 4198 et
2124 4158 2155 4197 a
2183 4140 2503 4211 deceptione
2527 4137 2753 4193 fratrum
2776 4146 2863 4191 est
2892 4135 3177 4198 liberatus,
3218 4131 3442 4201 reliquit

1848 4248 1905 4294 et
1938 4250 2080 4291 nunc
2102 4235 2341 4290 tunicam
2367 4234 2421 4288 in
2454 4248 2615 4286 manu
2644 4228 2919 4293 mulieris,
2955 4234 3014 4279 ut
3052 4241 3159 4280 non
3199 4223 3440 4278 dimitte-

1850 4340 1933 4386 ret
1954 4343 2107 4385 suam
2134 4328 2369 4382 animam
2406 4325 2459 4380 in
2486 4324 2735 4379 manibus
2774 4320 3161 4391 impudicitiae:
3194 4326 3247 4373 et
3269 4316 3440 4372 exivit

1850 4423 2023 4477 nudus
2064 4436 2094 4475 a
2127 4421 2329 4485 tunica,
2373 4417 2631 4488 pudicitia
2680 4425 2861 4470 autem
2902 4413 3133 4466 amictus
3168 4425 3289 4476 sua,
3347 4408 3439 4463 illo

169 4506 259 4559 bat
289 4507 431 4561 enim
466 4508 646 4562 tunica
674 4513 937 4582 sanguine
982 4514 1170 4568 tincta.
1222 4514 1370 4569 Dixit
1414 4516 1557 4569 enim
1588 4530 1602 4569 :
1638 4516 1743 4570 Dc-
1778 4534 1825 4590 ι)
1854 4523 2041 4569 sancto
2061 4522 2117 4569 et
2146 4512 2342 4583 pudico
2370 4510 2689 4565 vestimento
2736 4507 2976 4561 indutus.
3030 4501 3222 4556 Mulier
3256 4509 3437 4554 autem

165 4601 410 4653 scendam
434 4603 501 4655 ad
532 4601 793 4669 infernum
814 4622 931 4659 cum
961 4606 1139 4661 dolore
1169 4609 1238 4661 ad
1258 4608 1431 4677 ﬁlium
1455 4609 1502 4641 “
1531 4628 1545 4663 τ
1575 4619 1756 4667 tantus
1855 4608 2045 4661 videns
2070 4606 2222 4676 pueri
2272 4600 2661 4666 constantiam,
2702 4610 2756 4655 et
2804 4596 3075 4669 pudicitia:
3130 4592 3435 4661 imperium,

168 4701 285 4746 erat
332 4694 503 4748 dolor.
542 4695 642 4751 Ubi
671 4711 801 4767 ergo
837 4699 1121 4766 promissio
1163 4702 1293 4755 est?
1335 4703 1487 4770 cujus
1520 4702 1752 4771 promis-
1850 4699 2101 4753 detinens
2138 4696 2376 4751 tunicam
2420 4695 2557 4763 ejus,
2605 4692 2749 4747 sicut
2796 4704 2959 4745 canes
3007 4688 3318 4742 irascuntur
3367 4684 3438 4737 ad

170 4784 373 4839 sionem
412 4787 683 4856 impletum
718 4791 855 4858 patri
907 4790 1121 4846 deﬂenti
1178 4802 1273 4846 aut
1306 4793 1416 4848 lilio
1456 4793 1749 4848 morienti?
1846 4791 2051 4861 lapides
2072 4788 2165 4859 qui
2196 4790 2263 4843 ad
2287 4803 2381 4843 eos
2410 4786 2615 4842 fuerint
2648 4785 2801 4840 missi
2833 4804 2845 4839 :
2874 4792 2930 4838 et
2957 4782 3100 4837 sicut
3122 4780 3438 4850 frequenter

169 4875 301 4931 Nam
328 4880 429 4931 etsi
459 4896 563 4934 non
590 4891 671 4936 est
698 4893 964 4947 mortuus,
1000 4892 1181 4939 tamen
1209 4886 1458 4939 timorem
1487 4894 1743 4954 expertus
1844 4884 2065 4955 quidam
2139 4880 2456 4950 effugientes
2526 4879 2731 4935 bestias
2764 4918 2777 4943 ,
2856 4885 3065 4947 partem
3127 4874 3435 4928 vestimenti

168 4978 251 5023 est
280 4972 491 5026 mortis.
546 4971 678 5026 Puta
730 4977 857 5042 quia
888 4992 994 5029 non
1042 4987 1126 5031 est
1158 4986 1447 5041 mortuus,
1500 4992 1607 5030 non
1660 4984 1748 5030 est
1838 4977 2131 5047 jactantes,
2186 4974 2393 5029 faciunt
2434 4988 2527 5027 eas
2578 4973 2715 5026 iram
2759 4972 2814 5025 in
2866 4979 3074 5040 partem
3130 4965 3433 5021 vestimenti

168 5060 478 5141 distractus,
525 5079 629 5117 non
684 5068 918 5121 serviit?
967 5069 1057 5123 ille
1107 5068 1237 5138 quia
1294 5070 1346 5125 in
1412 5071 1532 5126 sinu
1593 5071 1742 5123 lusus
1843 5070 2113 5137 deponere
2138 5081 2289 5120 suam
2330 5067 2447 5121 :ita
2467 5065 2553 5119 illa
2580 5064 2699 5129 lea,
2730 5073 2823 5118 aut
2849 5064 2952 5117 alia
2976 5062 3219 5132 quzedam
3263 5058 3435 5113 bestia

169 5155 334 5219 patris
360 5154 470 5222 (51)
503 5171 686 5225 agens,
727 5174 833 5211 non
861 5160 1182 5214 mittebatur
1226 5161 1397 5225 foras,
1441 5177 1585 5215 nunc
1627 5175 1744 5215 ser-
1843 5162 1983 5225 dira,
2003 5161 2241 5214 tunicam
2265 5158 2444 5228 pudici
2471 5158 2766 5227 accipiens,
2790 5167 2843 5210 et
2866 5156 3114 5209 manibus
3140 5165 3194 5208 et
3220 5152 3435 5223 ungulis

172 5243 261 5296 vit.
297 5243 479 5297 Servit
509 5256 711 5311 autem,
748 5256 802 5300 et
827 5254 1141 5304 servitutem
1187 5249 1590 5321 .‘Egyptiorum.
1630 5250 1737 5306 Sed
1844 5252 2313 5323 comprehendens
2337 5259 2394 5307 et
2419 5260 2631 5317 tenens,
2660 5260 2717 5306 et
2746 5251 2998 5306 scindens
3022 5248 3257 5304 undioue
3287 5261 3435 5301 com-

238 5445 284 5478 "
308 5442 443 5501 Gen.
480 5462 679 5509 xxxvii,
714 5446 802 5501 52.
878 5447 925 5478 ιδ
953 5448 1081 5502 ibid.
1129 5450 1220 5503 '55.
1294 5450 1491 5506 “ibid.
1554 5452 1611 5483 ⁸³⁸
1651 5452 1788 5508 Gen.
1826 5467 2019 5517 xxxix,
2068 5451 2122 5505 7.

1914 5646 2027 5728 (51)
2061 5656 2125 5728 In
2168 5658 2285 5711 sinu
2308 5662 2453 5711 lusus
2477 5660 2665 5721 patris.
2706 5659 2810 5712 Pro
2841 5661 2892 5712 in
2928 5661 3043 5712 sinu
3073 5662 3239 5725 patris
3274 5659 3422 5717 lastis

1842 5726 2022 5797 agens.
2055 5726 2227 5797 Supra
2253 5744 2374 5797 pag.
2414 5728 2535 5783 485.
2574 5744 2626 5781 a.
2660 5728 2788 5781 Post
2813 5731 2981 5796 futuri
3011 5740 3130 5783 sunt
3160 5742 3237 5792 ts.

1912 5795 2024 5871 (32)
2058 5795 2367 5873 Lapidibtts,
2401 5800 2452 5855 id
2479 5810 2596 5865 est,
2633 5795 2865 5865 qemntt's.

239 5645 350 5719 (29)
404 5647 608 5702 Marsus
662 5652 949 5719 compositi.
992 5652 1264 5711 liorsuum
1308 5668 1447 5714 nota:
1491 5657 1733 5717 confictae

174 5716 235 5768 ad
267 5717 552 5771 rallendum
579 5716 803 5786 patrem.

241 5786 347 5859 (30)
380 5788 476 5845 Ms.
513 5787 615 5844 Per
652 5792 796 5849 illam
834 5792 1074 5865 alutam
1110 5798 1357 5863 tunicam.
