4048 6322
1283 339 1554 398 EUSEB“
1591 339 2070 398 MSARIENSIS
2107 342 2223 397 οιιι

2324 345 2477 398 Ἀιιδ
2515 347 2603 398 IV.
2642 372 2716 384 -
2751 348 3169 402 WblA’l'lLA.

641 465 878 536 ponebat
918 461 1106 516 falsam
1149 462 1582 517 adinventionem
1630 475 1782 517 suam
1809 463 2007 534 pudico
2045 462 2215 515 ascri-
2245 465 2290 522 Α
2320 469 2446 517 sunt
2465 475 2495 515 a
2526 463 2947 518 resurrectione.
2981 463 3047 518 Et
3067 465 3313 520 videmur
3331 469 3546 538 quidem
3575 473 3900 539 protrahere

643 559 798 618 hens,
826 563 880 609 et
905 555 1201 610 bonrstiam
1227 554 1343 624 (53)
1371 556 1436 608 ad
1453 570 1512 609 se
1534 554 1881 611 transferens.
1917 553 2211 624 Impudenti

640 649 788 702 enim
817 647 1016 702 clamat
1036 662 1185 710 voce.
1209 660 1261 701 et
1277 659 1540 703 convocat
1562 651 1819 703 advenas
1841 663 1900 703 se
1923 648 2218 702 convictio-

639 755 768 794 nem
795 751 849 794 et
882 741 1010 795 dicit
1047 758 1061 796 :
1096 741 1297 805 Venite,
1353 740 1561 810 inquit,
1609 752 1657 795 et
1692 741 1855 794 uidete
1879 754 1900 793 :
1925 740 2216 792 introduxit

639 848 862 901 purum
897 830 1171 885 Hebreum
1205 832 1271 884 ".
1301 829 1510 886 Dicitur
1535 832 1867 901 ingenuitas,
1919 840 1976 884 ut
2030 830 2218 884 illudat

643 936 746 975 nos
775 940 787 974 :
814 923 1191 988 snliiugressus
1214 933 1294 976 est
1329 923 1482 986 mihi,
1517 923 1700 976 volens
1727 922 1831 974 vim
1866 921 2062 976 facere.
2109 921 2217 975 Pu-

647 1024 730 1068 tas
757 1030 860 1068 non
888 1014 1107 1068 offendit
1137 1017 1314 1078 lingua
1353 1016 1714 1085 impudentis?
1747 1015 2000 1070 Miramur
2034 1017 2080 1070 si
2111 1031 2214 1070 non

641 1119 731 1161 est
761 1118 993 1161 mutatus
1032 1110 1148 1174 ejus
1181 1111 1367 1165 color?
1416 1108 1753 1164 Conscientia
1788 1109 1954 1174 enim,
2002 1109 2216 1164 etiamsi

641 1203 877 1254 occultat
936 1203 1175 1268 iactum,
1227 1211 1404 1256 tamen
1455 1217 1549 1269 per
1600 1202 1775 1256 vultus
1825 1219 1920 1256 sua
1972 1204 2219 1268 producit

646 1294 888 1360 vestigia.
923 1293 1239 1347 Confo-rebat
1281 1305 1456 1347 autem
1485 1295 1548 1345 ad
1580 1295 1889 1362 figmentum
1918 1297 2066 1349 color
2098 1295 2221 1348 imi-

644 1394 794 1439 tatus
845 1386 978 1456 (δι).
1013 1369 1320 1443 .Videbatur
1372 1387 1515 1440 enim
1567 1387 1632 1439 ad
1661 1387 1772 1439 vim
1829 1401 1950 1440 esse
2006 1388 2216 1450 durata,

645 1493 808 1546 quam
838 1479 950 1548 ipsa
978 1481 1191 1547 quidem
1217 1479 1442 1541 fecerat,
1474 1494 1688 1546 passam
1717 1489 1896 1535 autem
1937 1495 1994 1535 se
2020 1478 2221 1536 conlin-

644 1573 826 1641 geltat.
851 1570 1224 1641 Subingressus
1247 1581 1321 1625 est
1351 1574 1498 1634 mihi,
1541 1573 1713 1642 inquit
1748 1573 2050 1640 impudens.
2081 1570 2220 1627 Sub-

648 1666 922 1733 ingressus
969 1677 1051 1719 est
1108 1666 1236 1719 mihi
1286 1666 1434 1730 dicit,
1463 1681 1582 1735 quze
1615 1666 1959 1736 subiugi-esea
1999 1674 2118 1731 est;
2171 1673 2219 1718 et

643 1758 956 1823 clamavi“,
985 1760 1078 1812 ait.
1124 1758 1187 1812 Et
1211 1769 1359 1813 certe
1412 1775 1519 1814 non
1577 1758 1838 1819 clamasti.
1882 1761 1984 1813 nisi
2035 1770 2218 1830 postea

649 1864 807 1914 quam
831 1865 1078 1914 egressus
1103 1859 1186 1906 est
1213 1851 1523 1906 adolescens
1558 1870 1572 1905 ι
1605 1863 1654 1906 et
1696 1853 1929 1920 reliquit,
1951 1854 2046 1916 ait,
2071 1869 2220 1906 suam

647 1944 901 2008 tunicam,
932 1954 980 1997 et
1003 1944 1138 2014 fugit
1162 1945 1229 2000 ⁸⁸.
1258 1947 1320 1999 Et
1357 1954 1505 1999 certe
1534 1961 1636 1998 non
1679 1954 1763 2000 est
1805 1947 1910 1999 vim
1955 1947 2220 2009 facientis,

647 2041 706 2086 ut
738 2035 999 2104 relinquat
1025 2052 1179 2091 suam
1203 2038 1460 2092 tunicam.
1494 2034 1571 2090 Ad
1607 2037 2000 2092 convictionem
2041 2051 2223 2107 super-

644 2127 792 2180 venit
824 2139 873 2182 et
904 2127 1156 2183 dominus
1182 2130 1390 2192 dooms,
1414 2129 1503 2199 qui
1532 2144 1746 2184 omnem
1791 2130 2010 2184 domum
2041 2132 2220 2187 credi-

642 2216 801 2272 derat
826 2217 1044 2286 Ioseph.
1075 2222 1459 2276 A‘cceditznea
1495 2222 1671 2278 fronte
1703 2222 1918 2289 mulier,
1945 2233 1998 2281 et
2028 2225 2222 2278 iterum

646 2312 842 2380 repetit
908 2311 1218 2382 figmentum
1257 2316 1401 2384 quod
1456 2313 1628 2369 fuerat
1692 2317 1945 2372 meditata
1993 2335 2008 2372 :
2048 2317 2224 2389 lacry-

647 2416 908 2471 mansque
937 2416 991 2459 et
1017 2403 1238 2468 deﬂens,
1274 2417 1366 2459 aut
1395 2407 1518 2476 quia
1574 2423 1680 2461 non
1730 2411 1906 2478 potuit
1959 2410 2223 2471 obtinere.

643 2505 738 2549 aut
766 2498 890 2566 quia
915 2509 1219 2568 contempta
1243 2508 1348 2561 est,
1381 2510 1470 2552 aut
1499 2501 1622 2568 quia
1674 2517 1779 2555 non
1816 2501 2064 2556 manibus
2099 2517 2222 2556 eum

647 2585 754 2654 iam
791 2587 1126 2657 prmfocavit.
1179 2590 1513 2645 Desiderium
1559 2592 1702 2644 enim
1744 2602 2106 2660 contemptum
2156 2594 2222 2646 ad

645 2677 782 2733 iram
811 2682 1159 2737 convertitur.
1199 2682 1334 2749 Quid
1373 2681 1606 2749 igiturin
1644 2683 1727 2737 his
1746 2684 1965 2752 agitur?
1989 2682 2222 2740 Pudictts

646 2779 937 2824 accusatur
965 2771 1031 2823 ab
1063 2771 1347 2840 impudica.
1391 2771 1504 2827 Non
1531 2773 1743 2826 miraris
1767 2774 1890 2844 quia
1919 2789 2022 2829 nou
2047 2777 2222 2829 statim

645 2875 930 2928 aggressus
967 2873 1049 2917 est
1082 2864 1182 2925 vir.
1229 2873 1284 2918 et
1315 2865 1414 2918 hoc
1450 2863 1732 2936 Egyptius
1779 2867 1966 2922 calida:
2015 2878 2224 2922 natura:

647 2952 809 3006 homo
833 2963 884 3007 et
925 2952 1024 3008 loci
1063 2955 1284 3011 laniavit
1306 2955 1700 3010 adolescentem
1730 2972 1745 3012 :
1776 2958 1820 3013 si
1841 2958 2059 3027 quidem
2089 2969 2222 3013 aetas

648 3040 810 3096 habet
830 3041 1210 3110 suspicionem,
1244 3054 1298 3098 et
1331 3061 1451 3115 qnte
1473 3046 1697 3100 voeabat
1724 3058 1779 3101 et
1815 3050 2132 3112 accusabat,
2170 3059 2223 3103 et

2320 559 2609 606 tractatum
2642 553 2734 606 diu
2765 553 2868 608 hoc
2887 566 3210 623 exposcente
3241 567 3298 612 et
3332 569 3598 614 maturam
3638 561 3898 617 refectio-

2317 660 2442 700 nem
2472 655 2679 700 tenere.
2713 643 2820 700 Sed
2847 644 2988 700 forte
3027 661 3124 701 nec
3153 648 3432 704 immorari
3468 662 3552 705 est
3573 651 3646 705 ad
3685 656 3900 719 otium;

2317 743 2532 804 oportet
2570 736 2719 790 enim
2768 744 3082 790 constantes
3129 735 3243 791 lleri
3284 738 3349 792 ad
3406 753 3669 810 mortem,
3723 753 3786 798 et
3830 744 3905 800 ita

2321 829 2466 883 reﬁci
2489 830 2650 884 escis.
2685 826 2997 883 Eﬂiciamur
3025 830 3188 900 igitur
3217 840 3273 884 et
3306 847 3405 886 nos
3431 835 3616 902 medii,
3641 845 3700 889 et
3724 850 3907 902 mue

2317 932 2468 978 extra
2503 935 2812 977 mensuram
2842 920 3225 989 protendamus
3246 936 3554 977 sermonem
3582 942 3599 978 :
3629 939 3737 980 non
3773 925 3906 978 sinit

2317 1015 2463 1069 enim
2498 1022 2710 1082 tempus
2741 1030 2756 1067 :
2784 1029 2960 1084 neque
3003 1014 3194 1068 iterum
3240 1013 3396 1069 valde
3447 1015 3800 1086 colligamus,
3851 1028 3908 1072 ut

2321 1107 2568 1161 fruamur
2587 1117 2642 1161 et
2676 1105 2988 1162 festivitate.
3025 1107 3091 1161 Et
3120 1107 3242 1176 quia
3270 1122 3367 1160 nos
3387 1121 3452 1160 ex
3485 1108 3670 1161 anima
3699 1119 3761 1163 et
3784 1123 3905 1164 ωτι

2319 1215 2449 1270 pore
2473 1214 2659 1253 sumus
2681 1199 2988 1267 compositi,
3030 1214 3314 1269 pascamus
3343 1199 3583 1254 animam
3626 1202 3906 1258 mensuris

2321 1293 2574 1360 propriis,
2606 1301 2663 1345 ut
2711 1302 2766 1346 et
2807 1292 2920 1359 ipsa
2961 1292 3176 1347 reficiat
3204 1307 3433 1362 corpora
3482 1310 3512 1347 ιι
3567 1295 3904 1349 constantia.

2322 1385 2428 1439 Sed
2451 1386 2576 1454 quid
2600 1384 2803 1438 vultis?
2832 1385 3165 1438 dimittemus
3186 1382 3381 1454 Ioseph
3408 1387 3459 1440 in
3484 1401 3777 1442 carcerem
3796 1388 3822 1441 ?
3856 1395 3909 1444 et

2321 1490 2478 1543 quem
2513 1476 2653 1530 Deus
2687 1489 2791 1529 non
2824 1475 3041 1544 reliquit
3101 1475 3152 1527 in
3199 1489 3448 1540 carcere,
3499 1493 3601 1533 nos
3656 1494 3910 1535 sermone

2325 1567 2607 1634 piugentes
2633 1565 2996 1630 relinquemus
3020 1563 3274 1632 ligatum?
3300 1564 3360 1618 Et
3376 1569 3498 1635 quis
3523 1571 3908 1626 adhortabitur

2324 1657 2636 1727 pudicitiam
2679 1658 2940 1713 studere?
2989 1661 3110 1729 quis
3143 1673 3325 1714 autem
3365 1663 3571 1717 amabit
3617 1665 3909 1720 contineo-

2326 1751 2478 1812 tiam,
2532 1750 2718 1803 videns
2771 1753 2824 1804 in
2869 1767 3088 1809 carcere
3153 1755 3464 1812 derelictum
3533 1755 3792 1827 Ioseph?
3848 1757 3911 1814 Et

2327 1848 2472 1895 certe
2499 1841 2543 1894 si
2570 1842 2902 1910 relinquatur
2937 1842 3137 1914 Ioseph
3177 1848 3230 1901 in
3262 1863 3502 1913 carcere,
3555 1859 3612 1904 et
3663 1860 3920 1906 mortuus

2326 1928 2488 1984 fuerit
2522 1945 2642 1982 cum
2687 1933 2969 2000 pudicitia,
3008 1950 3134 2003 spes
3185 1941 3602 1996 resurrectionis
3652 1957 3767 1997 non
3805 1943 3910 1997 cir-

2325 2021 2640 2076 cumscribit
2665 2035 2840 2091 spem.
2879 2023 2986 2079 Sed
3024 2026 3151 2094 quia
3197 2042 3301 2083 non
3349 2029 3557 2086 dimisit
3599 2047 3732 2087 eum
3775 2033 3916 2088 Deus

2328 2109 2379 2162 in
2446 2124 2694 2174 carcere,
2745 2111 2917 2168 simus
2971 2115 3273 2183 patientes.
3324 2127 3381 2173 et
3448 2120 3744 2176 audiamus
3798 2121 3911 2191 ejus

2325 2219 2622 2272 egressum.
2675 2204 2898 2264 Etcum
2938 2209 3027 2265 ille
3053 2210 3217 2266 fuerit
3244 2213 3498 2278 emissus,
3547 2225 3682 2271 tunc
3711 2227 3770 2270 et
3816 2232 3913 2272 uos

2328 2298 2666 2354 dimittamnr
2697 2315 2821 2355 cum
2855 2316 2942 2357 eo.
2976 2299 3171 2373 Ioseph
3226 2305 3388 2374 igitur
3414 2316 3531 2360 erat
3579 2308 3636 2361 in
3684 2324 3912 2365 carcere

2327 2392 2534 2448 habens
2571 2393 2795 2449 delicias
2839 2409 2908 2449 ex
2961 2397 3218 2453 uberibus
3265 2400 3569 2466 pudicitia,
3621 2401 3916 2456 honestate

2329 2485 2578 2549 indutus,
2631 2486 2863 2557 diligens
2911 2488 3082 2554 magis
3122 2504 3396 2544 carcerem
3446 2507 3608 2560 quam
3664 2506 3908 2549 amorem

2327 2575 2469 2631 illius
2515 2575 2722 2646 bestiae,
2764 2588 3062 2636 amatorem
3107 2581 3334 2638 fetorem
3377 2583 3502 2638 frui.
3556 2586 3726 2642 Istum
3765 2592 3906 2645 enim

2325 2663 2744 2736 prahonorabat
2791 2675 3104 2743 unguentis.
3159 2677 3254 2729 Ast
3307 2676 3530 2745 pmlicns
3570 2680 3911 2748 amplectens

2327 2760 2542 2814 vincula
2599 2763 2791 2832 magis,
2834 2765 2997 2833 qua‘m
3053 2771 3302 2819 ornatum
3360 2764 3669 2837 Egyptian
3719 2786 3910 2826 amans

2323 2851 2608 2906 nemorum
2647 2855 2902 2910 tenebras
2948 2868 3171 2927 propter
3199 2858 3376 2915 iumen
3407 2864 3600 2916 anime
3628 2878 3644 2927 ;
3680 2863 3910 2920 libenter

2327 2942 2557 2998 audiens
2584 2946 2818 3014 gemitus
2856 2949 3128 3015 carceris,
3158 2966 3318 3016 quam
3361 2953 3550 3009 videns
3604 2953 3821 3026 lapides
3857 2955 3908 3011 ia

2326 3031 2601 3086 luxuriosa
2638 3033 2816 3089 fronte
2868 3046 2923 3092 et
2958 3037 3254 3094 immunda.
3308 3039 3408 3097 Ubi
3444 3058 3576 3114 ergo
3609 3055 3740 3099 sunt
3771 3061 3912 3115 prr-

646 3133 738 3198 qui
779 3135 845 3188 ad
872 3149 1056 3188 vocem
1086 3137 1200 3203 ejus
1226 3148 1603 3200 cucurrerunt,
1651 3150 1704 3192 et
1734 3141 1912 3192 tunica
1946 3156 2064 3208 qua:
2097 3142 2223 3195 reti-

2327 3123 2593 3179 dictiones
2615 3124 2640 3177 ?
2662 3124 2778 3180 Noli
2809 3141 3124 3198 pmperare,
3157 3142 3210 3187 et
3239 3134 3444 3189 audies.
3480 3135 3747 3192 Irascitur
3763 3137 3904 3193 Pba-

651 3225 898 3291 nebatnr,
960 3229 1210 3282 movebat
1259 3229 1531 3282 dominum
1573 3231 1637 3284 ad
1679 3233 2121 3300 indignationem,
2169 3245 2221 3289 et

648 3315 828 3371 honor
852 3317 942 3384 qui
980 3328 1098 3372 erat
1138 3321 1296 3374 datus
1321 3321 1368 3373 ei
1395 3321 1489 3391 qui
1541 3321 1718 3375 fuerat
1769 3325 2076 3380 distractus.
2117 3325 2226 3380 Mo-

648 3405 808 3460 vebat
841 3417 1018 3462 autem
1056 3417 1110 3462 et
1149 3411 1508 3480 suspicionem
1553 3413 1914 3480 pulchritudo.
1973 3415 2036 3470 Et
2081 3426 2223 3470 tanta

646 3499 868 3568 quidem
899 3510 1056 3554 erant
1079 3516 1199 3566 qua
1223 3505 1288 3556 ad
1323 3504 1479 3558 fidem
1505 3507 1889 3574 provocabunt.
1922 3506 2228 3563 Suﬂlciebat

654 3599 840 3644 autem
877 3591 943 3645 ad
991 3593 1174 3661 operis
1221 3594 1606 3649 dubitationem
1651 3597 1799 3664 pueri
1851 3600 2113 3666 sapientia
2171 3609 2227 3654 et

644 3679 1008 3752 pulchritudo.
1071 3682 1180 3736 Cur
1235 3685 1377 3737 enim
1443 3699 1565 3739 eum
1634 3701 1740 3740 non
1802 3688 1983 3740 statim
2040 3688 2225 3758 dispa-

651 3773 791 3827 ravit
813 3773 968 3844 (35)?
989 3775 1112 3843 quia
1153 3775 1354 3829 sciebat
1380 3777 1530 3845 pueri
1564 3790 1740 3832 mores
1772 3795 1785 3831 :
1814 3779 2020 3834 medius
2043 3790 2222 3834 autem

648 3860 825 3918 factus
851 3865 970 3919 ildei
1007 3875 1061 3920 et
1103 3866 1463 3919 incredulitati
1492 3867 1788 3932 tlilatt'tavil,
1837 3872 1928 3923 sed
1975 3871 2226 3927 dubitans

651 3967 759 4008 non
793 3954 1105 4024 disparavit.
1141 3956 1205 4010 Et
1227 3958 1444 4026 quidem
1480 3957 1652 4026 ipsum
1678 3960 1800 4027 quia
1836 3977 1940 4016 non
1978 3965 2224 4025 credidit,

650 4046 719 4098 ad
743 4060 1015 4101 carcerem
1049 4049 1198 4103 misit
1224 4063 1238 4101 :
1262 4049 1351 4118 qui
1379 4060 1430 4104 et
1453 4063 1736 4120 susceptus
1763 4063 1871 4108 est.
1906 4052 2035 4119 Quae
2065 4055 2228 4123 igitur

651 4137 1112 4193 dinumerabimus
1138 4139 1382 4212 Ioseph?
1423 4140 1617 4195 bonam
1647 4145 1766 4213 ejus
1793 4146 2223 4201 interfectionem

648 4229 765 4302 (56)
789 4233 1029 4286 dicemus
1056 4250 1070 4286 ε
1097 4245 1184 4285 aut
1219 4234 1415 4287 bonam
1451 4232 1808 4301 jactationem
1843 4239 1892 4290 in
1937 4238 2087 4303 lacu;
2130 4241 2224 4294 sed

651 4320 1080 4387 distractionem,
1105 4324 1198 4378 sed
1233 4323 1584 4392 servitutem;
1612 4336 1735 4395 post
1763 4329 1876 4382 haec
1913 4328 2008 4384 sed
2040 4345 2228 4384 essur-

649 4417 944 4469 rectioucm
975 4415 1219 4472 mulieris
1263 4419 1578 4502 impudicae:
1620 4421 1713 4474 sed
1761 4420 1959 4475 factam
2016 4424 2222 4478 calum-

2329 3253 2425 3291 rao
2448 3238 2655 3293 duobus
2687 3239 2870 3309 pueris
2899 3239 3014 3295 suis
3041 3244 3266 3298 summis
3304 3259 3336 3299 e
3371 3246 3680 3302 ministerio
3704 3247 3777 3312 ’⁸.
3802 3249 3907 3307 ira-

2329 3337 2414 3382 tus
2449 3339 2535 3384 est
2567 3329 2794 3396 Pharao,
2840 3332 2968 3400 quia
3025 3336 3294 3404 prapitius
3339 3349 3460 3391 erat
3489 3336 3691 3411 Ioseph
3745 3341 3906 3399 Deus.

2325 3418 2611 3475 Mittuntur
2639 3421 2704 3475 ad
2743 3437 3039 3490 carcerem,
3065 3437 3118 3480 et
3146 3426 3304 3481 simul
3340 3445 3463 3484 cum
3493 3429 3702 3501 Ioseph
3731 3435 3905 3490 reclu-

2327 3512 2545 3564 duntur.
2570 3510 2768 3581 Ioseph
2803 3523 2983 3569 autem
3013 3525 3066 3569 et
3098 3517 3152 3569 in
3181 3531 3400 3574 carcere
3437 3529 3492 3574 et
3538 3521 3665 3579 istic
3710 3524 3904 3583 ﬁdelis.

2327 3599 2482 3653 Sicut
2534 3599 2680 3654 enim
2736 3601 3001 3656 creditam
3068 3607 3275 3676 accepit
3335 3610 3556 3665 domum
3631 3611 3910 3687 Egypt“,

2326 3691 2618 3745 custodivit
2677 3691 2836 3747 ﬁdem
2895 3693 3061 3749 etiam
3117 3712 3242 3754 cum
3290 3700 3740 3762 calumniaretur.
3795 3707 3912 3764 Non

2323 3784 2468 3836 enim
2493 3784 2683 3838 detulit
2709 3784 2990 3854 damnum,
3020 3789 3117 3844 sed
3153 3805 3346 3860 passus
3380 3802 3464 3848 est
3500 3795 3615 3864 ipse
3650 3797 3906 3869 injuriae

2326 3876 2435 3944 pati
2467 3888 2628 3943 quam
2663 3873 2860 3940 facere,
2909 3887 2968 3933 et
2993 3878 3215 3936 diﬂ'erre
3249 3884 3467 3938 domum
3509 3887 3630 3955 ejus
3689 3894 3780 3960 qui
3809 3895 3905 3949 sibi

2323 3967 2651 4022 crediderat.
2677 3967 2981 4025 Credmuur
3019 3983 3074 4028 et
3123 3975 3331 4044 religati
3373 3976 3426 4030 iu
3459 3992 3688 4037 carcere
3729 3985 3782 4039 ei
3810 3987 3896 4056 qui

2324 4067 2443 4111 erat
2471 4059 2521 4113 in
2550 4074 2790 4117 carcere.
2851 4062 2978 4122 Flos
3019 4066 3164 4120 enim
3211 4067 3485 4135 pudicitiae
3534 4076 3901 4132 annuntiabat

2327 4161 2424 4214 per
2449 4147 2678 4203 frontem
2709 4167 2956 4222 puerum.
2990 4153 3059 4210 Et
3094 4155 3146 4208 iu
3179 4165 3326 4209 tanta
3366 4158 3704 4216 abundantia
3745 4165 3905 4223 babe-

2329 4238 2715 4306 batsolatium,
2736 4252 2794 4298 ut
2827 4245 2939 4314 ipse
2976 4249 3233 4318 essetqui
3271 4250 3655 4308 consolaretur
3685 4258 3904 4314 tristau-

2329 4340 2428 4386 tes.
2461 4330 2700 4388 Habebat
2727 4336 2870 4391 enim
2916 4337 3150 4394 frontem
3193 4342 3448 4411 pudicitia
3488 4350 3903 4414 genuinantem.

2330 4419 2576 4492 Suscepit
2599 4434 2652 4479 et
2684 4440 2881 4497 pueros
2905 4429 3227 4497 Pharaonis,
3254 4451 3457 4506 eosque
3487 4441 3677 4494 statim
3714 4458 3903 4500 conso-

649 4504 796 4559 niam
821 4512 876 4558 et
903 4505 1301 4560 accusationem
1323 4494 1523 4561 'falsam
1567 4509 1620 4562 iu
1659 4510 2068 4565 adamantiuum
2096 4516 2197 4569 ado
2255 4494 2298 4549 ί)
2328 4509 2471 4566 latur
2497 4533 2512 4568 :
2539 4517 2663 4585 quia
2686 4494 2828 4575 verat
2870 4534 3153 4593 susceptor
3205 4494 3260 4580 et
3314 4494 3479 4599 nepos
3536 4533 3800 4601 Abraltc,
3855 4549 3903 4592 et

649 4598 961 4654 lescentem.
995 4595 1109 4651 Non
1138 4605 1219 4653 est
1242 4598 1451 4653 locutus
1477 4598 1676 4669 Ioseph
1707 4622 1720 4658 :
1757 4621 1861 4657 non
1910 4603 2038 4659 fecit
2062 4610 2226 4663 satis

653 4689 742 4757 qui
788 4688 1256 4743 calumniabatur:
1289 4706 1394 4745 non
1443 4702 1526 4746 est
1584 4697 1843 4750 confusus
1899 4712 1998 4766 pro
2045 4695 2223 4766 iutpu-

648 4781 834 4848 denti;
878 4781 1063 4834 maluit
1087 4783 1220 4836 mori
1261 4784 1644 4849 calumniatus.
1673 4804 1832 4855 quam
1878 4790 1953 4843 uti
1997 4793 2224 4847 veritate

653 4873 717 4925 ad
738 4873 984 4927 salutem.
1012 4873 1175 4928 Putas
1199 4885 1253 4929 et
1280 4877 1398 4931 istic
1426 4877 1667 4933 imitator
1701 4891 1783 4935 est
1805 4892 1858 4936 ct
1885 4881 2054 4936 forma
2083 4883 2220 4955 ejus,

649 4966 741 5033 qui
770 4981 872 5020 non
899 4966 1110 5034 aperuit
1139 4982 1232 5023 eos
1261 4983 1416 5022 suum
1464 4985 1582 5025 cum
1617 4971 2062 5031 calumniaretttr.
2113 4975 2220 5030 Sed

654 5055 848 5126 Ioseph
878 5058 1069 5112 iterum
1118 5063 1185 5112 ad
1223 5075 1522 5115 carcerem.
1580 5063 1645 5116 Et
1693 5067 1779 5119 ubi
1803 5078 1884 5120 est
1912 5065 2218 5122 Iuda-orum

655 5150 816 5221 spes?
865 5152 971 5206 Sed
1027 5151 1095 5206 de
1137 5156 1534 5210 resurrectione
1595 5171 1954 5227 proponentes
2002 5163 2216 5226 dicere,

654 5244 976 5300 tncurrimus
1005 5244 1058 5300 in
1097 5247 1434 5303 necessarios
1462 5264 1764 5319 sermones,
1798 5253 1890 5324 qui
1926 5269 2030 5308 non
2055 5254 2216 5310 alieni

2324 4606 2543 4674 sapiens
2590 4609 2764 4666 valde.
2812 4613 3096 4686 Ingressus
3133 4618 3298 4689 igitur
3345 4624 3398 4676 in
3439 4639 3546 4678 uno
3577 4626 3795 4682 dierum
3839 4630 3901 4684 ad

2324 4710 2524 4765 put-ros
2545 4697 2864 4772 Pharaonis,
2892 4709 3025 4763 vidit
3047 4712 3228 4768 vultus
3255 4729 3440 4770 eorum
3470 4719 3825 4788 immutatos,
3851 4734 3903 4778 et

2326 4791 2590 4850 intellexit
2614 4799 2736 4865 quia
2779 4815 2935 4857 meus
2975 4817 3162 4858 eorum
3202 4817 3321 4862 erat
3363 4811 3574 4864 turbata
3604 4829 3622 4864 :
3648 4821 3706 4866 et
3738 4814 3901 4869 inter-

2327 4895 2481 4954 rogat
2510 4901 2752 4956 causam,
2794 4905 2914 4958 quae
2947 4892 3046 4947 ista
3077 4905 3221 4951 esset
3263 4886 3314 4951 in
3340 4899 3421 4953 eis
3447 4899 3776 4957 immutatio.
3827 4903 3905 4960 illi

2327 4985 2508 5030 autem
2543 4992 2795 5048 pronmnt
2842 4983 3146 5052 insomnia,
3185 4997 3241 5042 et
3283 4988 3399 5045 lucc
3445 4971 3704 5060 duplicia.
3754 4991 3902 5050 Sicut

2325 5069 2470 5124 enim
2496 5072 2625 5126 etin
2654 5084 2881 5144 paterna
2917 5077 3048 5131 vidit
3076 5079 3237 5134 domo
3257 5091 3274 5141 ·.
3304 5091 3358 5134 et
3387 5088 3703 5152 procuravit
3737 5084 3894 5150 Deus.

2326 5158 2452 5216 licet
2482 5169 2535 5214 et
2561 5165 2818 5218 contrarii
2850 5166 2952 5221 sibi
2976 5182 3160 5224 essent
3184 5173 3405 5229 somnii.
3434 5172 3655 5230 Primus
3684 5183 3897 5247 exponit

2324 5256 2592 5312 somnium
2638 5257 2731 5328 qui
2763 5259 2975 5316 viderat
3016 5262 3250 5332 bonum,
3293 5277 3352 5321 ut
3398 5268 3715 5329 adhortatio
3750 5273 3895 5333 ﬁeret

723 5403 768 5435 δ’
793 5406 927 5463 Gen.
961 5423 1147 5477 suis,
1183 5410 1271 5470 ιι.
1343 5411 1390 5444 ⁴⁸
1423 5413 1555 5468 ἰιιίιΙ.
1626 5414 1671 5446 ⁸⁸
1701 5414 1828 5471 ibid.
1855 5411 1942 5468 15-
1995 5417 2045 5450 ⁸⁸
2068 5415 2204 5473 Gen.
2236 5435 2320 5473 XL.

725 5556 833 5633 (33)
867 5558 1193 5620 Honestiam.
1223 5563 1585 5633 Honestatent,
1627 5578 1683 5624 ut
1728 5586 1757 5625 a
1799 5573 2072 5631 modestus
2101 5591 2216 5632 mo-

651 5625 847 5686 desita.

747 5697 837 5761 34)
873 5698 971 5754 Ms.
1011 5703 1168 5757 Color
1189 5717 1439 5762 mutatus.

823 5771 842 5838 )
874 5768 1189 5841 Disparut'il.
1227 5777 1566 5846 Dilacerat'il,
1599 5779 1833 5837 medium
1864 5784 2053 5842 difﬁdit

2394 5576 2506 5646 (56)
2551 5574 2756 5630 Bonum
2815 5593 2930 5646 qua
2977 5577 3390 5646 interiectionum
3478 5578 3742 5638 Videntur
3783 5584 3890 5641 hac

2322 5645 2426 5723 dici
2461 5662 2555 5715 per
2580 5645 3078 5723 interrogationem.
3108 5647 3329 5723 Bonam
3345 5651 3464 5723 eius
3488 5652 3892 5723 interfectiones

2320 5717 2717 5843 ἕιὶἷοῗιὲῖἶᾶἒι
2741 5718 2929 5773 bonum
2940 5718 3287 5790 jactationem
3310 5720 3367 5776 in
3395 5722 3517 5777 lacu
3540 5724 3566 5778 .’
3595 5717 3688 5780 sed
3702 5725 3896 5781 dium
