4048 6322
184 346 337 407 ίωθ

1279 348 1368 404 οε
1407 344 2015 408 κεδυιωεετιωω.
2056 381 2130 397 -
2165 346 2296 404 LIB.
2336 344 2379 405 1.

3331 351 3472 409 1090

194 466 445 532 tacundo,
469 481 542 523 ne
562 472 780 523 taceret.
814 462 872 520 Si
893 463 1037 522 enim
1081 466 1309 522 fuissent
1332 468 1548 539 utrique
1571 468 1766 523 sonmii
1799 484 1845 539 Α
1876 470 1929 522 in
1985 482 2220 523 carcere.
2259 467 2375 523 Non
2406 466 2554 523 enim
2602 467 2914 523 intermittit
2960 468 3103 524 Deus
3159 479 3470 526 sanctorum

190 558 339 624 boni,
390 558 530 614 forte
556 558 792 627 suspicio
834 557 1047 624 fuisset,
1102 558 1227 627 quia
1288 566 1518 627 utraque
1563 558 1773 611 donans

182 646 325 705 bene
355 651 742 719 interpretatus
769 659 851 705 est
879 648 1111 719 Josepb,
1160 658 1219 704 nt
1258 665 1353 705 eos
1394 649 1775 705 consolaretur

179 743 385 811 potius,
433 758 595 811 quam
646 756 830 796 veram
884 742 1389 810 interpretationem
1436 743 1771 797 somniorum

180 834 412 899 diceret,
441 846 492 891 et
526 838 805 893 fortuitum
830 846 1117 908 putaretur
1152 840 1457 910 negotium,
1492 849 1547 893 et
1576 840 1770 894 iterum

182 928 281 998 qui
342 928 702 998 perniciosum
754 932 967 986 viderat
1020 932 1287 985 somnium
1347 932 1613 986 secundus
1664 947 1770 985 non

183 1018 411 1083 diceret,
459 1029 515 1075 et
560 1036 664 1075 non
718 1022 874 1075 iteret
923 1021 1114 1091 duplex
1176 1022 1569 1077 testimonium.
1616 1021 1772 1079 Nunc

182 1120 364 1165 autem
385 1112 599 1181 exponit
625 1114 831 1180 primus
856 1112 947 1181 qui
968 1112 1165 1168 b0num
1198 1113 1435 1169 habebat
1465 1115 1767 1169 somnium.

179 1197 316 1257 Erat
340 1204 486 1257 enim
526 1218 691 1272 supra
720 1207 936 1258 vineam
954 1206 1117 1275 regis,
1142 1206 1345 1261 etdicit
1374 1222 1389 1261 :
1430 1204 1598 1261 Vitem
1633 1207 1769 1261 vide-

178 1291 323 1355 bant,
351 1294 479 1347 etin
508 1296 608 1348 cite
635 1303 738 1347 tres
768 1296 924 1364 fundi
953 1310 973 1350 :
1006 1306 1055 1351 et
1080 1298 1194 1365 ipsa
1226 1299 1530 1369 germinans
1574 1298 1770 1353 attule-

178 1392 266 1437 rat
296 1394 533 1439 maturos
565 1386 825 1442 botriones
849 1406 968 1444 uete
991 1406 1011 1443 :
1042 1402 1089 1443 et
1114 1390 1257 1445 calix
1288 1390 1501 1445 Pharao
1526 1392 1582 1446 in
1608 1408 1769 1447 manu

173 1490 295 1527 mea
318 1488 337 1526 :
366 1487 413 1528 et
440 1480 640 1545 sumpsi
667 1496 821 1533 uvam
860 1494 907 1536 et
949 1484 1182 1549 expressi
1228 1501 1341 1538 eam
1377 1486 1433 1539 in
1466 1484 1683 1539 calicem
1713 1488 1769 1540 in

170 1569 418 1624 militibus
476 1568 689 1627 Pharao
752 1574 824 1629 ".
899 1572 1162 1633 Prudens'
1200 1585 1253 1632 et
1326 1578 1767 1647 sapientissimus

172 1659 397 1732 Josepb,
426 1665 518 1734 qui
553 1683 582 1721 a
612 1666 720 1722 Deo
748 1670 1097 1735 edoceliatur,
1122 1673 1305 1726 statim
1336 1674 1403 1728 ad
1440 1674 1768 1742 interpreta-

168 1751 379 1807 tionem
396 1755 568 1809 currit
588 1767 643 1810 et
665 1757 790 1810 dicit
808 1772 823 1812 :
842 1758 968 1813 Tres
990 1760 1144 1828 [undi
1165 1771 1267 1815 tres
1292 1762 1404 1817 dies
1423 1772 1545 1816 sunt
1568 1764 1765 1829 adhuc;

1878 574 2114 621 errores,
2146 558 2378 629 diligens
2409 572 2525 615 eos.
2564 559 2621 612 Si
2654 559 2744 628 qui
2769 568 3112 622 erraverunt,
3136 561 3320 613 statim
3351 577 3472 615 cort-

1878 652 2027 721 rigit,
2055 660 2113 704 ut
2142 666 2247 703 non
2281 659 2500 704 maneat
2530 651 2612 703 eis
2640 650 2692 703 in
2734 650 2962 717 judicio.
3018 649 3165 703 Dixit
3192 653 3336 706 enim
3370 652 3472 706 ho-

1878 744 2008 797 mini
2046 760 2061 797 :
2118 741 2322 797 lenior
2378 751 2489 797 esto
2520 743 2641 807 ntei,
2682 752 2729 797 et
2774 742 2985 797 educito
3037 759 3117 796 me
3165 743 3231 796 de
3261 758 3472 797 carcere

1876 837 2014 902 isto;
2039 836 2463 891 oblivisceturte
2491 836 2674 898 homo,
2715 845 2769 888 ct
2800 834 3156 902 protendetnr
3194 835 3286 889 tibi
3313 836 3471 890 bien-

1878 930 2026 982 nium
2062 938 2290 996 tempus.
2323 926 2427 981 Sed
2475 942 2581 981 non
2625 935 2709 981 est
2732 926 2936 997 oblitus
2968 924 3111 981 Deus
3142 946 3156 981 :
3193 928 3288 981 sed
3321 931 3466 982 assi-

1874 1022 1967 1076 stit
1995 1019 2193 1088 Ioseph
2245 1018 2513 1073 Pharaoni
2566 1019 2741 1088 primo
2766 1027 2818 1073 et
2852 1018 3113 1072 secundo.
3166 1017 3293 1073 Erat
3317 1018 3463 1073 enim

1874 1114 2013 1168 visio
2037 1092 2339 1167 Pharaonis
2367 1111 2417 1144 "
2441 1112 2620 1165 omnis
2648 1111 2713 1164 de
2739 1109 2986 1177 frugibus
3004 1121 3059 1165 et
3087 1110 3320 1164 cultura.
3350 1111 3465 1165 lllic

1873 1206 2017 1259 enim
2042 1207 2209 1260 boves
2248 1204 2461 1258 femina
2492 1214 2682 1269 erant;
2708 1210 2919 1273 septem
2960 1205 3113 1258 bona:
3139 1213 3361 1272 aspectu
3408 1211 3468 1258 et

1873 1296 2059 1352 electa:
2088 1297 2371 1361 carnibus,
2398 1306 2453 1349 et
2480 1296 2640 1349 culmi
2665 1310 2873 1365 septem
2900 1296 3174 1365 spicarum
3206 1313 3221 1349 :
3251 1306 3469 1365 oportet

1871 1389 2017 1443 enim
2057 1389 2309 1457 conjungi
2360 1387 2630 1442 insomnia
2684 1388 2864 1455 spicas
2895 1398 3104 1458 septem
3155 1386 3363 1455 plenas,
3414 1397 3470 1442 et

1871 1490 2077 1547 septem
2124 1491 2336 1535 tenues.
2386 1480 2527 1547 Quia
2575 1480 2721 1533 enim
2768 1478 2946 1533 cultus
3000 1491 3159 1533 terra:
3182 1494 3280 1549 per
3304 1480 3469 1535 boves

1870 1569 2126 1635 edicitur,
2162 1587 2259 1640 per
2284 1572 2494 1625 culmos
2530 1581 2710 1627 autem
2745 1572 2931 1638 spica,
2965 1568 3031 1625 de
3059 1581 3324 1638 proventu
3370 1588 3468 1623 au-

1872 1674 1979 1719 tem
2009 1674 2065 1718 et
2106 1664 2247 1719 latine
2278 1676 2439 1720 erant
2485 1666 2757 1721 insomnia
2795 1664 2971 1735 regis;
3004 1678 3099 1733 per
3130 1663 3474 1719 domesticas

1868 1757 2105 1813 visiones
2137 1758 2331 1812 dantur
2354 1769 2411 1813 et
2438 1758 2799 1825 provisiones.
2838 1758 3058 1825 Septem
3111 1766 3271 1812 erant
3302 1760 3469 1826 spica:

168 1846 433 1909 triduum,
487 1858 537 1901 et
584 1850 639 1903 in
680 1861 851 1905 mente
894 1852 1105 1907 habebit
1158 1853 1371 1908 Pharao
1419 1855 1630 1908 initium
1657 1857 1761 1919 tui,
1796 1849 1836 1905 Β
1866 1845 2059 1915 plenae,
2083 1854 2360 1913 etseptem
2396 1860 2573 1900 vaccae
2602 1846 2861 1917 pingues;
2893 1847 3466 1903 succedebantantem

168 1947 222 1990 et
250 1940 484 1994 restituet
504 1953 554 1997 te
576 1959 731 2010 super
758 1945 959 1999 vineam
987 1946 1038 2000 in
1066 1947 1233 2018 oﬂcio
1253 1957 1366 2014 tuo,
1387 1957 1435 2001 et
1463 1948 1616 2001 dabis
1638 1947 1763 2001 culi-

167 2048 285 2085 cem
308 2033 362 2086 in
385 2050 575 2089 manus
598 2032 837 2091 Pharao.
870 2038 1108 2093 La-tatus
1127 2050 1211 2096 est
1229 2042 1476 2103 audiens,
1502 2050 1556 2095 et
1575 2042 1761 2095 statim

166 2125 402 2179 sttutavit
421 2126 654 2182 colorem
676 2130 739 2181 η.
769 2129 1023 2184 llortatus
1037 2140 1215 2186 autem
1238 2143 1291 2187 et
1312 2134 1448 2188 alius
1466 2143 1549 2189 est
1565 2142 1766 2187 seruet-

167 2215 349 2285 ipsum
383 2236 397 2269 :
433 2219 663 2274 habebat
691 2231 747 2276 et
782 2224 897 2291 ipse
920 2223 1155 2278 similem
1204 2226 1497 2280 visionem.
1546 2224 1614 2278 Et
1644 2240 1760 2293 ego,

166 2310 369 2380 inquit,
390 2314 496 2365 vidi
518 2316 799 2369 somnium.
823 2315 1086 2370 Putabam
1114 2332 1193 2370 me
1224 2318 1326 2369 tria
1346 2318 1577 2370 canistra
1595 2318 1763 2369 halice

166 2402 286 2476 ('57)
318 2406 500 2459 tollere
537 2423 693 2476 super
724 2421 877 2475 caput
910 2426 1081 2462 meum
1119 2409 1186 2461 ⁸³.
1226 2410 1379 2463 Sicut
1404 2409 1513 2462 illic
1546 2410 1674 2471 tria,
1711 2420 1764 2461 et

166 2494 297 2551 istic
323 2497 447 2549 tria.
475 2496 542 2550 Et
565 2498 619 2550 in
650 2499 880 2551 canistro
914 2501 1171 2567 superiori
1194 2516 1259 2553 ea:
1275 2500 1512 2553 omnibus
1556 2502 1758 2569 generi-

165 2586 268 2639 bsts
300 2586 408 2657 (38)
441 2604 506 2641 ea;
538 2591 722 2657 quibus
758 2589 972 2644 Pharao
1006 2608 1096 2644 rex
1128 2590 1501 2655 manducabat,
1522 2608 1651 2658 apus
1680 2592 1761 2654 pi-

165 2687 415 2733 storum:
453 2690 572 2734 erat
608 2684 752 2736 enim
794 2700 952 2751 supra
980 2684 1214 2751 pistores
1254 2701 1266 2737 :
1298 2694 1345 2737 et
1380 2684 1617 2738 volatilia
1647 2685 1763 2737 ειειὶ

165 2774 505 2824 concedebant
552 2790 608 2827 ea
658 2777 723 2828 de
772 2779 1004 2829 canistro
1040 2778 1178 2844 quod
1227 2788 1342 2828 erat
1394 2793 1556 2844 supra
1607 2786 1763 2844 caput

164 2878 365 2915 meum.
395 2862 592 2930 Etiam,
620 2865 813 2936 inquit,
832 2878 880 2919 et
902 2868 1004 2919 tria
1022 2880 1109 2920 tua
1130 2880 1231 2920 tres
1250 2868 1359 2920 dies
1376 2868 1677 2936 signiﬁcant
1694 2870 1761 2922 ".

164 2952 419 3021 Sedquia
446 2974 549 3010 non
578 2958 891 3012 ministrasti
925 2960 976 3012 in
1012 2972 1170 3012 manu
1200 2960 1361 3028 regis,
1397 2961 1634 3014 volatilia
1668 2978 1765 3014 au-

165 3054 281 3099 tem
310 3050 666 3103 comedehant
699 3068 794 3117 ea;
828 3053 1174 3105 manifestum
1209 3054 1439 3121 estquia
1468 3054 1639 3108 inciso
1673 3071 1764 3108 ca-

165 3136 287 3205 pite
322 3148 430 3201 tuo,
464 3150 518 3193 et
550 3142 705 3196 allisa
763 3158 929 3196 carne
964 3142 1150 3205 cruci,’
1182 3146 1418 3198 volatilia
1471 3148 1763 3199 manduca-

165 3227 307 3283 lmnt
342 3244 693 3287 caruestuas.
728 3233 838 3289 lloc
860 3236 1003 3288 enim
1032 3239 1609 3290 annuntiatsomnium
1641 3240 1756 3291 tibi.

165 3319 245 3375 Et
277 3337 400 3375 cum
450 3327 642 3377 tertius
691 3325 1001 3377 advenisset
1027 3327 1159 3389 dies,
1206 3338 1260 3379 et
1296 3327 1436 3395 regis
1475 3327 1763 3380 haberetur

166 3412 390 3478 natalis,
413 3430 618 3470 memor
645 3417 746 3470 fuit
772 3433 1105 3472 smnmormn
1128 3420 1341 3473 illorum
1366 3420 1758 3473 ministrorum.

166 3504 242 3560 Et
271 3507 345 3560 illi
387 3510 600 3577 quidem
628 3511 720 3579 qui
748 3524 907 3579 snpra
935 3515 1146 3564 vineam
1180 3522 1301 3565 erat
1331 3512 1580 3566 c0ncedit
1607 3530 1620 3566 :
1666 3526 1760 3565 vo-

168 3605 331 3651 catus
360 3600 503 3651 enim
549 3610 652 3661 est,
698 3610 755 3673 et
786 3602 936 3653 stetit
963 3612 1089 3654 ante
1130 3614 1480 3670 conspectum
1512 3602 1673 3671 regis,
1710 3613 1762 3655 et

168 3688 321 3743 dedit
342 3690 564 3743 calicem
596 3690 648 3744 in
690 3707 905 3745 manum
934 3691 1052 3761 ejus
1080 3694 1380 3747 secundum
1429 3692 1762 3762 interpreta-

168 3778 377 3833 tionem
405 3778 625 3850 Joseph.
666 3782 943 3851 Praepositi
985 3795 1164 3838 autem
1203 3786 1425 3854 pistoris
1466 3786 1769 3841 admonitio

169 3873 351 3942 magis
393 3872 601 3930 fervere
644 3874 769 3930 fecit
800 3877 1221 3948 indignationem
1262 3880 1430 3947 regis,
1471 3890 1527 3933 et
1556 3880 1762 3934 incide-

168 3964 341 4021 batur
400 3970 597 4036 capite,
652 3979 708 4025 et
751 3970 995 4058 volatilia
1055 3973 1414 4041 perliciebant
1473 3972 1759 4028 visionem.

168 4061 318 4129 Quid
400 4063 517 4118 haec
587 4069 653 4119 ad
719 4063 960 4135 Joscph?
1037 4068 1273 4122 maxime
1344 4066 1565 4137 quidem
1638 4068 1763 4137 quia

170 4153 484 4210 intellectus
543 4166 661 4211 erat
713 4158 765 4211 in
816 4174 879 4213 eo
934 4168 991 4213 et
1051 4160 1308 4215 revelatio
1359 4179 1373 4214 :
1428 4172 1485 4214 et
1534 4159 1659 4232 quia
1711 4168 1766 4213 et

169 4261 367 4302 eorum
404 4249 493 4317 qui
554 4249 605 4304 in
640 4267 862 4307 carcere
902 4261 1059 4306 erant
1106 4254 1409 4309 consolatio
1442 4254 1762 4320 habebatur,

171 4339 303 4408 quia
326 4350 379 4393 et
404 4341 509 4395 illic
528 4343 792 4398 creditum
825 4353 909 4399 est
930 4343 1002 4398 ei.
1035 4344 1249 4400 Dixerat
1283 4354 1463 4399 autem
1496 4346 1602 4399 vini
1635 4362 1766 4414 pra:-

167 4432 389 4502 posito:
426 4433 685 4489 Memento
740 4439 837 4490 mei
878 4455 972 4505 per
1026 4440 1351 4505 temetipsum
1398 4456 1517 4492 eum
1550 4440 1756 4505 caperit

1867 1940 2046 1993 vaccis
2069 1939 2287 2008 quidem
2318 1939 2609 2010 pinguibus
2629 1955 2811 1994 vaccas
2834 1956 3051 2005 macra,
3088 1941 3254 2010 spicis
3282 1951 3466 1996 autem

1865 2030 2021 2084 bonis
2052 2043 2107 2085 et
2129 2032 2302 2100 plenis
2322 2032 2485 2102 spicae
2514 2042 2725 2087 tenues.
2768 2030 2875 2087 Pro
2910 2044 3117 2103 septem
3152 2034 3323 2104 spicis
3352 2034 3469 2103 ple-

1867 2124 1955 2177 nis
1984 2134 2191 2193 septem
2219 2125 2381 2193 spica:
2407 2135 2615 2183 tenues.
2638 2125 2908 2182 Comestie
2935 2135 3062 2180 sunt
3087 2128 3313 2195 pingues
3343 2141 3473 2181 vac-

1867 2229 1942 2267 cze
1969 2231 1996 2267 a
2026 2215 2331 2270 macilentis
2353 2219 2558 2282 vaccis,
2582 2226 2639 2271 et
2668 2217 2831 2286 spicas
2864 2234 2892 2272 a
2916 2218 3116 2286 spicis,
3140 2228 3197 2274 et
3226 2218 3280 2273 in
3319 2219 3469 2273 {ante

1868 2306 2170 2361 habebatur
2200 2307 2483 2379 Egyptus,
2542 2321 2595 2364 et
2635 2312 2687 2363 in
2734 2309 2940 2364 turbela
2976 2310 3210 2363 Pharao.
3264 2309 3328 2363 Et
3354 2309 3466 2364 vitii

1865 2401 2186 2469 pra-positus
2233 2403 2542 2456 admonitus
2590 2412 2673 2456 est
2721 2402 2910 2457 dicens
2958 2399 3072 2473 (59)
3110 2420 3125 2457 :
3178 2400 3364 2456 Dicam
3395 2416 3465 2457 an

1868 2490 2118 2545 taceam?
2170 2492 2310 2545 tacui
2364 2502 2514 2545 tanto
2556 2503 2818 2559 tempore.
2870 2492 2975 2547 Sed
3014 2494 3057 2547 si
3100 2508 3207 2548 non
3253 2492 3465 2555 dixero.

1865 2585 2079 2653 perient
2104 2581 2369 2654 Egyptii.
2397 2584 2597 2649 Meum,
2632 2586 2827 2655 inquit,
2849 2599 3121 2649 errorem,
3148 2598 3325 2638 meum
3346 2600 3473 2653 pec-

1866 2685 2047 2731 eatum
2076 2680 2423 2731 admoneam.
2477 2677 2645 2733 Putas
2672 2696 2794 2733 cum
2826 2688 3100 2748 repeteret
3129 2688 3183 2732 et
3222 2680 3465 2733 diceret:

1868 2770 2000 2823 Cum
2033 2769 2202 2822 iratus
2233 2785 2384 2825 esses
2421 2772 2611 2838 nobis;
2644 2771 2945 2825 admonitio
2973 2772 3054 2825 sui
3080 2772 3320 2840 peccati:
3347 2780 3468 2825 erat

1867 2872 2043 2916 autem
2078 2863 2485 2917 taciturnitatis.
2523 2863 2663 2917 Fieri
2701 2864 2845 2917 enim
2882 2872 3060 2933 potest
3094 2864 3475 2933 quiautraquo

1868 2949 2182 3008 admOnitns
2206 2967 2308 3021 est,
2344 2968 2396 3008 et
2434 2970 2659 3023 utraque
2684 2958 2841 3009 dixit.
2880 2956 3020 3020 Quid
3050 2957 3123 3009 ait
3153 2957 3219 3009 ad
3248 2956 3477 3024 regem?

1867 3044 2106 3112 Peccati,
2145 3049 2339 3115 inquit,
2376 3065 2576 3102 ntemor
2627 3050 2708 3118 fui
2744 3050 2944 3102 hodie:
2977 3048 3193 3102 Pharao
3221 3050 3478 3118 indigita-

1868 3151 1953 3194 tus
1975 3150 2051 3195 est
2074 3144 2250 3210 pueris
2290 3145 2421 3199 suis.
2456 3153 2503 3195 et
2542 3144 2680 3194 misit
2720 3160 2812 3194 nos
2850 3144 2901 3194 in
2933 3159 3231 3207 carcerem;
3276 3144 3328 3195 in
3372 3144 3472 3195 do-

1868 3251 2011 3286 mum
2058 3236 2328 3301 praepositi
2368 3250 2654 3301 coquorum
2701 3252 2781 3287 me
2814 3243 2863 3286 et
2921 3236 3008 3303 qui
3043 3251 3204 3303 supra
3244 3236 3470 3301 pistores

1866 3336 2001 3379 erat.
2041 3325 2100 3377 Et
2146 3327 2366 3379 vidimus
2418 3331 2679 3379 somnium
2717 3340 2928 3391 uterque
2966 3343 3069 3378 una
3113 3337 3294 3389 nocte;
3352 3344 3470 3395 ego,

1866 3419 2046 3471 itidem
2082 3418 2206 3483 ille;
2242 3421 2595 3488 unusquisque
2612 3420 2875 3471 somnium
2908 3419 3159 3472 vidimus.
3204 3418 3331 3473 Erat
3367 3438 3472 3474 au-

1868 3517 1967 3561 tent
1998 3509 2068 3561 ibi
2100 3511 2367 3561 nobiscum
2398 3510 2702 3561 adolescens
2732 3524 2861 3575 puer
2896 3506 3154 3561 Hebraeus
3193 3508 3471 3577 pra'posits'

1866 3617 2153 3672 coquorum
2187 3616 2204 3654 :
2236 3614 2281 3652 et
2304 3604 2668 3654 enarrarimus
2698 3600 2800 3661 illi,
2824 3611 2871 3653 et
2902 3603 3265 3668 interpretanit
3292 3604 3467 3657 nobis.

1868 3692 1935 3745 Et
1965 3694 2164 3763 factum
2195 3704 2291 3757 est,
2322 3694 2453 3745 sicut
2476 3695 2853 3759 interpretatus
2887 3694 3058 3760 fuerat
3090 3695 3235 3747 nobis
3250 3697 3329 3748 sic
3355 3713 3472 3751 evoo

1868 3786 1980 3849 nit;
2012 3801 2093 3838 me
2118 3788 2395 3839 restituisti
2430 3786 2485 3837 in
2510 3784 2702 3854 ofﬁcio,
2736 3786 2886 3837 illum
2924 3796 3101 3839 autem
3121 3790 3466 3856 suspendisti.

1873 3879 2090 3932 Etmisit
2126 3878 2338 3931 Pharao
2372 3876 2753 3940 vocariloseph
2780 3878 2869 3933 ⁵⁸⁸.
2896 3878 3155 3933 Convicta
3189 3884 3333 3935 enim
3354 3882 3475 3950 jam

1869 3972 2044 4026 iuerat
2075 3972 2467 4041 sapientiornm
2506 3973 2797 4039 sapientia,
2839 3988 2961 4041 qua:
3010 3975 3285 4028 somnium
3325 3980 3471 4045 regis

1870 4063 2215 4130 interpretari
2264 4078 2368 4115 non
2407 4064 2599 4131 potuit.
2640 4062 2708 4117 Et
2734 4064 3038 4117 eduxerunt
3068 4082 3190 4119 eum
3236 4066 3302 4120 de
3337 4084 3471 4121 car-

1868 4170 2015 4218 cere,
2043 4165 2095 4209 et
2134 4158 2485 4211 totonderunt
2516 4170 2664 4219 eum,
2692 4164 2743 4209 et
2781 4167 3135 4213 uintaverunt
3172 4162 3472 4213 vestimen-

1867 4257 1978 4300 tum
2031 4247 2167 4315 ejus.
2218 4248 2414 4302 lterutn
2458 4265 2487 4303 e
2531 4250 2649 4303 lacu
2697 4249 2925 4318 Juseph,
2954 4252 3153 4305 iterum
3187 4268 3217 4305 c
3247 4268 3480 4307 carcere

1868 4339 2018 4403 exiit,
2066 4349 2120 4393 et
2179 4342 2328 4392 venit
2355 4340 2421 4393 ad
2466 4339 2701 4395 Pharao.
2754 4342 2900 4395 Dixit
2934 4353 3117 4395 autem
3153 4341 3371 4397 Pharao
3401 4348 3475 4398 ad

1868 4428 2069 4498 Joseplt
2100 4448 2114 4485 :
2147 4429 2428 4485 Somnium
2491 4434 2619 4497 vidi,
2680 4446 2727 4485 et
2776 4438 2865 4502 qui
2918 4437 3290 4501 interpretetur
3332 4438 3473 4491 illud

170 4528 272 4581 tibi
305 4543 414 4581 esse
463 4532 605 4595 bene,
648 4542 694 4585 et
716 4532 877 4599 [acies
908 4533 962 4585 in
1009 4548 1091 4586 me
1116 4533 1527 4591 miserationem.
1563 4544 1610 4586 et
1653 4551 1761 4587 me-

1872 4539 1974 4576 non
2008 4534 2085 4576 est
2113 4523 2180 4576 5".
2207 4521 2463 4577 Convicta
2496 4524 2767 4591 enimjam
2809 4528 2986 4580 luerat
3015 4526 3321 4598 Egyptus:
3349 4544 3478 4585 con-

168 4620 408 4672 sstorubis
433 4622 497 4673 de
522 4638 603 4674 me
651 4621 921 4676 Pharaoni
955 4638 973 4675 :
1009 4635 1055 4679 et
1096 4627 1283 4678 educes
1316 4640 1397 4676 me
1426 4626 1489 4678 de
1516 4626 1619 4679 isto
1644 4643 1759 4678 car-

172 4725 295 4764 cere
330 4723 350 4762 :
390 4715 638 4779 quoniam
666 4711 807 4781 furto
840 4714 1077 4767 sublatus
1104 4731 1219 4767 sum
1246 4716 1310 4767 de
1342 4724 1483 4767 terra
1510 4713 1763 4768 Ilebrazo-

172 4817 319 4861 rum,
350 4815 393 4856 et
414 4804 499 4855 hic
521 4805 649 4857 nihil
677 4805 800 4857 mali
820 4804 939 4875 feci,
972 4807 1061 4859 sed
1093 4808 1348 4859 miserunt
1369 4822 1449 4859 me
1476 4808 1528 4859 in
1550 4807 1762 4858 domum

171 4894 284 4945 laci
305 4894 462 4961 hujus
506 4896 573 4948 ⁸⁸.
605 4895 737 4962 Quia
768 4900 909 4951 enim
938 4899 1037 4953 hoc
1080 4898 1252 4967 ipsum
1289 4898 1519 4952 credidit
1549 4900 1602 4952 in
1662 4900 1759 4951 ho-

173 4982 348 5045 snine,
376 4985 619 5039 additum
670 4997 753 5040 est
779 4988 827 5041 ei
861 4990 1161 5042 biennium.
1215 4988 1549 5045 Etucndatus
1580 5001 1765 5043 autem

172 5088 263 5132 est
294 5079 361 5130 ob
389 5078 550 5131 istum
579 5091 882 5133 sermonem
905 5096 1000 5149 per
1017 5082 1291 5137 biennium
1317 5082 1515 5151 Joseph
1541 5093 1599 5136 ut
1620 5092 1767 5136 esset

245 5171 294 5204 ”
321 5172 455 5229 Gen.
489 5191 575 5241 ιι,
595 5173 743 5229 9-H.
822 5176 1119 5244 “ibidJﬁ,
1142 5178 1230 5233 15.
1305 5179 1352 5211 ⁸³
1376 5179 1505 5234 ibid.
1526 5178 1613 5235 16.

170 5244 221 5277 ⁸⁹
266 5244 393 5299 ibid.
432 5246 515 5301 15.
593 5248 640 5278 ⁸⁸
672 5246 801 5302 ibid.
837 5246 925 5301 16.

194 5402 209 5409 ἒ
247 5343 361 5414 (57)
420 5342 545 5398 Tria
582 5346 817 5398 canistra
864 5345 1052 5399 halice.
1105 5345 1301 5400 Πειίαὲ
1344 5360 1439 5401 seu
1483 5347 1677 5401 alica:
1712 5344 1765 5398 in

170 5414 560 5489 S.._§_c_riptura
591 5416 777 5489 Graeca
811 5414 946 5489 τρίαγ
968 5416 1445 5489 κανὰᾼχονδριτῶν.

247 5483 362 5557 (58)
402 5489 481 5539 list
508 5488 745 5539 omnibus
774 5483 1071 5555 generibus.
1111 5483 1168 5539 lii
1198 5483 1409 5557 vulgata
1442 5491 1765 5557 interpreta-

172 5556 344 5615 tione.
371 5571 543 5609 omnes
575 5560 716 5609 etbos
743 5558 831 5625 qui
856 5558 988 5626 ﬁunt
1021 5569 1134 5611 arte
1159 5556 1401 5626 pistoria.
1550 5620 1553 5627 _

247 5627 359 5697 (39)
394 5626 707 5680 Admonitus
754 5638 825 5680 est
874 5630 1069 5683 dicens.
1107 5627 1307 5682 Locum
1346 5632 1486 5683 hunc
1517 5628 1765 5682 videmur

170 5702 255 5755 sic
293 5699 584 5769 explanare
616 5712 771 5765 posse
814 5714 877 5751 ex
942 5698 1263 5769 Scriptura:
1298 5700 1629 5754 liccordatus
1680 5709 1763 5753 est

168 5768 388 5836 Joseplti
440 5771 648 5839 dicens,
698 5768 881 5839 [licam
922 5772 1029 5839 regi
1067 5768 1134 5823 an
1185 5770 1410 5823 tacebo?
1461 5781 1610 5822 tanto
1644 5770 1757 5839 jam

177 5852 420 5910 tempore
444 5838 585 5894 tacui
628 5856 641 5893 :
678 5837 773 5894 sed
792 5840 834 5893 si
872 5837 1217 5908 nou'dixero,
1246 5837 1755 5910 perientEgyp‘ui:

1691 5178 1737 5209 “
1754 5177 1886 5232 ibid.
1904 5176 2091 5231 16-18.

1872 4618 2010 4670 victa
2049 4626 2102 4671 et
2148 4619 2415 4686 sapientia
2460 4634 2579 4687 qua:
2613 4619 2971 4688 pollicebatur
3009 4622 3197 4675 multa.
3229 4622 3337 4693 Ego
3369 4639 3474 4675 au-

1871 4717 1979 4761 tem
2022 4708 2201 4761 audivi
2232 4710 2297 4762 de
2345 4718 2396 4761 te
2432 4710 2700 4776 dicentes,
2757 4712 2945 4765 audire
2974 4721 3026 4766 te
3059 4714 3270 4767 somnia
3306 4725 3357 4767 et
3390 4715 3473 4765 in-

1870 4802 2155 4869 terpretari
2190 4817 2273 4857 ea.
2338 4801 2613 4857 Conlirma
2662 4819 2795 4873 ergo
2854 4806 3011 4859 nobis
3052 4806 3250 4859 famam
3296 4816 3468 4861 tuam.

1870 4890 2180 4963 Religiosus
2220 4905 2401 4949 autem
2451 4893 2651 4964 Joseph
2696 4897 2976 4963 respondit
3017 4899 3083 4951 ad
3135 4913 3355 4969 regem,
3417 4911 3474 4953 et

1870 4986 2005 5038 dixit
2047 5004 2059 5039 :
2092 4985 2217 5039 Sine
2242 4986 2349 5039 Deo
2379 5004 2480 5040 non
2518 4988 2920 5055 respondebitur
2949 4990 3187 5042 salutare
3228 4988 3473 5045 Pluirao.

1871 5079 1972 5133 Dei
1997 5082 2135 5133 enim
2158 5091 2257 5146 est,
2289 5083 2484 5150 inquit,
2519 5085 2881 5151 interpretatio
2917 5083 2985 5137 ⁸⁸.
3024 5082 3134 5151 Ego
3178 5084 3310 5137 nihil
3345 5099 3477 5169 pos-

2167 5178 2213 5209 ω
2246 5176 2373 5231 ibid.
2402 5166 2592 5233 itis“.
2670 5177 2715 5209 σε
2739 5176 2878 5231 Gen.
2898 5192 3007 5233 xu.
3085 5176 3287 5231 διηυίιι.
3308 5166 3471 5233 u-tt.

1872 5344 2047 5410 potius
2090 5344 2263 5411 itaque
2296 5356 2502 5403 meum.
2552 5342 2744 5411 inquit,
2777 5360 3043 5408 errorem,
3074 5360 3253 5399 meum
3278 5358 3471 5413 pecca-

1877 5424 1987 5467 tum
2016 5416 2365 5467 conlitebor:
2427 5428 2620 5480 nempe
2669 5432 2792 5468 cunt
2835 5415 3105 5470 Pharaoni
3158 5424 3469 5472 renarraret

1873 5500 1939 5536 ac
1978 5486 2207 5547 diceret,
2256 5486 2389 5540 Cum
2420 5485 2592 5537 iratus
2624 5502 2776 5540 esses
2827 5488 3004 5548 nobis,
3048 5487 3316 5540 confessio
3345 5496 3475 5543 erat

1870 5555 1953 5608 sui
1981 5557 2185 5623 peccati
2223 5570 2325 5625 quo
2354 5557 2487 5621 regis
2537 5556 2668 5607 iram
2714 5574 2998 5625 provocare
3034 5566 3107 5618 .tt,
3151 5568 3263 5609 tum
3300 5559 3471 5613 etiam

1872 5627 2283 5686 taciturnitatis.
2317 5630 2459 5695 quod
2496 5628 2701 5693 accepti
2743 5644 2769 5678 a
2804 5626 3040 5695 Josephu
3081 5627 3331 5681 benelicii
3364 5630 3473 5682 im-

1870 5711 2081 5749 tnemor
2133 5699 2334 5749 taindiu
2382 5695 2662 5750 siluisset:
2702 5697 2817 5751 fieri
2849 5702 2992 5752 enim
3024 5707 3202 5766 potest
3244 5706 3300 5751 ut
3348 5701 3472 5767 ejus

1869 5767 2052 5818 animo
2103 5769 2331 5822 subierit
2384 5779 2707 5835 utrumque,
2759 5778 2813 5823 et
2870 5782 3167 5836 utrumque
3210 5770 3283 5824 sit
3336 5785 3473 5824 Cott-

1868 5837 2067 5891 lessus.
