4048 6322
1263 337 1529 393 Ευεεθιι
1566 337 2048 396 CASSARIENSIS
2078 339 2230 396 OPP.
2268 338 2452 394 PARS
2491 341 2583 395 IV.
2625 369 2694 382 —
2734 341 3150 399 DOGHATICA.

629 463 750 504 sum
805 456 866 503 ut
895 446 1119 518 possim.
1169 446 1401 518 Exponit
1446 459 1625 504 autem
1677 450 1872 521 duplex
1925 453 2192 506 somnium
2222 465 2270 521 Α
2297 462 2346 504 et
2377 453 2457 504 ori
2495 461 2583 505 tuo
2612 453 2812 507 obediet
2861 453 3083 523 populus
3133 456 3296 510 omnis
3342 468 3535 526 prater
3585 460 3875 516 thronum:

629 538 858 603 Pbsrao,
889 540 1031 607 quod
1060 547 1179 592 erat
1207 539 1258 593 in
1289 555 1390 592 una
1419 540 1638 594 virtute.
1657 540 1769 596 Cur
1795 555 1974 597 autem
1999 558 2192 598 secun-

630 633 753 682 dum
779 629 1047 684 somnium
1076 628 1254 682 videt?
1295 637 1352 681 ut
1383 631 1562 685 discas
1589 633 1715 700 quia
1757 644 1911 701 urget
1946 635 2084 688 Deus
2136 642 2193 688 ut

627 728 812 788 parcat
843 701 1171 771 hominibus.
1202 714 1488 780 Putabam,
1519 719 1710 786 inquit,
1741 735 1820 772 me
1847 731 1987 773 stare
2035 721 2192 788 juxta

626 824 772 862 orant
789 810 1043 878 ﬂuminis,
1065 818 1114 862 et
1134 809 1284 876 quasi
1308 809 1372 860 de
1399 810 1615 877 flumine
1641 811 1985 863 ascendebant
2003 821 2193 878 septem

626 916 797 955 vacca
827 901 1000 954 electa
1027 899 1294 960 carnibus,
1329 899 1478 952 bona
1509 910 1740 968 aspectu,
1775 911 1823 954 et
1848 901 2195 964 pascebantur

626 992 698 1046 ad
740 992 925 1058 ripam.
973 987 1041 1043 Et
1079 1005 1193 1043 ecce
1239 990 1361 1042 alia
1404 1003 1592 1058 septem
1632 1007 1799 1044 vacca
1847 992 2191 1045 ascendebant

625 1092 738 1148 post
778 1082 905 1136 illas.
947 1080 1014 1135 de
1044 1081 1282 1148 ﬂumine,
1318 1081 1554 1146 pessima
1595 1091 1642 1134 et
1675 1089 1850 1149 turpes
1873 1093 2107 1148 aspectu,
2140 1089 2190 1136 et

625 1189 818 1227 macra
862 1175 1128 1235 carnibus,
1163 1175 1292 1229 tales
1323 1176 1504 1245 quales
1531 1189 1796 1243 nunquam
1848 1174 1953 1226 vidi
1991 1173 2045 1226 in
2084 1183 2191 1226 tota

623 1261 856 1333 Egypto
878 1267 1156 1333 turpiores.
1195 1266 1259 1320 Et
1290 1269 1662 1320 devoraverunt
1687 1265 1793 1318 illa
1807 1275 1997 1331 septem
2023 1280 2192 1318 vacca

623 1370 816 1409 macra
843 1368 892 1411 et
926 1367 1097 1423 turpes
1132 1368 1317 1424 septem
1338 1373 1518 1410 vaccas
1546 1357 1704 1410 bonas
1729 1366 1777 1410 et
1807 1356 2015 1420 electas,
2046 1364 2096 1408 et
2118 1356 2194 1408 in-

624 1453 892 1498 traverunt
933 1448 989 1498 in
1029 1455 1224 1500 ventres
1262 1462 1476 1510 earum;
1511 1456 1558 1500 et
1588 1462 1692 1499 non
1716 1456 2003 1514 paruerunt
2051 1445 2190 1515 quod

623 1537 920 1590 introissent
966 1539 1022 1590 in
1071 1549 1269 1591 ventres
1315 1553 1517 1601 earum,
1547 1549 1720 1606 turpes
1746 1538 1880 1591 sicut
1923 1546 2074 1591 erant
2123 1535 2188 1588 ab

623 1628 796 1681 initio.
829 1627 1060 1696 Surgens
1081 1640 1253 1683 autem
1284 1647 1467 1684 rursus
1514 1631 1762 1693 dormivi,
1785 1641 1836 1686 et
1861 1633 1966 1686 vidi
1995 1632 2189 1685 iterum

623 1718 680 1771 in
709 1720 898 1773 somnis
934 1734 953 1771 .'
973 1729 1019 1772 et
1049 1721 1198 1788 quasi
1219 1731 1410 1786 septem
1435 1723 1592 1789 spica
1623 1723 1971 1776 ascendebant
1991 1725 2044 1776 in
2071 1723 2191 1792 fun-

2291 557 2384 611 ego
2408 551 2459 595 te
2480 558 2700 610 praero.
2731 542 2876 598 Dicit
2905 543 3118 598 Pharao
3150 547 3219 599 ad
3236 544 3433 616 Ioseph
3462 564 3483 602 :
3518 549 3658 605 Ecce
3683 557 3876 607 consti-

2292 643 2380 686 tuo
2404 642 2448 685 te
2493 633 2640 686 hodie
2663 650 2819 702 super
2839 651 3040 688 omnem
3071 647 3264 693 terram
3300 639 3543 712 £gypti,
3571 644 3768 709 facito,
3794 647 3876 698 in-

2290 722 2422 790 quit,
2451 733 2595 775 tuum
2617 724 2914 780 consilium.
2947 723 3077 790 Quis
3103 735 3152 781 te
3179 731 3511 797 sapientior?
3533 734 3655 804 quis
3683 746 3738 787 te
3757 752 3874 789 san-

2291 815 2458 867 satior
2486 821 2536 867 et
2560 812 2810 882 ﬁdelior?
2837 827 2886 871 te
2918 817 3055 871 enim
3085 819 3286 874 volebat
3318 820 3462 876 Deus
3490 835 3546 877 ut
3582 842 3757 892 supra
3790 830 3876 880 de-

2291 919 2432 956 nsum
2466 921 2603 959 esses
2648 921 2838 972 nteant,
2883 925 3038 977 super
3078 926 3276 965 omnem
3309 913 3506 969 scilicet
3549 915 3872 987 Egyptian.

2292 993 2539 1064 Perﬁcito
2567 1006 2714 1050 tuum
2741 999 3042 1064 consilium,
3085 1018 3342 1072 conregna
3374 1007 3527 1061 mihi.
3566 1007 3690 1061 Tibi
3737 1011 3877 1064 enim

2290 1087 2424 1140 dans
2458 1085 2746 1159 ﬁgyptum
2773 1092 2829 1144 in
2851 1102 3126 1160 potestate,
3149 1097 3345 1152 habebo
3385 1106 3436 1153 te
3464 1116 3678 1154 mecum
3709 1104 3768 1155 in
3799 1120 3876 1157 re-

2292 1193 2405 1245 gem
2439 1178 2507 1233 ⁸⁹.
2540 1177 2658 1232 iam
2674 1180 2996 1249 consolatio,
3029 1184 3142 1254 jam
3168 1183 3373 1242 fructus
3403 1190 3688 1258 pudicitia:
3720 1203 3875 1246 erant

2289 1265 2509 1338 Jnsepb.
2532 1269 2636 1325 Sed
2664 1286 2764 1326 nec
2786 1273 2838 1326 in
2868 1272 2954 1328 bis
2981 1273 3155 1333 iactus
3176 1281 3352 1350 arguit
3371 1281 3664 1336 mulierem
3693 1283 3874 1353 impa-

2291 1359 2528 1423 dentem.
2543 1377 2650 1417 non
2667 1363 2839 1418 reddit
2860 1365 3028 1420 vicem
3053 1386 3067 1421 :
3091 1377 3268 1424 tamen
3298 1371 3400 1424 l’uit
3420 1365 3474 1426 iit
3494 1373 3874 1440 tribulatione,

2290 1461 2346 1506 et
2376 1452 2429 1505 in
2460 1453 2550 1506 tali
2583 1456 2828 1526 angustia
2860 1465 3006 1510 tanta
3031 1455 3248 1528 Josepb.
3282 1460 3450 1516 Iacob
3480 1473 3670 1518 autem
3697 1467 3756 1519 in
3783 1466 3876 1519 tri-

2291 1543 2566 1601 bulatione
2617 1557 2754 1613 erat,
2808 1555 2864 1601 et
2906 1547 3017 1614 jam
3059 1565 3182 1604 cum
3229 1551 3339 1623 (bl)
3373 1554 3643 1610 remissus
3678 1555 3874 1611 fuisset

2288 1631 2488 1706 Joseph
2521 1651 2551 1689 a
2583 1652 2821 1694 carcere.
2846 1639 2982 1708 Quid
3016 1656 3168 1713 ergo,
3204 1643 3385 1698 dicent
3407 1643 3611 1709 Judaei,
3640 1648 3736 1702 ubi
3787 1661 3870 1704 est

2293 1726 2501 1783 fructus
2541 1732 2954 1797 promissionis?
2991 1732 3046 1789 Si
3095 1735 3238 1793 enim
3276 1736 3378 1790 ista
3432 1747 3522 1792 est
3559 1741 3704 1805 vita,
3742 1741 3871 1810 quid

622 1812 691 1866 do
721 1827 823 1865 uno
843 1812 1008 1878 plena
1025 1823 1071 1866 et
1099 1814 1266 1867 bona.
1287 1812 1420 1868 Alia
1434 1825 1607 1868 autem
1630 1825 1824 1882 septem
1840 1816 2190 1881 spicatenues
2221 1813 2264 1870 Β
2297 1817 2396 1873 hoc
2422 1820 2487 1872 ad
2512 1818 2704 1888 Jacob,
2751 1824 2843 1892 qui
2875 1824 3059 1879 decem
3093 1837 3147 1881 et
3175 1837 3377 1896 septem
3409 1831 3574 1886 annis
3617 1831 3767 1886 luxit
3786 1832 3874 1890 Jo-

619 1911 669 1956 et
692 1920 722 1954 a
753 1912 898 1956 vento
930 1913 1187 1969 corrupta
1208 1905 1501 1956 crescebant
1525 1902 1681 1971 juxta
1709 1919 1797 1955 eas
1826 1912 1872 1955 et
1903 1903 2188 1971 glutierunt

618 2005 804 2061 septem
837 1995 992 2060 spica
1020 2003 1195 2048 tenues
1219 2004 1269 2048 et
1294 2011 1326 2048 a
1351 2003 1499 2049 vento
1529 2005 1810 2061 corrupta,
1859 2003 2051 2061 septem
2080 1996 2178 2062 spi-

617 2102 704 2140 cas
730 2086 908 2154 plenas
933 2098 977 2140 et
999 2088 1178 2140 bonas.
1206 2086 1330 2140 Dixi
1349 2103 1470 2156 ergo
1493 2086 1995 2152 interpretatoribus,
2021 2094 2068 2137 et
2087 2100 2190 2136 non

617 2175 718 2246 fuit
747 2177 836 2245 qui
861 2178 1130 2230 dissereret
1169 2177 1316 2230 mihi.
1349 2175 1416 2229 Et
1449 2177 1581 2228 dixit
1621 2173 1812 2242 Ioseph
1836 2176 1903 2226 ad
1927 2173 2142 2228 Pharao
2168 2191 2186 2229 :

615 2264 889 2318 Somnium
925 2264 1132 2319 Pharao
1157 2284 1318 2320 unum
1342 2277 1437 2320 est.
1473 2266 1808 2334 Quacunque
1847 2265 1982 2318 Deus
2006 2269 2186 2334 faetet,

615 2357 843 2412 ostendit
895 2355 1131 2410 Pharao.
1180 2357 1387 2425 Septem
1419 2374 1585 2410 vacca
1641 2359 1789 2410 bona
1842 2366 2030 2424 septem
2059 2358 2186 2410 anni

613 2454 752 2498 sunt.
796 2445 1068 2501 Somnium
1100 2446 1315 2500 Pharao
1345 2464 1502 2500 unum
1536 2457 1610 2500 est
1643 2461 1662 2498 ι
1703 2456 1753 2499 et
1791 2459 1977 2515 septem
2015 2464 2188 2501 vacca

613 2551 806 2588 macra
847 2552 964 2606 qua
992 2535 1332 2590 ascendebant
1361 2549 1474 2606 post
1503 2554 1612 2601 eas,
1653 2547 1848 2605 septem
1889 2538 2016 2590 anni
2043 2549 2184 2590 sunt.

614 2622 684 2677 Et
714 2635 904 2694 septem
939 2629 1094 2697 spica
1126 2637 1302 2680 tenues
1337 2639 1383 2680 et
1421 2645 1451 2680 a
1481 2639 1627 2682 vento
1665 2639 1944 2698 corrupta,
1993 2640 2184 2697 septem

611 2718 739 2770 anni
777 2727 917 2771 sunt.
958 2717 1026 2770 Et
1056 2721 1148 2771 erit
1171 2729 1359 2788 septem
1399 2720 1551 2773 annis
1589 2721 1787 2788 fames:
1812 2737 1986 2774 verum
2011 2729 2183 2774 autem

613 2807 754 2876 quod
789 2807 924 2860 dixit
960 2806 1169 2861 Pharao
1202 2825 1219 2862 :
1254 2825 1576 2879 quacunque
1599 2811 1735 2866 Deus
1759 2811 1936 2881 faciet,
1961 2813 2181 2866 ostendit

611 2897 905 2952 Pharaoni.
939 2896 1074 2952 Ecce
1133 2909 1325 2968 septem
1363 2904 1488 2955 anni
1543 2904 1748 2956 veniunt
1781 2905 2037 2957 ubertatis
2065 2920 2182 2957 ma-

611 3003 731 3058 gna
789 2990 842 3042 in
880 2991 1020 3044 omni
1062 3002 1200 3044 terra
1243 2991 1480 3062 £gypti.
1515 2992 1644 3048 Post
1675 3005 1847 3048 autem
1872 2997 2069 3049 venient
2099 3011 2184 3050 se-

609 3090 746 3151 ptem
783 3084 906 3136 anni
935 3083 1090 3152 famis
1124 3101 1140 3138 :
1185 3096 1362 3154 postea
1386 3086 1753 3141 oblivtscentur
1793 3089 2078 3142 ubertatem
2124 3089 2182 3142 in

611 3176 851 3229 universa
887 3175 1139 3246 ﬁgypto,
1170 3187 1219 3231 et
1255 3190 1515 3233 consumet
1541 3181 1703 3249 fames
1734 3196 1934 3234 omnem
1961 3191 2174 3234 terram.
2205 3167 2249 3224 ο
2283 3196 2502 3253 minem
2533 3214 2627 3253 vos
2677 3167 2868 3270 p333“
2914 3167 2988 3258 ξιξ,
3042 3167 3336 3272 ἀειίιῇιειξέ,

611 3261 793 3333 Neque
823 3276 1130 3334 agnoscetur
1149 3269 1356 3321 ubertas
1386 3285 1538 3337 super
1559 3280 1748 3323 terram
1768 3280 1879 3340 pra
1895 3271 2034 3339 fante
2060 3289 2176 3342 qua

611 3353 789 3423 futura
817 3368 891 3409 est
928 3357 1188 3423 posthac.
1230 3357 1509 3414 Vehemens
1530 3364 1667 3415 enim
1696 3363 1792 3414 erit
1819 3363 1986 3417 valde.
2023 3361 2175 3429 Quod

609 3456 786 3502 autem
819 3450 1022 3503 iteravit
1061 3453 1320 3503 somnium
1349 3450 1566 3508 Pharao
1596 3455 1701 3519 bis;
1730 3458 1851 3525 quia
1879 3473 2051 3510 verum
2073 3457 2175 3510 erit

607 3541 817 3593 verbum
855 3543 990 3610 quod
1022 3557 1095 3595 est
1145 3559 1176 3595 a
1209 3541 1342 3607 Deo,
1385 3555 1432 3597 et
1461 3556 1702 3614 properat
1753 3545 1896 3600 Deus
1929 3557 1985 3627 ut
2011 3547 2173 3618 faciat

606 3631 723 3686 hoc.
767 3631 922 3686 Nunc
954 3650 1074 3703 ergo
1100 3636 1309 3703 provide
1349 3637 1607 3690 hominem
1636 3651 1924 3702 sensatum,
1953 3651 1999 3693 et
2037 3657 2175 3708 pra-

605 3739 736 3790 pone
783 3740 900 3776 eum
947 3741 1100 3793 super
1148 3724 1464 3795 ﬂgyptum,
1519 3737 1568 3781 et
1624 3729 1783 3797 faciat
1822 3727 2172 3796 Pharaoret

605 3825 871 3880 praponat
892 3815 1124 3867 locorum
1139 3817 1399 3885 principes
1418 3835 1575 3888 super
1602 3831 1819 3884 serram,
1841 3823 1930 3890 qui
1960 3823 2169 3891 quintus

605 3903 778 3971 exigat
818 3902 929 3973 (ιο)
981 3907 1146 3959 omnis
1178 3906 1382 3975 fructus
1408 3920 1560 3964 terra
1586 3910 1806 3982 Egypti
1838 3925 2029 3983 septem
2070 3931 2171 3968 an-

607 4008 793 4047 norum
834 3999 1104 4061 ubertatis.
1143 4010 1190 4052 et
1237 4001 1485 4069 colligant
1527 4019 1702 4057 omnes
1737 4004 1941 4073 fructus
1977 4015 2169 4074 septem

605 4098 861 4137 annorum
896 4089 1211 4142 uenientium
1252 4089 1442 4142 horum
1481 4090 1734 4146 bonorum
1765 4107 1784 4145 :
1811 4103 1860 4147 et
1892 4096 2170 4166 colligatur

602 4173 920 4244 frumentum
947 4182 1040 4233 sub
1066 4196 1223 4234 manu
1254 4180 1468 4235 Pharao
1509 4198 1520 4211 ·
1552 4192 1600 4236 et
1639 4201 1770 4239 esca
1793 4187 1844 4239 in
1873 4187 2167 4242 civitatibus

600 4270 968 4324 custodiantur
996 4285 1014 4322 :
1042 4283 1088 4326 et
1107 4274 1211 4327 sint
1234 4290 1364 4330 esca
1397 4291 1511 4344 qua
1533 4277 1804 4331 custodita
1837 4279 2028 4347 fuerint
2064 4290 2168 4333 ter-

601 4372 698 4424 ra,
727 4357 780 4412 in
807 4370 996 4428 septem
1018 4379 1178 4418 annos
1199 4365 1353 4434 famis
1385 4383 1500 4437 qua
1524 4369 1625 4423 erit
1654 4370 1710 4422 in
1740 4380 1880 4423 terra
1906 4369 2123 4441 zEgypti
2146 4387 2165 4424 :

2291 1911 2458 1979 sepb?
2483 1923 2576 1965 aut
2603 1913 2667 1967 ad
2701 1915 2875 1982 ipsum
2907 1913 3136 1988 Joseph,
3177 1920 3270 1990 qui
3303 1922 3395 1975 vix
3443 1921 3716 1978 liberatus
3756 1925 3874 1980 est?

2292 2007 2396 2062 Sed
2438 2023 2616 2064 sermo
2659 2012 2875 2080 quidem
2921 2014 3194 2083 impletur,
3226 2019 3500 2087 negotium
3533 2030 3722 2075 autem
3753 2036 3870 2077 ser-

2289 2107 2480 2153 vetur:
2533 2100 2738 2156 licitum
2785 2104 2928 2158 enim
2963 2117 3045 2159 est
3082 2107 3238 2162 nobis
3267 2118 3319 2162 et
3345 2112 3603 2179 sequenti
3662 2112 3869 2182 perfrui

2288 2191 2394 2246 die.
2427 2191 2796 2249 blettsuremtts
2825 2207 3002 2250 autem
3041 2207 3268 2268 tempus.
3308 2198 3471 2255 Decet
3500 2204 3654 2256 enim
3701 2205 3870 2273 gratis

2289 2283 2426 2338 dona
2454 2283 2568 2350 D‘ei,
2595 2295 2648 2338 ut
2673 2284 2921 2354 jejunent
2953 2289 3005 2342 in
3056 2300 3317 2359 tempore,
3359 2303 3415 2345 et
3465 2295 3766 2362 epulantur
3817 2296 3868 2350 iu

2289 2382 2547 2444 tempore.
2588 2374 2816 2430 Tantum
2843 2388 3014 2434 estote
3051 2395 3317 2438 memores
3369 2385 3452 2438 ubi
3496 2385 3723 2440 (inimus
3755 2403 3868 2442 ser-

2288 2479 2535 2519 monem:
2576 2468 2794 2522 utsicut
2828 2469 2878 2522 bi
2910 2470 3002 2538 qui
3032 2471 3281 2528 alacriter
3312 2475 3666 2542 manducauit,
3709 2490 3769 2533 et
3805 2479 3867 2535 ob

2285 2557 2572 2624 quamdam
2637 2560 2972 2616 occasionem
3022 2578 3374 2636 exsurgentes
3436 2584 3466 2622 a
3527 2585 3723 2624 mensa
3788 2573 3863 2626 ni-

2287 2659 2402 2702 tant
2431 2649 2542 2719 (42)
2591 2651 2693 2706 sibi
2739 2655 2982 2724 apposita
3014 2674 3028 2710 :
3058 2657 3129 2710 ita
3175 2669 3228 2713 et
3265 2675 3359 2715 vos
3394 2661 3651 2729 reliquias
3691 2664 3805 2719 alio
3835 2680 3864 2718 a

2284 2741 2439 2795 nobis
2465 2745 2738 2810 exposcite
2770 2744 2877 2808 die,
2909 2762 2978 2800 ne
3003 2750 3128 2817 quid
3155 2762 3210 2804 et
3240 2753 3627 2810 intermisimus
3671 2773 3683 2809 :
3756 2774 3862 2812 non

2282 2832 2426 2886 enim
2454 2833 2612 2891 decet
2635 2852 2731 2892 nos
2761 2839 3038 2895 venientes
3074 2841 3141 2895 ad
3172 2842 3590 2898 consolationem
3644 2849 3860 2915 mortis,

2283 2921 2589 2994 relinquere
2615 2923 2781 2982 Jacob
2811 2929 2862 2981 in
2904 2927 3050 2984 luctu
3081 2934 3147 2986 de
3177 2931 3319 2986 fama
3353 2937 3541 2989 mortis
3575 2935 3696 2990 lilii.
3754 2938 3861 2994 Sed

2283 3013 2507 3070 rationis
2543 3026 2626 3071 est
2678 3029 2734 3072 et
2763 3021 3010 3088 sequenti
3055 3022 3417 3093 nosjungere,
3439 3035 3492 3079 et
3521 3029 3754 3083 miscere
3807 3031 3858 3084 in

2281 3107 2614 3164 alacritatem
2648 3109 2942 3180 lugentium
2962 3113 3072 3183 jam
3111 3129 3230 3169 esse
3265 3117 3710 3178 consolationem.
3740 3121 3858 3178 Non

3384 3211 3559 3265 adhuc
3593 3211 3857 3270 sollicitus

2283 3299 2512 3369 propter
2532 3290 2696 3347 Jacob
2722 3293 3009 3364 lugentem.
3040 3295 3177 3363 Quia
3217 3299 3380 3370 igitur
3413 3302 3704 3372 incipimus
3733 3322 3851 3376 per-

2281 3377 2527 3436 mittente
2563 3377 2670 3436 Deo
2707 3392 2762 3436 et
2788 3383 3130 3452 probationes
3156 3388 3223 3441 de
3267 3393 3668 3448 resurrectione
3722 3410 3851 3451 con-

2274 3464 2518 3538 jungere,
2547 3468 2656 3538 jam
2687 3471 2843 3526 ﬁdem
2861 3476 3214 3542 praecedentis
3236 3482 3498 3537 sermonis
3518 3485 3852 3544 conﬂuentes

2278 3559 2575 3627 epulemur,
2605 3576 2711 3616 non
2755 3579 2875 3618 cum
2928 3575 3196 3624 mortuis:
3238 3586 3425 3627 omnes
3456 3576 3598 3629 enim
3643 3579 3850 3636 vivum.

2277 3647 2395 3704 Non
2434 3652 2577 3705 enim
2623 3655 2869 3710 venimus
2897 3656 2964 3711 ad
3015 3672 3404 3728 monumenta;
3433 3667 3527 3720 sed
3570 3669 3640 3722 ad
3675 3669 3850 3726 locum

2277 3744 2791 3812 commendationis;
2823 3763 2929 3803 non
2957 3753 3207 3806 venimus
3234 3754 3300 3807 ad
3352 3767 3617 3829 mortuos,
3649 3763 3744 3814 sed
3784 3764 3849 3816 ad

2275 3835 2563 3890 viventes:
2615 3851 3018 3896 commonentes
3062 3848 3416 3917 nosmetipsos
3465 3863 3558 3918 per
3597 3866 3665 3906 ea
3731 3869 3849 3922 qua

2277 3925 2505 3982 facimus
2531 3943 2678 3999 spem
2699 3931 2863 3998 ipsius
2881 3937 3308 3992 resurrectionis.
3331 3938 3458 3994 Lati
3475 3945 3846 4010 convenimus,

2275 4013 2448 4086 majus
2471 4022 2762 4087 gaudentes
2813 4025 3151 4092 recedimus;
3199 4028 3266 4081 ita
3315 4031 3456 4084 enim
3496 4034 3848 4100 confidimus,

2275 4108 2398 4175 quia
2427 4122 2785 4180 resurgemus,
2812 4113 2936 4180 quia
2966 4122 3021 4169 et
3067 4115 3171 4170 ista
3217 4118 3494 4174 credentes
3518 4121 3844 4180 laetabimur.

2274 4195 2541 4254 Habemus
2577 4212 2752 4258 autem
2780 4206 3110 4263 reconditum
3137 4224 3441 4265 sermonem
3470 4215 3628 4269 nobis
3657 4225 3844 4273 osten-

2274 4287 2510 4356 dentem,
2561 4306 2684 4362 spes
2731 4300 2855 4366 quia
2898 4311 2982 4355 est
3020 4303 3304 4373 religiosis.
3365 4302 3427 4358 Et
3453 4303 3569 4374 iam
3627 4312 3848 4377 quidem

2274 4389 2546 4437 ostensum
2570 4395 2653 4439 est
2690 4402 2718 4440 a
2748 4389 2896 4459 justo
2927 4391 3036 4448 Deo
3056 4412 3070 4450 :
3093 4402 3269 4449 tamen
3298 4395 3424 4464 quia
3449 4410 3606 4452 vocat
3637 4409 3843 4473 tempus

601 4459 650 4502 et
679 4466 780 4502 non
813 4455 1241 4508 exterminabitur
1289 4469 1430 4512 terra
1469 4476 1500 4512 a
1549 4459 1712 4528 fame.
1743 4459 1813 4513 Et
1855 4461 2166 4531 placuerunt
2203 4519 2244 4561 ῃ
2273 4486 2372 4527 nos
2406 4474 2553 4530 reﬁci
2587 4455 2799 4545 debere,
2835 4484 3127 4552 gratiarum
3179 4455 3419 4544 actiones
3457 4455 3842 4561 consignan‘tes

599 4544 711 4593 lure
767 4545 918 4596 verba
973 4555 1094 4597 ante
1141 4544 1376 4613 Pharao,
1423 4557 1471 4603 et
1519 4551 1758 4606 omnibus
1800 4555 1976 4622 pueris
2029 4556 2160 4608 suis.

598 4631 854 4701 Nunquid
889 4636 1202 4690 inveniemus
1243 4640 1501 4694 hominem
1526 4642 1682 4697 talem
1711 4646 1801 4715 qui
1834 4647 1986 4700 habet
2004 4650 2164 4716 spiri-

595 4729 705 4772 tum
735 4720 897 4774 Deiin
923 4724 1015 4776 se?
1041 4723 1108 4777 Et
1133 4725 1268 4779 dixit
1293 4725 1508 4783 Pharao
1537 4731 1605 4784 ad
1626 4731 1819 4803 Ioseph
1851 4750 1870 4788 :
1898 4734 2163 4800 Quoniam

599 4809 935 4866 ostendittibi
960 4813 1098 4868 Deus
1127 4817 1302 4870 omnia
1323 4819 1454 4887 hac,
1489 4839 1590 4876 non
1619 4833 1694 4878 est
1737 4824 1832 4880 tibi
1852 4826 2005 4881 homo
2034 4844 2162 4889 pru-

599 4900 824 4967 dentior,
857 4921 947 4960 nec
975 4909 1234 4962 sensatior
1261 4918 1308 4965 te
1325 4925 1344 4964 :
1360 4921 1416 4965 tu
1437 4915 1538 4968 eris
1553 4931 1709 4984 super
1737 4918 1950 4974 domum
1967 4936 2158 4987 meam,

665 5077 715 5112 "
749 5078 884 5135 Gen.
909 5097 1016 5149 xu,
1054 5083 1220 5142 i741

817 5236 1031 5324 Enaiqat.
1053 5239 1474 5324 [iuris-exigantt

726 5309 778 5378 ι)
815 5307 881 5363 Et
907 5307 1025 5378 iam
1046 5326 1188 5368 sunt.
1215 5307 1380 5369 Foris
1404 5313 1562 5370 etiam
1595 5324 1732 5371 cunt.

2272 4565 2492 4620 verbum
2513 4567 2735 4640 gloriam
2769 4573 3064 4630 referamus
3092 4577 3281 4633 viventi
3307 4591 3358 4636 et
3379 4581 3521 4638 bono
3546 4595 3602 4639 et
3637 4601 3770 4644 vero
3792 4600 3840 4643 et

2268 4653 2558 4713 viviﬁcanti
2581 4659 2705 4716 Jesu
2721 4663 2969 4721 Christo:
2994 4683 3262 4739 perquem
3288 4683 3370 4727 est
3403 4675 3511 4731 Deo
3545 4677 3694 4734 Patri
3724 4695 3839 4737 cum

2270 4745 2475 4815 Spiritu
2501 4763 2691 4809 sancto
2717 4756 2887 4826 gloria
2918 4767 2972 4812 et
2997 4759 3188 4828 honor,
3231 4764 3536 4834 imperium,
3567 4770 3841 4838 majestas,

2266 4847 2366 4982 itm
2359 4856 2500 4897 nunc
2529 4851 2584 4898 et
2608 4859 2840 4918 semper,
2865 4858 2919 4905 et
2933 4866 3031 4922 per
3055 4856 3235 4910 omnia
3269 4858 3464 4914 saecula
3494 4863 3838 4923 seculorum.

2369 4942 2458 4982 ea.

2336 5255 2701 5353 ςὲᾌξρξξςξξί
2712 5259 2886 5353 forte
2903 5265 3128 5337 nictent,
3169 5269 3291 5329 dum
3319 5273 3534 5332 scilicet
3559 5278 3628 5334 ad
3656 5281 3828 5353 epulas

2270 5329 2488 5386 nelictas
2520 5343 2848 5402 respectant.
