4048 6322
158 364 315 426 ’1003

1235 360 1324 415 DE
1360 354 1963 417 BESURBECTIONE.
2002 388 2073 403 --
2107 354 2235 415 LIB.
2277 359 2342 417 ll.

3304 368 3449 429 (θοι

170 518 3412 547 ww

1264 684 1628 773 LIBER
1678 681 2347 774 SECUNDUS.

242 1044 521 1104 utantur
548 1044 765 1116 quidem
788 1044 915 1099 creli
944 1045 1013 1099 de
1052 1043 1345 1101 festivitate
1377 1046 1653 1113 prmuenti,
1698 1045 1750 1101 in
1781 1053 1829 1111 Α
1858 1062 1980 1118 qua
2006 1058 2135 1113 ante
2164 1063 2379 1106 crucem
2409 1047 2549 1105 facta
2584 1058 2713 1106 sunt
2744 1054 2836 1122 qui
2885 1052 2987 1111 fult
3007 1060 3245 1115 ostendit
3273 1078 3287 1115 :
3322 1074 3442 1133 post

165 1154 276 1209 qua
302 1137 586 1192 Dominum
615 1148 901 1203 suscepere
929 1135 1186 1190 victorem
1225 1150 1239 1187 :
1282 1136 1493 1190 laetatur
1512 1145 1567 1190 et
1599 1150 1757 1190 exer-

166 1230 311 1283 citus
327 1226 640 1296 angelorum
663 1227 963 1296 suscipiens
986 1225 1342 1281 eumvictoria
1372 1241 1585 1296 regem:
1608 1226 1757 1280 laeta-

165 1329 259 1374 tnr
283 1328 338 1374 et
360 1320 450 1389 qui
474 1318 675 1390 genuit,
704 1327 757 1373 et
777 1318 928 1371 misit
953 1315 1115 1372 Pater
1134 1332 1165 1371 a
1190 1318 1395 1373 dextris
1412 1318 1523 1372 suis
1545 1319 1754 1372 habens

151 1412 547 1467 charissimum
584 1408 804 1474 Filium,
831 1426 927 1480 per
950 1425 1106 1478 quem
1134 1422 1344 1466 mortua
1370 1411 1584 1480 quidem
1610 1426 1755 1466 mors

161 1505 282 1577 (45)
315 1518 416 1571 εει,
455 1514 708 1575 corrupta
732 1513 911 1558 autem
939 1512 1021 1558 est
1054 1505 1382 1575 corruptela,
1402 1515 1457 1559 et
1478 1506 1751 1560 destructa

157 1611 251 1654 est
272 1598 468 1654 diaboli
502 1597 770 1669 tyrannis,
803 1595 1061 1651 etsalvati
1086 1607 1211 1651 sunt
1240 1598 1505 1665 homines,
1537 1609 1592 1653 et
1622 1614 1753 1663 gau-

157 1690 311 1745 dium
342 1698 665 1758 acceperunt
689 1687 883 1758 angeli.
918 1688 1032 1743 Non
1063 1700 1145 1745 est
1163 1704 1355 1756 passus
1379 1699 1559 1744 autem
1579 1689 1752 1757 Spiri-

160 1791 252 1836 tus
274 1779 632 1835 sanctus:sed
655 1794 748 1849 per
764 1782 1001 1833 omnium
1028 1781 1306 1833 hominum
1326 1781 1537 1851 linguas
1560 1782 1749 1837 victori

153 1868 354 1924 obtulit
369 1868 717 1935 laudes.Quia
730 1869 871 1923 enim
884 1872 1122 1925 omnium
1140 1872 1441 1942 linguarum
1456 1872 1748 1937 eratsalns,

143 1959 280 2015 ideo
296 1962 438 2015 omni
470 1961 650 2030 lingua
675 1974 877 2027 perora
903 1962 1267 2029 apostolorum
1302 1962 1510 2017 locutus
1534 1973 1613 2018 est
1635 1961 1750 2033 Spi-

150 2052 317 2105 ritus.
345 2051 407 2104 Et
433 2051 632 2105 exinde
652 2050 763 2119 jam
791 2053 1219 2121 vocabatgentes
1245 2070 1341 2123 per
1370 2055 1703 2109 initiamenta
1729 2074 1745 2110 :

148 2142 488 2212 implebatur
515 2152 693 2197 autem
736 2155 789 2197 et
810 2146 1165 2213 praecedentis
1206 2145 1513 2201 festivitatis
1542 2147 1743 2201 laetitia.

145 2227 365 2285 Pascha
410 2232 553 2284 enim
600 2232 910 2287 festivitatis
942 2235 1129 2289 mortis
1170 2244 1566 2289 sacramentum
1604 2237 1655 2289 in
1688 2250 1748 2290 se

155 2323 601 2385 continens,tunc
621 2324 1307 2392 recipieliatfructum,cum
1334 2326 1746 2382 fiebatrecursio

1858 1151 2086 1197 mortem
2135 1152 2312 1197 autem
2369 1143 2638 1198 mirabilia
2671 1160 2793 1215 quae
2834 1161 2934 1215 per
2974 1152 3247 1220 apostolos
3296 1153 3441 1213 facta

1854 1243 2004 1298 sunt,
2038 1235 2369 1289 contlrmant
2410 1237 2537 1305 quia
2570 1237 2663 1305 qui
2709 1240 2958 1298 mortuus
3000 1252 3085 1297 est
3139 1249 3441 1303 resurrexit

1855 1334 1911 1381 et
1942 1325 2095 1381 vivit.
2132 1325 2287 1382 Unde
2308 1335 2365 1382 et
2393 1327 2598 1397 majora
2626 1340 2841 1387 servata
2870 1344 2999 1389 sunt
3022 1336 3295 1395 mirabilia
3319 1350 3441 1411 post

1855 1425 2107 1482 mortem,
2132 1432 2293 1486 quam
2317 1433 2381 1473 ea
2413 1435 2534 1490 qua:
2552 1430 2679 1477 ante
2711 1434 2939 1480 mortem
2964 1438 3089 1483 sunt
3112 1430 3273 1488 facta.
3300 1432 3439 1501 Quia

1852 1509 1999 1564 enim
2032 1510 2405 1567 incretlibilior
2447 1510 2779 1573 resurrectio
2808 1519 3021 1577 Domini
3070 1526 3245 1597 magis
3272 1543 3438 1597 quam

1859 1600 2127 1659 adventus
2151 1604 2267 1674 ejus
2293 1606 2345 1659 in
2383 1608 2606 1673 mundo,
2635 1609 2841 1680 majora
2876 1590 3254 1672 servata‘sunt
3285 1590 3441 1675 testi-

1851 1693 1953 1749 bus
2006 1698 2420 1757 resurrectionis
2452 1702 2744 1769 mirabilia,
2794 1714 2854 1759 ut
2875 1720 3259 1775 agnosceretur
3293 1712 3434 1783 (46‘)

1852 1789 1977 1857 quia
2011 1801 2254 1846 mortuus
2280 1793 2499 1863 quidem
2537 1806 2639 1862 est,
2670 1797 2763 1852 sed
2797 1802 3181 1857 resurrexitub
3214 1805 3436 1875 dispen-

1850 1880 2137 1947 sationem,
2164 1883 2298 1938 vivit
2328 1894 2506 1939 autem
2550 1898 2770 1958 propter
2802 1891 3075 1949 virtutem.
3121 1894 3253 1962 Quis
3285 1899 3433 1954 enim

1850 1988 2015 2030 ausus
2042 1986 2127 2031 est
2158 1977 2364 2043 dicere,
2392 1980 2518 2047 quia
2554 1996 2663 2036 non
2697 1985 2998 2039 resurrexit
3027 1986 3301 2055 Christus,
3338 1997 3434 2045 aut

1847 2066 2346 2137 coniessiliiles(47)
2371 2070 2595 2136 inimici,
2618 2081 2711 2126 aut
2736 2073 2852 2129 llcti
2883 2076 3080 2130 amici?
3113 2076 3278 2134 Putas
3296 2096 3432 2150 gen-

1851 2159 1970 2213 tiles
1999 2160 2272 2215 audebuut
2305 2161 2489 2217 dicere
2516 2163 2643 2232 quia
2680 2176 2929 2221 mortuus
2960 2177 3044 2222 est
3085 2178 3139 2223 et
3186 2187 3293 2223 non
3328 2186 3432 2227 re-

1848 2232 2125 2304 surr'exit‘!
2151 2250 2262 2305 Non
2300 2269 2484 2322 quacro
2517 2256 2647 2325 quid
2696 2257 2903 2326 dicant,
2934 2261 3030 2315 sed
3058 2262 3187 2331 quid
3217 2248 3430 2331 patian-

1851 2349 1955 2395 tur.
1983 2340 2039 2395 Si
2079 2344 2220 2397 enim
2247 2355 2392 2399 stant
2414 2362 2601 2402 eorum
2634 2350 2852 2419 templa,
2881 2368 2985 2407 non
3015 2358 3332 2411 resurrexit.
3366 2354 3426 2413 Si

146 2405 365 2465 Domini
394 2412 459 2465 ad
506 2412 690 2466 caelos.
714 2411 829 2469 Non
848 2415 991 2468 enim
1007 2414 1155 2468 venit
1173 2424 1227 2467 ut
1248 2416 1482 2468 moriens
1509 2430 1735 2470 morere-

1849 2451 1956 2491 non
1985 2436 2271 2501 destruxit,
2306 2440 2351 2493 si
2380 2454 2487 2494 non
2511 2440 2742 2496 conﬂata
2762 2457 2884 2499 sunt
2921 2460 3110 2502 eorum
3135 2449 3428 2506 simulacra

145 2505 267 2558 tur.
284 2497 375 2551 sed
396 2510 453 2551 ut
470 2513 563 2554 eos
575 2500 663 2568 qui
684 2504 877 2556 mortui
898 2502 1110 2557 fuerant
1124 2504 1331 2557 vivitica
1344 2514 1440 2558 ret.
1459 2503 1738 2559 Laetamur

134 2584 319 2659 igitur
334 2591 512 2645 omnia
538 2610 551 2644 :
575 2592 710 2647 forte
727 2603 904 2646 autem
930 2604 984 2647 et
1015 2605 1259 2648 creatura
1278 2614 1289 2647 :
1310 2597 1509 2650 clarior
1522 2598 1665 2652 enim
1684 2607 1738 2652 et

143 2681 235 2736 sol
277 2691 395 2747 est,
440 2684 731 2737 secundum
767 2700 1003 2753 praesens
1037 2688 1138 2741 hoc
1186 2697 1393 2755 tempus
1438 2690 1739 2752 :prolixior

132 2774 298 2828 enim
312 2782 368 2826 et
389 2771 568 2826 lumen
586 2774 813 2829 habetur
834 2775 946 2848 (44)
970 2792 983 2830 :
1008 2787 1062 2832 et
1081 2781 1319 2832 omnium
1339 2784 1636 2850 completus
1652 2791 1737 2838 est

144 2862 366 2918 fructus
400 2874 498 2919 :et
521 2868 868 2921 consentiunt
905 2868 1077 2923 ollicia
1113 2871 1521 2940 dispensationi.
1550 2874 1733 2928 Soluta

141 2964 336 3010 autem
366 2957 519 3011 nobis
560 2966 642 3011 est
677 2968 731 3012 et
769 2962 1036 3016 sententia
1067 2978 1080 3014 :
1128 2972 1376 3017 revocata
1434 2975 1516 3019 est
1551 2976 1733 3021 nostra

140 3046 425 3102 restitutio
465 3063 479 3101 :
512 3046 816 3103 obedientia
857 3052 1000 3103 enim
1038 3053 1284 3117 veniens,
1325 3054 1728 3117 prrevaricatio-

140 3138 239 3192 nis
272 3154 461 3208 poenas
487 3142 643 3207 ejecit
671 3159 686 3194 :
725 3140 928 3209 iustitia
953 3144 1357 3197 subintroducta
1392 3145 1731 3214 iniquitatem

139 3232 393 3301 repulit:
426 3234 645 3287 veniens
692 3235 801 3287 vita
855 3245 1083 3289 mortem
1144 3237 1532 3290 mortificavit:
1588 3238 1730 3293 Deus

141 3321 487 3377 descendens
532 3324 803 3377 hominem
854 3326 1103 3393 perduxit
1140 3329 1206 3379 ad
1258 3329 1445 3383 caelos.
1486 3328 1732 3400 Undique

138 3412 319 3479 igitur
366 3412 598 3484 fulgores
655 3413 963 3470 festivitatis
1010 3416 1285 3472 lucescant
1328 3418 1461 3490 (45).
1504 3421 1728 3476 Sursum

142 3506 328 3569 chori,
396 3507 448 3560 in
506 3516 649 3560 terra
711 3506 929 3565 laetitiae.
1000 3507 1239 3564 Tristant
1303 3512 1439 3565 bona
1496 3514 1727 3581 malum,

137 3595 299 3664 luget
350 3595 701 3667 semetipsum
761 3597 1047 3653 diabolus:
1097 3600 1250 3655 decet
1312 3604 1453 3656 enim
1484 3619 1606 3657 eum
1650 3604 1731 3657 lu-

138 3699 266 3743 ctus
294 3702 420 3742 suus
444 3707 458 3741 :
495 3688 683 3757 lugent
714 3690 894 3745 adhuc
918 3704 1091 3760 usque
1112 3694 1407 3759 daemones,
1439 3703 1494 3748 et
1520 3706 1726 3749 semet-

140 3780 296 3849 ipsos
317 3781 617 3849 deplorant.
659 3780 891 3837 Tantum
945 3758 1088 3838 enim
1133 3794 1192 3837 ut
1239 3758 1517 3841 nominata
1564 3758 1798 3844 fueritC

137 3886 301 3936 crux,
343 3880 643 3940 agnoscunt
686 3874 921 3944 plagam,
958 3883 1012 3931 et
1055 3891 1165 3932 non
1196 3876 1462 3932 sufferunt
1504 3896 1723 3936 nomen.

134 3961 215 4017 Et
248 3977 315 4018 ne
344 3964 465 4033 quis
513 3974 662 4034 putet
702 3967 928 4022 oblitum
977 3983 1063 4023 me
1096 3968 1263 4024 fuisse
1297 3971 1564 4027 hesternae
1603 3988 1726 4043 pro-

139 4054 610 4122 missionis-mete;
643 4059 1065 4127 promiseramus
1092 4062 1238 4115 enim
1267 4062 1329 4116 de
1364 4067 1724 4121 resurrectio-

136 4158 216 4200 ne
272 4145 451 4201 dicere
494 4146 651 4215 heri;
702 4150 1030 4220 exposcebat
1082 4153 1230 4209 enim
1284 4163 1515 4225 tempus.
1569 4156 1725 4213 Sicut

135 4238 292 4293 enim
346 4239 462 4294 heri
493 4238 559 4294 de
589 4243 989 4299 resurrectione
1038 4256 1216 4301 motus
1254 4257 1338 4301 est
1378 4262 1561 4305 sermo
1592 4267 1607 4305 :
1644 4250 1721 4305 ita

136 4330 270 4399 quia
304 4327 571 4386 festivitas
621 4347 928 4401 regressum
982 4335 1193 4390 Domini
1240 4337 1465 4407 requirit
1513 4340 1578 4393 ad
1626 4339 1725 4394 Pa-

139 4431 305 4475 trem.
340 4419 618 4476 Firmatur
658 4433 838 4477 autem
892 4423 1169 4479 hominum
1205 4429 1561 4493 resurrectio,
1598 4444 1720 4484 cum

137 4514 452 4583 apparuerit
500 4512 670 4569 Filius
716 4528 966 4570 reversus
1013 4517 1079 4569 ad
1129 4515 1370 4573 Patrem.
1426 4518 1496 4573 Et
1551 4522 1724 4588 majus

135 4605 447 4660 ostenditur
458 4608 600 4675 quod
615 4606 944 4676 propositum
956 4616 1061 4673 est,
1078 4624 1199 4664 cum
1216 4613 1530 4679 apparuerit
1545 4629 1724 4670 resur-

136 4696 312 4751 rectio
340 4696 454 4764 ejus
475 4698 566 4767 qui
597 4700 878 4754 suscitavit
906 4700 1041 4774 (46).
1072 4702 1347 4773 Siquidem
1367 4708 1723 4775 etApostolus

136 4787 329 4844 volens
350 4792 636 4846 ostendere
673 4792 793 4861 quia
822 4805 1111 4864 resurgunt
1141 4796 1406 4863 homines,
1438 4799 1505 4853 ad
1542 4816 1723 4855 resur.

139 4881 443 4936 rectionem
479 4882 691 4938 Domini
736 4888 1037 4943 transmisit
1072 4903 1226 4942 suum
1279 4904 1621 4957 sermonem,
1666 4903 1723 4947 et

137 4970 315 5026 dixit:
346 4968 407 5027 Si
436 4975 785 5042 compatimur
807 4987 861 5029 ut
890 4989 939 5032 et
968 4980 1127 5033 simul
1167 4978 1521 5051 gloriﬁbemur
1542 4985 1609 5039 “.
1656 4984 1720 5043 Si

134 5065 335 5117 mortui
370 5080 474 5119 non
503 5075 803 5137 resurgunt,
833 5085 994 5140 neque
1038 5071 1279 5129 Christus
1306 5080 1592 5132 resurrexit
1619 5078 1663 5111 “
1701 5100 1714 5136 :

133 5160 201 5207 ut
230 5167 299 5209 ex
332 5154 433 5209 hoc
460 5157 803 5213 manifestum
836 5162 926 5225 sit,
955 5163 1233 5220 hominum
1262 5172 1713 5229 resurrectionem

133 5247 294 5317 sequi
325 5247 535 5305 Domini
564 5253 1041 5312 resurrectionem.
1078 5256 1140 5313 Et
1195 5261 1463 5317 mirabilia
1491 5266 1711 5336 quidem

210 5357 260 5393 “
291 5358 451 5417 Rom.
482 5378 602 5431 vtn,
638 5366 726 5420 l7.
824 5368 866 5399 ⁶²
892 5364 909 5420 Ι
936 5368 1063 5426 Cor.
1090 5388 1180 5439 xv,
1206 5374 1294 5430 l6.

356 5496 458 5581 bis.
490 5499 597 5581 Per
620 5519 772 5581 quem
799 5515 1008 5581 mortua
1030 5511 1236 5581 quidem
1269 5530 1430 5571 mors.

234 5495 325 5641 ‘3;
356 5496 458 5555 Hs.
490 5499 597 5555 Per
620 5519 772 5574 quem
799 5515 1008 5562 mortua
1030 5511 1236 5581 quidem
1269 5530 1430 5571 mors.

230 5564 300 5645 μ
374 5568 476 5651 Ms:
528 5569 798 5651 Prolixius
820 5579 957 5631 enim
1011 5594 1057 5634 et
1095 5582 1268 5637 lumen
1310 5590 1552 5647 habetur.
1583 5591 1717 5651 Pro-

133 5632 530 5722 mlpLes_etiim
568 5652 696 5697 tunc
722 5647 837 5701 dies
864 5663 985 5704 esse
1015 5632 1301 5722 incipiunt.

352 5707 452 5764 Is.
482 5710 793 5772 Lucescunt.

201 5707 319 5852 {:8
360 5775 664 5843 Suscitatn't.
704 5785 793 5843 [θοι

360 5775 664 5843 Suscitavit.
704 5785 865 5845 Forte
885 5792 1182 5848 suscitabit.

1841 2532 1961 2593 poSt
1992 2543 2231 2593 crucem,
2266 2546 2372 2585 non
2403 2536 2725 2601 resurrexit,
2749 2537 2839 2604 qui
2862 2539 3043 2608 arguit
3070 2555 3133 2595 ea
3162 2558 3281 2612 qua!
3314 2558 3421 2599 non

1840 2620 2050 2674 vivunt.
2081 2620 2139 2675 Si
2170 2637 2275 2678 non
2298 2623 2649 2694 increpantur
2677 2628 2897 2685 nomine
2932 2634 3109 2687 crucis
3128 2648 3319 2689 eorum
3346 2635 3425 2691 dil

1837 2721 1893 2767 et
1923 2713 2215 2780 daemones,
2262 2732 2367 2772 non
2418 2722 2718 2775 resurrexit
2754 2722 2845 2791 qui
2891 2725 2978 2778 his
3009 2727 3100 2794 qui
3137 2742 3243 2781 non
3294 2738 3422 2783 sunt

1840 2806 2099 2862 terribilis
2158 2808 2432 2865 habetur:
2472 2814 2803 2869 confitentur
2854 2817 3000 2871 enim
3036 2828 3091 2873 et
3146 2824 3422 2877 daemones

1838 2919 2295 2976 resurrectionem
2327 2922 2553 2980 Christi.
2585 2927 2685 2994 Qui
2722 2930 2865 2985 enim
2911 2934 3259 2997 exorcizant,
3294 2948 3427 2989 orn:

1838 3024 1955 3064 cem
1983 3010 2195 3067 Domini
2225 3017 2531 3082 nominant,
2574 3030 2628 3074 et
2674 3025 3126 3079 resurrectionem
3171 3043 3186 3079 :
3225 3036 3279 3080 et
3320 3042 3424 3083 no-

1840 3102 1984 3156 mine
2014 3104 2133 3172 ejus
2162 3107 2255 3174 qui
2294 3119 2540 3163 mortuus
2575 3120 2658 3166 est
2690 3125 2746 3168 et
2792 3119 3093 3171 resurrexit
3126 3118 3417 3187 increpan-

1838 3196 1936 3253 tes,
1972 3206 2077 3243 non
2104 3200 2163 3243 ut
2197 3192 2567 3249 inobedientes
2607 3205 2699 3249 aut
2747 3200 3182 3257 contradicentes
3216 3203 3420 3258 habent

1835 3280 2133 3347 daemones,
2170 3287 2262 3339 sed
2291 3285 2646 3343 obaudientes
2680 3299 2732 3344 et
2776 3294 3179 3349 corisentientes
3234 3310 3419 3350 resur-

1833 3374 2148 3428 rectionem.
2206 3376 2310 3431 Sed
2366 3377 2534 3432 Judaei
2591 3381 2841 3437 dubitant
2893 3386 2960 3439 de
3012 3388 3416 3442 resurrectione

1834 3464 2057 3520 Christi.
2095 3466 2312 3522 Utinam
2343 3485 2452 3524 non
2494 3472 2825 3539 dubitarent,
2865 3485 2925 3531 ut
2955 3486 3009 3532 et
3037 3478 3137 3547 ipsi
3164 3495 3416 3553 resurge-

1833 3566 1955 3611 rent
1983 3560 2294 3633 a_peccatis
2321 3562 2453 3623 suis.
2505 3562 2557 3617 in
2592 3568 2789 3633 quibus
2830 3569 3026 3622 mortui
3053 3580 3109 3623 et
3139 3585 3264 3626 vere
3289 3582 3416 3627 sunt

1832 3626 2063 3701 mortui!
2088 3649 2144 3704 Si
2170 3658 2348 3705 autem
2367 3626 2643 3719 dubitant,
2664 3656 2947 3710 ostendant
2964 3657 3237 3712 civitatem
3260 3675 3411 3714 suam

1831 3746 1950 3805 post
1979 3751 2040 3791 ea
2073 3754 2191 3807 qure
2217 3740 2333 3794 ausi
2368 3751 2514 3809 sunt,
2551 3752 2808 3798 stantem.
2860 3744 2926 3799 Et
2956 3758 3081 3799 vere
3127 3746 3219 3813 qui
3248 3761 3418 3801 .mor-

1834 3836 1956 3883 tuus
1980 3829 2062 3883 est
2093 3841 2338 3887 mortuus
2369 3843 2472 3899 est,
2515 3836 2641 3904 quia
2671 3845 2816 3891 stant
2842 3836 2932 3909 qui
2962 3834 3253 3893 aﬂixerunt
3280 3851 3410 3893 cru-

1826 3919 1897 3973 ci.
1920 3920 1982 3974 Si
2016 3932 2198 3978 autem
2226 3924 2441 3980 deserta
2472 3937 2555 3982 est
2594 3928 2789 3984 civitas
2830 3930 2899 3985 ob
2932 3932 3216 3986 audaciam
3266 3931 3405 3985 inco-

1825 4010 2019 4075 larum,
2046 4014 2137 4084 qui
2173 4025 2295 4083 post
2333 4028 2561 4073 mortem
2588 4020 2799 4076 cruciat
2828 4036 2923 4076 eos
2953 4023 3078 4090 quia
3112 4029 3265 4085 sunt,
3310 4020 3417 4077 ullo

1824 4114 1931 4170 que
1957 4102 2141 4157 vivens
2164 4105 2218 4159 id
2249 4107 2409 4177 gerit.
2436 4108 2494 4163 Si
2519 4124 2623 4164 non
2640 4112 2808 4166 servit
2834 4126 3021 4167 eorum
3047 4127 3209 4185 gens,
3227 4113 3270 4167 si
3296 4127 3405 4167 non

1825 4204 2232 4252 excusaverunt
2264 4215 2422 4254 suum
2462 4216 2675 4273 regem,
2723 4205 2768 4259 si
2817 4215 2902 4262 est
2938 4222 3059 4261 cum
3096 4206 3229 4276 ipsis
3278 4220 3408 4276 pro-

1826 4283 2025 4352 pheta;
2060 4302 2166 4341 non
2197 4299 2281 4344 est
2332 4290 2508 4347 Iactus
2538 4294 2715 4350 exitus
2744 4297 3142 4366 pradicatiouis
3170 4299 3412 4367 prophe-

1826 4383 2025 4429 tarum.
2061 4377 2118 4431 Si
2154 4389 2335 4434 autem
2366 4382 2560 4440 civitas
2584 4401 2772 4441 eorum
2803 4388 3021 4444 deserta
3038 4400 3141 4455 est,
3158 4390 3202 4444 si
3236 4387 3411 4445 altare

1818 4462 1932 4534 jam
1961 4480 2066 4521 non
2098 4479 2181 4522 est
2209 4470 2312 4536 eis,
2362 4488 2464 4528 aou
2498 4478 2777 4542 sacerdos,
2814 4492 2919 4532 non
2966 4494 3085 4545 rex,
3137 4494 3242 4533 non
3280 4494 3404 4548 pro-

1824 4554 2006 4619 Phelao
2045 4570 2151 4609 ηοη
2181 4559 2433 4628 spiritus;
2461 4577 2559 4632 per
2582 4579 2741 4633 quem
2776 4565 2916 4621 ista?
2948 4564 3004 4621 Si
3037 4576 3220 4621 autem
3245 4577 3303 4622 et
3324 4565 3407 4622 di-

1823 4650 1975 4695 catur
2000 4651 2069 4699 ab
2100 4647 2179 4701 eis
2214 4648 2567 4720 impudenter,
2617 4656 2743 4724 quia
2771 4657 3044 4713 civitatem
3095 4673 3279 4714 eorum
3307 4658 3408 4713 de-

1822 4738 2138 4789 struxerunt
2186 4738 2473 4809 humines;
2508 4752 2689 4800 utrum
2729 4748 3064 4803 concedente
3096 4748 3208 4804 Deo
3240 4758 3297 4804 et
3329 4749 3405 4803 ita

1822 4824 2189 4892 permittente,
2226 4831 2398 4901 magis
2430 4842 2611 4889 autem
2658 4837 3013 4907 Indignante?
3034 4838 3222 4893 dicant
3272 4854 3409 4893 cau-

1822 4923 1936 4963 sam
1986 4919 2211 4980 peccati.
2243 4918 2410 4977 Putas
2436 4934 2657 4993 propter
2687 4927 3092 4982 idololatriam?
3142 4937 3200 4984 et
3255 4938 3407 4985 certe

1821 5016 1965 5059 nunc
1993 5006 2132 5062 idola
2163 5025 2269 5066 non
2311 5013 2513 5091 colunt.
2550 5016 2656 5072 Sed
2689 5020 2815 5088 quia
2860 5022 3153 5089 prophetas
3180 5023 3405 5076 occide-

1701 5100 1796 5161 τι)
1826 5103 1952 5149 runt
2006 5092 2421 5169 aliquandoi‘et
2477 5118 2625 5163 certe
2675 5125 2801 5164 cum
2850 5124 2944 5166 eos
3004 5112 3403 5177 interficerent.

1827 5183 2142 5244 habitabant
2165 5193 2444 5250 civitatem
2486 5212 2662 5253 suam.
2691 5198 2797 5254 Sed
2821 5203 2947 5269 quia
2979 5203 3235 5273 templum
3267 5218 3404 5259 con-

1821 5278 2153 5339 taminarunt
2175 5285 2499 5357 aliquando?
2526 5298 2582 5346 et
2601 5300 2748 5347 certe
2777 5296 3207 5351 contaminantes
3237 5294 3410 5351 babe-

1896 5530 2031 5671 346‘)
2060 5534 2159 5591 Ms.
2184 5535 2251 5591 Ut
2284 5553 2693 5607 cognosceretur.
3316 5610 3319 5615 ν

1924 5604 2012 5671 Π)
2069 5606 2168 5662 Ms.
2215 5609 2531 5671 Confessiles
2557 5631 2581 5669 ξ
2609 5613 2778 5671 auerti
2814 5624 2869 5669 et
2900 5614 3141 5671 professi
3173 5618 3319 5671 inimi

1924 5604 2168 5689 ιη’-λίς.
2210 5604 2531 5689 confessi!“
2557 5631 2591 5689 .j_
2609 5613 2778 5683 aperti
2814 5624 2869 5669 et
2900 5614 3141 5686 professi
3173 5610 3401 5689 inimici,

1997 5676 2088 5799 l‘ib.
2108 5694 2159 5804 ἑὲ
2185 5680 2249 5731 de
2275 5674 2592 5753 incorporati
2618 5674 2737 5755 post
2766 5674 2915 5742 med:
2952 5704 3122 5743 nonne
3148 5674 3403 5758 confessi:

1854 5762 1870 5799 t
1948 5762 2001 5800 es
2029 5788 2049 5813 ,
2075 5764 2103 5803 e
2164 5786 2180 5804 .
