4048 6322
1348 321 1613 379 EUSEBII
1650 319 2119 378 CESARIE‘NSIS
2154 319 2303 376 OPP.
2347 317 2525 374 PARS
2562 317 2657 377 IV.
2695 348 2766 361 —
2803 316 3227 376 DOGMA'I'ICA.

3759 317 3885 377 ιωι

645 440 797 497 bant.
829 439 957 506 Qua
978 453 1110 509 ergo
1134 454 1292 496 causa
1319 451 1401 495 est
1420 449 1478 495 ut
1502 441 1579 496 Ira
1609 441 1869 496 adversus
1897 456 1992 496 eos
2022 441 2093 496 sit
2117 439 2207 494 Dei
2237 445 2283 503 Α
2311 455 2416 505 res,
2439 449 2486 492 et
2509 439 2639 504 ipsa
2670 437 2947 505 fornicata:
2967 448 3090 492 sunt
3122 453 3176 491 ιιι
3194 435 3431 506 ,εῃςριο
3461 434 3519 489 in
3543 434 3886 490 adolescentis

649 523 830 579 nunc?
871 524 934 577 Et
981 534 1125 583 certe
1171 525 1462 578 secundum
1519 525 1756 592 ipsorum
1787 541 2094 580 sermOnem
2144 535 2204 578 ut

651 618 818 674 aiunt.
853 618 1054 668 utinam
1087 616 1373 669 videamur
1426 618 1833 687 religiositatem
1878 617 2103 673 fecisse!
2155 617 2210 672 Si

647 706 788 757 enim
822 703 1112 757 solventem
1141 705 1332 772 legem,
1380 715 1435 759 et
1480 708 1545 760 de
1573 707 1688 776 lege
1713 714 1896 760 contra
1929 707 2209 762 facientem

648 794 959 846 invenerunt
991 793 1269 845 Dominum
1295 792 1570 856 Iesuui,et
1591 811 1695 848 non
1732 795 1950 858 invidia,
1978 798 2070 849 sed
2097 797 2212 849 uelo

647 898 743 951 pro
783 885 897 951 iugi:
928 882 1212 935 aﬂixeriint
1242 885 1388 937 cruci
1427 901 1439 938 :
1475 885 1758 952 oportebat
1794 884 1960 938 Deut
2006 896 2062 938 et
2108 885 2211 939 alia

644 971 727 1026 eis
759 983 978 1040 peccata
1012 973 1280 1025 dimittere
1305 975 1472 1040 magis
1499 985 1718 1043 propter
1742 973 1896 1026 istam
1922 975 2211 1041 justitiam,

644 1079 805 1134 quam
831 1081 972 1120 nunc
992 1081 1085 1120 eos
1104 1066 1172 1119 ita
1203 1069 1408 1134 punire.
1437 1067 1498 1121 Et
1521 1069 1644 1121 licet
1676 1068 1773 1136 ipsi
1802 1079 1985 1121 essent
2027 1084 2210 1135 pecca—

646 1164 814 1220 tores,
842 1166 900 1211 et
946 1156 1049 1211 alia
1088 1158 1347 1212 haberent
1398 1168 1655 1227 peccata;
1715 1168 1892 1214 tamea
1947 1156 2212 1214 Dominus

648 1243 806 1302 Iesus
831 1287 848 1311 ,
879 1262 1037 1317 quem
1086 1249 1183 1320 ipsi
1227 1249 1329 1320 legi
1378 1251 1651 1304 contraria
1694 1247 1980 1305 facientem
2009 1254 2209 1316 dixere,

645 1354 771 1395 cum
802 1341 942 1409 apud
976 1357 1072 1398 eos
1118 1352 1284 1405 esset,
1320 1342 1645 1411 praedicebat
1677 1343 1804 1413 quis
1840 1346 2210 1400 destrueretur

642 1445 831 1486 eorum
882 1433 1158 1503 templum,
1219 1442 1274 1487 et
1325 1433 1729 1502 depraedaretur
1777 1450 1965 1491 eorum
2020 1438 2212 1494 civitas

650 1534 868 1591 propter
888 1525 937 1576 id
962 1525 1102 1593 quod
1137 1530 1392 1581 advenas
1423 1542 1482 1582 se
1511 1528 1800 1584 audebant.
1824 1529 1947 1584 Etsi
1981 1530 2077 1600 ipsi
2109 1531 2210 1586 alia

2312 547 2410 583 sua
2445 529 2514 582 “.
2553 527 2863 584 Forniratio
2913 537 3094 582 autem
3123 527 3175 580 in
3209 526 3495 595 Scriptura
3530 527 3606 580 ita
3660 528 3887 593 ponitur,

2311 622 2439 691 quia
2461 623 2760 675 secundum
2792 619 3217 674 misericordiam
3251 619 3591 687 dignabatur
3624 618 3767 672 Deus
3789 631 3890 672 tan-

2312 726 2476 782 quam
2524 711 2858 780 conjungens
2907 711 3008 763 sibi
3043 721 3167 764 tunc
3221 709 3436 778 quidem
3497 711 3888 781 Synagogam,

2313 817 2456 856 nunc
2482 811 2662 856 autem
2689 799 3007 854 Ecclesiam.
3057 799 3140 853 Ab
3189 814 3254 853 eo
3294 817 3424 870 ergo
3455 800 3548 870 qui
3592 799 3889 853 secuqu

2313 889 2745 944 misericordiam
2780 887 3142 956 coniungebat
3178 889 3434 951 recessio,
3472 900 3528 941 et
3551 887 3894 941 daemonibus

2313 981 2640 1049 coniunctio,
2665 991 2717 1035 et
2744 980 3071 1042 idololatria,
3095 979 3384 1034 fornicatio
3423 981 3736 1034 secundum
3761 979 3897 1032 Seri-

2315 1083 2529 1142 ptursm
2566 1071 2867 1126 rectissime
2924 1071 3250 1127 nominatur.
3288 1070 3421 1138 Quia
3457 1064 3778 1141 ergo'idola
3813 1085 3898 1125 eo-

2313 1165 2500 1220 lebattt
2531 1165 2583 1218 in
2629 1163 2891 1235 Egypto.
2938 1165 3058 1219 ideo
3097 1179 3192 1234 per
3237 1163 3553 1233 prophetam
3611 1162 3735 1214 ait:
3771 1158 3897 1214 Duc

2312 1263 2464 1310 erant
2489 1270 2716 1317 sarcres,
2744 1264 2795 1308 et
2844 1255 2973 1321 ipse
3003 1255 3276 1321 Ioruicatc
3302 1260 3423 1306 sunt
3448 1252 3504 1304 iit
3534 1248 3898 1303 adolescentia

2313 1362 2410 1401 sua
2453 1349 2509 1400 in
2540 1344 2793 1415 ligypto.
2826 1345 3069 1413 Denique
3109 1355 3164 1400 et
3205 1343 3367 1413 onsi
3409 1357 3710 1399 successor
3743 1337 3900 1394 Jesus

2313 1438 2476 1497 Nave.
2514 1438 2780 1491 mandans
2808 1435 3006 1504 populo
3034 1435 3100 1489 de
3135 1451 3234 1490 suo
3278 1435 3424 1489 exitu
3470 1435 3608 1487 dicit
3644 1448 3659 1484 :
3693 1429 3900 1497 Quibus

2315 1530 2468 1585 vultis
2506 1531 2700 1584 seruire
2732 1528 2880 1582 diis?
2928 1525 3070 1582 Nunt
3118 1528 3199 1580 his
3243 1543 3369 1597 quos
3397 1526 3682 1580 coluerunt
3726 1535 3899 1588 patres

659 1615 924 1669 habebant
953 1627 1193 1684 peccata,
1238 1617 1377 1674 Deus
1408 1631 1585 1674 autem
1622 1637 1724 1674 non
1769 1622 2040 1676 videretur
2066 1640 2215 1679 men-
2313 1621 2539 1675 ssstriiit
2564 1618 2798 1690 λεπριο
2817 1621 2904 1674 ⁸δῖ
2937 1619 3074 1686 Quid
3099 1631 3276 1672 autem
3307 1634 3440 1687 opus
3479 1626 3563 1671 est
3594 1615 3897 1684 prophetas

658 1708 787 1772 dax,
821 1719 872 1759 ut
901 1708 997 1778 ipsi
1041 1708 1432 1778 blaspbcmant,
1464 1713 1796 1767 inveniretur
1825 1725 2004 1768 autem
2028 1730 2209 1783 verax,

2312 1710 2544 1766 vocare?
2578 1710 2754 1778 ipsum
2800 1709 2966 1765 Israel
2999 1701 3189 1764 testem
3217 1711 3502 1762 adversum
3551 1723 3616 1762 se
3645 1715 3702 1761 et
3751 1706 3899 1775 ipso-

657 1813 848 1865 passns
884 1801 1068 1870 utique
1102 1799 1292 1857 fuisset
1338 1803 1443 1859 alia
1487 1819 1673 1859 eorum
1708 1816 1952 1875 peccata,
1998 1819 2052 1861 ut
2082 1824 2211 1862 con-
2239 1785 2283 1842 Β
2315 1819 2431 1856 rum
2457 1815 2645 1855 vocem
2677 1803 2944 1870 produco,
2987 1810 3045 1854 ut
3082 1800 3362 1855 ostendam
3397 1799 3524 1868 quia
3558 1797 3710 1852 idola
3761 1796 3902 1850 cole-

644 1891 951 1946 ﬁrmaretur
982 1895 1191 1947 docenti
1215 1897 1523 1965 prxtlicatio
1558 1898 1667 1962 illa,
1697 1913 1817 1968 quc
1846 1909 1900 1951 et
1922 1899 2078 1968 caecis
2112 1913 2208 1954 ex-

643 1982 780 2037 stitit
821 1984 1130 2049 manifesta,
1161 1996 1216 2039 et
1251 1989 1552 2044 videntibus
1588 1990 1873 2059 completa.
1922 1989 2211 2060 Apostolus

643 2077 784 2129 enim
834 2074 1030 2131 Paulus
1073 2078 1138 2131 ad
1187 2077 1405 2133 Galatas
1456 2080 1701 2135 scribens
1753 2082 1830 2135 ait
1872 2097 1886 2134 :
1925 2079 2063 2146 Quia
2089 2091 2213 2136 ante

643 2166 820 2221 oculos
878 2184 1060 2222 eorum
1107 2172 1392 2240 descriptus
1433 2183 1506 2227 est
1557 2173 1710 2227 Jesus
1750 2172 1989 2228 Christus
2043 2176 2212 2228 cruci-

641 2258 780 2326 ﬁxus
813 2259 877 2312 ⁸⁸.
912 2260 1023 2331 Ego
1047 2273 1227 2316 autem
1265 2273 1321 2316 et
1349 2265 1558 2318 audebo
1590 2265 1852 2319 adversus
1886 2281 1979 2320 vos
2007 2267 2208 2330 dicere,

648 2353 771 2419 quia
811 2367 988 2409 sermo
1043 2364 1167 2408 ante
1214 2355 1402 2410 oculos
1452 2367 1663 2410 vestros
1710 2358 1967 2411 describit
2027 2355 2209 2412 Iesum

643 2440 924 2497 Christum
955 2448 1315 2501 resurrexisse
1351 2463 1380 2500 a
1411 2449 1658 2503 mortuis.
1704 2447 1840 2513 Quid
1866 2450 2008 2502 enim
2060 2464 2211 2518 qui:-

644 2533 760 2588 ris?
798 2550 900 2588 non
934 2536 1178 2591 invenies
1215 2537 1382 2592 solent
1421 2539 1742 2593 clariorem:
1775 2545 1841 2594 ad
1884 2540 2212 2595 satisfactio-

644 2640 765 2678 nem
801 2624 909 2692 (43)
941 2630 1353 2684 resurrectionis
1380 2628 1617 2694 Domini,
1651 2634 1932 2701 gentilium
1963 2634 2210 2700 quotidie

641 2715 975 2770 deiicientem
1007 2719 1292 2772 culturam.
1319 2716 1718 2773 Protettduntur
1742 2731 1918 2776 autem
1954 2720 2210 2776 Ecclesiae

642 2803 806 2871 bona,
849 2816 898 2858 et
940 2807 1180 2874 quotidie
1209 2817 1483 2862 crescnnt.
1533 2804 1796 2864 Inimicus
1846 2825 1977 2880 ergo
2011 2819 2069 2863 ut
2109 2811 2207 2879 ipsi

643 2904 827 2963 putant
855 2894 1001 2963 legis,
1034 2896 1124 2963 qui
1156 2898 1390 2949 vindicat
1423 2899 1474 2949 in
1524 2899 1780 2952 adversos
1810 2909 1865 2953 et
1888 2902 2213 2956 domesticos

642 2999 791 3046 suos,
843 2986 1129 3048 exaltatur,
1173 2988 1318 3037 vivit.
1360 2985 1522 3039 Putas
1565 2999 1658 3040 aut
1707 3004 1810 3041 non
1869 2992 2052 3044 vivens
2101 2993 2213 3043 haec

2313 1893 2445 1946 bant
2490 1893 2544 1946 in
2592 1887 2852 1961 Egypto.
2883 1893 3020 1959 Quia
3075 1893 3220 1947 enim
3266 1900 3526 1946 exeuntes
3556 1892 3626 1945 de
3654 1887 3902 1960 Egypto

2311 1994 2468 2039 erant
2502 1985 2553 2038 in
2604 1985 2845 2049 deserto,
2875 1995 2928 2037 et
2974 1981 3190 2054 Moyses
3222 1982 3546 2037 ascenderat
3599 1994 3902 2050 apportare

2311 2075 2588 2145 sacrilegis
2618 2074 2812 2145 legem,
2830 2074 3190 2143 quadraginta
3207 2085 3387 2127 autem
3408 2073 3524 2132 dies
3545 2072 3904 2141 protenderat

2314 2167 2365 2222 in
2390 2178 2570 2220 monte
2596 2164 2810 2235 Moyses
2838 2183 2852 2219 :
2888 2175 3054 2235 caput
3090 2163 3241 2218 vituli
3271 2163 3374 2219 sibi
3406 2163 3737 2225 couilatttes,
3793 2164 3903 2216 cia-

2314 2260 2538 2313 mahant
2589 2259 2706 2313 suis
2762 2259 2963 2329 linguis
3017 2258 3307 2312 adversum
3343 2272 3448 2310 se:
3487 2254 3592 2309 Isti
3652 2256 3730 2308 dii
3787 2256 3900 2321 tui,

2312 2347 2505 2410 Israel,
2529 2349 2620 2418 qui
2649 2350 2935 2401 eduxerunt
2971 2359 3020 2401 te
3068 2349 3133 2400 de
3159 2357 3299 2402 terra
3318 2345 3542 2416 Δῑρςριί
3561 2347 3631 2398 ⁸⁸.
3664 2345 3784 2402 [Ioc
3807 2362 3904 2400 au-

2316 2453 2423 2496 tem
2457 2442 2822 2505 commendat,
2854 2443 2981 2511 quia
3023 2443 3112 2510 qui
3144 2453 3198 2496 rt
3249 2443 3302 2495 in
3351 2443 3571 2496 deserto
3610 2443 3904 2497 coluerunt

2314 2533 2456 2586 idola
2487 2532 2749 2586 facientes
2791 2531 2893 2585 sibi
2927 2531 3078 2583 vituli
3101 2541 3286 2597 caput,
3312 2539 3366 2584 et
3390 2531 3532 2598 apud
3553 2527 3889 2600 Egyptum.

2314 2622 2510 2678 Dixere
2527 2622 2670 2677 enim
2691 2640 2705 2676 :
2724 2620 2821 2674 Isti
2851 2621 2926 2674 dii
2954 2621 3057 2683 tui,
3084 2618 3283 2682 Israel,
3316 2622 3404 2689 qui
3437 2622 3736 2674 eduxerunt
3761 2633 3815 2673 te
3839 2622 3904 2673 de

2314 2729 2456 2770 terra
2487 2713 2728 2785 £gypti.
2764 2713 3149 2768 Accusantium
3179 2727 3278 2765 vox
3307 2721 3392 2766 est
3422 2711 3546 2779 quia
3580 2712 3905 2766 istiusmodi

2313 2807 2721 2862 venerabantur
2765 2805 2931 2866 idola,
2967 2805 3145 2858 ethos
3169 2802 3420 2858 colebant
3448 2812 3504 2856 et
3542 2802 3596 2856 in
3638 2801 3903 2873 Egypto,

2312 2899 2511 2967 quibus
2547 2907 2602 2952 et
2643 2897 2948 2950 reddebant
2979 2895 3217 2964 gratiam
3282 2894 3613 2962 egressionis
3646 2909 3787 2948 suae.
3847 2894 3906 2949 Si

2315 3000 2493 3043 autem
2525 2988 2786 3052 dixerint,
2819 2987 2944 3056 quia
2981 2985 3086 3038 alia
3115 2996 3334 3055 peccata
3367 2985 3658 3040 habuimus
3683 2985 3757 3039 ob
3782 3001 3906 3055 qua

645 3092 765 3144 qua:
797 3093 898 3130 non
933 3080 1168 3131 viventes
1215 3090 1460 3146 possunt,
1511 3080 1623 3148 ipse
1672 3081 1966 3147 operatur?
1995 3084 2210 3136 occasio
2237 3123 2278 3148 ρ
2316 3093 2370 3134 et
2396 3084 2462 3132 ad
2495 3081 2772 3133 desertum
2829 3080 3086 3148 perducta
3120 3095 3307 3132 eorum
3350 3078 3580 3141 civitas,
3626 3087 3682 3132 et
3729 3079 3904 3133 servit

645 3164 842 3218 Juda-is
880 3166 1020 3218 nulla
1058 3168 1238 3220 relicta
1275 3178 1379 3220 est.
1419 3168 1554 3221 Cum
1605 3170 1747 3222 enim
1805 3172 2024 3235 dicunt,
2082 3175 2205 3240 quia

647 3255 749 3306 alia
783 3266 999 3320 peccata
1042 3257 1347 3318 habuimus,
1377 3267 1428 3308 et
1483 3256 1602 3310 ideo
1633 3259 1787 3325 ejecti
1829 3273 2016 3312 sumus
2048 3274 2206 3313 nunc.

647 3344 885 3398 I’rimum
945 3359 1024 3399 est
1069 3350 1232 3411 enim,
1287 3350 1500 3416 quando
1546 3365 1648 3401 non
1705 3353 1947 3416 peccavit
2005 3351 2211 3404 Israel?

642 3439 858 3506 quando
895 3452 1000 3489 non
1034 3454 1126 3490 eos
1150 3449 1230 3490 est
1261 3453 1448 3506 passus
1481 3439 1621 3493 Deus
1654 3443 1755 3493 nisi
1793 3456 1935 3496 nunc
1988 3443 2157 3496 solum
2187 3443 2210 3495 ἲ

644 3528 830 3581 bonne
857 3534 906 3581 iu
933 3526 1165 3597 λεωριο
1211 3530 1345 3582 idola
1396 3530 1687 3585 colebant?
1716 3531 1877 3586 Putas
1911 3548 2040 3604 ergo
2077 3534 2206 3603 quia

644 3619 891 3672 colebant
918 3622 1051 3672 idola
1080 3620 1493 3688 primamistant
1527 3622 1978 3690 irreligiositatent
2008 3626 2205 3679 admit-

644 3720 834 3773 tentes,
854 3712 973 3763 ideo
999 3727 1100 3763 non
1121 3723 1245 3764 sunt
1262 3711 1418 3779 cjecti
1453 3713 1518 3767 de
1538 3711 1772 3783 Egypto
1791 3715 1812 3766 ?
1831 3715 1894 3768 Et
1921 3726 2067 3771 certe
2085 3733 2206 3770 cum

645 3804 827 3856 titlliIiS
857 3804 1086 3870 signis-ct
1113 3805 1368 3872 prodigiis
1395 3816 1448 3858 et
1480 3807 1837 3871 mirabilibus,
1865 3822 1985 3861 cum
2019 3823 2208 3877 percu-

645 3905 888 3947 terentur
922 3894 1153 3963 Aigyptii
1188 3896 1371 3953 decem
1403 3899 1594 3966 plagis,
1647 3898 1784 3952 liber
1828 3912 2008 3954 autem
2063 3910 2209 3955 esset

643 3984 806 4039 Israel
832 4001 859 4038 a
892 3989 1074 4039 decem
1108 3985 1277 4055 plagis
1318 3991 1637 4044 cohabitans
1679 3991 1894 4044 iisdem.
1937 3993 2004 4046 Et
2031 3995 2208 4062 operi-

644 4078 742 4130 bus
775 4076 884 4147 (49)
917 4079 1130 4146 quidem
1179 4088 1296 4130 erat
1328 4077 1567 4150 Egypti,
1622 4081 1712 4135 Dei
1760 4093 1941 4136 autem
1989 4086 2206 4138 miseri-

643 4171 821 4222 cordia
851 4185 878 4220 a
911 4169 1077 4238 plagis
1102 4167 1481 4238 Egyptiorunt
1528 4171 1868 4226 habebantur
1915 4174 2204 4232 immunes.

646 4260 701 4313 Si
732 4263 889 4329 igtur
921 4270 1137 4329 propter
1165 4260 1465 4314 istiusmodi
1491 4273 1708 4331 peccata
1735 4264 1906 4333 plaga:
1929 4275 2081 4331 sunt,
2118 4267 2209 4320 de-

644 4352 870 4406 buerant
899 4367 950 4404 Itt
979 4351 1209 4422 Aﬂgyplo
1237 4367 1359 4406 cum
1386 4355 1796 4409 adducebantur
1824 4358 1994 4426 plagae
2025 4359 2213 4412 adver-

2313 3188 2466 3241 gens,
2496 3182 2549 3225 et
2582 3186 2755 3239 neque
2782 3172 3041 3241 praplieta
3068 3188 3188 3225 cum
3221 3170 3350 3240 ipsis
3369 3181 3470 3230 est,
3508 3185 3684 3238 neque
3703 3169 3904 3234 altare,

2314 3280 2413 3319 nec
2447 3281 2560 3327 rex,
2603 3280 2702 3317 nec
2734 3266 3028 3328 sacerdos;
3061 3264 3204 3332 quod
3259 3273 3537 3332 peccatum
3584 3264 3767 3328 majus
3820 3273 3904 3318 est

2313 3355 2760 3424 irreligiositate?
2790 3356 2845 3408 Si
2883 3366 3064 3409 autem
3106 3355 3345 3409 colentes
3391 3355 3530 3408 idola
3565 3358 3615 3408 in
3659 3353 3903 3426 Aigypto

2314 3448 2568 3501 exierunt
2592 3463 2656 3501 ex
2689 3447 2958 3518 Egypto;
2985 3463 3087 3502 non
3108 3460 3223 3500 erat
3243 3447 3450 3501 facilius
3480 3448 3786 3517 irreligiose
3806 3463 3902 3506 eos

2312 3551 2534 3608 agentes
2557 3541 2694 3607 apud
2728 3536 2988 3601 Judzeam,
3018 3539 3210 3593 reverti
3248 3540 3298 3591 in
3327 3536 3607 3592 iudicant?
3639 3541 3745 3593 Sed
3779 3541 3902 3595 ausi

2319 3633 2666 3696 suntdicere,
2698 3631 2821 3699 quia
2853 3631 2971 3684 ideo
2997 3645 3138 3684 nunc
3162 3646 3266 3683 non
3295 3631 3555 3683 habemus
3573 3633 3899 3699 prophetas,

2311 3724 2435 3792 quia
2469 3722 2608 3775 inter
2625 3736 2812 3791 gentes
2841 3723 3014 3790 sparsi
3037 3724 3298 3774 videmur.
3323 3721 3419 3776 Ubi
3434 3737 3564 3787 ergo
3580 3725 3727 3776 venit
3751 3723 3901 3792 ilo,-

2310 3814 2433 3865 ses?
2451 3827 2626 3865 nonne
2643 3813 2692 3864 in
2711 3810 2970 3881 Egypto?
2991 3813 3077 3866 ubi
3097 3811 3289 3875 Maria,
3310 3829 3466 3866 soror
3481 3813 3692 3884 Moysi?
3715 3828 3902 3870 nonne

2311 3904 2368 3958 in
2396 3903 2662 3974 Egypto?
2700 3906 2788 3958 ubi
2818 3906 3154 3975 septuaginta
3197 3905 3340 3959 duo?
3369 3920 3547 3960 nonne
3585 3908 3638 3959 in
3679 3909 3902 3961 deserto

2310 3995 2591 4065 gentium?
2612 3996 2736 4050 Post
2760 3996 2873 4050 haec
2895 4008 3074 4050 autem
3093 3999 3179 4050 ubi
3205 3999 3388 4052 Daniel
3409 3997 3434 4050 ?
3455 4012 3636 4052 nonne
3655 4000 3707 4052 in
3722 3998 3904 4070 Baby-

2311 4086 2492 4140 lonia?
2524 4087 2621 4142 Ubi
2673 4097 2779 4142 tres
2808 4089 2926 4158 ejus
2971 4086 3208 4143 fratres?
3259 4106 3436 4145 nonne
3490 4092 3543 4144 in
3591 4092 3902 4163 Babylonia

2311 4180 2453 4248 apud
2498 4178 2722 4249 gentes?
2755 4177 2856 4235 Ubi
2897 4182 3100 4252 degunt
3139 4183 3230 4253 qui
3279 4183 3571 4254 jejunant?
3617 4200 3810 4240 nonne
3845 4188 3897 4240 in

2311 4271 2602 4340 gentibus?
2630 4272 2716 4325 ubi
2750 4269 2974 4327 ﬂamma
3014 4273 3281 4344 ignoravit
3302 4291 3454 4330 suam
3480 4278 3775 4331 naturam?
3807 4279 3898 4332 ubi

2310 4361 2606 4417 Zacharias
2653 4364 2950 4432 propheta?
2983 4367 3070 4418 ubi
3127 4368 3359 4435 Angelus
3405 4365 3560 4438 (50)?
3619 4366 3678 4421 Si
3713 4381 3897 4424 autem

645 4459 736 4497 sus
767 4442 1064 4514 Egyptios,
1096 4444 1208 4496 dari
1238 4452 1291 4497 et
1324 4441 1551 4510 «Iudaeis,
1579 4449 1671 4516 qui
1698 4463 1823 4502 cum
1846 4451 2207 4504 coliabitanti-
2243 4461 2285 4514 ι)
2315 4455 2488 4524 prima
2530 4464 2586 4510 et
2621 4456 2794 4509 media
2829 4457 2880 4509 in
2915 4459 3193 4527 gentibus,
3243 4474 3366 4513 cum
3423 4460 3554 4529 ipsis
3579 4473 3739 4515 erant
3776 4477 3897 4531 pm-

648 4537 748 4589 bus
791 4537 925 4588 idola
980 4537 1310 4604 adorabant,
1382 4539 1472 4607 qui
1527 4552 1585 4591 et
1637 4538 2012 4594 cohabitantes
2057 4541 2216 4595 simul
2317 4544 2512 4612 pheta.
2574 4543 2643 4598 Et
2669 4555 2822 4600 certe
2855 4548 2996 4614 apud
3031 4544 3383 4617 Babyloniam
3435 4557 3590 4601 extra
3647 4548 3748 4603 bos
3802 4551 3894 4618 qui

647 4643 767 4679 cum
795 4628 978 4679 iisdem
1009 4631 1321 4696 peccabaut.
1377 4629 1432 4683 Si
1469 4639 1652 4684 autem
1689 4630 1828 4684 idola
1859 4633 2074 4700 quidem
2119 4648 2216 4688 co-
2315 4633 2556 4705 praedicti
2585 4646 2745 4705 sunt,
2779 4654 2966 4693 omnes
2990 4637 3164 4693 Judaei
3207 4641 3568 4695 adoraveruut
3589 4641 3888 4709 imaginem

648 4716 789 4771 lebat
815 4719 864 4769 iit
897 4717 1126 4789 Egypto
1157 4720 1344 4787 Israel,
1383 4730 1437 4774 et
1466 4736 1572 4782 non
1606 4721 1779 4776 solum
1827 4739 1933 4776 non
1976 4724 2213 4792 accipie-

647 4806 738 4859 bat
772 4809 970 4877 plagas,
1006 4812 1165 4864 etiam
1191 4811 1490 4880 itreligiosa
1520 4827 1736 4882 gerens,
1762 4813 1856 4866 sed
1887 4812 1976 4865 alii
2006 4829 2102 4881 pro
2133 4815 2214 4868 eis

646 4900 879 4965 quaudiu
910 4911 964 4954 et
997 4902 1207 4955 exirent
1236 4904 1360 4970 isti;
1398 4919 1539 4956 nunc
1561 4904 1678 4956 sine
1700 4919 1862 4958 causa
1887 4916 2202 4960 causantur.

647 4991 796 5054 Quod
824 5004 1001 5045 autem
1039 4993 1176 5045 idola
1205 4993 1454 5046 colebant
1483 4992 1537 5045 ιιι
1563 4990 1794 5062 Egyuto
1827 4995 2010 5059 Israel,
2039 5006 2206 5049 testa-

645 5083 734 5130 tur
766 5080 978 5145 quidem
1008 5092 1063 5134 ct
1092 5081 1342 5136 Ezechiel
1402 5085 1666 5150 propheta
1723 5098 2048 5152 comparans
2072 5088 2207 5139 duas

643 5181 828 5223 eorum
858 5172 1201 5242 tnetropoles,
1239 5171 1579 5229 Hierusalem
1636 5174 1754 5226 dico
1791 5184 1843 5226 et
1879 5175 2206 5242 Samariam,

647 5258 853 5315 duabus
883 5265 1290 5329 c‘ousororibus,
1325 5273 1380 5318 et
1416 5264 1586 5317 dicit:
1627 5263 1758 5317 Date
1784 5277 1933 5318 erant
1960 5280 2210 5319 consero-

2315 4728 2485 4796 regis,
2515 4737 2698 4782 etnon
2729 4731 2852 4784 ideo
2886 4729 3121 4784 fraudati
3161 4741 3290 4784 sunt
3335 4747 3364 4785 a
3403 4731 3703 4802 praphetis.
3756 4736 3895 4799 Quia

2315 4829 2499 4872 autem
2534 4819 2898 4876 adoraverunt
2954 4821 3272 4892 imaginem,
3311 4823 3666 4878 comminatio
3713 4823 3897 4879 Nabu-

2311 4907 2652 4964 chodonosor
2673 4921 2801 4966 tunc
2825 4910 2968 4965 facta
2991 4913 3295 4967 adnuntiat.
3326 4912 3466 4968 Dicit
3487 4915 3631 4969 enim
3663 4931 3677 4966 :
3707 4915 3893 4971 Omnis

2313 5002 2401 5066 qui
2419 5017 2520 5054 non
2543 5005 2736 5057 cadens
2769 5004 3066 5057 adorarerit
3094 5005 3397 5074 imaginem,
3432 5007 3613 5060 statim
3656 5011 3894 5062 mittetur

2314 5093 2369 5145 in
2419 5093 2685 5151 fornacem
2735 5096 2870 5164 ignis
2920 5098 3157 5150 ardentis
3187 5096 3254 5154 η.
3317 5097 3384 5151 Et
3435 5101 3625 5153 aderat
3674 5103 3888 5169 quidem

2316 5182 2391 5237 iitt
2422 5186 2534 5255 (51)
2569 5188 2748 5242 oumis
2774 5187 2959 5242 Israel.
2999 5188 3134 5244 'I‘res
3173 5199 3354 5245 autem
3400 5192 3501 5246 soli
3534 5193 3738 5248 inventi
3763 5203 3890 5248 sunt

2318 5275 2408 5344 qui
2439 5291 2546 5331 non
2585 5279 2948 5334 adoraveraut
2978 5296 2994 5347 ;
3049 5281 3104 5336 in
3137 5280 3414 5338 ioruaceut
3449 5283 3604 5340 missi
3634 5296 3786 5352 sunt,
3837 5299 3888 5341 et

716 5400 760 5431 “
783 5397 900 5454 Gal.
937 5416 1016 5466 tit,
1051 5401 1136 5457 li.
1213 5402 1254 5433 ⁸⁸
1289 5402 1484 5458 Bacch.
1514 5417 1668 5466 xxiii,
1701 5402 1756 5456 5.
1830 5401 1875 5434 ⁸⁸
1898 5399 2011 5457 Jos.
2045 5419 2192 5471 ssiv,

2386 5411 2433 5443 ⁸³
2454 5412 2625 5468 Exod.
2658 5431 2830 5481 xxxii,
2857 5415 2910 5470 ι.
2988 5417 3034 5449 ⁸⁸
3058 5418 3189 5472 Dan.
3222 5435 3303 5485 Ill,
3335 5418 3388 5475 6.

717 5513 828 5585 (48)
864 5516 943 5569 δή
973 5516 1405 5585 satisfactionem.
1430 5517 1588 5574 Forte
1618 5517 1870 5574 iitGraco
1889 5518 2201 5575 fueritdm-

648 5581 854 5652 Misit,
878 5591 1015 5650 quod
1040 5581 1301 5653 interpres
1334 5588 1557 5642 verterit
1588 5587 2036 5644 satisfactioueiu:
2064 5593 2204 5647 sicut

649 5654 671 5710 Ξ
698 5656 814 5705 νει.
843 5655 1031 5724 "1,15,
1062 5657 1114 5713 in
1138 5658 1345 5723 vulgata
1370 5659 1828 5724 interpretatione.

719 5724 829 5787 (49)
863 5722 928 5777 Et
955 5722 1444 5784 ouenbusdﬁeusus
1493 5722 1669 5795 potest
1710 5742 1852 5796 esse,
1897 5729 2199 5785 idololatria

2308 5527 2498 5599 similis
2532 5529 2796 5599 {Egyptiis
2817 5541 2931 5584 erat
2955 5530 3143 5587 Israei.

2381 5597 2495 5670 (50)
2530 5597 2628 5670 ωτι
2652 5597 2899 5670 angelus.
2923 5599 3241 5659 Malechus.

2382 5667 2494 5740 (5i)
2525 5667 2550 5722 1
2559 5668 2639 5724 lli.
2673 5667 2833 5726 Forte
2858 5673 2989 5728 ειυς.
