4048 6322
177 372 314 427 ιυθτ

1226 369 1315 425 DE
1352 368 1956 427 RESURRECTIONE.
2002 401 2067 410 —
2106 368 2238 424 LIB.
2278 367 2343 425 Il.

3296 367 3318 421 Ι
3330 365 3433 423 098

176 486 249 541 ab
280 486 401 557 igne
415 482 607 541 salvati
634 492 781 541 sunt.
814 483 999 540 Daniel
1028 494 1206 541 autem
1240 487 1438 556 regalia
1471 487 1571 542 sibi
1601 502 1747 543 com-
1776 496 1821 553 Α
1850 492 2209 543 constantiam
2241 485 2379 558 (58),
2413 484 2655 556 praecipit
2690 499 2812 539 eum
2839 484 3039 541 induci.
3076 483 3191 541 Non
3220 497 3429 557 oporte-

176 583 344 636 missa
367 596 475 636 non
507 580 698 635 aderat
730 594 989 649 praesens.
1026 579 1083 636 Si
1112 580 1257 634 enim
1298 579 1584 646 adfuisset,
1607 596 1747 635 nun-

174 685 342 738 quam
383 686 412 724 a
435 670 698 741 quadriga
725 671 898 726 bonus
923 670 1274 725 remansisset
1304 684 1499 741 equus.
1544 670 1621 724 lta
1652 686 1750 724 au-

178 769 287 815 tem
333 776 431 815 nec
474 760 766 815 derelictus
790 771 875 816 est
921 760 1103 815 Daniel
1150 759 1222 816 ob
1271 760 1749 815 eomminationem

176 848 316 919 ignis
336 864 366 903 a
400 849 658 905 fratribus
686 849 802 905 suis
827 860 883 904 et
903 850 1120 905 illorum
1139 849 1402 922 martyrio
1439 865 1451 899 :
1487 852 1613 921 quia
1640 849 1749 905 fra-

172 949 286 994 tres
321 941 538 1011 quidem
574 940 695 1011 ejus
732 942 786 995 in
838 942 1076 996 medium
1112 941 1400 1013 producti,
1454 942 1508 996 in
1564 951 1752 1012 aperto

172 1027 496 1100 martyrium
534 1039 853 1099 posuerunt,
900 1039 955 1084 et
1001 1031 1147 1099 passi
1198 1041 1326 1099 sunt
1371 1042 1427 1086 et
1479 1032 1691 1089 liberati
1732 1048 1746 1085 :

172 1118 367 1175 Daniel
392 1130 573 1174 autem
631 1130 752 1191 post
784 1121 898 1175 haec
930 1130 1203 1192 praecepto
1251 1123 1550 1179 exsistente
1606 1124 1751 1194 regis

172 1210 384 1265 nullum
413 1211 612 1266 debere
648 1226 823 1281 neque
864 1210 1029 1265 alium
1056 1212 1287 1269 adorare
1318 1214 1519 1279 Deum,
1575 1231 1751 1287 neque

170 1318 387 1374 regem,
436 1304 541 1359 nisi
597 1302 769 1358 solum
807 1320 1013 1375 regem.
1044 1315 1099 1361 et
1148 1321 1307 1377 quem
1334 1308 1529 1377 putas?
1558 1307 1752 1364 Persa-

173 1411 296 1450 rum
332 1414 347 1450 :
390 1396 503 1465 ipse
530 1406 709 1450 autem
742 1397 1048 1467 ingrediens
1086 1398 1305 1453 domum
1340 1413 1518 1467 suam,
1548 1410 1749 1456 etcum

168 1496 356 1555 posset
383 1486 552 1542 latere
580 1497 634 1541 et
665 1489 877 1542 occulte
910 1489 1137 1543 adorare
1166 1489 1354 1553 Deum,
1387 1491 1562 1560 palam
1610 1492 1751 1547 ado-

171 1592 305 1633 rans
332 1593 436 1633 non
465 1579 681 1649 negavit
714 1578 1055 1650 religionem,
1088 1580 1182 1637 sed
1211 1582 1399 1637 maluit
1427 1585 1599 1656 magis
1624 1599 1748 1641 esca

170 1667 291 1723 dari
327 1669 591 1734 leonibus,
622 1685 785 1739 quam
822 1671 1060 1726 fraudari
1105 1688 1165 1728 se
1203 1675 1272 1729 ab
1313 1676 1633 1732 adoratione
1669 1678 1751 1731 vi-

168 1758 357 1813 ventis
383 1759 498 1814 Dei.
522 1758 642 1813 Noli
678 1761 823 1815 enim
854 1777 1119 1831 quaerere,
1152 1764 1196 1819 si
1244 1763 1432 1820 Daniel
1465 1782 1572 1822 non
1602 1777 1685 1823 est
1717 1786 1745 1824 a

1851 578 1943 633 hat
1972 578 2119 632 enim
2162 576 2449 633 Dominum
2495 575 2680 630 Jesum
2722 577 2839 630 sine
2885 579 3095 631 victore
3147 576 3425 631 recedere.

1850 664 2203 732 Introducens
2224 677 2402 720 autem
2438 679 2561 720 eum
2592 703 2608 728 ,
2641 663 2823 719 omnia
2858 671 3127 719 tormenta
3158 664 3431 731 movebat,

1849 764 1905 810 et
1934 762 2082 810 tanta
2108 755 2199 809 ttni
2233 756 2492 819 vincenti,
2526 766 2728 824 quanta
2767 756 3022 811 omnibus
3051 756 3134 811 his
3168 755 3259 826 qui
3313 753 3432 809 fue-

1851 855 1979 900 rant
2003 856 2268 916 superatt.
2300 845 2647 901 Contendens
2669 846 2811 902 enim
2836 862 2905 902 ne
2926 846 3228 901 solveretur
3256 846 3430 901 vieto-

1853 937 1931 992 ria
1957 952 2053 992 sua
2087 952 2184 1007 per
2209 937 2367 992 unius
2396 938 2553 992 istius
2576 938 2886 1003 victoriam,
2911 946 2966 992 et
3000 947 3258 1007 reputans
3286 937 3429 1007 apud

1850 1041 1929 1091 se,
1963 1027 2089 1097 quia
2118 1035 2175 1082 et
2210 1026 2266 1082 in
2310 1026 2501 1082 stadiis
2537 1027 2657 1082 linis
2685 1029 3021 1083 currentium
3045 1026 3329 1097 quaeritur,
3378 1035 3431 1079 et

1849 1119 1974 1188 quia
2004 1118 2049 1174 si
2082 1118 2183 1173 iste
2212 1117 2425 1184 vicerit,
2475 1131 2573 1173 nec
2604 1127 2663 1172 ut
2706 1117 2834 1173 victi
2865 1126 3028 1173 erunt
3068 1117 3159 1187 qui
3213 1115 3432 1171 fuerant

1852 1211 2129 1278 superati;
2180 1211 2439 1267 universa
2477 1212 2525 1267 ei
2580 1210 2861 1267 admoveri
2921 1219 3193 1265 tormenta
3250 1209 3426 1280 jubet.

1852 1305 2050 1361 Valens
2076 1305 2223 1361 enim
2252 1302 2471 1361 ﬂectere
2508 1302 2784 1373 juvenem,
2828 1312 2884 1358 et
2913 1302 3086 1359 oculis
3118 1303 3428 1374 torquebat,

1850 1404 1906 1452 et
1927 1395 2177 1451 dentibus
2200 1396 2527 1463 minabatur,
2552 1405 2609 1453 et
2632 1396 2885 1451 manibus
2912 1395 3279 1465 torquentium
3306 1411 3433 1453 suas

1850 1490 2203 1560 protendebat
2242 1503 2455 1552 manus,
2500 1498 2555 1543 et
2592 1490 2661 1544 ab
2699 1488 2813 1559 ipsa
2855 1491 2936 1543 ira
2982 1490 3144 1545 etiam
3187 1490 3256 1545 de
3304 1489 3435 1546 sede

1852 1575 2170 1631 movebatur
2198 1590 2316 1630 sua.
2367 1574 2501 1631 Cum
2546 1583 2729 1632 autem
2777 1575 3136 1648 fatigarentur
3163 1586 3428 1649 torquen-

1854 1670 1955 1731 tes,
1988 1677 2172 1723 etnon
2200 1668 2419 1723 cederet
2441 1667 2532 1738 qui
2569 1667 2944 1738 torquebatur,
2973 1676 3137 1741 atque
3177 1671 3431 1726 obtusum

1852 1764 1908 1809 et
1933 1753 2200 1811 deﬂexum
2218 1755 2416 1811 fuisset
2442 1755 2669 1821 ferrum,
2700 1772 2806 1813 non
2839 1766 2921 1812 est
2948 1757 3121 1814 ﬂexus
3150 1760 3240 1829 qui
3276 1760 3437 1815 rade-

168 1850 419 1907 leonibus
440 1853 848 1909 comesiusmed
867 1854 991 1924 quia
1012 1856 1743 1931 proposuiuecomediwg),
1779 1834 1821 1890 Β
1852 1847 2027 1903 batur.
2077 1848 2212 1904 Cum
2269 1849 2383 1919 jam
2436 1848 2582 1903 nulla
2641 1850 2955 1906 adinventio
3036 1861 3430 1908 tormentorum

170 1945 281 1999 hoc
308 1945 549 1999 adverte.
577 1943 686 1999 Nec
717 1946 842 2014 quia
882 1961 989 2001 non
1019 1948 1361 2017 consumpsit
1394 1948 1607 2005 ﬂamma
1638 1961 1748 2007 tres

170 2036 299 2091 illos
334 2051 531 2105 pueros
564 2036 753 2092 missos
789 2037 842 2091 in
868 2036 1138 2093 fornacem
1172 2038 1308 2109 ignis
1335 2040 1574 2096 ardentis
1596 2080 1611 2107 ,
1653 2043 1747 2099 sed

166 2128 300 2195 quia
326 2128 422 2196 ipsi
458 2128 759 2183 holocausti
788 2127 916 2183 facti
947 2139 1075 2184 sunt
1104 2128 1219 2200 (53)
1251 2141 1510 2199 quantum
1540 2134 1606 2187 ad
1638 2134 1751 2188 ala-

169 2219 423 2273 critatem
445 2235 619 2273 suam.
646 2218 758 2274 Non
784 2222 928 2275 enim
963 2222 1030 2277 ab
1058 2222 1205 2277 exitu
1232 2222 1494 2291 judicium
1523 2233 1626 2290 est,
1654 2228 1750 2281 sed

168 2311 248 2366 ab
277 2310 555 2366 alacritate
568 2326 801 2367 coronae.
822 2313 929 2381 Ego
947 2324 1125 2369 autem
1147 2315 1288 2382 dico,
1302 2316 1393 2387 qui
1421 2316 1541 2373 ideo
1556 2318 1749 2374 salvati

169 2412 305 2457 sunt
352 2413 498 2468 tunc,
554 2413 609 2458 et
656 2404 842 2459 Daniel
892 2420 921 2459 a
972 2404 1238 2475 leonibus,
1283 2418 1338 2462 et
1370 2416 1482 2463 tres
1528 2410 1675 2479 pueri
1721 2427 1749 2463 a

170 2490 393 2546 ﬂamma
448 2493 591 2563 ignis
636 2494 920 2561 ardentis;
983 2510 1086 2550 non
1148 2506 1369 2565 propter
1420 2498 1750 2555 alacritatem

172 2598 368 2639 eorum
395 2586 484 2654 qui
521 2585 713 2639 salvati
758 2594 904 2649 sunt,
966 2588 1061 2641 sed
1110 2599 1335 2657 propter
1380 2590 1751 2647 infirmitatem

178 2675 398 2729 illorum
434 2674 525 2745 qui
556 2678 923 2731 adoraverunt
977 2678 1290 2748 imaginem.
1331 2678 1398 2735 Ut
1451 2683 1594 2737 enim
1645 2699 1752 2738 non

172 2766 421 2820 dicerent
448 2766 537 2835 qui
579 2767 962 2835 adoraverunt,
1000 2768 1141 2837 Quid
1174 2769 1372 2840 profuit
1401 2773 1480 2828 eis
1506 2776 1595 2845 qui
1645 2791 1752 2831 non

172 2857 584 2913 adoraverant?
612 2876 678 2912 ne
705 2862 771 2913 ab
804 2861 953 2915 exitu
1013 2862 1246 2918 incendii
1279 2879 1469 2921 eorum
1523 2868 1613 2936 qui
1644 2884 1753 2923 non

175 2948 562 3013 adoraverunt,
603 2949 1033 3005 satisfactionem
1079 2951 1191 3025 (54)
1223 2954 1321 3009 sibi
1371 2959 1757 3028 conquirerent

177 3039 482 3107 ireeligiosa
508 3051 745 3110 agentes,
786 3042 905 3097 ideo
936 3044 1125 3099 salvati
1162 3056 1286 3101 sunt
1309 3048 1399 3117 qui
1431 3064 1535 3103 non
1560 3049 1758 3105 adora-

1850 1936 2037 1995 fuisset
2056 1939 2329 2003 derelicta,
2343 1942 2568 2010 cupiens
2583 1944 2944 1999 constantiam
2962 1957 3121 2000 suam
3149 1943 3437 2001 ostendere

1850 2029 2059 2085 Domini
2074 2031 2248 2097 miles,
2267 2032 2462 2087 emittit
2480 2048 2664 2088 vocem
2678 2033 2895 2090 dicens:
2916 2034 3166 2104 Curjam,
3188 2046 3436 2109 tyranne,

1851 2136 1958 2178 non
1981 2123 2198 2179 cessas?
2220 2123 2507 2180 confessus
2533 2139 2652 2179 sum
2682 2138 2777 2195 per
2798 2138 2861 2181 os
2894 2140 3080 2181 verum
3102 2142 3224 2183 esse
3252 2142 3435 2199 regem

1850 2213 2361 2277 Christum.gludex
2386 2225 2568 2272 autem
2595 2216 2851 2287 injuriam
2884 2218 2938 2272 in
2976 2219 3320 2290 tyrannidem
3353 2221 3438 2276 di-

1852 2295 1994 2365 ciam
2031 2322 2138 2364 non
2184 2306 2476 2376 suﬂ‘erens,
2532 2310 2769 2365 convicit
2799 2311 3017 2381 quidem
3064 2326 3145 2379 se,
3182 2321 3238 2368 et
3286 2327 3439 2369 com-

1854 2401 2127 2457 mendavit
2158 2413 2451 2473 martyrem
2482 2401 2682 2457 Christi
2716 2419 2730 2456 :
2762 2407 2889 2475 quia
2918 2404 3039 2459 ideo
3067 2405 3182 2460 haec
3207 2419 3304 2477 pro
3341 2421 3439 2461 ve-

1853 2508 1916 2547 ro
1952 2508 2079 2563 rege
2108 2494 2330 2563 patitur,
2355 2496 2445 2564 qui
2490 2496 2562 2550 ita
2596 2495 2662 2551 de
2695 2497 2907 2551 mortali
2940 2511 3107 2554 ausus
3142 2508 3226 2554 est
3260 2498 3431 2569 loqui.

1854 2582 2147 2652 Propterea
2182 2584 2338 2652 jubet
2385 2599 2507 2641 eum
2552 2587 2660 2656 igni
2698 2588 2877 2654 tradi,
2914 2604 3172 2655 coronam
3217 2593 3437 2648 coronis

1855 2675 2207 2746 coniungens.
2253 2677 2321 2732 Et
2368 2678 2489 2734 ideo
2537 2682 2647 2736 cito
2696 2676 3031 2736 eﬂiciebatur
3080 2694 3437 2755 pmceptum.

1856 2767 2188 2840 Ejiciebatur
2211 2769 2356 2825 enim
2392 2768 2671 2828 Romanus
2708 2770 2863 2829 latus
2891 2783 2947 2829 et
2979 2783 3268 2830 coronatus
3306 2791 3437 2832 san-

1856 2859 2039 2931 guine,
2078 2858 2305 2929 insignia
2343 2860 2399 2914 in
2431 2860 2695 2918 lateribus
2727 2864 2934 2918 habens
2960 2880 3081 2933 qua:
3130 2880 3232 2935 pro
3295 2868 3441 2921 veri-

1859 2960 1971 3005 tate
2000 2950 2177 3007 fuerat
2209 2964 2405 3021 passus
2438 2966 2452 3003 :
2492 2960 2716 3021 portans
2753 2953 2952 3023 quippe
2990 2962 3045 3009 et
3095 2956 3148 3009 in
3190 2955 3437 3013 humeris

1858 3056 2073 3097 crucem
2104 3080 2119 3105 ,
2162 3053 2217 3095 et
2264 3042 2318 3095 in
2376 3039 2557 3096 fronte
2608 3043 2822 3112 signum
2866 3043 3066 3114 regale.
3097 3042 3233 3099 Cum
3258 3055 3439 3100 autem

175 3142 398 3194 verunt,
444 3139 505 3185 ut
540 3149 645 3187 non
694 3146 1074 3200 permanerent
1114 3139 1311 3193 mortui
1346 3140 1437 3209 qui
1498 3142 1755 3196 adorare-

1860 3134 2227 3188 adunarentur
2277 3144 2549 3189 sarmenta
2595 3142 2650 3190 et
2686 3148 2912 3201 cannae,
2974 3135 3041 3189 ad
3094 3135 3438 3192 velocitatem

177 3230 329 3278 runt.
365 3221 484 3291 Ipse
516 3223 631 3293 (55)
659 3225 803 3279 enim
845 3224 987 3281 Deus
1011 3237 1095 3282 est
1129 3229 1313 3284 Daniel
1360 3241 1415 3286 et
1444 3234 1633 3286 horum
1664 3232 1755 3302 qui

180 3316 239 3370 in
294 3317 571 3387 martyriis
622 3328 1017 3373 consumuntur
1059 3337 1089 3374 a
1145 3321 1296 3377 feris.
1339 3322 1445 3378 Sed
1486 3340 1590 3379 non
1646 3326 1760 3395 ipse

180 3406 411 3475 populus
446 3422 462 3459 :
492 3407 560 3462 ab
583 3407 880 3463 incredibili
922 3409 1033 3480 (56)
1063 3412 1205 3465 enim
1250 3414 1446 3483 populo
1475 3413 1761 3469 salvaban-

183 3508 275 3552 tur
302 3499 391 3568 qui
422 3497 580 3555 fidem
608 3500 1031 3569 confitebantur,
1068 3515 1127 3557 ut
1149 3519 1256 3559 non
1280 3506 1629 3563 incredulitas
1665 3525 1763 3577 po-

181 3590 293 3661 puli
320 3601 641 3660 augeretur:
678 3606 707 3644 a
735 3591 871 3645 fideli
895 3603 1074 3647 autem
1105 3595 1277 3664 plebe,
1304 3607 1363 3651 ut
1385 3609 1593 3653 crescat
1630 3600 1763 3656 fides

186 3685 240 3737 in
282 3683 545 3753 sanguine
577 3693 913 3752 sanctorum,
946 3687 1148 3741 veritas
1177 3689 1426 3743 firmatur
1450 3690 1750 3762 Evangelii.

182 3772 455 3828 llabemus
486 3784 666 3829 autem
697 3784 752 3829 et
780 3790 897 3843 nos,
923 3777 1049 3845 quia
1087 3788 1141 3833 et
1167 3780 1430 3835 mirabilia
1466 3784 1605 3837 facta
1638 3796 1765 3840 sunt

184 3866 238 3918 in
269 3862 649 3933 languentibus
693 3864 850 3921 locis.
895 3866 1121 3933 Quidam
1152 3870 1296 3925 enim
1333 3887 1361 3924 a
1402 3872 1531 3928 feris
1565 3875 1760 3931 salvati

181 3963 335 4018 sunt,
361 3956 485 4025 quia
510 3955 833 4026 languebant
856 3956 968 4012 loca
1004 3959 1057 4011 in
1085 3959 1282 4028 quibus
1313 3970 1367 4015 et
1390 3964 1570 4031 passio
1619 3981 1765 4020 mar-

182 4054 365 4117 tyrum
390 4047 696 4117 agitabatur
728 4064 741 4099 :
776 4048 865 4101 alii
894 4049 962 4102 ab
990 4049 1112 4120 igne
1141 4052 1351 4107 liberati
1376 4065 1522 4107 sunt.
1561 4054 1616 4109 Si
1641 4059 1762 4124 quis

183 4147 368 4191 autem
401 4153 505 4191 nou
541 4140 734 4203 credit,
777 4150 831 4194 et
855 4143 1120 4196 rationem
1144 4147 1425 4214 exposcit;
1458 4146 1589 4201 nihil
1634 4163 1760 4218 pro-

184 4226 337 4281 hibet
366 4228 596 4298 religiosi
624 4232 779 4286 unius
812 4233 1126 4288 memoriam
1150 4250 1248 4291 nos
1280 4248 1542 4307 repetere,
1568 4249 1620 4292 et
1638 4255 1763 4309 pro-

183 4321 334 4375 ferre
369 4321 419 4374 in
450 4322 705 4376 medium.
750 4323 802 4377 In
847 4324 1311 4381 Antiochenorum
1356 4329 1448 4385 illa
1482 4333 1617 4387 urbe
1649 4331 1761 4387 Bo-

185 4425 383 4465 manus
406 4413 620 4480 quidam
646 4414 852 4468 exstitit
876 4426 1101 4487 martyr.
1125 4416 1231 4473 lste
1257 4420 1573 4488 peregrinus
1600 4422 1765 4476 adve-

1860 3235 2041 3294 utpote
2087 3224 2354 3291 ﬂammae,
2407 3226 2489 3280 vel
2542 3228 2686 3295 quod
2736 3226 2845 3297 igni
2900 3238 3026 3297 apta
3079 3226 3337 3283 videntur
3373 3228 3442 3282 ad

1861 3310 2250 3377 incensionem,
2294 3313 2670 3383 imponebatur
2696 3324 2875 3370 autem
2914 3315 3105 3371 vivens
3141 3315 3443 3379 immolatio

1860 3405 1914 3461 in
1964 3407 2087 3474 igne
2136 3406 2271 3478 (59).
2318 3405 2443 3462 Haec
2495 3422 2617 3462 cum
2656 3408 2727 3462 ita
2761 3420 3089 3479 agerentur,
3127 3422 3235 3463 non
3284 3406 3443 3478 longe

1861 3505 2038 3551 autem
2088 3498 2303 3553 abesset
2350 3494 2587 3562 civitas,'
2619 3507 2678 3552 ut
2713 3506 3003 3553 testaretur
3060 3498 3325 3555 veritati:
3383 3507 3441 3554 et

1861 3588 1999 3643 forte
2060 3590 2184 3658 quia
2241 3590 2457 3659 quidam
2523 3590 2588 3644 de
2638 3588 2839 3647 ludatis
2892 3602 2984 3646 aut
3042 3590 3134 3646 alii
3190 3593 3439 3647 homines

1862 3682 2131 3749 dicebant,
2174 3683 2265 3737 ubi
2304 3692 2388 3739 est
2416 3683 2609 3737 horum
2660 3682 2835 3738 Deus?
2874 3684 3014 3739 forte
3051 3682 3441 3754 proferentium

1864 3769 2174 3826 Judzeorum
2210 3783 2320 3827 tres
2360 3787 2577 3841 pueros,
2609 3782 2663 3829 et
2694 3775 3014 3839 dicentium,
3050 3774 3175 3843 quia
3211 3775 3313 3829 sub
3347 3790 3444 3829 nos

1862 3862 2211 3918 salvabantur
2242 3879 2271 3918 a
2312 3863 2527 3919 ﬂamma
2569 3864 2810 3921 fornacis
2837 3866 3105 3931 ardentis,
3145 3866 3233 3921 isti
3263 3876 3443 3921 autem

1862 3958 2092 4010 ardent:
2124 3958 2273 4028 atqui
2299 3958 2421 4013 οωιί
2457 3958 2608 4026 jubet
2636 3960 2902 4015 Dominus
2932 3960 3166 4015 nubibus
3190 3963 3443 4018 coronari

1862 4048 2081 4103 cmlum.
2122 4049 2434 4120 Adimplens
2482 4060 2663 4105 autem
2713 4050 2867 4105 sinus
2913 4053 3135 4107 nubium
3177 4056 3444 4124 grandine

1864 4151 1918 4194 et
1958 4140 2133 4195 imbre
2180 4142 2469 4197 admodum
2508 4143 2841 4207 vehementi,
2894 4152 2949 4198 et
3005 4146 3213 4200 addens
3251 4157 3445 4201 ventos

1865 4232 1933 4287 ad
1989 4233 2230 4288 velocem
2283 4233 2634 4289 emissionem
2683 4250 2873 4290 eorum
2919 4252 2934 4289 :
2992 4250 3167 4305 neque
3224 4241 3445 4293 accendi

1864 4323 2137 4380 ﬂammam
2163 4328 2447 4396 permittit,
2485 4329 2950 4383 vehementiorem
2974 4331 3273 4385 ostendens
3308 4331 3447 4386 hanc

1870 4421 2145 4485 virtutem,
2199 4437 2362 4491 quam
2426 4422 2567 4490 apud
2619 4420 2987 4492 Babyloniam.
3043 4421 3155 4477 Illic
3214 4423 3359 4478 enim
3416 4438 3447 4479 e

187 4510 346 4555 uerat
376 4502 483 4555 illo.
519 4503 650 4557 Cum
690 4514 868 4559 autem
888 4505 1079 4574 jactari
1119 4523 1146 4560 a
1183 4509 1591 4577 tempestatibus
1620 4510 1761 4564 illam
1795 4516 1840 4572 ι)
1868 4508 2083 4564 ﬂamma
2122 4519 2233 4567 tres
2272 4527 2469 4581 pueros
2505 4512 2759 4568 liberavit
2788 4526 2805 4566 :
2842 4511 2964 4569 istic
2996 4523 3178 4567 autem
3223 4527 3289 4569 ne
3324 4514 3447 4583 qui-

186 4602 322 4646 tune
354 4593 555 4647 videret
581 4594 855 4650 civitatem
912 4598 1216 4668 (invenerat
1240 4601 1383 4655 enim
1410 4601 1525 4671 jam
1566 4602 1764 4657 multos

187 4684 391 4740 milites
422 4688 685 4744 cecidisse
736 4692 1053 4765 Ecclesiae),
1095 4711 1202 4750 non
1258 4706 1341 4751 est
1387 4712 1581 4766 passus
1632 4699 1763 4753 dare

185 4776 404 4831 diabolo
432 4788 490 4832 ut
512 4781 807 4837 exsultaret
843 4801 855 4836 :
886 4788 979 4840 sed
1019 4788 1385 4843 exsultantem
1414 4790 1652 4860 judicem
1696 4793 1763 4846 de

187 4866 277 4920 his
309 4868 396 4935 qui
424 4868 639 4924 fuerant
660 4876 899 4940 superati
928 4879 1263 4947 aggreditur,
1293 4881 1399 4932 vim
1430 4878 1641 4934 faciens
1672 4896 1758 4934 re-

186 4974 296 5028 gno
322 4974 446 5015 vero
479 4964 761 5033 rapto(57)
806 4982 820 5019 :
870 4978 923 5021 et
949 4970 1076 5022 dicit
1110 4988 1122 5022 :
1154 4969 1267 5025 Non
1311 4971 1531 5026 recedes
1584 4972 1759 5027 laetus.

190 5050 371 5105 Habet
401 5054 542 5108 enim
578 5053 722 5109 Deus
751 5058 949 5113 milites
982 5063 1073 5129 qui
1108 5063 1351 5132 superari
1377 5079 1484 5117 non
1514 5075 1761 5133 possunt.

188 5139 365 5196 Judex
389 5152 568 5197 autem
595 5145 777 5200 ehrius
811 5148 864 5201 in
922 5152 1145 5205 victoria
1195 5166 1383 5207 eorum
1429 5155 1519 5223 qui
1554 5153 1769 5209 fuerant

186 5237 451 5304 superati,
486 5250 552 5290 ex
606 5236 817 5293 illorum
848 5241 1221 5299 imbecillitate
1273 5246 1553 5301 aestimans
1594 5249 1768 5303 sancti

264 5386 379 5459 (52)
409 5386 684 5466 Proposuit
709 5409 761 5445 se
783 5395 1003 5448 comedi.
1032 5394 1237 5466 Sponte
1280 5414 1338 5453 se
1366 5398 1560 5453 obtulit
1593 5399 1764 5455 leoni-

188 5458 294 5514 bus
317 5463 634 5513 vorandum.

264 5527 377 5599 (5'5)
430 5527 737 5609 Holon'tnsfi
769 5532 916 5598 facti.
952 5533 1308 5609 ξολρκαυστοί
1346 5538 1397 5592 id
1425 5549 1511 5593 est
1552 5539 1767 5609 penitus

188 5602 518 5722 co‘risi‘tmpti,
539 5610 593 5653 et
614 5602 925 5657 holocausta
946 5604 1093 5670 facti,
1125 5608 1168 5659 si
1184 5621 1399 5678 spectes
1422 5602 1633 5663 illorum
1654 5610 1769 5663 ala-

189 5684 256 5725 cr
277 5679 332 5722 il
358 5685 462 5721 ettt.

262 5737 376 5816 (ἐξ)
400 5737 842 5816 δαιίείςςιίοζιςιη.
875 5743 1189 5813 Ἀπολογίαν
1215 5763 1371 5816 supra
1399 5749 1501 5805 col.
1524 5748 1678 5806 1095.
1702 5749 1763 5805 Β.

265 5808 380 5880 (δε)
416 5813 555 5878 Ipse.
578 5808 683 5864 Pro
710 5811 866 5865 idem.

512 5904 767 5971 Pauor.
812 5909 1180 5975 GLXXH’.

1870 4602 1991 4657 dem
2039 4603 2260 4658 accendi
2304 4602 2533 4659 ﬂamma:
2575 4619 2898 4661 concessum
2945 4614 3051 4659 est.
3103 4603 3189 4659 Fit
3238 4606 3448 4661 turbela

1870 4708 1977 4747 non
2010 4694 2145 4749 levis
2182 4713 2195 4749 :
2250 4698 2567 4751 nuntiantur
2603 4697 2716 4768 (60)
2756 4707 2990 4770 tyranno
3037 4698 3166 4766 quia
3210 4708 3449 4766 martyre

1870 4786 2071 4842 tradito
2104 4788 2211 4857 igni
2239 4788 2435 4843 caelum
2470 4790 2807 4860 indignatum
2838 4799 2943 4857 est,
2978 4798 3032 4843 et
3056 4789 3181 4860 quia
3208 4790 3449 4844 caelestis

1869 4894 1962 4934 rex
1993 4893 2120 4934 suos
2149 4880 2241 4949 qui
2279 4880 2333 4934 in
2380 4891 2522 4935 terra
2566 4882 2836 4937 habentur
2862 4883 3126 4936 defendit.
3164 4880 3290 4935 Haec
3320 4897 3444 4935 cum

1868 4970 2108 5025 audisset
2135 4983 2418 5041 tyrannus,
2438 4983 2642 5027 etcum
2669 4973 2825 5028 valde
2850 4973 3106 5039 injuriam
3132 4972 3450 5030 defenderet

1868 5074 2023 5116 suam
2048 5060 2246 5117 factam
2277 5077 2371 5131 per
2397 5064 2660 5132 linguam,
2691 5066 2846 5133 jubet
2868 5066 3037 5132 judici
3070 5064 3183 5133 jam
3217 5080 3321 5117 non
3354 5066 3449 5119 de-

1869 5156 2000 5209 bere
2025 5156 2234 5225 jurgari
2260 5170 2383 5211 eum
2417 5158 2483 5210 ad
2510 5156 2702 5216 Deum.
2730 5159 2823 5213 sed
2857 5158 3019 5213 istum
3049 5173 3207 5220 quem
3245 5157 3445 5213 libera-

1876 5252 1951 5303 vit
1990 5249 2130 5305 Deus
2162 5250 2362 5305 dituitti
2401 5250 2621 5306 debere.
2669 5250 2737 5305 Et
2784 5260 2965 5306 noster
3005 5253 3170 5317 igitur
3201 5249 3448 5307 Ananiae

1955 5402 2025 5457 56
2078 5401 2409 5457 Incredibili.
2434 5402 2539 5457 Pro
2570 5403 2861 5458 incredula.

1932 5400 2047 5544 $57;
2086 5472 2259 5544 Regna
2285 5489 2403 5527 vero
2434 5483 2609 5544 rupto.
2653 5474 2809 5542 Quod
2839 5490 2861 5528 τ

1959 5472 2047 5544 57)
2086 5472 2259 5544 Regna
2285 5489 2403 5527 vero
2434 5483 2609 5544 rupto.
2653 5474 2809 5542 Quod
2839 5475 3055 5533 violenti
3096 5475 3333 5544 rapiunt,
3392 5487 3451 5529 ut

1866 5542 2067 5599 dicitur
2090 5542 2278 5597 Matth.
2320 5559 2398 5609 ιι,
2446 5543 2529 5596 19..

1935 5613 2048 5679 (58)
2083 5611 2181 5667 Ms.
2215 5612 2514 5667 xEstimans
2541 5612 2693 5679 fartis
2712 5615 3086 5672 constantiam.

1937 5683 2049 5755 (59)
2082 5683 2185 5755 bis.
2222 5683 2593 5755 Imponebatar
2617 5684 2786 5739 virens
2815 5688 3114 5739 immolatio
3143 5685 3196 5739 in
3227 5685 3367 5755 igne.

1938 5752 2051 5827 (60)
2095 5752 2450 5809 Nuntiantur.
2490 5752 2653 5812 Forte
2689 5757 2984 5810 nuntiatur.

3052 5919 3129 5979 32':
