4048 6322
1375 404 1641 462 EUSEBll
1678 399 2148 463 CESARIENSIS
2183 398 2331 457 OPP.
2371 398 2551 460 PARS
2585 399 2673 454 iV.
2713 429 2781 439 —
2815 395 3230 455 DOGIIATICA.

3767 394 3904 452 μοι

675 530 819 584 velut
848 542 916 584 ea
953 526 1073 597 igne
1097 521 1400 580 dimittitur.
1428 519 1606 578 Judex-
1623 531 1801 576 autem
1825 520 2105 574 blandiens
2135 527 2216 588 ty-
2249 523 2294 577 Α
2322 518 2484 572 senti.
2526 516 2725 572 lterum
2770 517 2861 586 qui
2910 516 3172 570 inciderat
3213 515 3482 578 medicus,
3539 512 3904 567 constituitur

679 633 864 682 ratmo,
913 617 1130 685 iniquus
1173 613 1452 668 voluntate
1502 623 1562 668 et
1604 614 1900 683 proposito,
1945 609 2064 666 sine
2117 607 2226 662 Deo

675 708 892 777 degens,
917 706 1140 775 cupiens
1171 702 1303 759 nihil
1341 703 1532 758 deesse
1567 702 1954 758 blandimentis
1975 701 2108 766 suis,
2143 699 2228 754 in-

671 799 820 853 venit
841 796 1024 852 nescio
1053 793 1178 864 quid
1212 808 1408 870 novum
1435 792 1696 847 adversus
1718 799 1988 856 sanctum,
2022 791 2226 844 addens

670 887 1082 943 admirationem
1136 881 1603 939 admiratiouibus.
1658 879 1795 949 Quid
1856 881 2000 936 enim
2056 879 2228 935 facit?

672 979 912 1050 precipit
942 977 1178 1048 linguam
1217 988 1319 1042 qua
1360 973 1536 1029 fuerat
1582 973 1791 1028 locutus
1826 973 1878 1026 in
1919 972 2217 1038 hominem,

671 1087 736 1127 eo
767 1070 908 1139 quod
949 1082 1053 1122 non
1111 1073 1399 1138 negaverat
1447 1065 1634 1131 Deum,
1675 1065 1858 1119 incidi.
1901 1061 1966 1117 Et
2006 1063 2224 1133 quidam

672 1160 914 1218 medicus
945 1159 1035 1227 qui
1065 1158 1176 1228 jam
1223 1165 1406 1212 ruerat
1443 1170 1547 1210 non
1594 1156 1872 1226 proposito
1905 1154 2000 1210 sed
2045 1156 2228 1210 carnis

671 1247 1020 1316 inllrmi'tate;
1073 1251 1196 1319 quia
1237 1248 1378 1305 enim
1420 1250 1533 1317 ipse
1575 1246 1750 1302 fuerat
1795 1255 2081 1316 superatus
2110 1247 2227 1300 esi-

670 1346 780 1410 vit;
805 1345 1064 1399 esaultari
1093 1343 1222 1397 libet
1249 1341 1314 1396 de
1345 1340 1568 1394 victoria
1597 1338 1940 1408 superantis:
1975 1338 2226 1408 provenit

673 1449 852 1490 autem
888 1437 1050 1490 istum
1096 1441 1313 1502 portare
1362 1429 1700 1488 medicinaiia
1740 1439 2107 1500 operamenta.
2162 1428 2227 1484 Et

672 1529 837 1583 exivit
871 1537 930 1582 ut
967 1525 1334 1582 consolaretur
1374 1538 1525 1578 suam
1573 1521 1784 1576 ruinam
1817 1538 1829 1573 :
1868 1522 2117 1576 inventus
2145 1529 2226 1575 est

673 1622 726 1674 in
766 1620 924 1674 aliam
960 1616 1305 1672 tentationem
1341 1614 1635 1668 incurrere.
1669 1611 1946 1681 Pmepto
1967 1613 2108 1666 enim
2134 1612 2223 1683 ju-

673 1711 811 1765 dicia
839 1709 1121 1764 insistente
1156 1715 1214 1759 ut
1245 1705 1422 1772 lingua
1449 1704 1778 1757 incideretur
1803 1702 1996 1762 sancti,
2020 1712 2074 1756 et
2100 1703 2223 1772 quia

674 1802 920 1855 inventus
956 1809 1038 1854 eat
1069 1797 1158 1851 ille
1189 1805 1372 1866 parata
1409 1795 1615 1849 habena
1653 1795 1718 1847 ad
1745 1792 1903 1846 istam
1933 1795 2226 1848 necessita-

2324 608 2376 662 in
2423 609 2631 662 timore.
2677 608 2870 673 Etiam,
2914 609 3114 677 inquit,
3164 609 3266 663 iste
3317 607 3497 661 adhuc
3542 605 3904 660 Christianus

2321 711 2441 756 est:
2477 710 2532 770 ut
2561 701 2714 754 fratri
2745 716 2973 770 parcens
2995 700 3320 768 contempsit
3340 708 3706 768 praeceptm.
3739 695 3905 751 Forte

2322 799 2501 846 autem
2521 765 2636 856 .ille,
2665 765 2888 860 cupiens
2918 800 3036 860 post
3067 765 3384 846 incisi-onem
3418 765 3622 860 lingua:
3663 804 3780 843 non
3807 803 3901 844 su-

2323 893 2542 948 peresse
2583 890 2896 949 martyrem,
2946 890 3000 934 et
3043 879 3232 948 majori
3296 893 3555 941 mensura
3602 878 3801 934 incidit
3837 880 3902 931 ad

2324 969 2749 1024 interfectionem
2780 970 2956 1037 potius
2977 983 3135 1038 quam
3164 968 3231 1022 ad
3255 968 3661 1038 pmisionem.
3691 968 3901 1023 Tamen

2323 1061 2750 1129 comprehensus
2788 1058 3028 1114 medicus
3074 1059 3372 1114 ducebatur
3412 1058 3483 1113 ad
3515 1058 3798 1126 iudicem,
3847 1067 3902 1112 et

2325 1151 2595 1220 negotium
2651 1151 2900 1213 habebat,
2955 1165 3055 1204 cur
3110 1149 3515 1219 loqueretur.is
3567 1150 3660 1204 cui
3727 1150 3900 1204 incisa

2325 1241 2498 1297 luerat
2543 1241 2745 1312 lingua.
2781 1238 2896 1294 Non
2929 1241 3074 1298 enim
3111 1239 3278 1294 semel
3309 1239 3520 1295 locutus
3556 1242 3763 1306 tacuit,
3810 1242 3899 1296 sed

2325 1330 2636 1386 conferebat
2663 1347 2785 1387 cum
2812 1330 2933 1384 aliis
2961 1332 3028 1386 dc
3054 1345 3218 1387 cruce
3245 1339 3299 1384 et
3327 1331 3556 1386 victoria
3586 1332 3822 1396 Christi,
3849 1342 3902 1388 et

2325 1424 2426 1478 hoc
2454 1421 2634 1478 multis
2656 1421 2930 1476 mensibus
2971 1421 3026 1475 in
3065 1435 3285 1476 carcere
3315 1423 3676 1483 constitutus.
3719 1421 3898 1476 Habe-

2324 1529 2444 1569 mus
2468 1519 2600 1584 'ergo
2633 1523 2686 1568 et
2721 1513 2933 1567 tertiam
2969 1512 3408 1578 admirationem,
3439 1523 3497 1567 et
3529 1530 3674 1568 unus
3704 1513 3898 1569 Eccle-

2323 1606 2416 1661 sia:
2444 1615 2654 1675 martyr
2676 1605 2786 1674 jam
2813 1613 3058 1674 aquatur
3096 1604 3267 1658 tribus
3302 1618 3366 1657 ex
3405 1601 3724 1675 Synagoga.
3769 1605 3899 1659 Cum

2325 1706 2505 1750 autem
2549 1696 2817 1766 negotium
2854 1703 3130 1766 pateretur
3157 1695 3420 1759 medicus,
3457 1705 3518 1748 ut
3552 1696 3896 1750 condiscatis

2323 1798 2583 1857 quantum
2613 1787 2736 1842 boni
2772 1786 2864 1851 sit,
2895 1795 2948 1840 et
2978 1784 3160 1840 brevis
3187 1785 3400 1853 quidam
3433 1786 3573 1840 ictua
3630 1786 3900 1856 religiosi-

671 1903 778 1946 tem
811 1861 1491 1957 ferramenta-urgebatur
1527 1884 1768 1939 incidere
1813 1897 1972 1953 quam
2011 1884 2225 1939 nolebat
2259 1861 2298 1915 Β
2329 1880 2475 1933 latis.
2516 1877 2651 1944 Quia
2694 1878 2835 1933 enim
2877 1878 3056 1934 tutela:
3097 1893 3258 1933 causa
3296 1886 3585 1948 acceperat
3625 1870 3895 1948 linguam.

669 1986 930 2056 linguam.
974 1984 1038 2038 Et
1067 1981 1254 2037 incidit
1283 1981 1494 2050 quidem
1520 1994 1536 2032 :
1568 1993 1691 2034 cum
1720 1987 1899 2032 autem
1927 1961 2224 2042 incldidset,

2326 1971 2452 2040 quia
2493 1971 2546 2025 in
2578 1971 2787 2024 ratione
2828 1969 3018 2026 salutis
3048 1971 3356 2025 thesaurum
3399 1971 3730 2025 reconderat
3764 1971 3898 2035 sibi,

671 2077 844 2145 ipsam
881 2074 1114 2143 linguam
1145 2087 1274 2126 usus
1303 2079 1387 2126 est
1418 2071 1482 2127 ad
1522 2068 1739 2124 tutelam
1766 2069 1850 2125 sui
1884 2087 1899 2123 :
1937 2084 2044 2125 non
2081 2071 2225 2125 enim
2289 2061 2524 2116 »ειδὶηο
2571 2061 2682 2132 iam
2723 2061 2934 2130 accepit
2976 2061 3211 2116 {metum
3243 2059 3386 2116 ﬁdei.
3415 2059 3594 2117 Iudici
3629 2063 3784 2116 enim
3819 2063 3900 2115 iu-

671 2163 897 2233 projecit
933 2177 1093 2231 quam
1132 2161 1338 2225 incidit,
1372 2160 1463 2215 sed
1509 2160 1783 2227 accipiens
1826 2173 1968 2225 eam,
2007 2167 2068 2214 ut
2117 2176 2227 2214 me-

670 2256 914 2310 dicamen
947 2253 1012 2307 ad
1042 2253 1326 2307 sanitatem
1360 2250 1502 2306 illius
1539 2251 1720 2306 delicti
1753 2253 1894 2320 quod
1929 2253 2227 2308 admiserat

671 2345 738 2396 ah
783 2343 1048 2412 negando,
1091 2341 1365 2409 accipiens
1397 2340 1538 2394 domi
1590 2341 1853 2407 recondit,
1905 2351 1962 2396 ut
2002 2356 2227 2397 consue-

672 2443 796 2488 runt
829 2434 940 2505 (6i)
987 2433 1332 2497 inﬁrmiores,
1387 2431 1568 2488 ﬁdeles
1613 2441 1814 2500 tamen,
1861 2433 2126 2489 honorare
2180 2435 2224 2490 si

668 2526 798 2594 quid
831 2541 859 2578 a
887 2523 1216 2595 martyribus
1245 2521 1591 2592 sumpserint.
1623 2522 1762 2578 Dicit
1783 2531 1962 2579 autem
1993 2524 2228 2580 medico-

671 2631 788 2669 rum
821 2615 1092 2690 doctrina,
1118 2622 1451 2669 contestatur
1473 2613 1635 2668 etiam
1663 2623 1718 2668 et
1738 2625 1950 2679 natura,
1981 2617 2103 2679 quia
2127 2616 2228 2670 litt-

669 2721 787 2775 gum
811 2706 1016 2770 incisio,
1039 2704 1342 2761 interfectio
1355 2713 1438 2760 est
1453 2704 1570 2774 ejus
1588 2718 1617 2758 a
1641 2719 1747 2773 quo
1767 2706 2019 2762 inciditur
2041 2727 2053 2761 :
2072 2722 2228 2777 opor—

673 2797 819 2849 tebat
855 2804 1033 2850 autem
1067 2803 1123 2849 et
1149 2797 1386 2850 secundo
1417 2810 1446 2848 a
1484 2805 1655 2850 morte
1685 2796 1900 2851 liberari
1931 2807 2225 2870 martyrem

670 2885 869 2939 Christi
899 2903 912 2938 :
939 2898 1068 2949 ergo
1093 2899 1220 2940 cum
1245 2885 1551 2953 producunt
1581 2886 1735 2940 nobis
1757 2884 1924 2942 Judaei
1958 2897 2070 2943 trea
2096 2903 2227 2955 pue-

671 2989 780 3039 ros,
803 2975 856 3028 in
877 2990 984 3031 uno
1007 2976 1109 3030 tria
1134 2975 1478 3047 proferimus.
1505 2975 1566 3029 Et
1589 2975 1698 3044 jam
1724 2978 1939 3046 quidem
1963 2980 2226 3036 habemus

667 3068 775 3120 duo
814 3065 1079 3120 mirabilia
1125 3085 1139 3120 :
1196 3064 1464 3121 ﬂammam
1517 3083 1584 3122 ne
1637 3068 1852 3137 quidem
1913 3085 2224 3126 concessam

669 3156 934 3212 flammam
987 3157 1137 3224 ﬁeri;
1211 3171 1332 3226 post
1390 3159 1704 3214 incisionem
1765 3161 1979 3230 linguai,
2041 3164 2222 3227 vitam,
2253 3197 2294 3254 α

669 3263 829 3317 quam
878 3259 1067 3302 natura
1104 3249 1316 3317 quidem
1363 3265 1468 3302 non
1499 3249 1804 3314 conﬁtetur,
1850 3255 2020 3322 gratia
2048 3263 2224 3308 autem

669 3339 890 3392 addidit.
923 3337 1021 3393 Ubi
1041 3353 1169 3408 ergo
1190 3337 1343 3392 tertia
1371 3339 1654 3393 admiratio
1673 3351 1766 3394 est
1793 3339 1857 3394 tle
1877 3343 2061 3396 wdem
2087 3358 2228 3397 mar-

671 3444 788 3503 tyre
826 3431 1064 3486 Christi?
1096 3430 1472 3486 Adducebatur
1501 3429 1773 3510 Romanus
1812 3433 1877 3487 ad
1903 3448 2176 3489 carcerem
2207 3454 2222 3490 :

667 3522 901 3578 addebat
961 3532 1141 3576 autem
1191 3532 1244 3576 et
1285 3523 1387 3577 hoc
1425 3521 1652 3579 blandus
1705 3526 1771 3580 ad
1812 3536 2093 3591 tyrannum
2133 3526 2223 3596 ju-

666 3614 791 3678 dex,
837 3613 926 3682 qui
977 3614 1136 3667 istam
1182 3612 1513 3682 corporalem
1547 3613 1779 3683 linguam
1821 3632 1926 3670 non
1974 3617 2220 3672 habebat.

2323 2152 2560 2224 dignanti
2581 2163 2634 2208 et
2663 2145 3032 2218 comminantt,
3061 2163 3118 2207 et
3140 2151 3251 2220 jam
3294 2167 3429 2228 eum
3450 2151 3772 2208 interficere
3804 2168 3901 2208 vo—

2325 2244 2451 2300 lenti
2471 2243 2745 2312 respondit
2765 2245 2998 2300 medicus
3022 2262 3036 2300 :
3056 2243 3238 2300 Habeo
3258 2243 3489 2314 linguam
3508 2259 3673 2313 quam
3701 2244 3896 2299 incidi.

2324 2335 2654 2390 Producatur
2701 2335 2858 2399 alius,
2891 2336 2978 2390 cui
3020 2349 3124 2388 non
3171 2335 3381 2390 assistit
3408 2335 3569 2400 Deus,
3599 2345 3658 2389 et
3695 2350 3898 2391 aecu-

2325 2427 2448 2481 dum
2478 2441 2785 2481 mensuram
2817 2427 2998 2481 incisa:
3030 2427 3243 2497 lingua,
3289 2426 3554 2482 incidatur
3584 2427 3809 2496 lingua;
3838 2435 3897 2480 et

2323 2515 2367 2570 si
2400 2514 2629 2577 vixerit,
2675 2530 2852 2571 meum
2879 2527 3243 2571 commentum
3275 2526 3381 2581 est,
3427 2526 3481 2571 et
3514 2531 3621 2571 non
3665 2517 3766 2570 Dei
3795 2516 3893 2572 de-

2323 2605 2514 2661 fensio.
2550 2604 2875 2661 Producitur
2902 2608 3120 2677 quidam
3147 2607 3541 2670 damnatorum,
3572 2615 3632 2663 et
3651 2606 3858 2679 diliges:
3876 2639 3895 2650 -

2325 2695 2532 2750 tissime
2563 2709 2812 2750 mensura
2853 2707 3072 2764 accepta
3099 2736 3116 2762 ,
3143 2697 3312 2751 incisa
3360 2696 3522 2751 etiam
3563 2696 3761 2767 lingua
3787 2705 3894 2761 est,

2321 2799 2442 2856 qua:
2469 2786 2703 2841 habebat
2736 2785 2899 2842 incidi
2951 2785 3180 2843 Tantum
3212 2798 3269 2842 ut
3302 2787 3521 2856 impleta
3553 2787 3754 2844 incisio
3781 2799 3894 2854 est,

2321 2888 2378 2932 et
2413 2876 2538 2932 linis
2562 2876 2679 2946 ejus
2722 2877 3021 2948 completus
3048 2888 3133 2934 eat
3163 2879 3302 2933 vitae.
3340 2879 3407 2933 Et
3435 2879 3524 2934 ille
3555 2880 3780 2949 quidem
3810 2890 3898 2937 est

2323 2979 2594 3024 mortuus.
2643 2969 2739 3025 Dei
2779 2979 2958 3025 autem
2991 2986 3058 3027 ex
3093 2972 3498 3041 comparatione
3543 2975 3895 3027 tenebrarum

2324 3061 2620 3132 apparebat
2651 3062 3015 3118 clarissimum
3046 3062 3252 3119 lumen.
3281 3063 3338 3118 Si
3368 3065 3492 3133 quis
3518 3071 3698 3118 autem
3735 3063 3894 3119 inﬁr-

2327 3167 2446 3208 mus
2484 3164 2541 3210 et
2560 3155 2868 3210 incredulus
2903 3163 3008 3220 est,
3058 3156 3210 3227 signa
3243 3164 3420 3210 autem
3467 3156 3800 3221 intidelibua,
3834 3167 3894 3210 ut

2326 3245 2460 3300 dicit
2501 3245 2780 3313 Scriptura
2802 3246 2868 3308 ",
2903 3246 3165 3302 habemus
3195 3246 3309 3302 haec
3352 3245 3595 3316 proferre
3621 3262 3746 3318 qua
3788 3263 3891 3302 au-

2327 3333 2576 3388 divimus.
2608 3333 2675 3388 Et
2705 3343 2854 3389 certe
2894 3347 3001 3389 non
3033 3343 3235 3390 tantum
3272 3349 3440 3404 egena
3487 3346 3572 3390 est
3604 3335 3888 3400 Ecclesia;

2325 3425 2418 3479 sed
2459 3433 2515 3479 et
2544 3423 2610 3480 de
2637 3424 2744 3484 alio
2780 3425 2957 3480 audivi
2982 3440 3116 3496 ego,
3143 3425 3269 3496 quia
3310 3427 3392 3479 vir
3425 3427 3644 3495 quidam
3680 3429 3752 3481 ad
3793 3427 3892 3482 be-

2325 3513 2457 3569 stias
2489 3514 2686 3569 missus
2723 3522 2839 3578 est,
2865 3530 2894 3569 a
2932 3511 3120 3571 bestiis
3158 3527 3335 3572 autem
3366 3531 3472 3570 non
3502 3529 3888 3588 consumptus,

2325 3614 2386 3662 ut
2433 3605 2636 3669 Daniel,
2681 3603 2938 3662 Ecclesiae
2986 3606 3255 3662 referebat
3299 3606 3559 3662 mirabilia
3612 3607 3730 3663 Dei.
3775 3608 3887 3664 Sed

664 3702 886 3759 Lectum
913 3712 996 3758 est
1021 3714 1200 3760 autem
1239 3704 1418 3768 nobis,
1453 3705 1578 3773 quia
1612 3706 1665 3759 in
1696 3707 1968 3776 apostolos
1993 3706 2224 3778 Spiritus

2325 3713 2430 3751 non
2457 3699 2528 3752 sit
2558 3697 2691 3752 mihi
2714 3698 2967 3769 colligere
2993 3699 3140 3754 talia.
3173 3699 3278 3754 Ista
3305 3701 3446 3754 enim
3480 3703 3889 3769 supportatoria

665 3795 878 3867 linguas
911 3804 970 3850 ut
1004 3796 1179 3862 ignem
1214 3795 1398 3849 divisit
1430 3803 1483 3849 et
1515 3796 1754 3852 donavit.
1791 3796 1896 3852 Sed
1928 3798 2075 3852 illum
2116 3815 2220 3853 non
2324 3788 2709 3844 inﬁrmantium
2745 3790 3025 3856 habellllll'.
3050 3791 3167 3846 ἰθιε
3191 3790 3590 3848 εδιίεΐπιὶοηθδ
3619 3801 3752 3847 sunt
3782 3810 3889 3849 non

664 3888 919 3948 vidimus,
965 3886 1057 3939 sed
1096 3885 1393 3938 audivimus
1424 3895 1476 3937 et
1509 3886 1796 3940 credimus.
1847 3887 1996 3954 Quod
2043 3898 2220 3942 autem
2324 3879 2680 3934 ονθάθηιίιιω-
2733 3880 2838 3936 Sed
2888 3896 3060 3951 neque
3112 3883 3216 3938 is“
3269 3898 3482 3952 ψει-πω,
3532 3899 3635 3939 nec
3680 3886 3888 3942 abnuo.

667 3980 908 4033 dicturus
931 3991 1073 4038 sum,
1100 3976 1251 4028 multi
1283 3977 1458 4030 vultus
1492 3975 1604 4047 (62)
1644 3987 1770 4032 sunt
1800 3988 1984 4034 testes.
2017 3979 2220 4034 Dicitur
2321 3969 2663 4024 (ὶΙοτῖῙίοειιιτ
2728 3981 2905 4026 autem
2955 3960 3019 4028 vel
3063 3973 3117 4027 in
3177 3974 3295 4029 istis
3356 3974 3675 4029 miriﬁcalor
3720 3976 3888 4034 Deus.

665 4067 789 4136 quia
836 4067 1026 4120 beatus
1073 4065 1176 4119 iste
1212 4065 1508 4132 Romanus,
1562 4067 1687 4118 dum
1745 4066 1920 4122 adhuc
1968 4083 2219 4123 carneam
2325 4062 2496 4131 Diligo
2529 4072 2709 4117 autem
2735 4078 2856 4118 cum
2892 4063 3050 4120 video
3076 4063 3238 4118 incidi
3271 4065 3448 4134 capita
3480 4077 3808 4136 martyrum,
3833 4077 3887 4122 et

666 4157 895 4212 habebat
931 4155 1188 4224 linguam,
1219 4155 1414 4210 similia
1444 4157 1612 4228 Moysi
1642 4157 1977 4226 loquebatur,
2010 4158 2111 4214 hoc
2141 4169 2224 4216 est
2324 4163 2492 4207 ιοιιηη
2535 4168 2730 4222 corpus
2760 4154 2973 4216 ardere.
3011 4165 3069 4210 ει
3103 4155 3341 4224 virgines
3366 4155 3537 4212 nudat
3565 4172 3674 4211 non
3707 4159 3888 4214 irreli-

663 4245 984 4308 balbutiens,
1031 4253 1218 4297 etnon
1255 4245 1548 4312 composite
1585 4245 1832 4313 loquens.
1868 4245 2002 4299 Dum
2041 4245 2219 4302 adhuc
2321 4247 2488 4317 giosia
2514 4247 2706 4312 oculis,
2740 4246 2928 4303 amicis
2949 4257 3124 4302 autem
3156 4259 3211 4302 et
3245 4247 3519 4303 fraternis.
3553 4248 3697 4305 Nihil
3739 4253 3888 4306 enim

669 4337 892 4389 haberet
930 4343 1095 4388 totam
1145 4333 1399 4402 linguam,
1444 4341 1497 4388 et
1542 4349 1646 4388 non
1696 4345 1880 4403 posset
1925 4337 2222 4405 composite
2324 4339 2516 4392 horum
2549 4338 2792 4393 terribile
2817 4339 3001 4393 vident
3029 4337 3247 4404 fratres,
3282 4341 3406 4408 quia
3439 4356 3538 4395 nec
3573 4342 3883 4410 patiuntur.

666 4424 834 4493 loqui,
863 4434 978 4477 erat
1001 4425 1209 4479 balbus.
1244 4423 1343 4489 Qui
1373 4431 1550 4477 autem
1579 4438 1854 4478 carcerem
1884 4425 2217 4492 ingredieba-
2324 4428 2442 4483 ista:
2481 4436 2606 4482 sunt
2637 4428 2840 4495 gloriae,
2875 4428 2992 4483 ista
3025 4439 3222 4484 nostra:
3259 4428 3593 4485 dilectioues.
3643 4431 3711 4485 Et
3763 4434 3886 4503 qui-

665 4522 751 4568 tur
787 4523 966 4568 custos
991 4514 1228 4568 carceris
1265 4514 1617 4584 interrogavit
1642 4529 1788 4579 eum,
1820 4515 1964 4584 quod
1989 4515 2037 4569 ei
2068 4525 2217 4571 esset
2252 4546 2297 4602 ο
2323 4522 2440 4573 dem
2468 4520 2557 4587 qui
2593 4520 2841 4574 inciditur
2879 4521 3077 4590 capite,
3115 4520 3332 4574 habebit
3361 4530 3522 4588 caput
3556 4522 3609 4575 in
3636 4521 3880 4590 judicio;

660 4619 855 4659 nomen
876 4615 956 4658 :et
986 4616 1132 4659 certe
1161 4605 1352 4660 litterae
1374 4604 1484 4675 (65)
1506 4605 1616 4675 jam
1654 4605 1739 4660 his
1767 4607 1858 4672 qui
1890 4605 2046 4661 valde
2075 4621 2222 4661 com-
2322 4610 2446 4678 quia
2477 4609 2567 4685 qui
2611 4612 2763 4664 ardet
2801 4618 2966 4672 totus,
3000 4610 3367 4664 holocaustum
3416 4609 3525 4664 Deo
3556 4613 3763 4668 viventi
3796 4613 3883 4668 of—

658 4694 820 4765 posili
849 4704 995 4749 recte
1022 4694 1331 4763 loquuntur,
1360 4695 1579 4764 impedit
1600 4698 1664 4748 ad
1688 4695 2035 4763 loquendum.
2068 4696 2220 4751 Nunc
2321 4697 2512 4754 fertur;
2540 4699 2606 4756 Et
2645 4703 2791 4771 virgo
2826 4701 3041 4764 nudata,
3074 4715 3179 4753 non
3213 4702 3386 4765 nuda;
3425 4702 3587 4756 habet
3612 4705 3760 4758 enim
3803 4708 3881 4758 in-

661 4791 838 4837 autem
868 4781 1140 4838 Romanus
1167 4793 1222 4839 et
1247 4783 1416 4839 incisa
1462 4784 1671 4854 lingua;
1708 4801 1867 4856 quam
1901 4801 2023 4841 cum
2061 4787 2221 4842 habe-
2321 4790 2628 4846 dumentum
2660 4791 3042 4860 iucorruptelae
3073 4805 3200 4845 sua.
3244 4791 3415 4846 Nemo
3455 4793 3600 4847 dicat
3627 4796 3886 4866 martyri-

663 4883 745 4928 ret
771 4873 904 4944 (64),
935 4886 988 4927 et
1012 4884 1157 4928 recte
1185 4874 1327 4944 inqui
1357 4890 1462 4929 non
1489 4886 1733 4944 poterat;
1765 4877 2001 4945 Spiritus
2025 4875 2217 4946 linguae
2322 4880 2460 4936 bus:
2493 4881 2856 4939 Misericordia
2895 4898 2926 4936 a
2966 4882 3116 4938 vobis
3143 4882 3255 4953 (65)
3285 4885 3354 4937 ab
3401 4884 3503 4948 his,
3546 4885 3778 4954 fratres;
3817 4905 3884 4944 ne

659 4962 914 5031 loquitur,
966 4972 1021 5017 et
1062 4962 1217 5018 valde
1258 4965 1578 5030 rectissime,
1630 4975 1684 5021 et
1730 4967 1882 5030 dicit,
1936 4965 2212 5022 Romanus

2324 4972 2459 5028 forte
2486 4976 2782 5030 imitatores
2807 4975 3009 5030 Christi
3048 4990 3232 5031 vocem
3257 4977 3424 5031 etiam
3449 4978 3570 5048 ejus
3602 4981 3881 5036 mittentes
3973 4983 3980 4992 ’

659 5055 830 5110 dicor.
857 5053 1052 5108 lterum
1083 5054 1359 5108 nuntiatur
1393 5056 1494 5110 hoc
1521 5056 1685 5124 iudici
1718 5066 1771 5111 et
1801 5063 2031 5126 tyranno
2065 5072 2207 5128 prte-
2315 5064 2673 5134 respondeant
2698 5065 3035 5120 dicentibus:
3087 5063 3225 5120 Vade
3259 5080 3394 5122 retro
3447 5085 3549 5133 me,
3584 5067 3789 5126 Salone
3815 5073 3878 5127 ⁸⁸.

747 5147 791 5180 "’
819 5147 839 5202 l
869 5147 993 5203 Cor.
1028 5163 1139 5212 ιιν,
1166 5149 1255 5202 22.
1327 5149 1372 5180 ⁸⁸
1392 5148 1556 5204 Marc.
1585 5165 1700 5217 viti,
1732 5151 1821 5206 53.

728 5240 842 5317 (ὃς)
885 5239 949 5293 Ut
976 5256 1306 5317 consuerunt.
1341 5240 1412 5295 Ut
1439 5244 1603 5317 solent
1641 5243 1956 5317 inﬁrmiores
1991 5244 2130 5298 clam
2165 5254 2217 5302 et
2391 5246 2504 5317 (64)
2563 5245 2734 5310 Quam
2781 5261 2898 5299 cum
2942 5246 3172 5300 haberet.
3221 5246 3393 5313 Quam
3442 5247 3678 5302 litteram
3725 5247 3880 5307 facile

659 5309 1455 5388 domi'reconditastttartyrum
1485 5309 1738 5387 requuias
1764 5314 2064 5388 honorare;
2094 5331 2213 5388 cum
2320 5309 2667 5388 pronuntiare
2710 5329 2818 5369 non
2856 5323 3088 5384 poterat.
3123 5309 3285 5370 etiam
3327 5330 3450 5370 cum
3493 5318 3731 5388 linguam
3782 5322 3878 5374 ita-

659 5379 912 5434 fortiores
942 5379 1112 5446 palam
1149 5380 1200 5432 id
1228 5379 1506 5435 facerent:
1555 5379 1674 5436 erat
1701 5393 1883 5438 autem
1924 5384 2014 5438 ille
2045 5379 2215 5438 medi-
2318 5379 2488 5442 heret.

658 5465 749 5527 exta
797 5449 969 5504 carnis
1038 5447 1340 5517 inﬁrmitate
1404 5450 1601 5520 lapsus,
1663 5452 1802 5508 sicut
1873 5455 2029 5524 paulo
2093 5465 2218 5511 ante
2389 5457 2502 5525 (65)
2546 5453 3139 5527 Misericordinauoltis.
3162 5453 3326 5510 Forte
3349 5454 3714 5527 Misericordia
3738 5459 3876 5512 vobis

659 5521 928 5594 dictum."
977 5586 988 5594 ‘
1234 5593 1237 5594 ν
1877 5521 1889 5524 ⁷
2319 5521 2518 5591 οὺἸιὶὲ,
2548 5536 2606 5578 ut
2639 5539 2826 5580 sensus
2859 5525 2928 5578 sit
2958 5541 2973 5578 :
3012 5522 3181 5578 Nemo
3207 5525 3535 5594 martyribus
3564 5528 3742 5580 dicat:
3771 5531 3876 5580 fra-

730 5587 839 5726 (62)
886 5585 1093 5641 Vultus.
1119 5593 1436 5662 Πρόσωπα.
1470 5603 1728 5660 aspectus.
2321 5607 2450 5663 tres,
2483 5585 2647 5650 vestri
2687 5594 3125 5649 misereanturhi
3164 5585 3400 5665 tyramt'i,
3441 5609 3666 5662 parcant
3702 5599 3752 5649 in
3790 5613 3874 5651 vos

756 5659 842 5726 65)
883 5657 1113 5712 Littera.
1137 5663 1291 5715 Forte
1322 5664 1520 5726 littera,
1561 5674 1618 5716 ut
1660 5676 1847 5716 sensus
1885 5663 1997 5717 sit:
2031 5663 2208 5718 littera
2313 5669 2545 5726 saevire;
2581 5680 2647 5721 ne
2676 5676 2936 5726 martyres
2973 5664 3218 5726 exetnplo
3244 5664 3445 5721 Christi
3475 5669 3868 5726 respondeant:

756 5659 842 5726 65)
883 5657 1113 5712 Littera.
1137 5657 1291 5736 Forte
1322 5657 1539 5736 littera,
1561 5674 1618 5716 ut
1660 5676 1847 5736 sensus
1885 5663 1997 5736 sit:
2031 5663 2208 5718 littera
2313 5657 2545 5731 saevire;
2581 5680 2647 5721 ne
2676 5676 2936 5736 martyres
2973 5657 3218 5734 exetnplo
3244 5657 3454 5721 Christi
3475 5669 3868 5736 respondeant:

665 5724 706 5776 ll
732 5724 849 5794 quae
871 5740 1009 5803 aegre
1037 5733 1407 5803 pronuntiatur
1438 5724 1603 5803 etiam
1632 5732 1698 5785 ab
1737 5733 1801 5786 iis
1843 5735 1935 5800 qui
1966 5749 2031 5786 os
2063 5746 2208 5793 recte
2310 5739 2440 5792 vade
2475 5724 2633 5803 retro,
2668 5745 2774 5792 etc.

663 5796 1016 5852 cunituositum
1052 5799 1252 5855 habent
1281 5801 1347 5857 ad
1379 5801 1721 5861 loauendum.
1753 5796 1914 5862 nunc.
1950 5816 2054 5859 etc.

1241 5607 1436 5654 σωπα,
1470 5603 1728 5660 aspectus.
