4048 6322
1224 462 1314 522 DE
1354 463 1963 525 HESURRECTIONE.
1996 494 2075 514 υ·-
2114 465 2246 529 LIB.
2290 466 2357 529 ll.

3317 480 3465 541 “03

171 580 508 637 incedantur
547 591 600 639 et
638 582 865 665 ardeant
902 592 959 640 ut
986 582 1263 677 nudentur
1297 584 1411 658 (66)
1438 588 1675 657 virgines
1711 590 1763 644 in
1796 594 1843 652 Α
1872 589 2076 662 plagas,
2122 606 2220 664 per
2264 605 2486 661 terram,
2534 600 2636 667 per
2684 596 2888 671 ignem,
2936 614 3035 674 per
3070 601 3332 673 gladium,
3363 620 3464 677 per

166 672 445 741 passione,
481 681 537 729 et
568 661 747 728 vincat
779 688 879 744 per
909 676 1092 730 omnia
1124 673 1396 733 Christus.
1432 677 1571 745 Quid
1612 680 1757 735 enim

166 768 225 816 et
271 758 535 832 promunt
574 762 743 820 Juda’i
792 776 849 821 ut
891 766 1120 838 gloriam
1172 779 1265 823 aut
1306 766 1760 826 accusationem?

166 851 228 909 Si
259 855 403 909 enim
437 870 537 910 nos
566 854 795 911 fratrum
824 867 1133 914 nostrorum
1176 859 1614 917 interﬁcientium
1642 863 1757 934 (67)

165 947 251 1003 usi
281 964 465 1004 sumus
494 950 754 1019 praedicta
780 952 974 1023 gloria,
1006 952 1308 1009 interiectis
1334 955 1607 1025 prioribus
1652 974 1755 1012 non

162 1053 443 1095 cessamus
467 1040 701 1097 interﬁci
736 1066 746 1098 :
780 1059 925 1099 nunc
950 1045 1240 1101 adoremus
1268 1045 1406 1100 idola
1436 1061 1558 1117 qua:
1587 1063 1757 1102 excu-

159 1148 347 1189 sumus
372 1134 508 1206 (68).
544 1134 709 1192 Israel
734 1147 915 1192 autem
960 1148 1014 1192 et
1059 1139 1184 1193 dum
1241 1138 1643 1197 interﬁceretur
1689 1159 1756 1197 ne

156 1226 434 1291 adoraret,
470 1244 577 1283 non
611 1232 849 1285 cessavit
878 1231 1179 1287 adorando.
1212 1232 1281 1287 Et
1306 1234 1423 1288 ausi
1451 1245 1577 1289 sunt
1605 1235 1749 1305 loqui

157 1318 230 1373 ad
258 1334 494 1375 crucem.
523 1321 654 1376 Cum
681 1323 827 1377 enim
854 1322 1007 1379 vituli
1036 1333 1209 1394 caput
1234 1326 1337 1382 sibi
1367 1335 1426 1381 ut
1454 1328 1750 1384 adorarent

153 1405 433 1476 fecerunt,
465 1411 675 1484 Moyses
701 1402 987 1471 interfecit
1016 1417 1299 1486 plurimos,
1341 1432 1410 1473 ne
1445 1420 1627 1474 cteteri
1663 1419 1748 1473 fa-

151 1514 345 1559 cerent
388 1504 535 1571 talia,
568 1516 622 1558 et
656 1507 748 1575 qui
778 1508 1023 1563 derelicti
1067 1519 1191 1565 sunt
1236 1513 1551 1569 adorarent.
1592 1510 1748 1569 Unde

149 1610 287 1669 ergo
327 1597 503 1653 simile
543 1599 648 1654 erit
682 1599 886 1656 Jndazis
931 1612 991 1656 ut
1030 1612 1086 1657 et
1134 1605 1261 1658 dum
1319 1604 1743 1674 interﬁciuntur,

148 1687 246 1744 alii
277 1690 507 1745 adorent
538 1691 865 1760 simulacra;
902 1703 957 1749 et
998 1694 1239 1750 Ecclesia
1265 1695 1379 1768 (69)
1421 1713 1542 1768 quae
1572 1698 1742 1754 inter-

146 1781 332 1836 ﬁcitur
352 1792 413 1836 ut
437 1784 647 1851 adoret,
674 1794 727 1838 et
757 1802 863 1840 non
894 1788 1119 1843 adorat?
1144 1788 1249 1844 Sed
1281 1806 1402 1860 qua:
1428 1793 1745 1846 communio

142 1882 237 1929 est
267 1874 453 1928 lumini
486 1877 552 1930 ad
584 1877 883 1932 tenebras?
918 1878 1051 1944 Qui:
1076 1883 1233 1935 enim
1270 1882 1427 1937 debui
1454 1882 1631 1953 facere
1665 1884 1741 1939 vi-

141 1979 263 2019 nea:
296 1980 444 2030 mea,
477 1978 654 2021 etnon
687 1967 790 2036 feci
820 1966 901 2023 “2
931 1969 1060 2023 dicit
1093 1969 1254 2025 Deus.
1288 1952 1501 2026 Donare
1527 1972 1735 2035 debuit,
1774 1952 1815 2011 θ

138 2068 196 2111 et
232 2058 501 2125 blandire,
535 2070 590 2113 et
623 2060 887 2116 beneﬁcia
920 2063 1162 2119 tribuere
1189 2082 1202 2119 :
1234 2062 1361 2119 fecit
1394 2066 1598 2121 omnia.
1630 2065 1737 2121 Do-

135 2147 295 2202 navit
320 2148 464 2202 enim
498 2164 693 2204 manna
727 2168 742 2205 :
773 2149 938 2208 lsrael
966 2164 1147 2209 autem
1183 2157 1345 2210 modo
1376 2157 1731 2225 manducans,

134 2239 373 2295 vitulum
420 2241 512 2312 qui
562 2256 664 2297 nec
716 2244 941 2299 herbam
997 2247 1366 2305 manducabat
1414 2264 1514 2305 nec
1563 2251 1731 2307 vitam

135 2331 401 2396 habebat,
435 2333 829 2399 adorabant.gE
859 2350 1013 2406 petra
1044 2339 1303 2395 bibebant
1331 2356 1546 2413 aquam,
1579 2354 1635 2400 et
1664 2362 1732 2402 ex

132 2433 292 2493 [mra
320 2423 595 2481 faciebant
620 2427 762 2482 idola
786 2429 912 2486 sibi.
939 2430 1041 2485 Per
1066 2430 1267 2499 lignum
1295 2429 1511 2503 ﬁgurati
1544 2424 1732 2493 amara

133 2529 281 2585 aqua
315 2522 580 2573 translata
606 2519 672 2573 ad
701 2519 1044 2577 dulcedinem
1072 2535 1155 2578 est
1182 2543 1195 2579 :
1221 2524 1294 2579 illi
1326 2536 1506 2582 autem
1533 2544 1563 2583 e
1587 2529 1731 2600 ligno

130 2608 519 2678 exsculpentes
569 2611 672 2666 sibi
725 2613 1053 2681 simulacra,
1115 2618 1403 2674 adversum
1457 2635 1581 2675 eum
1636 2626 1727 2695 qui

128 2691 346 2752 fecerat
385 2698 541 2756 dulce
572 2702 895 2759 adorabant.
930 2706 1352 2766 Veterascentes
1381 2722 1563 2770 autem
1598 2691 1729 2772 con-

127 2790 459 2844 crescebant
503 2793 584 2848 eis
616 2794 814 2850 tunica:
850 2815 864 2851 :
901 2797 977 2852 illi
1016 2809 1199 2855 autem
1241 2803 1575 2874 accipientes
1607 2823 1729 2878 quae

124 2876 376 2936 donabat
414 2881 577 2947 Deus,
614 2887 1015 2943 consecrabant
1066 2890 1240 2947 idolis.
1296 2893 1528 2951 Tantum
1580 2876 1724 2953 enim

122 2982 291 3029 erant
335 2974 403 3028 ad
443 2975 704 3032 beneﬁcia
750 2991 1104 3037 contumaces
1157 3001 1171 3037 :
1221 2984 1458 3056 ideoque
1502 2990 1727 3047 adduxit

122 3062 417 3120 adversum
451 3082 545 3123 eos
572 3068 758 3141 plagas
778 3111 795 3137 ,
824 3072 951 3140 quia
977 3072 1107 3127 dum
1134 3075 1291 3132 daret
1316 3078 1600 3147 beneﬁcia,
1627 3099 1723 3140 eos

122 3157 364 3211 suadere
412 3172 518 3213 non
557 3163 733 3229 potuit
772 3180 786 3217 :
822 3163 1000 3219 voluit
1037 3178 1168 3238 ergo
1208 3182 1303 3224 eos
1329 3174 1562 3241 puniens
1599 3191 1725 3246 per-

119 3261 348 3317 urgere.
395 3248 570 3316 Quam
614 3240 759 3308 enim
804 3256 1018 3331 plagam
1053 3259 1135 3313 eis
1182 3274 1292 3315 non
1332 3240 1537 3319 ﬁtnisit‘l
1580 3265 1719 3335 Quid

119 3340 275 3394 enim
305 3340 383 3394 ait
413 3343 528 3412 ipse
580 3345 647 3399 ad
686 3346 821 3401 eos?
854 3348 983 3404 Sine
1007 3367 1170 3406 causa
1205 3357 1441 3422 percussi
1461 3358 1606 3427 filios
1638 3378 1722 3415 ve-

114 3440 265 3487 stros
310 3445 330 3485 :
410 3434 753 3505 disciplinam
798 3457 901 3495 non
955 3447 1232 3515 accepistis
1263 3447 1333 3505 ".
1385 3448 1521 3507 Cum
1574 3455 1718 3509 enim

116 3523 387 3580 beneﬁcia
421 3540 517 3581 sua
555 3528 634 3583 eis
680 3535 1029 3602 exprobaret,
1066 3539 1320 3595 dicebat:
1361 3543 1506 3609 Quid
1545 3546 1719 3602 adhuc

115 3615 279 3669 debui
302 3617 479 3686 facere
502 3622 665 3676 vinea:
682 3640 830 3689 mea,
854 3637 904 3680 et
928 3644 1031 3683 non
1055 3629 1216 3699 feci"
1236 3633 1260 3688 2
1279 3634 1415 3689 Cum
1438 3646 1618 3695 autem
1643 3642 1721 3696 in-

118 3707 499 3765 credulitatem
525 3712 591 3767 ad
619 3714 804 3785 plagas
834 3719 1109 3777 addebat:
1139 3723 1269 3780 Sine
1291 3743 1453 3783 causa
1480 3735 1718 3800 percussi

115 3799 263 3868 filios
297 3812 496 3858 vestros
519 3820 537 3860 :
566 3807 903 3873 disciplinam
931 3829 1036 3867 non
1062 3818 1361 3887 accepistis.
1380 3819 1448 3876 Et
1472 3799 1667 3879 iterum
1696 3845 1708 3881 :

118 3888 267 3955 Quid
303 3891 477 3946 adhuc
518 3898 890 3964 percutiantini
928 3902 1179 3957 addentes
1224 3918 1441 3975 peccata
1470 3910 1557 3964 ηε
1598 3910 1716 3969 Hoc

115 3991 224 4046 est,
269 3997 372 4054 ego
415 3988 678 4042 evacnavi
724 3988 909 4059 plagas
941 4010 954 4046 :
987 4008 1083 4048 vos
1120 4008 1300 4052 autem
1343 4014 1451 4055 non
1484 4005 1713 4061 cessatis

116 4085 437 4141 peccantes.
486 4077 595 4133 Sed
639 4077 779 4136 forte
827 4082 1104 4153 simplices
1142 4087 1328 4159 plagas
1367 4094 1571 4161 putatis
1614 4106 1716 4151 :et

113 4165 299 4235 gladio
325 4167 599 4224 interfecti
625 4182 774 4238 sunt,
806 4176 895 4245 qui
928 4190 1092 4247 caput
1122 4183 1226 4237 sibi
1256 4184 1411 4239 vituli
1443 4184 1709 4255 fecerunt,

111 4267 173 4312 ut
197 4260 492 4317 adorarent
520 4281 533 4317 :
562 4273 621 4319 et
645 4266 1003 4327 nihilominus
1034 4273 1476 4344 indisciplinatus
1508 4284 1712 4337 mansit

111 4348 285 4407 Israel
314 4369 327 4406 :
353 4362 407 4408 et
433 4365 577 4411 terra
607 4358 837 4414 miriﬁce
855 4365 1111 4419 ostendat
1134 4370 1389 4437 aperiens
1414 4386 1476 4426 os
1503 4386 1661 4427 suum
1690 4388 1706 4427 :

111 4444 271 4499 vivos
299 4446 565 4514 quosdam
601 4449 886 4507 absorbuit
913 4469 929 4507 :
968 4464 1024 4510 et
1055 4458 1149 4526 qui
1181 4458 1355 4516 relicti
1387 4471 1538 4529 sunt,
1574 4466 1709 4520 ado~

110 4557 312 4612 rabant
357 4574 464 4613 non
513 4561 779 4621 viventes.
827 4565 1071 4623 Flamma
1113 4586 1207 4628 eos
1251 4579 1593 4649 consumpsit
1636 4594 1705 4635 ne

110 4647 414 4704 adorarent
440 4651 601 4719 idola,
638 4664 693 4709 et
720 4658 958 4714 comedit
991 4660 1194 4718 multos
1235 4681 1249 4718 :
1286 4675 1344 4721 et
1384 4647 1498 4736 qui
1524 4668 1700 4726 relicti
1737 4686 1781 4740 ι)

109 4748 262 4803 sunt,
292 4743 586 4799 adorarunt
612 4747 909 4805 simulacra
936 4750 1354 4813 damoniorum.
1388 4761 1453 4815 l‘it
1487 4761 1561 4816 illi
1590 4766 1706 4831 qui-

111 4833 237 4887 dem
276 4838 759 4908 consumebantur,
805 4855 865 4899 ut
911 4861 1017 4901 non
1068 4848 1376 4917 adorarent,
1412 4862 1467 4908 at
1503 4854 1706 4910 nihilo-

112 4925 296 4980 minus
334 4929 633 4986 adorabant
677 4934 811 5008 (70).
856 4936 965 4994 Nos
1013 4950 1195 4996 autem
1231 4946 1610 5001 consumimur
1644 4957 1703 5004 ut

108 5012 423 5079 adoremus,
455 5026 511 5071 et
557 5035 662 5075 non
716 5024 1034 5086 adoramus.
1091 5027 1206 5085 Non
1263 5034 1467 5105 quippe
1514 5048 1701 5094 nostra

108 5102 337 5167 virtute,
369 5107 465 5160 sed
498 5112 677 5168 crucis
711 5116 974 5182 potentia.
1011 5118 1310 5189 Serpentes
1346 5102 1440 5181 eos
1483 5131 1704 5184 murde-

108 5193 271 5261 bant,
302 5206 361 5253 et
386 5200 632 5258 immisso
669 5220 877 5263 veneno
920 5215 1265 5271 occidebant.
1297 5228 1352 5273 et
1386 5234 1483 5282 per
1511 5236 1702 5279 omnes

1871 694 2186 753 serpentes,
2215 700 2311 757 per
2335 687 2499 755 feras,
2527 706 2627 762 per
2649 692 2922 761 inimicos,
2947 711 3043 765 per
3063 694 3236 777 legem
3262 701 3461 771 puniti,

1870 777 2166 844 interfecti,
2198 783 2426 850 concisi,
2454 788 2761 856 consumpti
2793 798 2941 855 sunt,
2974 798 3025 844 et
3058 778 3225 847 manu
3268 805 3460 850 sacer-

1863 869 2048 927 dotum
2079 875 2291 930 occisi:
2332 885 2387 931 et
2424 893 2528 933 non
2556 893 2905 938 recesserunt
2935 884 3004 940 ab
3025 881 3225 943 ,ldolis.
3267 885 3337 943 Et
3372 897 3457 945 ta-

1862 979 1986 1019 men
2040 967 2156 1022 haec
2202 970 2384 1024 omnia
2433 971 2637 1026 ﬁebant
2685 983 2829 1040 tunc,
2873 984 2928 1031 et
2964 977 3193 1047 spiritus
3240 987 3362 1035 erat
3395 981 3451 1036 in

1861 1056 2013 1127 ipsis,
2063 1070 2115 1115 ct
2158 1060 2371 1134 Moyses
2417 1065 2700 1137 propheta,
2740 1078 2794 1123 et
2838 1069 3022 1126 Aaron
3069 1072 3349 1141 sacerdos,
3395 1087 3454 1134 et

1858 1148 2018 1205 Jesus
2045 1150 2192 1207 Nave
2220 1155 2519 1211 exercitum
2554 1158 2774 1225 ducens,
2808 1169 2863 1215 et
2894 1175 3213 1234 espugnans
3260 1164 3447 1225 inimi-

1826 1258 1972 1311 cos,
2004 1254 2060 1300 et
2087 1247 2309 1319 Moyses
2338 1251 2683 1307 orationibus
2716 1255 2964 1320 vincens,
3010 1268 3066 1313 et
3108 1275 3308 1317 manna
3357 1262 3456 1320 tle-

1856 1349 2096 1401 sursum,
2155 1349 2209 1393 et
2255 1352 2411 1410 petra
2462 1343 2628 1399 dabat
2670 1361 2891 1417 aquam,
2936 1359 2990 1405 et
3034 1352 3450 1411 tabernaculum

1856 1428 2062 1496 aderat,
2113 1438 2168 1487 et
2198 1431 2348 1505 virga
2384 1434 2635 1505 ﬂorebat,
2682 1449 2737 1494 et
2782 1443 3055 1498 mirabilia
3106 1446 3325 1504 ﬁebant.
3383 1446 3451 1508 Et

1863 1521 2107 1580 colentes
2146 1526 2290 1589 idola
2332 1544 2437 1583 non
2482 1531 2790 1601 'abegerunt
2834 1536 3029 1603 Deum,
3067 1549 3125 1596 ut
3162 1543 3450 1601 recederet

1854 1626 1883 1664 a
1939 1615 2393 1683 promissionibus
2442 1622 2553 1677 suis
2601 1638 2739 1693 quas
2776 1626 2979 1683 fecerat
3024 1631 3091 1685 ad
3143 1634 3445 1694 Abraham.

1850 1700 1963 1758 Cur
1999 1720 2150 1778 ergo,
2184 1723 2279 1765 vos
2310 1712 2683 1783 interrogabo,
2734 1732 2832 1772 cur
2861 1733 2984 1775 cum
3012 1731 3067 1778 et
3098 1726 3239 1793 apud
3269 1721 3448 1802 Egy-

1849 1810 2003 1868 ptum
2048 1801 2191 1857 idola
2247 1804 2535 1870 colebatis.
2575 1825 2699 1865 cum
2741 1821 2796 1866 et
2844 1814 2896 1868 in
2940 1815 3059 1885 ipso
3104 1820 3242 1874 mari
3282 1801 3445 1892 positi

1853 1904 1959 1946 non
1987 1895 2317 1963 credebatis,
2348 1914 2472 1954 cum
2503 1910 2559 1957 et
2599 1919 2798 1961 manna
2826 1910 3166 1981 accipientes
3194 1931 3443 1973 murmu-

1846 1984 2073 2050 rabatis,
2101 2002 2227 2042 cum
2278 1999 2330 2043 et
2368 2001 2499 2049 ante
2540 1995 2714 2063 legem
2758 2009 2813 2054 et
2854 2012 3048 2059 contra
3079 2004 3255 2078 legem
3285 2009 3441 2066 vituli

1841 2087 2003 2145 caput
2044 2078 2198 2134 vobis
2246 2082 2476 2150 fecistis,
2526 2102 2647 2143 cum
2698 2089 3039 2165 Beelpbegor
3076 2102 3441 2175 vosmetipsos

1838 2172 2223 2241 consecrastis,
2253 2189 2374 2230 cum
2399 2176 2672 2235 ﬂammam
2698 2183 2837 2252 ignis
2860 2192 3288 2259 contempsiStis,
3310 2172 3437 2253 cum

1836 2264 2184 2332 serpentibus
2219 2267 2718 2339 interficiebamini,
2753 2294 2859 2332 non
2904 2281 3038 2337 estis
3072 2288 3217 2342 suasi
3247 2305 3262 2342 :
3309 2305 3436 2349 cum

1837 2360 1980 2408 terra
2030 2356 2425 2416 admirabiliter
2450 2379 2512 2419 os
2547 2379 2703 2423 suum
2748 2371 2996 2439 aperiens
3029 2374 3433 2439 absorbuitvos

1834 2448 2101 2518 viventes,
2140 2466 2313 2523 neque
2356 2471 2453 2512 vos
2484 2464 2744 2519 cessastis
2771 2465 2839 2521 ab
2867 2466 3046 2535 idolis,
3077 2488 3251 2545 neque
3284 2475 3427 2535 Deus

1835 2543 2087 2609 recessit,
2121 2554 2180 2600 ut
2238 2563 2345 2604 non
2380 2553 2786 2613 vobis.f.tceret
2838 2559 3020 2630 bene;
3065 2576 3120 2620 et
3150 2543 3430 2630 habebatis

1832 2634 2126 2704 prophetas
2164 2638 2468 2698 vobiscum.
2516 2643 2969 2718 Comparavintus
3010 2658 3178 2728 igitur
3207 2661 3297 2716 illa
3345 2664 3429 2721 his

1831 2739 1951 2794 qua:
1984 2744 2091 2783 non
2123 2740 2253 2786 sunt
2280 2732 2420 2807 (7i),
2453 2746 2509 2792 et
2557 2740 3013 2818 interrogavimus
3045 2768 3139 2811 eos
3162 2772 3262 2813 cur
3301 2770 3428 2818 tunc

1830 2832 1952 2871 cum
1979 2828 2125 2875 tanta
2153 2823 2345 2883 ﬁerent
2365 2842 2395 2882 a
2421 2830 2597 2899 vobis,
2620 2850 2813 2903 passus
2838 2839 2951 2913 (72)
3000 2855 3083 2902 est
3107 2850 3262 2907 vobis
3309 2852 3427 2926 (75)

1834 2908 1992 2977 Deus,
2011 2920 2066 2965 et
2087 2928 2228 2971 nunc
2243 2932 2365 2973 cum
2385 2918 2681 2979 Sabbatum
2697 2908 2985 2992 custoditis
3001 2945 3059 2993 ut
3074 2908 3427 3018 pollicemini;

1828 3010 1882 3054 et
1908 3001 2079 3074 legem
2112 3007 2312 3080 legitis,
2342 3023 2399 3069 et
2437 3015 2608 3076 libros
2652 3001 3087 3099 prophetarum,-
3115 3051 3251 3106 quos
3282 3001 3423 3110 pne:

1828 3104 2013 3151 sentes
2066 3101 2287 3169 quidem
2342 3105 2722 3181 ittterl'ecistis,
2775 3116 2947 3177 libros
2992 3101 3175 3183 autem
3226 3101 3419 3190 eorum

1828 3189 2112 3254 purpureis
2145 3193 2328 3262 palliis
2375 3197 2701 3261 honoratis:
2738 3223 2859 3278 quae
2893 3229 3058 3271 causa
3092 3230 3177 3277 est
3206 3232 3262 3278 ut
3296 3235 3423 3286 tunc

1826 3276 2043 3378 quidem
2078 3290 2226 3340 tanta
2260 3289 2415 3346 vobis
2453 3276 2781 3358 facientibus
2828 3306 2990 3374 mala,
3031 3276 3179 3368 tanta
3217 3276 3420 3378 ﬁebant

1828 3367 1880 3479 illi
1915 3371 2070 3427 vobis
2106 3373 2201 3431 Dei
2235 3376 2396 3446 bona.
2428 3392 2487 3437 et
2525 3389 2749 3455 spiritus
2773 3394 2930 3451 vobis
2963 3367 3179 3471 aderat,

1825 3459 2003 3527 pheta:
2034 3464 2313 3523 vobiscum
2343 3476 2541 3529 erant?
2568 3476 2721 3543 Nune
2754 3495 2962 3555 autem,
2991 3504 3115 3547 cum
3156 3459 3211 3550 et
3241 3459 3420 3568 legem

1823 3549 2025 3623 legitis,
2050 3566 2105 3612 et
2134 3558 2340 3628 dicitis,
2368 3575 2423 3620 et
2446 3572 2753 3640 custoditis,
2780 3589 2836 3633 et
2866 3549 3165 3655 feriamini,
3194 3600 3251 3647 et
3281 3549 3419 3653 Sab-

1820 3643 2007 3703 batum
2047 3651 2373 3725 observatis,
2410 3668 2466 3715 et
2521 3665 2589 3719 ab
2622 3668 2764 3725 escis
2795 3686 2891 3729 vos
2933 3678 3258 3752 abstinetis;
3299 3688 3418 3747 sine

1820 3756 1984 3799 causa
2010 3746 2297 3817 laboratis,
2328 3764 2385 3811 et
2410 3757 2666 3831 vigilatis,
2691 3779 2789 3835 per
2819 3781 3036 3829 noctem
3065 3746 3305 3847 psalmos
3334 3746 3416 3841 dis

1818 3844 2027 3903 centes,
2054 3849 2108 3895 et
2137 3856 2235 3913 per
2251 3846 2502 3905 civitates
2522 3861 2579 3906 et
2604 3858 2858 3917 nationes
2880 3844 3185 3940 synagogas
3211 3880 3411 3931 consti-

1818 3929 2021 3996 tuistis,
2051 3944 2108 3990 et
2128 3952 2315 3994 arcam
2347 3951 2403 3999 et
2431 3948 2756 4007 candelabra
2783 3962 2839 4010 et
2869 3929 3117 4028 mensas:
3139 3978 3194 4021 et
3227 3974 3415 4027 omnia

1817 4018 1980 4076 vultis
2015 4021 2196 4081 facere
2226 4045 2371 4087 nunc
2395 4038 2570 4107 magis
2596 4055 2759 4109 quam
2798 4046 2850 4100 in
2879 4056 3021 4104 terra
3052 4018 3274 4113 vestra?
3301 4059 3410 4122 Cn!

1818 4120 1943 4168 tunc
1972 4132 2096 4172 cum
2122 4130 2271 4176 tanta
2307 4127 2447 4181 mala
2476 4128 2759 4191 faciebatis
2785 4147 2967 4197 tantos
2989 4145 3271 4208 habebatis
3292 4169 3394 4226 pro

1815 4204 2027 4273 phetas,
2058 4219 2116 4264 et
2144 4211 2364 4285 Moysen
2389 4233 2547 4287 quem
2571 4224 2822 4283 voluistis
2844 4229 3107 4301 lapidare.
3131 4250 3188 4295 et
3218 4204 3407 4304 Aaron

1814 4297 1901 4351 cui
1934 4300 2042 4354 vim
2075 4303 2358 4377 irrogastis
2381 4328 2396 4366 ι
2420 4328 2563 4371 nunc
2585 4327 2765 4375 autem
2787 4338 2913 4379 cum
2949 4328 3204 4389 videmini
3228 4350 3408 4394 custo-

1813 4387 1930 4444 dire
1959 4391 2150 4464 legem,
2175 4408 2228 4453 et
2245 4403 2424 4458 omnia
2452 4405 2634 4465 facere
2664 4423 2723 4467 ut
2745 4418 3064 4479 praedictum
3088 4436 3192 4494 est,
3223 4431 3405 4491 nullus

1814 4482 2091 4591 vim”
2115 4492 2381 4560 Propheta
2401 4498 2525 4553 est?
2555 4498 2725 4559 Putas
2742 4507 2867 4576 fluia
2894 4482 3405 4591 Romani,

1812 4569 1983 4629 limini
2014 4578 2160 4634 enim
2201 4584 2405 4652 dicere,
2450 4592 2577 4659 quia
2603 4596 2744 4652 citra
2782 4601 3117 4663 voluntatem
3173 4612 3264 4668 Dei
3297 4569 3405 4674 Ide-

1810 4678 2131 4729 struxerunt
2180 4689 2414 4735 vestram
2456 4685 2782 4747 civitatem?
2830 4693 3094 4765 Spiritum
3146 4718 3403 4766 sanctum

1811 4760 1933 4829 quis
1972 4763 2197 4822 abstulit
2238 4786 2266 4823 a
2303 4771 2492 4829 vobis?
2523 4776 2623 4834 Ubi
2655 4796 2801 4841 nunc
2830 4760 2973 4856 apud
3004 4806 3104 4849 vos
3136 4760 3403 4869 pr0pheta

1812 4854 1931 4910 est?
1958 4855 2099 4913 Dicit
2141 4861 2283 4919 Deus
2309 4865 2361 4920 in
2397 4868 2648 4930 Ezechiel
2678 4854 2943 4949 propheta
2973 4901 2988 4938 :
3032 4854 3272 4959 Pop-ulnis

1810 4952 2044 5015 peccavit
2080 4952 2137 5006 in
2184 4972 2285 5023 me,
2328 4969 2375 5013 et
2414 4963 2536 5018 misi
2560 4981 2649 5020 eos
2686 4971 2757 5023 ad
2797 4952 3155 5043 captivitatem
3189 4980 3259 5039 7’.
3296 4985 3400 5044 Sed

1811 5056 1916 5095 non
1940 5043 2042 5097 ista
2065 5056 2388 5117 metuentes,
2410 5053 2600 5126 inquit,
2620 5060 2686 5114 ad
2713 5073 2904 5130 gentes
2930 5071 3255 5130 audiebant:
3287 5043 3398 5135 Iste

1811 5146 1889 5188 est
1916 5139 2142 5205 populus
2181 5140 2277 5196 Dei
2316 5156 2363 5198 et
2395 5157 2536 5202 terra
2569 5148 2665 5206 Dei
2690 5155 2756 5209 ⁷⁵.
2798 5157 2865 5213 Ει
2899 5163 3152 5233 educam,
3194 5170 3393 5239 inquit,

1812 5241 2033 5298 propter
2056 5247 2255 5289 nomen
2278 5252 2479 5305 meum,
2507 5251 2563 5297 et
2586 5246 2841 5305 reducam
2871 5267 2986 5319 eos,
3011 5267 3068 5312 et
3091 5259 3256 5318 dicito
3279 5267 3395 5323 eis:

184 5333 232 5364 ⁶⁹
268 5332 370 5391 lsa.
400 5351 456 5403 v,
480 5337 536 5391 4.
609 5340 656 5374 ¹⁰
690 5340 1089 5411 Jerem.tt,50.
1128 5352 1172 5383 "
1216 5352 1319 5410 lsa.
1346 5356 1476 5421 v,4.
1556 5360 1601 5390 "
1640 5360 1806 5429 isa.t,
1835 5366 1887 5420 5.
1966 5367 2234 5427 "Esech.
2263 5388 2451 5439 κυνί,
2498 5379 2585 5432 t9.
2664 5379 2712 5411 "
2752 5383 2883 5443 ibid.
2914 5389 3006 5445 20.

184 5452 303 5539 (66),
332 5453 677 5539 Inceduntur.
705 5461 870 5539 Forte
899 5467 1210 5525 incidantur
1257 5474 1376 5539 (aut
1400 5479 1690 5534 incendan-

111 5533 304 5603 turLe}
333 5532 575 5603 ardeant,
603 5542 650 5583 et
679 5535 964 5603 nudentur,
992 5549 1097 5593 etc.

341 5595 799 5680 interﬁciendum.
829 5593 1382 5680 Pro'inlerfectorum.

181 5665 292 5736 (68)
336 5665 688 5758 Exclusit-mus.
728 5673 839 5758 Yon
865 5665 1145 5758 interpreti
1174 5665 1688 5758 nostro‘l'amiliaris,

150 5752 295 5827 rane?
314 5739 460 5827 quod
483 5746 891 5827 estfepudiare‘,
920 5739 1152 5827 rejticerc.
1181 5753 1273 5809 Sic
1293 5739 1607 5827 supra-,"lib:

150 5752 207 5792 ro
231 5752 295 5791 eo
314 5750 460 5806 quod
483 5750 569 5794 est
592 5757 619 5792 r
684 5750 891 5809 udiare,
920 5751 1152 5817 reﬁcere.
1181 5753 1273 5809 Sic
1293 5772 1479 5827 supra,
1504 5762 1596 5816 lib.
1624 5750 1687 5817 tt.

110 5750 185 5863 Bc
212 5806 313 5863 ﬁde
342 5759 829 5897 adv...‘Sabe?l’._usub
848 5816 937 5897 lit_t_.
959 5837 971 5871 :
992 5817 1234 5877 Contenti
1257 5830 1421 5882 simus
1453 5834 1688 5897 veritate,

108 5894 409 5966 egissemus
442 5878 593 5945 lites;
622 5883 792 5966 et'lib.
824 5902 862 5941 ι,
892 5888 965 5944 De
1006 5906 1205 5949 resurr.

107 5953 224 6008 talis
246 5962 382 6008 esset
411 5956 753 6024 resurrectio,
778 5972 1149 6022 excusare-tas
1174 5969 1356 6039 utique
1382 5953 1692 6043 iniria};

1802 5492 1861 5605 ei:
1900 5485 2037 5608 idnfra
2066 5506 2084 5542 :
2112 5486 2315 5545 Factus
2345 5510 2399 5548 es
2443 5496 2729 5565 perfectus,
2780 5502 3042 5570 [armatus
3082 5525 3156 5576 es,
3205 5526 3399 5569 excusa

1802 5570 1817 5607 ι
1866 5572 1896 5605 u
1943 5598 1955 5608 .
1982 5571 2087 5608 etc.

1800 5570 1955 5616 tuna.
1982 5571 2087 5613 CIC.

1894 5626 1985 5699 69)
2018 5629 2277 5687 Ecclesia.
2310 5633 2477 5691 Forte
2520 5638 2789 5699 Ecclesia.

1894 5627 1962 5682 69
2018 5629 2277 5687 Ecclesia.
2310 5633 2477 5691 Forte
2520 5638 2789 5699 Ecclesia.

2025 5699 2125 5773 bis.
2175 5701 2243 5754 Ει
2271 5707 2613 5767 nihilominus
2644 5715 2963 5773 adorabunt.

1885 5768 1955 5822 7i
2025 5770 2169 5825 Non.
2206 5773 2370 5829 Forte
2400 5795 2561 5836 nunc.

1870 5773 1986 5912 (Εἴ
2029 5839 2127 5897 his.
2176 5842 2371 5901 Passus
2397 5860 2479 5904 est
2514 5868 2546 5907 a

1895 5838 1991 5942 73)
2029 5839 2371 5942 ξιξιιξῖαεειιε
2397 5860 2479 5904 est
2514 5868 2546 5907 a
2594 5854 2740 5913 nobis
2777 5855 2941 5917 Deus.
2974 5860 3233 5924 Fortasse
3265 5887 3369 5942 pas

1801 5924 1889 5964 sats
1914 5922 1991 5964 est
2028 5929 2060 5964 a
2088 5913 2247 5971 vobis.

1878 5979 1992 6051 (75)
2048 5980 2225 6045 Vobis.
2252 5988 2417 6049 Forte
2443 6013 2552 6054 vos-
