4048 6322
680 372 815 429 “05

1368 365 1634 424 EUSEBII
1663 365 2139 425 CACSARIENSIS
2175 365 2327 424 OPP.
2370 365 2549 422 PARS
2599 364 2688 421 IV.
2722 391 2792 406 -
2819 361 3234 422 DOCMA'I'ICA.

3773 367 3902 424 NN

681 489 802 546 Non
830 496 1037 557 propter
1057 503 1144 541 sos
1175 487 1337 554 (acie,
1357 495 1542 541 domus
1567 485 1756 552 Israel,
1777 489 1870 542 sed
1897 496 2107 557 propter
2135 501 2229 541 ao-
2259 490 2302 546 A
2330 484 2513 556 pulum
2544 499 2641 555 per
2668 482 2820 554 signa
2852 497 2958 538 non
3011 482 3202 550 suasit,
3246 479 3407 539 Jesus
3437 493 3626 540 autem
3650 498 3758 554 per
3785 499 3905 540 cra-

673 598 788 636 ουκ
817 593 985 633 unum
1012 577 1080 630 ".
1114 575 1204 630 Ille
1236 576 1372 630 Deus
1401 577 1492 647 qui
1520 577 1656 632 dixit
1695 587 1842 644 tunc,
1867 574 1985 632 Non
2012 588 2230 647 propter

667 686 770 725 vos
803 668 964 732 facio.
997 669 1090 723 sed
1122 677 1340 739 propter
1378 682 1572 722 nomen
1604 683 1801 730 meum.
1837 682 1980 722 nunc
2004 668 2230 723 audiens

675 775 770 814 vos
817 759 1074 824 dicentes,
1123 759 1248 829 quia
1295 758 1546 828 religiose
1589 757 1812 813 fetdmus
1865 758 2229 828 crucifigendo

675 850 972 916 Christum,
991 858 1046 904 et
1072 848 1182 904 sint
1210 848 1284 902 illi
1313 849 1454 919 digni
1481 858 1696 919 propter
1712 850 1860 919 prius
1879 850 2227 917 opprobrium

675 944 910 1016 gentium
941 941 1082 997 dicat
1107 941 1326 997 ut’disit
1353 957 1366 994 :
1397 952 1450 995 et
1471 956 1630 1008 nunc,
1659 941 1701 996 si
1744 952 1922 996 tamen
1964 941 2229 1012 permittit

675 1046 908 1091 vestrum
952 1044 1251 1102 peccatum,
1297 1034 1348 1088 in
1394 1049 1555 1086 unum
1598 1048 1704 1086 non
1745 1043 1963 1104 propter
2007 1034 2226 1090 domum

675 1123 836 1180 lsrael
882 1124 1041 1190 facio,
1090 1124 1183 1179 sed
1232 1133 1448 1192 propter
1480 1136 1674 1176 nomen
1712 1136 1937 1176 meum:
1980 1133 2035 1176 et
2079 1130 2227 1177 certe

675 1222 892 1284 propter
921 1228 1112 1268 nomen
1153 1228 1306 1266 suum
1353 1225 1494 1266 nunc
1533 1226 1628 1266 vos
1666 1227 1769 1266 non
1816 1212 2041 1267 reducit.
2076 1211 2246 1267 Sicut-

674 1305 817 1360 enim
845 1312 969 1358 tunc
997 1314 1212 1373 propter
1240 1318 1429 1358 nomen
1457 1318 1612 1357 suum
1645 1304 1914 1358 revocavit
1939 1318 1953 1357 :
1987 1302 2058 1355 ita
2085 1317 2226 1357 nunc

674 1405 891 1466 prOpter
919 1411 1108 1451 nomen
1141 1410 1296 1448 suum
1322 1409 1417 1450 vos
1443 1409 1547 1449 non
1575 1404 1810 1448 revocat.
1843 1392 1899 1448 Si
1926 1394 2070 1447 enim
2096 1409 2223 1462 pro-

673 1497 794 1556 pter
824 1501 1014 1541 nomen
1038 1500 1187 1539 suum
1220 1485 1350 1538 facit
1369 1484 1509 1554 quod
1547 1499 1650 1538 non
1683 1483 1828 1547 facit,
1855 1484 2011 1539 debet
2038 1495 2093 1538 et
2119 1499 2222 1538 non

673 1578 982 1648 permittere
1031 1577 1143 1631 fieri
1196 1592 1257 1631 ea
1309 1591 1428 1646 qur
1476 1576 1724 1647 pmdixit
1771 1575 2042 1640 Salvator,
2100 1590 2221 1630 cum

674 1669 1017 1725 ostenderent
1044 1668 1092 1724 ei
1135 1668 1334 1737 lapides
1366 1668 1568 1738 templi.
1607 1668 1731 1737 quia
1769 1684 1869 1720 non
1901 1667 2224 1736 relinquetur

2329 592 2467 643 cem,
2497 594 2592 647 per
2621 576 2956 643 scandalum,
2983 585 3036 631 et
3057 591 3161 630 non
3193 590 3289 646 per
3313 576 3466 647 signa
3501 586 3601 632 aut
3637 578 3901 647 prodigia.

2330 671 2587 726 mundum
2625 669 2900 726 transtulit
2928 669 2994 723 atl
3040 668 3131 724 Dei
3171 668 3436 723 culturam
3480 688 3496 725 :
3554 669 3783 740 Moyses
3829 669 3904 722 lu-

2329 775 2489 815 cerna
2531 775 2600 816 ne
2637 760 2855 830 quidem
2902 760 2995 814 uni
3025 759 3206 815 domui
3248 758 3486 826 sufﬁcit;
3521 757 3693 815 Iesus
3732 770 3906 815 autem

2329 853 2408 907 sol
2443 853 2688 923 iustitiae,
2735 853 2780 908 si
2816 867 2920 908 non
2957 852 3121 922 fulget
3162 853 3391 909 mundus
3442 863 3498 909 et
3547 854 3907 917 illuminatur.

2329 959 2434 998 non
2465 944 2536 998 sit
2569 943 2672 1000 sol.
2705 943 2780 998 Es
2818 944 3046 1014 negotiis
3078 944 3222 998 enim
3244 953 3295 999 et
3326 947 3775 1016 nuncupatioues
3790 959 3908 1001 suat

2326 1035 2668 1105 accipienda.
2690 1035 2746 1091 Si
2778 1037 3108 1091 illuminatur
3149 1037 3401 1101 mundus,
3427 1037 3506 1091 sol
3523 1037 3768 1107 justiti:
3791 1047 3872 1094 est
3897 1061 3906 1092 :

2327 1126 2416 1181 ubi
2444 1125 2586 1180 enim
2611 1127 2888 1196 pracurrit
2913 1141 3071 1196 opus,
3110 1127 3361 1196 adjuncta
3407 1127 3480 1181 sit
3519 1134 3584 1182 et
3631 1142 3909 1197 nuncupa-

2328 1219 2420 1272 tio.
2460 1217 2668 1289 Moyses
2724 1217 2943 1273 lucerna
2997 1233 3166 1288 quare
3211 1217 3385 1273 dictus
3425 1227 3531 1283 est,
3581 1219 3681 1288 qui
3747 1234 3908 1287 neque

2325 1306 2582 1362 fratribus
2613 1307 2725 1363 suis
2752 1317 2808 1362 et
2830 1307 3081 1377 cognatis
3112 1307 3292 1362 lucere
3339 1306 3512 1361 valuit
3551 1309 3578 1362 τ
3629 1307 3906 1376 Siquidem

2324 1399 2392 1452 ad
2427 1399 2559 1454 fines
2590 1399 2703 1470 (77)
2731 1399 2850 1470 ejus
2877 1398 2985 1469 igni
3013 1399 3317 1467 consumpti
3344 1409 3470 1452 sunt
3498 1400 3608 1454 sub
3646 1400 3748 1456 illo
3787 1414 3906 1469 pec-

2323 1497 2510 1544 cantes
2539 1529 2554 1554 ,
2615 1498 2670 1544 et
2715 1490 2897 1543 Aaron
2926 1502 3021 1558 per
3065 1501 3127 1542 os
3157 1487 3323 1556 ipsius
3371 1487 3540 1559 Moysi
3589 1488 3910 1560 obiurgatus

2322 1589 2406 1635 est
2429 1620 2444 1644 ,
2472 1589 2526 1634 et
2549 1589 2769 1651 propter
2802 1579 2977 1652 ipsum
3022 1577 3244 1650 Moysen
3269 1578 3592 1650 obiurgatus
3620 1594 3653 1633 a
3687 1579 3806 1636 Deo
3831 1590 3907 1636 est

2323 1673 2526 1726 Aaron.
2557 1669 2659 1738 Qui
2696 1679 2899 1724 norunt
2949 1667 3260 1736 Scripturas
3304 1667 3487 1723 sciunt
3535 1682 3670 1738 quae
3723 1669 3909 1725 dicun-

673 1760 804 1826 lapis
835 1775 988 1828 super
1017 1758 1262 1825 lapidem.
1300 1759 1389 1829 qui
1429 1773 1529 1812 non
1561 1759 1857 1812 destruatur
1880 1766 1928 1798 ⁷⁸
1961 1775 1976 1813 :
2008 1768 2063 1812 et
2100 1772 2221 1811 cum
2259 1823 2294 1832 _
2330 1770 2436 1816 tur.
2472 1759 2692 1832 Moysen
2721 1760 3024 1829 producunt
3044 1757 3188 1826 quod
3211 1757 3463 1827 jurgatus
3505 1772 3535 1811 a
3575 1756 3694 1812 Deo
3726 1766 3837 1822 est,
3862 1769 3911 1812 et

673 1823 1271 1912 deﬂeretvﬂieru—salem,
1307 1823 1360 1903 et
1398 1847 1707 1916 praediceret
1754 1849 1877 1916 quia
1923 1847 2225 1902 circumda-
2259 1823 2298 1878 Β
2330 1852 2488 1906 niuem
2509 1823 2933 1919 justum-habuit
2965 1823 3109 1902 vitae.
3145 1823 3251 1902 Sed
3279 1823 3376 1903 nos
3404 1847 3800 1916 compellimur
3835 1850 3910 1901 di.

673 1941 801 1996 bunt
827 1957 945 1995 eam
978 1941 1202 2003 inimici,
1235 1949 1286 1995 et
1319 1940 1592 1995 destruent
1631 1953 1750 1993 eam
1781 1958 1793 2003 ;
1835 1951 1891 1994 et
1929 1954 2049 1992 cum
2082 1939 2227 1994 dice-

673 2045 754 2090 ret
783 2035 988 2089 filiabus
1017 2033 1179 2087 Israel
1209 2051 1222 2085 :
1269 2031 1418 2086 Filite
1459 2030 1646 2093 Israel,
1677 2032 1833 2085 nolite
1874 2031 2081 2099 plorare
2122 2047 2222 2095 nte,

674 2127 759 2180 sed
775 2127 1003 2195 plangite
1027 2143 1108 2179 uos
1127 2135 1174 2178 et
1207 2123 1344 2192 ﬁlios
1379 2136 1567 2177 vestros
1591 2137 1608 2174 :
1637 2125 1832 2176 venient
1853 2127 2011 2187 enim,
2033 2123 2222 2192 inquit,

673 2219 777 2272 dies
802 2234 916 2271 eum
949 2216 1220 2285 patiemini
1243 2232 1304 2270 ea
1344 2232 1459 2282 quae
1488 2229 1655 2282 passa
1687 2225 1803 2267 sunt
1831 2216 1895 2269 ".
1936 2213 2030 2268 His
2059 2213 2224 2269 semel

671 2318 722 2364 et
747 2309 826 2364 bis
855 2319 909 2362 et
936 2307 1094 2362 tertio
1117 2323 1146 2362 tt
1171 2305 1452 2362 Salvatore
1470 2305 1762 2378 praedictis,
1785 2305 1830 2358 si
1864 2304 2090 2359 mendax
2122 2313 2223 2370 est,

671 2400 783 2455 etsi
799 2411 990 2464 contra
1016 2399 1181 2470 legem
1219 2398 1444 2460 faciens.
1481 2400 1524 2452 si
1554 2397 1903 2453 defendentes
1938 2396 2108 2466 legem
2135 2411 2225 2450 oc—

671 2491 1084 2562 cideruntquem
1109 2491 1450 2555 occiderunt;
1479 2491 1694 2545 deberet
1720 2490 1856 2543 Deus
1887 2497 1942 2543 ut
1975 2496 2225 2558 argueret

671 2585 1079 2654 praedicationes
1105 2583 1408 2646 mendaces,
1442 2583 1549 2652 pati
1579 2582 1695 2636 illos
1725 2582 1885 2637 etiam
1920 2597 2063 2636 nunc
2094 2595 2222 2650 pec-

670 2687 878 2739 cantes,
909 2687 964 2729 nt
999 2685 1050 2730 et
1088 2685 1243 2728 antea
1273 2687 1462 2743 passus
1501 2681 1600 2727 est.
1643 2673 1697 2728 Si
1749 2685 1925 2728 autem
1972 2672 2224 2728 Salvator

669 2767 880 2836 quidem
911 2764 1179 2834 praedixit,
1212 2763 1374 2818 Pater
1399 2771 1577 2818 autem
1606 2763 1830 2818 audiens
1857 2763 2219 2830 confirmavit,

667 2865 718 2910 et
751 2871 914 2926 opera
941 2863 1231 2919 testantur,
1278 2854 1666 2923 praedicatione
1713 2855 2002 2922 dupliciter
2043 2855 2222 2909 convi-

667 2955 786 3001 ctus
814 2955 896 3001 est
929 2944 1112 3000 Israel.
1140 2942 1274 3010 Quia
1310 2943 1472 3014 igitur
1516 2954 1739 3013 apparet
1785 2943 2056 3013 correptio
2103 2957 2223 3012 quas

666 3054 761 3108 per
807 3051 1022 3093 crucem
1078 3036 1216 3090 iacta
1265 3036 1317 3089 in
1357 3036 1553 3088 mundo
1591 3033 1814 3100 eﬂ'ulsit,
1868 3035 2221 3102 interrogavi.

667 3146 785 3186 mos
811 3145 924 3195 eos,
951 3143 1107 3198 quem
1137 3127 1302 3181 vultis
1340 3141 1460 3182 esse
1499 3126 1679 3182 Jesum
1715 3126 1739 3179 ἲ
1785 3126 2058 3180 hominem
2090 3140 2218 3194 pec-
2248 3157 2290 3215 ο

669 3233 903 3274 ratorem
931 3229 985 3272 et
1006 3226 1194 3272 contra
1225 3219 1390 3287 legem
1416 3216 1745 3272 facientem?
1779 3215 1915 3287 Ergo
1939 3216 2221 3284 producite

669 3322 874 3364 vestros
895 3309 1090 3378 justos,
1120 3320 1171 3361 et
1204 3307 1294 3360 fiat
1322 3306 1674 3376 comparatio.
1703 3306 1856 3358 Absit
1895 3315 1950 3358 ut
1996 3321 2024 3357 a
2069 3305 2224 3360 nobis

669 3400 861 3465 servis,
892 3401 955 3452 ad
983 3397 1262 3451 Dominum
1296 3399 1308 3449 ε
1339 3395 1473 3462 Quia
1511 3405 1691 3450 autem
1715 3397 1780 3448 ad
1814 3393 2026 3449 Judaeos
2057 3395 2226 3464 loqui;

668 3510 805 3556 mur,
837 3500 1047 3561 oportet
1099 3505 1193 3545 nos
1237 3488 1535 3544 infantiarl.
1580 3488 1969 3556 Comparemus
2015 3488 2067 3542 in
2108 3487 2219 3560 (74)

663 3584 838 3653 signa,
871 3594 924 3636 et
953 3595 1290 3648 opponamus
1342 3578 1586 3633 lucernas
1634 3578 1816 3647 plures
1852 3577 1950 3632 soli
2003 3595 2127 3639 uno,
2169 3587 2222 3633 et

665 3679 904 3731 dicamus
929 3674 1126 3729 Judaeis
1153 3690 1164 3724 :
1187 3670 1354 3737 Quem
1384 3671 1544 3724 vultis
1565 3669 1746 3724 Jesum
1776 3669 1930 3725 esse?
1957 3679 2015 3724 ut
2043 3671 2218 3725 Abra-

667 3767 838 3822 ham?
871 3765 1145 3821 Ostendite
1195 3778 1326 3833 ergo
1379 3760 1536 3832 quem
1576 3763 1746 3816 suasit
1789 3762 2087 3824 Abraham,
2136 3761 2219 3815 vel

667 3875 828 3913 unum
873 3859 1016 3923 licet,
1074 3858 1140 3911 ab
1184 3855 1479 3910 idololatria
1518 3855 1584 3907 ad
1634 3854 2081 3923 religiositatent:
2127 3865 2220 3908 aut

669 3967 772 4005 non
805 3951 907 4005 hoc
933 3951 1161 4018 primum
1203 3957 1256 4002 et
1294 3949 1346 4001 in
1379 3955 1558 4000 vestra
1596 3945 1714 4015 lege
1763 3947 2072 3999 mandatum
2116 3956 2217 3998 est.

668 4043 773 4098 Sed
811 4041 962 4095 Isaac
990 4039 1390 4109 comparabitur
1428 4039 1502 4092 rei
1542 4037 1651 4106 (75)
1685 4036 1817 4105 ipse,
1860 4045 1914 4090 et
1956 4035 2023 4090 de
2071 4035 2220 4090 Isaac

668 4136 773 4188 erit
799 4149 995 4189 sermo.
1054 4133 1221 4198 Quem
1268 4133 1438 4186 suasit
1477 4132 1665 4186 Isaac?
1703 4131 1806 4186 Sed
1845 4129 2034 4197 Jacob,
2069 4132 2221 4200 cujus

669 4237 721 4278 et
755 4239 910 4279 socer
946 4223 998 4277 in
1028 4222 1330 4277 idololatria
1381 4221 1723 4291 permansit?
1755 4219 1862 4276 Sed
1899 4221 2086 4291 Moysi,
2131 4224 2220 4291 qui

669 4332 773 4369 non
795 4315 966 4384 potuit
991 4327 1085 4383 per
1114 4312 1275 4365 multa
1304 4311 1455 4379 signa
1479 4319 1533 4364 et
1563 4310 1802 4380 prodigia
1834 4311 1972 4363 illius
1994 4310 2221 4365 Abrahae

669 4409 732 4461 ad
778 4405 1039 4460 culturam
1089 4403 1318 4457 Abraha:
1365 4399 1705 4455 transferre?
1753 4401 1846 4468 qui
1898 4415 2004 4456 non
2053 4403 2224 4470 potuit

2327 1955 2449 1996 cere
2481 1942 2766 1995 adversum
2796 1949 3018 1994 sanctos
3044 1953 3181 2008 quos
3204 1939 3454 2009 cupimus
3477 1939 3781 1993 honorare.
3809 1938 3907 1994 Sed

2328 2047 2430 2087 non
2481 2031 2711 2085 dicimus
2780 2030 3044 2084 adversus
3097 2028 3339 2098 Moysen,
3385 2031 3480 2085 sed
3525 2043 3593 2083 ea
3636 2029 3908 2099 loquimur

2325 2139 2444 2193 quite
2488 2123 2636 2176 vult:
2664 2123 2778 2192 ipse
2802 2120 2935 2176 dicit
2963 2120 3192 2192 Moyses.
3217 2118 3350 2174 Nam
3377 2130 3433 2176 et
3458 2119 3503 2176 si
3527 2123 3908 2191 compellimur

2325 2217 2524 2283 dicere,
2566 2215 2795 2271 dicimus
2832 2213 2953 2268 ideo
2987 2224 3045 2268 ut
3077 2213 3519 2270 commendemus
3549 2229 3618 2270 ea
3642 2229 3770 2284 qua
3797 2215 3906 2283 ipse

2329 2308 2532 2378 Moyses
2578 2305 2644 2362 de
2685 2303 2908 2360 Christo
2966 2302 3176 2358 locutus
3224 2311 3334 2358 est.
3383 2302 3523 2374 Ergo
3563 2304 3710 2358 falso
3736 2302 3903 2360 Jutlai

2325 2398 2542 2470 Moysen
2569 2399 2829 2452 adversus
2855 2394 3076 2468 Moysen
3111 2396 3312 2466 legunt.
3341 2394 3606 2466 Legentes
3636 2397 3792 2450 enim
3823 2397 3904 2448 di-

2324 2499 2472 2554 cunt,
2507 2491 2632 2560 quia
2666 2487 2804 2542 nihil
2840 2488 2952 2541 veri
3011 2485 3264 2556 loquitur.
3315 2483 3424 2540 Nos
3454 2497 3636 2541 autem
3675 2485 3902 2558 Moysen

2324 2593 2422 2650 pro
2449 2577 2630 2648 Moyse
2655 2578 2901 2645 legimus.
2938 2576 3005 2630 Et
3033 2575 3160 2645 quid
3184 2576 3556 2630 contendimus
3582 2576 3652 2630 ad
3678 2575 3898 2633 Iudaea

2325 2682 2451 2724 vere
2487 2669 2700 2722 adicere
2726 2665 2837 2738 (78)
2860 2681 2981 2737 quae
3012 2667 3149 2736 apud
3179 2665 3397 2722 Judaeos
3428 2668 3730 2732 habentur,
3759 2685 3906 2738 qu:-

2322 2773 2429 2830 que
2467 2759 2622 2814 nobis
2666 2758 3025 2813 concedunt?
3078 2758 3149 2813 At
3197 2759 3335 2812 idem
3385 2756 3552 2814 Judaei
3600 2762 3905 2817 concedant

2324 2851 2480 2905 nobis
2510 2851 2634 2922 quia
2661 2848 2874 2921 Moyses
2891 2865 3020 2905 vera
3053 2849 3263 2905 locutus
3289 2859 3392 2916 est,
3423 2859 3478 2905 et
3508 2851 3688 2906 nullus
3717 2869 3754 2908 e
3781 2870 3904 2922 pro-

2321 2942 2500 3011 phetis
2531 2942 2791 2997 mentitus
2827 2949 2935 3007 est,
2983 2957 3159 3013 neque
3203 2943 3344 2998 Deus
3394 2943 3611 2998 borum.
3663 2945 3906 3001 Dicimus

2321 3033 2464 3087 enim
2497 3033 2618 3103 quia
2651 3046 2840 3087 omnes
2867 3033 3252 3101 promissiones
3287 3031 3407 3099 Dei,
3446 3048 3565 3103 quae
3603 3049 3704 3104 per
3731 3035 3903 3105 legem

2323 3123 2478 3178 factae
2505 3132 2633 3178 sunt
2664 3133 2717 3178 et
2758 3137 2855 3193 per
2899 3124 3208 3194 prophetas,
3247 3125 3481 3193 impletae
3521 3137 3650 3180 sunt
3697 3127 3755 3180 iu
3810 3130 3906 3180 ad—

2328 3224 2486 3268 ventu
2519 3214 2729 3269 Domini
2757 3215 2982 3279 Christi,
3041 3224 3095 3270 et
3131 3218 3308 3270 adhuc
3355 3230 3526 3285 usque
3579 3217 3900 3285 implentur.

2324 3304 2438 3359 Hoc
2471 3313 2555 3359 est
2584 3305 2854 3362 honorare
2897 3306 3069 3361 libros
3100 3309 3512 3376 prophetarum,
3550 3322 3657 3362 non
3689 3324 3906 3377 purpu-

2326 3400 2434 3454 reis
2463 3399 2625 3469 pallis
2662 3414 2692 3454 a
2733 3400 2885 3466 foris,
2913 3403 3008 3456 sed
3055 3401 3202 3454 illum
3233 3402 3324 3471 qui
3383 3402 3528 3456 intus
3568 3404 3909 3470 praedicatur

2321 3505 2634 3560 agnoscere.
2681 3491 2800 3546 Non
2850 3501 2933 3546 est
2975 3493 3236 3548 mentitus
3288 3493 3498 3566 Moyses
3549 3510 3650 3564 pro
3692 3494 3904 3560 nobis;

2320 3596 2458 3652 opus
2481 3582 2624 3636 enim
2666 3583 2840 3650 ipsum
2875 3583 2923 3636 ei
2968 3584 3334 3638 testimonium
3367 3597 3609 3653 praestat.
3658 3585 3782 3641 Non
3817 3601 3906 3642 est

2344 3676 2599 3729 mentitus
2636 3672 2847 3744 Moyses
2872 3675 3130 3729 adversus
3157 3674 3318 3729 Israel
3350 3692 3365 3740 ;
3419 3678 3704 3746 captivitas
3756 3683 3904 3734 enim

2334 3779 2522 3819 eorum
2548 3774 2601 3817 et
2629 3763 2928 3817 humiliatio
2960 3773 3213 3821 testatur.
3240 3765 3349 3820 Non
3380 3777 3506 3820 sunt
3535 3770 3753 3822 mentiti
3784 3787 3907 3838 pm-

2324 3858 2506 3925 phetat
2556 3857 2890 3910 vocationem
2947 3856 3185 3925 gentium
3247 3858 3645 3924 praedic-entes;
3723 3862 3903 3914 vocati

2321 3950 2468 4002 enim
2512 3957 2638 4002 sunt
2682 3956 2740 4000 ut
2770 3947 2979 4002 videtis.
3013 3945 3129 4002 Non
3173 3957 3298 4001 sunt
3338 3949 3549 4002 mentiti
3597 3949 3904 4018 propheta.

2321 4038 2526 4092 exitum
2553 4045 2607 4091 et
2640 4036 2994 4104 abjectionem
3023 4036 3188 4090 Israel
3228 4039 3638 4104 prophetantes.
3701 4037 3764 4091 Si
3807 4055 3904 4092 au-

2323 4137 2429 4181 tem
2463 4140 2740 4182 sermones
2772 4127 3016 4195 praedicti
3061 4137 3209 4185 sunt.
3241 4136 3297 4180 et
3344 4126 3555 4195 negotia
3605 4137 3905 4194 testantur,

2321 4219 2449 4287 quid
2472 4219 2647 4272 adhuc
2684 4219 2964 4287 impudens
2988 4215 3197 4271 Israel?
3221 4217 3516 4286 aliquando
3551 4220 3779 4286 quidem
3838 4223 3905 4274 ad

2322 4310 2486 4373 dicta,
2539 4323 2680 4362 nunc
2718 4317 2898 4362 autem
2952 4319 3006 4362 et
3045 4309 3111 4360 ad
3169 4308 3282 4375 ipsa
3333 4310 3565 4377 negotia.
3621 4310 3900 4379 Scriptum

2323 4412 2428 4465 est,
2470 4410 2526 4455 et
2552 4402 2872 4470 promissum
2911 4400 2964 4454 iu
3009 4399 3124 4470 lege
3163 4409 3284 4464 est,
3327 4400 3451 4469 quia
3485 4401 3531 4454 si
3580 4401 3901 4472 fuerintqui

669 4498 895 4551 suadere
947 4508 1132 4549 socero
1191 4493 1330 4548 suo?
1368 4491 1554 4545 Nonne
1583 4506 1730 4546 mare
1757 4491 2122 4554 scindebatur,
2169 4500 2225 4546 et
2257 4489 2300 4543 D
2328 4493 2556 4562 dispersi
2600 4500 2727 4548 sunt
2754 4508 2784 4546 e
2823 4493 3022 4561 populo
3072 4493 3139 4546 ad
3190 4491 3326 4546 flues
3377 4507 3550 4561 usque
3599 4496 3816 4554 mundi.
3850 4507 3903 4548 et

670 4589 862 4639 iterum
890 4584 1256 4653 copulabatur,
1287 4592 1341 4635 et
1374 4597 1568 4635 manna
1600 4583 1666 4636 ad
1703 4582 1872 4636 vicem
1911 4582 2098 4636 imbris
2134 4582 2228 4635 de-

671 4679 983 4742 ducebatur,
1011 4685 1064 4729 et
1101 4684 1264 4744 petrae
1303 4689 1367 4727 ex
1411 4674 1532 4728 imis
1580 4673 1899 4728 emittebant
1951 4688 2141 4743 aquas,
2172 4682 2228 4728 et

669 4770 844 4823 omnis
890 4778 1080 4821 natura
1134 4764 1561 4821 transferebatur
1598 4779 1694 4835 per
1720 4764 1890 4836 signa,
1919 4776 1974 4822 et
2003 4766 2228 4836 populus

675 4860 921 4913 manebat
953 4860 1004 4912 in
1035 4858 1334 4913 idololatria
1367 4858 1389 4909 ?
1439 4855 1577 4923 Quid
1618 4857 1785 4912 valuit
1823 4858 2038 4912 lucerna
2079 4858 2228 4929 Moy-

673 4953 802 5006 ses?
827 4949 948 5006 ldeo
977 4951 1112 5004 bene
1136 4951 1264 5004 dicit
1310 4948 1566 5002 Dominus
1597 4965 1608 5001 :
1655 4947 1836 5002 Nolite
1877 4949 2125 5018 judicare
2156 4949 2225 5002 ad

673 5041 878 5107 faciem,
911 5041 1000 5094 sed
1026 5039 1225 5109 justum
1270 5039 1523 5106 iudicium
1549 5037 1779 5103 iudicate
1801 5037 1846 5069 ⁷⁸
1872 5053 1885 5090 :
1916 5053 2019 5091 non
2050 5039 2225 5092 nomi-

673 5133 852 5194 nibus,
877 5132 968 5186 sed
1000 5129 1228 5199 negotiis
1256 5148 1269 5184 :
1309 5129 1434 5196 quid
1473 5127 1713 5181 correxit
1751 5127 2059 5198 Moyses,et
2093 5144 2224 5198 prae-

671 5225 966 5276 lionoretur
992 5219 1102 5290 (76)
1131 5236 1157 5273 a
1192 5221 1338 5275 vobis
1363 5218 1556 5273 Iesus?
1603 5215 1659 5272 Si
1698 5226 1874 5273 autem
1931 5235 2092 5273 unum
2125 5234 2222 5288 po-

739 5382 782 5412 ⁷⁸
823 5381 1019 5436 Ezech.
1064 5395 1246 5443 xxxvi,
1271 5377 1360 5445 22,
1434 5376 1668 5432 "Marc.
1702 5393 1820 5442 ιιιι,
1849 5377 1905 5430 2.
1979 5378 2023 5407 ⁷⁷
2052 5377 2178 5431 Luc.
2218 5394 2225 5431 ι

2336 5393 2373 5440 ι,
2399 5377 2502 5443 28;
2533 5392 2647 5440 ιιι,
2675 5375 2765 5430 44.

742 5501 850 5570 (Ἠ)
881 5501 964 5570 lin.
1004 5501 1167 5554 Forte
1191 5504 1326 5567 jam.

742 5566 850 5639 (75)
880 5566 1280 5638 Comparabitur
1315 5569 1407 5620 rei.
1443 5566 1691 5623 Fortasse
1729 5570 2119 5634 comparabitur
2144 5568 2215 5628 ei,

674 5644 723 5693 id
756 5653 837 5693 est
864 5639 985 5693 Jesu
1015 5640 1227 5692 Christo
1255 5653 1268 5690 :
1302 5652 1491 5703 nempe
1537 5641 1709 5694 littera
1757 5656 1802 5704 r,
1846 5640 2038 5706 prioris
2073 5639 2219 5690 vocis

670 5723 960 5775 postrema,
990 5723 1266 5776 perperam
1304 5709 1525 5773 repetita
1553 5710 1730 5763 fuerit.

749 5780 853 5840 {76)
885 5777 949 5830 Et
981 5783 1388 5841 prwltonoretur,
1413 5786 1512 5834 etc.
1536 5780 1717 5843 Forte,
1751 5789 1802 5830 ut
1832 5776 2219 5844 prwlwnoretur

2327 4586 2650 4654 poenitentes
2677 4583 3033 4638 custodicrint
3081 4581 3298 4652 legem:
3340 4582 3461 4637 inde
3503 4600 3592 4638 eos
3627 4587 3902 4649 reducam,

2326 4676 2456 4729 dicit
2495 4674 2746 4730 Dominus
2773 4675 2840 4729 ".
2884 4675 2986 4728 lsta
3017 4675 3110 4729 Dei
3157 4676 3441 4745 promissio
3464 4683 3566 4731 est.
3600 4675 3902 4750 Interroga-

2327 4769 2504 4822 vimus
2531 4782 2660 4837 ergo
2684 4766 2920 4829 Judaeos,
2954 4778 3131 4819 utrum
3169 4768 3397 4822 servatis
3436 4767 3608 4838 legem
3635 4779 3731 4823 aut
3758 4769 3903 4825 non?

2329 4858 2386 4911 Si
2419 4874 2524 4913 non
2549 4859 2801 4920 servatis,
2833 4859 2961 4926 quid
2987 4870 3043 4911 et
3081 4857 3412 4928 loquimini?
3459 4862 3516 4914 Si
3562 4872 3745 4916 autem
3787 4878 3901 4918 ser—

2328 4949 2489 5013 vatis,
2515 4948 2641 5017 quid
2674 4949 2798 5016 quia
2832 4962 2940 5000 non
2975 4947 3303 5001 revocamini
3332 4945 3491 5001 ?Non
3525 4949 3672 5002 enim
3710 4951 3899 5002 menti-

2331 5047 2418 5094 tur
2442 5038 2603 5093 Deus.
2639 5037 2696 5092 Si
2736 5045 2913 5092 autem
2951 5040 3368 5106 prazvaricautes
3400 5038 3570 5108 legem
3616 5040 3898 5094 habebatis

2328 5129 2603 5182 civitatem
2629 5144 2644 5194 ;
2687 5143 2828 5182 nunc
2867 5139 2924 5182 ut
2953 5128 3130 5182 dicitis
3156 5139 3437 5180 servantes
3464 5127 3633 5196 legem
3662 5127 3894 5198 dispersi

2329 5219 2460 5274 estis
2514 5219 2568 5273 in
2624 5219 2931 5274 civitatibus
2985 5236 3002 5273 :
3067 5217 3356 5272 manifesta
3402 5232 3534 5287 ergo
3584 5226 3674 5271 est
3717 5231 3894 5272 vestra

2840 5376 2886 5408 "
2916 5375 3071 5431 Joan.
3103 5390 3203 5446 vn,
3236 5375 3328 5430 ει.
3403 5377 3448 5409 τ’
3475 5376 3626 5431 Deut.
3662 5392 3795 5444 ιιι,
3830 5378 3884 5434 3.

2323 5514 2353 5549 a
2380 5497 2518 5562 vobis
2543 5495 2721 5550 Iesus.

2363 5567 2506 5647 ,(Πὶ
2537 5565 2617 5620 Ad
2661 5567 2811 5635 ﬁnes.
2846 5564 3100 5622 Fortasse
3127 5567 3285 5622 unica
3333 5581 3466 5623 voce
3505 5567 3729 5634 adﬁnes,
3763 5581 3887 5636 prc-

2323 5651 2673 5775 pnl'ilt'ﬂ'i’ere
2704 5705 2925 5762 adicere.
2957 5706 3212 5762 Fortasse
3258 5723 3373 5762 uere
3420 5723 3479 5761 ea
3501 5747 3516 5767 ,
3548 5707 3631 5760 vel
3663 5722 3776 5762 uere
3802 5709 3884 5761 di-

2325 5792 2437 5830 cere
2467 5791 2485 5830 :
2519 5781 2599 5832 vel
2621 5778 2827 5834 adicere
2854 5779 3058 5835 dictum
3089 5789 3164 5835 εει
3196 5793 3295 5847 pro
3325 5778 3576 5848 adjicere.
