4048 6322
199 392 347 449 1105

200 499 599 563 Ineacusabilis
625 496 853 554 audacia
882 488 1161 565 sanguinis
1193 486 1346 558 justi.
1377 481 1443 538 Et
1475 485 1623 535 certe
1647 468 1785 527 mul-

202 604 385 653 torum
417 594 807 667 prophetarum
858 584 1129 643 eﬂ‘udistis
1165 578 1507 650 sanguinem,
1536 583 1593 629 et
1615 570 1782 667 habe-

202 688 348 743 batis
378 664 614 743 vestram
644 683 919 739 civitatem
947 695 961 732 :
989 685 1043 731 et
1078 672 1355 745 prioribus
1380 668 1666 741 prophetis
1702 664 1785 718 in-

206 777 478 845 terfectis,
504 767 724 830 secundi
773 770 1084 831 veniebant,
1142 776 1197 821 et
1236 761 1633 820 convincebant
1664 771 1779 812 vos.

205 865 489 934 Quomodo
521 878 649 935 ergo
683 862 971 916 multorum
1007 855 1397 927 prophetarum
1428 849 1650 920 sanguis
1676 862 1781 903 non

210 959 491 1016 Inter-cidit
522 955 898 1025 prophetiam;
930 950 1089 1004 unius
1115 957 1316 1009 autem,
1351 951 1409 997 ut
1431 942 1637 1005 dicitis,
1661 953 1786 995 con-

212 1064 300 1111 tra
328 1054 496 1122 legem
526 1050 774 1105 facientis
794 1045 1037 1118 sanguis,
1062 1044 1251 1099 statuit
1274 1039 1390 1112 (79)
1414 1052 1628 1094 omnem
1658 1049 1785 1106 pro-

212 1141 495 1217 phetiam?
524 1142 587 1198 Et
623 1140 891 1211 quomodo
918 1151 1107 1193 omnes
1135 1134 1407 1205 propheta:
1429 1145 1550 1187 cum
1574 1128 1784 1198 legisla-

209 1244 334 1290 tore
373 1242 426 1288 et
457 1233 674 1303 regibus
699 1231 881 1300 iustis,
908 1235 966 1281 et
1007 1225 1259 1282 omnibus
1300 1220 1637 1277 mirabilibus
1665 1234 1786 1290 qum

209 1320 354 1379 beta
384 1324 523 1392 apud
561 1322 854 1392 Egyptum
882 1319 1154 1383 videntur,
1185 1324 1241 1371 et
1289 1314 1340 1370 in
1378 1313 1612 1377 deserto,
1638 1320 1693 1365 et
1731 1309 1784 1365 in

214 1417 339 1485 ipsa
383 1424 525 1469 terra
554 1410 941 1482 promissionis,
970 1418 1026 1464 et
1053 1422 1174 1462 cum
1212 1403 1465 1460 omnibus
1509 1399 1787 1457 beneficiis

207 1514 270 1559 et
296 1505 469 1574 poenis
508 1519 611 1558 non
638 1498 1319 1557 statueruntidololatriam
1367 1510 1434 1550 ne
1451 1494 1669 1565 quidem
1717 1492 1785 1548 ab

211 1597 333 1670 Ipso
370 1596 571 1652 Israel?
596 1595 785 1652 Crucis
826 1604 1007 1648 autem
1043 1605 1224 1648 sermo
1249 1598 1304 1645 et
1334 1588 1524 1645 orbem
1565 1589 1784 1642 univer-

206 1703 332 1746 sum
392 1690 682 1753 convertit,
725 1698 781 1743 et
827 1686 990 1743 Israel
1026 1686 1072 1741 si
1125 1683 1258 1739 nihil
1293 1682 1462 1747 aliud,
1509 1690 1684 1737 tamen
1718 1681 1786 1736 ab

212 1779 523 1836 ldololatria
560 1779 878 1850 prohibuit?
902 1776 1043 1845 Quid
1068 1778 1173 1832 hoc
1201 1773 1525 1834 emcientius
1559 1773 1686 1826 mihi
1717 1772 1788 1825 vi-

209 1869 392 1933 detur,
439 1870 566 1940 quia
626 1868 957 1921 resurrectio
1010 1865 1242 1921 viventis
1298 1879 1419 1936 qum
1468 1864 1572 1919 hoc
1630 1861 1781 1927 fecit,

210 1976 359 2014 mors
389 1974 549 2028 quam
588 1958 862 2013 sustinuit.
891 1957 949 2013 Si
980 1957 1126 2011 enim
1172 1954 1363 2009 allixus
1410 1962 1493 2009 est
1524 1953 1593 2008 ob
1640 1951 1787 2009 inure

210 2049 483 2109 unitatem.
538 2058 597 2103 ut
625 2050 755 2105 dicit
776 2047 973 2104 Paulus
1006 2049 1075 2114 '°,
1125 2049 1219 2104 sed
1268 2047 1399 2102 vivit
1432 2056 1492 2100 ut
1521 2044 1783 2100 videmus.

209 2136 279 2192 Et
307 2155 403 2194 nos
425 2140 640 2210 quidem
670 2140 817 2193 illum
841 2154 1003 2210 quem
1043 2154 1149 2195 non
1188 2138 1431 2194 videmus
1474 2152 1582 2192 non
1622 2151 1781 2207 nega-

208 2246 374 2287 nms:
415 2234 682 2288 viventem
724 2241 905 2287 autem
940 2247 1007 2287 ex
1032 2231 1121 2287 his
1147 2248 1267 2303 qua‘
1306 2230 1471 2287 efﬁcit
1514 2230 1780 2286 videmus.

209 2322 349 2391 Quia
380 2334 555 2378 autem
590 2323 709 2378 ausi
738 2332 887 2387 sunt,
922 2324 974 2377 in
1005 2338 1110 2393 qua
1142 2334 1274 2378 sunt
1311 2337 1475 2394 poena
1530 2321 1634 2392 ipsi
1674 2322 1788 2376 edi-

211 2424 362 2470 cant.
395 2415 539 2486 Ergo
564 2415 754 2471 vivens
781 2425 835 2471 et
862 2416 1006 2485 apud
1033 2430 1129 2471 eos
1162 2416 1440 2470 invenitur
1470 2416 1562 2486 qui
1597 2430 1788 2486 passus

210 2515 320 2563 est.
352 2508 454 2575 Qui
487 2510 632 2562 enim
663 2508 1025 2564 adversantur
1049 2508 1102 2564 in
1137 2508 1493 2563 dissolutione
1525 2517 1653 2563 sunt
1680 2526 1695 2561 :
1734 2518 1789 2561 et

211 2598 445 2669 gentiles
491 2600 602 2669 jam
645 2616 749 2655 non
797 2600 1068 2669 gentiles:
1122 2610 1176 2654 et
1221 2597 1393 2655 Judaei
1440 2607 1785 2669 superantur.

214 2689 357 2759 Quid
388 2692 644 2761 deestqui
677 2692 888 2747 vincit?
924 2692 1161 2747 Ecclesia
1195 2692 1395 2762 quippe
1422 2693 1561 2747 unde
1582 2692 1790 2748 habens

214 2782 395 2842 ’Jliosi
448 2784 524 2839 ita
558 2787 704 2841 enim
734 2795 819 2841 est
852 2787 1166 2849 admiratio,
1194 2786 1322 2854 quia
1347 2802 1375 2838 a
1400 2784 1602 2841 Judaais
1647 2788 1790 2842 scci-

212 2873 369 2945 piens
416 2888 597 2944 patres
640 2876 933 2945 apostolos,
984 2890 1013 2927 a
1072 2875 1323 2944 gentibus
1352 2884 1531 2930 autem
1580 2874 1720 2931 ﬁlios
1757 2892 1787 2930 a

212 2980 323 3020 non
350 2967 734 3033 credentibus;
770 2967 934 3021 habet
966 2967 1079 3021 illic
1113 2965 1343 3021 salutem
1378 2966 1631 3035 liliorum,
1668 2970 1790 3025 istic

211 3072 322 3111 non
350 3056 731 3114 creditJudaeis
758 3058 891 3131 (80).
928 3058 1033 3113 Sed
1062 3058 1129 3113 ab
1170 3060 1564 3129 abnegantibus
1590 3060 1791 3116 Iudaeis

210 3146 375 3202 habet
407 3157 572 3203 testes
601 3150 895 3219 apostolos,
934 3163 991 3203 ut
1026 3150 1239 3203 illorum
1294 3152 1614 3220 conspersio
1649 3154 1790 3220 apud

211 3255 316 3294 nos
351 3256 456 3295 non
495 3242 564 3297 sit
594 3242 830 3299 illorum.
879 3241 1011 3297 Cum
1066 3242 1209 3297 enim
1264 3242 1468 3298 ferrum
1504 3257 1786 3312 acceptum
1817 3259 1859 3315 ο

210 3329 378 3387 fuerit
405 3350 434 3387 a
473 3336 828 3405 congeriebus
853 3335 1109 3403 lapidum,
1137 3347 1227 3391 aut
1264 3354 1293 3392 a
1326 3351 1469 3393 terra
1501 3355 1565 3394 ex
1591 3357 1696 3410 qua
1732 3352 1790 3396 et

209 3423 503 3480 canﬂatutn
525 3437 627 3493 est,
649 3426 759 3495 jam
795 3444 899 3484 non
932 3438 1013 3482 est
1036 3429 1177 3497 quod
1217 3442 1337 3484 erat
1367 3430 1418 3484 in
1453 3443 1634 3486 monte
1678 3451 1693 3486 :
1737 3444 1791 3488 et

209 3516 443 3583 apostoli
477 3532 506 3571 a
535 3516 737 3573 Iudaeis
763 3521 995 3588 accepti,
1017 3518 1127 3586 jam
1150 3537 1255 3574 non
1281 3533 1407 3575 sunt
1434 3537 1498 3577 cx
1533 3524 1660 3577 illis.
1686 3523 1789 3579 Per

214 3605 396 3677 Ignem
448 3610 593 3663 enim
650 3611 944 3676 emundati,
1000 3610 1147 3665 aliud
1193 3627 1351 3680 quam
1402 3614 1607 3684 lapides
1662 3615 1789 3671 facti

214 3705 367 3750 sunt.
421 3697 500 3751 liii
541 3700 684 3753 enim
729 3699 1197 3755 interliciebantur
1247 3714 1306 3757 ut
1348 3720 1452 3759 non
1503 3706 1794 3763 adorarent

213 3788 359 3843 idola
390 3806 403 3854 ;
429 3800 484 3845 et
520 3790 830 3860 iapidabant
860 3791 1080 3861 Moysen
1130 3795 1255 3863 quia
1299 3813 1404 3853 non
1461 3800 1793 3855 concedebat

210 3880 299 3934 eis
326 3883 593 3936 adorare:
625 3882 933 3951 Stephanus
961 3896 1140 3940 autem
1173 3888 1358 3941 statim
1392 3905 1457 3943 ex
1494 3890 1626 3958 ipsis
1656 3891 1793 3960 iapi-

210 3971 468 4037 dabatur,
497 3992 563 4030 eo
603 3977 748 4047 quod
788 3996 895 4034 non
934 3982 1150 4052 negavit
1182 3998 1345 4038 causa
1388 3988 1570 4038 crucis
1611 3985 1792 4038 Domi—

214 4079 344 4115 num
373 4062 576 4119 Iesum.
615 4068 777 4124 Putas
810 4070 900 4125 isti
936 4087 1002 4126 ex
1034 4071 1236 4128 Judteis
1265 4074 1439 4127 sunt?
1469 4072 1664 4128 Petrus
1698 4074 1789 4144 qui

214 4155 437 4212 inverso
470 4159 651 4229 capite
680 4160 869 4217 aliixus
908 4173 991 4217 est
1022 4164 1194 4229 cruci,
1241 4162 1439 4219 Paulus
1477 4166 1569 4235 qui
1608 4181 1792 4236 perse-

212 4250 486 4305 cutionem
525 4260 607 4307 est
637 4268 851 4323 passus,
898 4265 954 4309 et
991 4256 1257 4325 gloriatus
1297 4266 1381 4310 est
1422 4259 1472 4310 in
1513 4259 1790 4327 periculis.

212 4342 326 4399 Sed
355 4347 699 4402 meminimus
746 4348 893 4403 Petri
932 4361 983 4403 et
1026 4348 1177 4403 Pauli
1204 4362 1255 4404 et
1286 4348 1566 4419 Stephani.
1602 4351 1794 4407 Petrus

207 4443 347 4491 ante
380 4450 596 4490 crucem
624 4437 869 4493 inlirmus
913 4448 967 4493 et
1006 4439 1263 4504 incertus,
1307 4450 1362 4494 et
1401 4449 1481 4494 ter
1518 4442 1793 4511 abnegans

208 4515 502 4581 Dominum
528 4544 546 4593 ;
571 4529 789 4596 quando
829 4528 1003 4599 magis
1050 4532 1337 4596 oportebat
1372 4545 1495 4585 eum
1545 4536 1793 4602 negare?

1282 364 1371 423 DE
1410 334 2020 417 RESUBRECTIONE.
2063 368 2131 383 -—
2166 333 2297 391 LIB.
2336 328 2399 385 ιι.

1814 474 1859 531 Α
1890 459 2051 524 dixit,
2096 459 2393 525 negaturos
2439 454 2563 499 esse
2603 446 2815 501 omnes,
2853 430 3050 531 Petrus
3085 418 3463 531 dicebat

3322 299 3465 359 H06

1883 515 2063 606 omnes
2090 556 2141 599 ts
2168 515 2458 612 negabunt,
2490 548 2585 604 ego
2616 544 2721 583 non
2746 535 2796 582 te
2835 521 3074 617 negabo;
3109 515 3200 573 sed
3245 519 3465 617 paratus

1882 605 1997 696 sum
2027 652 2123 708 pro
2150 644 2197 688 le
2234 605 2369 685 mori
2394 627 2463 691 ",
2492 632 2547 680 et
2577 630 2703 677 ante
2722 626 2777 674 te
2798 616 2956 672 mori.
2991 612 3058 667 Et
3085 624 3207 665 cum
3237 605 3467 708 dixisset

1884 702 2106 802 quia-et
2142 727 2258 795 ipse
2308 730 2389 777 ter
2438 716 2805 786 abnegaturus
2842 714 3032 802 esset,
3071 715 3175 802 non
3214 702 3464 802 recessit,

1885 788 2220 877 contendens
2260 820 2315 868 et
2360 808 2569 871 dicens,
2613 802 2737 858 Non
2784 810 2833 855 te
2882 794 3099 866 negabo.
3134 788 3241 877 Qui
3284 796 3465 877 autem

1885 869 2240 975 dis-ivtws'tepe,
2286 899 2415 971 quia
2466 869 2574 952 non
2615 887 2844 960 negabo,
2886 893 2943 940 et
2996 881 3186 975 horum
3223 869 3467 975 habebat

1886 968 2239 1061 memoriam;
2274 968 2400 1063 quia
2433 984 2615 1057 puella
2643 981 2887 1052 quaedam
2929 971 3196 1063 accedens
3223 968 3465 1021 interro-

1886 1091 2049 1165 gabat
2077 1058 2234 1151 eum,
2255 1058 2399 1140 nunc
2418 1077 2675 1136 Gaiiiaeus
2695 1081 2798 1136 est,
2831 1084 2973 1124 nunc
3000 1078 3122 1157 cum
3149 1058 3279 1165 Iesu
3308 1064 3459 1165 erat;

1888 1148 2055 1252 capit
2081 1189 2136 1235 et
2158 1148 2371 1248 jurare,
2403 1169 2551 1243 quod
2587 1182 2695 1223 non
2734 1154 3281 1252 poposceratpuella,
3312 1159 3371 1206 et
3392 1148 3469 1203 di-

1886 1246 2033 1339 cere,
2073 1246 2201 1342 quia
2245 1265 2431 1323 nescio
2475 1260 2777 1323 hominem,
2814 1268 2918 1311 nec
2976 1260 3035 1305 ut
3080 1246 3382 1307 hominem,
3430 1254 3466 1297 ο

1888 1384 2088 1440 Petre!
2120 1389 2176 1438 et
2209 1381 2315 1436 hoc
2349 1374 2541 1443 semel,
2574 1382 2628 1429 et
2654 1371 2741 1427 bis
2772 1380 2827 1425 et
2855 1377 2955 1424 ter.
2988 1365 3055 1419 Et
3076 1368 3223 1417 certe
3253 1352 3470 1411 vivebat

1887 1475 2162 1546 Magister,
2198 1480 2252 1527 et
2282 1472 2554 1525 incertum
2586 1473 2707 1521 erat
2744 1462 2791 1519 si
2816 1463 3131 1546 moreretur
3172 1452 3352 1546 Pet-ro.
3376 1446 3471 1546 ip-

1888 1536 2002 1623 .qu
2030 1571 2116 1619 est
2137 1536 2285 1617 enim
2316 1572 2417 1614 vox
2442 1570 2566 1626 qum
2592 1554 2767 1609 dixit:
2797 1544 3168 1604 Misericordia
3210 1538 3327 1604 tibi,
3365 1536 3471 1590 Do-

1889 1655 2045 1723 mine,
2071 1656 2137 1710 ab
2163 1646 2245 1707 his
2275 1652 2343 1705 ³⁸.
2385 1641 2851 1718 Quemadmodum
2896 1641 2998 1695 iste
3040 1649 3245 1706 negans
3290 1643 3369 1687 ter
3414 1639 3470 1685 et

1884 1746 2101 1819 jurans,
2153 1754 2208 1800 et
2265 1742 2369 1798 hoc
2415 1746 2638 1811 propter
2674 1748 2864 1791 vocem
2910 1728 3098 1803 puella:
3140 1727 3301 1781 unius
3325 1730 3468 1819 ante

1815 1849 1857 1906 Β
1886 1814 2153 1891 mortem:
2196 1843 2325 1905 post
2352 1845 2595 1895 crucem,
2619 1836 2743 1899 post
2766 1837 2968 1897 paucos
3002 1820 3125 1875 illos
3165 1819 3281 1872 dies
3323 1814 3463 1869 inci-

1888 1926 1967 1996 pit
1993 1924 2233 1980 clamare
2257 1932 2315 1979 et
2344 1921 2411 1975 ad
2444 1918 2699 1991 populum
2736 1913 2919 1971 dicere
2956 1930 2973 1967 :
3027 1908 3141 1964 Viri
3184 1907 3378 1977 fratres
3414 1912 3463 1958 at

1886 2026 2085 2086 putres,
2114 2014 2293 2068 audite
2313 2012 2379 2065 ".
2406 2010 2641 2065 Puellam
2669 2020 2777 2061 non
2800 2004 2975 2069 audis,
3006 2013 3056 2059 et
3085 2000 3233 2055 viros
3266 1996 3464 2052 fratres

1886 2120 1939 2164 et
1973 2118 2153 2178 patres
2180 2120 2342 2161 vacas
2372 2113 2431 2159 ut
2461 2102 2792 2158 suadeantur
2825 2097 2849 2152 2
2895 2096 2954 2151 In
3001 2101 3157 2149 nocte
3193 2101 3357 2158 negas
3402 2086 3457 2139 iu

1886 2235 1991 2290 qua
2030 2234 2221 2290 posses
2248 2228 2304 2275 et
2329 2217 2519 2281 latere,
2553 2223 2606 2269 et
2634 2211 2793 2269 tertia
2828 2212 2957 2266 hora
2985 2214 3308 2265 constanter
3341 2218 3461 2273 pro-

1888 2311 2132 2367 clamans
2162 2310 2405 2380 loqueris
2424 2307 2491 2362 ad
2517 2308 2774 2376 populum
2812 2303 3126 2357 universum
3148 2298 3172 2353 ?
3203 2296 3308 2353 Sed
3331 2306 3460 2365 puta

1888 2402 2013 2471 quia
2043 2400 2241 2456 Petrus
2264 2401 2639 2456 contentiosus
2667 2407 2772 2461 est,
2796 2405 2850 2451 et
2877 2393 3058 2450 omnia
3093 2391 3303 2447 donans
3341 2386 3463 2443 Ma-

1886 2494 2079 2565 gistro,
2131 2508 2295 2548 ausus
2339 2493 2437 2546 l‘uit
2484 2489 2687 2546 Iudaeis
2736 2498 2792 2544 et
2838 2486 3005 2558 loqui,
3035 2501 3065 2538 a
3096 2482 3295 2554 quibus
3342 2482 3461 2550 ipsa

1888 2586 2113 2639 audacia
2139 2584 2366 2640 exstitit.
2412 2582 2877 2651 Quemadmodum
2919 2576 3093 2635 Iudici
3133 2592 3237 2630 non
3277 2574 3462 2631 statim

1888 2675 2122 2731 fustibus
2155 2686 2208 2730 et
2255 2676 2539 2746 lapidibus,
2573 2684 2668 2729 aut
2692 2673 2935 2744 quolibet
2975 2669 3082 2723 alio
3126 2681 3326 2739 genere
3364 2667 3463 2721 ob-

1891 2782 2051 2823 ruere
2100 2778 2416 2839 arguentem
2454 2767 2477 2820 ?
2512 2766 2567 2821 Si
2597 2767 2739 2821 enim
2772 2766 2959 2829 Deum,
2996 2764 3087 2834 qui
3116 2764 3269 2834 signa
3313 2762 3466 2829 fecit,

1888 2861 2006 2915 ausi
2050 2870 2177 2916 sunt
2228 2858 2444 2931 adigere
2488 2859 2661 2923 cruci,
2710 2857 3167 2925 quemadmodum
3241 2855 3466 2910 Petrum

1888 2953 2303 3009 convincentcm
2337 2967 2431 3007 eos
2481 2962 2601 3022 post
2646 2953 2807 3007 istam
2839 2952 3117 3005 audaciam
3147 2966 3253 3003 non
3282 2949 3467 3005 statim

1892 3044 2123 3101 fustibus
2150 3055 2241 3099 aut
2270 3045 2540 3115 lapidibus
2588 3042 2932 3099 obruerunt?
2968 3042 3123 3097 Nunc
3168 3056 3301 3112 ergo
3342 3051 3475 3096 sunt

1892 3137 1944 3191 in
1974 3138 2285 3207 captivitate
2315 3145 2369 3191 et
2393 3136 2787 3201 lmmiliatione,
2837 3150 2959 3189 cum
3002 3135 3154 3189 lioret
3194 3134 3468 3199 Ecclesia;

1893 3230 1948 3286 et
1989 3236 2218 3287 adorant
2263 3230 2545 3285 nobiscum
2588 3240 2644 3286 et
2694 3246 2849 3299 reges
2895 3240 2950 3286 et
2991 3230 3219 3298 judices.
3258 3229 3475 3284 Audeat

1893 3328 2013 3395 quis
2052 3326 2259 3395 ingredi
2285 3339 2635 3395 synagogam,
2674 3326 2823 3380 visus
2846 3325 2970 3379 licet
2995 3323 3109 3396 (82)
3133 3323 3380 3392 alicujus,
3413 3332 3470 3377 et

1892 3421 2095 3481 dicere,
2145 3417 2301 3473 Jesus
2334 3418 2628 3473 cruciﬁxus
2672 3414 2843 3470 Filius
2890 3424 2977 3471 est
3020 3415 3133 3469 Dei.
3185 3414 3239 3467 Si
3276 3412 3475 3466 exierit

1894 3512 2132 3566 exinde?
2158 3520 2212 3566 et
2245 3511 2346 3566 hoc
2377 3525 2501 3565 cum
2534 3525 2637 3564 non
2673 3512 2744 3565 sit
2773 3525 2839 3563 ex
2883 3507 3105 3573 Iudaeis,
3146 3507 3240 3563 sed
3276 3521 3340 3560 ex
3375 3519 3473 3559 no-

1896 3602 1978 3654 bis
2008 3619 2020 3653 :
2054 3615 2176 3655 cum
2206 3610 2261 3655 et
2313 3600 2459 3670 leges
2509 3601 2806 3664 vimiicaut,
2840 3610 2895 3654 et
2924 3614 3077 3670 reges
3114 3604 3365 3662 adorant,
3416 3608 3472 3652 et

1896 3708 2020 3749 cum
2074 3692 2314 3749 Ecclesia
2352 3703 2493 3749 tenet
2531 3692 2667 3765 (83).
2729 3691 2787 3747 Si
2824 3703 3004 3748 autem
3053 3707 3196 3747 nunc
3240 3705 3345 3744 non
3391 3698 3476 3745 est

1895 3786 2009 3841 sine
2041 3785 2278 3855 periculo
2310 3786 2541 3856 aliquem
2569 3803 2673 3841 non
2694 3784 2965 3859 (Iudicum
3004 3785 3211 3854 ingredi
3247 3785 3299 3837 in
3340 3796 3473 3853 syn-

1895 3893 2119 3946 agogam
2173 3891 2361 3931 eorum
2412 3880 2501 3947 qui
2536 3880 2587 3932 in
2613 3880 2932 3947 captivitate
2954 3878 3246 3938 habentur,
3277 3887 3331 3930 et
3368 3877 3472 3931 hoc

1898 3970 1950 4022 iu
1992 3973 2108 4024 vico
2134 3971 2223 4024 ubi
2260 3980 2369 4024 tres
2404 3980 2499 4025 aut
2539 3980 2771 4038 Quatuor
2818 3970 3144 4041 colliguntur
3190 3967 3381 4034 Judaei,
3418 3978 3477 4025 ot

1896 4064 2077 4116 dicere
2111 4066 2392 4119 veritatem
2420 4082 2434 4129 ;
2473 4064 2926 4133 quemadmodum
2959 4064 3150 4119 Petrus
3174 4081 3237 4119 ex
3269 4063 3473 4119 Judwis

1896 4154 2149 4211 Gaiilazus
2170 4157 2317 4213 ?Nec
2340 4156 2482 4211 enim
2509 4156 2609 4211 hoc
2628 4168 2711 4212 est
2731 4160 2910 4212 dicere
2933 4160 3058 4227 quia
3085 4160 3473 4227 ingenuitatem

1896 4246 2015 4315 ejus
2051 4249 2407 4310 honorarunt,
2438 4257 2493 4301 et
2525 4263 2630 4301 non
2669 4255 2792 4300 sunt
2814 4249 2929 4301 ausi
2958 4266 2971 4300 :
3005 4263 3104 4301 nec
3132 4249 3257 4314 quia
3288 4248 3475 4301 erudi-

1898 4341 2120 4403 tionem,
2159 4356 2257 4394 nec
2296 4341 2422 4407 quia
2452 4340 2692 4395 divitias.
2724 4339 2842 4394 Jatn
2870 4352 3048 4394 autem
3102 4356 3201 4395 nec
3237 4344 3476 4409 piscator

1897 4440 2035 4497 erat,
2069 4433 2161 4487 sed
2194 4449 2364 4503 egeno
2391 4435 2657 4505 egentior.
2707 4434 2762 4488 lu
2806 4444 3014 4487 tantum
3069 4440 3247 4487 autem
3289 4432 3477 4487 aderat

1897 4524 1944 4576 ei
1975 4534 2033 4577 ut
2066 4540 2170 4578 non
2197 4526 2529 4596 loqueretur,
2550 4527 2640 4593 qui
2669 4526 2793 4580 dum
2824 4527 3231 4596 periclitaretur
3254 4526 3477 4589 animae,

207 4629 341 4673 cum
374 4619 547 4673 adlmc
584 4621 794 4674 viveret
819 4623 1080 4690 magister
1114 4622 1137 4674 ?
1170 4631 1265 4676 aut
1316 4633 1440 4677 tunc
1482 4640 1603 4678 cum
1657 4628 1789 4681 satis

1899 4627 1953 4669 et
1985 4616 2415 4685 interrogaretur
2446 4619 2491 4670 si
2520 4617 2776 4673 Galilazus
2826 4628 2994 4679 esset,
3048 4633 3252 4688 negans
3295 4629 3349 4672 et
3400 4619 3477 4670 di-

209 4707 319 4762 sibi
349 4706 472 4760 fecit
501 4709 591 4777 qui
619 4720 703 4764 est
764 4712 1062 4765 mortuus?
1117 4712 1172 4764 Si
1220 4726 1399 4767 autem
1452 4730 1627 4783 neque
1665 4728 1793 4771 ante

213 4808 452 4853 mortem
485 4810 731 4868 negaret,
782 4812 926 4855 esset
967 4804 1361 4858 contentiosum
1408 4809 1589 4861 omnia
1620 4809 1792 4861 domi-

212 4891 405 4945 nantis
440 4890 694 4960 Magistro
720 4893 857 4964 (81).
889 4894 943 4949 Si
977 4906 1154 4950 autem
1186 4906 1311 4949 ante
1349 4913 1567 4953 crucem
1606 4910 1788 4969 negat,

207 4993 270 5039 et
304 4993 384 5037 ter
417 4999 518 5037 non
547 4985 886 5053 simpliciter,
926 4988 1017 5040 sed
1054 5002 1149 5052 per
1177 5002 1361 5041 vocem
1396 4988 1582 5053 puella:
1611 4992 1791 5052 unius,

211 5083 273 5127 et
310 5072 411 5127 hoc
438 5071 664 5129 Domino
698 5077 1026 5144 praedicente
1063 5078 1135 5141 ei,
1166 5088 1219 5130 et
1257 5086 1405 5130 certe
1447 5079 1489 5129 si
1528 5094 1632 5130 non
1672 5095 1794 5145 pro-

210 5176 340 5237 pter
398 5167 566 5231 aliud,
628 5177 847 5237 propter
912 5170 1371 5237 contemptionem
1429 5170 1796 5236 praedictionis

214 5254 444 5310 deberet
470 5255 664 5311 Petrus
695 5271 801 5311 nou
835 5270 1055 5325 negare.
1107 5258 1177 5311 Et
1198 5269 1348 5313 certe
1381 5274 1502 5311 cum
1535 5259 1797 5314 Dominus

292 5436 339 5469 ⁸ο
373 5437 409 5492 ll
438 5438 564 5493 Cor.
600 5456 721 5508 xm,
756 5439 810 5494 4.
888 5442 929 5472 θ’
963 5440 1151 5495 Matth.
1192 5457 1337 5506 xxvr,
1364 5441 1552 5497 55-55.
1629 5443 1674 5472 ⁸¹
1704 5442 1891 5497 Matth.
1930 5458 2039 5503 xw,
2064 5442 2156 5498 22.

294 5558 406 5621 (79)
432 5557 649 5622 Statuit.
682 5559 733 5612 id
765 5570 870 5623 est,
901 5563 1055 5613 stitit.

297 5631 405 5697 (80)
438 5627 664 5683 Judwis.
701 5630 861 5685 Forte
898 5631 1147 5685 λιλαίεαι.

298 5698 410 5767 (81)
454 5697 649 5751 Omnia
703 5702 1049 5754 dominantis.
1102 5701 1263 5755 Forte
1315 5704 1493 5755 omnia
1551 5705 1798 5756 donantis

222 5766 505 5847 Magistro.
565 5770 658 5824 Sic
694 5771 852 5838 paulo
901 5783 1021 5849 post
1060 5790 1077 5849 εΔ
1120 5773 1218 5825 Sed
1265 5784 1387 5849 puta
1419 5775 1555 5848 .quiu
1610 5771 1796 5829 Penus

223 5844 586 5895 contentiosa:
620 5850 720 5904 cat,
751 5850 798 5895 et
831 5842 1003 5896 omnia
1048 5845 1246 5897 donans
1284 5842 1560 5910 Magistro.

1900 4723 2052 4771 cens,
2088 4725 2219 4774 non,
2253 4710 2306 4762 in
2334 4710 2447 4779 ipso
2481 4710 2835 4781 abnegalioue
2863 4711 3143 4765 convictus
3180 4721 3285 4764 est.
3340 4710 3477 4777 Quia

1900 4802 2043 4854 enim
2073 4804 2331 4855 naturalis
2358 4814 2443 4857 est
2478 4803 2671 4872 iingum
2694 4804 2827 4873 (84),
2853 4806 3022 4872 partis
3062 4802 3479 4872 uniuscuthSque

1902 4905 2062 4948 terra:
2103 4899 2453 4967 meditantem
2488 4898 2766 4951 assuelieri
2795 4901 2860 4951 ad
2882 4898 3263 4966 eloquendum,
3299 4899 3479 4952 oriens

1903 4988 1967 5041 ad
2013 4989 2173 5042 aliam
2228 5003 2436 5058 partem
2490 4994 2677 5053 utitur,
2722 4991 2985 5061 Syrorum
3034 4992 3215 5060 lingua
3276 4992 3327 5045 in
3376 4993 3479 5046 alio

1902 5080 2119 5147 clamet,
2156 5086 2425 5140 nationem
2457 5087 2671 5153 quidem
2707 5084 2876 5153 ipsam
2907 5099 3049 5146 esse,
3084 5094 3342 5135 mutatam
3384 5099 3479 5136 an-

1906 5184 2010 5227 tem
2044 5176 2093 5229 in
2127 5193 2260 5233 sono
2305 5180 2512 5234 haberi.
2550 5180 2633 5233 Fit
2669 5181 2812 5235 enim
2845 5190 2898 5233 et
2930 5181 3028 5233 hoc
3068 5183 3205 5249 apud
3229 5179 3478 5235 Iudaeos:

1904 5276 1960 5319 et
1982 5279 2198 5325 czetera.
2255 5269 2460 5325 Galilzei
2517 5271 2780 5328 Ilebraica
2836 5272 3051 5341 quidem
3102 5274 3477 5342 loquebantur,

2235 5443 2279 5473 ⁸³
2304 5443 2423 5495 Act.
2460 5459 2550 5503 \‘ll,
2578 5445 2632 5496 εδ..

1987 5564 2102 5631 (82)
2142 5564 2293 5618 Visus
2317 5566 2457 5616 licet.
2496 5567 2754 5630 Quamvis
2780 5567 3018 5636 aliquant
3053 5567 3288 5638 srecicm
3310 5566 3454 5637 digni

1914 5639 2040 5687 latis
2076 5648 2172 5689 Ore
2208 5654 2269 5687 ac
2302 5638 2450 5687 vultu
2487 5638 2801 5703 praeferens.

1978 5725 2091 5794 (85)
2134 5725 2313 5779 Tenet.
2350 5728 2575 5797 Κρατεῖ.

1979 5818 2091 5882 (δί’)
2125 5816 2223 5872 Ms.
2252 5817 2515 5874 Nuluruic
2548 5831 2621 5874 es!
2652 5821 2866 5890 linglttt'.
