4048 6322
659 316 799 371 “0'!

1324 305 1590 363 EUSEBil
1630 302 2108 360 CASSARIENSIS
2145 301 2296 358 OPP.
2341 303 2522 359 PARS
2561 301 2648 358 IV.
2690 333 2758 345 -—
2801 301 3220 358 DOGMATICA.

3792 301 3911 355 “08

657 433 836 503 lingua
887 436 1064 488 autem
1121 425 1360 496 impediti
1414 435 1506 479 aut
1549 425 1900 496 immutantes
1948 423 2234 480 convince-
2263 427 2304 481 Α
2335 439 2440 492 qua
2473 438 2568 492 spe
2601 421 2750 488 elati,
2781 421 2911 491 quid
2943 431 3069 475 ante
3097 419 3285 475 oculos
3327 417 3600 474 habentes
3625 418 3754 472 ausi
3800 431 3910 471 sum

658 525 855 579 bantur
883 521 1007 591 quia
1044 534 1147 574 non
1169 528 1326 573 erant
1358 532 1390 573 e
1417 517 1660 572 civitate.
1692 504 1845 572 Sicut
1872 526 1926 570 et
1949 515 2089 585 apud
2127 529 2225 569 nos

655 628 800 669 nunc
833 611 1084 672 efﬁcitur,
1119 605 1402 680 qui’agros
1457 607 1724 676 habitant,
1773 608 2125 662 immutantur
2158 611 2225 662 ab

650 707 732 760 eis
764 705 854 774 qui
905 705 959 758 in
1014 703 1327 761 civitatibus
1367 702 1679 756 habitantes
1721 699 1956 771 linguam
1999 701 2220 754 habent.

656 794 821 850 Forte
855 804 1035 848 autem
1065 802 1118 847 et
1147 793 1566 860 uniuscuiusque
1599 791 1803 846 civitati
1837 790 2026 845 vicina:
2051 790 2222 846 diver-

652 903 768 941 sam
799 887 998 940 habent
1025 885 1260 955 linguam
1297 893 1516 954 propter
1543 881 1986 938 consuetudinem
2016 897 2210 937 assue-

653 987 787 1030 tam.
822 973 945 1030 llaec
975 989 1096 1030 cum
1153 974 1223 1028 ita
1270 983 1580 1044 agerentur,
1625 985 1691 1026 ex
1729 973 2119 1027 consuetudine
2147 973 2220 1027 ita

649 1075 927 1136 apparent.
972 1065 1028 1120 in
1082 1065 1222 1120 libro
1272 1063 1516 1121 Judicum
1549 1063 1806 1134 scriptum
1843 1070 1928 1118 est
1979 1061 2061 1128 “,'
2093 1063 2217 1133 quia

648 1158 895 1226 provenit
930 1157 1128 1213 bellum
1152 1159 1290 1211 inter
1308 1171 1366 1212 se
1391 1154 1545 1226 agere
1571 1163 1790 1226 propter
1817 1157 2214 1212 accusationem

647 1246 828 1302 nescio
866 1263 1026 1316 quam
1052 1262 1118 1302 es
1147 1246 1298 1301 istius
1322 1245 1490 1315 partis
1521 1244 1642 1316 (sic)
1672 1244 1935 1301 homines.
1962 1244 2216 1301 Commu-

645 1338 729 1394 nis
752 1339 896 1394 enim
926 1347 1044 1394 erat
1071 1337 1428 1394 circumcisio.
1469 1336 1528 1394 Si
1567 1339 1633 1393 ad
1678 1337 1902 1394 alteram
1937 1339 2212 1392 venissent

646 1437 877 1496 partem,
917 1441 1010 1496 per
1042 1426 1277 1497 linguam
1307 1439 1427 1482 erat
1452 1442 1638 1482 eorum
1661 1427 1936 1482 discretio.
1967 1429 2205 1482 interro-

645 1520 843 1588 gabant
878 1519 1020 1574 enim
1060 1518 1291 1574 victores
1347 1531 1443 1574 eos
1483 1534 1619 1588 quos
1675 1519 1918 1574 vicerant
1960 1520 2101 1574 unde
2125 1533 2213 1574 ea-

645 1617 767 1664 sent
794 1626 808 1662 :
847 1621 941 1677 pro
969 1607 1144 1662 salute
1166 1622 1232 1663 ex
1268 1616 1420 1679 parte
1441 1608 1668 1663 adversa
1700 1608 1909 1675 haberi,
1943 1622 2211 1679 propone—

645 1701 774 1753 bant
806 1713 1107 1754 sermonem
1137 1700 1447 1769 quemdam,
1494 1715 1598 1755 non
1643 1709 1894 1769 poterant
1939 1713 2084 1756 recte
2132 1700 2204 1755 ita

2334 517 2484 571 hoc?
2528 514 2681 572 Unde
2731 525 2909 570 autem
2959 513 3041 568 eis
3091 513 3208 568 haec
3256 510 3593 582 prudentia?
3641 511 3911 581 quomodo

2329 620 2487 678 putas
2513 607 2734 662 adunati
2777 608 2894 662 haec
2924 605 3270 675 impudenter
3297 604 3367 658 ad
3399 604 3736 658 alterutrum
3775 601 3910 655 dice-

2332 701 2483 766 bant,
2529 699 2782 771 Magister
2804 698 2993 754 fefellit
3023 697 3168 753 nos?
3195 697 3331 764 Quia
3376 712 3508 767 ergo
3555 695 3759 752 fefellit
3796 711 3906 762 nos,

2325 803 2380 846 et
2410 805 2508 846 nos
2540 790 2788 844 fallamus
2823 791 3108 845 mundum.
3149 788 3406 844 Dicebant
3437 792 3569 860 quia
3623 790 3910 846 suscitavit

2327 897 2425 936 nos
2458 881 2595 954 (87),
2620 890 2678 937 et
2708 882 2824 950 ipse
2856 891 3102 938 mortuus
3151 896 3256 936 non
3311 883 3642 938 resurrexit.
3702 884 3764 940 Si
3798 883 3907 940 bes

2323 976 2659 1031 conscientia
2689 990 2879 1030 eorum
2915 976 2986 1030 ita
3021 976 3188 1030 sciret
3229 963 3350 1031 esse
3390 979 3702 1041 contraria,
3748 978 3905 1033 debe-

2327 1077 2445 1123 rent
2495 1070 2696 1135 dicere,
2749 1078 2806 1124 et
2861 1083 3085 1139 negare,
3131 1079 3186 1124 et
3235 1068 3517 1138 pmnitcri,
3559 1078 3618 1124 et
3651 1069 3902 1125 conﬁteri

2321 1176 2590 1226 errorem,
2633 1172 2690 1216 et
2735 1169 2864 1216 ante
2894 1161 3112 1218 ludens
3141 1161 3323 1217 dicere
3356 1176 3477 1232 quae
3517 1161 3796 1218 dicebant
3821 1159 3905 1217 Ja-

2320 1251 2419 1304 daei
2483 1249 2649 1322 (88):
2697 1249 2957 1307 seductor
3010 1260 3150 1315 erat,
3196 1251 3409 1308 seduxit
3465 1267 3614 1317 nos;
3671 1251 3900 1321 putaba-

2320 1357 2480 1407 mus,
2561 1342 2912 1412 promittebat
2963 1342 3454 1408 resurrectionem;
3517 1342 3708 1412 arguit
3785 1357 3901 1398 eam

2317 1433 2710 1502 operimentum
2732 1432 2869 1504 (89).
2900 1432 3188 1488 Debuisset
3213 1434 3589 1503 unusquisque
3617 1447 3904 1489 recurrere

2315 1521 2384 1577 ad
2417 1524 2551 1578 retia
2575 1532 2821 1593 paterna,
2851 1523 3142 1596 prqvidere
3175 1522 3276 1578 sibi
3317 1523 3544 1586 victum,
3605 1523 3893 1589 abscondi,

2313 1613 2639 1668 erubescere
2676 1612 2971 1670 falsitatem
3018 1612 3281 1683 Magistri,
3311 1614 3591 1684 propriam
3621 1614 3901 1676 seductio-

2317 1719 2439 1759 nera
2481 1703 2786 1770 occultare,
2819 1703 2987 1760 multo
3033 1705 3210 1774 magis
3229 1704 3451 1774 iurgare
3484 1703 3604 1776 (90)
3641 1706 3777 1776 quia
3809 1721 3900 1762 nec

645 1791 789 1862 loqui
820 1792 962 1864 (85).
989 1801 1050 1847 ut
1099 1792 1173 1848 illi
1223 1794 1316 1864 qui
1369 1793 1810 1865 interrogabant:
1839 1803 1890 1849 et
1914 1794 2005 1863 qui
2039 1807 2204 1866 nega-
2242 1787 2282 1846 Β
2313 1797 2546 1852 vidimus
2583 1811 2730 1852 eum.
2787 1794 2914 1852 Hac
2951 1795 3207 1852 deberent
3238 1795 3441 1864 facere,
3474 1798 3522 1854 si
3556 1812 3692 1853 vera
3722 1806 3901 1853 essent

643 1886 794 1952 bant,
825 1901 888 1942 ex
917 1885 1095 1956 lingua
1135 1897 1510 1958 arguerentur.
1550 1884 1662 1942 Hoc
1683 1886 1827 1940 enim
1880 1885 1934 1940 in
1973 1898 2208 1955 evange-

649 1977 738 2032 liis
767 1986 1059 2032 renovatur
1102 1979 1242 2046 quod
1271 1977 1410 2047 apud
1435 1975 1654 2034 Judires
1685 1976 1943 2047 scriptum
1973 1986 2079 2032 est.
2108 1975 2208 2032 Pe-

641 2080 757 2124 trus
786 2069 930 2124 enim
971 2068 1204 2140 negabat
1235 2082 1292 2124 se
1318 2069 1462 2125 scire
1515 2069 1787 2125 hominem
1825 2083 1840 2124 :
1893 2067 2074 2139 lingua
2119 2088 2209 2127 au-

628 2170 752 2215 -tem
788 2175 886 2229 per
917 2160 1084 2228 ipsam
1113 2162 1520 2232 abnegatiouem
1548 2165 1901 2221 conrincebat
1924 2179 2045 2220 eum
2079 2166 2204 2237 quia

635 2249 887 2306 Galilaus
916 2262 1054 2305 erat.
1091 2249 1195 2306 iste
1230 2250 1422 2307 Petrus
1443 2253 1533 2323 qui
1561 2254 1995 2323 periclitabatur,
2024 2264 2080 2311 et
2107 2272 2200 2311 cu-

634 2342 814 2411 piebat
842 2355 994 2396 suam
1022 2340 1310 2396 immutare
1341 2342 1574 2414 linguam
1609 2359 1638 2397 a
1669 2344 1886 2400 Galilaea
1924 2345 1991 2399 ad
2011 2344 2199 2401 Judaio

633 2450 774 2503 eam,
808 2435 871 2491 et'
896 2449 1088 2505 parum
1129 2434 1257 2504 quid
1295 2437 1592 2508 corrigere,
1624 2437 1738 2492 hac
1789 2438 2014 2508 cupiens
2041 2450 2096 2494 et
2121 2439 2202 2494 fe-

633 2527 843 2582 aliuans
884 2536 939 2580 et
986 2535 1212 2582 mortem
1269 2528 1487 2595 timens,
1533 2528 1681 2584 dicat
1731 2530 1860 2598 quid
1908 2531 2197 2599 putaverit.

635 2620 917 2689 Quomodo
948 2621 1096 2676 omni
1123 2621 1322 2676 mundo
1342 2621 1580 2691 loquitur
1601 2621 1706 2677 iste
1733 2619 1971 2690 Iudaeus,
2001 2625 2108 2679 imo
2131 2639 2200 2681 ex

635 2711 839 2768 .ludzeis
867 2711 1004 2784 (86),
1033 2713 1200 2776 dicat,
1230 2723 1283 2768 et
1305 2714 1537 2784 gentiles
1561 2714 1867 2770 convincat.
1919 2714 2070 2771 Unde
2097 2717 2201 2773 iste

631 2803 718 2857 cui
750 2803 868 2858 sine
890 2815 1026 2862 voce
1051 2810 1173 2858 erat
1222 2802 1427 2875 lingua,
1487 2803 1626 2856 unde
1679 2801 1872 2856 Petrus
1917 2801 2198 2871 loquitur?

631 2895 737 2950 Sed
781 2909 886 2950 non
937 2906 1020 2950 est
1068 2894 1300 2958 locutus,
1346 2894 1442 2949 sed
1498 2904 1684 2950 tacens
1712 2893 1882 2950 suasit
1915 2894 2194 2951 mundum.

629 2988 882 3057 Maiorem
915 2986 1074 3043 nobis
1100 2985 1200 3041 das
1243 2985 1696 3043 admirationem:
1744 2987 1790 3042 is
1830 2988 1920 3059 qui
1966 2989 2198 3058 negabat

628 3081 723 3136 sed
765 3079 978 3136 locutus
1013 3087 1120 3144 est.
1173 3092 1279 3149 qua
1315 3077 1535 3150 lingua?
1569 3079 1699 3149 ipsis
1729 3079 1874 3134 enim
1917 3081 2010 3150 qui
2052 3079 2192 3149 apud

631 3169 1057 3242 Hierosolymam
1090 3177 1270 3235 erant,
1314 3170 1585 3239 quomodo
1618 3179 1830 3240 poterat
1872 3170 2063 3241 loqui?
2106 3181 2191 3226 ta-

631 3278 753 3318 men
805 3261 1068 3332 loquitur,
1117 3269 1174 3317 ct
1213 3270 1331 3331 post
1385 3271 1618 3331 quantos
1666 3262 1784 3318 dies
1833 3264 2196 3321 convictionis

628 3369 755 3410 cum
783 3368 880 3423 per
901 3353 1133 3424 linguam
1162 3362 1246 3408 est
1274 3352 1599 3410 convictus?
1629 3353 1730 3409 iste
1757 3365 1874 3410 erat
1900 3354 2017 3411 dies
2037 3357 2197 3425 quin-

629 3446 958 3516 quagesima:
1007 3443 1326 3515 completio,
1414 3444 1791 3513 abnegationis
1825 3457 2004 3503 autem
2047 3446 2192 3503 Petri

627 3547 754 3592 ante
783 3537 1174 3607 quinquaginta
1199 3535 1317 3592 dies
1340 3536 1523 3605 passio
1551 3537 1725 3592 fuerat
1757 3538 1990 3594 Domini.
2027 3538 2194 3596 Putas

626 3629 681 3684 in
711 3629 1100 3700 quinquaginta
1127 3627 1319 3685 diebus
1351 3630 1587 3700 piscator
1616 3631 1925 3687 rusticanus
1967 3646 2036 3688 es
2070 3633 2193 3688 vico

625 3720 831 3775 studuit
858 3734 1072 3775 omnem
1104 3720 1391 3790 linguam?
1415 3722 1471 3776 in
1496 3721 1719 3777 Actibus
1746 3723 1890 3778 enim
1931 3725 2190 3795 scriptum

625 3819 710 3865 est
738 3809 1107 3879 apostolorum
1134 3819 1227 3865 :et
1259 3825 1368 3866 non
1398 3811 1680 3874 credatur.
1716 3811 1760 3866 si
1797 3828 1883 3868 res
1915 3813 2046 3883 ipsa
2086 3831 2189 3870 non

627 3899 988 3953 consentiunt.
1023 3897 1292 3970 Scriptum
1323 3911 1407 3957 est
1428 3902 1575 3956 enim
1599 3901 1726 3971 quia
1767 3906 1895 3957 dum
1933 3904 2190 3974 implere-

627 3998 714 4048 tur
760 3990 875 4046 dies
923 3992 1394 4062 quinquagesima.
1430 4003 1588 4049 erant
1645 3996 1863 4051 adunati
1914 3997 1968 4051 in
2023 3990 2188 4053 duum

623 4083 853 4150 apostoli
881 4081 950 4150 ⁸³,
983 4099 1116 4153 quos
1150 4095 1427 4154 sparserat
1454 4085 1672 4155 quidem
1704 4103 1860 4155 ctus,
1891 4089 2188 4160 collegerat

623 4183 803 4227 autem
850 4176 1215 4242 resurrectio;
1251 4163 1586 4231 etadunatis
1619 4177 1806 4233 iisdem
1836 4178 2026 4235 divisa:
2064 4191 2191 4238 sunt

621 4267 816 4340 lingua:
846 4280 1098 4340 tanquam
1126 4272 1264 4344 ignis
1290 4273 1589 4330 dividentes
1615 4316 1632 4341 ,
1681 4285 1736 4331 et
1773 4277 2090 4333 insederunt
2133 4280 2187 4335 in

623 4375 1060 4432 unumquemque
1101 4363 1338 4430 illorum.
1380 4375 1437 4422 et
1477 4379 1764 4438 cmperunt
1806 4369 2007 4443 linguis
2042 4371 2186 4443 loqui

2309 1903 2431 1958 qua
2481 1885 2653 1943 Judaei
2693 1887 2968 1942 volebant.
3023 1885 3130 1942 Sed
3187 1896 3346 1956 putas
3392 1888 3799 1944 convenientes
3851 1888 3896 1944 ia

2308 1995 2471 2034 unum
2506 1979 2852 2048 impudenter
2895 1977 3148 2034 dicebant
3181 1979 3248 2033 ad
3277 1980 3608 2049 semetipsos
3635 1994 3652 2032 :
3685 1978 3829 2047 Quid
3855 1980 3894 2035 si

2305 2071 2513 2130 seducti
2544 2071 2770 2128 sumus?
2791 2071 2885 2127 sed
2920 2087 3028 2126 non
3056 2071 3437 2127 concedamus.
3470 2069 3739 2141 Magister
3759 2087 3900 2127 mor-

2308 2174 2432 2220 tuus
2468 2173 2590 2232 est;
2621 2164 2866 2222 dicamus
2910 2163 3040 2234 quia
3076 2164 3419 2219 resurrexit:
3449 2171 3513 2218 ut
3549 2163 3689 2234 quid
3726 2163 3898 2219 lucra-

2307 2255 2530 2310 rentur?
2553 2255 2682 2326 quid
2718 2255 2988 2312 commodi
3021 2253 3368 2325 acciperent?
3399 2256 3636 2309 aurum?
3665 2257 3764 2310 sed
3796 2271 3895 2310 non

2305 2349 2555 2418 permisit
2579 2348 2894 2403 mandatum
2927 2366 2942 2404 :
2969 2346 3298 2418 argentum?
3323 2356 3378 2402 et
3407 2348 3522 2416 ipsa
3557 2349 3702 2402 retia
3740 2348 3896 2403 dere-

2303 2438 2601 2507 liquerunt.
2634 2438 2742 2496 Sed
2777 2448 2836 2494 ut
2872 2432 3315 2495 honorarentur?
3338 2441 3428 2509 qui
3467 2440 3691 2496 inverso
3720 2443 3895 2511 capite

2301 2531 2675 2602 agebantur.
2719 2531 2860 2600 Quid
2894 2541 3013 2594 erat
3039 2533 3185 2602 quod
3216 2543 3401 2602 posset
3429 2549 3528 2590 eos
3558 2534 3801 2603 hortari,
3837 2543 3894 2591 ut

2301 2626 2662 2681 mentirentur
2690 2624 2760 2681 de
2787 2639 2855 2680 eo
2873 2624 2966 2695 qui
3003 2640 3109 2679 non
3139 2626 3555 2680 resurrexerat?
3577 2625 3719 2694 Quis
3749 2641 3891 2696 prc-

2300 2716 2490 2772 buerat
2537 2716 2619 2772 eis
2675 2716 3000 2774 audaciam?
3061 2715 3120 2771 ln
3166 2731 3275 2787 quo
3324 2716 3666 2772 conﬁdentes
3707 2729 3890 2775 essent

2299 2807 2606 2863 inscientia
2650 2822 2795 2874 sua,
2853 2807 3186 2876 rusticitati,
3246 2808 3608 2880 ingenuitati.
3657 2809 3889 2876 divitiis.

2299 2899 2651 2965 multitudini,
2681 2900 2966 2956 duodecim
3015 2903 3085 2956 ad
3125 2901 3425 2956 mundum?
3468 2899 3574 2958 Sed
3620 2904 3887 2973 pradica-

2299 2992 2500 3049 tiouem
2534 2992 2653 3061 ejus
2685 2993 2778 3062 qui
2810 2990 3002 3048 alllxus
3035 3002 3120 3049 est
3149 2993 3318 3049 cruci.
3360 2991 3540 3063 Ipsum
3573 2995 3757 3051 solu
3792 3011 3888 3052 ae-

2299 3083 2427 3139 dere
2457 3083 2610 3140 esire
2651 3085 2720 3138 ad
2766 3085 3050 3152 mundum,
3079 3087 3285 3154 grande
3311 3096 3415 3144 est.
3456 3085 3590 3141 Puta
3626 3088 3731 3144 ista
3767 3091 3884 3146 ausi

2295 3185 2425 3231 sunt
2474 3193 2490 3231 :
2524 3174 2693 3232 Judai
2733 3178 3006 3247 quomodo
3043 3178 3186 3249 passi
3240 3190 3368 3235 sunt
3421 3196 3528 3236 non
3565 3197 3665 3238 eos
3695 3187 3883 3238 statim

2294 3265 2648 3324 interimere?
2683 3265 2874 3323 Nonne
2901 3269 3076 3338 parati
3108 3280 3237 3325 sunt
3263 3271 3331 3325 ad
3371 3271 3887 3344 interemptionem?

2294 3357 2613 3432 Magistrum
2663 3359 2971 3426 allixcrunt,
3023 3363 3117 3432 qui
3169 3377 3272 3418 non
3304 3364 3478 3432 arguit
3507 3379 3605 3420 eos
3654 3367 3887 3422 homici-

2295 3451 2397 3507 das
2422 3469 2438 3506 :
2471 3451 2607 3509 istos
2631 3452 2723 3522 qui
2754 3452 3110 3509 convicerunt
3129 3455 3256 3525 quia
3281 3455 3566 3512 homicidae
3585 3467 3741 3523 sunt,
3771 3473 3880 3515 non

2293 3542 2466 3598 multo
2501 3544 2676 3615 magis
2707 3544 3021 3602 debuissent
3053 3545 3400 3604 interimere?
3427 3547 3539 3605 Cur
3558 3552 3884 3621 sanguinem

2294 3635 2543 3710 Magistri
2570 3639 2748 3696 adhuc
2781 3639 3043 3697 habentes
3088 3641 3142 3695 in
3187 3641 3464 3708 manibus,
3487 3642 3772 3713 patiuntur
3801 3645 3886 3714 pi-

2290 3731 2585 3789 scatores?
2631 3741 2689 3789 et
2730 3743 2880 3788 certe
2928 3748 3056 3790 cum
3113 3735 3483 3793 interficerent
3534 3736 3880 3807 Magistru,

2293 3824 2396 3878 nisi
2440 3833 2692 3894 negasset
2731 3823 2923 3882 Petrus
2958 3827 3158 3883 fuisset
3198 3839 3461 3884 mortuus.
3487 3826 3589 3897 Qui
3619 3845 3756 3899 ergo
3787 3847 3883 3886 vo-

2291 3916 2476 3976 lebant
2497 3931 2619 3972 eum
2645 3924 2937 3988 antequam
2985 3929 3293 3975 moreretur
3314 3919 3570 3991 Magister
3597 3923 3879 3992 occidere,

2291 4006 2748 4077 quemadmodum
2775 4024 2899 4064 eum
2948 4025 3055 4065 non
3081 4011 3341 4066 occidunt
3375 4023 3498 4082 post
3523 4011 3770 4084 Magistri
3806 4019 3886 4073 in-

2293 4098 2712 4156 terfectionem?
2736 4101 3190 4170 quemadmodum
3210 4103 3236 4157 ?
3270 4119 3389 4174 qua:
3417 4115 3503 4161 est
3529 4107 3740 4163 causa?
3781 4110 3882 4165 sed

2293 4193 2582 4250 noluerunt
2627 4210 2643 4249 :
2694 4203 2749 4250 et
2773 4195 2899 4266 quis
2947 4204 3034 4250 est
3064 4195 3155 4265 qui
3203 4201 3470 4266 convertit
3498 4215 3690 4255 eorum
3722 4217 3884 4259 men-

2292 4285 2440 4341 tem?
2489 4285 2598 4342 Sed
2645 4287 2936 4343 voluerunt
2983 4306 2998 4343 :
3045 4296 3100 4344 et
3147 4291 3271 4358 quis
3320 4299 3404 4345 est
3450 4292 3541 4360 qui
3591 4293 3884 4361 prohibuit

2290 4393 2478 4434 eorum
2502 4379 2874 4450 propositum?
2901 4381 2996 4436 sed
3019 4381 3312 4438 voluerunt
3331 4391 3385 4437 et
3407 4398 3512 4438 non
3542 4395 3878 4452 potuerunt:

618 4464 756 4548 quas
782 4465 887 4506 non
920 4454 1238 4548 didicerant.
1271 4453 1395 4511 Haec
1429 4456 1708 4530 Scriptura
1742 4461 1914 4528 dicit;
1951 4464 2042 4532 qtti
2071 4464 2186 4518 vult
2218 4486 2262 4542 ι)
2290 4471 2497 4542 etquis
2539 4481 2622 4528 est
2653 4473 2745 4543 qui
2783 4473 3060 4542 superavit
3091 4488 3280 4529 eorum
3330 4475 3638 4531 malitiam?
3681 4493 3883 4548 quem-

620 4540 936 4613 iuterroget.
987 4543 1044 4598 Si
1090 4561 1196 4600 non
1227 4557 1313 4602 est
1353 4549 1573 4616 factum,
1601 4554 1872 4621 quomodo
1900 4554 2187 4610 audierunt

564 4659 567 4661 >
616 4633 851 4700 gentes?
879 4634 984 4690 Sed
1015 4639 1302 4694 audierunt
1329 4651 1540 4711 gentes.
1570 4643 1713 4711 Ergo
1745 4647 1887 4715 quod
1918 4633 2181 4718 scriptum

614 4732 721 4789 est,
757 4723 957 4782 factum
986 4739 1090 4784 est.
1115 4729 1245 4797 Quis
1277 4741 1363 4788 est
1389 4734 1480 4804 qui
1519 4737 1778 4791 donavit?
1802 4739 1894 4808 qui
1927 4751 2175 4796 mortuus

618 4821 742 4881 est;
800 4817 1092 4885 etquidem
1135 4831 1430 4894 antequam
1467 4837 1766 4896 pateretur,
1812 4845 1917 4885 non
1963 4831 2185 4886 donavit

617 4904 878 4975 linguam.
905 4908 1056 4977 Quod
1085 4927 1216 4984 ergo
1243 4931 1348 4971 non
1382 4917 1606 4973 donavit
1652 4933 1940 4992 antequam
1970 4935 2184 4994 patere-

618 5006 727 5063 tur,
761 5003 1214 5069 quemadmodum
1259 5008 1427 5065 donat
1471 5023 1733 5080 mortuus,
1779 5017 1881 5071 nisi
1916 5018 2044 5086 quia
2095 5034 2181 5075 re-

615 5092 895 5146 surrexit?
941 5092 1046 5150 Sed
1095 5114 1198 5153 non
1251 5101 1488 5166 donavit,
1544 5120 1641 5158 nec
1696 5122 1820 5162 vera
1868 5108 1994 5164 dicit
2031 5110 2178 5166 Scri-

616 5197 793 5253 ptura.
820 5183 1095 5255 Quomodo
1122 5197 1237 5250 ausi
1255 5209 1379 5252 sunt
1413 5203 1640 5270 apostoli
1667 5204 1816 5258 exire
1847 5205 1912 5259 ad
1945 5208 2176 5278 gentes?

683 5322 732 5354 "
762 5322 939 5382 Jutlic.
972 5343 1068 5393 stt,
1100 5328 1154 5386 6.
1243 5333 1290 5364 ⁸⁸
1314 5335 1431 5390 Act.
1463 5353 1521 5401 ll,
1558 5339 1607 5391 i.

829 5478 926 5559 bis.
960 5481 1219 5559 Naturale
1240 5499 1315 5541 est
1344 5492 1557 5559 lingmr.

613 5547 802 5684 MSS)
835 5549 932 5606 Ms.
968 5555 1278 5622 Quamdiu»,
1317 5547 1466 5630 quem
1509 5580 1610 5615 non
1643 5574 1883 5632 poterant
1928 5579 2064 5624 recte
2095 5569 2170 5626 ita

687 5687 798 5821 $3?)
843 5687 926 5744 Ea:
950 5690 1177 5774 {udi-eis.
1204 5695 1366 5780 Forte
1391 5710 1438 5752 et
1463 5699 1687 5781 Judreis.
1915 5780 1925 5790 .
2135 5782 2144 5791 .

781 5755 1106 5826 )Sluliavtl
1142 5783 1250 5825 nos.
1283 5768 1539 5826 fortasse
1583 5775 1782 5826 dicebat
1837 5794 1960 5826 eum
2004 5797 2142 5826 suam

1041 5768 1106 5820 vit
1142 5783 1250 5825 nos.
1283 5768 1539 5828 Fortasse
1583 5775 1782 5832 dicebat
1837 5780 1960 5836 auia
2004 5782 2165 5837 susci-

2294 4556 2583 4619 admodum
2607 4565 2846 4635 superati
2877 4565 3040 4620 sunt?
3059 4565 3106 4620 si
3137 4581 3242 4620 non
3270 4575 3352 4622 est
3384 4563 3526 4623 facta
3556 4570 3877 4639 admiratio,

2292 4657 2564 4724 quomodo
2601 4658 2826 4714 vincunt
2847 4656 3188 4727 piscatores?
3225 4658 3365 4715 Ecce
3410 4660 3514 4714 alia
3552 4661 3876 4729 admiratio,

2285 4749 2330 4804 si
2365 4748 2506 4803 nulla
2528 4749 2888 4805 admiratione
2917 4749 3160 4805 vincunt.
3196 4751 3264 4806 Et
3294 4762 3442 4807 certe
3472 4752 3662 4807 volunt
3693 4752 3876 4813 «intimi

2285 4841 2554 4904 occidere.
2591 4849 2647 4896 et
2668 4841 2924 4897 concedit
2952 4840 3207 4898 Dominus
3225 4842 3306 4900 eis
3336 4854 3393 4899 ut
3413 4845 3688 4903 occidant.
3718 4845 3877 4904 Ilur-

2286 4931 2482 5001 tyrium
2515 4931 2699 5002 itaque
2733 4933 2856 4987 tulit
2901 4934 3230 5005 Stephanus.
3262 4935 3544 5003 Quomodo
3572 4955 3705 5011 ergo
3738 4941 3875 4998 Ste-

2288 5024 2500 5090 phanus
2529 5023 2750 5093 quidem
2783 5025 2851 5078 ab
2893 5024 3013 5080 istis
3048 5027 3345 5082 occiditur?
3389 5026 3532 5085 Utile
3565 5032 3713 5085 enim
3745 5042 3877 5089 erat

2283 5114 2402 5181 ejus
2430 5116 2774 5188 martyrium,
2808 5125 2865 5171 ut
2889 5117 3200 5176 ﬁrmaretur
3228 5136 3324 5191 per
3357 5132 3585 5178 mortem
3620 5139 3875 5182 resurre-

2281 5210 2390 5264 ctio
2418 5227 2433 5264 :
2463 5219 2520 5266 et
2557 5213 2743 5266 ceteri
2779 5227 2884 5266 non
2915 5215 3278 5270 occiduntur?
3310 5214 3417 5271 Sed
3462 5217 3636 5273 noluit
3675 5218 3871 5277 Israel.

2282 5504 2599 5648 ωιὶἓζῗῖίε.
2638 5574 2825 5631 Dicere
2849 5595 2910 5632 ea
2940 5594 3060 5648 quae
3090 5581 3331 5636 dicebant
3362 5581 3566 5640 Juda's'.

2355 5644 2467 5717 (69)
2495 5643 2597 5717 Ms.
2627 5649 2816 5717 Argei!
2841 5643 2963 5702 cuni
2991 5653 3419 5716 experimentum.

2349 5714 2462 5786 (90)
2510 5714 2757 5789 [πρωὶ.
2787 5717 2948 5777 Forte
2980 5714 3181 5784 iurare.
