4048 6322
1283 311 1372 367 DE
1426 308 2035 404 ηεευιιεςεοτιοιςε.
2072 347 2139 358 -—
2176 316 2306 372 LIB.
2342 317 2408 374 ῐι.

3333 332 3469 386 me

204 415 503 506 Quomodo
524 418 639 473 vult
671 416 1047 489 Stephanum?
1072 420 1145 477 De
1184 422 1288 479 hoc
1321 428 1571 483 concedit
1612 427 1794 483 Domi—
1821 435 1869 490 Α
1897 430 2133 483 decorum
2173 431 2415 500 primarii
2450 430 2769 506 Synagoga,
2803 442 2897 492 aut
2924 438 3283 498 transferrent
3308 446 3466 499 corda

206 521 313 560 nus
348 522 363 560 :
393 503 585 565 suﬁcit
630 509 729 565 hoc
773 510 840 565 ad
869 512 1171 567 victoriam.
1229 517 1510 582 Quomodo
1542 518 1790 574 concedit

206 595 571 667 Stephanum,
602 608 656 653 et
687 614 792 655 non
824 603 1071 658 concedit
1112 611 1168 658 et
1215 605 1389 661 alios?
1415 606 1484 663 Ut
1528 621 1789 679 agnosce.

205 698 363 745 retur
389 692 516 761 quia
566 701 777 747 mortua
825 704 910 750 est
952 712 1118 766 mors,
1154 705 1209 753 et
1239 700 1364 768 quia
1412 714 1509 769 per
1555 710 1785 757 mortem

204 780 459 836 ﬁrmatur
487 784 844 850 resurrectio;
878 795 938 842 ut
972 798 1359 857 agnosceretur
1383 792 1508 861 quia
1537 791 1670 847 vivit
1695 792 1784 860 qui

202 871 470 928 viviﬁcat.
498 872 699 929 Volunt
726 874 895 932 Judaei
928 886 985 933 et
1030 894 1133 935 non
1169 891 1416 950 possunt.
1457 882 1675 953 Moysen
1702 882 1783 938 {a-

205 962 441 1019 cieutem
472 965 625 1037 signa
656 968 825 1023 voluit
874 967 1040 1025 Israel
1084 971 1348 1042 lapidare,
1397 981 1455 1029 et
1497 975 1786 1045 prophetas

202 1052 546 1117 occiderunt,
584 1062 638 1110 et
680 1055 782 1111 hoc
824 1057 897 1113 ita
932 1060 1255 1128 prohibente
1282 1061 1418 1132 lege.
1451 1061 1781 1129 Piscatores,

202 1150 502 1213 arguentes
534 1157 629 1201 eos
664 1153 718 1201 et
743 1147 1097 1216 pradicantes
1122 1147 1478 1218 Crucilisnm,
1508 1165 1615 1207 non
1636 1152 1783 1208 occi-

204 1234 406 1290 derunt
438 1251 455 1291 :
489 1234 777 1303 Lasarum,
808 1239 937 1309 quia
982 1243 1282 1297 resurrexit
1329 1256 1362 1298 a
1412 1246 1662 1311 mortuis,
1684 1261 1782 1301 vo-

202 1323 427 1380 luerunt
464 1326 736 1393 occidere,
788 1336 849 1383 ut
895 1328 1290 1386 moniilcarent
1326 1332 1780 1400 admirationem;

202 1421 265 1468 et
290 1427 385 1470 eos
412 1415 505 1485 qui
544 1416 839 1481 pradicant
872 1420 1324 1477 resurrectionem
1353 1418 1502 1475 al'ilsl
1534 1422 1679 1478 cruci
1715 1421 1784 1476 ali

202 1503 362 1574 ipsis,
417 1520 525 1561 non
562 1506 901 1563 occiderunt.
951 1506 1057 1564 Sed
1106 1518 1231 1579 puta
1280 1510 1406 1581 quia
1448 1509 1620 1568 Judaei
1653 1513 1780 1569 victi

198 1602 356 1651 sunt.
398 1596 784 1669 Cogitsverunt
835 1608 1013 1655 autem
1070 1601 1365 1671 piscatores
1408 1602 1476 1663 ad
1520 1602 1778 1659 mundum

199 1687 380 1748 exire.
407 1688 453 1745 si
489 1686 746 1747 homines
763 1690 831 1746 ad
868 1691 1133 1748 terminos
1180 1692 1365 1749 mundi
1414 1692 1531 1749 sine
1559 1692 1776 1762 litteris,

198 1778 275 1834 ad
301 1780 541 1835 eruditos
572 1780 835 1851 imperiti,
861 1782 1124 1852 ignobiles
1152 1782 1220 1837 ad
1253 1785 1547 1853 ingenuos;
1576 1785 1778 1856 cogita-
1809 1780 1851 1836 Β

145 1892 149 1894 ν
198 1880 401 1928 verunt
426 1881 483 1929 et
511 1880 664 1929 tanto
702 1873 1042 1930 donaverunt
1073 1873 1187 1945 (91)
1239 1873 1497 1945 lagistro
1540 1885 1776 1942 mortuo,

198 1978 329 2020 cum
363 1977 472 2034 quo
499 1962 559 2020 et
586 1962 789 2022 fuere:
847 1974 978 2037 puta
1031 1966 1161 2036 quia
1224 1965 1325 2037 ipsi
1380 1967 1777 2037 cogitaverunt,

198 2064 333 2126 puta
364 2058 493 2127 quia
523 2055 699 2113 victus
722 2067 807 2113 est
832 2076 847 2113 :
878 2056 1151 2129 quomodo
1182 2066 1373 2127 gentes
1396 2067 1776 2128 susceperunt,

195 2155 259 2204 et
309 2156 499 2220 gentes
548 2146 839 2221 discipulos
891 2149 1214 2205 audiebant?
1277 2145 1396 2207 Non
1448 2150 1779 2206 consuetudo

195 2249 326 2296 erat
358 2250 538 2306 vetns,
591 2258 702 2299 non
750 2241 1037 2299 simulacra
1090 2240 1374 2309 adornata,
1427 2256 1535 2298 non
1580 2242 1777 2313 templa

199 2332 448 2399 excelsa,
479 2348 584 2389 non
631 2334 871 2390 sacraria
920 2349 1047 2405 qua
1093 2333 1265 2390 multo
1315 2343 1601 2390 tenuerant
1639 2346 1780 2390 tem-

196 2438 359 2496 pore,
411 2440 519 2482 non
548 2440 740 2483 versus
771 2426 1081 2501 compositi,
1129 2439 1237 2482 non
1267 2426 1517 2497 superbia
1566 2428 1782 2498 sapien-

196 2517 363 2585 tium,
399 2521 505 2575 non
540 2518 1163 2591 multitudoqioetarum,
1201 2533 1308 2575 non
1338 2518 1588 2575 remissio
1619 2518 1780 2574 feria-

198 2623 349 2677 tum,
385 2626 495 2667 non
532 2611 755 2668 traditio
783 2620 1094 2683 parentum,
1136 2626 1246 2667 non
1293 2610 1560 2667 mirabilia
1601 2610 1689 2665 illa
1723 2610 1777 2666 in

202 2703 527 2771 ambitione,
555 2718 675 2776 qua
704 2719 803 2775 per
838 2713 985 2761 artes
1024 2712 1079 2779 et
1110 2704 1393 2761 machinas
1419 2712 1476 2759 et
1511 2703 1780 2775 composi-

199 2797 391 2854 tiones:
429 2807 614 2853 vatum
666 2796 785 2855 ileri
841 2795 1278 2854 consueverant?
1327 2796 1610 2866 Quomodo
1658 2797 1776 2854 ausi

202 2897 338 2944 sunt
370 2889 671 2960 piscatores
710 2903 779 2945 ne
809 2890 1029 2959 quidem
1070 2904 1236 2961 panes
1263 2897 1541 2960 portantes
1569 2887 1777 2960 ingredi

201 2967 427 3038 domum
455 2978 723 3053 alicujus?
749 2982 817 3039 ad
852 2997 1015 3053 quam
1058 2981 1475 3053 cognationem?
1518 2980 1586 3036 ad
1613 2993 1776 3051 quam

200 3073 440 3130 similem
492 3073 771 3143 linguam?
814 3064 880 3129 ad
932 3089 1095 3146 quam
1128 3074 1406 3130 civitatem
1453 3082 1510 3129 et
1557 3073 1777 3129 domum

201 3167 635 3238 agnoscentum?
674 3166 780 3224 Sed
819 3167 1130 3238 praedicatio
1158 3180 1279 3223 erat
1307 3167 1554 3224 honesta.
1592 3166 1781 3222 Cruci-

202 3258 350 3315 leus
379 3259 801 3329 pradicabatur,
831 3270 886 3316 et
916 3260 1007 3330 qui
1036 3260 1406 3331 pradicabant
1439 3260 1700 3325 humiles,
1724 3268 1781 3315 et

203 3350 407 3419 quibus
445 3351 846 3422 pradicabatur
883 3352 1143 3423 praventi
1189 3361 1368 3409 erant.
1402 3353 1556 3409 Nunc
1587 3367 1779 3408 ascen-

201 3443 301 3500 dat
354 3444 474 3514 quis
506 3443 587 3519 uad
628 3442 912 3513 templum,
960 3443 1108 3499 dicat
1135 3444 1280 3516 quod
1321 3458 1507 3501 verum
1536 3453 1623 3501 est
1654 3443 1780 3514 quia

200 3549 313 3591 non
357 3542 485 3589 sunt
526 3535 601 3588 dii
636 3533 890 3602 lapides:
930 3535 977 3590 si
1006 3536 1243 3606 potuerit
1292 3535 1640 3591 dinumerare
1682 3547 1781 3589 eos

203 3625 302 3697 qui
334 3626 619 3681 adversum
664 3640 723 3682 se
756 3625 1052 3699 iaciuntur.
1090 3627 1147 3683 Si
1195 3638 1374 3684 autem
1409 3642 1587 3697 reges,
1622 3637 1781 3683 eser-
1834 3657 1837 3661 -

203 3718 347 3775 citus
373 3727 429 3773 et
467 3716 612 3789 leges
647 3732 745 3786 pro
785 3718 1049 3788 religione
1082 3728 1230 3787 sunt,
1258 3727 1314 3775 et
1337 3718 1623 3775 multitudo
1649 3718 1782 3776 iide-

200 3806 359 3873 lium,
386 3818 549 3864 tanta:
578 3808 738 3865 mina
771 3811 1058 3868 adversum
1082 3826 1179 3869 eos
1202 3813 1295 3885 qui
1324 3814 1441 3870 haec
1471 3829 1577 3870 non
1607 3814 1782 3870 susci-

202 3903 381 3974 piunt,
422 3902 598 3959 nullus
626 3917 793 3959 ausus
826 3914 911 3959 est
947 3920 963 3960 :
1018 3914 1074 3961 et
1118 3905 1168 3962 si
1221 3904 1386 3962 fuerit
1439 3921 1629 3971 ausus,
1672 3921 1779 3962 non
1840 3908 1843 3915 ’

203 3998 370 4053 vivet.
434 3997 492 4053 Si
545 3998 766 4063 dixerit,
820 3999 909 4055 isti
965 4001 1038 4056 dil
1103 4015 1210 4056 non
1252 4012 1380 4057 sunt
1420 4002 1517 4067 dii,
1580 4002 1677 4057 sed
1734 4000 1781 4058 si

207 4108 355 4149 nunc
381 4092 493 4164 (92)
523 4093 595 4147 ita
632 4104 995 4162 repetentem,
1024 4096 1147 4151 vide
1176 4112 1297 4167 quas
1318 4104 1437 4152 erat
1467 4096 1639 4151 virtus
1665 4096 1783 4153 sine

204 4184 430 4256 his(93)
462 4185 554 4255 qui
591 4185 895 4241 circuibaut
939 4172 1197 4242 mundum
1249 4205 1264 4243 :
1316 4198 1372 4243 et
1417 4188 1603 4244 dicunt
1654 4190 1782 4259 quia

206 4280 313 4336 ista
341 4294 448 4335 non
494 4288 620 4335 sunt
649 4294 771 4350 quae
797 4290 1083 4351 apparent,
1116 4294 1292 4350 neque
1345 4282 1448 4336 ista
1503 4291 1779 4349 putantur,

205 4386 385 4444 neque
433 4371 523 4428 illa
553 4387 676 4445 qua
716 4372 989 4444 sapientes
1019 4374 1206 4430 dicunt
1257 4382 1351 4429 aut
1379 4383 1550 4444 poeta:
1576 4372 1782 4428 coutin-

1888 535 1983 574 sua
2016 519 2225 591 lapidea
2272 523 2339 578 ad
2390 524 2571 589 iidem,
2604 537 2699 581 aut
2725 533 2971 585 tacentes
3017 531 3205 601 utique
3232 533 3465 590 coniun-

1887 614 2165 671 derentur.
2196 614 2519 672 Scribantur
2552 616 2670 673 ista:
2711 620 2995 677 suasioues
3026 622 3078 676 in
3127 623 3463 695 uniuscujus-

1886 722 1991 778 que
2045 710 2228 779 corde,
2276 726 2383 767 non
2424 720 2775 768 atramento:
2816 729 2922 771 non
2957 717 3104 771 enim
3156 726 3464 774 atramento

1886 809 2011 856 sunt
2040 792 2200 873 digna
2246 820 2262 858 :
2309 804 2354 859 si
2388 804 2517 874 quid
2567 816 2747 859 autem
2793 822 2917 862 cum
2949 808 2999 863 vi
3050 809 3309 879 loquitur,
3353 810 3463 867 noli

1884 892 1997 963 pati
2036 894 2354 951 mentientes
2375 895 2489 969 (95)
2523 916 2537 952 :
2570 908 2623 952 et
2651 899 2695 953 si
2723 898 2990 957 donamus
3028 901 3231 972 aliquid
3256 916 3463 959 sermo-

1885 983 1964 1048 ni,
2016 984 2184 1041 nolite
2232 986 2438 1043 seduci.
2494 987 2551 1044 Si
2600 998 2779 1046 autem
2826 992 2940 1048 sole
2979 993 3209 1049 clariora
3246 997 3463 1065 negotia

1885 1087 2033 1142 sunt,
2080 1078 2248 1136 nolite
2299 1080 2415 1136 tieri
2466 1082 2615 1138 ccci.
2669 1083 2857 1141 Videte
2891 1085 3177 1142 Dominum
3206 1085 3388 1142 Jesum
3428 1103 3461 1143 a

1884 1170 2114 1225 mortuis
2138 1182 2530 1243 resurgentem.
2562 1175 2756 1231 Videte
2784 1191 2909 1233 eum
2945 1178 3012 1233 ad
3041 1178 3321 1235 dexteram
3357 1177 3463 1232 Pa-

1885 1262 1985 1318 tris
2018 1277 2139 1318 cum
2171 1263 2342 1334 gloria
2383 1265 2685 1323 sedentem.
2718 1266 2923 1338 Quibus
2949 1270 3463 1342 oculisiapostolo-

1884 1366 2003 1407 rum
2042 1354 2242 1425 quippe
2272 1355 2486 1412 illorum
2526 1358 2745 1427 virtute,
2774 1360 2990 1417 illorum
3013 1362 3276 1419 scientia.
3309 1362 3459 1437 Quo-

1884 1444 2043 1500 modo
2072 1448 2306 1518 suscepti
2353 1448 2515 1504 sunt?
2540 1453 2809 1521 quomodo
2847 1453 3112 1509 creditum
3157 1450 3283 1511 est?
3322 1470 3461 1526 quo—

1884 1537 2042 1592 modo
2064 1539 2338 1596 destructa
2371 1550 2499 1597 sunt
2541 1546 2802 1599 veterna?
2839 1547 3112 1615 quomodo
3154 1544 3460 1605 introducta

1881 1643 2003 1699 qua:
2040 1630 2093 1686 in
2126 1633 2510 1703 praedicatione
2554 1645 2714 1691 erant
2747 1645 3002 1709 tanquam
3036 1638 3358 1695 inhonesta?
3392 1637 3462 1694 Et

1882 1730 2028 1777 certe
2059 1726 2225 1779 multa
2280 1735 2436 1787 erant
2464 1727 2851 1799 impedimenta
2884 1730 3024 1802 apud
3065 1746 3194 1794 eos;
3228 1744 3460 1788 consue-

1882 1811 2009 1867 tudo
2030 1828 2149 1885 quaa
2168 1817 2458 1885 putabatur
2478 1828 2654 1887 vetus,
2678 1821 2962 1893 imperium
2978 1824 3451 1890 adversariorum,

1880 1906 2129 1963 remissio
2162 1906 2521 1977 feriarum,et
2550 1927 2616 1969 ea
2651 1930 2773 1983 qua
2795 1915 3164 1986 particulatim
3197 1916 3457 1989 pradicas

1879 2007 2004 2053 sunt
2030 2017 2043 2053 :
2068 1999 2140 2056 ab
2170 2014 2236 2056 eo
2268 2013 2451 2057 autem
2493 2005 2585 2076 qui
2616 2007 3018 2077 praedicabatur
3041 2025 3198 2075 crux,
3225 2020 3283 2069 et
3312 2014 3458 2083 quod

1880 2090 1932 2145 iu
1961 2105 2028 2147 eo
2056 2102 2175 2149 erat
2227 2093 2548 2153 incredibile
2596 2107 2654 2155 et
2701 2100 2823 2156 sine
2862 2101 3089 2160 honore.
3136 2103 3455 2161 Praecouum

1879 2193 2060 2239 autem
2078 2183 2339 2255 abjectio,
2370 2187 2707 2259 ignobilitas,
2740 2194 2885 2249 nulla
2916 2194 3189 2260 doctrina,
3216 2205 3455 2269 egestas,

1881 2289 2141 2330 numerus
2166 2290 2385 2347 parvus.
2419 2280 2503 2337 Ab
2530 2280 2648 2353 ipsa
2687 2295 2870 2341 autem
2904 2286 3290 2356 pmdicatione
3315 2286 3458 2358 jeju-

1879 2364 2029 2420 nium
2072 2381 2173 2437 pro
2202 2369 2491 2437 ebrietate,
2521 2373 2783 2442 pudicitia
2831 2390 2932 2448 pro
2971 2375 3214 2443 libidine,
3252 2378 3460 2433 donare

1880 2471 1976 2513 5‘“
2011 2474 2173 2528 (luam
2222 2476 2437 2534 rapere.
2483 2464 2543 2522 Si
2578 2466 2747 2540 igitur
2796 2469 2887 2541 qui
2930 2470 3335 2542 praedicabatur
3375 2471 3461 2526 in-

1878 2550 2251 2609 credulitatem
2312 2555 2554 2614 habehat
2621 2568 2844 2631 propter
2903 2560 3278 2632 impotentiam
3336 2578 3461 2635 quae

1878 2644 2169 2712 putabatur
2190 2646 2392 2715 crucis,
2433 2658 2492 2704 et
2530 2649 2623 2719 qui
2655 2652 3028 2721 praxiicabant
3056 2654 3239 2710 omnia
3273 2654 3459 2712 incre-

1878 2733 2097 2804 dibilia;
2126 2738 2264 2805 adde
2304 2750 2487 2798 autem
2520 2751 2576 2800 et
2596 2747 3032 2816 persecutionem
3063 2748 3301 2819 ipsorum
3327 2764 3457 2805 cum

1878 2827 2218 2896 vapularent,
2257 2845 2380 2891 cum
2433 2831 2659 2903 injurias
2713 2835 3065 2904 sustinerent,
3104 2853 3229 2894 cum
3283 2838 3462 2895 reclu-

1879 2913 2135 2972 derentur
2179 2929 2237 2976 et
2285 2917 2762 2991 interﬁcerentur;
2824 2923 2873 2980 si
2915 2926 3008 2997 qui
3060 2928 3461 2998 przedicabatur

1878 3005 2202 3065 interfectus
2235 3020 2341 3078 est,
2371 3012 2465 3083 qui
2496 3014 2793 3085 pradicant
2820 3016 3245 3087 interﬁciuntur,
3268 3029 3324 3074 et
3358 3020 3456 3090 qui

1804 3116 1850 3177 ο
1880 3100 2113 3155 credunt
2157 3102 2589 3172 persecutionem
2638 3106 2930 3164 sustinent.
2978 3108 3138 3166 Unde
3170 3110 3458 3166 credituri

1880 3189 1950 3244 ab
1976 3188 2128 3262 ipso.
2164 3206 2195 3246 a
2223 3191 2338 3249 suis
2366 3195 2852 3264 pmdicatoribusi
2880 3196 2951 3254 ab
2970 3198 3057 3256 his
3081 3200 3172 3270 qui
3202 3215 3460 3270 suscepe-

1880 3281 2048 3338 runt?
2072 3280 2181 3355 Sed
2209 3298 2277 3341 ex
2312 3287 2707 3346 consuetudine
2746 3304 2868 3360 qua:
2891 3293 3167 3348 contraria
3199 3308 3457 3365 suggere.

1878 3372 2012 3429 bat?
2036 3376 2133 3431 sed
2154 3377 2226 3434 ab
2256 3378 2561 3435 acerbitate
2591 3381 2995 3451 praedicationis
3026 3384 3111 3442 cui
3138 3384 3458 3441 adversaba-

1882 3471 1970 3518 tur
2002 3466 2220 3535 requies
2241 3482 2362 3541 qua
2388 3469 2442 3524 in
2475 3467 2658 3527 Veteri
2702 3482 2824 3528 erat
2855 3472 3206 3533 Testamento
3230 3478 3459 3547 permis-

1880 3572 1940 3613 sa
1972 3558 2124 3631 (96)?
2148 3561 2243 3617 sed
2268 3577 2309 3617 ea
2331 3564 2824 3632 promissionibus?
2853 3569 3097 3624 Mortuus
3117 3578 3223 3634 est,
3256 3569 3458 3640 inquit,

1879 3650 2122 3725 quidam,
2154 3660 2211 3709 et
2256 3656 2553 3733 resurrexit
2571 3656 2896 3728 aliquando;
2928 3669 2984 3716 et
3008 3660 3311 3730 persecutio
3335 3659 3459 3731 qui-

1878 3741 2002 3798 dem
2046 3745 2257 3812 aderat,
2309 3748 2700 3815 promissiones
2744 3759 2925 3826 autem
2956 3751 3293 3807 dicebautur.
3344 3750 3457 3808 Sed

1880 3842 2040 3901 putas
2084 3845 2455 3903 provenerunt
2504 3836 2627 3905 ista,
2669 3847 2727 3894 et
2755 3834 3061 3897 suaserunt
3091 3840 3365 3912 discipuli,
3402 3852 3458 3899 et

1883 3924 2178 3980 translatus
2203 3933 2289 3982 est
2317 3927 2574 4005 mundus,
2614 3938 2670 3985 et
2698 3928 2867 3987 Judaei
2899 3932 3225 3989 cessarunt?
3252 3933 3458 4005 impos.

1881 4011 2059 4068 sibilia
2104 4013 2247 4070 facta
2279 4026 2408 4070 sunt
2447 4017 2752 4086 possibilia,
2782 4028 2839 4075 et
2881 4020 3077 4077 iterum
3107 4020 3328 4077 silentio
3354 4039 3370 4077 :
3402 4032 3461 4078 et

1880 4104 1928 4159 si
1961 4102 2187 4161 fortuitu
2231 4106 2365 4180 (97).
2399 4107 2456 4164 Si
2507 4120 2689 4166 autem
2733 4112 2986 4181 praedixit
3034 4127 3098 4169 ea
3143 4111 3304 4170 Jesus
3332 4126 3460 4171 ante

1880 4210 2119 4263 crucem,
2151 4201 2381 4270 perfecit
2417 4210 2597 4257 autem
2638 4212 2759 4273 post
2792 4218 3035 4269 crucem,
3068 4206 3201 4276 quid
3234 4222 3339 4262 nou
3371 4207 3459 4259 vi-

1880 4288 2073 4345 demus
2101 4291 2168 4345 ad
2220 4292 2412 4358 solem,
2460 4293 2550 4349 ubi
2588 4305 2643 4349 et
2691 4296 2980 4367 pmdixit?
3024 4295 3124 4353 Ubi
3154 4300 3300 4353 enim
3350 4315 3459 4356 non

1880 4379 2167 4446 praedixit?
2195 4380 2251 4437 Si
2297 4383 2422 4452 quis
2465 4393 2647 4439 autem
2677 4396 2956 4443 scrutatus
2990 4387 3153 4444 fuerit
3194 4389 3312 4459 ejus
3339 4405 3461 4447 ser-

205 4474 340 4537 gunt
385 4475 443 4521 et
482 4480 603 4536 qua:
632 4466 948 4537 loquuntur.
987 4466 1321 4526 Mentiuntur:
1352 4466 1590 4522 sacraria
1622 4482 1638 4519 :
1671 4480 1776 4519 non
1807 4471 1854 4528 Ι)
1886 4486 2092 4537 mones,
2119 4487 2227 4529 non
2265 4484 2352 4531 est
2398 4479 2516 4545 elus
2560 4491 2764 4541 sermo,
2796 4481 2849 4535 in
2878 4496 2988 4551 quo
3022 4496 3126 4538 non
3160 4494 3242 4539 est
3275 4485 3462 4540 statim

204 4574 336 4615 vera
391 4559 645 4615 dicuntur
685 4559 1120 4615 vaticinationes.
1159 4557 1467 4613 Praemissio
1514 4556 1628 4626 (94)
1659 4556 1775 4625 ipsa

204 4666 410 4707 nocens
437 4663 610 4708 etars
652 4652 875 4708 mentita
904 4663 1008 4707 est.
1035 4650 1256 4719 Templa
1295 4650 1433 4704 male
1462 4658 1774 4707 constructa

204 4749 355 4806 sunt,
378 4742 616 4798 recedite
637 4756 669 4797 a
710 4744 950 4813 paternis
978 4752 1035 4797 et
1075 4744 1278 4797 credite
1316 4740 1609 4799 Cruciiiso.
1641 4734 1774 4809 Quis

204 4843 367 4905 putas
395 4833 468 4889 ita
514 4835 787 4905 lapideum
816 4835 980 4890 habet
1007 4835 1139 4891 cori
1168 4836 1279 4897 Ego
1322 4844 1450 4906 puto
1480 4834 1603 4904 quia
1645 4844 1699 4887 et
1728 4836 1774 4888 si

207 4924 487 4998 gentilium
519 4926 757 4997 ipsorum
794 4926 1011 4998 quidem
1049 4929 1298 4984 adessent
1326 4927 1553 4998 priores,
1584 4936 1640 4981 et
1676 4924 1772 4981 Ju-

276 5064 324 5099 ⁶⁸
344 5063 535 5121 Matth.
563 5082 640 5131 tv,
664 5068 751 5124 l9.

283 5204 396 5277 (91)
434 5203 605 5261 Tanto
627 5203 970 5263 donaverunt.
994 5206 1266 5277 Forte,_Et
1289 5218 1435 5261 tanta
1456 5208 1777 5262 donaverunt

208 5275 503 5345 magistro;
532 5287 594 5330 ut
612 5289 773 5344 supra
802 5277 906 5331 col.
928 5276 1063 5332 1106
1087 5276 1149 5345 Β,
1176 5275 1364 5332 Petrus
1386 5280 1561 5332 omnia
1576 5280 1780 5332 donans

205 5348 479 5401 moistro.

563 5416 810 5488 sinsine.
849 5414 1121 5480 Fortasse,
1156 5421 1248 5471 sed
1290 5420 1335 5471 si
1365 5435 1503 5473 nunc
1529 5419 1608 5473 ita
1635 5435 1782 5488 repe-

212 5484 335 5539 tat!
364 5485 414 5539 id
434 5496 518 5559 est
541 5486 751 5559 quid_si
793 5486 897 5541 ista
922 5502 1027 5542 nou
1062 5488 1251 5555 semel,
1279 5491 1381 5544 sed.
1406 5490 1601 5543 iterum
1641 5484 1781 5559 apud

207 5555 697 5627 paganosﬁdiserit?

284 5623 565 5699 (9_5)_Qtta
592 5636 704 5679 erat
730 5625 895 5699 uirtus
918 5628 1041 5699 sine
1058 5628 1158 5682 his.
1188 5627 1350 5683 Forte
1376 5642 1491 5699 qua:
1518 5638 1630 5683 erat
1668 5630 1773 5684 vir-

209 5704 295 5749 tus
316 5695 379 5765 in,
400 5695 502 5765 his,
532 5710 727 5763 nempe
758 5696 819 5765 iu,
844 5697 1114 5765 apostolis.

282 5764 392 5831 194)
437 5762 756 5820 Ρηευιὲιεὲο.
791 5762 949 5822 Forte
983 5773 1277 5836 promissio.

1880 4574 1935 4620 et
1957 4566 2293 4634 praedicatio.
2319 4568 2627 4628 Piscatores
2654 4573 2800 4628 enim
2831 4574 3139 4631 nominavit
3167 4577 3462 4647 discipulos

1880 4669 2054 4712 suos:
2096 4658 2149 4713 in
2196 4674 2264 4715 eo
2311 4661 2441 4717 dum
2476 4676 2700 4720 vocaret
2735 4666 3053 4734 piscatores,
3101 4669 3459 4739 piseationem

1878 4749 2223 4804 annuutiavit
2281 4749 2460 4819 ipsum
2490 4753 2637 4808 enim
2685 4768 2903 4822 nomen,
2941 4755 3342 4825 praedicationis
3378 4767 3466 4815 est

1880 4842 2232 4910 nuncupatio.
2283 4842 2509 4899 Vocavit
2560 4859 2656 4901 eos
2710 4848 3009 4916 piscatores
3057 4850 3340 4905 hominum
3391 4851 3462 4906 ad

1878 4929 2108 4987 salutem
2133 4932 2202 4989 ⁸⁸.
2235 4933 2435 4992 Piscati
2461 4948 2591 4992 sunt
2619 4953 2821 4994 autem.
2850 4938 2911 4995 Si
2939 4956 3044 4996 non
3077 4951 3205 4997 sunt
3241 4942 3457 5012 piscati,

1958 5207 2071 5279 (95)
2113 5208 2212 5279 ljs.
2242 5209 2423 5264 Nolite
2452 5212 2559 5279 pati
2584 5212 2909 5265 mentientes.

1958 5226 2071 5279 tuo;
2113 5226 2212 5263 us.
2242 5226 2423 5264 metue
2488 5226 2559 5262 au
2584 5226 2889 5265 mentientes

1958 5278 2069 5349 (96)
2115 5276 2397 5349 Eermissa.
2425 5226 2585 5335 lente
2612 5283 2889 5349 promissa.

1958 5347 2071 5419 (97)
2113 5347 2182 5401 Et
2212 5351 2401 5402 iterum
2432 5347 2639 5403 silentio
2678 5368 2697 5405 :
2727 5361 2775 5405 et
2817 5353 2864 5405 si
2890 5350 3133 5419 fortuitu.
3168 5350 3453 5408 Sententia

1888 5421 2104 5475 videtur
2131 5433 2252 5474 esse
2286 5437 2299 5473 :
2328 5420 2391 5474 Et
2429 5421 2625 5474 iterum
2654 5422 2824 5485 dices,
2842 5424 2967 5489 quid
2998 5423 3041 5473 si
3067 5421 3181 5476 haec
3208 5422 3449 5487 silentio,

1889 5489 1943 5571 id
1975 5497 2060 5570 est
2086 5488 2308 5571 clamet
2342 5489 2575 5550 obscure
2594 5488 3027 5571 peractam-int?
3051 5492 3179 5571 quid
3212 5493 3254 5545 si
3283 5495 3449 5547 etiam

1890 5560 2114 5613 fortuito
2147 5568 2203 5614 et
2238 5570 2437 5613 temere
2480 5560 2859 5631 contigerunt!
2902 5560 3233 5629 RespOndet.
3275 5573 3469 5628 neque

1882 5631 2020 5683 clam
2051 5644 2171 5683 esse
2204 5638 2442 5696 peracta,
2493 5630 2619 5698 quia
2642 5629 2709 5684 ad
2733 5629 2925 5693 solem,
2962 5632 3013 5685 id
3061 5642 3146 5685 est
3191 5632 3365 5699 palam
3398 5644 3452 5688 et

1882 5700 2064 5770 aperte
2094 5708 2243 5768 gesta
2273 5710 2425 5762 sunt;
2458 5715 2633 5769 neque
2685 5699 2925 5767 iortuito,
2961 5702 3092 5770 quia,
3135 5700 3249 5759 huic
3292 5700 3451 5759 Iesus

1880 5769 2047 5824 multo
2073 5779 2199 5825 aute
2226 5770 2569 5831 praedixerat.
