4048 6322
641 343 758 398 ilil

1295 337 1566 396 EUSEBU
1600 335 2078 396 εεδΑιιιι-ικειε
2113 339 2196 396 0P

2303 339 2484 399 PARS
2519 339 2609 400 IV.
2646 371 2718 384 —
2755 336 3172 397 DOGlIA'l'ICA.

3729 332 3860 388 illi

633 454 890 510 mentitus
911 462 996 512 est
1014 459 1071 508 et
1099 460 1363 508 mortuus.
1393 451 1452 507 Si
1477 463 1658 508 autem
1683 460 1739 507 et
1772 454 2021 508 absentes
2043 467 2184 508 nunc
2210 460 2258 518 Α
2286 457 2670 522 medicabitur
2693 466 2742 510 et
2781 456 2877 508 hoc
2915 455 3055 518 quod
3083 449 3203 520 fecit
3227 453 3332 504 ista
3367 447 3434 504 ⁹¹.
3466 445 3538 502 Et
3563 458 3732 515 parva
3761 442 3849 496 illa

634 561 800 616 usque
825 546 1101 615 piseantur
1130 543 1397 607 homines,
1420 558 1596 598 nonne
1634 553 1855 613 apparet
1878 544 2004 614 quia
2035 544 2186 600 adest

633 637 723 707 qui
771 636 918 692 misit
948 636 1246 705 piscatores
1283 634 1348 688 ad
1395 634 1755 704 piscaudum?
1805 633 1871 690 Et
1916 650 2040 691 cum
2082 636 2191 692 sint

632 732 904 795 uiuentes,
936 729 1080 784 sales
1108 742 1204 784 eos
1235 727 1523 798 appellavit
1547 729 1614 786 ".
1659 728 1716 783 Si
1751 743 1857 784 non
1885 736 2192 784 statuerunt

633 829 874 878 nostram
919 819 1290 890 putredincm,
1334 818 1381 872 si
1446 834 1551 874 non
1597 819 1935 874 deterserunt
1981 829 2193 874 nostras

634 913 842 979 sordes,
873 911 917 966 si
949 925 1054 965 non
1094 909 1523 965 emundaveruut
1548 918 1762 964 nostras
1797 907 2110 979 spurcitias.
2145 907 2192 964 si

636 1020 742 1059 non
774 1004 1111 1059 immiserunt
1151 1000 1204 1056 in
1238 1002 1396 1058 nobis
1437 1014 1713 1071 saporem,
1748 1014 1854 1054 non
1900 999 2009 1055 sint
2049 999 2192 1070 quod

634 1095 762 1149 dicti
791 1103 935 1149 sunt.
971 1092 1031 1148 Si
1055 1102 1236 1150 autem
1261 1109 1291 1148 a
1319 1093 1594 1163 sporcitiis
1628 1107 1726 1147 nos
1757 1099 1812 1145 et
1842 1090 2036 1148 fmtore
2059 1092 2193 1148 lihe-

635 1195 841 1250 rarunt,
881 1193 1189 1242 statuerunt
1228 1194 1408 1240 autem
1440 1192 1656 1240 nostras
1702 1183 2051 1245 deiiuxioues.
2102 1185 2195 1240 de-

635 1287 911 1333 terserunt
945 1285 1163 1333 nostras
1196 1277 1406 1344 sordes,
1433 1277 1588 1332 suavi
1635 1288 1814 1334 autem
1849 1277 2018 1334 odore
2053 1276 2193 1348 pleni

634 1381 820 1424 sumus
852 1382 949 1438 per
979 1367 1120 1432 illos,
1151 1377 1206 1421 et
1229 1380 1416 1422 sumus
1443 1379 1569 1424 esca
1599 1365 1777 1422 divina
1811 1384 1827 1421 :
1859 1366 2194 1438 reprehendo

636 1458 1091 1528 pradicationem,
1129 1457 1174 1513 si
1215 1456 1478 1512 concedet
1521 1455 1615 1510 tibi
1647 1457 1822 1512 exitus
1861 1471 2074 1511 rerum.
2108 1455 2196 1511 Pi-

634 1560 880 1606 scatores
928 1548 1069 1605 sales
1101 1562 1196 1604 eos
1230 1547 1366 1603 dixit
1401 1555 1456 1603 et
1483 1547 1748 1602 exhibuit.
1794 1546 2034 1616 Denique
2060 1556 2114 1602 et
2142 1546 2194 1601 in

639 1640 748 1696 alia
774 1639 1155 1710 praedicatione
1177 1637 1358 1693 lumen
1377 1651 1474 1694 eos
1500 1637 1626 1693 facit
1648 1647 1704 1694 et
1724 1638 1853 1693 dicit
1887 1655 1903 1692 :
1949 1633 2050 1693 Vos
2074 1641 2196 1693 estis

634 1731 808 1786 lumen
837 1730 1102 1786 standi".
1125 1728 1434 1786 Piscatores
1459 1729 1674 1798 privati.
1699 1727 1981 1800 ignobiles,
2011 1729 2191 1800 egeni,

2285 551 2500 605 occasio
2531 547 2790 619 unguenti
2841 555 3046 601 tantam
3091 540 3521 613 magnitudinem
3560 535 3863 592 introduxit

2285 639 2690 716 predicationis
2716 657 2730 695 :
2763 648 2818 693 et
2839 639 3040 693 dictum
3071 646 3153 691 est
3181 633 3308 704 quia
3336 643 3449 689 toto
3486 631 3697 688 mundo
3725 644 3838 699 pre

2285 732 2553 788 dicabitur
2591 746 2790 787 nomen
2830 745 3029 794 meum,
3061 738 3117 784 et
3163 727 3311 782 illius
3353 722 3603 780 mulieris
3628 722 3781 775 lusus
3806 720 3867 774 in

2291 826 2612 882 memoriam
2658 825 2785 881 erit.
2813 822 2943 891 Quae
2976 821 3273 877 auctoritas
3307 819 3462 875 istius
3495 813 3690 872 vocis?
3726 811 3867 880 Quid

2288 918 2436 974 enim
2478 917 2607 973 dicit
2650 916 2742 987 qui
2779 926 3023 970 mortuus
3056 923 3140 969 est
3187 922 3311 982 post
3345 921 3580 967 mortem
3635 909 3728 964 his
3771 904 3866 976 qui

2289 1006 2689 1078 pradicarunt?
2721 1003 2878 1060 Exite
2909 1003 2979 1060 ad
3023 1004 3323 1058 uniuersam
3367 1002 3652 1056 mundum.
3697 999 3869 1061 Dixit.

2289 1107 2383 1154 aut
2423 1114 2531 1153 non
2577 1096 2750 1154 dixit?
2793 1096 2853 1152 Si
2911 1111 3017 1152 non
3071 1095 3226 1162 dixit,
3276 1095 3549 1166 quomodo
3603 1102 3870 1149 exeuntes

2292 1188 2638 1260 perfecerunt
2653 1203 2775 1259 quae
2797 1184 2994 1257 jussit?
3013 1187 3283 1259 quomodo
3299 1186 3535 1256 suspecti
3555 1194 3691 1240 sunt
3715 1183 3868 1253 (99)!

2291 1281 2562 1354 quomodo
2582 1283 2674 1352 qui
2701 1288 2948 1336 mortuus
2976 1287 3079 1347 est,
3110 1288 3353 1334 mortuus
3379 1277 3492 1334 est?
3521 1276 3549 1331 1
3557 1289 3631 1338 te.
3665 1278 3872 1339 docete,

2293 1373 2492 1444 inquit,
2521 1387 2700 1426 omnes
2730 1380 2904 1441 gestes
2925 1385 2946 1424 :
2978 1384 3013 1425 o
3044 1370 3189 1440 regia
3216 1383 3344 1430 vox,
3376 1383 3410 1422 ο
3437 1366 3682 1423 tenentis
3713 1382 3873 1420 mun-

2293 1465 2420 1520 dum
2471 1463 2790 1533 promissio!
2829 1460 2933 1528 ite,
2976 1462 3155 1516 docete
3192 1475 3368 1514 omnes
3399 1469 3599 1528 gentes.
3635 1457 3874 1525 Quantis

2295 1555 2432 1612 dicis
2466 1555 2602 1616 hac.
2633 1568 2668 1610 o
2705 1553 2966 1609 Domine?
2996 1551 3288 1606 Duodecim
3338 1549 3650 1605 hominibus
3683 1547 3755 1602 ad
3786 1547 3872 1601 i-

2295 1645 2684 1702 uumcrabiiem
2716 1644 2966 1715 populum
2993 1659 3008 1698 :
3044 1651 3095 1698 et
3124 1642 3382 1708 buptisate
3414 1657 3502 1695 eos
3531 1639 3602 1703 “,
3644 1639 3826 1709 inquit
3853 1655 3872 1704 ;

2296 1747 2352 1793 et
2377 1734 2623 1791 fecerunt
2664 1751 2785 1804 quae
2834 1727 3096 1790 videmus.
3142 1733 3338 1788 iterum
3365 1747 3498 1787 sane
3529 1743 3874 1800 comparans

637 1823 814 1880 lumen
867 1820 1050 1878 mundi
1098 1821 1365 1876 dicuntur.
1418 1818 1615 1874 Domus
1659 1819 1804 1874 enim
1855 1819 1902 1876 si
1947 1818 2194 1886 dixisset,
2226 1809 2269 1866 Β
2297 1827 2579 1900 parabam
2600 1827 2841 1898 pmdicit
2866 1843 2881 1883 ε
2911 1826 3100 1882 studt.
3117 1835 3194 1880 ar
3219 1840 3434 1894 τερκιηι
3459 1823 3744 1885 actorum,
3769 1821 3873 1878 hoc

633 1929 742 1973 non
767 1922 913 1970 esset
940 1926 1214 1984 magnum,
1243 1911 1288 1966 si
1315 1909 1399 1964 via
1434 1908 1659 1978 alicujus
1682 1923 1787 1964 nou
1809 1917 1976 1965 esset.
2006 1910 2196 1964 Adhuc

636 2007 831 2077 majus.
864 2005 1116 2062 Civitatis
1156 2003 1300 2059 enim
1331 2000 1489 2057 unius
1521 2001 1566 2058 sl
1594 2000 1836 2057 dixisset.
1867 2001 1973 2058 Sed
2010 2001 2192 2057 iumen

632 2113 729 2158 eos
760 2114 880 2156 esse
910 2113 1014 2155 non
1041 2105 1128 2154 est
1165 2095 1478 2152 incredibile
1520 2093 1757 2150 nationis
1783 2093 2008 2166 integre
2045 2111 2061 2148 :
2100 2094 2194 2149 sed

634 2192 843 2256 mundi,
895 2189 1090 2262 inquit,
1135 2189 1269 2245 estis
1301 2188 1502 2242 iumen.
1547 2185 1604 2242 Si
1653 2187 1790 2242 dixit
1834 2200 2107 2256 magnum,
2143 2192 2198 2240 et

637 2297 745 2340 nou
791 2282 918 2338 fecit
947 2280 1264 2348 maximum,
1299 2293 1432 2334 num
1467 2277 1724 2334 mentitus
1753 2285 1838 2333 est
1868 2275 2108 2346 aliquid?
2137 2273 2194 2330 Si

635 2385 814 2429 autem
846 2373 978 2428 dicit
1019 2384 1236 2441 magna,
1275 2377 1534 2439 operatur
1573 2381 1750 2424 autem
1793 2368 2020 2436 majora,
2066 2366 2196 2436 quid

637 2463 898 2521 faciemus
926 2462 993 2517 de
1019 2461 1105 2518 his
1130 2475 1250 2531 qua:
1294 2458 1582 2514 videntur?
1620 2457 1764 2512 chlt
1791 2456 1951 2512 Petro
1984 2474 1998 2511 :
2029 2455 2109 2511 Tu
2141 2473 2196 2511 es

637 2552 850 2619 Patras,
881 2562 932 2608 et
959 2568 1117 2622 super
1145 2552 1303 2605 istaut
1343 2558 1546 2620 petram
1583 2548 1857 2617 cdiﬁcubo
1897 2545 2190 2602 Ecclesium

637 2661 804 2700 nteant
835 2643 901 2697 ⁸⁸.
932 2642 1092 2699 Certe
1117 2640 1505 2698 cdilicaturum
1543 2655 1601 2696 se
1630 2638 1975 2709 promittebat
2008 2639 2197 2694 Eccle-

637 2737 773 2792 sium
819 2749 996 2789 suam.
1029 2733 1089 2788 Si
1123 2747 1226 2786 non
1255 2731 1559 2792 aediﬁcavit,
1598 2738 1845 2786 mortuus
1870 2739 1972 2784 est.
2008 2729 2066 2785 Si
2102 2745 2196 2783 au-

637 2834 744 2881 tem
773 2823 1062 2880 aediﬁcavit
1085 2821 1175 2891 qui
1212 2835 1314 2874 non
1353 2820 1503 2882 vivit,
1531 2820 1714 2874 dit-ant
1741 2820 2008 2889 quomodo
2030 2818 2196 2873 aedili-

636 2918 780 2972 cavit
826 2935 840 2971 :
891 2915 986 2971 sed
1034 2911 1342 2977 adificavit,
1394 2912 1526 2966 nihil
1575 2922 1756 2966 autem
1799 2909 2042 2965 addidit?
2100 2909 2194 2965 sed

638 3008 768 3061 dicit
785 3025 797 3062 :
817 3018 864 3061 et
884 3015 1049 3073 porta
1071 3004 1226 3072 inferi
1250 3019 1351 3058 non
1366 3001 1712 3072 prcsalebunt
1730 3002 1977 3056 adversus
1997 3016 2109 3055 eam
2123 3000 2193 3055 “.

2292 1931 2373 1975 est
2414 1919 2726 1988 pradicatlo
2782 1919 2907 1985 ista,
2958 1922 3212 1983 fermento
3255 1918 3323 1971 ⁸⁸.
3368 1915 3681 1972 Secundum
3735 1913 3874 1984 quid

2291 2010 2654 2067 fermentum?
2701 2009 2826 2080 quia
2868 2017 2925 2065 et
2973 2009 3241 2064 fermento
3276 2008 3486 2063 modico
3535 2021 3568 2061 a
3636 2006 3874 2062 muliere

2291 2099 2346 2155 in
2381 2098 2548 2154 multa
2581 2098 2958 2168 conspersioue
3013 2097 3360 2165 abscondito,
3417 2097 3594 2168 ipsum
3643 2095 3875 2166 quidem

2293 2205 2395 2246 non
2429 2192 2750 2246 obscuratur
2781 2205 2810 2244 a
2839 2192 3244 2259 conspersioue,
3270 2191 3365 2244 sed
3394 2204 3516 2244 cum
3559 2190 3634 2244 sit
3666 2201 3874 2258 parum

2294 2291 2463 2336 totum
2509 2280 2820 2344 fermentat,
2857 2291 2914 2335 et
2961 2279 3254 2335 fermentat
3304 2278 3421 2333 sine
3466 2277 3726 2345 strepitu.
3768 2275 3875 2342 ita,

2293 2371 2490 2442 inquit,
2539 2385 2658 2426 mea
2688 2370 3002 2442 praedicatio
3047 2369 3228 2424 brevis
3280 2383 3375 2438 per
3417 2368 3734 2434 duodecim,
3777 2381 3874 2436 per

2291 2465 2434 2521 istud
2487 2463 2842 2529 fermentum,
2896 2472 3035 2528 toto,
3103 2462 3314 2536 inquit,
3379 2461 3689 2531 iusparsum
3762 2473 3874 2514 non

2294 2552 2768 2613 transmutabitur,
2803 2551 2898 2606 sed
2925 2565 3140 2606 omnem
3165 2551 3420 2604 mundum
3463 2547 3769 2604 transferet
3806 2548 3875 2603 ad

2294 2646 2726 2716 religiositatem.
2787 2643 2902 2700 Hoc
2963 2644 3167 2698 dictum
3227 2649 3310 2698 est
3369 2656 3466 2711 per
3522 2639 3872 2710 parahoiam.

2292 2733 2611 2802 Praedicatio
2637 2745 2815 2790 autem
2846 2734 2989 2790 facta
3014 2743 3120 2797 est,
3165 2743 3258 2788 aut
3293 2732 3443 2786 non?
3486 2731 3541 2786 Si
3580 2731 3731 2786 facta
3761 2741 3874 2799 est,

2293 2827 2423 2898 quid
2449 2827 2699 2883 dubitas?
2729 2827 2776 2882 si
2805 2836 2982 2880 autem
3014 2841 3120 2881 nou
3151 2835 3233 2880 εει
3263 2824 3427 2889 facta,
3467 2838 3654 2894 argue.
3683 2822 3874 2877 Aliam

2295 2922 2489 2991 iterum
2540 2921 2850 2991 paraiiolam
2898 2920 3128 2974 similem
3180 2918 3306 2974 huic
3352 2916 3669 2971 introducit.
3728 2916 3874 2984 Quid

2295 2990 2438 3069 enim
2464 2990 2630 3068 dicit?
2656 3007 2845 3067 Simile
2875 3022 2951 3065 est
2987 3026 3204 3080 regnum
3241 3007 3486 3064 cmicrum
3517 3023 3685 3078 grano
3721 3007 3878 3061 sino-

638 3097 694 3153 Si
728 3113 836 3153 non
873 3096 1002 3152 moti
1028 3095 1189 3166 gladii
1217 3105 1363 3159 sunt,
1391 3103 1446 3148 et
1467 3093 1765 3158 exercitus,
1793 3103 1848 3147 et
1875 3093 2113 3165 tyranni,
2139 3101 2196 3147 et

2296 3108 2396 3175 pia,
2420 3105 2559 3176 quod
2588 3104 2788 3159 brevius
2819 3103 3027 3181 quidem
3057 3113 3131 3157 est
3159 3101 3226 3155 ub
3259 3102 3500 3156 omnibus
3527 3099 3828 3155 seminibus
3855 3113 3879 3155 .'

639 3189 801 3260 ⁸688⁸,
851 3198 906 3243 οι
936 3201 1132 3257 Pana.
1181 3196 1237 3240 θῑ
1283 3199 1452 3248 πηοηο
1503 3195 1560 3239 εί
1599 3185 1831 3240 “fici”
1880 3184 2095 3250 δοτυιηι
2142 3193 2199 3240 ει
2224 3184 2264 3202 ν
2297 3212 2412 3250 cum
2445 3207 2622 3250 au'rm
2668 3197 2908 3260 creuerit,
2940 3193 3112 3265 majus
3143 3193 3204 3264 ﬁt
3253 3193 3493 3248 omnibus
3532 3193 3773 3247 oleribus
3803 3192 3873 3247 ’⁸.

640 3279 800 3350 ignis,
827 3289 882 3333 et
911 3291 1079 3342 mare,
1121 3287 1176 3332 et
1218 3275 1388 3341 fluvii,
1420 3283 1472 3330 et
1515 3275 1694 3329 omnia
1741 3274 1901 3329 simul
1943 3275 2199 3330 adversus

640 3371 798 3426 istam
837 3369 1295 3440 praedicationem,
1329 3378 1383 3424 et
1424 3381 1519 3436 per
1556 3367 1737 3422 omnia
1773 3366 2037 3421 transiens
2065 3381 2200 3438 pra:-

639 3460 839 3515 dicatio
867 3459 1096 3515 conflata
1134 3469 1252 3525 est;
1279 3467 1332 3515 et
1354 3461 1420 3513 de
1449 3468 1618 3521 terra,
1651 3469 1706 3514 et
1734 3458 1990 3529 castigata
2015 3472 2198 3513 osten-

639 3550 786 3605 ditur
816 3551 939 3620 quia
961 3550 1119 3606 inferi
1145 3560 1202 3608 et
1235 3561 1434 3606 mortes
1464 3551 1704 3622 plurimae
1725 3567 1830 3605 non
1865 3550 2200 3607 transferunt

638 3641 849 3698 Domini
885 3643 1342 3711 pradicatiouem.
1379 3644 1436 3698 Si
1482 3659 1601 3707 non,
1633 3641 1773 3697 facta
1818 3641 2046 3697 fuissent
2075 3641 2197 3710 ista,

640 3734 778 3791 forte
828 3735 1220 3805 relinqueretur
1250 3735 1533 3791 dubitatio.
1576 3733 1631 3789 Si
1677 3744 1854 3790 autem
1889 3749 1986 3805 per
2017 3735 2198 3789 omnia

643 3836 750 3882 tota
785 3823 884 3880 ista
917 3827 1225 3896 praedicatio
1259 3836 1386 3893 stat,
1420 3827 1551 3882 vivit
1593 3827 1776 3896 utique
1807 3827 1962 3896 cujus
2004 3825 2200 3896 pracdi-

639 3923 782 3976 catio
823 3935 929 3977 non
966 3922 1248 3976 evertitur.
1290 3923 1394 3976 Sed
1426 3938 1490 3978 ex
1525 3922 1750 3977 medicis
1777 3935 1981 3992 magnae
2009 3920 2202 3990 praedi-

641 4018 884 4072 cationes
915 4027 1043 4072 sunt
1077 4017 1252 4072 facta.
1293 4016 1658 4081 Recumbebat,
1697 4015 1892 4083 inquit,
1927 4013 2199 4080 Dominus,

638 4117 688 4162 et
717 4109 853 4162 venit
897 4109 966 4161 ad
1000 4124 1116 4161 eum
1159 4108 1400 4177 quadam
1438 4106 1626 4160 mulier
1651 4105 1716 4157 “.
1755 4105 1822 4160 Et
1851 4104 1992 4174 quod
2019 4113 2203 4172 porta-

638 4197 757 4251 vit?
788 4209 1119 4269 unguentum
1173 4197 1360 4253 effudit
1405 4213 1570 4266 super
1613 4207 1773 4268 caput
1816 4197 1952 4266 ejus.
1996 4193 2201 4252 irasce-

642 4289 836 4342 bantur
857 4299 1032 4342 autem
1059 4288 1327 4356 discipuli,
1358 4288 1590 4342 scientes
1621 4286 1762 4354 quod
1799 4293 2071 4354 unguento
2097 4299 2201 4339 non

641 4379 844 4448 indiget
882 4379 1157 4449 Magister.
1193 4379 1528 4434 irascebatur
1562 4388 1738 4432 autem
1778 4386 1832 4431 et
1867 4377 2032 4430 ludas
2075 4389 2201 4445 pro-

2293 3288 2363 3344 Et
2390 3287 2701 3358 prmdicatio
2726 3287 2777 3341 in
2813 3285 3093 3341 duodecim
3119 3295 3238 3340 erat
3260 3284 3537 3352 apostolis,
3565 3292 3622 3338 et
3643 3281 3879 3338 Judais-

2298 3394 2418 3434 mus
2445 3388 2498 3434 et
2523 3379 2792 3449 gentilitas
2822 3387 2961 3433 erat.
2991 3375 3126 3432 Cum
3157 3385 3334 3431 autem
3375 3377 3564 3440 crevit,
3583 3374 3879 3445 superavit

2296 3483 2545 3543 utraque.
2590 3471 2679 3526 isti
2730 3481 2856 3525 ante
2903 3483 3118 3526 crucem
3168 3481 3444 3522 sermones
3493 3475 3658 3531 sunt,
3747 3474 3878 3533 post

2297 3578 2516 3620 crucem
2556 3573 2735 3618 autem
2771 3576 2935 3630 Opera
2977 3575 3100 3631 qua:
3140 3559 3401 3614 videmus.
3447 3557 3666 3612 interim
3701 3571 3879 3612 vene-

2299 3665 2425 3710 runt
2449 3656 2664 3726 quidem
2698 3653 2952 3724 gentiles,
2982 3661 3037 3706 et
3062 3652 3252 3706 dicunt
3274 3647 3524 3718 Philippo
3557 3667 3571 3703 :
3611 3646 3876 3702 Voluntas

2296 3747 2478 3802 Jesum
2507 3748 2680 3802 cidere
2707 3746 2778 3812 ",
2828 3754 2884 3799 et
2924 3745 3055 3798 dicit
3087 3740 3286 3798 Iesus:
3321 3739 3472 3795 Venit
3498 3743 3653 3805 hora,
3683 3742 3877 3794 crucis

2302 3841 2484 3902 timor,
2528 3852 2584 3892 ut
2614 3838 2940 3908 gloriﬁcatur
2977 3833 3150 3890 Filius
3188 3834 3410 3889 hominis
3435 3835 3499 3888 ⁸⁷.
3537 3834 3697 3898 Dicit,
3742 3832 3873 3903 quia

2298 3947 2421 3986 cum
2471 3933 2761 3985 cruciiixus
2817 3931 2975 3984 fuero
3025 3928 3382 3997 gloriﬁcabor.
3428 3925 3539 3980 Hoc
3567 3926 3727 3990 dixit,
3764 3940 3873 3980 non

2300 4025 2413 4088 fiat,
2455 4035 2510 4077 et
2542 4031 2786 4076 mortuus
2811 4031 2914 4074 est.
2953 4019 3009 4073 Si
3038 4027 3214 4072 autem
3247 4017 3492 4086 praedixit
3519 4027 3572 4069 et
3595 4031 3692 4084 per
3719 4031 3876 4070 mor-

2301 4123 2406 4170 tem
2456 4112 2704 4182 perfecit,
2751 4127 2786 4168 o
2831 4112 3066 4181 potentia
3117 4109 3331 4162 virtutis
3379 4122 3556 4177 perea
3587 4121 3711 4177 qua:
3761 4124 3870 4162 non

2299 4216 2426 4262 sunt
2469 4205 2669 4260 fortia!
2717 4204 2824 4260 Sed
2871 4201 3034 4258 nolite
3065 4199 3291 4270 fatigare
3329 4201 3395 4254 de
3437 4199 3870 4266 resurreCtione,

2299 4298 2353 4354 in
2407 4299 2496 4353 die
2531 4295 3164 4366 assumptionisaudire.
3214 4290 3502 4347 Festivitas
3545 4301 3631 4345 est
3683 4291 3866 4361 primo

2300 4391 2528 4454 animas,
2569 4400 2623 4444 et
2661 4391 2732 4444 ita
2772 4397 2985 4446 ventres
3016 4387 3116 4461 (i).
3151 4387 3334 4442 Primo
3363 4387 3523 4441 debes
3548 4385 3875 4439 condiscere

640 4478 762 4540 Ne"
796 4470 1060 4534 Γτυοῑυτηὶ
1094 4478 1148 4524 ει
1187 4470 1311 4538 ii"ia
1358 4478 1412 4524 ει
1451 4468 1776 4538 Pauperibus
1804 4469 1971 4522 dom”
2016 4467 2200 4522 ίηουτ·
2232 4479 2276 4537 D
2301 4483 2386 4539 cui
2425 4481 2640 4537 feriaris
2671 4500 2686 4550 ;
2721 4483 2898 4552 primo
2946 4484 3106 4538 debes
3138 4493 3432 4551 agnoscere
3463 4479 3587 4547 quia
3631 4477 3770 4530 vivit
3819 4475 3874 4530 it.

643 4561 838 4615 rentia.
873 4561 1129 4615 Dominus
1157 4571 1333 4615 autem
1381 4563 1446 4615 ad
1481 4563 1779 4616 irascentes
1828 4575 1843 4611 :
1890 4558 2084 4619 Nolite,
2122 4558 2204 4610 in-

641 4653 777 4719 quit,
819 4668 1062 4720 quazrere
1087 4655 1213 4722 quid
1243 4669 1343 4724 ego
1375 4655 1558 4719 velim,
1601 4655 1693 4709 sed
1723 4653 1845 4722 quis
1884 4661 1937 4705 et
1973 4666 2093 4720 quae
2122 4659 2206 4703 est

643 4743 898 4799 voluntas
922 4749 1039 4814 ejus
1069 4745 1157 4814 qui
1184 4746 1404 4801 immisit
1438 4746 1570 4816 (98).
1605 4744 1775 4799 Nolite
1803 4758 1920 4798 esse
1949 4741 2157 4796 molesti
2186 4759 2200 4795 :

643 4832 773 4890 fecit
813 4837 981 4895 enim.
1031 4837 1182 4903 Quod
1232 4848 1410 4893 autem
1463 4837 1590 4892 fecit
1633 4837 1756 4900 ista,
1809 4852 1912 4891 non
1965 4835 2200 4905 ignorat.

642 4926 976 4984 Prtenuntiat
1021 4930 1124 4984 ista
1171 4946 1344 4986 meam
1393 4940 1642 4987 mortem.
1698 4931 2010 4986 immittitur
2051 4931 2196 4984 enim

643 5018 892 5088 gentibus
923 5019 1012 5086 qui
1051 5021 1352 5075 mouiuntur
1375 5033 1722 5091 unguentum.
1757 5023 1820 5077 Et
1854 5037 1955 5075 una
1979 5021 2198 5092 quidem

644 5110 952 5178 prazdicatio
997 5113 1121 5180 quia
1168 5113 1426 5167 morietur
1462 5130 1478 5168 :
1524 5115 1615 5168 sed
1660 5114 1762 5168 ista
1799 5128 1904 5167 non
1940 5113 2010 5168 sit
2039 5115 2202 5167 mira-

645 5200 784 5254 bilis.
821 5203 981 5258 Addit
1009 5205 1154 5258 enim
1187 5224 1201 5259 :
1234 5207 1394 5260 Amen
1423 5225 1575 5260 amen
1605 5207 1720 5260 dico
1754 5208 1908 5270 vobis,
1936 5206 2057 5275 quia
2081 5221 2199 5259 cum

645 5293 988 5357 praedicatum
1032 5295 1193 5363 fuerit
1250 5313 1432 5352 nomen
1478 5313 1650 5352 meum
1706 5300 1762 5352 in
1811 5300 1951 5353 omni
1980 5300 2197 5363 mundo,

2304 4588 2410 4643 quo
2457 4573 2686 4628 habetur
2731 4589 2875 4644 spes,
2923 4584 2982 4628 ut
3020 4589 3243 4628 securus
3276 4577 3587 4626 manduces.
3622 4567 3680 4622 Si
3725 4583 3878 4623 mor-

2305 4674 2427 4718 tuus
2474 4675 2551 4718 εει
2600 4665 2688 4733 qui
2727 4665 3068 4729 adhortatur,
3118 4663 3281 4734 iugeri
3314 4670 3545 4733 oportet.
3589 4657 3649 4714 Si
3684 4669 3874 4714 autem

2305 4755 2450 4810 suasi
2504 4755 2765 4812 fuerimus
2793 4758 2917 4825 quia
2953 4757 3085 4810 vivit
3126 4766 3177 4811 et
3208 4755 3462 4820 viviﬁcat,
3483 4763 3538 4807 et
3564 4752 3608 4806 si
3643 4751 3875 4805 mandu-

2305 4847 2615 4902 caverituus
2641 4858 2694 4902 et
2740 4848 3058 4911 biberimus,
3097 4857 3151 4902 et
3190 4861 3524 4916 quaecunque
3573 4842 3676 4896 alia
3721 4841 3873 4896 fece-

2307 4934 2511 4999 rimus,
2565 4935 2617 4990 in
2665 4935 2890 5006 gloriam
2945 4937 3177 4991 viventis
3229 4934 3508 4989 iaciemus.
3565 4931 3877 4986 Suademaa

2307 5025 2468 5095 igitur
2499 5037 2554 5080 et
2600 5037 2650 5081 ut
2684 5029 2982 5096 gaudentes
3006 5029 3304 5098 epuiemur.
3350 5027 3513 5083 Putas
3543 5027 3688 5080 enim
3735 5025 3873 5094 quia

2305 5118 2479 5172 adhuc
2511 5121 2846 5175 necessarius
2883 5135 3058 5174 sermo
3095 5131 3198 5175 est.
3250 5121 3438 5175 Adhuc
3480 5120 3623 5174 enim
3672 5118 3874 5172 suade-

2305 5225 2443 5262 ntur.
2473 5207 2647 5264 Unum
2674 5213 2817 5264 enim
2867 5227 2931 5264 ex
2992 5210 3074 5264 his
3101 5227 3220 5280 quae
3247 5213 3390 5266 dicta
3425 5223 3554 5266 sunt
3592 5225 3698 5265 non
3753 5209 3876 5265 suf-

2317 5303 2429 5355 licit
2459 5311 2514 5355 et
2555 5304 2784 5372 lapidem
2816 5306 3180 5360 comminuere
3212 5322 3226 5360 :
3261 5320 3436 5358 tamen
3476 5320 3635 5358 unum
3671 5321 3736 5359 ex
3789 5307 3877 5358 bis

715 5473 756 5503 ⁸⁷
785 5475 972 5532 Matth.
1000 5491 1052 5537 v,
1095 5477 1174 5528 i3.
1254 5475 1299 5508 ³⁸
1343 5477 1470 5530 ibid.
1505 5478 1590 5530 id.
1661 5475 1705 5506 ⁸³
1736 5476 1918 5529 Matth.
1943 5492 2051 5538 xvt,
2083 5477 2168 5530 i8.
2247 5479 2292 5510 ⁹⁶
2324 5480 2449 5534 ibid.
2529 5479 2571 5510 "
2607 5479 2794 5532 Matth.
2828 5496 2977 5542 χχιιι,
3004 5481 3059 5544 6,
3084 5484 3136 5535 7.
3215 5483 3263 5514 "
3296 5483 3424 5536 ibid.
3461 5483 3549 5536 i3.
3601 5482 3650 5514 ”
3678 5479 3874 5540 Matth.

648 5557 838 5610 xxvut,
865 5544 949 5599 i9.
1050 5547 1096 5580 "
1120 5545 1303 5600 Matth.
1338 5563 1453 5610 xm,
1495 5549 1585 5602 55.
1665 5547 1706 5577 ³⁵
1739 5549 1865 5601 ibid.
1896 5549 1983 5606 5|.

876 5704 976 5766 Qui
1012 5707 1242 5759 immisit.
1277 5706 1434 5775 Forte
1463 5707 1551 5775 qui
1584 5723 1659 5758 me
1687 5707 1844 5762 misit.

716 5772 823 5834 l99)
863 5775 1094 5830 δικαιειί
1125 5788 1263 5830 sunt.
1294 5774 1395 5832 Pio
1425 5772 1643 5842 suscepti
1672 5789 1808 5831 sunt.

2057 5549 2101 5580 "
2128 5547 2282 5605 Joan.
2319 5567 2420 5614 xit,
2455 5549 2542 5603 2i.
2618 5550 2661 5580 ⁸⁷

2717 5551 2839 5604 ibid.
2872 5553 2963 5605 '23.

2377 5708 2451 5784 (i_)
2495 5707 2557 5761 Et
2593 5710 2918 5784 Numenius.
2950 5713 3208 5784 Subaudi,
3261 5730 3466 5771 curare.
3511 5715 3578 5770 Et
3619 5718 3712 5784 ita,
3736 5715 3875 5776 forte

2303 5793 2367 5833 ex
2397 5777 2582 5834 Gl‘iﬂCO
2611 5779 2700 5832 καὶ
2733 5777 2870 5845 εἶτα,
2907 5783 2958 5839 id
2987 5795 3071 5840 est
3105 5797 3148 5838 et
3173 5785 3374 5840 deinde.
