4048 6322
198 384 339 435 lli?)

1184 374 1274 429 DE
1310 370 1776 431 INCORPORALI
1813 370 1904 427 ET
1943 369 2291 429 lNVISlBlLl
2332 367 2487 427 DEO.

3318 365 3457 424 ιιη

199 502 422 555 actitata.
458 500 651 555 Omnia
680 500 826 555 enim
870 507 929 553 ut
970 498 1172 561 dicam,
1220 512 1321 553 nec
1351 495 1607 553 saeculum
1659 494 1788 550 suf-'
1804 509 1850 566 Α
1886 496 2013 563 quia
2042 494 2339 549 moriturus
2365 507 2510 558 sum,
2548 499 2605 548 et
2629 488 2915 549 exaltabor
2941 490 2996 546 in
3022 503 3261 555 crucem,
3286 492 3459 547 autin

198 589 332 645 iicit.
387 589 712 647 Mensurabo
763 605 899 645 sane
945 597 1229 645 tractatum
1261 598 1484 658 prepter
1511 600 1763 653 corpora,

199 684 421 742 propter
467 674 847 735 festivitatem,
902 681 1121 742 propter
1179 671 1550 726 refectionem.
1622 669 1772 725 Dicit

198 764 398 819 iterum
446 765 703 819 Dominus
740 782 754 819 :
791 763 1027 819 Granum
1074 764 1240 819 tritici
1272 764 1377 817 nisi
1408 764 1601 817 cadens
1631 778 1777 817 mor-

199 864 351 912 tatam
384 858 567 924 fuerit,
618 857 789 925 ipsum
836 855 1007 910 solum
1058 864 1232 910 manet
1265 855 1334 908 ’⁸.
1381 853 1452 911 Ut
1503 854 1668 909 habet
1714 868 1773 911 se

198 957 395 1003 natura
432 947 641 1002 locutus
682 955 788 1001 est.
830 945 886 1001 Si
918 945 1063 1001 enim
1095 945 1419 1000 semiustum
1452 960 1558 999 non
1585 944 1770 1011 fuerit,

200 1040 402 1094 nudum
438 1054 665 1110 granum
698 1038 953 1093 manebit.
994 1036 1052 1091 Si
1104 1046 1287 1092 autem
1314 1038 1536 1103 cadens,
1575 1038 1771 1109 inquit,

199 1127 368 1184 fuerit
418 1140 716 1193 mortuum,
746 1140 805 1185 ut
843 1138 1070 1185 testatur
1097 1144 1126 1183 a
1169 1140 1359 1185 natura
1384 1171 1401 1196 ,
1433 1131 1629 1186 multos
1657 1133 1774 1186 fru-

195 1230 325 1276 etus
366 1218 546 1277 aﬂ‘ert.
591 1222 658 1277 Et
686 1237 809 1292 ego,
846 1223 1039 1291 inquit,
1073 1225 1120 1277 si
1163 1238 1268 1277 non
1317 1221 1472 1279 fuero
1502 1234 1771 1287 mortuus,

198 1322 311 1362 non
338 1308 532 1377 colligo
574 1328 588 1365 :
627 1310 670 1364 si
725 1325 906 1365 autem
943 1312 1144 1367 cadens
1192 1314 1244 1367 in
1296 1322 1496 1368 terram
1530 1323 1774 1370 mortuus

198 1399 377 1463 fuero,
412 1403 608 1456 multos
639 1401 845 1457 fructus
872 1401 1041 1459 all'ero
1082 1404 1374 1459 secundum
1408 1420 1638 1476 granum
1672 1407 1773 1460 tri-

200 1491 318 1546 tici.
351 1491 415 1545 Et
450 1507 544 1562 per
582 1494 854 1548 modicum
886 1495 1100 1562 quidem
1131 1509 1357 1565 granum
1403 1495 1657 1567 parabola
1691 1496 1775 1552 di-

200 1593 289 1637 cta
327 1594 432 1648 est,
475 1600 770 1657 permagna
804 1596 984 1642 autem
1031 1587 1389 1641 admiratione
1432 1602 1568 1657 opus
1594 1596 1775 1642 osten-

200 1673 367 1729 ditur.
406 1674 465 1731 Si
516 1677 682 1742 enim,
737 1678 937 1746 inquit,
974 1689 1217 1733 mortuus
1270 1694 1375 1733 non
1440 1678 1613 1745 fuero,
1666 1695 1772 1735 non

198 1767 419 1837 colligo.
472 1769 773 1839 Antequam
831 1769 973 1826 enim
1025 1779 1348 1836 moreretur,
1397 1780 1454 1826 et
1506 1770 1771 1826 mirabilia

1876 584 2050 641 cuiius
2081 584 2239 656 (nihil
2273 587 2421 639 enim
2454 582 2708 655 prohibet
2738 593 2968 655 utraque
2999 583 3071 638 ita
3102 582 3377 655 intelligi),
3403 593 3461 640 et

1876 674 2091 729 traham
2132 689 2325 730 omnes
2372 675 2439 729 ad
2480 688 2567 730 me
2602 691 2618 729 :
2654 673 2795 729 dixit
2836 673 3144 730 modican
3175 674 3461 731 miremur.

1874 765 1983 819 Sed
2015 778 2273 835 magnum
2304 764 2436 833 quid
2469 763 2626 829 dixit,
2657 771 2717 818 et
2742 762 3011 817 modicum
3053 762 3222 819 fecit?
3242 765 3461 818 minua-

1875 870 1997 911 mus
2039 854 2479 909 admirationem.
2538 852 2596 908 Si
2647 863 2830 909 autem
2869 868 3121 924 magnum
3160 855 3318 920 dixit,
3352 869 3461 909 ma-

1873 960 2039 1016 gnum
2070 956 2125 1000 et
2154 944 2308 1010 fecit,
2338 953 2391 1001 et
2428 946 2530 1000 hoc
2558 959 2655 1016 per
2683 959 2923 1006 crucem.
2956 954 3013 1000 et
3041 954 3164 1015 post
3190 956 3456 1013 mortem;

1874 1036 2139 1106 pellamus
2182 1034 2579 1092 dubitationem
2631 1046 2687 1090 et
2732 1036 3092 1105 suscipiamus
3150 1037 3332 1093 iidem.
3391 1035 3459 1092 Et

1874 1127 2071 1181 iterum
2105 1128 2172 1180 ad
2209 1124 2426 1181 ludens
2450 1126 2582 1181 dicit
2608 1125 2799 1180 eadem
2834 1141 2850 1179 :
2880 1125 3034 1192 Cum,
3074 1127 3272 1197 inquit,
3310 1126 3461 1182 ecul-

1873 1218 2105 1274 tasett'tis
2142 1215 2346 1271 Filiam
2376 1216 2631 1280 hominis,
2659 1224 2785 1270 tunc
2806 1218 2977 1272 scietis
3010 1220 3135 1289 quia
3166 1234 3260 1289 ego
3289 1235 3405 1273 sum
3436 1234 3457 1273 :

1874 1321 1924 1364 et
1952 1328 1983 1363 a
2013 1326 2101 1364 me
2132 1310 2244 1378 ipsa
2271 1325 2377 1364 non
2415 1311 2555 1376 reni,
2577 1310 2669 1365 sed
2693 1327 2725 1363 a
2761 1308 2889 1378 Deo,
2920 1326 3038 1365 eum
3077 1326 3235 1378 opera
3265 1320 3458 1367 tutata

1873 1400 2067 1472 fuerint
2116 1402 2198 1454 Itis
2225 1416 2342 1471 truce
2372 1400 2491 1454 dico
2525 1400 2565 1454 ί.
2616 1399 2679 1454 ili
2715 1412 2844 1456 sum
2887 1411 3075 1472 gustus
3119 1401 3460 1471 pradicatio-

1876 1509 2002 1548 num
2047 1493 2257 1549 Domini
2302 1507 2318 1546 :
2354 1491 2511 1561 plena
2546 1500 2731 1547 autem
2770 1489 3061 1559 Evangelia
3111 1502 3240 1547 sunt
3274 1492 3460 1549 volenv

1878 1585 2024 1639 tibus
2054 1585 2191 1639 bene
2235 1584 2452 1655 degere,
2484 1582 2627 1651 pleni
2670 1582 2843 1639 Actus
2890 1583 3258 1652 apostolorum
3307 1594 3460 1651 sunt,

1875 1687 1929 1731 et
1959 1676 2215 1745 Epistulae
2245 1675 2419 1740 Pauli,
2460 1685 2516 1731 et
2552 1676 2798 1731 civitates
2844 1676 3113 1731 mirabilia
3148 1676 3251 1750 (3),
3287 1676 3461 1747 plena

1879 1777 2007 1823 sunt
2038 1768 2201 1823 urbes
2238 1768 2361 1823 lide.
2404 1767 2549 1823 Laus
2593 1768 2687 1822 uni
2724 1783 2830 1822 nun
2860 1777 2992 1823 nato
3023 1768 3154 1832 Deo.
3186 1771 3276 1840 qui
3308 1771 3462 1827 misit

200 1856 426 1925 faceret,
461 1875 563 1915 nec
604 1861 884 1915 duodecim
912 1860 1171 1932 collegit;
1228 1876 1334 1915 non
1362 1872 1775 1931 permanserunt
1808 1861 1849 1916 Β
1879 1859 2035 1915 nobis
2081 1875 2246 1913 unum
2297 1858 2467 1914 Deum
2514 1860 2848 1932 unigenitum
2902 1875 3060 1915 suum
3090 1860 3311 1927 Filium,
3366 1877 3461 1932 per

197 1951 345 2005 enim
381 1966 504 2006 cum
550 1966 635 2009 eo.
689 1953 831 2008 Dicit
872 1954 1014 2008 enim
1050 1972 1063 2008 :
1095 1954 1228 2021 Quia
1261 1952 1306 2007 si
1350 1968 1455 2007 non
1499 1968 1594 2007 ero
1627 1968 1768 2006 mor-

196 2051 345 2109 tuus,
378 2058 482 2098 non
516 2044 761 2115 colligam
788 2046 864 2115 (σὲ)
891 2058 906 2098 :
938 2043 1069 2099 Cum
1102 2054 1276 2098 autem
1309 2043 1576 2098 exaltatas
1617 2044 1769 2113 fuero

195 2145 230 2183 s
270 2142 438 2199 terra,
468 2151 645 2189 omnes
694 2137 904 2191 trahant
950 2138 1019 2190 ad
1053 2152 1133 2190 me
1161 2136 1229 2190 ".
1279 2134 1392 2189 Hoc
1436 2134 1579 2205 quod
1608 2134 1766 2197 dixit.

1880 1967 2039 2021 quem
2084 1962 2169 2008 est
2210 1952 2259 2006 ei
2296 1952 2489 2023 gloria,
2522 1957 2715 2019 honor,
2768 1954 3076 2025 imperium,
3116 1954 3372 2026 maiestas
3403 1955 3458 2009 in

1876 2041 2084 2111 Spiritu
2132 2052 2345 2109 sancto,
2382 2054 2437 2099 et
2491 2062 2659 2111 nunc.
2692 2056 2749 2103 et
2796 2061 3016 2119 semper
3045 2056 3099 2104 et
3133 2062 3231 2118 per
3272 2062 3457 2102 omnia

1875 2134 2069 2190 saecula
2099 2138 2439 2193 saeculorum.
2483 2139 2678 2194 Amen.

1150 2434 1715 2553 EUSEBII
1799 2418 2484 2551 PAMPHILI

642 2674 790 2765 DE
869 2670 1691 2768 INCORPORALI
1765 2674 1921 2763 ET
1995 2674 2647 2766 INVISIBILI
2711 2677 3010 2780 DEO.

268 3025 667 3099 Incorporalem
700 3040 820 3081 esse
848 3026 1012 3083 Deum
1038 3040 1172 3083 voce
1203 3040 1397 3096 magna
1433 3026 1759 3095 clamemus,
1794 3028 1842 3094 ο
1870 3025 1962 3097 qui
2005 3034 2059 3082 et
2099 3026 2297 3082 animis
2350 3025 2536 3081 tribuit
2578 3035 2635 3082 et
2695 3026 3210 3097 incorporalitatem.
3258 3027 3458 3088 Paulus

190 3132 252 3175 et
283 3122 334 3175 in
363 3135 592 3190 corpore
615 3120 917 3186 constituti,
941 3130 996 3174 et
1022 3136 1051 3173 a
1080 3120 1400 3196 corporibus
1432 3123 1769 3177 recedentes.

195 3209 395 3268 Vit-ent
432 3213 576 3268 enim
610 3214 803 3267 anima
839 3212 1269 3282 incorporaliter,
1299 3221 1353 3268 et
1389 3222 1511 3283 post
1543 3222 1772 3270 mortem

194 3304 590 3376 incorporalem
619 3306 714 3377 (4),
744 3316 798 3361 et
826 3306 1053 3360 necdum
1086 3320 1207 3375 quae
1232 3321 1262 3360 a
1295 3303 1406 3362 Deo
1434 3316 1617 3361 creata
1649 3316 1775 3363 sunt

199 3405 404 3451 tantam
442 3399 641 3452 habent
678 3397 1017 3468 dignitatem.
1049 3398 1164 3468 Ipse
1208 3408 1388 3455 autem
1431 3400 1521 3470 qui
1560 3415 1691 3470 pura
1723 3410 1777 3457 et

196 3489 481 3561 perspicua
507 3499 757 3561 operatus
778 3491 1279 3562 est;incurporalia
1310 3502 1463 3563 putas
1497 3496 1775 3565 operietur

196 3591 382 3636 mente
428 3582 796 3652 insipientium
845 3582 1110 3652 corpore?
1171 3582 1561 3653 Consignemus
1609 3585 1773 3654 igitur

194 3682 417 3731 nostros
463 3676 728 3746 cogitatus
772 3690 803 3729 ι
838 3675 1032 3730 divinis
1066 3675 1381 3746 Scripturis.
1436 3677 1571 3744 Quia
1628 3677 1770 3733 enim

196 3764 330 3820 inde
379 3776 662 3821 moventur
710 3767 1066 3837 quaestiones,
1114 3769 1236 3822 inde
1263 3769 1477 3824 veniant
1525 3780 1583 3825 et
1623 3771 1772 3825 solu-

198 3860 394 3914 tiones.
425 3861 616 3914 Anima
649 3860 966 3915 immortalis
1003 3870 1107 3927 est,
1134 3872 1189 3915 et
1220 3862 1495 3925 passiones
1532 3865 1774 3935 corporis

198 3966 311 4007 non
363 3954 582 4007 veniunt
626 3954 689 4006 ad
736 3968 878 4007 eam.
930 3952 1031 4009 Per
1079 3969 1199 4008 eum
1268 3955 1411 4009 enim
1465 3970 1561 4024 per
1611 3971 1771 4025 quem

195 4044 379 4098 omnia
416 4045 553 4099 facta
600 4055 746 4111 sunt,
784 4056 838 4098 et
866 4048 1058 4099 animm
1096 4056 1296 4099 creatae
1339 4057 1487 4101 sunt.
1522 4047 1639 4117 Ipse
1674 4050 1775 4104 hoc

198 4138 565 4205 pronuntiavit
610 4136 867 4191 Dominus
909 4147 962 4192 et
1006 4138 1140 4191 dixit
1184 4156 1196 4193 :
1243 4136 1423 4191 Nolite
1468 4142 1647 4194 timere
1687 4157 1773 4195 eos

192 4228 292 4297 qui
344 4232 584 4284 occidunt
636 4246 850 4294 cornus,
903 4232 1133 4285 animam
1178 4242 1352 4286 autem
1410 4248 1513 4287 non
1556 4243 1773 4303 possunt

197 4323 433 4378 occidere
487 4326 530 4377 ³.
582 4324 695 4379 Non
744 4325 878 4378 dixit
930 4323 1054 4393 quia
1104 4324 1289 4378 nolunt
1338 4327 1621 4391 occidere,
1675 4326 1768 4383 sed

196 4418 326 4487 quia
370 4432 471 4471 non
509 4426 763 4485 possunt,
808 4417 1015 4486 inquit,
1050 4418 1317 4472 occidere.
1370 4416 1590 4474 Naturae
1626 4421 1771 4475 enim

197 4509 394 4567 animae
433 4510 726 4580 potentiam
773 4510 971 4578 posuit,
1010 4517 1064 4565 et
1108 4526 1210 4564 non
1250 4511 1582 4579 propositum
1631 4512 1773 4566 deci-

196 4602 480 4672 pientium.
528 4601 583 4655 Si
624 4602 785 4672 igitur
833 4611 1030 4656 nostras
1069 4603 1285 4666 animae,
1326 4617 1444 4671 qua:
1485 4603 1536 4656 in
1578 4616 1773 4672 corpo-

197 4693 349 4747 ribus
397 4705 453 4748 et
492 4694 636 4749 circa
690 4709 913 4763 corpora
966 4694 1251 4761 habentur,
1301 4710 1588 4764 corporum
1650 4711 1773 4763 pas-

194 4787 381 4841 siones
410 4801 512 4840 non
552 4786 864 4851 admittunt,
900 4788 1063 4840 etiam
1100 4786 1227 4841 dum
1263 4787 1459 4841 adsunt
1497 4787 1548 4841 in
1580 4800 1773 4854 corpo-

196 4878 385 4940 ribus;
429 4888 632 4946 quanto
666 4880 836 4947 magis
869 4878 944 4950 (5)
977 4878 1061 4933 bis
1102 4879 1192 4949 qui
1235 4879 1517 4933 honoravit
1562 4880 1770 4935 animas

198 4970 528 5040 incorporali
579 4981 793 5037 natura,
828 4974 952 5042 ipse
989 4974 1159 5043 inagis
1187 4978 1269 5027 eet
1298 4972 1669 5042 incorporalis,
1716 4983 1770 5028 et

197 5078 304 5117 non
342 5065 414 5119 ita
455 5065 807 5133 incorporalis
851 5076 907 5119 ut
945 5066 1171 5119 animm?
1207 5064 1341 5119 Cum
1388 5066 1531 5117 enim
1574 5066 1638 5119 de
1688 5065 1770 5119 his

196 5159 528 5210 moverimus
576 5173 909 5223 sermonem,
954 5156 1453 5227 et'inquisierimus
1500 5158 1768 5227 quomodo

197 5246 554 5313 incorporalis
589 5248 658 5301 ab
716 5248 1141 5316 incorporalibus
1202 5247 1418 5314 differt;
1468 5258 1592 5302 tunc
1648 5264 1765 5302 cum

198 5336 311 5405 ipse
341 5338 478 5394 Deus
510 5340 830 5410 impertierit
855 5340 920 5395 de
951 5341 1035 5394 bis
1076 5342 1379 5410 loquemur.
1424 5340 1640 5393 Interim
1674 5354 1769 5392 att-

196 5438 307 5486 tem
340 5446 514 5488 motus
553 5444 634 5487 est
680 5448 893 5496 sermo,
920 5434 1045 5502 quia
1090 5433 1227 5488 Deus
1280 5434 1634 5501 incorporalis
1664 5443 1769 5494 est,

266 5525 312 5557 ⁸⁸
335 5520 491 5576 Joan.
540 5539 635 5587 xu,
668 5522 760 5577 94.
876 5524 919 5554 "
961 5523 1090 5577 ibid.
1148 5524 1234 5581 51.

195 5594 221 5627 ⁸
262 5593 450 5648 Matth.
487 5609 540 5655 ν,
578 5595 629 5647 8.

269 5683 349 5753 (Ξ)
387 5682 484 5737 Ms.
522 5682 687 5749 Dicit,
714 5684 838 5753 quia
891 5684 935 5737 si
969 5700 1071 5738 non
1103 5700 1192 5737 ero
1236 5694 1488 5749 mortuus,
1527 5701 1627 5738 non
1671 5686 1771 5738 cul-

198 5756 375 5825 ﬁgam.

270 5824 345 5883 (3)
387 5822 678 5879 Mirabilia.
710 5824 813 5882 Pro
843 5823 1186 5878 mirabilibus.

1326 5524 1341 5553 ¹
1382 5522 1538 5577 Joan.
1572 5538 1699 5590 vin,
1742 5523 1830 5579 28.

1875 3129 2054 3175 autem
2085 3131 2140 3176 et
2190 3121 2242 3175 in
2292 3135 2519 3191 corpore
2570 3120 2918 3187 constitutus,
2960 3132 3017 3176 et
3069 3122 3124 3177 in
3172 3137 3336 3181 carne
3366 3126 3458 3179 "vi-

1875 3229 2029 3278 vens,
2064 3228 2167 3268 non
2198 3212 2413 3269 volebat
2457 3213 2511 3267 in
2541 3227 2708 3269 carne
2746 3228 2888 3269 esse.
2933 3214 3068 3268 Dicit
3117 3215 3260 3268 enim
3291 3233 3305 3271 :
3347 3216 3463 3270 Au-

1874 3308 2003 3361 dent
2029 3308 2249 3377 quidam
2281 3314 2534 3378 putantes
2568 3321 2667 3360 nos
2698 3305 2750 3360 in
2776 3320 2940 3361 carne
2975 3306 3197 3374 vivere;
3238 3316 3293 3360 et
3328 3306 3458 3375 quia

1873 3400 2091 3455 vivebat
2124 3400 2175 3454 in
2205 3414 2391 3463 carne,
2430 3399 2578 3453 addit
2610 3416 2625 3453 :
2662 3396 2719 3452 lu
2760 3413 2922 3454 carne
2956 3398 3105 3453 enim
3147 3398 3459 3467 constituti,

1878 3509 1982 3549 non
2014 3509 2075 3547 ea
2117 3508 2239 3562 qua:
2266 3492 2451 3547 carnis
2490 3500 2617 3546 sunt
2658 3506 2948 3561 operantur
2972 3493 3015 3546 ⁸.
3053 3491 3107 3547 Si
3156 3494 3321 3563 igitur
3362 3494 3457 3563 qui

1875 3596 1992 3643 erat
2030 3586 2083 3640 in
2120 3600 2285 3640 carne
2323 3584 2663 3639 alacritatem
2698 3583 2989 3640 refundens
3038 3585 3090 3639 in
3131 3584 3323 3654 spiritu
3374 3599 3462 3638 re-

1876 3680 2018 3736 cedit
2053 3696 2082 3733 a
2121 3693 2371 3747 corpore,
2404 3686 2606 3746 quanto
2640 3678 2812 3745 magis
2851 3676 3197 3731 immaculata
3220 3687 3275 3731 et
3308 3676 3460 3729 inae-

1876 3772 2141 3828 cesaibilis
2178 3781 2232 3825 et
2271 3786 2402 3841 pura
2450 3771 2536 3824 illa
2582 3779 2772 3824 natura
2809 3769 2913 3824 hoc
2945 3770 3051 3823 erit
3089 3777 3145 3823 et
3184 3783 3458 3835 sermone,

1875 3867 2017 3937 quod
2054 3874 2137 3921 est
2182 3874 2233 3920 et
2294 3863 2532 3919 natura?
2584 3862 2856 3918 Habemus
2901 3878 3031 3919 sane
3072 3872 3127 3915 et
3175 3863 3227 3916 in
3275 3860 3459 3916 Evan-

1875 3960 2029 4029 geliis
2054 3959 2339 4028 scriptum,
2370 3958 2485 4027 ipso
2513 3954 2797 4012 Salvatore
2825 3956 3039 4010 dicente
3064 3972 3077 4009 :
3111 3954 3276 4009 Deam
3306 3970 3458 4009 nemo

1875 4051 2001 4104 vidit
2060 4066 2291 4104 unauant
2325 4048 2369 4104 δ.
2431 4047 2660 4114 Nullus,
2720 4048 2929 4119 inquit.
2984 4063 3221 4117 unquam
3277 4048 3457 4105 vidit:

1874 4160 2063 4198 omnes
2100 4158 2359 4213 personas
2391 4140 2802 4211 comprehendit
2827 4157 2842 4196 :
2872 4140 3053 4195 onmia
3096 4156 3202 4193 non
3250 4139 3453 4206 simul,

1877 4253 1982 4291 non
2018 4238 2341 4307 separatim;
2377 4250 2615 4306 unquam
2646 4233 2886 4305 potuisse
2914 4234 3099 4288 videre
3134 4231 3302 4287 Deum
3334 4236 3460 4300 pro;

1879 4330 2180 4384 nuntiavit?
2206 4330 2387 4384 omnia
2426 4330 2598 4397 spatia
2635 4329 3089 4398 comprehendit:
3126 4335 3185 4381 ut
3217 4340 3286 4382 ne
3336 4325 3459 4395 quis

1878 4422 2105 4486 diceret,
2142 4422 2416 4491 prophetis
2449 4420 2721 4490 apparuit,
2752 4429 2844 4472 aut
2876 4418 3314 4489 legislatori,_aut
3352 4416 3460 4471 alio

1877 4514 2058 4568 alicui.
2096 4512 2237 4581 Quid
2283 4513 2453 4582 ergo?
2504 4514 2835 4566 mentiuntur
2878 4509 3172 4580 Scriptura:
3204 4524 3326 4581 quae
3376 4510 3458 4563 di-

1875 4617 2043 4662 cunt:
2080 4606 2211 4660 Veni
2250 4615 2304 4659 et
2332 4605 2471 4669 vidi,
2500 4612 2554 4659 et
2585 4604 2797 4657 audivi?
2824 4601 3077 4657 Vultibus
3118 4618 3222 4655 non
3264 4612 3346 4657 est
3382 4604 3459 4656 vi-

1877 4698 2051 4752 sibilis
2086 4698 2246 4753 Deus.
2287 4697 2753 4763 Quemadmodum
2778 4710 2909 4765 ergo
2946 4694 3329 4765 agnoscibilis?
3357 4696 3458 4761 Qui

1874 4799 2053 4845 autem
2092 4792 2239 4845 solus
2278 4792 2424 4861 novit
2454 4806 2577 4845 eum
2623 4790 2715 4858 qui
2763 4804 2822 4844 se
2864 4790 3068 4856 genuit,
3102 4788 3271 4841 dicit:
3308 4785 3459 4839 Beati

1877 4886 2072 4937 mundo
2104 4886 2282 4949 corde,
2331 4886 2579 4949 quoniam
2634 4884 2734 4943 ipsi
2788 4880 2957 4936 Deum
3012 4882 3253 4934 videbunt
3299 4881 3341 4933 ⁸.
3400 4878 3457 4937 Si

1875 4979 2020 5032 enim
2068 4978 2321 5044 dixisset,
2368 4977 2514 5031 Beati
2559 4977 2650 5046 qui
2699 4976 2843 5031 acuti
2894 4984 3019 5028 sunt
3054 4972 3247 5030 oculis.
3288 4971 3440 5025 dice-

1878 5086 2059 5125 remus
2104 5072 2225 5140 quia
2276 5071 2449 5125 oculis
2513 5068 2852 5136 mancipavit
2904 5068 3103 5121 visum.
3163 5064 3217 5118 Si
3275 5074 3455 5116 autem

1880 5162 2018 5216 sicut
2046 5166 2232 5217 oculus
2262 5178 2428 5231 purus
2470 5163 2611 5216 videt
2639 5176 2761 5229 qua:
2794 5159 2959 5215 oculis
3007 5167 3133 5213 sunt
3166 5156 3455 5219 naturalia,

1878 5253 1950 5305 ita
2002 5263 2055 5306 et
2088 5254 2265 5307 anima
2326 5253 2521 5307 munda
2569 5255 2717 5308 videt
2788 5268 2907 5322 quae
2954 5260 3080 5306 sunt
3124 5266 3286 5319 supra
3335 5252 3456 5301 ani-

1878 5359 2059 5408 mam;
2095 5346 2187 5413 qui
2221 5346 2383 5401 corde
2417 5346 2650 5410 videtur,
2692 5345 2864 5399 oculis
2896 5360 2998 5399 non
3047 5343 3299 5396 videtur:
3338 5357 3457 5410 qua:

1880 5445 2059 5490 autem
2095 5439 2266 5494 oculis
2297 5440 2570 5501 videntur,
2616 5436 2899 5505 subiacent
2934 5437 3260 5491 motionibus
3306 5451 3455 5489 men-

1926 5529 1945 5558 ¹
1987 5528 2173 5583 Matth.
2214 5529 2360 5590 x38.
2450 5530 2469 5561 ³
2510 5530 2551 5584 ll
2578 5530 2700 5586 Cor.
2749 5548 2799 5599 ι,
2849 5530 2903 5587 3.
3002 5530 3024 5561 ⁸
3060 5528 3213 5584 Joan.
3273 5544 3313 5594 ι,
3364 5527 3449 5582 18.

1950 5683 2028 5748 (i)
2080 5683 2176 5737 Ms.
2218 5693 2267 5735 et
2306 5694 2417 5749 post
2468 5694 2686 5739 mortem
2734 5696 2944 5754 propter
2974 5684 3382 5748 incorporalem.

1949 5754 2021 5823 (ὃ)
2069 5754 2181 5809 ilia.
2220 5754 2321 5809 Ρη)
2344 5756 2405 5807 is.
