4048 6322
638 322 780 381 ms
1309 312 1580 376 EUSEIII
1614 309 2089 372 ωωιιειιειε
2123 307 2236 367 ΟΡΙ

2312 306 2491 369 PARS
2529 304 2621 364 IV.
2656 339 2728 353 —
2763 303 3180 364 DOGIATICA.
3754 299 3887 354 me

637 447 730 497 tis.
777 443 972 497 lterum
1011 439 1158 495 enim
1205 437 1402 494 Paulus
1437 437 1570 492 dicit
1601 455 1615 492 :
1655 435 1822 503 Qum
1873 450 2022 490 nemo
2067 432 2194 487 sidit
2222 437 2268 492 Α
2295 430 2491 486 mundo
2521 437 2660 494 erat,
2698 428 2967 498 quomodo
3001 426 3146 480 venit
3177 424 3232 478 in
3288 420 3586 477 mundum?
3617 419 3765 475 Cum
3798 436 3892 476 aa-

636 535 928 596 Itoutiuant,
957 547 1049 592 nec
1076 530 1249 585 ridere
1279 540 1442 599 potest
1467 529 1510 586 ‘.
1547 527 1683 596 Quia
1710 527 1854 584 enim
1880 534 2054 598 potest
2083 523 2198 578 ﬁeri
2299 530 2406 576 tem
2453 519 2690 576 audieris
2729 519 2854 588 quia
2888 515 3023 572 Deus
3066 514 3298 569 ambulat
3328 514 3387 568 in
3420 510 3689 582 paradiso
3716 511 3786 575 ”,
3813 512 3891 566 ita

636 642 760 681 eum
807 626 895 694 qui
952 624 1100 679 audit
1153 638 1217 678 ea
1252 637 1372 693 quat
1417 636 1524 677 non
1570 621 1717 678 videt
1761 621 2029 690 cogitare;
2074 617 2197 686 quia
2297 613 2419 669 andi
2451 620 2506 667 et
2532 611 2599 667 de
2625 609 2763 666 Filio
2801 611 2928 682 quia
2958 608 3122 664 venit.
3162 607 3304 676 Ergo
3327 613 3384 660 et
3412 619 3538 659 cum
3570 603 3827 658 audieris
3859 620 3889 658 a

640 732 744 771 non
787 718 1070 787 pervenit,
1114 727 1207 770 aut
1245 714 1544 785 prohibitus
1587 724 1689 775 est.
1737 723 1828 768 aut
1862 712 2056 767 coelum
2093 725 2196 765 non
2299 704 2607 776 propheta:
2657 701 2788 769 Quis
2835 710 2913 756 est
2968 703 3058 773 qui
3102 699 3239 754 venit
3283 716 3349 754 ea
3395 695 3572 752 Edam
3607 695 3696 750 "l
3741 696 3896 787 sicut

634 786 912 876 permisit;
959 815 1244 877 amputans
1298 820 1513 861 omnem
1562 804 1922 874 suspicionem
1969 803 2199 870 Aposto-
2298 794 2446 848 venit
2485 794 2572 862 qui
2607 795 2759 848 adest
2802 793 2854 846 in
2893 793 3120 854 mundo,
3163 791 3237 845 ita
3276 789 3425 844 venit
3470 788 3567 858 qui
3616 786 3785 842 venit
3821 801 3896 840 ex

637 900 747 964 lus,
779 911 834 955 et
864 899 1283 953 invisibilitatern
1314 897 1423 954 Deo
1461 897 1767 954 custodiens
1805 893 1946 964 quod
1975 893 2199 963 conjun-
2299 886 2490 942 Edom.
2515 885 2705 942 Vestes
2731 895 2913 939 autem
2946 883 2996 938 ei
3036 884 3230 938 rubras
3273 881 3530 951 imposuit
3563 877 3893 950 prophetia,

635 1004 782 1048 ctum
822 1002 905 1048 est
935 991 1290 1063 incorporali,
1326 1007 1432 1046 non
1463 991 1633 1045 solum
1659 988 1820 1050 dixit,
1859 1002 2007 1041 nerito
2040 987 2197 1050 sidit,
2300 993 2424 1034 cum
2453 977 2642 1033 Daniel
2672 975 2872 1031 dixerit
2901 975 3021 1030 alba
3048 989 3169 1031 esse
3203 973 3320 1043 ejus
3353 972 3720 1027 vestimenta.
3747 968 3896 1024 Iota

635 1087 732 1139 sed
771 1100 862 1137 nec
908 1084 1110 1149 sidera,
1154 1083 1356 1152 inquit,
1403 1091 1589 1151 potest.
1630 1079 1696 1134 Et
1742 1079 1883 1134 sicut
1930 1079 2199 1144 animam,
2299 1079 2478 1125 autem
2521 1068 2677 1124 nobis
2709 1067 2884 1124 fuerat
2916 1069 3020 1124 Ista
3061 1066 3284 1138 quastio
3309 1074 3366 1121 et
3397 1064 3465 1120 de
3496 1063 3761 1120 vestibus
3788 1079 3806 1116 ε
3836 1072 3897 1116 et

641 1189 748 1229 non
782 1173 905 1243 quia
934 1175 1212 1237 uolebant.
1241 1171 1336 1228 sed
1373 1163 1498 1241 quia
1539 1186 1645 1227 non
1675 1180 1923 1240 poterant
1951 1169 2202 1224 occidere
2301 1163 2349 1220 si
2384 1178 2488 1218 non
2527 1162 2716 1220 fuisset
2749 1171 2929 1228 mota,
2957 1159 3181 1218 rationis
3219 1167 3339 1216 erat
3373 1173 3479 1214 non
3519 1170 3651 1212 eam
3701 1165 3894 1211 trans-

637 1277 854 1338 propter
905 1277 1172 1330 naturam,
1221 1265 1290 1321 ita
1339 1273 1394 1320 et
1441 1265 1566 1320 istic
1599 1263 1804 1319 dictum
1849 1272 1968 1329 est,
2029 1275 2203 1332 neque
2303 1256 2403 1312 ire.
2435 1254 2825 1311 Coudiscamus
2859 1254 2986 1324 quid
3014 1251 3274 1323 estquod
3314 1249 3514 1306 dicitur
3547 1255 3747 1304 vestes
3790 1246 3896 1302 ba-

636 1356 821 1412 videre
867 1364 1127 1428 possunt:
1153 1355 1275 1425 quia
1309 1369 1415 1409 non
1453 1354 1648 1410 cmlum
1687 1341 1974 1408 obumbrat
2011 1365 2080 1407 ne
2122 1351 2205 1406 vi-
2304 1345 2433 1400 bere
2475 1342 2675 1408 Deum,
2711 1350 2768 1399 et
2807 1343 2907 1398 bas
2946 1343 3104 1398 modo
3143 1342 3357 1405 rubras.
3396 1339 3562 1396 modo
3592 1347 3792 1394 πίω
3824 1338 3901 1392 Il-

637 1448 849 1513 deatur,
879 1449 972 1504 sed
1012 1457 1207 1503 natura
1243 1461 1350 1502 non
1401 1444 1894 1516 comprehenditur.
1925 1443 1997 1502 Ut
2022 1453 2200 1499 autem
2303 1436 2420 1492 bas.
2463 1435 2577 1491 Non
2625 1435 2766 1491 enim
2796 1438 3058 1506 iactatum
3091 1433 3265 1489 dicam
3299 1433 3463 1487 Deum
3502 1431 3563 1485 in
3608 1428 3896 1495 vestibus,

637 1540 781 1597 scias
827 1539 954 1610 quia
997 1535 1194 1594 calum
1237 1551 1344 1592 non
1391 1535 1567 1608 operit
1619 1550 1713 1592 eos
1753 1550 1822 1590 ne
1854 1534 2070 1591 videant
2111 1533 2202 1604 qui
2300 1533 2367 1580 ατ
2397 1539 2538 1580 nunc
2565 1525 2782 1596 Quidam
2829 1525 2901 1579 ita
2940 1521 3147 1588 vestiri.
3181 1537 3327 1578 nunc
3366 1531 3548 1578 autem
3585 1521 3728 1587 alia,
3779 1531 3899 1576 tal-

637 1633 821 1687 videm
862 1617 965 1685 non
1007 1626 1258 1699 possum;
1302 1629 1523 1684 adverte
1565 1628 1693 1699 quid
1727 1627 1804 1682 ait
1848 1628 1968 1698 ipse
2015 1627 2199 1682 Deos;
2301 1630 2462 1687 quam
2507 1616 2822 1672 obsoletam
2872 1615 3173 1686 prioribus.
3234 1624 3327 1669 aut
3372 1629 3479 1670 non
3535 1612 3897 1668 uinulentia.

639 1720 832 1776 Nonne
855 1714 1043 1775 calam
1063 1728 1117 1774 st
1145 1724 1344 1773 terrast
1381 1732 1476 1788 ego
1506 1716 1696 1785 impleo
1715 1716 1779 1770 'l
1826 1714 2037 1771 Intuere
2074 1714 2200 1784 quia
2304 1707 2533 1776 Quidam
2563 1707 2657 1762 sed
2685 1706 2870 1762 volunt
2899 1709 3067 1761 Deum
3090 1706 3144 1761 in
3178 1704 3418 1760 vestibus
3451 1703 3736 1771 iactatum
3764 1717 3893 1759 esse

637 1811 794 1868 adest
833 1811 1072 1880 quidem,
1105 1816 1210 1866 non
1237 1809 1448 1866 videtur
1473 1820 1650 1864 autem
1686 1809 1808 1878 Quia
1842 1817 1895 1863 et
1928 1808 2098 1863 adest.
2125 1804 2201 1860 Ita
2234 1795 2279 1855 Β
2303 1806 2360 1853 et
2382 1796 2589 1852 clarum
2619 1797 2818 1863 videri,
2862 1806 3117 1866 tanquam
3168 1809 3276 1851 non
3319 1792 3549 1851 sauciat
3589 1795 3644 1850 el
3693 1803 3900 1849 natura

637 1903 835 1958 lterum
866 1901 1006 1958 idem
1036 1901 1327 1971 Apostolus
1355 1903 1422 1958 de
1452 1900 1732 1974 αυιεοηίιο
1755 1899 1893 1955 Filio
1917 1897 1993 1955 ait
2019 1923 2030 1956 ;
2059 1898 2200 1967 Qui.
2299 1903 2395 1946 sas
2424 1907 2439 1943 :
2469 1899 2526 1944 ut
2567 1903 2710 1944 none
2742 1889 2956 1959 quidem
2997 1888 3120 1944 aliis
3153 1887 3394 1944 vestibus
3436 1888 3701 1954 indutus,
3737 1888 3903 1943 nobis

637 1974 716 2051 tu
751 1995 926 2065 imago
965 1994 1246 2050 inuisibilia
1272 1991 1432 2049 oti".
1465 1991 1522 2049 Si
1549 1994 1693 2049 enim
1733 1993 1962 2048 ditlmt
2009 1991 2203 2064 lmsgl-
2301 1980 2487 2037 sedeat
2532 1979 2828 2035 secundum
2879 1977 3178 2043 Danielen.
3225 1992 3369 2034 nunc
3410 1986 3596 2033 autem
3640 1976 3783 2034 aliis
3811 1976 3900 2032 in-

639 2101 760 2140 uem
791 2094 1017 2151 tantum,
1043 2099 1408 2155 quat-oremus
1451 2085 1745 2141 secundum
1775 2084 1901 2156 quid
1938 2097 2080 2139 nunc
2108 2097 2203 2138 se-

2305 2068 2462 2126 dutu's
2488 2069 2671 2126 veniat
2705 2071 3001 2125 secundum
3043 2069 3260 2154 Isaiam.
3297 2067 3407 2124 Sed
3439 2069 3520 2123 bc
3564 2067 3709 2138 ipsa
3751 2083 3903 2139 qua-

635 2175 782 2247 cepit
831 2162 1255 2231 similitudinem.
1308 2174 1368 2232 Si
1419 2183 1598 2230 autem
1650 2175 1816 2230 addat
1867 2175 2200 2246 imaginem,
2301 2162 2502 2218 nimie:
2543 2164 2713 2235 magis
2753 2163 2907 2218 nobis
2958 2163 3382 2248 immutantur
3429 2172 3713 2218 ιιιιιιη-
3767 2160 3902 2228 Qui

635 2267 929 2324 secundum
974 2267 1103 2338 quid
1145 2266 1353 2337 accepit
1407 2265 1862 2322 similitudinem?
1911 2263 2199 2320 manifeste

2305 2254 2470 2318 enim,
2503 2252 2700 2322 inquit,
2729 2263 2805 2308 est
2835 2255 2926 2324 qui
2950 2253 3086 2308 venit
3112 2268 3180 2308 ea
3208 2249 3402 2318 Edon,
3429 2253 3745 2325 interrogat
3779 2269 3903 2326 pro-

636 2355 869 2410 dicens:
916 2353 1212 2411 Invisibilis
1249 2365 1334 2416 est
1377 2354 1558 2422 Pater,
1604 2354 1890 2414 inVisibilia
1937 2365 1992 2410 et
2032 2353 2204 2411 Filius

2302 2344 2495 2414 pheta,
2541 2345 2701 2399 rubra
2745 2346 3048 2400 aestimatio
3097 2344 3292 2400 habens
3341 2360 3409 2399 ea
3458 2343 3754 2400 Bosor"?
3797 2345 3899 2401 Ista

637 2446 836 2506 Patris.
888 2445 1040 2503 Sicut
1087 2447 1230 2503 enim
1278 2447 1333 2503 in
1380 2445 1568 2503 Genesi
1612 2447 1872 2516 scriptum
1917 2455 2004 2502 est
2030 2437 2051 2502 ι’
2091 2443 2206 2501 ι”α-
2301 2436 2446 2491 ﬁlim
2481 2435 2624 2490 illius
2659 2435 2892 2491 nationis
2923 2434 3238 2506 metropolis
3274 2443 3415 2491 erat.
3443 2434 3759 2505 Respondit
3807 2450 3904 2507 per

637 2538 837 2591 ciamus
867 2537 1127 2593 hominem
1159 2541 1228 2592 ad
1267 2537 1547 2608 imaginem
1580 2547 1629 2591 et
1662 2537 2064 2592 similitudinem
2109 2553 2205 2592 uno
2290 2533 2409 2590 ‘boc
2451 2533 2675 2604 spiritus
2723 2532 2999 2603 propheta:
3039 2532 3131 2603 qui
3187 2532 3630 2603 interrogaverat
3663 2549 3681 2587 :
3725 2532 3905 2603 magis

638 2634 804 2680 stram
825 2625 870 2690 ',
900 2635 955 2681 et
986 2630 1040 2680 in
1081 2613 1428 2696 sequentibus
1467 2625 1704 2681 ostendit
1743 2625 2038 2682 secundum
2075 2624 2208 2697 quid
2305 2635 2485 2680 autem
2525 2622 2746 2694 spiritus
2778 2624 2919 2681 Deus
2951 2634 3179 2696 utraque
3215 2623 3346 2681 facit
3375 2639 3392 2690 ;
3426 2632 3484 2695 et
3523 2624 3899 2696 interr-eguit

637 2715 1066 2771 similitudinem.
1108 2717 1200 2770 Ait
1243 2715 1428 2771 enim:
1462 2713 1536 2769 Et
1565 2716 1867 2770 dominetur
1897 2732 2057 2788 supra
2096 2729 2202 2772 ιπ-
2305 2716 2589 2786 propheta,
2630 2724 2683 2769 et
2713 2714 3002 2784 respondet
3040 2723 3102 2771 ut
3139 2714 3282 2771 Deus
3325 2730 3342 2769 :
3376 2710 3510 2785 Ego,
3544 2714 3731 2784 inquit
3753 2754 3771 2781 ,
3808 2714 3903 2785 qui

638 2823 751 2862 raat
791 2807 1033 2863 omnibus
1076 2807 1304 2874 piscibus
1354 2809 1537 2873 maris,
1566 2799 1629 2862 et'
1653 2807 1947 2862 aolatllilvaa
1977 2807 2125 2876 eali,
2154 2817 2208 2863 et
2305 2806 2490 2877 loquor
2521 2804 2791 2875 justitiam
2824 2803 2887 2861 ³⁸.
2930 2803 3060 2870 Cur,
3119 2804 3330 2875 inquit,
3373 2805 3550 2861 rubra
3607 2814 3749 2860 sunt
3797 2815 3902 2861 tu:

637 2897 954 2952 animalibus
985 2907 1139 2951 terra
1166 2895 1231 2950 ⁸⁸.
1278 2895 1346 2950 Et
1381 2896 1644 2967 accipitur
1684 2895 1980 2952 secundum
2021 2895 2210 2966 imagi-
2307 2894 2519 2952 vestes?
2550 2895 3001 2952 Dicitzforcalar
3029 2895 3228 2952 calcari
3252 2896 3488 2952 solus“.
3527 2895 3588 2952 Si
3628 2907 3900 2968 quantum

639 3002 760 3043 nem
798 3002 903 3043 non
931 2973 1200 3044 aliud’nisi
1222 2988 1313 3058 qui
1343 3003 1372 3040 a
1396 3001 1521 3054 rege
1549 2987 1659 3042 Deo
1712 2986 1964 3042 omnibus
1999 2986 2203 3042 consti-
2307 2987 2374 3042 ad
2405 2987 2609 3042 dictum
2639 2995 2878 3058 spectat,
2922 2987 3048 3056 quia
3085 2999 3366 3041 sermones
3406 2986 3562 3042 nobis
3607 2987 3903 3057 proferunt

638 3088 757 3135 tuto
789 3094 882 3134 rex
928 3079 1021 3136 lict
1050 3083 1127 3134 'et
1172 3079 1334 3134 homo
1373 3092 1562 3134 eorum
1625 3091 1744 3147 qua:
1791 3091 1956 3146 supra
2005 3086 2204 3132 terram
2237 3133 2279 3149 η
2311 3077 2513 3134 inimici
2564 3096 2581 3132 :
2626 3078 2979 3149 incorporalis
3012 3078 3268 3144 torcular,
3306 3078 3506 3148 inquit,
3548 3078 3809 3145 calcari;
3847 3087 3903 3133 et

927 3133 1242 3227 dominante
1277 3169 1384 3224 Deo
1422 3133 1669 3224 otnnibu;
1702 3169 1786 3224 his
1819 3133 1940 3239 quas
1979 3167 2108 3252 fecit
2151 3169 2206 3222 in
2233 3133 2281 3196 c
2311 3133 2455 3228 sicut
2497 3133 2797 3227 toreularia.
2847 3185 3034 3242 sparsa
3079 3167 3205 3228 sunt
3251 3133 3586 3243 vestimenta
3641 3133 3809 3242 ejus,
3846 3183 3902 3229 et

639 3259 790 3317 t-mlo"
806 3270 863 3315 et
887 3262 941 3316 in
977 3269 1143 3326 terra,
1169 3259 1532 3315 dominabitur
1559 3268 1616 3314 et
1652 3260 1813 3329 homo
1847 3258 2097 3314 omnibus
2123 3259 2210 3314 his
2311 3261 2542 3320 rubredo
2591 3263 2872 3333 quadam,
2911 3278 3016 3319 non
3063 3273 3243 3320 tamen
3289 3261 3513 3328 locatio,
3551 3271 3677 3317 erat
3723 3255 3899 3317 vcsti-

637 3365 778 3423 quos
807 3351 1130 3423 susceperit.
1160 3350 1315 3406 Sicut
1359 3352 1503 3405 enim
1546 3350 1657 3407 illic
1693 3351 1990 3406 similitudo
2017 3365 2210 3406 secun-
2311 3363 2611 3410 mentorum
2653 3355 2955 3422 naturalis,
3001 3369 3180 3426 neque
3229 3356 3321 3410 illa
3384 3368 3507 3425 qua
3541 3368 3613 3410 ex
3659 3352 3903 3409 artiﬁcio

639 3443 768 3498 dum
810 3442 1100 3519 imaginem
1156 3441 1400 3497 salvatur
1440 3441 1495 3496 in
1539 3441 1961 3496 dominationem
1981 3437 2006 3508 ς’
2045 3441 2120 3497 ita
2156 3451 2211 3506 et
2312 3444 2428 3502 lierl
2475 3447 2778 3502 consuevit.
2826 3444 2934 3502 Sed
2983 3448 3111 3519 quid
3167 3445 3365 3502 erant?
3406 3445 3756 3515 aspersiones
3794 3447 3902 3500 ati-

639 3533 763 3590 istio
802 3517 1219 3604 quod'dicitur,
1265 3533 1356 3604 qui
1393 3543 1477 3589 est
1523 3533 1699 3602 imago
1749 3528 2048 3590 invisibilis
2079 3533 2212 3602 Dei,
2308 3539 2433 3606 que.
2460 3545 2576 3591 uta
2607 3536 2862 3593 torculari
2897 3517 3016 3594 ﬁeri
3053 3537 3192 3592 solet
3223 3551 3606 3609 nonnunquam
3646 3538 3781 3594 vino
3805 3537 3896 3607 ja-

639 3626 1098 3695 ronlltetur-quia
1141 3625 1282 3680 sicut
1327 3622 1494 3682 Pater
1545 3624 1831 3680 invisibilis
1873 3633 1988 3692 est,
2040 3625 2113 3681 ita
2155 3635 2212 3681 et
2310 3637 2538 3682 ctatum.
2568 3625 2707 3695 Quid
2751 3643 2882 3701 ergo
2922 3629 2977 3684 in
3019 3629 3188 3685 Edom
3233 3629 3395 3686 habet
3428 3629 3566 3685 Deus
3615 3629 3900 3686 torcular!

641 3715 810 3773 Filius
844 3718 960 3782 Dei,
991 3719 1083 3789 qui
1126 3727 1211 3775 est
1253 3720 1432 3788 imago
1472 3716 1650 3774 Patris
1692 3719 1998 3784 invisibilis,
2031 3719 2233 3775 ἤειδε-η
2309 3719 2369 3775 Si
2399 3721 2523 3790 quis
2552 3731 2731 3777 autem
2775 3723 3067 3780 calcaverit
3112 3724 3370 3791 torcular,
3400 3723 3667 3795 justitiam
3711 3723 3896 3796 loqui-

641 3821 750 3864 tur.
777 3809 957 3881 lmago
984 3810 1128 3864 enim
1158 3810 1564 3867 similitudinem
1602 3810 1843 3899 exhibet.
1874 3811 1940 3867 Et
1973 3810 2114 3899 sicut
2141 3811 2209 3865 de
2311 3818 2417 3865 tur.
2446 3810 2506 3867 Si
2551 3821 2729 3868 autem
2769 3815 3173 3873 considerantes
3213 3817 3580 3873 invenerimus
3606 3831 3734 3888 qua:
3777 3827 3897 3874 erat

641 3900 803 3956 Patre
844 3902 1044 3957 dictum
1071 3911 1171 3966 est,
1210 3903 1318 3958 imo
1347 3904 1415 3959 ab
1443 3905 1545 3959 isto
1573 3897 1767 3960 Patre:
1799 3897 1996 3959 Caleni
2025 3913 2073 3956 et
2109 3915 2208 3960 ter-
2311 3903 2412 3958 ista
2442 3918 2598 3974 gens,
2624 3915 2680 3959 et
2707 3919 2813 3974 qua
2840 3906 3187 3964 damnatione
3216 3907 3445 3964 debitrix
3480 3909 3814 3977 habebatur,
3840 3923 3894 3967 et

641 4008 755 4047 rant
783 4009 876 4064 ego
913 3994 1101 4063 impleo
1127 3994 1192 4058 “,
1224 4003 1433 4050 etcum
1481 3995 1636 4051 adest
1670 3997 1921 4051 omnibus
1970 4013 2074 4052 non
2127 3998 2210 4052 vi-
2310 4010 2471 4065 quam
2510 3995 2803 4052 vindictam
2843 3995 2911 4053 de
2952 3996 3140 4054 eadem
3175 4000 3301 4054 le'eit
3339 3997 3514 4066 Deus,
3557 4009 3615 4055 et
3650 4014 3767 4071 quo
3811 4002 3893 4057 iu-

639 4086 841 4140 detur:
879 4085 952 4139 ita
985 4094 1040 4140 et
1068 4084 1136 4140 de
1172 4083 1309 4140 Filio
1339 4086 1542 4140 dictum
1581 4094 1700 4141 est:
1734 4084 1804 4141 In
1841 4088 2039 4141 stando
2073 4097 2209 4154 erat,
2314 4086 2650 4143 terliciuntur
2671 4086 2916 4157 judicio:
2957 4088 3312 4162 agnoseemua
3337 4092 3461 4161 quia
3494 4094 3739 4147 torcular
3775 4109 3882 4150 non

639 4183 692 4230 st
719 4177 941 4230 mandas
966 4192 1082 4230 sum
1111 4192 1213 4231 non
1239 4173 1480 4246 cognovit
1507 4177 1575 4232 ".
1601 4174 1670 4231 Et
1697 4187 1846 4233 certe
1877 4178 2010 4234 dicit
2042 4178 2214 4234 Evan-
2309 4188 2394 4236 est
2447 4179 2674 4236 torcular
2701 4220 2718 4246 ,
2763 4183 2857 4238 sed
2912 4181 3151 4238 vindicta
3199 4197 3296 4254 per
3364 4184 3702 4253 sanguinem.
3749 4185 3894 4242 Esau

641 4266 838 4338 gelium
874 4285 888 4322 :
926 4268 1051 4324 Erat
1099 4269 1272 4322 tamen
1309 4283 1488 4322 serunt
1515 4268 1578 4323 “.
1626 4267 1833 4324 Lumen
1892 4266 2072 4325 autem
2133 4271 2213 4326 vi-
2312 4280 2494 4326 autem
2539 4271 2610 4327 ob
2653 4272 2860 4328 ventris
2920 4274 3242 4329 edacitatem
3298 4275 3608 4330 dislrabeus
3663 4289 3891 4348 propter

641 4361 800 4416 detur
842 4361 1180 4416 conducibile
1209 4376 1330 4417 esse
1378 4364 1568 4422 oculis.
1617 4362 1873 4418 Naturale
1923 4365 2068 4418 enim
2123 4373 2210 4420 est
2311 4369 2557 4416 ventrem
2608 4369 2816 4416 naturae
2856 4362 3158 4432 primitias;
3199 4362 3324 4432 quia
3367 4361 3513 4416 enim
3571 4361 3677 4417 hoc
3713 4364 3890 4433 ipsum

641 4449 853 4516 lumini,
879 4463 935 4505 ut
964 4467 1059 4521 per
1093 4467 1216 4507 eum
1260 4452 1488 4508 visibilis
1528 4454 1830 4510 videantur.
1861 4452 1967 4511 Sed
2003 4457 2048 4511 si
2082 4453 2212 4510 sim-
2243 4474 2289 4530 ι)
2314 4453 2696 4509 incontinentis
2733 4462 2884 4522 erat,
2927 4468 2997 4511 ex
3036 4455 3168 4509 vitio
3212 4455 3398 4510 habuit
3436 4463 3491 4509 et
3527 4457 3889 4525 nuncupatio-

640 4543 852 4613 piiciter
889 4543 1068 4600 lmnen
1105 4545 1363 4611 dixisset,
1405 4549 1689 4618 oportebat
1731 4563 1829 4604 uos
1875 4550 1943 4604 de
1985 4549 2088 4605 hoc
2129 4549 2207 4604 lu-
2322 4559 2463 4601 nem.
2495 4544 2563 4601 Et
2599 4556 2684 4602 est
2711 4545 2878 4602 Edom
2910 4545 3054 4616 quod
3096 4547 3481 4616 interpretatur
3519 4547 3773 4603 avaritia.
3815 4547 3888 4603 Ex

643 4633 788 4690 mine
820 4636 1081 4705 suspicari
1110 4624 1334 4702 dictum,
1373 4648 1428 4694 et
1465 4641 1534 4696 de
1563 4642 1679 4697 istis
1711 4643 1900 4698 oculis.
1945 4641 2051 4698 Sed
2089 4643 2215 4713 quia

2320 4630 2426 4691 isto
2468 4635 2631 4708 igitur
2674 4636 2814 4692 Esau
2861 4636 3003 4693 iacta
3057 4647 3142 4692 est
3192 4650 3322 4706 gens
3359 4637 3735 4694 idumcorum.
3781 4638 3887 4696 ista

644 4740 750 4780 non
782 4726 1100 4795 simpliciter
1131 4728 1263 4782 dicit
1312 4729 1490 4785 iumen
1519 4749 1535 4785 :
1569 4734 1664 4790 sed
1704 4745 1848 4801 erat,
1893 4735 2099 4807 inquit,
2131 4735 2215 4790 ιιι-
2319 4739 2484 4795 εθηε,
2519 4727 2644 4795 quia
2693 4736 2748 4782 ei
2785 4726 2927 4782 Εδιιι
2968 4737 3088 4782 cf"
3133 4726 3300 4784 ΐηιθτ
3341 4726 3529 4795 ιιοοδ,
3558 4727 3750 4798 utique
3799 4734 3890 4784 d6-

642 4835 759 4874 aten
790 4837 964 4875 verum
990 4820 1072 4874 “:
1116 4821 1266 4893 pellit
1298 4823 1437 4877 istud
1472 4821 1650 4879 lumen
1690 4828 1831 4895 quod
1875 4841 2059 4882 verum
2107 4843 2212 4882 nou
2318 4816 2434 4870 διιίι
2469 4817 2727 4887 aqualem
2769 4817 3065 4873 ῐηιθηηω
3093 4820 3381 4888 quamdam
3423 4819 3762 4876 Neci-follem
3791 4823 3885 4877 ha-

641 4921 745 4966 est.
795 4909 925 4964 Erat
974 4910 1148 4966 (uinea
1183 4928 1358 4966 uram
1402 4913 1609 4968 ueniens
1653 4913 1710 4968 in
1755 4914 1891 4970 hunc
1935 4918 2210 4971 mundam.

2316 4907 2444 4962 bere
2484 4910 2553 4962 ad
2597 4908 2872 4979 pupulum.
2919 4907 3022 4976 Qui
3069 4921 3192 4965 cum
3242 4925 3348 4966 non
3395 4911 3657 4977 haberet,
3704 4913 3883 4969 incre-

642 5001 777 5067 Quia
816 5002 962 5056 enim
997 5003 1133 5058 dixit
1160 5005 1394 5070 ueniens,
1423 5005 1658 5075 suspicio
1685 5015 1802 5062 erat
1830 5008 1954 5077 quia
1989 5009 2212 5065 veniens
2316 5006 2477 5066 PN"
2502 4996 2552 5051 ei
2591 5013 2622 5051 ³
2654 4997 2765 5054 θθο
2793 5000 2921 5068 qui.
2950 5012 3059 5053 non
3096 5000 3338 5055 “nam
3371 5010 3587 5070 Ρδοωω
3627 5001 3884 5058 “ﬂemi-

644 5091 877 5145 uondum
908 5088 1218 5148 advenerat.
1245 5091 1492 5149 lucidens
1536 5104 1715 5150 autem
1757 5098 2019 5152 sermonis
2058 5097 2208 5154 inﬁr-

2317 5081 2446 5144 tatis
2498 5091 2566 5144 ad
2617 5091 2896 5159 populum.
2953 5089 3092 5158 Quid
3146 5105 3278 5162 ergo
3325 5091 3702 5160 prevaricavit
3753 5108 3878 5149 con-

643 5183 881 5238 mitatem
915 5185 1255 5242 confirmavit
1283 5187 1479 5242 mentis
1523 5186 1870 5244 intellectum.
1899 5190 2032 5256 Quia
2060 5193 2206 5246 enim
2314 5182 2538 5238 δοίθιιιίει
2570 5183 2638 5237 δά
2671 5183 2916 5248 fratrem,
2941 5193 2995 5240 ei
3021 5185 3198 5239 οϊειίι
3221 5183 3456 5254 indico“!
3496 5184 3757 5239 δάνοηυε
3785 5185 3885 5241 se?

641 5273 808 5340 dixit,
859 5273 990 5329 Erat
1037 5276 1212 5331 lumen
1264 5292 1453 5332 verum
1500 5279 1722 5333 veniens
1762 5280 1813 5332 in
1861 5280 2001 5334 hunc
2049 5297 2208 5335 mun-

2315 5271 2582 5343 Propbeta
2617 5283 2796 5328 autem
2841 5276 3141 5346 praevidens
3172 5274 3412 5332 iuturum
3451 5277 3519 5333 de
3557 5277 3762 5333 eisdem
3800 5279 3883 5349 ju-

642 5362 769 5415 dum
809 5379 825 5417 :
867 5373 925 5417 ut
966 5379 1070 5418 non
1119 5373 1365 5442 putares,
1411 5369 1537 5438 quia
1583 5383 1686 5422 non
1735 5368 1920 5423 aderat
1965 5386 2204 5441 praesens
2312 5373 2510 5427 dicium
2547 5381 2605 5426 et
2643 5371 2959 5439 vindictam,
2990 5382 3048 5428 ut
3091 5373 3350 5428 lsraelilaa
3385 5374 3453 5430 de
3479 5371 3730 5430 ldumeis
3772 5379 3881 5432 via-

643 5463 929 5521 antequam
978 5459 1219 5523 veniret,
1261 5469 1320 5512 ut
1351 5460 1550 5515 dicitur
1583 5474 1613 5514 a
1658 5461 2004 5529 quibusdam,
2052 5464 2200 5519 addit
2308 5462 2641 5528 dicerentur,
2669 5470 2956 5531 antequam
2986 5462 3143 5520 ﬂeret
3167 5464 3402 5520 vindicta
3428 5463 3879 5536 videtjudicium,

640 5544 917 5614 corrigens
961 5561 1301 5605 sermonem:
1331 5549 1399 5605 In
1444 5549 1643 5606 mando
1679 5563 1811 5608 erat.
1845 5552 1902 5609 Si
1939 5555 2104 5625 igitur
2138 5555 2193 5611 in
2299 5555 2524 5614 etdicit
2565 5568 2582 5609 :
2642 5553 2777 5622 Quis
2807 5564 2883 5611 est
2935 5555 3030 5626 qui
3069 5557 3201 5613 venit
3252 5573 3316 5613 ss
3361 5555 3583 5614 Edent?
3621 5557 3692 5614 Et
3741 5571 3880 5617 certa

713 5701 790 5783 ‘_l
837 5701 945 5758 I‘im
977 5722 1065 5783 _v__|.
1101 5708 1185 5783 lii.
1218 5777 1250 5783 __
1273 5708 1477 5783 _'_.|i_ter.
1507 5726 1669 5775 astu,
1710 5711 1800 5767 2L
1875 5715 1896 5745 ⁸
1934 5715 2138 5770 Coloss.
2171 5730 2212 5782 ι,
2253 5715 2311 5772 15

2171 5730 2212 5782 ι,
2253 5715 2338 5772 15.
2415 5716 2437 5748 ⁹
2475 5715 2614 5773 Gen.
2652 5733 2707 5783 ι,
2745 5718 2836 5774 26.
2924 5717 2967 5748 ⁸⁸
3007 5718 3136 5775 ibid.
3217 5717 3256 5751 "
3298 5717 3406 5775 Jer.
3451 5733 3627 5782 xxnl,
3671 5716 3761 5774 24.

644 5774 685 5813 ι’
722 5771 876 5829 Joun.
905 5791 942 5841 I,
974 5777 1057 5830 l0.
1136 5779 1177 5810 "
1217 5777 1343 5836 ibid.
1361 5781 1416 5836 9.
1495 5783 1535 5814 ³⁵
1575 5771 1705 5838 ibid.
1783 5785 1825 5815 ¹⁹
1865 5783 1998 5842 ch.
2027 5800 2107 5854 ill,
2143 5771 2210 5842 εἰ
2268 5771 2319 5819 7“
2356 5787 2460 5844 lsa.
2491 5771 2642 5857 thu,
2678 5771 2723 5844 ί.
2752 5771 2845 5828 Γ¹⁴¹
2887 5771 3051 5847 ιδίαῖ
3096 5771 3138 5824 ⁸⁸
3177 5771 3315 5845 ibid;
3339 5771 3401 5846 δέ
3452 5771 3685 5846 Vibii].
