4048 6322
201 356 345 410 1117

1204 348 1292 401 DE
1332 345 1800 402 INCOBPORALI
1838 338 1931 397 ET
1970 339 2317 398 lNVlSlBlLI
2345 338 2502 396 DEO.

3352 333 3494 392 1118

199 483 471 543 quantum
527 472 593 525 ad
640 483 752 525 rent
800 468 1030 524 necdum
1076 466 1181 523 hoc
1220 468 1444 522 scierat.
1492 464 1549 521 Si
1610 473 1793 519 autem
1822 462 1870 522 Α
1900 477 2097 531 capere
2151 462 2340 517 volunt
2384 457 2712 529 strepitibus
2756 456 3084 527 quibusdam
3132 463 3188 508 et
3232 456 3401 521 sonis,
3436 464 3495 511 et

200 566 437 622 necdum
470 562 616 618 facto
646 561 854 629 judicio
896 572 1154 629 tanquam
1187 558 1301 626 jam
1342 557 1582 622 fecisset,
1610 564 1664 611 et
1706 569 1797 610 ve-

200 656 326 712 nire
358 656 575 711 videtur
614 667 737 707 cum
782 650 984 707 dicitur
1024 664 1317 719 apparere,
1356 648 1585 702 necdum
1631 659 1798 714 appa-

201 758 313 815 ret,
345 761 454 801 non
498 743 623 814 quia
663 750 888 812 apparet
929 750 1218 810 antequam
1252 739 1444 795 .vcniat
1474 752 1543 792 ex
1576 736 1744 791 Edom
1775 751 1791 802 ;

200 842 323 896 viso
359 839 503 894 enim
540 850 645 890 non
678 834 892 889 videtur
917 832 1009 903 qui
1057 831 1321 900 pravenit
1353 830 1616 885 visionem
1637 867 1653 891 ,
1704 841 1799 881 ne-

200 946 313 1001 que
341 929 665 984 vestimenta
699 927 884 992 habet,
912 922 1097 995 qualia
1132 921 1386 992 apparuit
1415 920 1619 975 habens
1648 937 1661 974 :
1700 918 1795 973 sed

197 1024 331 1093 quia
367 1020 482 1075 vult
513 1012 678 1075 veluti
724 1018 937 1089 aspergi
984 1032 1077 1071 sua
1108 1015 1430 1070 vestimenta
1474 1027 1503 1065 a
1537 1010 1800 1080 sanguine

196 1130 389 1170 eorum
418 1115 511 1184 qui
545 1110 694 1182 digni
739 1121 867 1166 sunt
907 1118 1106 1165 morte.
1142 1106 1258 1162 Non
1307 1105 1454 1161 enim
1491 1104 1558 1158 ad
1600 1103 1796 1159 caelum

201 1204 592 1259 transmittitur
645 1189 1091 1257 interiicientium
1146 1197 1409 1269 sanguis,
1449 1196 1545 1250 sed
1583 1209 1652 1249 ex
1697 1194 1801 1249 hoc

199 1293 441 1348 maxime
480 1292 793 1362 agnoscitur
824 1287 950 1358 quia
999 1283 1361 1356 incorporalis
1405 1290 1490 1337 est
1530 1278 1707 1345 Deus,
1744 1286 1801 1334 et

198 1382 547 1439 vestimentis
589 1396 697 1436 non
746 1379 973 1447 indiget.
1020 1376 1159 1444 Quia
1197 1388 1320 1445 quae
1367 1380 1594 1442 apparet
1637 1370 1798 1425 indu-

198 1483 317 1539 tus,
343 1471 664 1545 signiﬁcatio
697 1480 783 1526 est
814 1468 984 1538 magis
1015 1465 1316 1532 cﬂicientia;
1345 1480 1507 1534 quam
1539 1462 1801 1517 exhibitio

197 1574 433 1623 natum.
472 1564 609 1619 Cum
656 1562 867 1632 judicat
898 1560 1064 1615 habet
1106 1565 1325 1621 sedem,
1365 1564 1421 1610 et
1463 1553 1554 1625 qui
1592 1552 1802 1625 judicat

196 1658 499 1724 mundum,
549 1654 702 1709 albas
743 1653 861 1722 ejus
910 1664 1032 1706 esse
1083 1660 1262 1705 vestes
1314 1645 1595 1715 Scriptura
1646 1642 1798 1700 dicit.

1905 554 2267 625 thymiamate
2298 552 2549 608 volantes
2576 550 2862 623 detinent:
2888 550 2964 603 ita
2995 557 3049 603 et
3086 547 3347 602 immundi
3389 548 3498 616 spi-

1900 648 2043 703 ritus
2078 648 2227 702 circa
2258 645 2536 702 immunda
2579 652 2871 715 vagantur,
2910 653 2966 699 et
2994 651 3244 713 quarunt
3266 658 3373 697 non
3400 642 3496 698 ubi

1903 754 2073 810 purus
2109 748 2193 794 est
2240 736 2361 805 ﬂos,
2416 738 2513 793 sed
2561 736 2650 791 ubi
2704 734 3126 797 contaminatio.
3159 733 3249 789 ubi
3295 734 3496 790 fabula

1901 831 2223 895 mendaces,
2275 830 2369 885 ubi
2404 830 2581 901 imago
2633 827 2768 883 false
2800 829 3051 899 figurata,
3082 826 3172 881 ubi
3223 826 3493 882 sacrificia

1901 922 2195 989 malitiosa,
2240 922 2332 976 ubi
2372 922 2630 976 mulieres
2672 921 2981 991 impudice,
3025 919 3116 974 ubi
3159 920 3261 973 viri
3311 912 3494 995 incisi,

1900 1013 1993 1068 ubi
2026 1012 2112 1067 dei
2145 1012 2379 1074 adulteri
2414 1012 2516 1082 (7),
2555 1012 2648 1066 ubi
2679 1011 2794 1067 dea:
2836 1009 3199 1073 fornicantes,
3234 1009 3324 1064 ubi
3367 1024 3498 1063 san-

1899 1104 2023 1175 guis
2069 1112 2123 1159 et
2139 1104 2384 1174 pollutio,
2413 1103 2503 1157 ubi
2537 1103 2704 1169 tibiae,
2737 1102 2829 1157 ubi
2860 1101 3101 1166 saltatio,
3129 1101 3221 1155 ubi
3254 1100 3493 1164 nuditas,

1901 1196 1991 1252 ubi
2023 1197 2205 1251 omnis
2238 1196 2539 1266 turpitudo.
2570 1194 2631 1250 in
2679 1195 2985 1250 istiusmodi
3030 1194 3299 1249 immundi
3332 1195 3495 1265 spiri-

1903 1296 1989 1343 tus
2017 1288 2386 1359 requiescunt.
2416 1287 2473 1344 Si
2507 1298 2696 1344 autem
2732 1288 2936 1345 viderit
2962 1286 3203 1359 aliquem
3232 1288 3286 1343 in
3304 1286 3495 1343 habitu

1899 1382 2097 1452 pudico
2140 1392 2198 1437 et
2236 1382 2495 1451 honesto,
2523 1383 2775 1437 indutum
2812 1395 2936 1436 esse
2964 1381 3255 1445 Dominum
3282 1379 3497 1443 Jesum,

1900 1472 2087 1528 statim
2134 1471 2300 1536 dicit;
2350 1487 2474 1541 qua:
2523 1471 2660 1527 dicit
2729 1470 3036 1540 permitte:
3068 1471 3199 1541 quid
3242 1470 3399 1527 nobis
3440 1478 3499 1525 et

1903 1564 2040 1620 tibi?
2081 1562 2199 1619 Non
2241 1573 2325 1619 est
2361 1573 2549 1635 aptum
2592 1564 2776 1618 lumen
2819 1563 2906 1619 his
2935 1564 3030 1634 qui
3065 1563 3178 1618 laesi
3215 1574 3343 1619 sunt
3364 1580 3502 1633 ocu-

1900 1656 2019 1723 iis;
2052 1657 2120 1713 ad
2154 1656 2411 1712 tenebras
2440 1657 2588 1712 enim
2611 1664 3029 1721 convertentur,
3060 1657 3315 1722 tenebras
3351 1656 3498 1712 inse-

194 1748 339 1808 Cutn
390 1756 573 1804 autem
627 1747 826 1802 iterum
874 1742 1119 1798 vindicta
1168 1741 1494 1813 completur,
1530 1750 1789 1809 tanquam
1823 1812 1862 1820 _
1902 1758 2161 1820 quentur,
2190 1749 2245 1803 in
2286 1746 2534 1803 tenebris
2579 1747 2956 1818 requiescunt.
2990 1746 3125 1804 Cum
3159 1756 3338 1803 autem
3383 1748 3498 1818 spi-

198 1841 515 1914 regrediens
544 1839 711 1894 rubra
752 1839 875 1910 ejus
902 1837 1036 1894 dicit
1078 1851 1200 1907 qua!
1245 1812 1354 1890 tum
1404 1841 1564 1889 erant
1595 1833 1789 1897 rubra.
1821 1812 1866 1868 Β
1896 1812 2039 1897 ritus
2063 1812 2379 1895 immundus
2404 1812 2691 1908 quaesierin
2727 1840 2781 1893 in
2817 1838 3051 1895 desertis
3079 1849 3137 1894 et
3168 1840 3336 1895 aridis
3362 1812 3498 1896 locis

194 1946 260 1990 et
286 1935 611 1991 vestimenta
652 1946 773 2003 quas
820 1948 927 1987 non
960 1937 1119 1986 erant
1150 1928 1474 1983 vestimenta
1513 1941 1527 1979 :
1566 1932 1627 1979 ut
1669 1931 1798 1979 ante

194 2028 412 2083 audiret
457 2026 684 2098 populus
728 2026 855 2096 quia
896 2021 1188 2078 vindictam
1247 2018 1401 2074 facit.
1453 2017 1567 2087 Ego
1613 2023 1796 2071 autem

197 2119 489 2174 audiebam
537 2117 861 2187 prophetam
925 2114 1191 2169 dicentem
1243 2125 1348 2165 non
1396 2108 1463 2164 de
1501 2106 1612 2163 Deo
1656 2106 1795 2171 solo,

199 2211 302 2267 sed
343 2218 397 2267 et
440 2210 508 2265 de
543 2210 848 2273 sacerdote,
893 2206 1079 2263 nescio
1123 2217 1252 2275 quo,
1283 2202 1375 2273 qui
1408 2201 1633 2257 indutus
1680 2205 1800 2263 erat

198 2304 522 2362 vestimenta
554 2303 695 2359 sicut
724 2300 998 2357 induimur
1039 2308 1096 2354 et
1132 2312 1251 2353 nos.
1282 2296 1413 2363 Qua:
1454 2303 1635 2347 autem
1663 2289 1801 2345 vidit

196 2395 471 2467 propheta
507 2393 856 2457 vestimenta,
889 2398 945 2446 et
981 2403 1102 2460 qua:
1147 2383 1457 2442 immutavit
1495 2381 1757 2437 visionem
1780 2418 1797 2444 ,

200 2502 311 2543 non
359 2493 485 2543 sunt
530 2485 635 2545 ista
692 2484 1017 2540 vestimenta
1071 2494 1193 2551 quae
1228 2493 1329 2534 nos
1386 2476 1686 2534 induimur.
1736 2472 1798 2528 Si

198 2591 382 2634 autem
427 2581 517 2648 qui
564 2574 805 2633 induitur
850 2574 955 2630 ista
1008 2572 1331 2629 vestimenta
1374 2571 1539 2627 homo
1579 2566 1799 2637 conspi-

198 2672 347 2729 citur
397 2671 620 2727 indutus
672 2678 731 2726 et
790 2678 1041 2733 mutans,
1091 2675 1149 2723 et
1203 2663 1512 2735 patiebatur
1575 2662 1795 2733 quidem

200 2767 297 2826 ille
335 2765 467 2822 nihil
507 2780 697 2821 eorum
738 2778 862 2834 quae
902 2763 1041 2817 vidit
1083 2760 1379 2831 propheta,
1429 2756 1574 2814 facta
1616 2767 1798 2812 autem

199 2872 364 2925 sunt,
402 2873 521 2930 qua:
558 2856 705 2912 videt
740 2856 1003 2926 propheta
1048 2851 1125 2923 (6)
1160 2872 1173 2907 :
1220 2852 1264 2907 si
1308 2851 1374 2906 de
1420 2848 1640 2904 homine
1674 2846 1797 2911 ista,

199 2961 411 3024 quanto
441 2950 614 3021 magis
652 2950 719 3006 de
774 2946 932 3003 Deci
996 2945 1202 3001 Dicitur
1251 2943 1306 2999 in
1368 2941 1633 2997 Zacharia
1674 2956 1800 3011 pru-

198 3047 405 3116 pheta:
444 3043 687 3099 Ostendit
718 3042 853 3098 mihi
897 3038 1041 3095 Deus
1083 3038 1271 3094 Jesum
1316 3052 1582 3092 sumntum
1620 3051 1797 3089 sacer-

1900 1932 2142 2001 requiem
2172 1940 2227 1987 et
2258 1946 2364 1987 non
2390 1930 2680 1997 inveni-rit,
2716 1933 2924 1988 exierat
2946 1932 3095 1996 enim
3119 1933 3190 1987 ab
3227 1933 3446 1988 homine
3479 1949 3496 1987 :

1900 2022 2156 2089 Redeunt,
2185 2024 2388 2094 inquit,
2412 2025 2482 2078 ad
2524 2025 2735 2078 domum
2768 2041 2937 2079 nteant
2963 2026 3102 2080 unde
3125 2026 3263 2081 exiri
3282 2026 3349 2080 ⁸⁸.
3384 2024 3498 2082 Do-

1899 2129 2049 2179 mum
2104 2130 2259 2171 suam
2321 2125 2482 2170 vocat
2526 2130 2676 2179 eum,
2701 2117 2795 2185 qui
2830 2116 3069 2171 voluerit
3126 2118 3322 2172 domus
3374 2130 3501 2175 esse

1898 2207 2039 2279 ejus.
2077 2204 2138 2263 Si
2172 2214 2356 2262 autem
2390 2205 2635 2273 redierit,
2666 2205 2864 2276 inquit,
2892 2206 3119 2275 spiritus
3152 2206 3491 2274 immundus.

1897 2310 1955 2355 et
1991 2283 2259 2355 invenerit
2312 2298 2592 2354 hominem
2654 2298 2805 2353 illum
2866 2311 3117 2369 paratum
3170 2299 3321 2355 sibi:
3366 2301 3497 2371 quia

1897 2393 2043 2446 enim
2076 2392 2214 2447 vidit
2249 2393 2489 2463 spatium
2541 2392 2598 2446 in
2655 2391 2824 2458 malo,
2868 2406 2977 2446 non
3028 2392 3147 2447 vult
3195 2391 3309 2461 jam
3348 2393 3503 2449 solus

1899 2485 2171 2552 habitare,
2201 2488 2297 2542 sed
2324 2485 2473 2541 vadit
2506 2494 2562 2542 et
2588 2484 2826 2541 assumit
2850 2483 2992 2542 alios
3016 2494 3229 2557 septem
3268 2486 3501 2558 spiritus

1898 2576 2003 2635 sibi
2050 2568 2367 2649 nequiores,
2403 2591 2459 2633 et
2508 2578 2728 2647 octuplo
2778 2578 3047 2650 quantum
3085 2577 3155 2633 ad
3203 2591 3499 2632 numerum

1899 2670 2027 2741 quia
2059 2670 2275 2741 pejores
2307 2670 2561 2726 assumit.
2600 2669 2717 2725 Non
2749 2672 2895 2727 enim
2924 2680 3192 2739 quantum
3235 2683 3502 2726 numerus

1900 2763 2250 2834 multiplicat,
2280 2772 2493 2818 tantum
2525 2763 2703 2819 solum
2736 2772 2791 2820 et
2820 2764 3028 2820 malitia
3063 2764 3233 2822 addit.
3265 2762 3343 2818 lta
3371 2777 3500 2818 cum

1900 2859 2131 2927 creperit
2156 2858 2280 2928 quis
2306 2859 2514 2914 moveri
2546 2859 2615 2914 ad
2650 2874 2875 2916 cursum
2908 2860 3138 2927 malum,
3167 2868 3264 2915 aut
3288 2858 3357 2914 ad
3380 2868 3501 2915 tur-

1900 2964 2025 3020 pem
2054 2948 2324 3019 loquelam
2355 2964 2512 3005 suam
2539 2950 2817 3019 paraverit
2844 2950 3120 3020 linguam;
3155 2950 3364 3006 invenit
3384 2949 3499 3019 spi-

1903 3042 2044 3097 ritus
2070 3041 2387 3097 immundus
2414 3052 2830 3111 operamentum
2858 3041 2970 3111 jam
3018 3043 3316 3113 incipiente
3347 3042 3493 3098 mala

198 3141 379 3193 dotem
414 3137 460 3170 "
507 3156 523 3192 :
574 3135 758 3193 Jesum
808 3134 996 3191 dicens
1056 3132 1430 3226 sacerdotem,
1482 3145 1591 3186 non
1647 3129 1795 3226 illum
1824 3166 1869 3226 ο
1904 3134 1973 3189 ab
2007 3131 2255 3200 homine,
2306 3140 2363 3186 et
2408 3134 2657 3205 suggerit
2700 3133 2907 3201 pejora,
2947 3142 3003 3188 et
3038 3132 3206 3189 eliicit
3241 3134 3342 3189 ista
3371 3149 3499 3204 quae

196 3232 442 3287 ostendit
485 3230 769 3284 Dominum
827 3227 1010 3284 Jesum
1040 3227 1130 3296 qui
1168 3237 1252 3281 est
1281 3224 1523 3293 pontifex
1576 3221 1797 3293 pontili-
1834 3221 1891 3251 '-

200 3340 330 3379 cum
365 3332 419 3379 et
445 3321 700 3378 sacerdos
722 3321 1085 3376 sacerdotum.
1117 3316 1184 3372 Et
1210 3320 1324 3383 iste,
1358 3318 1551 3387 inquit,
1578 3318 1796 3369 vestitus

199 3418 320 3464 erat
351 3411 657 3465 vestimenta
700 3408 954 3473 sordida,
985 3417 1035 3462 st
1073 3406 1248 3462 stabat
1289 3404 1535 3460 diabolus
1575 3422 1609 3459 a
1662 3405 1796 3458 dex-

200 3503 305 3557 tris
348 3501 463 3571 ejus
516 3502 732 3571 cupiens
767 3517 887 3556 sum
940 3517 1125 3556 uocare
1144 3501 1215 3557 “.
1268 3500 1438 3556 Erant
1485 3500 1630 3556 enim
1682 3501 1799 3568 ejus

200 3594 426 3649 sordida
467 3593 809 3650 vestimenta.
854 3593 1009 3649 Sicut
1052 3593 1199 3651 enim
1236 3607 1419 3649 mures
1464 3593 1531 3647 ad
1580 3592 1797 3647 nidores

203 3696 541 3742 concurrunt
572 3704 586 3741 :
614 3686 687 3741 ita
716 3685 967 3742 diabolus
992 3694 1046 3741 et
1098 3685 1243 3741 illius
1272 3686 1548 3741 exercitus
1592 3685 1684 3739 illo
1710 3685 1800 3740 de-

205 3778 443 3836 lectatur
466 3780 681 3835 nidore.
715 3777 781 3834 Et
809 3779 913 3835 hoc
936 3778 1081 3851 quod
1111 3789 1232 3835 erat
1270 3779 1468 3835 lectum
1508 3788 1595 3834 est
1621 3797 1634 3832 :
1663 3779 1796 3833 Cum

200 3872 427 3941 spiritus
460 3886 685 3941 nequam
738 3871 927 3926 exierit
971 3874 1037 3925 ab
1076 3872 1307 3939 homine,
1338 3871 1526 3925 circuit
1567 3872 1797 3925 desertos

202 3960 373 4028 locos,
395 3972 442 4017 et
468 3962 657 4033 quierit
698 3962 1008 4033 requiem".
1044 3961 1205 4016 Sicut
1229 3973 1287 4017 et
1320 3976 1486 4016 canes
1534 3961 1797 4031 coquina-

205 4071 332 4112 tum
360 4056 640 4127 requirunt
674 4055 766 4111 ubi
807 4056 1052 4128 sanguis,
1080 4054 1171 4111 ubi
1214 4066 1455 4119 stercus,
1482 4056 1573 4110 ubi
1616 4055 1798 4109 inlota

206 4149 526 4218 interanea,
562 4157 618 4204 et
664 4148 775 4205 illic
822 4158 1174 4205 concurrunt.
1220 4148 1287 4204 Et
1332 4150 1475 4204 sicut
1510 4149 1605 4220 qui
1662 4147 1795 4203 foris

205 4250 455 4305 currunt,
511 4240 863 4297 adinveniunt
902 4242 1046 4311 quod
1099 4250 1254 4312 turpe
1284 4252 1371 4301 est
1416 4241 1665 4318 verbum,
1703 4242 1795 4308 qni

204 4343 366 4390 actus
413 4332 632 4398 ftedos;
688 4332 764 4388 ita
809 4348 934 4389 cum
976 4332 1205 4403 spiritus
1248 4332 1561 4407 immundus
1602 4332 1797 4387 exierit

204 4425 280 4479 ab
309 4424 548 4489 homine,
579 4424 775 4480 circuit
818 4424 1030 4479 deserta
1085 4434 1140 4479 et
1188 4424 1339 4478 arida
1383 4423 1500 4479 loca
1542 4437 1796 4493 quzereus

1902 3236 1959 3281 et
1988 3225 2210 3280 videtis.
2246 3223 2367 3281 Non
2399 3225 2545 3280 enim
2578 3232 2663 3280 est
2694 3224 2840 3295 quod
2886 3224 3085 3280 videtis
3126 3234 3363 3291 tantum,
3400 3225 3499 3281 sed

1903 3317 2279 3388 unusquisque
2326 3330 2519 3371 eorum
2551 3326 2759 3387 septem
2795 3326 2850 3370 et
2880 3315 3065 3385 plures
3105 3327 3253 3372 sunt.
3284 3313 3420 3370 Nam
3445 3326 3502 3370 et

1904 3411 2088 3480 plures
2136 3408 2342 3464 habent
2371 3408 2666 3464 daemones.
2707 3407 2767 3463 Si
2793 3410 2921 3481 quis
2966 3419 3149 3463 autem
3188 3408 3494 3464 recedenti-

1901 3501 2003 3558 bus
2030 3502 2391 3563 da‘monibus,
2426 3501 2570 3555 sicut
2620 3501 2885 3556 ebrietate
2917 3500 3226 3565 recedente,
3258 3501 3495 3555 voluerit

1907 3597 2277 3667 interrogare,
2319 3596 2363 3651 si
2407 3607 2588 3651 tamen
2621 3606 2676 3649 et
2712 3596 3003 3665 agnoverit
3030 3593 3265 3663 aliquem
3302 3606 3495 3647 eorum

1902 3689 1997 3759 qui
2036 3703 2183 3743 nunc
2213 3687 2527 3759 gloriantur
2555 3687 2608 3741 in
2643 3684 3076 3755 turpitudinibus
3106 3683 3245 3748 suis,
3278 3681 3395 3753 ipse
3420 3683 3498 3739 sit

1900 3782 1989 3850 qui
2035 3779 2268 3835 faciebat
2300 3781 2437 3855 hmc.
2482 3788 2575 3833 aut
2617 3777 2768 3842 fecit,
2812 3786 2908 3830 aut
2943 3775 3157 3830 locutus
3187 3783 3315 3841 est;
3368 3787 3500 3830 vere

1900 3874 2133 3931 edicitur
2179 3874 2310 3929 illud
2362 3873 2721 3943 apostolicum
2772 3870 2976 3926 dictum
3011 3884 3026 3923 :
3057 3870 3212 3935 Quod
3263 3868 3499 3938 fructum

1905 3954 2177 4021 habebatis
2209 3976 2358 4031 tunc,
2387 3967 2441 4019 in
2465 3966 2653 4035 quibus
2680 3980 2817 4018 nunc
2842 3960 3334 4032 confundimini“?
3372 3958 3499 4016 Sic-

1901 4069 1959 4115 ut
1998 4059 2144 4113 enim
2211 4073 2353 4113 nunc
2402 4059 2650 4112 videmus
2710 4056 3022 4110 innnnndos
3068 4055 3297 4125 spiritus
3349 4054 3499 4109 ccci.

1901 4153 2113 4224 pientes
2148 4150 2518 4212 occasionem,
2568 4149 2821 4218 persequi
2852 4163 2915 4203 ea
2959 4162 3081 4217 qua:
3126 4144 3327 4201 similia
3363 4155 3497 4203 sunt

1900 4246 2003 4301 sibi
2032 4244 2148 4299 :ita
2192 4250 2251 4300 et
2309 4251 2440 4297 tunc
2489 4242 2615 4312 quia
2667 4240 2890 4295 sordida
2962 4248 3121 4294 erant
3170 4239 3501 4294 vestimenta

1899 4336 2207 4393 sacerdotis
2244 4335 2366 4406 ejus
2416 4334 2510 4404 qui
2561 4332 2742 4388 fuerat
2800 4334 2970 4397 visus,
3012 4334 3194 4388 stabat
3252 4331 3503 4386 diabolus

1900 4431 1970 4485 ad
2028 4429 2310 4484 dexteram
2379 4425 2496 4494 ejus
2555 4424 2780 4496 cupiens
2847 4439 2974 4479 etun
3037 4438 3233 4478 nocere
3280 4433 3503 4492 propter

207 4520 479 4586 requiem.
527 4517 654 4586 quia
702 4530 811 4573 00"
853 4516 1153 4571 delecmul'
1198 4531 1412 4587 Pacem.
1464 4531 1640 4587 neque
1682 4518 1798 4573 νυΙι
1828 4525 1872 4581 D
1903 4524 2121 4579 sordida
2162 4522 2516 4577 vestimenta.
2569 4518 2763 4573 Stabat
2817 4528 3001 4573 autem
3032 4527 3087 4571 et
3120 4514 3347 4586 angelus
3379 4512 3495 4567 Dei.

206 4609 540 4675 habitacula,
564 4611 658 4667 sed
687 4611 901 4665 deserta
935 4610 1153 4680 quaerit,
1183 4621 1277 4664 aut
1318 4619 1518 4665 terram
1550 4619 1644 4665 aut
1672 4612 1792 4665 ani-

210 4716 359 4755 uram
384 4703 598 4772 quarit.
636 4701 748 4758 Nec
772 4702 860 4756 ubi
882 4716 1074 4756 aurum
1106 4702 1265 4758 malis
1307 4704 1516 4760 artibus
1548 4718 1791 4759 comma-

206 4793 493 4848 chinatum
533 4804 618 4849 est
655 4795 710 4848 in
754 4795 1063 4852 simulacris
1090 4795 1312 4865 quaerit,
1340 4810 1442 4851 nec
1466 4796 1556 4851 ubi
1602 4810 1795 4866 argen-

208 4894 327 4939 tum
374 4884 515 4939 male
558 4883 851 4940 conﬂatum
903 4895 986 4941 est
1014 4894 1072 4940 ut
1116 4886 1457 4942 adoraretur.
1496 4887 1683 4944 Sicubi
1725 4888 1791 4941 li-

204 4990 375 5044 guunt
410 4990 501 5030 ars
531 4984 625 5031 aut
650 4975 849 5031 idolum
883 4976 1125 5048 sculpsit,
1176 4978 1349 5035 sicubi
1382 4978 1614 5049 lapidem
1670 4997 1789 5036 ere-

204 5077 412 5124 xerunt
440 5084 633 5125 manus
667 5068 733 5123 ad
766 5068 1091 5138 colendum;
1148 5071 1283 5126 tales
1331 5074 1526 5144 qumrit
1570 5077 1786 5146 requies

206 5162 437 5229 spiritus
481 5162 810 5216 iun'nundus.
862 5160 1046 5217 Sicubi
1098 5165 1341 5235 sanguis,
1374 5166 1551 5222 sicubi
1605 5170 1788 5235 nidor,

208 5252 392 5310 sicubi
427 5255 779 5319 seducantur,
816 5253 991 5309 sicubi
1017 5254 1256 5318 theatra,
1291 5256 1468 5311 sicubi
1502 5258 1631 5311 nudi
1662 5275 1793 5314 cur-

240 5355 421 5410 entes,
454 5346 626 5401 sicubi
660 5346 834 5416 turpia
861 5346 1172 5416 loquentes,
1222 5356 1282 5401 et
1312 5349 1553 5417 turpiora
1599 5352 1797 5407 admit-

271 5446 413 5506 ntes,
455 5450 510 5494 et
548 5440 691 5496 sicut
733 5441 913 5510 apiqu
955 5441 1245 5511 progenies
1292 5444 1792 5514 acerrimiquidam

279 5625 328 5659 ⁹⁶
362 5625 529 5685 Zacb.
567 5641 650 5692 tll,
680 5628 733 5682 1.
809 5627 854 5661 ¹¹
894 5628 1024 5684 ibid.
1058 5628 1111 5684 8.

208 5745 374 5875 ’ἦιξῗῶ
414 5744 516 5801 ΜΒ.
572 5742 739 5800 Facta
782 5756 957 5803 autem
1002 5757 1124 5804 sunt
1174 5748 1275 5805 ista
1309 5764 1428 5821 qua:
1463 5748 1621 5814 rides,
1674 5766 1794 5823 pro.

1223 5630 1268 5661 ¹¹
1293 5629 1481 5687 Matth.
1507 5645 1603 5696 XII,
1637 5630 1727 5688 45.
1824 5635 1871 5669 ’³
1894 5635 2024 5693 ibid.
2054 5633 2145 5689 44.

1903 4610 1975 4665 Et
2012 4613 2161 4676 dicit,
2208 4610 2405 4679 inquit,
2451 4606 2671 4678 angelus
2716 4606 2811 4661 Dei
2851 4604 3367 4675 diabolo:lncrepet
3404 4603 3499 4657 tibi

1904 4704 2186 4759 Dominus.
2238 4701 2381 4767 Hoc,
2431 4700 2627 4770 inquit,
2663 4700 2906 4754 relictum
2951 4709 3025 4753 est
3064 4699 3130 4752 ab
3170 4700 3308 4767 igne,
3332 4707 3381 4751 et
3422 4696 3500 4751 vis

1901 4814 2021 4852 eum
2064 4794 2468 4851 comburere"?
2515 4793 2583 4848 Et
2626 4802 2751 4863 post
2805 4792 2911 4847 hoc
2969 4792 3229 4861 praecepit
3274 4787 3501 4861 angelus

1902 4888 2105 4944 auferri
2143 4902 2171 4941 a
2221 4888 2512 4943 sacerdote
2550 4886 2768 4941 sordida
2812 4885 3155 4947 vestimenta,
3206 4892 3257 4936 et
3304 4882 3493 4937 vestiri

1901 4997 2026 5038 eum
2066 4982 2290 5036 munda.
2320 4980 2387 5035 Et
2413 4980 2671 5035 sacerdos
2691 4977 2911 5050 quidem
2941 4978 3031 5047 qui
3069 4976 3351 5031 videbatur
3383 4989 3491 5029 non

1908 5074 2138 5139 aderat;
2178 5072 2272 5127 sed
2312 5072 2613 5127 constituto
2656 5086 2723 5126 eo
2764 5069 2915 5135 alibi,
2964 5070 3247 5123 videbatur
3292 5083 3321 5121 a
3372 5082 3497 5135 pro-

1904 5168 2090 5236 pheta,
2121 5175 2177 5223 et
2200 5165 2420 5221 sordida
2450 5166 2681 5220 vestitus
2705 5174 2827 5219 erat
2863 5163 3209 5226 vestimenta,
3233 5160 3324 5216 illo
3355 5160 3499 5214 forte

1902 5258 2138 5313 candida
2175 5258 2399 5313 vestito.
2454 5255 2523 5312 Et
2569 5257 2768 5313 iterum
2818 5258 3140 5311 inimutatur
3173 5254 3292 5322 ejus
3328 5252 3495 5306 vestis

1901 5353 1997 5424 qui
2038 5352 2327 5408 videbatur
2369 5368 2399 5405 a
2446 5353 2736 5423 propheta,
2765 5362 2820 5407 et
2860 5351 2948 5406 ille
2998 5366 3105 5404 non
3138 5348 3367 5404 mutavit
3399 5346 3494 5415 qui

1904 5464 2013 5504 non
2050 5457 2170 5503 erat
2199 5449 2251 5501 iu
2286 5446 2514 5503 visione.
2551 5447 2617 5502 Et
2648 5447 2901 5517 provenit
2935 5457 3199 5517 quantum
3236 5446 3309 5499 ad-
3332 5444 3495 5499 visio-

2246 5632 2293 5666 “
2330 5634 2485 5689 Rom.
2517 5648 2591 5697 vr,
2611 5632 2703 5687 21.
2781 5633 2827 5665 "
2859 5631 3023 5689 Zach.
3062 5630 3205 5698 Itt,9.

1976 5752 2053 5827 (Ἰ)
2086 5752 2183 5809 his.
2214 5749 2319 5807 Ubi
2352 5753 2436 5807 dei
2464 5749 2845 5806 adulterantes.
