4048 6322
643 367 782 424 ΗΝ

1316 360 1578 417 EUSEBII
1616 355 2097 416 ειεεΑιιιεκειε
2133 351 2288 410 OPP.

2328 349 2507 408 PARS
2544 349 2632 406 IV.
2671 380 2745 393 —
2780 342 3197 404 DOGIATICA.
3773 339 3904 391 ilio

646 500 793 548 nem,
834 480 1107 552 duplicem
1143 494 1264 535 esse
1302 484 1636 535 sacerdotem
1679 478 1862 533 istum.
1899 476 2029 531 Erat
2065 475 2209 530 enim
2239 477 2286 532 Δ
2315 469 2531 527 videbat
2573 469 2712 525 Deus
2774 465 2990 522 athleta
3031 476 3308 518 coronam.
3363 458 3504 530 Ergo
3563 471 3697 512 eum
3755 453 3910 509 Scri-

645 586 695 628 et
724 575 884 628 homo
929 572 994 626 ad
1036 571 1381 640 semetipsum
1423 569 1532 632 ille,
1562 580 1617 624 et
1651 567 1833 637 utique
1865 581 1964 622 nec
1993 564 2206 620 sordida

649 666 878 718 habebat
902 664 1243 726 vestimenta,
1277 675 1451 731 neque
1483 659 1791 715 immutavit
1823 673 1946 713 cum
1989 659 2095 713 isto
2117 657 2206 725 qui

649 755 701 806 in
731 753 938 807 visione
968 761 1085 804 erat
1124 750 1287 805 visus.
1324 751 1534 820 Ageute
1580 760 1757 804 autem
1794 762 1860 803 eo
1885 758 1937 802 et
1959 747 2129 810 salvo,
2154 756 2208 802 et

649 851 840 909 agente
890 842 941 894 in
981 841 1064 895 his
1100 839 1234 894 locis
1275 840 1328 894 in
1364 840 1561 909 quibus
1603 849 1720 894 erat
1751 838 2031 908 propheta,
2075 837 2211 893 vidit

647 949 793 996 eum,
825 949 930 988 non
973 933 1144 1002 ipsum
1178 932 1343 994 videt,
1376 943 1429 987 et
1457 947 1579 987 eum
1612 941 1928 1000 prasentem
1960 930 2209 984 vestitum

649 1023 863 1076 sordida
888 1022 1230 1088 vestimenta,
1259 1037 1378 1091 qua
1410 1037 1514 1076 non
1544 1021 1772 1076 habebat
1803 1021 1909 1085 ille,
1935 1033 2032 1074 nec
2065 1020 2209 1074 enim

650 1121 805 1166 erant
837 1113 1158 1166 vestimenta
1208 1115 1300 1168 sed
1347 1121 1587 1181 peccata.
1624 1111 1947 1168 Vestimenta
1993 1113 2210 1183 quidem

650 1210 836 1270 utpote
879 1202 1112 1257 hominis
1151 1212 1312 1256 erant
1361 1201 1586 1256 candida
1639 1219 1653 1256 :
1691 1203 1780 1256 ubi
1833 1213 2010 1257 autem
2045 1203 2211 1258 vesti-

655 1302 832 1344 menta
869 1307 974 1345 non
993 1302 1171 1354 erant,
1194 1292 1512 1345 vestimenta
1547 1299 1764 1360 peccata
1791 1304 1945 1346 erant
1972 1292 2211 1346 sordida.

652 1384 784 1448 Quia
818 1383 961 1435 enim
997 1394 1220 1450 peccata
1251 1391 1427 1448 erant,
1465 1383 1680 1436 sordida
1713 1385 2035 1439 vestimenta
2061 1385 2212 1439 dicit.

652 1472 786 1540 Quia
817 1483 995 1529 autem
1027 1476 1260 1544 peccatis
1281 1475 1582 1530 delectatur
1609 1475 1874 1538 diabolus,
1907 1478 2097 1530 adorat
2123 1493 2218 1547 per

653 1564 914 1619 visionem
943 1581 958 1616 :
987 1565 1075 1616 ubi
1104 1563 1248 1617 enim
1276 1574 1395 1618 erat
1424 1565 1599 1630 nidor,
1640 1565 1746 1619 illic
1773 1567 1988 1621 sordida
2008 1567 2218 1622 anima-

656 1649 726 1705 lia
757 1670 772 1707 :
803 1653 889 1708 ubi
925 1663 1220 1722 peccatum,
1270 1653 1378 1708 illic
1416 1653 1736 1710 adiuventor
1775 1656 1842 1710 ab
1897 1656 2050 1712 initio
2090 1671 2216 1725 pec-

656 1743 784 1798 cati.
814 1742 1074 1812 Obiurgat
1113 1743 1279 1813 igitur
1311 1745 1534 1815 angelus
1565 1758 1883 1816 praesentem
1917 1747 2216 1810 diabolum,

657 1846 706 1888 et
732 1835 976 1905 procipit
1007 1849 1218 1890 mutare
1244 1814 1900 1902 vestinieutavsacerdotis,
1930 1847 1985 1892 et
2016 1839 2218 1894 auferri
2251 1814 2291 1868 Β

656 1928 726 1980 ab
753 1942 818 1980 eo
844 1929 1087 1999 sordida.
1125 1931 1310 1984 vestiri
1345 1941 1520 1985 autem
1565 1945 1684 1984 eum
1727 1931 1944 1995 munda,
1973 1939 2028 1986 et
2055 1931 2220 1986 inter-

657 2027 900 2085 pretatur
930 2019 1294 2085 eﬂlcientiam,
1325 2033 1379 2077 et
1410 2022 1538 2076 dicit
1571 2044 1584 2080 ;
1613 2021 1766 2086 Ecce,
1806 2024 1997 2092 inquit,
2027 2023 2240 2078 abstuli.

655 2124 686 2160 α
723 2118 771 2163 te
806 2122 1018 2175 peccata
1068 2120 1159 2165 tua
1179 2111 1247 2166 “.
1284 2113 1341 2168 Si
1377 2114 1493 2167 istae
1540 2115 1680 2168 circa
1733 2113 2001 2169 hominem
2046 2125 2222 2170 vestes

659 2214 762 2252 non
791 2210 946 2252 erant
981 2209 1178 2266 vestes,
1205 2203 1299 2256 sed
1329 2204 1486 2257 modo
1508 2204 1722 2273 quidem
1762 2216 2109 2274 peccatorum
2139 2206 2222 2259 in-

656 2289 850 2358 signia,
890 2293 1048 2346 modo
1079 2303 1256 2346 autem
1301 2294 1589 2362 puritatis:
1618 2310 1789 2363 quare
1827 2312 1890 2350 ea
1928 2311 2047 2366 qua:
2075 2297 2221 2351 circa

659 2383 927 2436 hominem
968 2396 1093 2438 sunt
1145 2386 1416 2454 descripta
1459 2388 1782 2441 vestimenta
1839 2403 1941 2442 non
1989 2390 2222 2458 suscipi-

657 2489 796 2535 mus,
833 2477 960 2544 quia
993 2479 1137 2530 circa
1174 2479 1445 2533 hominem
1479 2479 1690 2533 fuerant
1732 2496 1851 2550 quae
1883 2493 1936 2534 et
1968 2481 2223 2546 vestitur;

657 2580 778 2632 quae
806 2578 983 2621 autem
1031 2569 1178 2622 circa
1201 2558 1389 2622 Deum
1424 2569 1676 2622 dicuntur
1708 2570 2056 2633 vestimenta,
2093 2585 2224 2624 con-

661 2658 932 2712 tendimus
952 2673 1072 2714 esse
1097 2661 1447 2715 vestimenta?
1471 2660 1649 2714 Multis
1677 2662 1890 2715 denudo
1922 2663 2074 2717 vobis
2100 2678 2220 2717 om-

657 2762 780 2801 nem
818 2759 1026 2816 partem
1076 2750 1230 2804 istam
1281 2748 1591 2820 Scriptura.
1637 2750 1746 2805 Nec
1775 2750 1930 2805 Jesus
1967 2754 2222 2808 sacerdos

657 2837 749 2892 ille
777 2840 962 2894 aderat
985 2841 1112 2905 illic,
1153 2858 1256 2896 non
1289 2844 1432 2897 enim
1466 2845 1650 2898 aderat
1678 2861 1692 2896 :
1721 2847 1814 2898 sed
1847 2859 1944 2900 nec
1975 2845 2222 2901 diabolus

659 2931 864 2997 aderat,
900 2947 1074 3002 neque
1101 2935 1324 3004 angelus
1345 2938 1554 3000 aderat,
1581 2938 1674 2990 sed
1709 2947 1879 2991 totum
1911 2947 2030 2991 erat
2062 2937 2218 2992 visio.

659 3021 726 3078 Et
748 3025 1000 3079 sacerdos
1027 3027 1244 3094 quidem
1279 3039 1497 3097 propter
1528 3039 1812 3096 peccatum
1853 3039 2080 3099 apparet
2105 3045 2220 3084 sor-

659 3113 799 3170 didis
831 3119 1162 3173 vestimentis
1206 3121 1568 3189 indutus;qui
1625 3136 1727 3175 non
1778 3130 1831 3176 et
1882 3123 2089 3184 aderat,
2121 3136 2220 3176 nec

659 3214 777 3260 erat
803 3209 1027 3263 vestitus
1056 3212 1269 3264 sordida
1311 3212 1654 3267 vestimenta.
1690 3212 1753 3266 Et
1782 3214 2026 3267 diabolus
2056 3212 2218 3266 veluti

660 3300 895 3361 videtur,
925 3303 1049 3370 quia
1094 3304 1213 3356 istis
1259 3305 1454 3357 talibus
1482 3307 1697 3377 gaudet,
1735 3315 1789 3358 et
1820 3307 1884 3358 ad
1924 3307 2054 3359 istos
2089 3304 2221 3360 tales

660 3392 920 3460 exsurgit.
958 3392 1026 3446 Et
1047 3394 1266 3462 angelus
1299 3395 1457 3448 veluti
1509 3395 1656 3449 visus
1687 3406 1788 3461 est,
1823 3405 1881 3448 ut
1909 3396 2222 3450 ostendere-

661 3493 750 3534 tur
802 3483 926 3550 quia
971 3499 1066 3551 per
1106 3487 1326 3554 angelos
1369 3487 1530 3555 justis
1590 3489 1822 3542 edicitur
1871 3487 2220 3556 adiutorium,

660 3575 831 3642 magis
875 3587 1053 3629 autem
1097 3591 1194 3644 pro
1230 3579 1600 3643 peccatoribus
1653 3581 2041 3649 pmnitentibus
2089 3595 2222 3650 gau-

661 3666 831 3718 dium.
886 3665 993 3719 Nec
1039 3669 1180 3721 enim
1230 3670 1356 3722 illud
1407 3681 1653 3738 putemus
1677 3673 1817 3725 sicut
1855 3685 1906 3727 et
1951 3681 2222 3740 putamus,

659 3755 782 3822 quia
813 3767 865 3816 st
894 3757 944 3809 in
967 3757 1065 3811 Job
1094 3759 1230 3812 libro
1255 3760 1497 3814 diabolus
1521 3761 1705 3815 aderat
1725 3773 1848 3816 aute
1876 3775 2220 3832 conspectum

665 3848 788 3908 Ilei,
835 3856 888 3899 et
939 3847 1134 3900 locutio
1186 3859 1304 3903 erat
1373 3850 1461 3904 Dei
1523 3868 1642 3904 cum
1684 3853 1894 3907 diabolo
1933 3869 1995 3908 ex
2047 3869 2223 3924 sequa-

660 3937 890 3991 litate".
947 3939 1013 3993 Et
1057 3941 1190 3994 dixit
1232 3943 1507 4004 Dominus,
1553 3953 1608 3996 et
1660 3946 1797 3999 dixit
1851 3946 2131 4011 diabolus,
2169 3956 2223 4000 et

663 4028 1010 4098 interrogavit
1079 4029 1330 4086 Dominus
1411 4033 1719 4101 diabolum,
1788 4037 1922 4089 unde
1985 4039 2218 4093 uenisti?

661 4117 766 4172 Sed
812 4120 921 4172 lucc
965 4123 1029 4173 ad
1071 4121 1394 4175 auditionem
1440 4132 1672 4176 vestram
1723 4123 1862 4177 velut
1924 4127 2222 4195 composita

662 4212 1008 4267 inducuntur.
1059 4213 1250 4267 'l‘otum
1304 4224 1481 4268 autem
1532 4216 1662 4269 illud
1705 4226 1788 4270 est
1829 4218 2093 4284 quomodo
2127 4215 2225 4272 Job

665 4301 878 4369 quidem
914 4313 1032 4355 erat
1074 4304 1157 4356 vir
1205 4306 1713 4374 irrepreltensibilis,
1755 4307 1998 4361 diabolus
2048 4320 2223 4363 autem

661 4393 890 4446 invidus.
942 4395 1023 4448 Ad
1082 4397 1374 4451 istiusmodi
1427 4409 1479 4452 et
1535 4399 1674 4452 Deus
1739 4400 1989 4453 defensor
2035 4401 2222 4454 horum

2249 3165 2292 3223 C

2313 576 2474 635 ptura
2524 562 2726 631 aliquid
2777 567 2996 630 propter
3050 571 3148 614 nos
3193 555 3449 625 loquitur,
3493 567 3608 606 non
3651 560 3909 606 nostram

2309 655 2682 712 inﬁrmitatem
2707 651 2816 708 Deo
2850 651 2972 706 forti
3004 648 3361 720 applicemns.
3396 644 3455 700 Si
3476 643 3631 699 enim
3687 641 3748 695 in
3791 655 3914 694 eor-

2309 762 2446 818 pore
2473 756 2526 802 et
2559 745 2611 800 in
2647 757 2816 800 carne
2860 752 3006 798 totus
3049 748 3352 798 conventus
3384 740 3711 794 damonum
3763 733 3912 804 legio

2313 839 2367 893 in
2424 837 2718 908 Evangelia
2763 837 2942 892 dictus
2978 834 3149 896 est",
3195 842 3252 886 et
3296 847 3401 887 non
3453 829 3737 886 sustinuit
3786 825 3910 881 Filii

2311 931 2404 988 Dei
2451 930 2829 1000 prasentiam;
2867 941 2990 982 nam
3019 936 3076 982 et
3101 924 3348 980 diabolus
3391 923 3511 994 ipse
3553 922 3613 978 in
3639 934 3902 988 corpore.

2311 1032 2508 1093 agente
2549 1019 2686 1075 Filio
2722 1019 2814 1075 Dei
2856 1034 2959 1074 non
3004 1017 3102 1073 fuit
3151 1032 3313 1072 ausus
3345 1014 3616 1069 accedere
3645 1011 3902 1082 quandiu

2313 1113 2564 1175 esuriret,
2602 1121 2657 1165 et
2693 1111 3009 1165 immitteret
3045 1107 3094 1164 ei
3121 1109 3373 1177 laqueum
3415 1119 3512 1174 per
3567 1101 3854 1171 ejusmodi
3883 1119 3899 1155 .-

2315 1204 2766 1275 quemadmodum
2826 1215 3117 1272 possumus
3159 1200 3266 1268 pati
3313 1208 3370 1252 et
3407 1196 3598 1250 dicere
3621 1193 3762 1264 quia
3797 1193 3910 1248 dia-

2316 1297 2469 1352 bolus
2504 1295 2612 1350 Deo
2652 1310 2718 1349 ex
2754 1293 3065 1362 aequalitate
3117 1292 3328 1346 locutus
3360 1289 3482 1344 est?
3517 1288 3626 1344 Cui
3653 1296 3719 1342 et
3747 1299 3909 1354 ange-

2316 1388 2398 1443 lus
2442 1387 2533 1448 Dei
2575 1387 2704 1440 dicit
2736 1404 2750 1441 :
2777 1384 3014 1453 lncrepet
3064 1383 3158 1437 tibi
3207 1381 3344 1436 Deus
3362 1382 3428 1436 ”.
3474 1380 3540 1435 Et
3591 1379 3732 1450 quid
3780 1378 3900 1431 dico

2317 1478 2538 1548 angelus
2572 1475 2705 1531 Dei?
2748 1475 3007 1530 Vermes:
3041 1475 3131 1544 qui
3176 1487 3274 1528 nec
3318 1471 3522 1527 vermis
3569 1470 3898 1540 accepimus

2319 1572 2570 1625 virtutem
2609 1569 2662 1622 in
2692 1569 2910 1623 nomine
2933 1567 3137 1633 crucia,
3171 1576 3226 1621 ut
3260 1567 3596 1634 imperemus
3635 1563 3907 1618 damoni-

2318 1663 2419 1717 bus
2450 1671 2504 1715 et
2528 1660 2761 1724 diabolo,
2795 1673 2998 1729 eosque
3039 1658 3304 1728 fugamus.
3353 1655 3408 1710 Si
3457 1655 3630 1724 igitur
3669 1668 3782 1709 nos
3826 1652 3910 1707 in-

2321 1767 2627 1821 crepamus,
2658 1752 2796 1806 Dens
2821 1752 2888 1806 ad
2920 1749 3328 1806 collocutionem
3372 1747 3540 1802 venit.
3576 1745 3648 1800 Et
3669 1754 3836 1800 certe
3868 1743 3910 1798 si

2323 1854 2646 1914 acceperunt
2675 1851 2997 1913 potestatem
3047 1841 3294 1896 homines
3321 1836 3536 1893 Domini
3569 1835 3803 1892 calcare
3835 1835 3912 1889 vi-

2323 1953 2479 2006 peras
2519 1945 2574 1991 et
2621 1937 2935 2004 scorpiones
2983 1943 3037 1989 et
3077 1947 3292 1987 omnem
3330 1931 3595 1986 virtutem
3643 1930 3914 1984 adversa-

2323 2029 2478 2095 rii“;
2521 2027 2566 2081 si
2617 2027 2862 2081 homines
2909 2033 3237 2094 acceperunt
3282 2020 3912 2093 potestatem-calcare,

2325 2121 2464 2173 Dens
2486 2132 2550 2172 ex
2593 2116 2901 2186 aequalitate
2930 2117 3173 2184 loquitur
3211 2115 3262 2169 ei
3297 2114 3389 2186 qui
3421 2113 3674 2168 calcatur
3694 2111 3722 2166 τ
3750 2110 3914 2167 Venit

2327 2211 2537 2266 diabolo
2591 2210 2816 2275 fortior;
2867 2209 3091 2264 vincens
3128 2213 3253 2262 eum
3302 2205 3511 2275 ligavit.
3554 2203 3672 2259 Leo
3720 2215 3908 2258 autem

2325 2305 2546 2374 ligatus,
2603 2317 2703 2358 nec
2748 2311 2806 2357 ut
2848 2303 3002 2357 canis
3045 2309 3242 2371 potest.
3284 2297 3447 2353 Forte
3497 2308 3682 2352 autem
3732 2297 3909 2359 dices,

2323 2399 2447 2467 quia
2476 2396 2522 2450 si
2551 2397 2776 2450 veniens
2813 2393 2966 2457 vicit,
3003 2393 3226 2446 vincens
3267 2389 3475 2459 ligavit,
3503 2399 3557 2443 et
3602 2388 3794 2459 ligans
3827 2385 3914 2440 de

2322 2488 2401 2540 dit
2429 2485 2649 2548 calcari,
2694 2499 2800 2538 non
2834 2483 3054 2552 quidem
3082 2483 3153 2535 sit
3185 2480 3313 2541 talis
3344 2495 3358 2530 :
3389 2489 3515 2533 tunc
3556 2489 3753 2530 autem
3787 2491 3907 2530 cum

2327 2588 2496 2640 esset,
2541 2575 2640 2628 sub
2679 2571 2780 2627 Job
2819 2579 2938 2626 erat
2970 2589 2983 2623 :
3015 2571 3192 2624 adhuc
3247 2567 3335 2622 ille
3395 2575 3610 2637 poterat
3643 2565 3906 2618 ﬁduciam

2325 2670 2525 2726 habere
2553 2684 2566 2720 :
2593 2666 2829 2722 nondum
2873 2664 3016 2718 enim
3062 2675 3174 2718 erat
3204 2662 3397 2734 ligatus
3426 2659 3768 2715 hominibus.
3805 2655 3908 2712 Pu-

2335 2769 2418 2814 tas
2455 2758 2526 2812 sit
2567 2759 2726 2827 lupus
2765 2767 2954 2826 potens
2983 2752 3269 2807 adversum
3307 2764 3457 2811 oves.
3496 2749 3540 2804 si
3584 2758 3777 2802 autem
3812 2764 3907 2817 po-

2325 2864 2441 2906 tens
2466 2858 2519 2905 et
2543 2850 2824 2904 adversum
2858 2849 3062 2902 leonem
3083 2845 3109 2898 ‘l
3147 2855 3206 2898 ut
3227 2844 3298 2898 ita
3325 2840 3730 2913 quodammodo
3751 2854 3903 2896 eom-

2324 2942 2700 3014 parationibus
2745 2949 2961 2992 utamur
3009 2947 3227 3006 propter
3261 2935 3563 2990 fortiorem.
3597 2931 3717 2986 Non
3758 2933 3903 2988 enim

2324 3035 2644 3105 ampliorem
2693 3030 2904 3101 accepit
2958 3028 3210 3083 virtutem
3262 3043 3291 3081 a
3344 3040 3575 3096 corpore
3637 3025 3905 3081 Dominus

2323 3125 2500 3190 Jesus,
2532 3135 2590 3180 ut
2614 3131 2899 3193 superaret
2941 3121 3234 3176 diabolum.
3267 3118 3374 3174 Sed
3403 3133 3504 3173 cur
3536 3118 3654 3186 ipsa
3701 3126 3764 3172 et
3793 3118 3906 3172 col-

2329 3219 2551 3274 luctatio
2576 3194 2716 3270 faeta
2739 3214 2862 3269 est?
2891 3213 3027 3280 Quia
3053 3213 3199 3267 enim
3227 3210 3477 3282 produxit
3499 3225 3702 3280 agnum
3740 3209 3899 3279 lupo:

2327 3308 2482 3376 lupus
2520 3315 2700 3360 autem
2743 3304 2931 3358 videns
2979 3317 3177 3369 agnum
3214 3301 3307 3370 qui
3346 3301 3632 3356 videbatur
3665 3315 3736 3354 ex
3768 3315 3904 3355 cnn-

2324 3398 2608 3453 auetudine
2641 3410 2948 3462 accurrere,
2975 3406 3024 3448 et
3058 3404 3208 3449 extra
3232 3393 3679 3448 consuetudinem
3711 3394 3904 3448 deten-

2325 3495 2412 3542 tus
2439 3494 2544 3540 est.
2586 3484 2642 3540 Si
2677 3485 2821 3538 enim
2855 3484 3087 3538 maxime
3131 3495 3188 3537 et
3229 3483 3481 3536 inimicus
3520 3492 3779 3543 vocatur,
3811 3487 3906 3536 ad-

2325 3577 2599 3633 versarius
2629 3575 2879 3631 diabolus
2909 3589 2924 3627 :
2949 3575 3074 3645 quia
3098 3575 3242 3630 enim
3277 3583 3331 3628 et
3356 3574 3557 3628 inimici
3588 3577 3776 3628 crucis
3805 3576 3887 3627 di-

2325 3679 2518 3724 cuntur
2563 3669 2812 3724 homines
2841 3666 2918 3738 (8)
2965 3682 3118 3722 :non
3156 3669 3282 3737 quia
3335 3667 3584 3722 inimicus
3645 3669 3895 3721 nomina-

2329 3771 2435 3827 tur,
2474 3759 2588 3830 jam
2624 3759 2846 3828 aqualis
2876 3768 2980 3815 est.
3024 3758 3138 3813 Non
3172 3760 3316 3815 enim
3361 3759 3643 3830 cqitaliter
3671 3759 3881 3814 habens

2328 3851 2580 3906 virtutem
2617 3851 2818 3904 dicitur
2873 3851 3243 3918 adversarius,
3307 3854 3400 3907 sed
3451 3852 3570 3906 ideo
3606 3853 3737 3920 quia
3799 3867 3900 3905 non

2327 3940 2502 4010 placet
2548 3941 2658 4006 Deo
2678 3940 2795 4011 ejus
2831 3940 3156 4012 malignitas.
3201 3940 3319 3996 Non
3365 3944 3502 3996 sicut
3536 3945 3782 3997 tenebrae
3823 3944 3900 3996 vi-

2328 4034 2522 4087 dentur
2572 4031 2762 4087 lumini
2813 4047 2882 4086 ex
2927 4034 3120 4100 aequali
3151 4034 3354 4088 virtute
3387 4034 3740 4098 adversariae,
3780 4039 3899 4105 quia

2330 4134 2479 4178 tanta
2501 4123 2744 4179 detinent
2775 4125 2948 4194 spatia
2981 4126 3237 4189 tenebar,
3275 4137 3476 4195 quanta
3504 4137 3557 4179 et
3585 4125 3795 4181 lumen.
3849 4128 3899 4182 Si

2302 4255 2305 4258 .
2328 4226 2510 4268 autem
2536 4223 2592 4270 et
2621 4215 2725 4269 hoc
2755 4213 2886 4278 tale,
2914 4230 3018 4270 non
3051 4216 3123 4269 ita
3156 4215 3472 4271 adversatur
3495 4219 3745 4272 diabolus
3773 4219 3897 4281 lien,

2330 4321 2433 4360 non
2481 4321 2549 4361 ex
2585 4307 2915 4375 cqualitate,
2942 4310 3038 4364 sed
3082 4309 3205 4379 quia
3232 4308 3373 4364 Deus
3405 4311 3642 4379 maligno
3669 4327 3776 4364 non
3811 4312 3898 4366 de-

2335 4399 2566 4452 Iectatur
2593 4417 2608 4455 :
2638 4408 2694 4454 et
2731 4413 2794 4454 ex
2832 4413 2899 4454 eo
2941 4398 3088 4469 quod
3128 4403 3379 4466 vertitur,
3421 4409 3474 4454 et
3527 4417 3631 4454 non
3685 4402 3801 4456 vult
3848 4414 3898 4458 et

663 4486 904 4552 permisit
958 4486 1224 4540 diabolum
1294 4500 1414 4542 ante
1480 4501 1824 4557 conspectum
1894 4507 2068 4546 suum.
2119 4492 2222 4546 Sed
2255 4515 2298 4571 ι)
2337 4492 2477 4555 odit,
2509 4493 2551 4546 si
2587 4502 2764 4546 tamen
2797 4495 2871 4547 ita
2903 4494 3064 4547 debet
3089 4493 3216 4559 dici,
3251 4495 3472 4547 adversa
3507 4493 3758 4549 voluntas
3795 4513 3894 4556 tsi.

663 4575 764 4629 hoc
822 4577 894 4628 ita
951 4588 1054 4630 est.
1106 4579 1246 4630 Vidit
1303 4580 1543 4634 diabolus
1609 4581 2008 4636 immaculatum
2053 4599 2066 4634 :
2110 4599 2226 4651 pro-
2330 4602 2433 4638 non
2465 4595 2641 4640 tamen
2675 4586 2864 4640 virtus.
2891 4586 2947 4639 Si
2978 4586 3121 4639 enim
3169 4600 3340 4653 neque
3370 4588 3437 4638 ab
3473 4587 3786 4642 hominibus
3821 4598 3898 4643 est

662 4667 870 4734 pernvit
907 4667 1178 4736 imponere
1224 4671 1510 4724 maculam.
1554 4673 1896 4741 Quaecunque
1944 4675 2085 4728 enim
2114 4692 2225 4729 mo-

665 4755 838 4809 tiones
881 4770 1035 4810 erant
1085 4759 1280 4812 diaboli
1332 4761 1616 4815 adversum
1653 4762 1785 4823 Job,
1831 4764 1943 4817 haec
1981 4781 2077 4833 per
2112 4780 2225 4819 ser-

663 4862 845 4901 mones
890 4860 1249 4903 coutexuntnr
1292 4853 1343 4904 in
1385 4852 1692 4922 Scriptura;
1741 4867 1928 4922 utpote
1979 4858 2022 4911 si
2074 4859 2223 4912 dice-

666 4938 754 4990 bat
803 4939 1045 4993 diabolus
1108 4941 1175 4995 ad
1249 4945 1730 5011 semctipsutn:Si
1804 4963 1908 5000 non
1979 4949 2220 5002 timerem

665 5027 848 5088 Deum,
900 5040 1169 5099 tangerem
1220 5035 1398 5086 omnia
1440 5050 1558 5102 quze
1611 5037 1764 5090 habet
1801 5037 1942 5102 Job;
2006 5039 2227 5094 abstulit

664 5119 726 5171 ab
768 5135 831 5172 ro
867 5120 1007 5174 Deus
1052 5124 1317 5189 timorem,
1359 5134 1413 5177 et
1461 5144 1564 5178 non
1619 5129 1906 5194 prohibuit.
1964 5129 2215 5184 Contexi-

668 5219 754 5262 tur
789 5210 898 5276 jam
951 5216 1269 5282 compositio
1315 5215 1460 5272 libri.
1504 5217 1647 5270 Dixit
1692 5220 1953 5281 diabolus,
2004 5230 2057 5275 et
2097 5223 2229 5275 dixit

667 5300 823 5356 Deus.
865 5303 973 5358 lloc
1007 5316 1108 5370 est,
1146 5307 1313 5360 voluit
1373 5308 1636 5373 diabolus,
1684 5320 1736 5363 et
1798 5329 1899 5366 non
1959 5313 2231 5378 prohibuit

666 5396 822 5449 Deus.
879 5397 986 5451 Cur
1035 5411 1212 5453 autent
1262 5417 1367 5456 non
1412 5406 1720 5472 prohibuit?
1775 5407 1905 5471 Quia
1967 5423 2068 5461 non
2146 5407 2226 5460 in-

2330 4675 2529 4729 nielior
2561 4675 2808 4730 diabolus
2841 4691 3017 4743 neque
3061 4674 3272 4738 fortior,
3311 4691 3428 4744 qua
3461 4679 3652 4729 horum
3690 4681 3884 4745 proba-

2331 4768 2401 4819 tio
2427 4767 2450 4819 ?
2475 4767 2614 4832 Quid
2670 4766 2786 4821 vult
2837 4767 3120 4821 diabolus?
3157 4766 3513 4821 Perditionem
3565 4769 3845 4822 hominum
3879 4789 3890 4823 :

2327 4858 2370 4911 si
2400 4858 2637 4911 correxit
2663 4857 2844 4922 homo,
2881 4856 3074 4911 fortior
3108 4858 3197 4912 illo
3216 4870 3320 4913 est.
3365 4859 3421 4912 Si
3454 4873 3631 4913 autem
3658 4863 3892 4928 quotidie

2331 4950 2595 5019 spoliatur
2621 4960 2675 5004 et
2705 4950 3035 5012 denudatur,
3069 4961 3122 5004 et
3151 4961 3448 5004 evacuatur
3476 4951 3564 5019 qui
3595 4950 3892 5006 hominibus

2331 5057 2526 5096 nocere
2564 5044 2859 5104 contendit,
2890 5053 2945 5098 et
2986 5059 3090 5096 non
3128 5054 3326 5111 potest,
3355 5045 3448 5098 sed
3480 5044 3699 5098 nomine
3721 5044 3810 5099 Dei
3844 5057 3892 5099 et

2331 5137 2731 5204 nuncupatione
2772 5136 2904 5200 sola,
2933 5146 2988 5190 et
3045 5138 3111 5190 ab
3154 5137 3461 5190 hominibus
3497 5136 3735 5189 vincitur
3766 5156 3778 5189 :
3809 5139 3889 5203 qui

2329 5242 2463 5296 ergo
2501 5242 2607 5280 nou
2638 5227 2819 5281 sulfert
2856 5229 3312 5295 nunwpationem
3344 5227 3459 5292 Dei,
3483 5227 3756 5296 quomodo
3793 5230 3890 5281 vir-

2332 5329 2499 5371 tutem
2527 5325 2706 5386 posset
2731 5316 2957 5373 sufferre
2986 5319 3076 5372 Dei
3099 5319 3121 5371 ?
3143 5319 3207 5373 Et
3229 5329 3376 5374 certe
3403 5334 3501 5373 nec
3521 5319 3696 5389 ipsum
3729 5320 3888 5373 Adam

2342 5425 2645 5480 provocans
2671 5411 2817 5472 vicit,
2857 5412 2951 5466 sed
2981 5411 3212 5467 suadens
3236 5423 3292 5467 et
3317 5413 3591 5482 decipiens
3608 5422 3662 5466 et
3688 5410 3887 5468 fallens.

736 5596 779 5626 ’⁵
806 5595 1052 5663 Ζιιςιιμιι,
1089 5602 1137 5652 4.
1217 5601 1257 5628 ³⁷
1288 5597 1382 5653 Job
1416 5615 1473 5659 ιι.
1504 5601 1549 5656 l.
1614 5604 1656 5634 ³³
1687 5603 1847 5658 Marc.
1877 5621 1926 5668 v,
1962 5606 2021 5670 9;
2058 5605 2188 5663 Luc.

2336 5649 2349 5676 ,
2378 5606 2466 5664 50.
2546 5611 2586 5642 "
2621 5608 2843 5667 Zacliar.
2890 5626 2972 5675 Ill,
2999 5611 3055 5665 Ξ.
3134 5611 3177 5642 ³⁸
3203 5610 3327 5664 Luc.
3366 5627 3415 5677 x,
3457 5609 3540 5666 l9.

744 5749 819 5816 t8)
852 5747 948 5803 Ms.
991 5751 1122 5813 Quia
1151 5764 1192 5807 et
1222 5756 1413 5808 inimici
1442 5775 1484 5808 σι
1505 5759 1609 5811 ucis
1634 5760 1876 5813 dicuntur
1900 5763 2149 5816 homines.
