4048 6322
196 391 329 449 ΙΙΞΙ

1150 378 1237 435 DE
1277 373 1743 434 INCORPOBALI
1783 374 1874 429 ET
1913 370 2255 431 INVISIBILI
2292 369 2449 426 νει).

3317 371 3457 423 “'2‘!

196 507 314 561 Hoc
347 515 524 561 autem
566 500 899 558 inllrmitatis
943 506 1027 555 est
1065 512 1222 568 opus.
1261 495 1536 563 Quantum
1571 492 1637 546 ad
1659 493 1775 546 dia-
1804 498 1851 555 Α
1878 489 2008 545 tiam
2056 489 2122 543 ad
2161 488 2448 543 Dominum
2500 482 2832 554 religiosam,
2865 479 2932 537 ad
2975 483 3457 552 eonservosjusti-

195 598 381 654 bolum
410 604 641 666 spectat,
666 592 808 646 nulla
837 593 928 659 sit,
962 591 1154 661 inquit,
1182 590 1337 657 virgo
1362 603 1375 639 :
1413 588 1648 643 vincitur
1675 602 1775 639 au-

196 692 311 738 tem
341 697 370 735 a
405 678 594 735 tantis.
625 677 898 745 Quantum
926 675 1071 729 enim
1115 676 1183 729 ad
1214 671 1485 727 diabolum
1513 668 1772 741 pertinet,

196 788 271 828 ne
304 771 516 841 quidem
540 784 679 825 unus
706 769 968 823 salvator.
998 766 1067 821 At
1110 766 1311 836 nuptim
1350 766 1594 837 honesta:
1622 771 1770 828 sunt,

196 873 259 919 et
279 862 518 917 diabolus
555 877 585 916 a
619 861 786 916 tantis
830 870 911 916 est
946 860 1195 915 obrutus.
1225 858 1500 926 Quantum
1530 855 1676 911 enim
1707 855 1773 908 ad

196 954 473 1009 diabolum
497 953 752 1024 pertinet,
783 952 961 1007 nullus
989 966 1205 1006 sursum
1234 950 1463 1019 aspiciat
1494 962 1729 1017 unquam
1755 963 1770 1001 :

195 1046 557 1116 disrumpitur
585 1055 764 1099 autem
790 1053 973 1098 tantos
1007 1043 1221 1098 videns.
1253 1044 1528 1109 Quantunt
1566 1040 1632 1094 ad
1657 1037 1776 1093 dia-

194 1135 409 1196 bolum.
436 1149 505 1189 ne
534 1134 755 1204 quidem
787 1136 1072 1203 vestigium
1120 1132 1390 1204 pudicitia:
1420 1132 1538 1185 vult
1565 1146 1687 1185 esse
1720 1130 1772 1183 in

196 1236 371 1283 terra.
406 1226 633 1282 Ferittnt
674 1235 850 1281 autem
884 1226 976 1296 qui
1022 1226 1333 1295 percutiunt
1372 1240 1469 1281 cor
1516 1223 1773 1279 errantis.

202 1319 479 1386 Quantum
531 1318 597 1371 ad
642 1317 915 1374 diabolum
942 1358 956 1382 ,
996 1332 1096 1373 nec
1142 1330 1337 1371 nomen
1384 1316 1613 1386 justitite
1654 1330 1776 1373 esse

199 1412 377 1479 cupit.
411 1409 511 1476 Qui
551 1420 729 1463 autem
771 1409 960 1463 dicunt
988 1409 1228 1477 peccavi,
1258 1408 1401 1463 illius
1422 1425 1583 1465 aures
1613 1412 1777 1466 casti-

197 1508 352 1570 gant.
376 1496 491 1551 Non
519 1497 634 1551 vult
669 1498 1043 1566 pmniteutiam
1077 1513 1219 1560 esse,
1259 1507 1313 1550 et
1337 1495 1566 1553 edicitur
1598 1502 1774 1568 pmni-

201 1592 394 1646 tentia.
442 1589 621 1643 Movet
667 1590 1127 1658 persecutionem,
1186 1597 1243 1642 et
1292 1590 1423 1642 litmt
1479 1600 1772 1661 martyres.

198 1682 415 1750 Quanta
444 1679 558 1749 ejus
589 1681 760 1748 capita
795 1679 963 1734 incisa
1001 1680 1170 1734 sunt?
1215 1680 1315 1734 hoc
1342 1689 1425 1735 est
1451 1680 1618 1749 ipsius
1655 1680 1775 1734 dia-

201 1775 333 1829 boli.
359 1772 490 1842 Quae
511 1775 656 1827 enim
682 1772 1114 1841 inciduntur‘pro
1137 1772 1353 1827 Christo
1383 1775 1581 1843 capita,
1604 1774 1772 1843 ipsius

1876 583 2033 647 tiam,
2065 582 2256 636 videns
2275 581 2403 650 quia
2430 594 2564 633 oves
2593 594 2730 648 quas
2770 577 3033 647 orphanis
3062 576 3368 639 occidebat,
3401 588 3458 633 et

1880 681 2065 726 tauros
2104 684 2336 739 quorum
2368 680 2565 722 carnes
2591 667 2766 720 viduae
2793 675 2850 720 et
2891 663 3123 733 orphani
3161 666 3458 722 manduca-

1875 763 2033 829 bant.
2067 773 2124 819 et
2156 761 2336 817 omnis
2368 760 2644 830 possessio
2674 759 2827 827 cujus
2858 768 2977 812 erat
3007 759 3355 828 dispensator
3385 760 3454 813 ad

1874 867 1971 907 eos
2013 853 2104 921 qui
2140 850 2411 905 habebant
2444 850 2603 914 nihil,
2635 850 2687 902 in
2730 863 2839 902 uno
2883 852 3161 902 m‘omento
3199 857 3454 917 tanquam

1877 957 1908 997 a
1937 942 2046 996 Deo
2073 940 2474 1005 ablata,nonne
2493 938 2784 993 doluisset?
2817 937 2921 993 Sed
2947 935 3048 991 Job
3085 936 3290 1008 gratias
3319 936 3453 1006 egit,

1878 1043 2005 1102 puta
2035 1033 2162 1102 quia
2195 1031 2383 1085 omnia
2414 1029 2593 1085 subito
2616 1030 2836 1099 abrepta
2865 1038 2989 1084 sunt
3016 1027 3153 1096 ejus,
3186 1027 3453 1096 siquidem

1876 1133 1931 1179 et
1956 1123 2074 1177 lilii.
2104 1122 2159 1177 Si
2195 1133 2374 1176 autem
2400 1130 2454 1176 et
2482 1121 2603 1187 lilii,
2639 1130 2696 1175 ut
2726 1121 2857 1189 quid
2896 1120 2984 1173 tali
3028 1116 3236 1173 morte?
3265 1118 3374 1174 Cur
3400 1117 3454 1172 in

1878 1216 2009 1284 ipsis
2050 1215 2253 1269 mensis
2278 1211 2437 1267 simul
2462 1227 2650 1266 omnes
2680 1211 2868 1265 decem
2898 1210 3143 1279 oppressi
3186 1208 3354 1263 sunt?
3386 1207 3457 1264 Et

1879 1308 1981 1362 hoc
2012 1308 2206 1361 iterum
2245 1303 2540 1374 putabatur
2574 1305 2712 1358 Dens
2762 1302 2980 1355 fecisse.
3018 1300 3149 1354 Puta
3176 1302 3303 1370 quia
3336 1316 3456 1354 om-

1878 1397 1963 1451 nis
1990 1396 2222 1451 facultas
2248 1403 2303 1448 et
2342 1394 2612 1462 possessio
2664 1400 2718 1445 et
2765 1392 2886 1445 lilii.
2934 1390 3071 1456 Quid
3116 1401 3296 1444 autem
3329 1393 3457 1459 quia

1876 1498 1932 1543 et
1982 1501 2113 1541 caro
2145 1485 2313 1555 ipsius
2353 1480 2453 1535 Job
2497 1480 2871 1552 expugnaturi
2897 1480 2962 1535 Et
2998 1483 3112 1535 lucc
3143 1480 3324 1534 omnia
3358 1495 3458 1549 pu-

1876 1588 1989 1632 tata
2028 1587 2159 1631 sunt
2202 1592 2321 1632 esse
2358 1592 2386 1630 a
2411 1576 2542 1639 Deo,
2569 1586 2623 1628 et
2662 1588 2755 1642 per
2779 1574 2891 1627 lure
2918 1573 3167 1625 universa
3194 1567 3295 1624 Job
3335 1586 3460 1637 gra-

1881 1671 1983 1725 tias
2018 1671 2127 1739 egit
2177 1668 2307 1723 Deo.
2350 1666 2464 1722 Non
2516 1667 2682 1736 igitur
2709 1674 2760 1717 te
2788 1671 2991 1717 terreat
3030 1661 3317 1716 diabolus:
3347 1676 3455 1714 non

1878 1764 1950 1816 sit
1976 1761 2171 1815 domus
2212 1773 2402 1822 vacua,
2436 1773 2609 1827 neque
2635 1756 2706 1809 illi
2730 1764 2945 1825 parata,
2978 1762 3031 1807 et
3054 1767 3158 1806 non
3193 1753 3355 1807 habet
3383 1752 3454 1804 io-

194 1866 381 1934 capita
420 1865 681 1927 incidunt,
708 1863 990 1932 quntiesin
1027 1862 1246 1917 ﬂamma
1288 1873 1375 1919 est
1410 1842 1774 1919 missusante

1886 1866 2024 1905 cum.
2074 1851 2156 1904 Sit
2187 1851 2283 1904 tibi
2339 1847 2671 1917 comparatio
2721 1843 2824 1899 Job
2870 1846 2936 1898 ad
2973 1842 3251 1897 victoriam
3282 1858 3297 1895 :
3325 1856 3458 1895 con-

196 1957 500 2028 gehennam
557 1956 609 2009 in
647 1956 922 2025 gehenna!
952 1956 1271 2023 Quicunque
1312 1956 1457 2008 enim
1494 1954 1619 2009 facti
1647 1966 1777 2011 sunt

199 2046 576 2102 holocaustum
605 2047 841 2108 Christo,
872 2046 960 2101 isti
1009 2047 1279 2102 diabolum
1321 2057 1777 2115 consumpserunt

198 2137 333 2207 igni,
368 2146 421 2191 et
447 2138 539 2191 alii
564 2152 687 2192 eum
720 2138 1153 2208 prafocaverunt
1191 2140 1244 2192 in
1280 2139 1439 2202 mari,
1468 2139 1556 2193 alii
1590 2150 1772 2195 autem

197 2228 472 2282 dederunt
514 2229 632 2297 ejus
663 2242 860 2298 corpus
908 2231 1176 2284 meatibus
1221 2228 1527 2284 ﬂuviorum.
1576 2230 1772 2297 Quanti

194 2333 327 2373 eum
375 2320 693 2374 torserunt?
721 2320 897 2375 Etiam
932 2320 968 2373 ii
1001 2320 1092 2390 qui
1126 2320 1230 2375 visi
1274 2331 1399 2374 sunt
1423 2323 1684 2391 superati.
1717 2323 1774 2377 Si

195 2408 351 2468 enim
376 2420 431 2464 et
454 2410 580 2464 vicit
606 2413 963 2481 quorumdam
1007 2427 1255 2481 corpora,
1285 2413 1377 2467 sed
1406 2428 1511 2467 non
1539 2415 1776 2482 pruden-

198 2507 333 2560 tiam
367 2516 421 2560 et
444 2502 800 2561 intellectum.
839 2504 1103 2573 Malignus
1131 2504 1335 2557 athleta
1367 2513 1471 2569 est,
1497 2514 1553 2559 et
1587 2504 1769 2559 incon-

195 2599 470 2654 sideratus
503 2610 762 2654 certator.
790 2597 925 2653 Cum
951 2596 1095 2650 ettim
1127 2598 1343 2650 videtur
1382 2595 1547 2652 ferire
1576 2596 1771 2661 alium,

198 2692 552 2763 semetipsum
609 2691 895 2761 percussit.
957 2687 1108 2754 Quod
1166 2688 1334 2741 habes
1390 2687 1662 2758 negotium
1709 2687 1777 2741 ad

196 2780 325 2845 Job,
361 2797 395 2835 ο
421 2782 667 2836 diabole?
703 2781 769 2837 Ut
808 2782 935 2851 quid
981 2787 1155 2834 victus
1194 2779 1293 2832 es?
1319 2779 1579 2845 peccasti,
1610 2788 1773 2845 tace;

200 2872 379 2925 victus
412 2886 493 2934 es,
519 2872 760 2936 quiesce.
792 2870 897 2926 Sed
931 2868 1189 2931 secundo,
1222 2870 1418 2937 inquit,
1450 2879 1663 2939 oportet
1691 2886 1778 2925 me

201 2964 349 3018 vinci
386 2984 397 3018 :
431 2980 536 3018 non
570 2964 695 3032 quia
732 2965 846 3019 haec
879 2964 1068 3028 voluit,
1113 2963 1209 3017 sed
1248 2965 1375 3031 quia
1417 2962 1531 3016 hare
1582 2976 1777 3033 passus

204 3064 313 3109 est.
366 3054 503 3121 Quid
558 3054 926 3109 intremiscis?
975 3053 1114 3119 Quid
1166 3050 1505 3110 times?an
1556 3069 1660 3108 non
1696 3065 1779 3108 est

200 3147 456 3214 angelus,
491 3148 584 3201 sed
619 3149 783 3201 homo
832 3143 1094 3207 mortalis,
1123 3142 1211 3197 cui
1242 3143 1636 3198 colluctabatur
1661 3143 1777 3197 dia-

205 3238 363 3292 bolus
397 3237 760 3299 invisibiliter,
794 3236 965 3289 victus
1008 3243 1185 3289 autem
1229 3244 1312 3288 est
1367 3233 1671 3288 visibiliter.
1704 3232 1773 3287 Et

204 3344 276 3382 ne
318 3329 482 3382 lateat
535 3338 585 3381 te
634 3328 777 3381 illius
818 3328 1103 3397 pat‘iditas.
1136 3326 1463 3381 Certabatur
1494 3326 1641 3378 enim
1675 3339 1779 3377 non

204 3434 476 3487 apparens
506 3437 518 3471 :
550 3429 605 3473 et
633 3434 737 3471 non
767 3418 909 3472 sicut
937 3419 988 3471 iu
1014 3417 1202 3472 stadiis
1228 3426 1281 3471 et
1311 3416 1783 3471 colluctationibus

206 3510 338 3564 nudi
377 3510 442 3562 ad
487 3510 659 3563 nudos
702 3518 1001 3573 certantur,
1041 3510 1134 3564 sed
1187 3510 1360 3562 latens
1411 3508 1688 3569 mittebat,
1728 3518 1785 3561 et

205 3616 318 3654 non
347 3614 615 3667 apparens
640 3598 886 3663 feriebat,
918 3607 973 3653 et
1000 3598 1312 3667 percutiens
1342 3597 1517 3651 victus
1548 3609 1649 3651 est.
1681 3595 1782 3651 Job

204 3690 352 3746 enim
406 3691 672 3760 ignoravit
724 3692 845 3759 quis
894 3700 1039 3744 esset
1082 3690 1174 3759 qui
1198 3689 1502 3745 luctaretur
1532 3689 1599 3743 ad
1632 3702 1776 3753 eum,

206 3781 306 3835 sed
348 3790 404 3834 et
444 3784 652 3850 putavit
685 3793 736 3835 et
772 3782 931 3848 dixit,
964 3782 1090 3851 quia
1123 3796 1153 3834 a
1204 3781 1315 3834 Deo
1363 3778 1527 3833 habet
1577 3777 1782 3848 plagas.

204 3876 364 3929 Alius
414 3884 533 3928 erat
589 3875 679 3942 qui
734 3877 1024 3943 pugnabat,
1078 3883 1132 3928 et
1176 3873 1314 3926 alius
1347 3871 1436 3939 qui
1490 3871 1787 3939 putabatur

207 3965 521 4019 emendare.
552 3964 663 4017 Hoc
688 3966 888 4017 furtum
920 3964 1090 4033 magis
1122 3979 1280 4031 quam
1308 3963 1450 4016 lucta
1480 3970 1582 4015 est.
1612 3962 1782 4013 Adam

208 4054 422 4107 seducit
451 4069 465 4105 :
497 4055 564 4108 ab
596 4054 695 4108 Job
724 4056 1046 4109 occultatur.
1071 4054 1171 4109 Job
1203 4056 1347 4108 enim
1384 4054 1673 4107 admiratio
1699 4067 1785 4107 est

211 4147 342 4211 ista,
395 4148 519 4217 quia
570 4158 765 4217 putans
819 4165 847 4201 a
892 4149 1001 4201 Deo
1044 4148 1147 4201 sibi
1187 4148 1378 4201 venire
1430 4145 1637 4215 plagas,
1676 4162 1786 4199 non

212 4242 468 4294 conscius
497 4253 675 4295 autem
711 4240 811 4294 sibi
844 4252 1144 4309 peccatum,
1186 4239 1526 4293 cuttvertitur
1562 4239 1629 4290 ad
1670 4237 1788 4291 dia-

212 4333 399 4385 bolum
442 4336 666 4403 sagittas
696 4347 816 4402 quae
854 4332 1022 4402 ipsius
1063 4340 1242 4386 erant.
1275 4329 1375 4384 Job
1414 4329 1559 4383 enim
1592 4339 1789 4397 putans

218 4424 390 4477 Deum
416 4439 538 4478 esse
564 4425 653 4494 qui
694 4423 902 4487 feriret,
931 4432 986 4477 et
1035 4424 1341 4492 suspicatus
1368 4430 1451 4476 est
1484 4436 1604 4476 esse
1628 4436 1657 4473 a
1683 4420 1791 4473 Deo

218 4517 445 4588 plagas:
478 4526 531 4568 et
577 4525 772 4584 putans
824 4515 990 4568 Deum
1036 4530 1153 4569 esse
1197 4516 1288 4585 qui
1336 4514 1545 4576 feriret,
1588 4513 1791 4582 gratias

215 4612 333 4679 egit
364 4611 415 4663 itt
452 4610 635 4679 plagis.
678 4608 989 4678 Magnitudo
1032 4618 1214 4662 autem
1268 4608 1619 4675 malignitatis
1680 4607 1793 4659 dia-

219 4700 335 4754 boli
356 4714 615 4754 conversa
640 4709 721 4753 est
758 4701 823 4754 ad
865 4700 1285 4768 magnitudinem
1314 4714 1642 4753 coronarum
1665 4696 1789 4752 Job.

222 4791 287 4847 Si
314 4792 456 4845 enim
490 4794 654 4845 sciret
678 4795 801 4861 quia
825 4792 1110 4846 adversum
1145 4790 1221 4861 (9)
1256 4790 1495 4843 invidum
1530 4798 1583 4843 et
1618 4789 1797 4841 inimi-

222 4901 349 4939 cum
370 4885 616 4949 haberet,
644 4886 782 4939 forte
805 4884 1194 4939 coutentiosius
1224 4882 1426 4953 egisset
1461 4892 1515 4933 et
1540 4880 1795 4945 alacrius,

220 4986 320 5031 aut
352 4987 405 5030 et
431 4978 911 5046 contemptibilius.
955 4974 1110 5029 Nunc
1140 4986 1317 5029 autem
1352 4974 1526 5027 malus
1560 4974 1711 5027 canis
1746 4982 1800 5026 et

225 5068 530 5123 malitiosus
568 5070 721 5139 lupus
758 5070 1105 5137 semetipsum
1139 5068 1400 5131 occultat,
1438 5076 1494 5121 et
1521 5078 1795 5136 pastorem

223 5162 497 5228 producit,
552 5171 607 5215 et
660 5160 758 5215 Job
804 5162 1220 5216 admirationem
1275 5161 1520 5215 adauxit.
1581 5160 1685 5214 Per
1735 5175 1799 5215 ea

222 5254 373 5307 enim
404 5270 522 5323 quae
556 5256 762 5323 putavit
788 5255 1021 5308 maxime
1044 5268 1101 5307 se
1126 5254 1409 5325 instigare,
1448 5267 1542 5321 per
1570 5258 1687 5305 11290
1713 5251 1798 5304 itt-

224 5345 457 5414 stigatus
475 5358 530 5401 et
560 5349 752 5410 victus,
784 5356 838 5401 et
873 5362 1037 5417 supra
1071 5361 1285 5401 omnem
1325 5361 1475 5416 spem
1510 5354 1798 5413 superatus

224 5443 466 5498 ostendit
495 5445 778 5497 victorem.
825 5441 956 5507 Quis
1004 5441 1147 5495 enim
1181 5448 1233 5493 et
1262 5438 1489 5493 sullerre
1534 5440 1799 5508 potuisset

229 5538 410 5592 sciens
442 5550 593 5589 suam
625 5536 788 5586 vitam
819 5531 1258 5587 itnmaculatam?
1288 5530 1477 5587 Sciens
1506 5531 1793 5587 conscien-

304 5648 346 5681 "
383 5648 461 5703 lsa
517 5649 719 5714 “1,”.

306 5740 381 5810 (9)
409 5740 715 5794 Adversum.
748 5737 847 5792 Pro
878 5739 1256 5791 adversarium.

302 5812 410 5872 (10)
446 5813 674 5868 ι’νοιιιὶι.
711 5810 871 5865 Forte
898 5810 1147 5862 vrodtdtt.

1880 1945 2030 1998 disce
2071 1958 2166 2012 per
2199 1957 2321 1995 eum
2355 1940 2560 1994 inimici
2592 1936 2982 1992 inﬁrmitatem.
3009 1935 3114 1989 Sed
3144 1934 3278 1989 dicis
3305 1951 3321 1987 :
3350 1948 3456 1985 non

1880 2037 2026 2089 enim
2058 2035 2278 2088 abducit
2305 2042 2359 2086 et
2391 2028 2769 2086 adducitloca.
2797 2037 3009 2097 gentes,
3040 2024 3268 2092 populos
3291 2038 3460 2093 quan-

1882 2136 1967 2181 tos
2006 2135 2061 2180 et
2110 2122 2397 2178 videmus?
2424 2120 2658 2174 Adducit
2688 2138 2703 2173 :
2735 2121 2827 2173 sed
2870 2126 2925 2171 et
2960 2125 3209 2184 apportat
3240 2128 3335 2167 eos
3362 2113 3454 2180 qui

1880 2217 2089 2280 volunt,
2125 2214 2261 2282 fugit
2302 2222 2485 2264 autem
2530 2224 2622 2263 eos
2654 2208 2742 2276 qui
2786 2207 3083 2272 increpant.
3135 2202 3271 2255 Cum
3306 2203 3453 2255 enim

1881 2308 2027 2362 dedit
2055 2306 2103 2360 ei
2145 2306 2322 2357 locum
2366 2301 2561 2366 Judas,
2600 2301 2875 2365 ingressus
2920 2304 3003 2349 est
3039 2296 3091 2347 in
3120 2293 3239 2363 ejus
3267 2295 3454 2357 corde,

1880 2399 2092 2454 furatus
2119 2405 2223 2460 est,
2260 2395 2461 2463 prodiit
2490 2390 2622 2464 (ιυ).
2651 2388 2845 2443 Petrus
2876 2385 2923 2439 ei
2954 2385 3127 2439 lactus
3152 2393 3237 2439 est
3261 2393 3411 2452 petra
3442 2404 3454 2439 :

1880 2491 2054 2559 magis
2076 2489 2219 2542 enim
2255 2485 2484 2554 plagavit
2517 2496 2675 2551 quam
2708 2479 2952 2546 plagatus
2984 2484 3089 2531 est.
3133 2473 3240 2529 Sed
3274 2474 3410 2527 dicis
3439 2492 3453 2528 :

1880 2597 1985 2636 non
2008 2578 2219 2649 negavit
2247 2574 2463 2631 Petrus?
2482 2569 2685 2640 Quart?
2705 2578 2919 2638 quando
2944 2568 3169 2621 necdum
3190 2576 3309 2620 erat
3331 2580 3456 2618 cru-

1880 2671 1959 2725 cis
2002 2681 2257 2737 tropa-utn
2297 2676 2559 2719 erectum.
2597 2662 2775 2715 Nolite
2803 2673 2924 2713 esse
2962 2658 3153 2720 timidi,
3179 2656 3344 2725 nolite
3374 2656 3460 2708 in-

1880 2762 2025 2832 digni
2062 2775 2090 2813 a
2126 2763 2361 2826 proavis.
2398 2759 2601 2809 Aurum
2641 2750 2858 2821 quidem
2908 2749 3001 2802 Dei
3033 2758 3113 2802 est
3146 2763 3159 2800 :
3190 2746 3460 2811 dicamus,

1880 2855 2041 2908 aliers
2070 2853 2275 2924 ignem,
2307 2848 2467 2903 ali‘ers
2502 2846 2760 2917 gladium,
2792 2842 3070 2905 addentes,
3118 2839 3298 2894 omnia
3337 2855 3465 2909 pos-

1882 2959 2003 3001 sum
2062 2952 2283 3011 propter
2343 2953 2467 2993 eum
2504 2936 2598 3006 qui
2628 2934 2885 2989 misertus
2932 2940 3014 2985 est
3053 2930 3207 2983 mihi.
3239 2929 3464 2985 Gladius

1883 3037 2066 3091 Jesunt
2104 3048 2208 3088 non
2251 3030 2462 3095 incidit,
2500 3042 2672 3097 neque
2703 3026 2845 3095 ignis
2884 3038 3006 3080 eum
3045 3023 3335 3087 consumit,
3367 3024 3463 3075 sed

1884 3129 2091 3182 incisus
2148 3123 2438 3193 aliquando
2486 3130 2571 3174 est
2610 3134 2717 3189 per
2761 3116 2994 3201 clavum.
3023 3114 3163 3181 Quid
3197 3124 3282 3169 est
3321 3115 3466 3183 quod

1886 3222 2115 3275 incisum
2164 3216 2290 3271 est?
2328 3213 2445 3269 Noli
2503 3213 2769 3280 ignorare,
2820 3209 2943 3279 quia
2978 3223 3078 3263 nec
3130 3209 3183 3263 in
3224 3208 3465 3261 animam

1885 3311 2186 3382 ingreditur
2218 3308 2422 3362 clavus.
2458 3304 2741 3358 Passiones
2790 3304 2933 3356 enim
2990 3299 3302 3369 corporales
3346 3314 3469 3355 cor-

1884 3405 2107 3473 poribus
2131 3409 2257 3455 sunt
2283 3396 2668 3453 conducibiles.
2690 3394 2899 3459 Corpus
2919 3406 2946 3444 a
2971 3405 3200 3459 corpore
3216 3389 3419 3459 patitur
3447 3405 3463 3443 :

1887 3492 2223 3563 incorporale
2270 3504 2374 3543 non
2420 3488 2591 3547 ardet,
2618 3500 2722 3539 non
2776 3483 3046 3537 inciditur.
3091 3478 3239 3535 Talis
3276 3488 3467 3535 natura

1892 3599 2000 3638 non
2038 3581 2315 3647 dividitur,
2348 3594 2452 3633 non
2501 3574 2843 3647 prmfocatur.
2888 3571 2943 3628 Si
2975 3573 3116 3625 enim
3143 3572 3467 3625 translatum

1892 3675 2054 3730 fuerit
2082 3688 2300 3742 corpus,
2331 3687 2435 3725 non
2474 3680 2556 3723 est
2589 3668 2677 3721 ubi
2704 3667 2907 3735 capiat.
2952 3664 3058 3719 Sed
3111 3664 3236 3718 nolo
3287 3664 3469 3717 dicere

1889 3767 2031 3838 quod
2082 3766 2345 3833 sequitur,
2369 3762 2492 3831 quia
2553 3774 2653 3812 nec
2682 3757 2908 3811 rationis
2940 3767 3021 3808 est
3074 3753 3468 3821 blasphemiam

1890 3858 2033 3926 loqui
2067 3857 2118 3909 in
2146 3854 2409 3908 Ecclesia.
2452 3852 2525 3904 Ea
2554 3849 2721 3919 igitur
2750 3861 2869 3915 qua:
2898 3847 2962 3900 de
2993 3844 3207 3900 diabolo
3236 3858 3341 3897 non
3366 3844 3469 3897 im-

1893 3986 2120 4049 portune
2174 3980 2551 4034 occurrerunt,
2583 3970 2654 4022 ita
2705 3963 3103 4034 quodammodo
3150 3962 3291 4017 facta
3343 3968 3475 4017 sunt

1896 4068 2203 4123 manifesta.
2258 4065 2367 4119 Nos
2430 4074 2609 4116 autem
2667 4058 3006 4113 contidamus
3061 4057 3114 4108 in
3158 4055 3394 4115 Christo.
3418 4062 3474 4107 et

1894 4161 2230 4217 conﬁdentes
2252 4158 2594 4224 increpetnus
2617 4159 2687 4219 ei,
2712 4164 2767 4209 et
2828 4153 3165 4218 increpantes
3210 4162 3474 4199 ntetttures

1895 4255 2063 4308 simus
2094 4254 2210 4320 ejus
2266 4250 2355 4317 qui
2395 4250 2469 4301 ait
2500 4265 2515 4301 :
2548 4247 2703 4301 Exite
2739 4247 2803 4298 ab
2844 4248 2918 4297 eis
2968 4253 3013 4295 et
3056 4238 3396 4308 separammi,
3424 4246 3473 4288 et

1895 4346 2220 4399 immundum
2264 4358 2325 4393 ne
2372 4340 2733 4409 tetigerttis".
2771 4337 2906 4404 Quid
2946 4336 3090 4388 enim
3129 4333 3210 4387 eis
3252 4339 3305 4384 et
3335 4327 3473 4382 ditii-

1897 4435 2027 4490 ciles
2051 4433 2272 4488 sumus?
2298 4433 2423 4501 quid
2452 4434 2529 4484 eis
2559 4440 2611 4483 et
2646 4426 2973 4483 irascimur?
3000 4439 3119 4493 quae
3144 4422 3287 4478 enim
3318 4435 3474 4491 pmna

1824 4545 1867 4599 υ
1900 4530 2003 4582 alia
2035 4528 2116 4582 eis
2147 4524 2486 4581 debetur?Si
2532 4524 2653 4591 quis
2688 4522 2768 4576 eis
2798 4522 3150 4581 irasceretur,
3179 4517 3363 4585 utique
3390 4514 3476 4569 di-

1900 4629 2047 4675 ceret
2089 4638 2101 4673 :
2137 4618 2381 4687 Spoliare
2405 4660 2419 4683 ,
2456 4616 2725 4669 tlenudare
2750 4652 2766 4675 ,
2795 4613 3100 4679 deturpare,
3140 4608 3477 4679 infrigidare.

1905 4716 2096 4768 Statue
2130 4729 2249 4767 eum
2283 4712 2481 4765 nudum
2534 4711 2586 4764 itt
2644 4709 2867 4777 frigore,
2896 4707 3060 4761 facito
3106 4719 3229 4759 eum
3257 4716 3480 4757 currere

1905 4816 2031 4858 ante
2059 4819 2299 4858 currum.
2324 4802 2555 4856 Laboret
2588 4799 2875 4854 ambulans
2898 4838 2912 4860 ,
2957 4800 3270 4865 deturpetur
3313 4794 3483 4846 denu-

1908 4896 2083 4956 datus,
2110 4896 2253 4947 dicat
2290 4893 2482 4961 turpia.
2543 4890 2680 4955 Quid
2729 4889 2927 4957 qua-ris
2968 4888 3163 4955 punire
3206 4899 3329 4939 eum
3388 4883 3481 4951 qui

1905 4986 2251 5052 semetipsum
2290 4982 2544 5035 damnat?
2573 4979 2771 5035 sufﬁcit
2811 4979 2890 5034 eis
2918 4980 3045 5047 quia
3091 4990 3198 5030 non
3240 4981 3367 5029 sunt
3392 4988 3484 5027 no-

1905 5078 2111 5131 biscum
2152 5094 2166 5131 :
2198 5074 2391 5129 suﬁicit
2430 5073 2586 5128 nobis
2620 5072 2743 5137 quia
2775 5084 2879 5123 non
2932 5082 3122 5123 sumus
3155 5080 3278 5119 cum
3328 5064 3481 5132 ipsis.

1908 5168 2154 5221 Habeant
2181 5169 2323 5234 quod
2352 5166 2574 5229 habent,
2606 5164 2731 5232 quia
2763 5174 2817 5216 et
2853 5160 3058 5215 volunt.
3092 5157 3211 5214 Non
3237 5156 3350 5229 (ll)
3384 5158 3484 5210 ha-

1906 5260 2095 5314 bemus
2124 5276 2284 5330 quem
2316 5261 2598 5320 habemus,
2624 5257 2749 5326 quia
2784 5263 2837 5308 et
2864 5253 3133 5309 volumus.
3181 5252 3289 5305 Sed
3320 5249 3485 5318 fugiat

1905 5360 1960 5404 et
1999 5366 2149 5405 mens
2176 5353 2417 5414 insanos,
2451 5360 2505 5404 et
2526 5350 2681 5403 sileat
2716 5348 2894 5415 lingua
2922 5364 2936 5413 ;
2966 5346 3087 5399 inde
3116 5354 3170 5398 et
3203 5350 3471 5396 converta-

1907 5451 1996 5495 tur
2019 5442 2083 5495 ad
2122 5457 2311 5509 purum
2340 5453 2391 5494 et
2440 5438 2836 5509 incorporalem
2875 5438 3066 5499 Deum,
3094 5435 3161 5487 ad
3212 5442 3485 5493 sanctum.

1906 5544 1959 5586 et
1988 5534 2142 5588 istius
2172 5534 2322 5588 chori
2362 5531 2671 5589 Dominum.
2705 5529 2820 5587 Non
2852 5543 2976 5585 eunt
3025 5528 3337 5597 operiamus
3363 5537 3485 5576 cor-

1981 5732 2091 5803 (ll)
2126 5731 2267 5787 Non.
2305 5734 2378 5786 Att
2415 5734 2553 5786 nos?
