4048 6322
1285 347 1551 405 EUSEBII
1589 344 2063 405 usitatum
2095 345 2247 403 OPP.
2288 344 2474 403 PARS
2509 339 2599 404 IV.
2638 375 2709 390 —
2745 339 3171 401 bonum.

587 478 737 534 pore.
765 462 1236 532 quiauespatitur
1271 478 1424 518 :non
1461 479 1590 518 eam
1642 462 1944 519 vestiamos
2003 464 2163 518 vesti-
2193 468 2239 524 Α
2268 471 2410 517 terra
2461 473 2517 517 ut
2574 459 2870 517 seabellum
2931 467 3143 513 tactum
3189 455 3387 526 pedum
3442 464 3852 518 uenantum.

586 553 930 622 Μανικὰ»
966 569 1066 609 nec
1092 555 1296 625 indiget
1334 572 1349 608 :
1383 571 1489 610 non
1512 557 1562 610 ei
1621 554 1920 611 oleramns
1942 555 2152 612 sacriﬁ-

585 643 692 707 cia,
714 644 835 714 qia
873 660 976 698 nec
1005 647 1160 714 petit.
1188 644 1423 700 Anima
1455 648 1584 714 quid
1618 647 1772 702 dicis.
1823 646 1884 701 Si
1933 647 2146 702 dederis

584 733 631 785 si
660 747 876 802 corpus,
901 734 1161 801 arparaati
1185 735 1233 788 ei
1255 736 1428 789 locem
1452 755 1466 802 ;
1493 737 1841 804 composuisti
1859 735 2158 803 simplicem

583 831 856 887 naturain,
909 824 1227 893 placabilem
1265 823 1436 880 fecisti
1502 826 1912 896 implacabilem.
1945 825 2000 882 in
2042 827 2160 881 loro

582 929 704 967 eum
726 915 814 983 qui
841 926 895 968 et
941 931 968 967 a
994 913 1125 970 locis
1157 915 1292 972 liber
1331 927 1416 972 eat
1464 917 1815 973 constituisti.
1857 917 1912 970 Si
1953 918 2159 974 dixeris

581 1019 800 1075 corpus,
825 1004 978 1059 dabis
1029 1006 1240 1070 oculos,
1287 1006 1439 1060 dabis
1493 1020 1654 1061 aurea
1697 1008 1844 1062 circa
1878 1007 2069 1074 Deum,
2101 1018 2156 1063 et

585 1096 846 1166 linguam,
876 1106 931 1150 et
960 1112 1205 1160 sensum,
1233 1107 1285 1153 et
1310 1111 1452 1162 ossa,
1486 1108 1541 1151 et
1586 1098 1820 1161 viscera,
1846 1108 1898 1152 et
1938 1114 2154 1162 nervos.

579 1196 634 1241 et
656 1201 818 1244 venas
857 1204 870 1239 :
900 1198 955 1240 et
985 1189 1200 1257 ignoras
1228 1189 1300 1243 de
1331 1202 1437 1257 quo
1473 1187 1740 1257 loqueris.
1771 1187 1914 1258 Fuge
1937 1189 2157 1244 demen-

580 1279 731 1342 tiam,
771 1290 827 1331 ut
859 1279 1282 1348 comprehendsa
1310 1296 1414 1334 non
1447 1292 1680 1348 quantus
1716 1289 1799 1336 est
1821 1291 2036 1343 natura,
2059 1282 2154 1337 sed

577 1380 837 1439 quantum
864 1371 956 1423 tibi
986 1369 1238 1438 possibile
1253 1381 1340 1426 est
1366 1384 1542 1440 nosse.
1567 1370 1624 1424 Si
1651 1385 1848 1440 corpus
1872 1383 1957 1426 est
1974 1371 2113 1426 Deus
2137 1389 2152 1425 :

579 1462 701 1522 nais
739 1471 820 1513 est
845 1461 935 1529 qui
978 1469 1274 1529 supportat,
1299 1460 1392 1529 qui
1415 1460 1723 1529 subbajulat
1767 1462 1963 1516 caelum
1991 1463 2013 1516 ἳ
2043 1466 2156 1518 An-

577 1559 794 1618 tequam
825 1566 953 1620 ergo
982 1550 1174 1606 solum
1206 1550 1382 1614 ﬁ’eret,
1419 1550 1508 1605 ubi
1536 1562 1655 1605 erat
1682 1553 1862 1607 Deus?
1893 1552 2060 1608 Terra
2104 1554 2152 1608 ei

575 1641 866 1698 scabellatn
892 1651 974 1695 est
1001 1660 1012 1694 :
1041 1650 1335 1711 antequam
1355 1655 1647 1696 crearetur
1667 1652 1831 1707 terra,
1881 1645 1969 1699 tibi
1999 1654 2154 1700 erant

573 1731 770 1797 pedes?
797 1729 902 1784 Sed
927 1731 1144 1800 quando
1189 1733 1391 1786 dictum
1453 1742 1535 1787 est
1579 1735 1724 1789 hoc:
1767 1734 1966 1792 Catum
2021 1738 2150 1790 mihi

2262 554 2534 623 quomodo
2573 561 2758 624 potest
2785 549 3020 608 transire
3039 549 3337 605 acabellnm
3365 548 3566 618 pedem
3598 547 3853 602 acor-mi

2259 646 2534 715 qomodo
2559 643 2899 701 ambulavit?
2953 644 3051 698 sed
3086 642 3295 697 habitat
3337 641 3482 698 Deus
3523 641 3583 696 in
3629 639 3851 706 animis,

2261 735 2473 790 habitat
2505 747 2562 789 et
2591 733 2909 789 inambulat.
2933 732 3121 788 Latiar
3147 731 3292 785 enim
3323 731 3482 785 sinus
3507 737 3602 784 est
3631 728 3850 796 anima,

2258 839 2420 894 quam
2453 823 2654 878 cmlum
2681 839 2695 876 :
2725 834 2946 880 sanctus
2968 825 3023 878 in
3063 821 3265 877 sanctis
3302 822 3631 892 requiescit.
3658 818 3849 874 Iudai-

2260 914 2412 980 mitri,
2445 915 2640 984 inquit,
2693 911 2968 981 Christum.
3008 910 3214 977 Iesum,
3246 911 3376 968 dicit
3429 912 3740 982 Apostolus
3774 911 3842 962 “.

2258 1003 2452 1070 Quanti
2485 1006 2631 1060 enim
2682 1005 3024 1061 induuntur?
3066 1006 3250 1074 quanti
3285 1013 3341 1058 et
3375 1005 3556 1058 vocati
3619 1013 3776 1067 sunt.
3802 1015 3850 1058 et

2261 1105 2542 1161 vocantur,
2569 1107 2619 1150 et
2643 1095 3018 1152 vocabuntur?
3045 1105 3100 1150 et
3147 1094 3524 1165 unusquisque
3552 1103 3762 1159 totum,
3795 1105 3845 1147 rt

2257 1199 2445 1240 omnes
2477 1194 2670 1250 totum,
2708 1195 2764 1240 et
2795 1198 2973 1254 neque
3009 1183 3270 1238 dividitur
3310 1185 3412 1247 eis,
3466 1196 3659 1250 neque
3717 1183 3846 1237 inci-

2263 1272 2430 1336 ditur,
2484 1288 2660 1343 neque
2717 1273 3005 1336 scinditur,
3055 1281 3110 1326 et
3159 1269 3412 1326 omnibus
3459 1271 3731 1337 adest,et
3783 1275 3846 1324 ab

2259 1362 2513 1416 omnibus
2549 1371 2834 1430 separatus
2867 1370 2971 1424 est,
2998 1368 3054 1414 et
3076 1374 3262 1414 omnes
3299 1359 3474 1428 replet
3508 1375 3521 1410 :
3553 1358 3694 1428 quia
3746 1371 3843 1409 non

2258 1462 2346 1505 est
2380 1467 2580 1519 corpus
2610 1451 2776 1516 Deus,
2809 1466 2986 1520 neque
3012 1464 3209 1518 corpus
3230 1451 3378 1506 circa
3414 1451 3626 1518 ipsum,
3669 1462 3842 1516 neque

2259 1545 2604 1598 vestimenta.
2643 1542 2919 1613 Siquidem
2945 1551 2999 1598 et
3045 1557 3171 1596 cum
3233 1541 3287 1596 in
3341 1553 3581 1607 corpore
3647 1536 3842 1602 Filios,

2257 1650 2356 1690 nec
2385 1646 2512 1692 tunc
2557 1636 2705 1691 cadit
2761 1637 2813 1690 in
2847 1648 3085 1704 corpus:
3124 1633 3216 1688 sed
3250 1631 3420 1702 magis
3475 1631 3841 1700 incorporalia

2257 1739 2448 1780 natura
2507 1723 2825 1780 eilicientiaa
2881 1723 3012 1778 fecit
3050 1738 3250 1791 corpus
3307 1721 3542 1777 auferre
3575 1762 3593 1786 ,
3641 1735 3840 1790 corpus

573 1822 756 1883 sedes,
797 1831 935 1874 terra
995 1831 1166 1875 autem
1221 1823 1508 1876 scabellum
1572 1826 1761 1891 pedum
1808 1827 2133 1882 meorum"?

2249 1817 2396 1870 enim
2423 1830 2587 1884 supra
2627 1813 2826 1870 ﬂuctus
2869 1831 2978 1870 non
3009 1814 3250 1870 ambulat
3283 1813 3328 1853 ιι
3364 1831 3379 1866 :
3417 1812 3736 1866 ambulavit
3757 1827 3839 1867 er-

569 1905 707 1963 Cum
731 1908 890 1963 Israel
927 1927 1176 1980 magnum
1219 1913 1346 1980 quid
1368 1925 1585 1981 saperet
1617 1917 1682 1969 de
1715 1917 1933 1985 templo,
1990 1919 2144 1974 adin-

571 2002 795 2055 vcniens
820 2002 922 2055 sibi
951 2002 1230 2071 templum.
1263 2004 1574 2072 Corripiens
1626 2007 1770 2060 enim
1823 2008 2052 2064 humiles
2091 2018 2147 2065 et

570 2090 888 2156 admonens,
919 2093 1044 2161 quia
1075 2092 1215 2146 Deus
1238 2094 1434 2163 templo
1466 2111 1572 2150 non
1597 2098 1989 2164 circumdatur,
2019 2110 2146 2155 tunc

567 2182 698 2235 dicit
725 2199 738 2235 :
766 2180 962 2237 leum
984 2185 1110 2240 mihi
1139 2186 1284 2240 sedes
1310 2229 1326 2252 ,
1354 2198 1487 2239 terra
1529 2199 1702 2242 autem
1739 2191 2018 2244 scutellum
2052 2208 2145 2258 pe-

566 2270 693 2322 dum
718 2286 968 2324 meorum.
998 2271 1106 2328 Hoc
1134 2284 1190 2327 ut
1218 2277 1400 2341 parvis
1442 2275 1699 2344 loquitur.
1738 2279 1804 2333 Et
1829 2281 1956 2350 quid
1997 2283 2146 2336 addit

567 2359 928 2430 interpretans
950 2377 1012 2416 ea
1046 2378 1164 2432 quae
1188 2364 1324 2419 dixit
1352 2383 1364 2419 :
1396 2366 1565 2431 Quam
1608 2369 1820 2422 domum
1855 2357 2143 2439 aedi/Scabi-

565 2451 634 2502 tis
655 2453 802 2511 mini.
830 2463 877 2507 et
911 2456 1024 2515 quis
1060 2454 1203 2509 locus
1254 2459 1589 2527 requietionis
1651 2477 1780 2516 mete
1800 2462 1884 2517 "i
1908 2465 1986 2517 Ad
2043 2463 2145 2519 hoc

566 2537 694 2591 illud
719 2541 849 2594 utile
877 2559 890 2594 :
918 2540 983 2595 ad
1012 2554 1261 2598 naturain
1286 2558 1464 2601 autem
1494 2564 1561 2602 ne
1577 2550 1792 2619 quidem
1817 2552 1969 2607 illud.
2001 2555 2142 2610 Audi

564 2630 710 2681 enim
739 2629 879 2686 illius
916 2634 1208 2702 magniﬁce
1239 2638 1385 2690 vocis
1413 2639 1817 2695 admirationem
1846 2657 1860 2696 :
1888 2641 1954 2695 In
1987 2659 2144 2697 etae-

568 2717 638 2771 do
671 2729 808 2785 erat,
840 2730 932 2786 et,
986 2726 1118 2778 renit
1163 2728 1232 2778 ed
1270 2727 1518 2781 utendum
1536 2729 1598 2781 “.
1654 2734 1952 2802 Antequam
1998 2735 2142 2789 enim

571 2820 850 2880 putaretur
897 2817 1110 2882 adesse,
1161 2819 1369 2875 aderat.
1409 2821 1523 2877 Non
1559 2834 1641 2878 est
1669 2826 1758 2879 ubi
1790 2841 1894 2880 non
1921 2835 2049 2882 est:
2087 2836 2144 2883 et

562 2900 687 2970 quia
721 2904 920 2977 ubique
965 2918 1066 2974 est,
1097 2924 1202 2964 non
1237 2912 1602 2968 circumdatur
1629 2928 1659 2968 a
1696 2915 1832 2972 loco.
1892 2916 1948 2971 Si
1979 2919 2134 2973 enim

563 2995 620 3050 in
653 2994 772 3052 loco
797 3008 933 3060 erat.
951 3000 1004 3054 in
1035 3003 1143 3059 alio
1172 3001 1289 3059 loco
1313 3019 1419 3060 non
1445 3017 1583 3061 erat.
1609 3006 1744 3074 Quia
1782 3009 1925 3064 enim
1953 3013 2137 3068 omnia

559 3085 752 3159 implet
774 3088 889 3146 loca
911 3131 926 3156 ,
957 3102 1010 3147 et
1047 3095 1298 3151 omnibus
1357 3111 1642 3168 separatus
1667 3109 1770 3166 est,
1803 3105 1983 3167 adest,
2031 3120 2135 3160 non

2248 1924 2315 1979 go
2353 1907 2513 1964 Jesus
2535 1922 2632 1978 per
2661 1923 2879 1978 corpus.
2917 1906 3033 1964 Non
3057 1921 3187 1977 ergo
3220 1905 3394 1961 deitas
3422 1906 3662 1959 deducta
3694 1913 3779 1958 est
3809 1917 3839 1955 a

2247 2013 2497 2069 corpore,
2551 1999 2647 2054 sed
2676 2013 2878 2068 corpus
2911 1999 3180 2054 elevatum
3216 2007 3300 2052 est
3329 2012 3359 2050 a
3391 1997 3600 2051 deitate
3631 2011 3646 2047 :
3694 1995 3838 2063 spuit

2245 2107 2462 2162 corpus,
2489 2092 2609 2162 ejus
2637 2092 2783 2146 enim
2808 2099 3000 2145 natura
3040 2098 3147 2144 est.
3177 2085 3277 2156 Qui
3303 2099 3485 2144 autem
3513 2088 3570 2142 in
3601 2102 3838 2156 corpore

2245 2187 2432 2237 adesse
2463 2181 2714 2252 dignatus
2756 2191 2860 2246 est,
2889 2179 3050 2235 simul
3097 2194 3221 2234 cum
3242 2188 3402 2247 sputo
3436 2178 3629 2233 emisit
3657 2177 3836 2232 virtu-

2248 2282 2350 2327 tem
2378 2288 2481 2326 non
2512 2271 2756 2328 incidens
2785 2287 2812 2325 a
2845 2286 2928 2338 se,
2959 2281 3013 2327 et
3037 2271 3207 2325 lutum
3229 2270 3390 2325 ﬁebat
3416 2286 3484 2325 ex
3519 2280 3690 2342 sputo
3722 2287 3742 2329 :
3770 2284 3836 2326 ea

2245 2374 2402 2431 sputo
2437 2375 2618 2418 autem
2663 2374 2717 2419 et
2766 2361 2880 2418 luto
2930 2362 3119 2418 oculos
3174 2361 3266 2432 qui
3330 2371 3543 2416 natura
3593 2362 3834 2417 deerant

2245 2455 2539 2524 ﬁguravit:
2570 2463 2627 2508 ut
2654 2455 2722 2509 ab
2744 2455 2897 2508 initio
2928 2454 3161 2508 intueris
3195 2461 3362 2508 totum
3422 2453 3651 2525 quidem
3711 2468 3836 2509 cor-

2244 2562 2344 2618 pus
2369 2547 2700 2607 alleviatum.
2725 2555 2780 2600 et
2825 2546 3158 2602 vestimenta
3197 2545 3444 2615 corporis
3482 2545 3782 2601 efﬁcientia
3815 2561 3831 2597 :

2242 2648 2298 2692 et
2343 2637 2410 2692 ad
2465 2638 2816 2703 vestimenta,
2854 2645 2912 2691 ut
2958 2637 3142 2693 videas
3158 2638 3284 2707 quia
3307 2637 3493 2693 divina
3527 2638 3712 2693 virtus
3734 2653 3833 2707 per

2243 2745 2436 2784 omnes
2489 2739 2742 2800 penetrat
2772 2730 2865 2800 qui
2926 2730 3241 2800 tetigerunt.
3299 2729 3455 2784 Sicut
3499 2729 3652 2783 enim
3690 2729 3831 2800 ignis

2241 2820 2494 2876 calefacit
2525 2820 2774 2892 proxima
2815 2821 2957 2882 sibi,
3006 2831 3062 2875 et
3101 2835 3197 2891 per
3245 2819 3502 2876 calefacta
3557 2819 3646 2875 his
3712 2834 3832 2892 qua

2241 2913 2608 2983 iniunguntur
2685 2911 2960 2967 calefactis
3039 2911 3273 2967 calorem
3351 2910 3594 2980 impertit
3662 2923 3682 2961 :
3758 2910 3827 2966 ita

2238 3001 2599 3058 sanctiﬁcavit
2635 3001 2896 3059 Dominus
2924 3017 3122 3074 corpus
3157 3003 3300 3074 quod
3357 3003 3592 3073 accepit,
3616 3011 3676 3058 et
3732 3017 3826 3072 per

2240 3109 2440 3164 corpus
2467 3103 2711 3164 sputum,
2741 3105 2799 3151 et
2829 3110 2925 3166 per
2946 3110 3149 3165 corpus
3177 3094 3517 3151 vestimenta.
3546 3094 3643 3150 llla
3675 3096 3821 3152 enim

561 3178 717 3234 adest
749 3196 764 3234 :
801 3196 907 3236 non
942 3191 1094 3252 potes
1135 3162 1437 3256 intelligere
1472 3197 1549 3243 tu.
1581 3188 1692 3244 Hoc
1711 3162 1854 3245 enim
1883 3162 2136 3262 estquod
2165 3162 2207 3219 (ἶ
2249 3162 2444 3240 mulier
2464 3162 2585 3255 qua
2609 3162 2980 3240 summitatem
3028 3162 3254 3240 ﬁmbriae
3298 3186 3470 3257 tetigit
3527 3187 3819 3245 vestimen-

560 3271 826 3340 quairitur
875 3289 889 3325 :
953 3274 1090 3328 nihil
1139 3274 1581 3344 Samaritanum,
1637 3281 1767 3334 nihil
1831 3281 2133 3350 Judaicum,

560 3357 692 3412 nihil
722 3360 823 3414 tale
850 3369 907 3414 ut
935 3362 1086 3417 dicas
1118 3381 1132 3417 :
1171 3364 1359 3420 Patres
1389 3371 1552 3422 nostri
1597 3370 1652 3422 in
1678 3380 1852 3424 monte
1873 3372 1971 3425 hoc
2002 3377 2133 3426 ado-

559 3459 806 3504 mmtst
849 3448 915 3502 ⁸³.
970 3449 1084 3507 Hoc
1135 3455 1281 3509 enim
1345 3456 1806 3514 Samaritanorum
1841 3472 1973 3515 est:
2030 3461 2133 3517 Vos

559 3549 731 3592 autem
781 3541 957 3596 dicitis
1013 3543 1069 3596 in
1125 3542 1496 3617 Hierosolymo
1564 3565 1674 3603 esse
1719 3550 1966 3606 locum“.
2015 3551 2136 3609 Non

560 3625 691 3684 mihi
740 3641 974 3697 montes,
1010 3648 1117 3688 non
1180 3635 1398 3706 templa,
1429 3654 1532 3693 non
1568 3641 1864 3707 civitatem,
1895 3658 2002 3698 non
2041 3659 2130 3699 re-

557 3722 795 3791 gionem,
848 3739 954 3779 non
1019 3723 1219 3791 locum,
1279 3743 1380 3784 nec
1433 3742 1791 3797 terram,nec
1825 3750 1996 3800 mare,
2031 3751 2129 3793 nec

555 3826 782 3878 aerem;
826 3828 947 3869 cum
1009 3817 1146 3872 coelo
1198 3819 1329 3873 nihil
1374 3819 1677 3878 Judaicum.
1710 3824 1854 3880 Bona
1881 3826 1964 3880 lea
1994 3838 2076 3884 est
2102 3845 2124 3890 ,ι

559 3902 645 3959 lac
672 3908 854 3974 parvis
877 3907 1010 3964 utile
1039 3919 1142 3963 est.
1178 3910 1378 3966 Factus
1430 3927 1491 3967 es
1538 3914 1826 3985 perfectus,
1863 3917 2126 3974 formatus

551 4009 634 4065 ea,
683 4012 882 4055 excusa
906 4000 1057 4066 illud,
1085 4004 1227 4072 quod
1261 4003 1555 4074 aliquando
1607 4006 1700 4062 tibi
1728 4009 2015 4065 videbatur
2046 4012 2124 4066 ci-

550 4090 693 4146 vitas
745 4092 862 4160 Dei,
920 4095 1177 4164 templum
1229 4094 1345 4164 Dei,
1401 4098 1657 4167 templum
1705 4099 1943 4156 Domini.
1981 4101 2123 4158 Dicit

548 4183 692 4235 enim
725 4179 1022 4236 Jeremias:
1075 4182 1348 4252 Templum
1399 4184 1632 4251 Domini,
1683 4191 1729 4242 si
1775 4192 2116 4256 servareritis,

548 4269 742 4338 inquit,
768 4273 1017 4326 mandata
1041 4272 1250 4327 Domini
1273 4273 1340 4326 ³⁷.
1389 4275 1595 4332 Decora
1633 4294 1735 4333 vox
1763 4283 1936 4350 primo
1975 4284 2116 4336 testi.

549 4353 801 4411 Salomon
855 4368 1034 4413 autem
1089 4362 1373 4415 aediﬁcavit
1407 4365 1508 4418 sibi
1551 4367 1790 4433 domum,
1843 4371 1918 4424 ait
1959 4386 1976 4425 :
2024 4373 2118 4427 sed

545 4437 866 4508 Altissimus,
896 4447 1085 4516 inquit,
1115 4465 1216 4503 non
1248 4448 1450 4506 habitat
1479 4455 1534 4508 in
1582 4459 1901 4527 manufestis
1935 4463 2112 4516 Itami-

547 4550 670 4588 num
689 4533 756 4589 ⁸⁸.
784 4536 1093 4594 Altissimus
1123 4551 1178 4594 et
1207 4557 1311 4597 non
1342 4545 1394 4598 in
1418 4546 1642 4602 civitate
1671 4567 1683 4602 :
1713 4550 2028 4609 Altissimus
2059 4567 2111 4610 et

544 4639 649 4679 non
719 4626 771 4681 in
835 4631 1051 4699 templo.
1105 4632 1171 4686 Et
1234 4634 1369 4690 dicit
1416 4653 1511 4708 per
1542 4641 1708 4695 alium
1738 4647 2108 4712 prophetam:

543 4713 771 4770 Sanctus
802 4735 938 4785 sum,
967 4731 1016 4774 et
1045 4738 1146 4776 non
1177 4725 1440 4792 ingrediar
1473 4732 1737 4788 ciuitatem
1751 4734 1816 4789 ”.
1845 4736 1900 4790 Si
1929 4750 2108 4796 autem

542 4805 915 4897 in-civitatem
981 4829 1084 4868 non
1143 4816 1466 4885 ingreditur,
1513 4823 1564 4876 in
1598 4826 1798 4896 templo
1835 4834 2108 4897 quomodo

541 4891 784 4948 habitat?
807 4904 859 4948 ut
892 4897 1102 4952 dicatur
1127 4902 1322 4955 cmlum
1347 4905 1526 4972 sedes,
1562 4918 1621 4961 ut
1642 4891 1748 4965 non
1776 4891 1970 4969 donius
2003 4931 2105 4986 pu-

540 4990 683 5038 tetur
711 4996 764 5039 et
795 4995 938 5041 terra
972 4991 1310 5048 scabellum?
1341 4995 1441 5061 Qui
1466 5007 1642 5053 autem
1684 5004 1836 5057 novit
1864 5021 1986 5060 eum
2012 5008 2104 5076 qui

537 5086 596 5125 se
627 5077 830 5142 genuit,
857 5078 972 5144 ipse
1002 5082 1105 5135 scit
1151 5092 1206 5134 et
1243 5087 1446 5139 revelat
1478 5089 1603 5157 quia
1656 5092 1833 5146 nullus
1871 5110 1993 5150 eum
2025 5099 2103 5151 vi-

537 5162 634 5221 dit.
671 5165 738 5220 Et
782 5179 929 5224 certe
962 5173 1108 5226 venit
1156 5173 1339 5240 Pater,
1369 5188 1423 5232 et
1458 5179 1660 5236 habitat
1695 5193 1747 5238 et
1781 5185 2099 5243 inambulat.

538 5255 891 5350 litAcerteilla
937 5269 1323 5334 consequentia
1361 5286 1469 5326 non
1497 5275 1739 5330 consedit
1768 5278 1881 5350 (12)
1913 5282 2100 5336 ambu-

534 5342 807 5406 lationem.
837 5350 897 5405 Si
926 5353 1068 5407 enim
1108 5365 1276 5410 latum
1308 5361 1509 5414 caelum
1541 5366 1695 5419 sedes
1725 5342 1874 5434 ejus,
1894 5378 1949 5425 et
1988 5381 2097 5426 tota

2245 3285 2442 3341 tarum,
2477 3275 2677 3332 {onum
2701 3275 3059 3334 insanabilem
3087 3277 3364 3346 sanguinis
3425 3277 3652 3339 habens.
3685 3278 3793 3334 han

2243 3367 2332 3422 rit
2357 3383 2453 3437 per
2499 3367 2766 3424 ﬁmbriam
2798 3365 3053 3426 sanitatis
3091 3368 3356 3424 medelam
3382 3368 3430 3401 δ’
3471 3387 3487 3426 :
3525 3384 3559 3424 a
3613 3369 3815 3427 deitate

2239 3458 2446 3515 scilicet
2475 3475 2598 3531 qua
2632 3460 2819 3516 aderat
2851 3461 2904 3516 in
2926 3475 3154 3532 corpore
3185 3460 3316 3515 :sed
3348 3460 3677 3516 vestimenta
3701 3464 3816 3532 ejus

2238 3553 2606 3621 praesentiam.
2635 3551 2824 3621 Neque
2855 3553 3021 3623 igitur
3050 3551 3167 3622 ipse
3197 3567 3397 3622 corpus
3442 3554 3813 3609 necessarium

2238 3641 2467 3698 habuit:
2498 3644 2590 3698 sed
2613 3645 2811 3716 quibus
2847 3655 2966 3701 erat
2989 3645 3118 3700 utile
3146 3647 3460 3715 contingere
3481 3657 3536 3701 et
3571 3647 3812 3702 tunicata

2234 3740 2290 3786 et
2348 3746 2565 3802 corpus.
2593 3743 2648 3790 ct
2704 3751 2802 3806 per
2852 3737 3106 3808 spiritum
3160 3737 3345 3794 videre
3411 3739 3812 3809 incorporalem

2235 3820 2426 3888 Deum,
2446 3823 2538 3892 qui
2573 3823 2874 3881 ministerio
2905 3825 3320 3895 incorporalium
3353 3828 3502 3883 dives
3533 3839 3678 3884 erat.
3709 3828 3805 3884 Ii-

2233 3912 2513 3968 nisterinm
2553 3923 2734 3971 autem
2758 3918 2984 3972 audiens
3019 3932 3125 3973 non
3179 3919 3561 3974 necessitatem
3618 3920 3806 3975 audire

2231 4003 2414 4070 debes,
2447 4005 2542 4061 sed
2578 4006 2905 4063 beneﬁcium
2946 4023 3136 4065 eorum
3171 4011 3265 4078 qui
3315 4010 3653 4080 ministrant,
3695 4028 3803 4069 non

2230 4110 2384 4150 usum
2436 4104 2617 4152 tamen
2669 4098 2788 4167 ejus
2839 4100 2934 4169 qui
2966 4101 3350 4158 ministratur:
3384 4101 3612 4157 multum
3653 4103 3794 4159 enim

2228 4206 2326 4246 nos
2363 4191 2476 4262 (i5)
2501 4207 2785 4262 prosumus
2812 4194 2942 4256 Deo.
2967 4195 3096 4264 quia
3120 4196 3364 4252 videmur
3401 4210 3498 4264 pro
3533 4197 3646 4253 Deo
3669 4212 3798 4255 con-

2230 4282 2466 4337 tendere.
2496 4281 2665 4339 Nobis
2688 4284 2832 4338 enim
2862 4283 3069 4340 lucrum
3097 4294 3202 4350 est,
3231 4295 3292 4339 ut
3319 4286 3558 4357 religiosi
3578 4289 3751 4344 simus
3777 4306 3792 4344 :

2225 4372 2380 4427 nobis
2405 4371 2612 4428 lucrum
2646 4384 2730 4429 est
2763 4376 2809 4430 si
2851 4391 2958 4431 non
2988 4389 3273 4446 perversae
3324 4377 3677 4436 habuerimus
3728 4382 3794 4438 de

2224 4464 2333 4519 Deo
2360 4474 2585 4531 mentes,
2619 4480 2685 4521 ne
2704 4478 2760 4522 et
2786 4466 3102 4532 decidamus
3147 4483 3177 4523 a
3206 4468 3336 4524 Deo.
3371 4467 3580 4524 Decidit
3614 4482 3790 4526 autem

2219 4555 2400 4610 omnis
2432 4571 2460 4609 a
2491 4554 2624 4622 Deo,
2654 4558 2744 4628 qui
2781 4558 2958 4613 aliena
2994 4559 3154 4630 sapit.
3183 4561 3258 4614 De
3307 4574 3414 4630 quo
3450 4561 3497 4616 si
3538 4561 3789 4617 didiceris

2219 4646 2288 4698 ita
2324 4656 2382 4699 ut
2404 4656 2506 4711 est,
2542 4647 2708 4702 habes
2743 4662 2867 4722 eum
2901 4666 2917 4703 :
2955 4648 3003 4704 si
3033 4657 3215 4706 autem
3239 4650 3402 4704 alium
3434 4665 3534 4719 pro
3556 4650 3666 4708 alio
3693 4667 3786 4721 pu-

2217 4740 2434 4802 taveris,
2471 4753 2591 4793 eum
2618 4741 2710 4810 qui
2755 4750 2839 4795 est
2874 4756 2980 4796 non
3010 4740 3256 4796 habebis.
3300 4742 3436 4808 Quia
3487 4758 3594 4798 non
3625 4760 3784 4814 agno—

2214 4828 2339 4882 visti
2362 4844 2520 4898 quem
2553 4843 2728 4900 putus,
2765 4848 2872 4886 non
2899 4832 3064 4888 habes
3084 4848 3208 4888 eum
3237 4834 3398 4904 :quia
3441 4849 3548 4888 non
3584 4846 3673 4889 est
3706 4847 3782 4890 ta-

2211 4917 2278 4972 lis
2303 4921 2510 4988 qualem
2541 4931 2722 4990 putas.
2780 4922 2897 4976 Non
2949 4925 3016 4979 de
3055 4924 3297 4994 quolibet
3349 4934 3627 4980 certamen
3678 4935 3776 4981 est.

2211 5007 2501 5064 lrridemus
2530 5026 2624 5066 eos
2669 5022 2724 5067 et
2749 5014 2874 5082 quia
2929 5014 3032 5068 ista
3093 5031 3262 5084 parva
3319 5012 3642 5086 delinquunt
3688 5017 3775 5087 qui

2209 5104 2458 5170 ignorant
2489 5114 2632 5157 artes
2662 5120 2676 5156 :
2704 5105 2795 5159 ubi
2826 5119 2920 5160 ars
2946 5115 3030 5160 est
3057 5108 3386 5172 necessaria,
3432 5098 3529 5162 ens
3549 5109 3640 5176 qui
3673 5124 3774 5162 non

2209 5203 2567 5263 assequuntur
2633 5211 2698 5250 ea
2756 5211 2876 5265 qua
2922 5199 3169 5262 audiunt,
3233 5200 3546 5270 frequenter
3589 5201 3772 5254 dicen-

2209 5294 2312 5338 tem
2339 5287 2449 5354 (M)
2479 5289 2649 5352 vides,
2680 5289 2931 5353 dicimus.
2966 5306 3070 5345 non
3109 5291 3289 5359 audis,
3333 5307 3438 5346 non
3493 5291 3767 5362 intelligis.

2206 5373 2370 5442 Igitur
2394 5379 2461 5432 de
2489 5379 2572 5434 his
2605 5393 2724 5448 qua:
2755 5381 3030 5436 hominum
3062 5393 3210 5448 sunt,
3258 5381 3413 5453 culpa
3460 5393 3546 5439 est
3576 5386 3622 5438 si
3667 5399 3768 5437 non

624 5527 666 5558 "
699 5527 797 5586 lsa.
825 5549 965 5598 Lavi,
1003 5537 1054 5590 1.
1128 5535 1174 5570 ³³
1208 5539 1336 5600 ibid.
1401 5546 1447 5578 “
1467 5546 1620 5603 Joan.
1659 5549 1802 5617 κιο.
1881 5553 2133 5612 "10am;

700 5599 742 5631 ”
773 5600 877 5644 0....
932 5621 981 5644 ιι
1031 5607 1063 5644 0
1193 5608 1236 5640 ss
1277 5615 1401 5644 tam...
1456 5634 1551 5644 ...η
1600 5619 1657 5644 aa
1763 5622 1804 5644 ιιι
1847 5623 1961 5644 μη
2034 5642 2045 5644 -

2239 5559 2319 5614 ΞΟ.
2349 5563 2611 5644 μιχίιήᾳ.
2687 5563 2732 5598 ³⁷
2757 5563 2973 5644 {etum
2994 5606 3008 5632 ,
3041 5566 3095 5622 4.
3171 5568 3342 5625 “Act.
3373 5583 3473 5637 vn,
3501 5566 3573 5623 ιε
3593 5587 3606 5636 ;
3629 5581 3761 5644 ma,

533 5596 622 5650 24.
700 5599 742 5631 ³⁹
773 5600 895 5658 Ose.
930 5596 1003 5670 xi,
1031 5607 1083 5661 9.

603 5687 716 5822 ἒξ)
746 5687 1008 5774 ϐρκεσάὶε.
1032 5695 1187 5750 Forte
1214 5705 1468 5764 concedit.

695 5764 715 5822 )
748 5758 880 5815 nos.
919 5762 1082 5820 Forte
1105 5783 1226 5820 non.

695 5764 715 5823 )
748 5758 880 5815 Nos.
919 5762 1082 5820 Forte
1105 5783 1226 5820 non.

1193 5608 1236 5640 ‘°
1274 5615 1426 5669 llom.
1456 5634 1574 5686 xm,
1600 5608 1695 5676 ιι.’
1763 5622 1805 5654 ’⁵⁸
1837 5608 2108 5698 «Ιοιιιιξιέιζ
2131 5608 2256 5686 ἰξιὲ

2346 5633 2390 5663 ⁵⁸
2427 5633 2615 5689 Matth.
2651 5651 2730 5699 ix,
2759 5636 2951 5692 20-22.

2272 5721 2386 5791 (is)
2415 5723 2700 5782 Dicentem.
2723 5724 2888 5784 Forte
2916 5729 3165 5787 dictum.
