4048 6322
121 425 301 483 il”

1130 420 1220 478 DE
1252 417 1719 479 INCORPORALI
1760 417 1847 473 ET
1885 418 2231 475 lNVlSlBILl
2270 416 2428 476 DEO.

3318 417 3462 474 H26

118 542 524 603 habuerimus
582 545 651 601 de
678 543 937 601 invisibili
988 543 1122 599 Deo.
1148 544 1282 599 Cum
1311 552 1490 597 autem
1521 541 1646 612 quis
1672 549 1766 595 aut
1794 544 1841 601 Α
1870 540 2138 592 ἰηιειιεεια
2170 534 2653 608 conspiciuntur“.
2700 533 2841 603 Quid
2879 543 2988 601 est,
3019 533 3295 591 intellecta
3322 523 3461 591 con-

119 642 503 709 despexerit,
534 649 629 694 aut
683 638 872 695 audire
928 636 1184 702 noluerit,
1213 646 1307 691 aut
1329 636 1631 705 intelligere
1658 635 1761 688 mi-

121 748 247 786 nus
304 731 582 803 potuerit,
610 732 739 801 quid
783 740 941 801 putas
967 729 1113 785 erit?
1166 727 1282 784 Noli
1319 744 1507 784 errare
1544 744 1573 781 a
1624 728 1755 782 Deo.

118 823 294 880 Laus
328 826 453 890 Dei,
478 825 684 894 agnitio
709 835 794 878 est
828 823 944 879 Dei.
974 822 1285 878 Secundum
1324 822 1469 889 quod
1493 831 1577 875 est
1602 822 1759 876 nobis

119 916 427 985 possibile
465 916 723 971 recedere
771 930 800 970 a
855 913 1278 970 consuetudine.
1326 912 1441 966 Non
1477 911 1755 967 hominem

120 1010 362 1076 qutcris
416 1019 477 1064 ut
506 1009 721 1077 aperias
767 1006 817 1062 ei
868 1006 1052 1062 oculos
1079 1005 1192 1077 (15)
1217 1014 1271 1060 et
1313 1020 1494 1067 aures,
1528 1016 1583 1058 et
1614 1019 1677 1058 os
1702 1012 1756 1057 et

120 1103 429 1170 linguam,
481 1114 535 1154 et
569 1114 785 1164 manus,
822 1108 876 1153 et
902 1108 1111 1168 pectus,
1142 1108 1199 1152 et
1245 1097 1432 1167 pedes,
1467 1104 1522 1151 et
1585 1111 1755 1166 ponas

118 1195 237 1247 sub
265 1206 342 1247 eo
375 1192 560 1246 sedem
585 1232 602 1258 ,
626 1186 691 1245 et
721 1190 983 1260 subjicias
1013 1188 1330 1250 scabelium,
1362 1197 1416 1242 et
1478 1203 1753 1257 supponas

129 1297 397 1340 terram.
444 1282 561 1339 Non
616 1293 700 1337 est
748 1297 815 1337 ex
870 1281 1027 1336 nobis
1060 1280 1346 1343 Dominus,
1380 1280 1474 1335 sed
1522 1295 1622 1336 nos
1657 1295 1753 1349 per

120 1378 326 1447 ipsum
376 1392 588 1431 sumus.
619 1376 713 1430 Vis
752 1386 933 1429 autem
983 1374 1227 1429 ediscere
1252 1373 1377 1442 quia
1426 1388 1531 1427 non
1570 1380 1750 1427 estex

122 1469 304 1525 nobis
325 1470 355 1523 ?
387 1469 463 1524 De
490 1468 628 1525 Filio
657 1468 774 1536 ejus
795 1482 918 1521 cum
954 1467 1157 1521 dictum
1186 1476 1358 1528 esset,
1409 1464 1749 1529 Emmanuel,

121 1559 431 1614 nobiscum
491 1558 723 1625 Deus“;
774 1574 881 1613 non
950 1556 1269 1626 simpliciter
1328 1557 1607 1611 nobiscum
1665 1566 1751 1610 est

124 1652 383 1728 dictum,
412 1650 509 1706 sed
546 1666 666 1705 cum
710 1651 762 1703 in
818 1665 1049 1718 corpore
1099 1648 1251 1703 venit’
1293 1648 1584 1711 Dominus,
1621 1659 1749 1703 tunc

124 1745 441 1800 nobiscum
470 1761 484 1798 :
509 1760 633 1798 cum
662 1742 823 1813 Virgo
851 1744 904 1797 in
939 1752 1092 1797 utero
1143 1742 1396 1811 concepit
1430 1784 1445 1808 ,
1476 1752 1602 1795 tunc
1652 1757 1747 1795 no-

126 1840 370 1893 biscum
420 1838 585 1893 Dens.
624 1838 766 1893 Ante
812 1838 971 1892 istam
1029 1846 1211 1891 autem
1260 1837 1744 1906 dispensationem,

126 1932 311 1985 etiam
352 1930 483 1984 dum
512 1940 660 1986 esset
689 1945 945 1999 praesens,
1001 1945 1109 1983 non
1158 1938 1276 1983 erat
1327 1930 1633 1985 nobiscum.
1690 1926 1747 1985 Si

128 2021 288 2075 enim
322 2034 528 2087 corpus
562 2018 759 2074 feceris
792 2021 955 2073 Deum
983 2056 998 2083 ,
1022 2030 1077 2073 et
1106 2034 1302 2088 corpus
1346 2019 1745 2090 plenitudinem

127 2098 267 2169 cteli
300 2121 364 2167 et
398 2123 581 2176 terrae,
615 2120 711 2165 aut
740 2113 885 2182 quod
922 2125 1146 2180 superat
1174 2128 1335 2183 supra
1362 2114 1508 2181 hcec;
1540 2114 1592 2169 in
1629 2115 1749 2184 ipso

128 2220 316 2273 pones
347 2203 574 2271 caelum,
599 2214 654 2257 et
684 2212 846 2260 terra:
872 2204 1101 2274 lapides,
1128 2214 1185 2259 et
1227 2208 1407 2260 omnia
1445 2220 1563 2275 qua:
1598 2216 1742 2262 sunt.

128 2296 187 2349 Si
209 2296 369 2349 enim
403 2304 464 2350 ut
486 2310 685 2364 corpus
708 2304 1059 2350 coextensum
1091 2305 1175 2349 est
1196 2296 1544 2365 corporibus,
1570 2298 1747 2368 primo

129 2388 369 2453 quidem
392 2374 650 2443 abstrabe
687 2388 871 2453 omnia
898 2428 914 2453 ,
956 2398 1015 2443 ut
1044 2387 1224 2449 locum
1252 2389 1450 2445 habeat
1482 2390 1647 2445 Deus.
1686 2390 1743 2445 Si

129 2479 285 2533 enim
338 2494 544 2550 corpus
582 2488 667 2533 est
695 2494 947 2549 magnum
978 2488 1319 2547 :legestatem
1378 2480 1500 2535 dico
1540 2495 1745 2551 paupe-

131 2588 309 2638 rumT
325 2586 441 2626 non
472 2572 661 2641 implet
682 2571 861 2626 omnia
896 2586 910 2621 :
938 2570 1121 2625 nullus
1144 2572 1283 2626 alius
1310 2568 1509 2627 habeat
1539 2572 1741 2628 locum.

132 2661 345 2717 Omnia
383 2663 531 2718 enim
561 2662 820 2731 pravenit
856 2660 1018 2719 Deus.
1051 2660 1119 2715 Et
1152 2661 1297 2717 sicut
1330 2662 1598 2731 repletum
1644 2680 1740 2719 vas

138 2754 337 2817 fuerit,
365 2769 436 2809 eo
461 2755 552 2824 qui
584 2764 941 2823 praecesserat
980 2753 1243 2822 replente,
1287 2771 1395 2810 non
1446 2767 1531 2811 est
1593 2755 1743 2812 locus

133 2859 196 2899 ut
219 2843 651 2916 supermittatur
691 2846 890 2916 aliquid
940 2846 1085 2901 aliud
1118 2864 1131 2900 :
1168 2847 1238 2901 ita
1286 2848 1331 2902 si
1366 2847 1510 2903 Deus
1544 2864 1743 2917 corpus

131 2946 239 3000 est,
287 2939 575 3007 praecessit
633 2949 814 2993 autem
872 2940 1095 3005 omnia,
1136 2956 1243 2994 non
1291 2940 1488 2996 habeat
1543 2942 1739 2998 caelum

135 3031 322 3085 locum
375 3040 440 3087 ut
493 3031 680 3097 iaciat,
743 3045 920 3101 neque
981 3040 1122 3086 terra
1181 3031 1398 3098 locum;
1461 3037 1742 3103 praecessit

134 3124 286 3178 enim
314 3124 483 3179 Deus.
518 3124 572 3179 Si
613 3134 793 3178 autem
826 3134 907 3178 est
935 3123 1130 3177 coelum
1160 3135 1218 3179 et
1242 3133 1408 3189 terra,
1452 3134 1508 3181 et
1545 3142 1697 3181 mare
1722 3167 1739 3192 ,

143 3226 197 3271 et
236 3232 371 3282 aer,
408 3216 762 3272 nullnsiocus
800 3227 885 3271 est
915 3231 1153 3271 vacuus:
1201 3231 1377 3288 neque
1428 3233 1495 3273 ex
1544 3231 1737 3272 natura
1765 3239 1809 3297 α

134 3323 332 3363 eorum
393 3324 684 3377 corporum
742 3324 865 3379 qua:
911 3309 1115 3373 insunt,
1151 3323 1329 3377 neque
1351 3323 1418 3364 ex
1449 3313 1738 3379 praesentia

143 3399 240 3455 Dei
270 3418 286 3467 ;
322 3403 455 3471 quia
487 3416 586 3469 per
612 3416 845 3471 corpora
867 3411 1163 3471 penetrans
1185 3402 1361 3466 adest,
1399 3416 1506 3457 non
1537 3417 1740 3473 corpus

138 3494 255 3561 ipse
283 3506 391 3549 est.
427 3492 705 3563 Siquidem
736 3510 834 3549 nec
882 3496 928 3549 si
955 3495 1133 3548 anima
1180 3506 1364 3550 nostra
1416 3506 1565 3551 esset
1613 3511 1736 3552 cor-

140 3602 262 3654 pus,
294 3599 516 3658 poterat
550 3604 671 3644 esse
698 3588 751 3642 in
783 3604 1033 3659 corpore.
1053 3588 1210 3645 Sicut
1241 3592 1386 3645 enim
1427 3592 1735 3661 suscipiens

140 3696 336 3749 aquam
361 3697 473 3737 non
510 3693 691 3737 manet
722 3694 984 3753 quantum
1011 3693 1154 3746 erat,
1186 3685 1279 3738 sed
1308 3684 1735 3741 additamentum

141 3783 304 3843 auget
347 3773 777 3844 magnitudinem
811 3788 1080 3835 mensura:
1108 3790 1121 3825 :
1154 3775 1226 3828 ita
1279 3790 1475 3845 cOrpus
1511 3776 1731 3845 corpori

139 3868 529 3933 compositmu.
559 3866 625 3920 Et
658 3867 797 3920 sicut
840 3867 1108 3933 a-diiiciis,
1140 3877 1192 3921 et
1224 3868 1476 3929 navibus,
1508 3880 1564 3922 et
1603 3869 1735 3923 cho—

142 3955 243 4022 ris,
272 3964 328 4011 et
362 3957 599 4026 populis,
624 3965 678 4010 et
697 3955 1027 4021 civitatibus,
1054 3965 1109 4011 et
1152 3956 1319 4025 agris,
1348 3964 1400 4011 et
1426 3955 1733 4021 arboribus,

140 4046 282 4101 aliud
304 4046 415 4103 alio
445 4048 689 4102 additum
736 4057 899 4117 auget
936 4046 1409 4117 magnitudinem:
1459 4048 1504 4102 si
1551 4057 1732 4101 autem

142 4148 407 4206 angustus
437 4137 605 4192 fuerit
635 4136 804 4202 locus,
840 4150 960 4206 quae
1002 4145 1439 4205 praecesserunt,
1470 4150 1594 4206 qua:
1630 4151 1727 4189 au-

140 4238 246 4281 tem
300 4230 867 4295 subintroducuntur,
932 4246 1045 4284 non
1083 4229 1362 4284 habebunt
1425 4228 1629 4284 locum.
1672 4230 1730 4284 Si

141 4316 302 4385 igitur
353 4333 585 4388 corpora
648 4320 924 4372 adduntur
977 4320 1193 4388 corpori
1245 4320 1543 4375 constituto
1595 4320 1728 4389 Deo,

139 4410 454 4482 angelisque
485 4412 649 4476 Deus,
680 4420 838 4479 putas
862 4427 965 4467 non
989 4423 1110 4466 erat
1136 4410 1413 4481 perfectus
1432 4424 1728 4484 antequam

141 4502 430 4579 adderetur
459 4504 695 4560 cmlum?
728 4502 786 4559 Si
817 4514 998 4558 autem
1042 4505 1160 4573 ipse
1188 4515 1305 4559 erat
1340 4506 1617 4575 perlectus
1674 4519 1729 4563 et

141 4606 479 4661 praevenerat
508 4596 712 4660 omnia,
738 4612 843 4649 non
878 4596 1151 4650 habebant
1178 4596 1356 4651 locum
1392 4613 1567 4665 mare,
1612 4608 1725 4653 ter-
1760 4585 1805 4641 Ῑ)

144 4700 199 4738 ra
220 4696 276 4741 et
298 4689 529 4744 cteinm.
560 4688 619 4743 Si
655 4698 837 4742 autem
878 4689 1097 4757 quidem
1129 4689 1230 4743 ista
1262 4700 1411 4758 sunt,
1449 4691 1592 4747 Deus
1628 4707 1727 4746 au-

143 4786 332 4832 temea
386 4780 537 4845 fecit,
567 4789 623 4833 et
656 4780 943 4849 gubernat,
968 4789 1023 4834 et
1063 4781 1239 4849 regit;
1299 4782 1589 4839 invisibilis
1642 4796 1729 4838 est

144 4878 317 4922 rector
352 4868 713 4926 invisibilibus
759 4870 915 4939 aquis
962 4881 1301 4939 superstans.
1346 4871 1403 4926 Si
1436 4873 1580 4927 enim
1610 4874 1726 4943 ipse

142 4970 245 5009 non
315 4972 559 5029 regeret,
616 4977 889 5031 nunquam
932 4977 1091 5031 passa
1140 4966 1330 5018 fuisset
1376 4974 1519 5020 terra
1549 4981 1723 5032 mare,

144 5056 194 5097 et
218 5060 390 5118 neque
413 5067 563 5107 mare
587 5061 811 5119 terram,
858 5054 1085 5109 adversa
1138 5068 1194 5109 et
1236 5056 1463 5125 jurgans
1525 5069 1720 5113 natura

142 5149 193 5191 et
213 5143 425 5214 erigens
468 5160 562 5208 se,
591 5157 646 5200 et
695 5148 985 5214 extollens,
1040 5159 1097 5203 et
1148 5150 1383 5216 minans,
1413 5151 1610 5206 indens
1662 5162 1719 5209 et

146 5238 469 5293 contendens
501 5237 611 5309 (16)
638 5254 653 5302 ;
684 5239 940 5294 invisibili
969 5251 1151 5296 autem
1181 5256 1341 5297 manu
1366 5258 1463 5298 sua
1498 5246 1723 5301 statutis

146 5323 242 5377 sibi
269 5331 513 5385 terminis
538 5333 605 5386 iis
628 5347 731 5386 non
765 5334 1183 5401 transgreditur.
1230 5334 1374 5403 Ergo
1400 5348 1498 5406 per
1530 5337 1721 5392 visibi-

147 5413 210 5467 iia
250 5418 531 5479 invisibilis
598 5426 956 5496 conspicitur,
985 5428 1130 5483 sicut
1156 5429 1422 5499 scriptum
1449 5441 1532 5485 est
1564 5448 1579 5485 :
1615 5429 1718 5485 In-

150 5509 360 5569 tisibilia
383 5528 558 5573 autem
582 5520 697 5574 eius
730 5536 824 5590 per
849 5530 1151 5575 creaturam
1173 5523 1359 5577 mundi
1385 5538 1450 5578 ea:
1472 5524 1716 5594 operibus

212 5662 255 5696 “
281 5661 465 5729 Matth.
484 5688 524 5739 ι,
555 5672 645 5729 23.
721 5674 768 5705 “
792 5674 947 5729 Rom.
972 5691 1007 5741 ι,
1039 5674 1129 5729 20.
1208 5677 1252 5707 ⁸⁸
1278 5675 1437 5733 Joan.
1464 5692 1519 5747 v,
1547 5678 1643 5735 37.

217 5827 318 5903 (15)
344 5831 435 5903 Ms.
474 5833 545 5890 Ut
580 5854 811 5903 appono:
832 5838 880 5891 ei
902 5837 1100 5895 oculos.

220 5896 324 5959 ilbi
348 5902 443 5963 Ms.
463 5907 531 5963 Et
565 5896 734 5964 minus
761 5911 944 5965 imicus
968 5920 1014 5965 et
1041 5908 1377 5967 conlendem.

1862 630 2206 696 spiciunturl
2240 630 2404 695 Deus,
2455 629 2656 698 inquit,
2716 626 2989 683 intellecta
3029 626 3286 685 visibilis.
3314 625 3464 683 Visi-

1862 722 1987 778 biiis
2044 731 2223 777 autem
2272 721 2473 778 dicitur
2513 721 2589 775 ita
2630 719 2774 775 sicut
2798 718 3063 789 scriptum
3098 729 3204 788 est,
3253 717 3322 775 Et
3349 718 3461 776 vidi

1860 814 2125 869 visionem
2156 814 2249 869 Dei
2287 831 2302 868 :
2339 812 2639 877 intellecta,
2669 820 2860 882 utpote
2889 822 3221 883 suggerente
3256 811 3456 877 oculis,

1859 920 1979 975 qua:
2000 905 2132 959 vidit
2156 918 2278 959 esse
2306 906 2567 973 inscripta
2594 904 2645 957 in
2674 903 2937 973 operibus
2965 901 3105 971 eius.
3141 902 3273 971 Quae
3310 904 3457 959 enim

1860 996 2123 1065 inscripta
2151 1008 2301 1062 sunt,
2346 996 2501 1050 nobis
2546 995 2855 1051 necessaria
2893 994 3168 1049 videntur.
3202 993 3315 1050 Cur
3356 1010 3456 1049 au-

1858 1096 1966 1141 tem
1998 1086 2087 1140 illa
2116 1087 2273 1141 audis
2300 1102 2419 1156 qua:
2449 1086 2739 1140 visibiliter
2762 1085 2909 1140 dicta
2956 1096 3103 1150 sunt,
3130 1098 3323 1141 natura
3356 1102 3456 1142 au-

1862 1191 1966 1234 tem
2018 1194 2147 1234 vere
2179 1191 2235 1234 et
2269 1179 2646 1251 principaliter
2694 1194 2802 1233 non
2843 1178 3124 1233 admittis?
3167 1178 3287 1234 Vidi
3343 1179 3453 1234 Do-

1858 1274 2087 1339 minum,
2120 1272 2319 1327 audisti
2353 1288 2368 1324 :
2410 1271 2705 1326 invisibilia
2730 1270 2848 1336 ejus
2871 1284 2978 1323 non
3002 1269 3253 1325 audisti?
3278 1270 3452 1324 Audi-

1856 1369 1923 1423 sti
1952 1368 2079 1437 quia
2112 1368 2202 1421 ille
2232 1368 2421 1423 nescio
2454 1367 2545 1437 qui
2569 1367 2709 1421 vidit
2743 1366 3059 1432 Dominum,
3098 1365 3269 1421 Deum
3294 1382 3455 1422 nemo

1855 1460 1988 1515 vidit
2027 1476 2263 1528 unquam
2299 1478 2403 1515 non
2433 1459 2677 1515 audisti?
2706 1459 2922 1513 Audisti
2956 1460 3082 1529 quia
3129 1461 3221 1516 ille
3275 1462 3451 1525 novit,

1855 1568 2031 1622 neque
2067 1553 2221 1616 vidit,
2250 1568 2433 1623 neque
2463 1553 2651 1607 videre
2677 1554 2881 1623 poterit
2910 1570 2923 1605 :
2960 1568 3067 1607 non
3104 1553 3327 1621 audisti,
3355 1553 3455 1608 sed

1853 1645 2061 1716 audivit
2097 1661 2219 1699 eum
2247 1644 2417 1700 Filius
2442 1660 2579 1700 suus
2609 1647 2827 1717 magis?
2870 1658 3135 1717 quantum
3163 1648 3278 1718 ipse
3301 1646 3451 1701 enim

1854 1739 2005 1793 novit
2048 1738 2265 1793 Patrem
2308 1754 2469 1794 suum
2521 1740 2611 1810 qui
2648 1741 2724 1793 ait
2755 1761 2767 1794 :
2807 1738 2993 1810 Neque
3015 1756 3188 1793 vocem
3218 1738 3333 1810 ejus
3358 1754 3455 1794 tm-

1851 1848 2007 1899 quam
2031 1832 2281 1898 audistis,
2313 1849 2475 1905 neque
2522 1833 2713 1903 faciem
2738 1831 2853 1901 ejus
2892 1833 3096 1886 vidistis
3122 1831 3191 1887 “.
3250 1830 3307 1886 Si
3353 1845 3454 1885 au-

1855 1937 1963 1981 tem
1989 1926 2227 1981 volneris
2255 1941 2324 1982 ex
2354 1928 2461 1982 tuis
2490 1941 2789 1998 agnoscere
2821 1926 3014 1991 Deum,
3038 1936 3095 1982 et
3118 1938 3169 1981 te
3196 1936 3253 1980 et
3278 1924 3450 1980 Deum

1852 2018 2127 2087 ignorabis
2161 2034 2174 2069 :
2211 2016 2309 2073 sed
2350 2034 2579 2088 sequere
2615 2019 2859 2085 humilis,
2886 2020 3174 2075 considera
3212 2019 3307 2074 ubi
3346 2018 3445 2074 sis.

1851 2111 1896 2165 Ο
1936 2122 2196 2175 quantum
2238 2111 2383 2166 inter
2439 2120 2493 2167 te
2550 2119 2605 2166 et
2645 2112 2846 2167 calum
2903 2112 3166 2167 interest!
3210 2110 3449 2179 amplius

1850 2212 2031 2256 autem
2060 2203 2460 2273 derelinquitur
2490 2203 2687 2257 coelum
2714 2220 2743 2257 a
2766 2203 2895 2259 Deo.
2918 2204 3033 2269 Non
3065 2204 3257 2274 spatiis
3281 2203 3443 2257 dico:

1851 2294 1985 2348 nihil
2018 2296 2163 2347 enim
2196 2296 2471 2350 desertum
2504 2294 2613 2349 Deo
2644 2304 2727 2350 est
2763 2314 2775 2348 :
2810 2296 2861 2349 in
2904 2294 3052 2349 nullo
3085 2304 3268 2349 autem
3309 2294 3443 2349 reti-

1848 2394 2009 2439 netur
2031 2384 2195 2440 Deus.
2233 2384 2396 2441 Forte
2435 2386 2523 2439 isti
2555 2400 2839 2442 sermones
2881 2386 3041 2440 aliam
3078 2386 3317 2457 linguam
3344 2402 3443 2440 ne-

1847 2476 2140 2530 cessariam
2180 2476 2404 2543 habent,
2427 2479 2553 2545 quia
2601 2479 2742 2533 etde
2767 2478 2873 2531 alia
2912 2488 3105 2532 natura
3167 2479 3442 2532 dicuntur.

1845 2567 1979 2622 Cum
2036 2568 2200 2637 igitur
2251 2583 2533 2624 sermones
2600 2569 2728 2624 moti
2810 2570 3014 2623 iuerint
3071 2569 3124 2623 in
3184 2568 3443 2633 ecclesia,

1846 2659 2113 2727 siquidem
2140 2660 2205 2714 de
2238 2660 2490 2715 humanis
2523 2662 2755 2731 negotiis
2781 2701 2797 2725 ο
2844 2662 3218 2732 unusquisque
3246 2671 3447 2717 acutus

1844 2760 1899 2806 et
1925 2766 2051 2805 acer
2078 2752 2315 2818 auditor,
2346 2762 2399 2807 et
2430 2770 2497 2808 ex
2543 2756 2744 2824 quibus
2777 2754 3009 2823 patitur,
3054 2767 3109 2809 et
3146 2769 3213 2809 ex
3242 2756 3445 2823 quibus

1814 2835 2081 2896 'admittit
2112 2846 2407 2912 respiciens
2440 2848 2507 2900 ad
2542 2846 2841 2911 dicentem,
2871 2856 2928 2901 et
2966 2861 3294 2916 comparans
3318 2863 3442 2918 qua

1844 2934 2095 2988 dicantur
2126 2935 2209 2989 his
2241 2950 2361 3006 qua:
2401 2941 2536 3007 agit,
2565 2948 2621 2993 et
2647 2956 2768 3008 qua:
2794 2938 3152 3009 proferuntur
3200 2941 3285 2996 his
3321 2956 3445 3012 qua:

1842 3028 2081 3096 patitur;
2110 3030 2292 3083 statim
2343 3034 2584 3100 prudens
2626 3043 2682 3097 et
2724 3033 3082 3104 scrupulosus
3110 3034 3327 3090 auditor
3384 3046 3443 3089 et

1843 3123 2063 3190 agnovit
2089 3132 2144 3177 et
2171 3123 2470 3178 consensit.
2498 3123 2632 3179 Cum
2676 3138 2860 3182 autem
2888 3130 3445 3184 transmutaverimus

1844 3228 2173 3281 sermonem,
2206 3218 2347 3271 etab
2376 3217 2629 3273 humanis
2664 3220 3077 3286 recesserimus,
3102 3228 3158 3276 et
3182 3221 3250 3276 ad
3269 3220 3438 3276 Deum

1844 3312 2080 3358 mentem
2130 3308 2537 3363 ostenderimus
2574 3308 2689 3381 (l7)
2742 3320 2987 3365 nostram
3031 3329 3045 3367 :
3106 3312 3231 3367 istic
3280 3311 3437 3367 multi

1842 3396 2060 3466 quidem
2102 3398 2467 3464 suscitantur,
2515 3400 2736 3473 quidam
2790 3412 3090 3470 gravantur
3134 3417 3168 3459 a
3220 3417 3440 3469 somno,

1842 3487 1935 3543 alii
1956 3488 2191 3544 delirare
2232 3500 2429 3559 putant
2456 3492 2755 3547 dicentem.
2793 3492 2864 3551 Ut
2913 3506 3099 3551 autem
3148 3497 3437 3552 condiscas

1840 3578 1946 3635 hoc
1972 3580 2165 3635 vitium
2194 3581 2267 3636 ita
2301 3598 2444 3646 esse.
2486 3584 2689 3639 audeat
2738 3586 2866 3657 quis
2901 3586 3163 3643 honestus
3220 3589 3439 3660 ingres-

1840 3684 1934 3728 sus
1964 3673 2233 3730 theatrum
2261 3674 2444 3731 dicere
2472 3691 2601 3731 vera
2654 3680 2739 3733 his
2778 3681 2871 3749 qui
2919 3682 3177 3738 mendose
3216 3684 3437 3739 conlin-

1838 3774 1993 3835 gunt,
2017 3774 2071 3821 et
2100 3781 2385 3824 assumere
2416 3771 2783 3826 constantiam
2812 3772 3106 3841 decoram;
3144 3775 3189 3829 si
3244 3785 3433 3833 autem

1837 3868 1892 3913 et
1922 3860 1975 3914 in
2001 3859 2094 3915 illo
2123 3861 2380 3916 decorum
2406 3874 2489 3918 est
2514 3865 2724 3937 ingredi
2752 3865 2909 3933 loco;
2942 3876 2997 3921 et
3028 3868 3254 3937 incipiat
3279 3870 3429 3925 dice-

1838 3965 1897 4008 re
1925 3970 1938 4005 :
1969 3952 2244 4017 Insanitis,
2267 3970 2301 4008 ο
2325 3954 2576 4010 homines
2608 3973 2625 4013 :
2662 3972 2771 4013 non
2810 3959 3006 4013 videtis
3048 3958 3222 4014 oculis
3254 3978 3268 4015 :
3302 3975 3433 4015 sur-

1837 4045 1919 4099 da:
1943 4046 2095 4101 vobis
2116 4056 2242 4102 sunt
2271 4063 2453 4103 aures.
2486 4049 2593 4105 iste
2636 4052 2781 4107 enim
2809 4052 2903 4121 qui
2935 4051 3119 4120 saltat,
3153 4052 3294 4107 ludit
3332 4069 3431 4109 ve-

1836 4153 2005 4196 stram
2021 4142 2338 4224 cultionem,
2362 4144 2703 4213 deturpatea
2748 4160 2869 4215 quae
2906 4145 3122 4213 colitis,
3160 4145 3429 4200 mentitur

1836 4238 1962 4302 iste,
1991 4244 2047 4291 et
2076 4252 2174 4291 vos
2198 4236 2541 4292 consentitis.
2573 4236 2741 4293 Putas
2768 4232 3050 4309 patientur
3070 4280 3086 4303 ,
3117 4249 3176 4293 ut
3210 4239 3434 4309 impleat

1835 4328 2243 4384 accusationem
2271 4340 2327 4384 et
2355 4332 2789 4397 convictionem,
2812 4341 2869 4385 et
2896 4347 3003 4387 non
3031 4332 3202 4402 ipsius
3228 4331 3433 4389 theatri

1836 4416 2168 4485 accipientes
2204 4417 2411 4487 lapides
2448 4420 2627 4475 mittet
2672 4428 2767 4475 aut
2803 4421 2987 4475 volvet
3027 4422 3432 4493 unusquisque,

1835 4516 1895 4561 ut
1924 4511 1971 4563 ei
2014 4507 2179 4563 fuerit
2204 4512 2401 4576 virtus,
2432 4523 2690 4583 tanquam
2744 4514 2811 4569 ad
2852 4516 3200 4586 deceptorem
3241 4527 3297 4572 et
3348 4518 3432 4573 in-

1834 4603 2195 4660 teriicientem
2235 4607 2327 4675 qui
2379 4607 2705 4662 beneficium
2754 4609 3068 4663 tribuebat?
3129 4610 3184 4665 Si
3248 4621 3430 4666 autem

1834 4709 1891 4752 et
1919 4695 2205 4769 personam
2240 4701 2497 4764 comoedi,
2526 4702 2861 4757 autillorum
2886 4703 2979 4773 qui
3017 4702 3092 4758 illi
3132 4704 3429 4773 plurimum

1832 4791 2074 4847 clamore
2105 4804 2461 4856 consuerunt,
2515 4794 2783 4850 inducens
2824 4795 2949 4863 quis
2991 4794 3157 4851 fuerit
3221 4796 3430 4865 ingres-

1834 4867 2011 4949 sus'jn
2052 4884 2237 4939 habitu
2272 4887 2491 4955 quidem
2534 4885 2667 4957 lnpi,
2713 4889 2936 4958 incipiat
2982 4900 3164 4944 autem
3207 4890 3426 4944 dicere:

1833 4974 1931 5030 Est
1957 4974 2123 5041 Deus,
2156 4988 2212 5032 et
2244 4979 2346 5032 iste
2372 4995 2477 5034 non
2515 4980 2567 5033 in
2607 4980 2845 5048 templis,
2869 4996 2977 5035 non
3007 4983 3060 5036 in
3088 4982 3425 5047 simulacris,

1833 5084 1940 5122 non
1974 5070 2027 5123 in
2058 5071 2309 5139 picturis,
2337 5087 2445 5126 non
2467 5072 2520 5126 in
2554 5074 2807 5128 manibus
2849 5074 3163 5131 artiﬁcum:
3197 5077 3241 5131 si
3269 5076 3425 5130 dixe-

1830 5162 1904 5216 rit
1929 5176 2055 5217 vera
2087 5164 2227 5233 apud
2254 5178 2349 5219 eos
2377 5164 2467 5233 qui
2500 5164 2834 5220 meditantur
2858 5168 3053 5221 menda
3083 5167 3223 5239 (l8),
3264 5179 3424 5238 putas

1828 5252 2132 5308 concedent
2180 5254 2406 5322 implere
2458 5255 2706 5309 veritatis
2768 5270 3075 5322 sermones,
3120 5274 3225 5313 non
3295 5270 3423 5313 ante

1829 5359 2108 5401 sermones
2169 5346 2397 5401 obruent
2437 5362 2559 5402 eum
2604 5346 2875 5415 lapidibus
2921 5350 3237 5405 dicentem?
3286 5350 3420 5408 Nam

1828 5437 1932 5491 etsi
1958 5436 2084 5490 talia
2115 5453 2220 5492 non
2256 5439 2395 5493 [lunt
2439 5441 2489 5495 in
2550 5442 2817 5506 ecclesiis,
2857 5451 3037 5497 tamen
3076 5458 3199 5499 cum
3248 5460 3419 5514 supra

1828 5529 2243 5585 sensibilitatem
2308 5534 2644 5590 moverimus
2698 5550 3011 5591 sermonem
3047 5574 3066 5603 ,
3116 5535 3270 5592 multi
3316 5552 3418 5595 nos

1900 5839 2014 5914 (17)
2056 5841 2452 5914 ostenderimus
2497 5843 2662 5899 Forte
2689 5845 3095 5906 ostenderimus.

1898 5912 2011 5974 (⁷18)
2049 5913 2263 5971 Mondo.
2291 5914 2455 5975 Forte
2488 5918 2788 5972 mendacis.
