4048 6322
685 355 827 411 ιιι-ι

1391 355 1656 412 ευεεωι
1692 355 2176 412 ϐίΕδΑΒΙΕΝΒΙΞ
2213 357 2362 414 OPP.
2407 357 2586 414 PARS
2625 358 2716 414 ιν.
2758 389 2828 404 -
2865 359 3281 418 ΒΟΕΙΛΤΙΟΑ.

3803 365 3922 418 ii”

684 470 1106 537 derelinquunt:
1144 478 1200 523 et
1229 483 1452 538 corpore
1472 469 1684 536 quidem
1733 471 2059 524 erubescunt
2102 487 2248 526 rece-
2275 482 2321 538 Α
2349 487 2542 527 carnes
2579 472 2696 546 (20)
2740 474 2924 528 vivent
2954 491 2970 538 ;
3019 475 3115 531 sed
3167 477 3344 529 anima
3367 513 3387 540 ,
3440 485 3495 531 et
3542 476 3856 547 cogitatus,
3881 489 3923 535 et

684 562 835 621 dere.
863 569 1044 613 mente
1065 568 1251 612 autem
1278 560 1406 613 olim
1435 557 1838 626 dereliquerunt
1877 574 1891 611 :
1931 571 2248 630 reputantes

682 651 826 721 apud
851 665 932 713 se,
968 650 1138 719 magis
1163 661 1344 703 autem
1371 647 1684 703 iraudautes
1717 662 1771 703 et
1801 665 1908 704 non
1953 652 2247 706 admitten-

682 749 786 796 tes.
839 739 935 796 Est
981 755 1111 811 ergo
1162 739 1364 807 aliquid
1406 738 1549 806 quod
1581 755 1685 794 non
1724 751 1900 809 potest
1948 758 2137 797 manus
2177 753 2246 798 te-

681 845 813 887 nere
845 849 859 886 :
891 841 976 886 est
1029 830 1226 899 aliquid
1255 828 1400 899 quod
1426 843 1533 891 non
1565 840 1743 898 potest
1783 831 1974 886 oculus
2018 831 2243 888 videre:

681 930 767 978 est
798 922 996 991 aliquid
1030 920 1170 991 quod
1232 935 1337 974 non
1400 930 1485 974 est
1524 920 1879 976 sensibilitas.
1932 921 2048 978 Non
2081 923 2246 979 babes

682 996 963 1072 auimami
989 1015 1166 1069 vidisti
1199 1015 1296 1070 ista
1321 1012 1476 1086 (19)?
1501 1024 1660 1084 putas
1678 1031 1827 1084 ergo.
1856 1015 1980 1083 quia
2008 1016 2242 1070 animam

685 1125 787 1164 non
818 1109 996 1162 vidisti
1025 1117 1194 1169 tuam,
1225 1123 1327 1162 non
1357 1115 1440 1162 est
1472 1107 1614 1176 quod
1655 1106 1859 1161 babes?
1899 1117 1955 1161 et
2001 1122 2149 1161 certe
2178 1109 2242 1162 de

678 1202 858 1256 anima
889 1183 1084 1254 dubius
1117 1215 1237 1254 esse
1263 1215 1366 1253 non
1396 1199 1558 1254 debes
1583 1199 1626 1253 si
1655 1208 1760 1261 est,
1784 1200 1876 1253 sed
1901 1200 1967 1254 de
1994 1216 2239 1270 corpore.

677 1290 903 1356 Corpori
941 1291 1084 1342 enim
1122 1300 1181 1343 ut
1213 1290 1307 1353 sit,
1344 1291 1629 1356 prasentia
1658 1288 1786 1342 facit
1822 1291 2016 1344 animt
2057 1309 2069 1344 :
2114 1307 2238 1344 num

676 1383 842 1436 debes
868 1381 1151 1436 dubitare?
1185 1382 1238 1435 Si
1273 1382 1421 1435 videt
1445 1381 1632 1436 oculus
1670 1375 1812 1445 tuus,
1838 1383 1882 1436 si
1925 1390 2104 1453 gustat
2141 1381 2241 1434 lin-

674 1489 776 1544 gua
807 1484 857 1528 et
905 1475 1161 1545 loquitur.
1188 1484 1242 1528 et
1285 1475 1328 1528 si
1371 1474 1542 1544 tangit
1600 1489 1829 1539 manus;
1860 1489 1957 1528 cur
2003 1475 2236 1536 dubitas,

675 1577 733 1619 et
764 1582 872 1621 non
905 1568 1074 1634 magis
1107 1565 1390 1620 edoceris?
1443 1563 1683 1619 Ostendn
1726 1565 1823 1619 tibi
1863 1579 2059 1634 corpus
2105 1581 2240 1619 mor-

677 1658 795 1710 tui:
829 1656 1012 1712 oculus
1040 1656 1087 1710 ei
1141 1673 1246 1711 non
1303 1657 1472 1720 deest,
1521 1664 1712 1711 etnon
1775 1655 1962 1721 videt;
2001 1656 2235 1726 linguam

675 1748 856 1812 habet,
909 1761 964 1802 et
1028 1763 1330 1803 sermonem
1363 1764 1466 1803 non
1509 1747 1704 1814 habet;
1775 1761 1935 1802 aures
1963 1747 2141 1811 habet,
2183 1756 2236 1801 et

2347 575 2558 618 sensus.
2593 564 2650 618 Si
2686 575 2866 620 autem
2887 575 2944 620 et
2973 566 3300 622 contenditis
3327 581 3451 623 esse
3474 584 3719 639 corpora
3747 582 3917 626 etear-

2347 669 2442 709 nes
2479 653 2610 716 Deo,
2642 668 2754 709 non
2776 670 3116 726 opponamus
3151 656 3201 711 ei
3243 658 3334 727 qui
3381 674 3489 714 non
3523 661 3804 729 suscipit,
3841 668 3921 718 sed

2345 746 2416 800 sit
2441 756 2721 814 separatus
2748 756 2800 799 ut
2849 756 2954 813 est,
3002 748 3074 802 sit
3115 763 3297 818 purus,
3340 749 3414 803 sit
3459 750 3602 805 iiber
3658 755 3922 821 corporali

2344 833 2537 890 aﬂectu
2571 837 2639 890 ab
2670 837 2818 891 omni
2853 836 2991 903 loco,
3017 838 3088 892 ab
3111 839 3256 894 omni
3285 842 3528 908 regione,
3559 842 3632 898 ab
3662 845 3816 899 omni
3839 860 3918 898 ua-

2345 934 2485 979 tura.
2516 925 2676 982 Solus
2700 929 2845 981 enim
2875 938 2963 983 est
2997 929 3049 983 in
3092 930 3415 1000 semetipso,
3451 932 3608 987 solus
3656 935 3805 1002 apud
3843 949 3919 989 se.

2343 1017 2659 1085 metipsum,
2713 1017 2858 1073 solus
2908 1031 3183 1088 reparatus
3222 1023 3286 1077 ad
3326 1039 3415 1091 se,
3464 1035 3522 1079 et
3566 1039 3699 1079 cum
3738 1026 3812 1080 sit
3851 1043 3918 1082 re-

2344 1119 2564 1176 paratus
2589 1109 2655 1163 ad
2681 1124 2759 1173 se,
2792 1112 3022 1180 complet
3045 1115 3250 1182 omnia,
3283 1116 3377 1169 sed
3402 1129 3508 1170 non
3538 1119 3914 1185 corporaliter.

2343 1195 2492 1251 Tuba
2521 1213 2658 1270 opus
2681 1210 2794 1266 est;
2854 1215 2956 1255 vox
2985 1203 3218 1257 maxima
3252 1206 3567 1260 necessaria
3607 1217 3697 1261 est
3748 1222 3764 1258 :
3818 1223 3913 1262 ma-

2341 1291 2424 1360 gis
2450 1301 2631 1346 autem
2656 1307 2755 1348 nec
2800 1308 2921 1357 vos.
2961 1310 3058 1350 nec
3108 1296 3255 1361 tuba,
3308 1299 3402 1352 sed
3463 1311 3629 1353 mens
3679 1315 3842 1369 pura,
3869 1312 3916 1355 ut

2339 1381 2587 1438 videatur
2615 1385 2705 1453 qui
2741 1400 2846 1439 non
2875 1384 3109 1451 videtur,
3154 1397 3216 1442 ut
3239 1389 3489 1442 audiatur
3545 1391 3642 1459 qui
3693 1405 3804 1453 non
3841 1406 3914 1445 as-

2342 1471 2509 1539 ditur,
2541 1483 2599 1528 ut
2639 1474 2969 1546 intelligatur
2994 1479 3085 1546 qui
3121 1493 3226 1532 non
3276 1479 3712 1550 interpretatur,
3761 1493 3818 1536 et
3841 1483 3912 1540 ἆξ-

2339 1575 2491 1619 catur
2517 1565 2607 1633 qui
2637 1579 2741 1619 non
2771 1566 3002 1631 dicitur,
3031 1578 3088 1621 ut
3111 1581 3435 1639 agnoscatur
3474 1571 3574 1642 qui
3629 1588 3745 1627 non
3780 1589 3912 1631 com-

2337 1655 2723 1725 prehenditur,
2782 1667 2838 1713 et
2905 1659 2978 1713 sit
3032 1660 3119 1715 isti
3177 1661 3270 1716 tali
3339 1662 3450 1716 Deo
3503 1678 3610 1733 per
3663 1679 3794 1720 eum
3832 1668 3908 1738 qui

2337 1747 2498 1803 talem
2527 1747 2683 1803 nobis
2730 1752 3010 1806 annuntiat
3052 1763 3102 1807 et
3128 1752 3544 1824 interpretatur
3588 1756 3768 1811 Deum
3813 1759 3909 1829 glo-

673 1840 911 1892 auditutn
947 1855 1052 1894 non
1080 1839 1238 1896 habet
1270 1857 1285 1905 ;
1325 1856 1430 1894 non
1457 1850 1644 1909 gustus
1676 1839 1748 1904 ei,
1785 1853 1888 1894 non
1929 1847 2125 1896 tactus.
2157 1838 2241 1892 ln-
2267 1827 2311 1884 Β
2341 1839 2441 1905 ria,
2478 1839 2671 1904 honor,
2703 1841 2988 1911 imperium
3011 1881 3030 1908 ,
3062 1844 3316 1912 maiestas
3369 1847 3422 1901 in
3474 1846 3695 1917 Spiritu
3729 1827 3907 1905 sancta

670 1929 835 1984 tueris
871 1929 990 1998 quia
1029 1931 1290 1985 abscessit
1321 1931 1514 1984 artifex
1566 1929 1891 1995 invisibilis,
1939 1939 1994 1984 et
2047 1943 2235 1984 cessa-

672 2028 799 2074 runt
853 2019 1085 2075 visibilis
1137 2020 1717 2091 operamentaiﬂunc
1771 2035 1966 2092 corpus
2016 2037 2030 2074 :
2085 2036 2228 2076 nunc

2336 1940 2391 1986 et
2421 1946 2562 1987 nunc
2593 1943 2650 1987 et
2676 1945 2888 2002 semper
2904 1971 2922 2000 ,
2947 1941 3002 1989 et
3031 1947 3127 2004 per
3141 1934 3324 1991 omnia
3342 1934 3542 1992 saecula
3564 1939 3902 1998 saeuorum.

2330 2025 2523 2081 Amen.

1629 2409 2186 2527 EUSEBII
2262 2414 2948 2533 PAMPHILI

1486 2672 3106 2808 DEINCORPORALU

1979 2890 2209 2953 LIBER
2253 2892 2570 2958 PRIMUS.

737 3289 1018 3346 Multitudo
1041 3292 1394 3360 quaestionum
1423 3295 1477 3349 in
1509 3295 1595 3352 bis
1620 3311 1740 3364 qua
1769 3299 1903 3355 lecta
1952 3309 2077 3358 sunt
2112 3301 2228 3359 hec
2254 3312 2299 3375 ο
2329 3306 2508 3363 omnia
2536 3317 2822 3378 corporum
2858 3319 2984 3366 sunt
3014 3311 3143 3368 vitia
3167 3321 3225 3370 et
3255 3316 3565 3387 passiones,
3597 3330 3658 3376 et
3684 3321 3899 3378 divisio-

667 3383 994 3436 coutinetur.
1033 3382 1097 3436 Et
1145 3382 1283 3440 forte
1330 3401 1451 3441 cum
1507 3387 1712 3458 jejunio
1763 3394 2008 3459 poteritis
2043 3395 2232 3450 audire

664 3486 715 3526 et
751 3489 868 3542 quae
900 3483 1020 3528 sunt
1047 3489 1166 3544 quae
1197 3491 1511 3546 quaeruntur
1533 3520 1548 3546 ,
1592 3491 1646 3534 et
1689 3497 1808 3551 quae
1837 3499 2021 3538 eorum
2064 3488 2232 3540 inter-

665 3566 897 3637 pretatio
924 3565 1206 3622 habeatur.
1241 3567 1511 3634 Quaeritur
1540 3573 1684 3626 enim
1719 3575 1769 3627 iu
1813 3575 1896 3628 his
1937 3590 2057 3644 qua:
2091 3577 2226 3632 lecta

663 3667 811 3724 sunt,
866 3658 910 3713 si
970 3657 1111 3713 Deus
1162 3661 1214 3714 in
1272 3672 1508 3717 montem
1553 3664 1829 3720 descendit
1863 3668 2016 3733 Sina,
2075 3679 2130 3724 et
2182 3672 2227 3726 si

663 3748 1029 3804 circumdatur
1075 3751 1215 3807 Deus
1275 3753 1326 3806 in
1377 3766 1559 3811 monte
1606 3769 1700 3812 aut
1763 3757 1899 3814 loco.
1955 3761 2227 3828 Quaeritur

662 3841 826 3895 etiam
855 3857 975 3910 qua;
1023 3854 1140 3898 erat
1188 3846 1348 3912 tuba,
1397 3862 1518 3917 quae
1561 3864 1656 3922 ore
1696 3851 2066 3919 proferebatur
2111 3854 2225 3910 Dei.

667 3928 959 4000 Quaeritur,
1008 3948 1103 3988 cur
1149 3938 1642 4006 appropinquantes
1690 3943 1755 3996 ad
1805 3954 2012 3998 montes
2033 3944 2145 4016 (2|)
2176 3947 2226 4000 in

667 4037 774 4093 quo
829 4035 948 4079 erat
997 4025 1156 4091 Deus,
1201 4028 1698 4097 interﬁciebantur,
1752 4042 1807 4087 et
1850 4035 2230 4105 prohibebatur

663 4116 891 4185 populus
922 4117 1368 4188 appropinquare.
1412 4119 1548 4189 Quid
1577 4122 1678 4177 sibi
1713 4124 1826 4180 vult
1855 4122 2107 4182 columna
2130 4145 2230 4182 nu-

664 4206 747 4262 bis
781 4205 868 4261 ubi
899 4218 981 4261 est
1012 4208 1189 4263 Deus?
1223 4211 1351 4280 quitl
1379 4212 1540 4265 etiam
1574 4226 1730 4269 mons
1764 4214 2020 4272 fumans?
2046 4219 2229 4275 Adda-

664 4308 751 4354 tur
783 4309 960 4354 autem
993 4299 1078 4356 his
1139 4316 1237 4357 cur
1263 4302 1308 4356 si
1359 4303 1479 4373 quis
1505 4304 1728 4361 vidisset
1763 4309 1926 4362 Deum
1962 4312 2230 4366 morieba-

665 4399 775 4453 tur,
806 4400 856 4444 et
886 4406 989 4445 nou
1021 4393 1191 4463 magis
1235 4394 1471 4450 vivebat.
1519 4395 1628 4453 Has
1674 4415 1863 4457 omnes
1904 4404 2228 4472 quaestiones

661 4480 828 4534 ambit
845 4480 993 4536 locus
1005 4483 1093 4551 qui
1120 4484 1293 4540 lectus
1307 4489 1647 4558 est.0rantes
1666 4491 1794 4560 igitu
1805 4508 1830 4545 r
1847 4493 2018 4562 ipsum
2039 4495 2227 4563 Deum,

661 4569 752 4640 qui
783 4569 931 4624 solus
957 4581 1134 4638 potest
1160 4588 1257 4629 sua
1284 4576 1514 4644 edicere,
1545 4579 1616 4634 ita
1643 4582 1708 4636 ad
1727 4582 2023 4638 solutiones
2049 4585 2228 4640 istius-

2332 3412 2429 3453 nes
2453 3408 2509 3453 et
2538 3401 2878 3461 partitiones.
2921 3400 3014 3457 illa
3049 3417 3228 3462 autem
3281 3420 3473 3464 natura
3523 3411 3698 3469 libera
3746 3425 3830 3470 est
3875 3432 3901 3470 θ

2329 3490 2670 3557 corporibus,
2705 3507 2809 3546 non
2836 3493 3011 3549 solum
3047 3506 3107 3551 ut
3144 3513 3253 3553 non
3282 3501 3356 3555 sit
3382 3517 3577 3573 corpus
3601 3545 3617 3567 ,
3647 3508 3747 3561 sed
3770 3518 3824 3562 et
3851 3521 3906 3564 ut

2329 3597 2434 3638 non
2467 3583 2664 3638 haheat
2685 3598 2903 3656 corpus.
2938 3585 3048 3645 Nec
3068 3591 3215 3645 enim
3260 3602 3319 3646 ut
3365 3595 3544 3650 anima
3577 3596 3903 3668 incorpora-

2328 3674 2396 3729 lis
2441 3674 2659 3744 quidem
2711 3687 2814 3744 est,
2853 3679 2997 3734 circa
3039 3695 3233 3752 corpus
3278 3695 3456 3740 autem
3500 3689 3904 3758 quodammodo

2327 3773 2431 3828 est,
2472 3775 2565 3823 aut
2590 3779 2789 3837 corpus
2814 3769 2959 3824 circa
2988 3771 3157 3840 ipsam
3177 3811 3197 3840 ,
3224 3786 3318 3829 aut
3349 3780 3619 3847 quomodo
3650 3783 3778 3851 quis
3807 3799 3903 3840 vo-

2330 3854 2492 3910 luerit
2525 3856 2706 3913 dicere
2738 3873 2754 3910 :
2787 3875 2964 3927 neque
3005 3863 3108 3918 hoc
3139 3867 3506 3936 accipiendum
3546 3871 3615 3927 de
3652 3874 3766 3931 Deo
3793 3889 3898 3941 est.

2328 3949 2453 4017 quia
2485 3964 2660 4020 neque
2709 3967 2902 4023 corpus
2944 3965 3028 4009 est
3073 3956 3249 4023 Deus,
3299 3976 3469 4030 neque
3515 3979 3716 4034 corpus
3756 3971 3901 4026 cirra

2329 4038 2528 4108 ipsum,
2551 4057 2725 4111 neque
2753 4044 2805 4098 in
2832 4060 3058 4116 corpore
3079 4059 3162 4103 est
3184 4050 3317 4119 ipse.
3351 4050 3420 4106 Et
3435 4056 3558 4124 quis
3577 4062 3902 4126 corporibus

2330 4130 2625 4188 innutritus
2671 4131 2812 4189 forte
2854 4138 3238 4206 suspicabitur,
3298 4143 3432 4199 nihil
3467 4159 3589 4203 esse
3633 4164 3787 4214 eum,
3811 4157 3901 4224 qui

2330 4233 2439 4274 non
2469 4231 2702 4289 tenetur,
2726 4239 2826 4280 nec
2851 4225 3082 4292 videtur,
3107 4243 3207 4284 nec
3228 4239 3492 4301 arctatur,
3507 4252 3604 4291 nec
3637 4245 3898 4311 tangitur.

2329 4311 2435 4367 Sed
2490 4329 2784 4371 conversus
2831 4317 3117 4374 edoceatur
3165 4333 3411 4379 naturam
3471 4331 3707 4399 negotii,
3775 4338 3899 4404 quia

2326 4419 2448 4474 quae
2485 4406 2753 4470 videntur,
2786 4418 2841 4463 et
2871 4409 3103 4465 tactibus
3131 4411 3429 4480 incurrunt,
3467 4426 3524 4472 et
3569 4422 3900 4490 rogitatihus

2329 4495 2744 4565 amplectuntur,
2792 4515 2919 4557 vere
2974 4517 3250 4573 nunquam
3306 4519 3451 4565 sunt.
3500 4511 3559 4564 Si
3613 4523 3801 4572 autem
3850 4533 3900 4574 et

2331 4587 2656 4645 transfertur
2683 4601 2740 4647 et
2767 4602 3184 4662 transmutatur,
3216 4608 3271 4652 et
3298 4602 3581 4671 scinditur,
3614 4619 3671 4662 et
3696 4611 3900 4668 dividi-

662 4661 806 4717 modi
854 4664 1152 4718 veniemus.
1211 4663 1376 4720 Deum
1434 4672 1654 4739 quidem
1702 4675 2003 4730 circumdat
2059 4678 2224 4744 nihil;
2256 4671 2437 4741 Dtur.
2461 4688 2517 4734 et
2561 4685 2840 4750 putrescit,
2889 4695 2945 4740 et
2998 4702 3272 4759 nunquam
3322 4693 3493 4763 ipsum
3535 4661 3648 4769 (ἐς)

660 4751 963 4809 circumdat
998 4765 1177 4810 autem
1215 4756 1356 4813 Deus
1399 4760 1580 4817 omnia
1606 4804 1623 4832 ,
1679 4780 1785 4820 non
1851 4769 2223 4838 corporaliter.

664 4840 873 4898 Virtute
915 4846 1058 4900 enim
1109 4847 1432 4919 incorporali
1483 4853 1638 4910 adest
1700 4857 1987 4921 omnibus,
2030 4861 2226 4930 ubique

663 4950 900 5006 presens
924 4949 1028 5006 est,
1057 4948 1112 4995 et
1135 4941 1204 4996 ab
1229 4943 1491 4999 omnibus
1505 4957 1782 5016 separatus
1810 4961 1911 5005 est.
1939 4950 2052 5006 Non
2081 4953 2223 5008 enim

664 5037 722 5084 ut
749 5028 1136 5099 Permiscealur
1165 5033 1337 5116 adest,
1365 5045 1459 5090 aut
1486 5047 1544 5091 ut
1572 5034 1873 5108 copuletur,
1910 5055 2002 5098 aut
2028 5056 2084 5099 ut
2105 5045 2227 5116 jun-

662 5129 846 5190 gatur;
894 5122 987 5179 sed
1017 5122 1154 5179 liber
1187 5133 1243 5181 et
1284 5115 1566 5199 separatus
1605 5131 1778 5186 adest.
1829 5133 1996 5190 Adest
2043 5115 2221 5191 autem

664 5224 768 5267 non
789 5211 1017 5279 divisus,
1045 5225 1138 5271 aut
1163 5218 1386 5282 scissus,
1415 5229 1507 5275 aut
1533 5232 1863 5295 segregatus.
1890 5224 2076 5297 Neque
2099 5243 2222 5298 pars

664 5304 877 5374 quidem
910 5305 1026 5374 ejus
1079 5308 1264 5374 adest,
1291 5325 1416 5380 pars
1467 5321 1645 5368 autem
1677 5316 1867 5385 abest;
1913 5333 2085 5389 neque
2133 5320 2223 5375 hic

663 5396 879 5466 quidem
907 5412 1033 5469 pars
1057 5398 1192 5467 alia,
1224 5400 1326 5456 alia
1354 5413 1532 5459 autem
1581 5419 1708 5475 pars
1743 5407 1891 5465 alibi.
1928 5409 2032 5466 Ista
2075 5413 2220 5468 enim

737 5612 847 5680 (i9)
878 5612 1010 5672 Ista.
1039 5615 1200 5674 Forte
1221 5618 1396 5674 istam.

702 5679 1032 5806 ofﬂflknc
1055 5703 1259 5758 corpus,
1288 5706 1424 5746 nunc
1453 5707 1656 5750 carnes.
1679 5692 1857 5764 Forte,
1882 5711 1980 5753 non
2014 5713 2223 5770 corpus,

949 5774 994 5806 δ.

665 5769 767 5806 ηοη
793 5769 994 5810 εαηιει.

2325 4779 2549 4826 statum.
2578 4771 2784 4839 Quibus
2821 4775 2967 4830 enim
3001 4779 3300 4846 proprietas
3323 4793 3445 4849 est,
3469 4787 3765 4848 minoratio
3799 4771 3899 4850 ista

2325 4859 2568 4918 videtur:
2587 4863 2711 4932 quid
2731 4865 2872 4918 enim
2900 4868 3174 4935 proprium
3195 4879 3280 4923 est
3305 4876 3624 4941 corporibus
3648 4881 3751 4936 nisi
3782 4882 3898 4959 (23)

2325 4957 2708 5012 veterascanti
2735 4957 2792 5013 Si
2819 4959 2964 5013 enim
2991 4969 3136 5014 esset
3159 4974 3447 5032 corporum
3483 4977 3672 5026 natura
3707 4978 3895 5044 perie-

2326 5051 2446 5110 cta,
2480 5061 2586 5101 non
2636 5048 2903 5120 indigeret
2947 5051 3103 5106 istam
3156 5055 3510 5114 additamenti
3554 5077 3893 5126 mensuram.

2325 5135 2402 5190 Ita
2427 5139 2569 5193 enim
2594 5154 2822 5212 corpora
2848 5142 3058 5199 inﬁrma
3083 5155 3242 5216 sunt,
3278 5160 3334 5206 et
3365 5151 3454 5206 illa
3497 5157 3733 5214 maxime
3773 5178 3897 5231 qua

2330 5229 2578 5285 videntur
2611 5230 2906 5289 fortissima
2941 5251 3081 5301 esse,
3125 5242 3252 5310 quia
3276 5243 3529 5315 adjuvare
3550 5261 3610 5302 se
3634 5266 3739 5304 non

2325 5329 2468 5379 sunt.
2496 5320 2551 5376 Si
2587 5323 2731 5377 enim
2759 5325 2943 5394 pulsus
2966 5327 3127 5383 fuerit
3152 5331 3286 5400 lapis
3304 5373 3321 5400 ,
3348 5342 3400 5386 et
3428 5334 3596 5390 semel
3623 5320 3895 5411 acceperit

2297 5410 2536 5473 ~iuitium
2564 5415 2834 5484 utcadat,
2868 5427 2923 5473 et
2945 5422 3172 5492 coeperit
3193 5423 3524 5493 comminui,
3558 5442 3668 5485 non
3718 5410 3894 5502 potes.

2386 5628 2508 5700 ,(21)
2535 5629 2758 5687 Montes.
2786 5632 2888 5689 Pro
2913 5649 3156 5694 montem.

2399 5701 2510 5772 (ἓξ)
2539 5701 2739 5772 ipsum.
2763 5704 2953 5769 Αὐτόν,
2983 5711 3240 5768 eumdem.

2399 5769 2514 5839 αὖ)
2547 5769 2683 5828 Nisi.
2707 5772 2886 5837 Forte.
2917 5778 3020 5834 nisi
3041 5789 3119 5838 at.
