4048 6322
222 373 372 431 1ης)

1532 371 1621 427 DE
1657 369 2143 428 XNCORPORALI.

3358 369 3499 423 H30

206 505 478 547 revocare
534 505 684 545 suam
745 493 996 557 ruinam;
1037 504 1089 546 et
1136 496 1179 547 si
1239 494 1440 549 scissus
1487 496 1650 548 fuerit
1690 510 1794 549 non
1826 500 1871 553 Α
1903 490 1980 560 git
2007 491 2151 543 enim
2188 489 2402 543 ﬂamms
2438 502 2586 543 eum.
2617 488 2671 542 Si
2704 497 2886 542 autem
2927 488 3071 559 ignis
3116 487 3495 548 confabulatus

191 586 576 655 coniungitur,
610 592 666 637 et
692 584 898 639 divisus
938 585 1107 640 distat
1135 601 1162 640 a
1196 590 1510 655 semetipso.
1542 586 1618 640 lta
1648 598 1702 641 et
1731 589 1845 641 de

196 677 484 730 montibus
511 674 819 729 eﬂiciuntur
846 676 1139 731 incisiones
1169 688 1221 729 et
1266 679 1463 742 ruinae;
1500 688 1552 733 et
1591 691 1793 747 quanto

198 768 417 835 majora
460 776 586 820 sunt
620 782 740 835 quae
767 768 1124 831 scinduntur,
1154 778 1304 823 tanto
1335 785 1541 840 magna:
1585 779 1713 829 sunt
1742 781 1797 825 et

198 859 402 911 ruinas.
438 856 502 910 Et
528 870 633 909 nou
665 856 717 909 in
766 856 1129 911 crassitudine
1171 860 1345 912 virtus
1378 868 1480 912 est.
1504 857 1561 912 Si
1613 869 1793 914 autem

194 958 421 1018 oportet
460 958 514 1002 et
554 949 791 1017 ipsorum
823 962 1114 1017 corporum
1147 951 1381 1005 scrutari
1414 959 1635 1007 naturas
1656 991 1671 1015 ,
1705 966 1792 1007 se-

197 1040 443 1093 cundum
474 1041 802 1109 propositam
831 1040 1188 1108 quaestionem
1219 1053 1617 1111 consequenter
1644 1044 1792 1099 vide-

198 1129 403 1190 bimus.
454 1130 578 1198 quia
614 1140 667 1185 et
721 1132 961 1199 ipsorum
1017 1146 1306 1201 corporum
1358 1135 1631 1190 subtilitas
1672 1151 1792 1205 qua

198 1231 468 1288 putantur
489 1220 868 1283 esseinﬂrma,
915 1221 1144 1277 fortiora
1175 1225 1577 1291 quodammodo
1624 1242 1791 1298 appa-

200 1318 326 1363 rent
365 1324 379 1361 :
417 1320 474 1365 ut
503 1318 636 1377 puta
665 1309 807 1377 quod
836 1308 994 1377 dico,
1025 1320 1168 1366 terra
1199 1314 1356 1383 aquis
1388 1326 1472 1370 est
1526 1320 1788 1383 crassior,

200 1414 362 1470 aqua
417 1416 446 1456 a
500 1411 641 1456 terra
696 1401 874 1456 minus
921 1417 1117 1458 crassze
1168 1406 1460 1461 habentur.
1514 1409 1618 1464 Sed
1664 1425 1787 1465 cum

201 1498 351 1545 terra
406 1491 691 1546 incurrerit
733 1505 953 1560 aquam,
1014 1493 1380 1551 dissolvitur:
1429 1512 1550 1550 cum
1606 1509 1787 1554 autem

198 1594 347 1650 aqua
371 1581 786 1649 apprehenderit
820 1590 1045 1648 terram,
1075 1594 1321 1653 penetrat
1369 1602 1511 1642 eam.
1550 1588 1615 1642 Et
1644 1593 1787 1657 quod

198 1673 410 1741 patitur
456 1680 597 1726 terra
643 1672 711 1725 ab
764 1687 925 1740 aqua,
959 1674 1059 1728 hoc
1119 1677 1324 1742 patitur
1368 1692 1507 1746 aqua
1546 1681 1613 1733 ab
1642 1694 1783 1733 aere.

202 1761 348 1829 Quid
398 1765 543 1819 enim
594 1767 1049 1834 improvectiones
1101 1768 1214 1840 (24)
1275 1771 1396 1825 ista:
1458 1774 1785 1827 ostendunt?

1900 583 2062 636 fuerit
2089 581 2277 651 lapidi,
2315 595 2413 651 per
2440 590 2608 635 totum
2661 580 2893 650 lapidem
2933 590 3200 651 penetrat.
3234 581 3311 636 ita
3357 592 3412 637 et
3448 582 3496 639 si

1897 681 2255 727 atramentum
2277 671 2576 726 immissum
2607 669 2770 725 fuerit
2792 672 2845 725 in
2872 672 3013 740 igne,
3040 683 3134 725 aut
3155 670 3387 737 ferrum,
3404 683 3499 726 aut

1898 763 2072 831 ipsum
2100 776 2289 815 aurum
2310 801 2325 824 ,
2361 762 2722 815 immutantur
2764 760 2978 817 colores
3006 762 3249 816 omnium
3272 803 3289 827 ,
3329 772 3384 817 et
3424 762 3494 816 ad

1899 854 2045 923 ignis
2103 851 2511 908 transferuntur
2567 852 2910 909 colorem.et
2962 853 3281 922 magistrum
3325 851 3490 924 (27):

1896 946 2149 1015 quodque
2178 959 2368 1000 eorum
2399 944 2561 1015 ignis,
2590 954 2685 999 aut
2720 944 2824 999 hoc
2853 958 2960 1015 qua
2997 945 3198 999 dicitur
3225 953 3282 1000 et
3309 944 3492 1001 calore

1894 1045 1948 1090 et
1988 1034 2200 1106 fulgore
2238 1043 2295 1090 et
2345 1034 2601 1091 omnibus
2648 1036 3072 1106 proprietatibus
3128 1036 3291 1107 ignis.
3350 1035 3493 1104 Quis

1893 1137 2073 1181 autem
2100 1126 2241 1195 ignis
2268 1127 2337 1180 ad
2378 1141 2570 1180 aurum
2608 1142 2715 1181 non
2742 1127 2908 1194 cadit,
2938 1142 3129 1181 aurum
3169 1136 3349 1182 autem
3394 1144 3492 1182 ca-

1895 1216 2119 1284 lefacit;
2153 1217 2447 1275 manifesta
2476 1226 2562 1274 est
2593 1219 2909 1274 eminentia.
2956 1218 3020 1272 Et
3048 1220 3177 1288 quia
3214 1220 3352 1288 ignis
3378 1234 3486 1275 non

1893 1308 2213 1363 dissolvitur
2239 1324 2269 1363 a
2306 1309 2510 1378 petris,
2546 1310 2792 1365 dissolvit
2834 1319 3014 1365 autem
3042 1320 3261 1379 petras;
3296 1322 3487 1379 aperta

1892 1410 1979 1455 est
2032 1402 2228 1457 virtus.
2277 1402 2343 1456 Et
2380 1403 2507 1472 quia
2554 1402 2695 1473 ignis
2737 1418 2843 1457 non
2892 1404 3168 1458 detinetur
3216 1402 3286 1457 ab
3338 1418 3488 1470 aere,

1892 1494 2087 1547 scindit
2129 1503 2312 1550 autem
2350 1504 2405 1549 et
2432 1510 2647 1549 sursum
2675 1494 3160 1565 currit;apertum
3198 1496 3487 1565 imperium

1891 1593 1995 1639 est.
2026 1585 2095 1638 Et
2119 1586 2245 1653 quia
2275 1596 2431 1655 urget
2466 1600 2680 1640 sursum
2725 1587 2867 1649 ﬂeri,
2902 1597 2958 1641 et
3008 1586 3276 1655 positione
3318 1595 3405 1641 est
3431 1596 3489 1641 et

1892 1677 2093 1733 virtute
2115 1688 2171 1733 et
2203 1678 2386 1733 colore
2417 1678 2634 1733 fortior.
2675 1679 2782 1735 Sed
2816 1678 2959 1734 forte
3000 1681 3221 1750 quidam
3248 1680 3486 1752 jurgium

1898 1783 2162 1837 aquarum
2189 1770 2476 1824 adversum
2508 1771 2687 1841 ignem
2727 1772 2905 1837 videt,
2942 1772 3069 1841 quia
3099 1771 3169 1827 ab
3202 1772 3358 1841 aquis
3390 1787 3489 1827 ex-

198 1852 313 1909 hoe
336 1869 499 1909 unum
530 1858 764 1912 maxime
788 1897 803 1921 ,
838 1859 965 1928 quia
1006 1860 1073 1914 ad
1106 1861 1602 1931 iucorporalitatem
1632 1876 1688 1921 et
1718 1871 1781 1923 ad
1815 1847 1858 1902 Β
1897 1860 2193 1929 stinguitur
2233 1860 2373 1930 ignis
2400 1878 2414 1913 :
2443 1862 2586 1931 quod
2618 1861 2839 1930 quidem
2875 1862 3109 1918 recessio
3136 1864 3307 1934 magis
3346 1864 3488 1935 ignis

199 1944 379 2001 levius
403 1960 620 2016 corpus,
652 1950 912 2018 majorem
943 1951 1226 2020 imponunt
1254 1954 1505 2011 virtutem
1536 1958 1787 2015 subtilio-

198 2037 375 2092 ribus.
424 2038 530 2092 Aer
570 2040 712 2093 enim
744 2055 841 2110 per
878 2058 1047 2113 aquas
1088 2054 1378 2113 penetrat;
1410 2058 1657 2116 penetrat
1687 2065 1786 2105 au-

202 2136 316 2181 tem
348 2128 419 2181 ita
451 2137 509 2181 ut
548 2130 651 2182 vim
682 2129 850 2185 faciat
894 2148 1066 2203 aquas
1095 2137 1270 2190 emitti
1305 2152 1402 2207 per
1445 2154 1505 2195 se
1538 2142 1602 2195 ad
1630 2157 1785 2211 supe-

198 2219 378 2273 riores
406 2229 587 2289 partes
608 2261 623 2285 ,
657 2224 799 2294 quod
840 2223 956 2292 ejus
984 2242 1089 2282 non
1122 2238 1204 2282 est
1230 2240 1459 2287 naturae.
1494 2233 1627 2289 Etsi
1660 2237 1785 2304 quis

196 2311 434 2368 voluerit
464 2313 566 2370 hoc
599 2331 778 2383 nosse,
809 2318 933 2386 quia
970 2333 1076 2372 non
1110 2320 1423 2377 detinentur
1454 2339 1686 2394 superna
1716 2329 1785 2383 ab

196 2404 287 2458 itis
315 2420 432 2473 qua:
454 2406 701 2461 deorsum
725 2418 871 2473 sunt,
900 2408 945 2462 si
970 2410 1092 2479 quis
1117 2411 1403 2481 repleverit
1432 2430 1559 2469 aere
1585 2428 1779 2481 utrem.

195 2508 434 2565 eumque
478 2497 801 2551 demerserit
850 2500 903 2553 in
950 2515 1180 2569 aquam;
1233 2512 1286 2556 et
1353 2516 1499 2561 certe
1544 2523 1665 2562 cum
1713 2511 1784 2563 sit

194 2588 419 2655 pellium
454 2597 643 2641 natura
674 2592 909 2645 crassior
938 2602 992 2645 et
1022 2594 1242 2663 gravior
1282 2597 1451 2665 magis
1488 2614 1651 2667 quam
1690 2615 1785 2655 aer

195 2677 453 2742 habetur,
484 2694 579 2733 aer
604 2694 855 2748 quaerens
895 2697 1051 2737 suum
1088 2682 1323 2738 ofﬁcium
1376 2697 1430 2741 et
1482 2692 1779 2759 regiOnem,

194 2782 378 2836 neque
406 2784 526 2822 cum
556 2772 891 2839 gravissimis
923 2775 1132 2831 utribus
1166 2780 1440 2832 detinetur
1462 2820 1477 2843 ,
1518 2781 1611 2833 sed
1642 2783 1781 2837 scin-

194 2860 336 2913 dens
374 2875 539 2928 aquas
564 2877 779 2915 sursum
806 2867 1057 2919 educitur
1080 2882 1199 2920 cum
1227 2872 1488 2936 gravibus
1509 2887 1605 2939 per
1628 2890 1779 2929 aera.

192 2949 364 3005 istam
398 2952 562 3022 igitur
588 2956 889 3021 passionem
918 2973 1081 3026 quam
1116 2975 1271 3029 aqua:
1304 2962 1371 3015 ab
1401 2978 1525 3017 aere
1568 2968 1783 3033 patiun-

192 3050 309 3107 tur,
342 3052 397 3097 et
421 3060 515 3098 aer
544 3046 609 3098 ab
643 3048 763 3115 igne
796 3050 1064 3113 sustinet,
1088 3062 1142 3104 et
1172 3054 1321 3105 testis
1354 3053 1466 3123 (9.5)
1514 3060 1781 3111 sermonis

194 3133 432 3188 ﬂammae
452 3144 579 3189 sunt
606 3147 657 3191 et
685 3138 935 3194 lucernae.
974 3138 1097 3195 Ideo
1127 3145 1269 3197 enim
1294 3155 1603 3201 attenuatur
1626 3145 1776 3201 ﬂam-

191 3240 303 3279 mae
330 3228 636 3291 summitas,
661 3230 785 3297 quia
819 3231 1007 3284 incidit
1032 3234 1194 3287 istum
1223 3238 1550 3293 ambientem
1571 3255 1771 3296 aerem.

193 3317 267 3371 Et
300 3318 511 3373 videtur
538 3321 751 3387 quidem
807 3322 943 3391 ignis
1005 3340 1033 3377 a
1080 3326 1411 3391 videntibus,
1462 3332 1775 3396 agnoscitur

190 3421 376 3464 autem
412 3414 477 3467 ab
508 3414 590 3465 his
614 3415 703 3481 qui
740 3427 963 3483 possunt
990 3417 1105 3485 ejus
1130 3428 1376 3473 naturam
1402 3422 1582 3477 videre
1602 3463 1614 3487 ,
1650 3427 1774 3493 quia

192 3505 265 3555 ad
298 3517 449 3556 suam
499 3503 718 3559 festinat
756 3508 1027 3575 regionem
1055 3548 1070 3569 ,
1120 3511 1186 3563 ad
1225 3512 1503 3579 superiora
1547 3514 1772 3568 scilicet.

190 3592 305 3647 iste
336 3594 497 3661 igitur
526 3592 905 3647 subtilissimus
942 3595 1081 3661 ignis
1120 3612 1243 3650 cum
1293 3600 1363 3651 sit
1410 3615 1546 3652 unus
1596 3615 1626 3654 e
1653 3616 1775 3654 cor-

190 3684 438 3753 poribus,
470 3687 745 3754 proximus
776 3697 856 3739 est
892 3687 1342 3755 incorporalibus.
1382 3688 1598 3743 Intuere
1628 3692 1773 3743 enim

189 3785 429 3843 quantas
459 3776 654 3832 habeat
680 3779 1039 3846 proprietates
1078 3779 1364 3833 adversum
1416 3790 1611 3835 caetera
1647 3797 1771 3835 cor-

189 3881 349 3935 pora.
388 3866 441 3919 in
476 3869 640 3921 certis
679 3873 824 3921 enim
876 3870 1196 3938 corporibus
1237 3872 1621 3927 condiscamus
1670 3874 1773 3927 im-

190 3955 404 4025 perium
454 3971 575 4010 esse
626 3958 902 4011 subtilium
957 3973 1026 4012 ne
1075 3974 1293 4013 crassus
1339 3959 1564 4015 effectus
1614 3964 1774 4017 cadat

192 4047 335 4101 sicut
360 4057 413 4100 ct
436 4063 659 4115 corpora
692 4063 872 4103 crassa
910 4065 923 4100 :
964 4050 1062 4104 sed
1108 4063 1341 4106 mentem
1385 4053 1453 4108 ad
1483 4053 1721 4110 laetitiam
1754 4074 1768 4109 :

190 4141 519 4208 corporibus
547 4143 765 4211 quidem
815 4144 890 4197 sis
922 4144 1057 4197 liber
1080 4182 1096 4208 ,
1132 4144 1199 4198 ad
1235 4144 1551 4215 incorporea
1587 4156 1769 4202 autem

192 4230 435 4286 festines.
490 4234 633 4303 ignis
685 4236 850 4303 igitur
896 4236 1071 4305 primo
1121 4238 1341 4306 quidem
1390 4240 1571 4295 dicam
1626 4240 1771 4294 idem

192 4321 377 4389 gioria:
401 4333 483 4375 est
508 4339 668 4392 supra
693 4326 872 4378 omnia
902 4340 1131 4396 corpora
1153 4367 1168 4391 ,
1200 4338 1255 4381 et
1297 4328 1572 4384 illuminat
1607 4330 1713 4383 alia
1754 4348 1768 4381 :

192 4430 258 4468 se
284 4425 457 4467 autem
495 4431 596 4469 non
626 4417 779 4471 facile
809 4418 876 4471 ad
906 4418 1007 4471 alia
1044 4418 1307 4472 tenebrat.
1340 4417 1600 4473 Penetrat
1620 4420 1767 4473 enim

1805 3194 1845 3251 (Σ

1889 1961 1971 2004 est
2024 1965 2187 2020 quam
2238 1953 2569 2021 corruptela.
2620 1953 2774 2007 Sicut
2823 1952 2968 2007 enim
3012 1967 3043 2005 a
3098 1953 3335 2009 tenebris
3377 1968 3485 2007 non

1890 2042 2266 2105 consumitur,
2314 2044 2408 2097 sed
2474 2043 2788 2099 cohabitare
2844 2043 3036 2097 iisdem
3092 2058 3199 2098 non
3256 2044 3479 2113 patitur.

1888 2129 2243 2187 lmmutemus
2275 2142 2481 2198 autem,
2510 2143 2568 2189 et
2595 2134 2875 2189 videamus
2922 2147 3046 2188 cum
3077 2149 3218 2201 aqua
3276 2135 3331 2189 in
3381 2148 3484 2188 vas

1887 2222 2053 2275 fuerit
2110 2222 2378 2287 immissa,
2436 2234 2493 2279 et
2536 2224 2775 2279 oblatum
2806 2238 2899 2279 vas
2939 2223 3103 2277 fuerit
3130 2224 3263 2293 igni,
3294 2225 3417 2295 quis
3448 2239 3481 2277 a

1886 2327 1993 2382 quo
2023 2313 2143 2368 istic
2170 2315 2531 2377 consumitur,
2561 2314 2693 2384 quid
2738 2323 2918 2369 autem
2948 2314 3113 2369 veluti
3139 2329 3328 2385 poenas
3363 2330 3484 2371 sus-

1889 2405 2059 2469 tinet,
2102 2416 2158 2461 et
2196 2416 2355 2461 sonat
2404 2418 2461 2461 et
2503 2406 2676 2461 bullit.
2731 2407 2876 2475 ignis
2923 2406 3069 2461 enim
3123 2421 3402 2477 nunquam
3448 2423 3478 2463 a

1886 2495 2079 2567 frigida
2111 2512 2250 2566 aqua
2301 2498 2484 2552 factus
2518 2508 2601 2552 est
2640 2496 2868 2566 frigidus
2905 2517 2917 2553 :
2964 2512 3106 2567 aqua
3139 2506 3320 2553 autem
3373 2498 3485 2553 fre-

1885 2597 2114 2657 quenter
2136 2600 2189 2643 et
2214 2603 2450 2659 semper,
2485 2600 2542 2643 ut
2571 2591 2644 2644 ita
2670 2590 2869 2651 dicam,
2889 2588 2957 2643 ab
2979 2588 3104 2659 igne
3131 2588 3366 2644 eﬂicitur
3392 2605 3485 2646 ca-

1885 2679 2185 2747 lida.Ergo
2227 2688 2282 2736 et
2332 2681 2491 2745 istic,
2541 2682 2667 2751 quia
2732 2694 2871 2749 aqua
2927 2678 3161 2733 assumit
3216 2679 3480 2745 calorem,

1887 2774 2027 2844 ignis
2066 2785 2246 2829 autem
2305 2773 2605 2845 frigdorem
2663 2785 2799 2829 non.
2823 2773 3060 2828 admittit
3092 2790 3107 2824 :
3140 2773 3483 2829 consumitur

1884 2877 2063 2921 autem
2093 2881 2233 2935 aqua
2263 2868 2499 2935 amplius
2544 2864 2806 2920 calefacta
2827 2905 2843 2931 ,
2874 2866 2943 2921 ab
2986 2865 3130 2935 igne,
3178 2874 3233 2921 et
3267 2865 3484 2919 fervens

1886 2966 2073 3025 utpote
2106 2965 2163 3011 et
2195 2958 2392 3013 emissa
2422 2967 2476 3013 et
2506 2958 2805 3023 ebulliens,
2843 2955 2980 3026 fugit
3007 2966 3193 3026 partes
3222 2971 3479 3012 vasorum

1886 3048 1951 3100 ad
1978 3062 2114 3116 quas
2142 3049 2590 3117 propinquaverit
2618 3046 2759 3117 ignis
2781 3086 2797 3113 ,
2820 3056 2877 3102 et
2920 3057 3145 3114 urgetur
3173 3046 3410 3119 effugere
3448 3065 3481 3102 e

1884 3140 2029 3192 vasis
2055 3147 2111 3192 et
2135 3136 2359 3193 effundi.
2404 3138 2519 3192 Non
2543 3140 2687 3193 enim
2714 3146 2895 3207 potest
2922 3137 3062 3206 ignis
3098 3137 3330 3194 sufferre
3359 3155 3481 3195 cru-

1880 3232 2079 3283 ciatus.
2134 3229 2277 3299 Ergo
2328 3230 2382 3283 in
2432 3230 2556 3284 istis
2608 3229 2865 3283 omnibus
2908 3229 3194 3283 subtiliora
3247 3245 3479 3300 corpora

1882 3319 2105 3374 fortiora
2141 3330 2270 3374 sunt
2304 3321 2521 3374 caeteris
2555 3336 2567 3369 :
2612 3320 2849 3375 secunda
2880 3331 3060 3373 autem
3097 3335 3160 3373 ea
3201 3334 3322 3377 esse
3363 3323 3477 3374 vir-

1879 3425 2022 3481 tute,
2052 3430 2173 3485 qute
2206 3416 2385 3469 minus
2412 3414 2681 3469 habentur
2724 3415 2779 3469 in
2808 3414 3112 3469 subtilitate
3134 3452 3151 3477 ,
3198 3424 3254 3469 et
3282 3429 3479 3470 secun-

1877 3508 2005 3562 dum
2038 3508 2455 3576 competentiam
2506 3506 2937 3575 uniuscujusque
2987 3519 3161 3576 usque
3211 3507 3280 3560 ad
3319 3520 3479 3576 quar-

1880 3605 2013 3650 tum.
2052 3595 2121 3652 Ut
2150 3607 2330 3649 autem
2358 3604 2414 3649 et
2444 3596 2543 3650 ista
2574 3596 2879 3661 addantur,
2920 3595 3139 3649 ﬂamma
3164 3595 3335 3650 incisa
3367 3611 3473 3650 non

1880 3686 2153 3741 inciditur.
2194 3687 2299 3741 Sed
2328 3694 2383 3741 et
2408 3686 2453 3741 si
2495 3686 2733 3741 volueris
2768 3701 3057 3741 assumens
3102 3686 3308 3741 ferrum
3331 3725 3345 3749 ,
3377 3700 3474 3741 aut

1877 3779 2019 3833 aliud
2045 3779 2250 3848 aliquid
2276 3781 2421 3848 quod
2468 3780 2684 3833 videtur
2726 3779 3003 3843 incidere,
3030 3788 3085 3834 et
3123 3779 3193 3834 ad
3237 3779 3472 3836 alteram

1876 3871 2193 3942 perduxeris
2224 3882 2431 3940 partem
2460 3886 2553 3940 per
2579 3870 2879 3933 ﬂammam,
2906 3880 3091 3924 manet
3117 3878 3252 3937 tota,
3290 3879 3345 3925 et
3386 3870 3473 3924 in-

1877 3965 2139 4020 cisioneut
2170 3980 2280 4019 non
2332 3964 2584 4033 suscipit.
2644 3964 2701 4017 Si
2754 3965 2939 4017 autem
2982 3976 3091 4018 non
3125 3962 3475 4022 intellexistis

1875 4054 2017 4123 Quod
2044 4054 2249 4110 dictum
2277 4064 2383 4119 est,
2416 4066 2759 4108 transeamus
2785 4053 2854 4108 ad
2900 4052 3085 4107 radios
3120 4052 3251 4108 solis
3291 4071 3306 4107 :
3337 4054 3472 4110 istos

1876 4144 2179 4201 sivoluerit
2207 4146 2330 4215 quis
2381 4145 2620 4199 incidere
2652 4144 2865 4214 gladio,
2911 4144 2963 4197 in
3019 4143 3265 4199 inferiori
3317 4154 3473 4216 parte

1878 4252 1982 4292 non
2018 4238 2364 4294 invenientur
2407 4255 2420 4291 :
2465 4252 2680 4291 sursum
2727 4236 2872 4290 enim
2910 4244 3196 4291 remanent
3239 4253 3344 4291 non
3386 4238 3471 4292 in—

1875 4332 1995 4385 cisi.
2026 4331 2105 4384 ita
2146 4340 2199 4384 et
2234 4329 2473 4393 ﬂamma,
2507 4329 2596 4383 ubi
2620 4329 2742 4398 ejus
2781 4327 2943 4382 fuerit
2974 4327 3163 4393 radix,
3212 4328 3322 4383 illic
3358 4337 3467 4388 tota

1875 4421 2167 4490 colligitur.
2206 4419 2321 4474 Non
2350 4430 2435 4474 est
2465 4420 2609 4475 enim
2644 4419 2826 4473 videre
2872 4426 3083 4486 partem
3128 4416 3358 4472 ﬂammat
3384 4433 3469 4472 su-

193 4520 290 4573 per
317 4520 525 4568 omnes,
559 4518 612 4560 et
658 4508 903 4563 dissolvit
941 4512 1120 4564 omnia
1163 4526 1413 4579 corpora.
1447 4510 1763 4579 Quanquam
1802 4536 1842 4591 υ
1876 4514 2062 4583 perius
2086 4513 2266 4582 gladio
2298 4513 2522 4566 incisam
2550 4524 2855 4573 remanere,
2891 4518 3102 4579 partem
3156 4520 3339 4563 autem
3386 4512 3469 4564 in-

191 4595 337 4647 enim
373 4611 518 4663 petra
559 4600 629 4650 ita
666 4608 751 4653 est
776 4600 939 4667 dura,
976 4611 1069 4653 aut
1120 4615 1239 4671 qua
1271 4611 1450 4671 potest
1502 4602 1767 4657 confabu-

191 4687 301 4739 iata
350 4687 462 4757 (26)
508 4690 737 4743 ﬂamma:
783 4707 888 4745 non
964 4695 1253 4748 ostendere
1314 4693 1595 4747 fortiorem
1648 4710 1769 4749 esse

189 4779 419 4833 ﬂamma
450 4781 701 4834 virtutem
731 4799 760 4835 a
791 4786 873 4838 sui
924 4796 1117 4838 natura
1155 4802 1171 4839 :
1210 4784 1483 4839 emollitur
1523 4786 1668 4839 enim
1716 4798 1771 4839 et

191 4869 393 4923 ferrum
431 4885 525 4938 per
557 4872 750 4940 ignem.
786 4875 1044 4940 probatur
1087 4887 1141 4929 et
1172 4893 1385 4941 aurum,
1413 4879 1627 4933 colatur
1680 4896 1767 4932 ar-

190 4970 433 5028 gentum,
461 4960 726 5015 conﬂatur
750 4965 1046 5030 plumbum,
1078 4976 1131 5021 et
1154 4968 1334 5020 omnia
1369 4983 1487 5035 qua
1515 4978 1769 5035 putantur

189 5053 408 5107 fortiora
442 5069 559 5107 esse
585 5069 835 5123 corpora,
870 5058 978 5125 igni
1021 5058 1218 5113 cedunt
1258 5070 1482 5129 prapter
1515 5060 1764 5115 subtilem

191 5147 329 5213 ignis
383 5156 647 5201 naturam.
712 5148 949 5215 Denique
994 5152 1035 5204 si
1091 5152 1384 5221 proieceris
1434 5154 1663 5221 lapidem
1712 5156 1762 5208 in

188 5236 422 5302 ﬂamma,
460 5239 646 5292 transit
673 5240 909 5307 quidem,
949 5244 1039 5294 sed
1068 5257 1169 5295 non
1201 5258 1292 5311 per
1324 5244 1617 5297 ﬂammam.
1657 5243 1763 5297 Fu-

261 5438 370 5512 (2‘)
404 5437 877 5512 Improvectiones.
910 5439 1067 5491 Forte
1101 5442 1153 5512 in
1189 5456 1316 5491 voce
1351 5442 1447 5492 hac
1474 5457 1756 5512 perperam

184 5511 436 5579 additum
456 5509 543 5567 im,
569 5511 917 5579 exgvocabulo
950 5511 1269 5577 praecedenti
1296 5509 1647 5579 geminatum.

257 5580 370 5643 (25)
398 5576 581 5631 Testis.
617 5577 796 5639 Forte,
824 5576 996 5633 testes.

256 5649 365 5719 ('16)
394 5652 495 5699 Aut
523 5665 635 5715 qum
670 5660 853 5714 potest.
902 5650 1060 5703 Forte
1110 5664 1204 5717 per
1250 5652 1756 5716 interrogationem,

184 5719 282 5771 Ακι
313 5734 427 5785 qua:
456 5729 617 5789 potest
653 5719 1332 5789 σοηίαὺυίαιαφμιλήσασα
1362 5722 1581 5789 sociata)
1599 5722 1757 5789 [iam-

185 5804 301 5858 υκαι,
333 5788 567 5845 cteJSnc
598 5800 715 5854 post
747 5804 933 5853 pauca,
967 5788 1021 5841 si
1042 5788 1181 5858 ignis
1204 5792 1565 5861 confabulatu:
1594 5788 1755 5862 fuerit

462 5885 733 5947 Parant.
772 5884 891 5945 tiu.
927 5884 1159 5946 XXIV.

1877 4606 2069 4669 ferius,
2093 4607 2186 4659 sed
2224 4613 2334 4657 tota
2368 4605 2435 4658 ad
2458 4600 2807 4671 setnetipsam
2836 4597 3206 4670 conjungitur.
3235 4599 3465 4671 Lignum

1869 4708 2047 4752 autem
2081 4708 2136 4751 et
2166 4705 2371 4750 terram
2398 4735 2413 4760 ,
2450 4704 2505 4748 et
2555 4709 2686 4748 saxa
2745 4692 3044 4748 incidentes
3095 4693 3390 4748 dividimus
3431 4707 3465 4748 a

1868 4789 2196 4856 semetipsis,
2248 4798 2304 4842 et
2360 4786 2723 4857 disiungimus
2763 4794 2971 4855 partem
3018 4798 3047 4836 a
3088 4794 3283 4853 parte:
3321 4785 3465 4839 forte

1869 4891 2050 4936 autem
2083 4880 2375 4934 incidimus
2414 4889 2469 4933 et
2501 4893 2708 4941 aerem,
2754 4876 2847 4931 sed
2882 4875 3061 4943 ejecto
3105 4890 3171 4932 eo
3195 4874 3338 4945 quod
3376 4876 3463 4931 in-

1867 4978 2015 5039 cidit,
2059 4978 2240 5032 statim
2288 4975 2359 5029 ob
2402 4975 2756 5029 subtilitatem
2810 4971 2892 5026 sui
2943 4970 3296 5040 semetipsum
3330 4982 3463 5023 con-

1871 5068 2067 5138 jungit.
2098 5066 2291 5121 Gladio
2325 5068 2493 5131 enim,
2522 5077 2613 5119 aut
2641 5066 2815 5137 ligno,
2844 5072 2937 5117 aut
2969 5064 3150 5134 lapide
3170 5102 3186 5130 ,
3215 5076 3313 5135 per
3339 5075 3460 5132 quas

1878 5158 2067 5211 incisio
2098 5156 2325 5211 eﬂicitur
2365 5158 2484 5226 (per
2516 5158 2680 5211 multa
2720 5158 2861 5210 enim
2900 5153 3135 5211 admittit
3172 5153 3309 5208 ratio
3340 5151 3459 5209 fieri

1876 5248 2498 5310 incisionemisublato,
2554 5264 2646 5304 aer
2689 5258 2914 5320 propter
2962 5246 3321 5306 subtilitatem
3371 5246 3459 5301 sui

1844 5422 2054 5513 lapidi,
2087 5458 2139 5500 et
2168 5449 2304 5501 infra
2338 5451 2402 5503 ds
2435 5450 2693 5515 incorpor.
2724 5448 2820 5502 lib.
2840 5463 2879 5504 tt
2900 5448 2999 5504 sub
3017 5446 3111 5502 ﬂn.
3139 5446 3184 5500 si
3201 5442 3459 5514 confabu-

1865 5519 2179 5590 (amsteth
2218 5520 2400 5587 fuisset
2432 5521 2639 5590 (ignis).

1938 5588 2047 5655 (27)
2075 5584 2138 5640 Et
2168 5584 2501 5657 magistrum:
2530 5584 2693 5642 Forte
2736 5588 2813 5643 sic
2852 5586 3136 5655 legendum
3159 5626 3173 5647 .
3203 5596 3254 5639 et
3278 5587 3457 5657 image-

1863 5671 2030 5791 strun;
2057 5662 2297 5779 (Quodque
2334 5675 2509 5713 eorum
2550 5660 2684 5729 ignis
2708 5669 2812 5715 etc.
2843 5662 2938 5711 καὶ
2978 5657 3241 5721 δέσποζον
3267 5656 3457 5726 (domi-

1866 5744 1995 5780 nam
2041 5745 2068 5779 τ
2128 5745 2238 5799 πυρ

3015 5886 3095 5948 38
