4048 6322
651 379 783 436 1131

1309 371 1575 430 ευεηη
1606 368 2089 430 MSARIENSIS
2123 371 2272 430 OPP.
2310 373 2492 431 PARS
2525 373 2614 432 IV.
2649 405 2721 418 —
2757 373 3182 433 DOGIATICA.

3755 374 3886 432 1131

647 496 926 571 coniungit
953 501 1132 566 partes
1156 493 1374 549 incisas.
1406 493 1464 549 8i
1511 504 1690 549 autem
1723 495 1827 549 hoc
1866 504 2084 566 propter
2131 494 2213 548 in-
2243 498 2290 556 Α
2314 510 2470 550 ramo
2493 495 2695 564 potitus
2723 495 2858 566 (30).
2882 493 3216 562 Quibusdam
3240 501 3427 548 autem
3453 488 3781 561 compositio
3806 499 3890 547 est

649 589 1014 646 visibilium
1034 586 1225 642 .miuus
1263 587 1576 656 agnoscitur
1596 626 1614 651 ,
1642 587 1696 641 in
1728 589 1879 656 aquis
1902 588 2212 656 agnoscitur

647 680 788 752 quod
815 680 1033 735 dicitur.
1061 677 1194 735 Cum
1242 677 1412 733 incisa
1458 677 1626 733 fuerit
1682 692 1842 746 aqua,
1897 688 1992 734 aut
2041 679 2210 734 scissa

646 785 743 840 per
790 769 1016 837 lignum,
1065 777 1158 823 aut
1198 782 1293 838 per
1336 766 1484 822 aliud
1539 766 1755 836 aliquod
1814 769 2209 838 operimentum

535 849 540 858 ’
646 861 784 933 (28).
818 870 940 931 post
971 870 1148 915 autem
1178 858 1224 914 si
1259 858 1550 914 abstuleris
1580 859 1632 914 id
1668 859 1809 928 quod
1857 858 2067 925 incidit,
2117 876 2210 914 ur-

647 965 803 1027 getur
834 968 972 1026 aqua
1025 952 1092 1008 ad
1129 950 1560 1021 coniunctionem
1594 951 1680 1005 sui
1718 964 1730 998 :
1773 958 1857 1004 est
1887 951 2030 1004 enim
2071 966 2210 1018 aqua

647 1066 677 1106 a
713 1060 855 1105 terra
883 1045 1152 1104 subtilior.
1191 1043 1361 1100 Terra
1404 1044 1546 1098 enim
1591 1041 1667 1097 ita
1708 1039 1812 1096 sibi
1846 1051 1905 1096 ut
1936 1044 2210 1112 aqua.ad-

641 1145 833 1213 iuvare
861 1154 968 1196 non
1021 1147 1201 1209 potest
1229 1152 1245 1191 :
1280 1145 1338 1190 ut
1368 1150 1434 1190 ex
1477 1135 1581 1189 hoc
1611 1143 1904 1204 appareat,
1933 1134 2058 1202 quia
2093 1149 2213 1204 quas

646 1238 900 1292 dicuntur
937 1231 1161 1288 fortiora
1211 1242 1464 1297 corpora,
1493 1224 1598 1280 ista
1653 1225 1824 1282 multo
1885 1225 2057 1295 magis
2087 1233 2214 1280 sunt

647 1328 967 1391 inﬁrmiora,
1025 1335 1082 1379 et
1123 1335 1228 1378 no
1279 1321 1332 1375 in
1387 1317 1756 1388 magnitudine
1815 1325 1900 1372 est
1950 1316 2208 1386 potentia.

645 1418 784 1488 Quid
812 1417 956 1474 enim
987 1424 1192 1469 tantum
1222 1412 1383 1466 habet
1407 1424 1583 1488 mons,
1610 1418 1867 1479 quantum
1893 1408 2050 1463 habet
2071 1423 2212 1462 mar-

645 1486 819 1581 garita
863 1509 929 1565 ad
969 1501 1460 1578 pulchritudinem?
1487 1486 1821 1570 'Imagnitudo
1859 1499 2004 1555 enim
2036 1498 2211 1553 calca-

646 1616 756 1670 tur,
803 1604 856 1657 in
904 1599 1052 1657 brevi
1099 1608 1276 1653 autem
1328 1595 1672 1665 pulchritudo
1725 1593 2038 1663 requiritur.
2105 1591 2211 1647 Sed

646 1705 982 1749 transeamus
1001 1705 1030 1743 a
1051 1688 1240 1758 primis
1263 1703 1382 1751 qua:
1414 1689 1667 1743 dicuntur
1695 1689 2032 1758 corporibus,
2051 1699 2210 1744 terra

645 1786 766 1841 ilico
818 1795 873 1837 et
914 1782 1051 1852 ignis
1088 1790 1143 1836 et
1175 1793 1326 1850 aqua:
1376 1789 1431 1835 et
1457 1782 1632 1844 aeris,
1669 1780 1734 1834 ad
1767 1795 1829 1834 ea
1853 1795 1973 1850 qua
2005 1796 2071 1836 ex
2125 1782 2209 1834 his

2317 588 2370 642 in
2401 585 2724 642 butronibus
2755 588 2869 658 (3i)
2893 586 3181 656 conjungi,
3214 595 3269 640 et
3299 584 3608 640 immutatio
3649 584 3888 640 coloru-

2316 681 2370 735 in
2399 680 2586 735 iisdem
2613 689 2719 746 est,
2769 690 2825 734 et
2850 680 3014 750 ipsius
3041 677 3153 749 (32)
3177 677 3430 748 generis,
3461 686 3519 731 et
3557 677 3734 747 ipsius
3773 691 3893 746 spe-

2317 774 2418 829 ciei
2452 790 2468 827 :
2517 775 2874 844 quorumdam
2924 769 3140 844 quidem
3181 771 3588 825 manducantur
3610 784 3676 824 ea
3705 784 3828 840 qua
3863 783 3892 822 a

2317 866 2450 922 foris
2496 839 2780 932 habentur,
2829 839 3185 935 quorumdam
3231 871 3413 917 autem
3466 863 3538 917 ab
3593 839 3745 917 intus
3776 869 3893 916 sunt

2316 975 2437 1030 qua
2465 960 2838 1016 comeduntur.
2875 957 2941 1012 Et
2970 959 3136 1012 multa
3165 965 3252 1011 est
3291 956 3529 1010 varietas
3566 954 3894 1011 annuntians

2316 1067 2413 1124 per
2439 1053 2618 1107 omnia
2655 1051 2918 1122 sapientis
2941 1051 3284 1121 sapientiam,
3310 1059 3366 1104 et
3399 1048 3575 1119 Ipsius
3596 1046 3792 1118 operis
3817 1045 3893 1100 di-

2318 1144 2625 1215 sciplinam.
2660 1143 2866 1198 Tamen
2924 1143 2978 1197 in
3034 1142 3153 1197 istis
3178 1142 3492 1210 corporibus
3527 1141 3661 1209 quia
3724 1136 3892 1194 uncia

2318 1235 2563 1305 quedam
2592 1244 2649 1289 et
2674 1234 2894 1289 ordines
2924 1234 3353 1302 conspiciuntur,
3394 1240 3453 1286 et
3509 1245 3815 1294 mensura,
3842 1240 3894 1284 et

2319 1334 2580 1394 tempora,
2596 1333 2652 1378 et
2670 1323 2998 1395 agnitiones,
3021 1333 3080 1376 ut
3097 1322 3442 1378 emolliantur
3467 1336 3597 1376 cu
3621 1321 3892 1391 incipiunt

2317 1415 2554 1471 fructum
2595 1413 2828 1479 aﬂerre;
2861 1416 3154 1485 projiciunt
3183 1415 3325 1469 enim
3372 1413 3591 1468 etiamsi
3650 1413 3895 1468 ﬂoruerit

2318 1508 2385 1563 ad
2411 1507 2666 1576 fructum,
2695 1506 3103 1570 et‘educantur,
3137 1517 3193 1562 et
3223 1507 3425 1562 sensim
3464 1505 3787 1570 accedunt,
3842 1513 3894 1559 et

2319 1601 2385 1656 ad
2414 1610 2622 1670 tempus
2650 1609 2980 1663 occurrunt;
3013 1614 3289 1669 nunquam
3323 1609 3502 1654 autem
3549 1609 3750 1654 essent
3791 1597 3891 1653 ista

2315 1708 2437 1764 qua
2463 1701 2610 1761 sunt,
2633 1692 2748 1748 'nisi
2775 1708 2838 1748 ea
2867 1691 3229 1762 incorporalis
3259 1693 3506 1761 quadam
3532 1691 3721 1746 virtus
3763 1690 3896 1761 ﬁgu-

2317 1796 2500 1842 raret:
2543 1785 2621 1840 ita
2653 1791 2709 1840 et
2738 1784 2791 1839 in
2824 1784 3148 1840 animalibus
3189 1783 3338 1854 leges
3393 1792 3684 1854 praecepta
3745 1791 3892 1849 sunt,

644 1884 770 1930 sunt
794 1872 1089 1942 composita
1142 1881 1197 1927 et
1237 1871 1490 1926 videntur
1523 1871 1704 1925 omnia
1755 1886 1820 1926 ex
1868 1871 1951 1926 his
1992 1871 2212 1934 habere,
2247 1857 2290 1914 Β
2317 1886 2374 1933 ut
2405 1876 2473 1932 ab
2495 1877 2654 1948 equis
2674 1877 2822 1948 equi,
2849 1886 2905 1934 et
2950 1879 3018 1933 ab
3077 1889 3402 1947 unoquoque
3453 1887 3665 1946 genere
3727 1888 3893 1946 genus

642 1965 875 2022 calorem
899 1965 1018 2018 dico
1044 1972 1098 2018 et
1125 1963 1402 2018 humorent
1429 1972 1486 2017 et
1512 1963 1930 2018 crassitudinem
1962 1973 2016 2018 et
2041 1964 2212 2018 subti-

643 2060 847 2112 litatem
879 2066 934 2110 et
960 2055 1098 2119 alia;
1133 2065 1189 2108 et
1219 2055 1494 2109 videamus
1525 2056 1569 2109 si
1595 2064 1681 2108 est
1713 2055 1765 2108 in
1799 2055 1881 2110 his
1923 2057 2210 2120 stabilitas,

641 2153 688 2204 si
722 2159 806 2204 est
837 2148 1065 2202 mansio.
1113 2147 1178 2202 Et
1233 2161 1300 2202 ne
1348 2148 1470 2216 quis
1523 2156 1675 2216 putet
1721 2149 2009 2201 materiam
2041 2149 2212 2203 intro-

639 2242 759 2296 duci
783 2255 1052 2302 sermone.
1075 2248 1168 2293 aut
1187 2240 1454 2308 quomodo
1477 2239 1899 2306 introducuntur
1918 2239 2210 2302 elementa,

638 2335 832 2402 quibus
854 2341 910 2386 et
940 2307 1283 2385 inducuntur.
1318 2329 1426 2384 Sed
1453 2307 1583 2384 illud
1610 2331 1753 2396 dico,
1783 2333 1908 2401 quia
1937 2332 1989 2385 in
2019 2347 2213 2401 carpo-

638 2427 792 2479 ribus
813 2440 931 2494 quae
958 2433 1242 2477 moventur
1273 2436 1288 2475 :
1330 2424 1619 2477 motionem
1655 2432 1833 2478 autem
1867 2423 1988 2479 dico
2017 2424 2204 2490 istam,

637 2532 758 2586 qua
779 2515 1042 2572 naturalis
1071 2524 1158 2571 est
1193 2529 1381 2570 eorum
1431 2515 1520 2584 qui
1576 2514 1779 2569 habent
1836 2522 1893 2568 ut
1939 2523 2210 2580 crescant,

637 2610 728 2679 qui
762 2609 959 2664 habent
988 2616 1046 2662 ut
1070 2607 1417 2671 minuantur;
1464 2621 1648 2661 eorum
1679 2607 1770 2677 qui
1805 2605 2037 2662 fructum
2078 2607 2210 2662 ισο-

635 2711 785 2766 runt,
813 2715 997 2756 eorum
1032 2701 1122 2770 qui
1151 2708 1436 2753 moventur
1463 2714 1492 2753 a
1525 2698 1660 2752 locis
1703 2699 1770 2752 ad
1820 2699 1955 2764 loca,
2000 2700 2211 2754 anima-

634 2792 764 2849 lium
789 2801 974 2862 utpote
997 2803 1053 2847 et
1089 2791 1348 2845 arborum
1401 2800 1457 2845 et
1505 2789 1805 2844 hominum.
1855 2789 2206 2847 Variﬁcatum

633 2885 780 2940 enim
808 2894 891 2939 est
914 2897 1112 2952 corpus
1151 2891 1207 2936 et
1247 2882 1623 2952 compositum.
1664 2880 2032 2952 Compositnm
2063 2884 2208 2939 enim

633 2990 794 3034 estet
826 2977 1073 3032 Salvator
1106 2971 1218 3046 (29)
1262 2990 1356 3044 per
1405 2974 1775 3044 incorporales
1826 2974 2072 3030 virtutes.
2100 2974 2207 3030 Ne-

634 3087 738 3139 que
764 3070 908 3126 enim
932 3068 1153 3124 arbores
1184 3068 1400 3122 sibimet
1427 3067 1554 3135 ipsa
1587 3073 1829 3121 statuunt
1888 3073 2102 3135 tempus
2148 3076 2209 3120 ut

2313 1968 2616 2038 proprium,
2668 1968 2868 2024 similia
2897 1984 2928 2022 a
2963 1969 3272 2036 similibus;
3324 1977 3381 2022 et
3424 1977 3754 2022 mensurata
3812 1975 3893 2022 est

2311 2061 2750 2134 concupiscentia
2773 2060 3120 2114 animalibus.
3146 2057 3262 2113 Non
3295 2059 3441 2113 enim
3484 2060 3538 2113 in
3571 2058 3728 2112 omni
3762 2068 3892 2113 tem-

2310 2171 2442 2228 pore
2473 2154 2798 2210 animalibus
2822 2162 2906 2207 est
2934 2150 3492 2214 communicatio,sed
3529 2159 3759 2218 tempus
3788 2161 3892 2204 sta-

2313 2259 2484 2305 tutum
2535 2256 2622 2304 est
2665 2256 2722 2303 et
2751 2245 3086 2316 agnoscitur.
3139 2243 3205 2299 Et
3241 2242 3466 2297 masculi
3500 2250 3638 2297 tunc
3669 2257 3891 2297 moven-

2315 2352 2429 2406 tur,
2461 2350 2518 2395 et
2543 2340 2756 2395 femina
2791 2347 2919 2392 tunc
2945 2337 3245 2405 patiuntur,
3283 2343 3338 2388 et
3380 2335 3602 2389 transiit
3650 2345 3886 2405 tempus,

2311 2440 2365 2485 et
2392 2437 2640 2486 emortua
2668 2426 2838 2484 estin
2895 2425 3359 2481 irrationabilibus
3412 2423 3884 2494 concupiscentia.

2314 2523 2384 2578 Et
2403 2523 2491 2579 ubi
2522 2531 2669 2578 tanta
2693 2521 2928 2577 varietas
2949 2527 3055 2583 est,
3080 2532 3258 2573 nonne
3287 2517 3639 2572 confessibile
3665 2517 3788 2588 (33)
3809 2527 3888 2572 est

2318 2615 2556 2687 ignorari
2606 2613 2676 2669 ab
2724 2611 3190 2682 irrationabilibus
3253 2624 3376 2678 qua
3452 2608 3626 2664 ﬁunt?
3681 2607 3885 2664 Tamen

2311 2715 2607 2779 agnoscunt
2626 2704 2897 2776 quomodo
2948 2710 3209 2771 reguntur
3233 2709 3290 2755 et
3311 2700 3684 2762 adducuntur,
3714 2709 3775 2755 et
3801 2700 3885 2754 ubi

2309 2806 2525 2870 oportet
2555 2796 2838 2860 seminari,
2869 2802 2926 2849 et
2951 2794 3044 2849 ubi
3068 2792 3358 2849 conveniat
3383 2791 3769 2847 commendari
3795 2809 3815 2847 :
3836 2799 3888 2847 et

2309 2893 2622 2963 ignorantes
2654 2889 2797 2959 quod
2836 2886 3072 2942 futurum
3141 2895 3245 2948 est,
3303 2885 3660 2940 nihilominus
3704 2895 3884 2941 tamen

2308 2985 2516 3054 legibus
2539 2982 2860 3037 suadentur.
2898 2977 2956 3032 In
2999 2977 3316 3032 matricibus
3355 2987 3534 3032 autem
3567 2991 3671 3033 nec
3715 2978 3883 3034 ratio-

2310 3075 2517 3131 nabiles
2544 3071 2797 3128 mulieres
2824 3078 3024 3125 norunt
3058 3068 3190 3139 quid
3216 3067 3508 3123 efﬁciatur.
3565 3066 3779 3123 Tamen
3831 3081 3883 3123 et

632 3162 881 3256 ﬁorganl.
910 3176 1015 3215 non
1069 3159 1490 3256 magnitudinem
1527 3157 1779 3212 foliorum
1804 3197 1819 3221 .
1848 3172 1953 3256 "(In
2001 3169 2208 3226 ιεωρηε
2235 3194 2280 3256 C
2311 3162 2770 3221 irrationabilibus
2800 3161 3122 3233 ﬁgurantur,
3145 3168 3200 3214 et
3231 3160 3406 3215 nullus
3444 3170 3663 3215 emovet
3692 3171 3756 3215 ut
3779 3175 3880 3216 non

635 3253 868 3323 frugum,
899 3268 1002 3307 non
1031 3251 1475 3321 compositionem
1502 3264 1688 3303 eorum
1721 3263 1840 3316 qua
1867 3249 2206 3316 ﬁgurantur,

635 3363 740 3401 non
770 3362 830 3402 ea
859 3361 978 3416 quae
1006 3347 1151 3401 intus
1183 3353 1312 3400 sunt
1337 3345 1407 3399 ad
1443 3343 1856 3399 custodiendum
1877 3382 1892 3406 ,
1933 3356 2040 3396 non
2091 3356 2210 3412 qua:

636 3440 783 3494 foras
813 3448 940 3498 sunt
973 3439 1040 3492 ad
1073 3436 1310 3493 tutelam.
1357 3435 1472 3490 Non
1525 3435 1673 3490 enim
1723 3433 1776 3488 in
1821 3434 2073 3488 arborum
2125 3443 2209 3488 est

632 3541 916 3600 putestate,
947 3529 1017 3585 de
1045 3529 1128 3588 his
1157 3543 1277 3599 qua:
1302 3537 1431 3584 sunt
1458 3529 1509 3582 in
1542 3523 1848 3580 arboribus.
1891 3522 1948 3578 Si
1977 3523 2121 3579 enim
2153 3533 2209 3579 et

633 3623 686 3677 in
710 3623 863 3677 nobis
893 3620 1305 3676 rationabilibus
1353 3635 1458 3674 non
1510 3627 1595 3673 est
1638 3626 1885 3688 potestas
1937 3630 2209 3671 mensura-

632 3731 775 3780 rum,
804 3729 911 3768 non
943 3722 1161 3769 aetatum
1181 3753 1196 3778 ,
1233 3727 1340 3766 non
1371 3712 1762 3776 membrorum,
1795 3722 1966 3776 neque
1991 3707 2207 3778 quando

634 3809 824 3863 debeat
876 3820 1182 3876 procreare,
1237 3813 1330 3859 aut
1375 3804 1544 3868 nasci,
1583 3811 1679 3857 aut
1720 3815 2000 3864 crescere,
2034 3814 2207 3870 neque

633 3914 804 3970 usque
837 3900 903 3953 ad
932 3899 1157 3967 capillos
1191 3915 1203 3948 :
1237 3911 1343 3952 non
1395 3896 1568 3950 solum
1617 3904 1678 3949 ut
1715 3892 1928 3962 quando
1958 3889 2203 3955 ﬁoreant,

632 4002 692 4048 et
732 3993 948 4063 quando
987 3991 1252 4054 debeant,
1296 3988 1386 4057 qui
1427 3987 1656 4042 necdum
1709 3992 1972 4039 venerunt
2000 3984 2067 4037 ad
2100 3981 2201 4036 ﬁo-

632 4100 784 4151 rem;
820 4085 913 4139 sed
965 4097 1139 4153 neque
1173 4083 1238 4137 de
1270 4095 1336 4136 eo
1383 4088 1440 4133 ut
1477 4077 1770 4133 transferat
1809 4075 2070 4138 colorem.
2096 4085 2149 4129 et
2176 4090 2204 4127 a

631 4178 790 4248 nigro
821 4177 1003 4230 veniat
1030 4175 1097 4229 ad
1129 4174 1333 4238 album,
1361 4180 1445 4227 est
1477 4172 1533 4225 in
1564 4179 1749 4225 nostra
1779 4175 2077 4237 potestate,
2115 4165 2226 4234 quia

631 4274 923 4340 cogitatum
952 4267 1288 4339 possidemus
1318 4277 1373 4319 et
1406 4277 1626 4319 sensum
1657 4281 1670 4318 :
1699 4262 1743 4315 si
1781 4260 1945 4332 igitur
1974 4267 2028 4315 et
2057 4274 2204 4327 quie-

631 4377 843 4430 cunque
875 4361 927 4415 in
965 4360 1122 4415 nobis
1150 4365 1277 4413 sunt
1319 4355 1586 4411 naturalia
1611 4396 1626 4420 ,
1685 4368 1790 4408 non
1843 4363 1968 4418 sunt
2013 4359 2207 4405 nostra

629 4453 939 4521 potestatis,
967 4461 1169 4521 quanto
1200 4449 1374 4520 magis
1402 4449 1456 4502 in
1504 4443 1967 4501 irrationabilibus
1997 4443 2208 4498 anima-

2313 3265 2632 3313 moveantur
2651 3262 2808 3311 extra
2838 3267 3169 3317 mensuram,
3204 3266 3377 3320 neque
3403 3261 3461 3305 ut
3491 3251 3626 3306 illud
3652 3253 3880 3308 manda-

2311 3361 2414 3415 cet,
2441 3355 2495 3405 et
2547 3347 2615 3403 ab
2660 3346 2754 3401 illo
2810 3359 2870 3400 se
2905 3343 3195 3399 abstineat.
3225 3341 3624 3413 Nonnunquam
3653 3345 3802 3398 enim
3831 3351 3882 3397 et

2309 3441 2581 3496 minantur
2621 3438 2933 3508 plurimum,
2957 3446 3015 3492 et
3041 3444 3274 3490 currunt
3319 3450 3438 3505 qua:
3481 3445 3878 3506 conceperunt,

2307 3543 2363 3590 et
2395 3531 2640 3588 custodit
2663 3545 2728 3586 ea
2752 3543 2872 3600 qua
2893 3528 3150 3584 custodit.
3201 3528 3354 3595 Apud
3409 3542 3508 3581 nos
3561 3528 3716 3582 enim
3755 3528 3880 3600 quia

2307 3625 2526 3694 adjuvat
2559 3637 2650 3676 ars
2677 3630 2900 3686 natura,
2950 3619 3292 3674 immutatum
3322 3630 3405 3672 est
3429 3634 3458 3671 a
3503 3630 3702 3674 natura
3733 3619 3882 3687 adju-

2306 3703 2571 3771 mentum.
2590 3711 2690 3767 Ubi
2721 3721 2898 3766 autem
2930 3709 3060 3764 nihil
3085 3709 3317 3764 coel‘licit
3341 3723 3431 3763 ars
3446 3720 3678 3772 natura,
3702 3718 3875 3764 totum

2307 3807 2675 3876 adjumentum
2717 3800 3041 3856 custoditur.
3075 3797 3241 3852 [ulta
3272 3798 3415 3852 enim
3441 3806 3571 3852 sunt
3623 3813 3749 3867 qua
3793 3800 3872 3854 vi.

2307 3897 2501 3951 dentur
2535 3895 2588 3949 in
2619 3893 2742 3948 aliis
2771 3890 3119 3955 animalibus,
3144 3903 3271 3959 qua
3304 3903 3402 3943 nos
3431 3903 3538 3942 non
3585 3888 3872 3944 habemus.

2305 3988 2473 4043 Nobis
2499 3987 2643 4042 enim
2679 3999 2859 4055 neque
2887 3982 3020 4037 tales
3044 3991 3231 4046 cutes,
3288 3994 3463 4049 neque
3522 3980 3659 4035 tanti
3693 3981 3874 4049 capilli

2307 4088 2453 4146 sunt,
2485 4077 2669 4149 quanti
2705 4086 2760 4131 et
2794 4075 2922 4130 illis.
2952 4074 3056 4130 Ars
3086 4074 3230 4129 enim
3268 4071 3506 4127 vestiens
3529 4087 3620 4136 ea,
3647 4074 3877 4142 complet

2307 4170 2449 4241 quod
2480 4170 2692 4224 videtur
2715 4168 2900 4222 deesse
2943 4175 3170 4220 naturae.
3225 4163 3340 4218 Non
3373 4164 3714 4232 operimenta
3755 4177 3876 4220 sunt

2308 4262 2498 4316 iisdem
2529 4276 2543 4324 ;
2607 4256 2885 4313 sufﬁciunt
2914 4257 3058 4310 enim
3088 4255 3205 4324 pili.
3238 4253 3354 4308 Non
3383 4254 3660 4321 opertoria
3690 4270 3705 4317 ;
3742 4255 3873 4308 ami-

2307 4363 2394 4410 cta
2441 4361 2524 4407 est
2570 4351 2714 4405 enim
2771 4363 2897 4419 pars
2951 4362 3071 4416 qua
3121 4347 3207 4400 his
3235 4345 3526 4413 indigebat.
3581 4343 3875 4399 Sufﬁciunt

2309 4441 2505 4509 quippe
2538 4436 2643 4492 illis
2682 4435 2859 4504 capilli
2888 4445 2943 4488 et
2966 4449 3065 4504 pro
3090 4434 3343 4489 domibus
3373 4441 3426 4487 et
3453 4433 3633 4497 tectis,
3660 4444 3715 4488 et
3736 4434 3875 4488 tuni-

631 4545 793 4610 Iibus,
822 4559 930 4598 non
955 4552 1079 4599 sunt
1104 4543 1159 4598 in
1194 4542 1432 4611 ipsorum
1462 4545 1732 4609 potestate
1759 4550 1879 4605 qua:
1915 4549 2010 4589 sua
2043 4533 2206 4588 sunt!
2235 4543 2280 4608 ι)
2308 4531 2386 4586 cis
2416 4540 2471 4585 et
2501 4527 2674 4598 palliis
2699 4535 2754 4583 et
2779 4528 3134 4597 operimentis
3164 4544 3179 4593 ;
3230 4535 3279 4580 et
3331 4525 3624 4594 unicuique
3655 4526 3872 4581 animali

629 4637 797 4706 Magis
821 4645 1000 4690 autem
1036 4636 1139 4689 hoc
1186 4634 1242 4689 in
1275 4631 1564 4687 arboribus
1609 4644 1714 4684 non
1746 4637 1829 4682 est
1880 4635 1936 4681 et
1981 4626 2198 4697 plantis.

630 4727 700 4784 Et
727 4738 905 4782 tamen
929 4727 983 4781 in
1014 4726 1097 4781 his
1133 4740 1255 4797 qua:
1284 4724 1405 4779 sine
1455 4723 1634 4778 anima
1679 4731 1827 4784 sunt,
1879 4721 1981 4775 hoc
2021 4727 2105 4775 est
2143 4719 2197 4773 in

631 4819 915 4876 arboribus
944 4819 1061 4874 istis
1100 4827 1154 4872 et
1198 4817 1418 4888 plantis,
1460 4829 1753 4877 mensurae,
1799 4810 2210 4882 magnitudines

633 4911 895 4982 partibus,
929 4918 983 4964 et
1007 4909 1106 4980 ipsi
1137 4909 1316 4964 omnia
1365 4905 1549 4961 arbori
1592 4914 1646 4960 et
1674 4905 1900 4972 planta,
1951 4911 2006 4956 et
2048 4899 2195 4956 foliis

631 5004 748 5072 eius
799 5012 854 5057 et
902 5001 1190 5064 fructibus,
1249 5007 1306 5056 et
1367 4995 1846 5067 compositionibus
1905 4993 2196 5049 habentur.

632 5092 994 5160 Quarumdam
1014 5092 1155 5147 enim
1179 5089 1388 5145 fructus
1417 5088 1591 5159 sparsi
1625 5097 1754 5143 sunt
1778 5127 1795 5154 ,
1839 5084 1980 5141 alius
2010 5085 2064 5141 in
2090 5082 2197 5138 alio

705 5266 815 5335 (ΞΒ)
864 5266 1268 5336 Operimeatum.
1293 5264 1432 5336 Lege
1478 5268 1895 5336 operamentum,
1934 5273 2054 5336 qua:
2086 5272 2192 5311 vos

633 5330 921 5404 interpreti
939 5346 1120 5404 nostro
1150 5330 1430 5387 familiaris
1458 5330 1555 5404 pro
1606 5330 1836 5404 conquod
1873 5339 1956 5404 est
1989 5330 2193 5380 instre-

630 5398 876 5460 mentum.
915 5402 1005 5459 Sic
1048 5420 1206 5473 supra
1267 5404 1371 5457 col.
1427 5398 1564 5456 1099
1609 5398 1988 5473 Aszrouenin
2012 5406 2189 5473 partem

629 5474 786 5543 istum
803 5485 1008 5541 por-tare
1022 5464 1350 5526 mei'liciuulia
1374 5477 1699 5543 operaetanto
1711 5485 1730 5533 ;
1754 5478 1807 5522 et
1834 5465 2104 5543 col._ll%7
2126 5464 2186 5517 B:

629 5538 912 5623 Quaerunt
938 5545 1163 5598 visibilis
1183 5552 1509 5609 operamenta
1531 5541 1802 5610 :‘idipsum
1820 5538 2016 5607 passim
2053 5549 2197 5605 repe-

631 5625 759 5667 nas.

699 5681 811 5749 (29)
838 5683 1102 5738 Salvator.
1145 5683 1326 5747 Forte,
1367 5683 1621 5737 salvetur.

699 5752 811 5821 (30)
839 5752 1064 5821 Potitus.
1103 5752 1279 5814 Forte,
1304 5758 1520 5821 positus.

700 5816 812 5894 (δι)
833 5819 1172 5875 Butrom'bas.
1211 5816 1446 5879 Deducta
1477 5837 1579 5877 vos
1609 5837 1672 5878 ea
1710 5823 1920 5880 videtur
1945 5831 1975 5872 a
1995 5816 2187 5875 Graeca

2308 4637 2407 4694 pro
2437 4622 2517 4677 sui
2557 4629 2746 4677 natura
2795 4628 2850 4674 et
2903 4619 3173 4687 opertoria
3218 4619 3340 4671 data
3399 4627 3543 4670 sunt.
3579 4617 3678 4672 His
3731 4619 3871 4673 enim

2305 4713 2396 4783 qui
2439 4713 2614 4766 minus
2633 4719 2884 4782 poterant
2919 4711 3188 4765 sustinere
3220 4709 3532 4779 lridgorem,
3582 4709 3872 4780 spissiora

2302 4803 2394 4873 pili
2418 4813 2474 4858 et
2507 4802 2775 4872 longiores
2809 4800 2999 4858 indulti
3028 4809 3176 4861 sunt,
3213 4800 3334 4853 aliis
3364 4799 3501 4853 lanae
3529 4817 3541 4853 :
3575 4811 3634 4854 et
3658 4800 3871 4856 unicui-

2300 4909 2406 4965 que
2440 4906 2683 4965 separata
2735 4904 2819 4950 est
2857 4908 2980 4949 esca
3014 4903 3070 4947 et
3119 4893 3357 4946 immissa
3383 4932 3399 4957 ,
3435 4899 3490 4943 et
3524 4890 3670 4944 circa
3725 4890 3872 4945 illam

2302 5003 2480 5045 escam
2513 4989 2601 5043 illa
2629 4989 2901 5042 alacritas.
2929 4985 3060 5053 Quae
3083 4985 3227 5040 enim
3251 4996 3475 5038 excusat
3503 4982 3621 5054 (δι)
3653 4997 3867 5046 cervus,

2306 5082 2421 5137 hac
2455 5081 2799 5152 persequitur
2822 5079 2906 5134 leo
2933 5095 2948 5132 :
2974 5085 3030 5133 et
3054 5079 3206 5132 varia
3237 5075 3515 5147 proposita
3549 5083 3639 5130 est
3689 5075 3865 5145 magni

2298 5261 2476 5332 βότρις
2523 5255 2971 5332 racemus._§erte
3012 5255 3282 5332 sententia
3309 5253 3472 5332 huius
3502 5254 3606 5309 loci
3658 5254 3866 5332 videtur

2295 5324 2482 5385 eadem
2504 5345 2623 5384 esse
2645 5343 2763 5395 quae
2792 5327 2932 5382 illius
2952 5328 3090 5394 apud
3107 5324 3363 5391 Plinium,
3390 5325 3482 5395 lib.
3510 5341 3600 5387 xv,
3628 5340 3750 5392 cap.
3767 5327 3860 5380 αυτ

2296 5397 2597 5466 Dependent
2622 5400 2730 5450 alia
2757 5398 3029 5467 pedit-slis,
3066 5407 3121 5450 ιιι
3164 5396 3280 5458 pira
3300 5411 3319 5461 ;
3353 5394 3461 5447 alis
3501 5395 3725 5448 racemis
3753 5435 3768 5460 ,
3809 5407 3860 5450 st

2241 5497 2256 5504 -
2296 5485 2428 5534 ante,
2457 5469 2662 5537 palma.

2369 5535 2482 5604 (32)
2510 5537 2706 5607 Ipsius.
2743 5535 2937 5607 Αὑτοῦ,
2961 5537 3215 5607 ejusdem.

2369 5602 2484 5679 (35)
2519 5602 2882 5679 conﬁnibus.
2906 5602 3252 5679 Confessum,
3284 5611 3658 5679 compertum:
3677 5602 3756 5679 Ut
3775 5617 3860 5659 su-

2299 5674 2648 5753 praﬂnotLﬂ,
2699 5679 2894 5753 inimici
2951 5675 3271 5753 confusius,
3306 5675 3494 5744 aperti,
3531 5674 3780 5753 professi.

2297 5740 2480 5879 hat)
2506 5748 2760 5878 ξῗσυέἔιζ
2789 5747 2845 5805 ld
2890 5758 2970 5805 est
3004 5740 3196 5818 respuit
3225 5740 3367 5803 sicut
3413 5746 3725 5802 notavimus
3753 5740 3856 5802 col.

2441 5861 2457 5879 .
2492 5837 2524 5877 ιι
2593 5859 2606 5875 .
2717 5858 2730 5874 .

2441 5861 2457 5888 ,
2492 5829 2606 5878 ιιοι.
2643 5823 2730 5877 68.
