4048 6322
206 411 357 469 “33

1558 394 1648 450 DE
1681 389 2171 449 INCORPOBALI.

3347 388 3487 445 ΗΜ

205 525 309 583 Dei
341 537 547 589 mensa,
580 520 735 592 plena
764 516 984 589 quidem
1022 515 1297 581 omnibus,
1329 511 1664 568 conveniens
1695 525 1794 565 an-
1824 513 1873 568 Α
1902 504 2189 567 mamillas,
2216 500 2641 574 quadripedlhus
2670 506 2854 556 autem
2880 501 2934 555 in
2962 501 3087 557 aliis
3122 500 3297 557 inﬁxit
3325 502 3483 562 locis.

206 626 325 673 tem
386 612 677 682 unicuique
735 620 960 663 natura.
999 606 1067 660 Et
1094 612 1179 660 est
1222 600 1532 657 admiratio.
1566 597 1786 653 Numeri

201 702 358 756 enim
390 699 662 755 mensium
696 696 1016 750 matricibus
1046 701 1102 747 et
1128 689 1599 748 irrationabilibus
1627 687 1788 758 positi

202 803 357 850 sunt.
389 790 457 845 Et
497 790 619 860 quia
655 804 760 843 non
801 795 1040 858 stupeat,
1099 785 1224 854 quia
1276 784 1331 840 in
1386 791 1630 853 tempore
1688 783 1794 836 isto

206 891 569 945 concurrunt,
623 880 777 949 cujus
808 879 990 934 exitus
1029 875 1268 931 fructum
1319 883 1614 944 apportat,
1667 888 1791 927 cum

205 976 480 1047 asperitas
516 973 724 1028 hiberni
778 970 1093 1025 transierit?
1138 977 1199 1022 ut
1236 982 1342 1022 non
1393 974 1583 1038 tenera
1617 965 1794 1019 adhuc

207 1068 509 1124 constituta
536 1080 659 1135 qua:
682 1073 809 1118 nata
828 1071 956 1117 sunt
981 1062 1035 1115 in
1058 1060 1221 1115 domo
1246 1073 1352 1114 non
1368 1056 1608 1120 confota,
1636 1070 1794 1125 aspe-

207 1154 435 1214 ritatem
467 1167 647 1210 autem
680 1152 876 1209 hiemis
902 1152 1235 1207 incurrentia
1275 1149 1541 1218 perirent,
1572 1156 1627 1200 et
1660 1145 1794 1200 deli-

207 1253 366 1299 ceret
390 1259 579 1315 genus,
616 1243 660 1296 si
693 1243 763 1295 ita
804 1240 1055 1311 frigdore
1080 1240 1268 1309 gelidae
1294 1238 1489 1294 hiemis
1515 1235 1794 1291 interﬁce-

206 1342 383 1387 retur.
407 1332 512 1387 Sed
545 1330 691 1401 leges
716 1340 952 1394 statutae,
978 1338 1033 1384 et
1062 1330 1197 1385 flues
1218 1338 1346 1383 sunt
1367 1327 1553 1397 positi,
1577 1325 1794 1395 quando

210 1424 489 1480 seminare
520 1424 802 1489 deberent,
832 1432 889 1478 et
922 1422 1139 1491 quando
1187 1420 1425 1474 fructum
1480 1416 1697 1473 aﬂ'erre.
1730 1418 1793 1471 Et

208 1529 393 1585 neque
426 1514 531 1570 illis
555 1528 692 1584 opus
745 1524 830 1569 est
877 1513 1196 1577 obstetrice,
1228 1525 1406 1581 neque
1437 1519 1555 1565 arte
1607 1510 1793 1565 istius-

211 1611 383 1673 modi,
416 1624 591 1679 neque
611 1620 669 1665 ut
697 1610 856 1665 cadat
878 1619 933 1662 et
960 1606 1137 1678 jaceat
1166 1624 1179 1660 :
1213 1605 1307 1661 sed
1340 1605 1523 1660 statim
1548 1613 1607 1657 ut
1634 1602 1793 1658 enixa

210 1701 382 1757 fuerit
404 1712 535 1767 stat,
568 1703 752 1758 statim
785 1709 843 1753 nt
872 1710 1059 1752 natum
1088 1697 1253 1752 fuerit
1307 1710 1477 1764 pecus
1528 1692 1792 1762 exsurgit,

209 1804 269 1850 ct
295 1797 538 1866 agnoscit
574 1792 947 1849 irrationabile
991 1790 1192 1846 animal
1228 1789 1373 1860 quod
1424 1787 1587 1857 ejecit
1614 1803 1643 1842 e
1681 1802 1798 1839 ma-

1896 597 2035 663 Quid
2064 605 2243 650 autem
2269 594 2406 650 dicis
2430 593 2558 663 quia
2582 592 3002 663 unumquodque
3036 595 3261 660 animal,
3295 596 3487 652 statim

1896 700 1953 743 ut
1987 698 2171 744 natum
2195 686 2378 755 fuerit,
2413 694 2675 756 quantum
2710 696 2796 740 est
2822 696 3031 742 tantum
3068 698 3170 752 est,
3200 690 3479 760 magnitu-

1897 780 2025 835 dine
2049 779 2195 843 dico,
2228 780 2323 835 sed
2351 778 2499 849 quod
2527 780 2666 835 nihil
2701 781 2935 850 amplius
2967 781 3202 836 assumit
3232 782 3299 835 ad
3328 796 3486 838 meu-

1898 882 2028 927 tem.
2057 870 2232 926 Habet
2251 871 2397 925 enim
2425 870 2818 945 sensibilitates
2849 886 2999 937 snas,
3031 872 3196 928 habet
3229 874 3483 944 capillos;

1896 974 1953 1019 et
1983 964 2108 1033 quia
2149 963 2284 1019 nihil
2314 964 2457 1030 apud
2504 978 2599 1019 eos
2650 964 2951 1034 pretiosum
2987 973 3093 1030 est,
3150 966 3273 1021 ideo
3308 975 3482 1021 totum

1897 1057 2083 1112 statim
2109 1056 2161 1110 in
2186 1056 2266 1111 eis
2287 1054 2515 1111 ell'usum
2546 1064 2675 1112 est':
2708 1056 2853 1113 sicut
2906 1065 2963 1110 et
3009 1056 3367 1112 infructuosis
3389 1071 3486 1111 ar-

1896 1150 2120 1205 boribus
2155 1149 2337 1205 statim
2358 1149 2713 1207 coucnrritet
2738 1146 3036 1205 eﬂ‘unditur
3065 1151 3398 1221 magnitudo.
3426 1146 3487 1205 In

1898 1240 2196 1297 frnctiferis
2222 1250 2404 1296 autem
2456 1241 2658 1298 sensim
2711 1241 2931 1312 proficit
2984 1252 3357 1314 augmentum.
3401 1240 3485 1299 lta

1896 1341 1953 1387 et
1992 1330 2428 1387 rationabilibus
2456 1345 2563 1387 non
2592 1318 3046 1391 statim'efilcitnr
3074 1342 3132 1387 ut
3186 1316 3481 1403 crescant.

1897 1438 2005 1479 non
2033 1424 2215 1478 statim
2239 1432 2445 1489 Status,
2490 1438 2595 1478 non
2634 1424 2820 1479 statim
2871 1438 3019 1483 esca.
3053 1424 3334 1496 Siquidem
3381 1439 3492 1485 nec

1898 1516 2209 1587 margarita:
2232 1516 2283 1571 in
2317 1517 2458 1573 facie
2484 1518 2835 1588 reperiuntur
2859 1526 3057 1571 terrae:
3090 1517 3187 1572 sed
3217 1526 3337 1586 post
3360 1526 3488 1573 tau-

1900 1619 1983 1663 tas
2008 1607 2361 1665 difﬁcultates
2384 1609 2529 1679 quod
2571 1608 2877 1678 pretiosum
2920 1618 3005 1663 est
3048 1609 3346 1664 invenitur.
3375 1604 3491 1665 Tac

1899 1717 2022 1756 men
2054 1702 2195 1771 quod
2225 1711 2485 1772 properat
2514 1715 2697 1757 sermo
2723 1701 2789 1755 ad
2844 1701 3195 1773 semetipsum
3246 1700 3483 1759 dicimus

1900 1792 2024 1861 quia
2058 1807 2235 1861 neque
2260 1792 2747 1848 irrationabilibus.
2773 1788 2830 1847 Si
2869 1795 3017 1848 enim
3054 1805 3302 1860 nossent,
3340 1793 3484 1852 forte

211 1887 373 1951 trice,
402 1894 455 1941 et
474 1886 615 1955 quod
643 1900 745 1939 non
774 1884 985 1938 viderat
1012 1892 1073 1935 ut
1106 1882 1287 1937 sciens
1317 1890 1491 1935 mater
1523 1877 1793 1949 agnoscit,
1828 1873 1871 1928 B
1900 1884 2118 1953 quidam
2150 1898 2315 1939 ausus
2340 1883 2554 1949 fuisset,
2588 1895 2643 1939 et
2664 1886 2873 1940 diceret
2903 1885 3148 1954 ipsorum
3180 1900 3302 1942 esse
3322 1902 3479 1956 opus.

209 1990 270 2034 et
292 1980 573 2050 progenies
598 1979 664 2032 ad
697 1988 921 2030 matrem
940 1976 1279 2030 convertitur
1301 1989 1463 2042 quam
1494 1972 1789 2026 nesciebat.

209 2070 281 2125 Et
323 2086 441 2125 cum
466 2070 649 2125 adsint
678 2070 790 2142 (55)
826 2068 991 2139 ipsius
1026 2068 1242 2136 generis
1272 2068 1383 2132 alii,
1419 2081 1528 2121 non
1557 2072 1676 2119 erat
1716 2062 1792 2116 ir-

209 2164 553 2219 rationabilis
574 2164 639 2217 ad
666 2162 957 2228 modicum,
979 2172 1033 2216 et
1056 2161 1239 2217 statim
1267 2160 1516 2231 agnoscit
1539 2167 1790 2212 matrem.

208 2256 476 2327 Agnoscit
503 2265 681 2310 autem
717 2265 771 2309 et
805 2254 887 2309 sui
921 2254 1137 2324 generis
1171 2272 1185 2307 :
1223 2268 1331 2308 non
1366 2252 1582 2323 ignorat
1627 2249 1791 2303 etiam

207 2353 271 2401 et
297 2360 415 2416 quae
445 2345 545 2400 sibi
579 2345 803 2399 adversa
838 2353 984 2399 sunt.
1042 2345 1390 2414 Accipiamus
1435 2341 1582 2395 enim
1618 2338 1793 2407 gratia

206 2436 637 2506 comparationis
664 2450 827 2488 unum
853 2448 921 2487 ex
954 2434 1060 2501 his,
1090 2445 1144 2487 et
1173 2434 1478 2488 videamus.
1514 2427 1673 2485 Cervi
1699 2443 1795 2483 ca-

210 2530 437 2601 preolus
470 2530 651 2584 statim
684 2538 740 2583 ut
773 2537 929 2582 natus
959 2527 1125 2582 fuerit
1150 2527 1325 2582 currit
1351 2524 1417 2579 ad
1453 2533 1707 2587 matrem,
1739 2529 1797 2575 et

211 2623 541 2690 quaritnon
592 2621 729 2675 unde
753 2620 1101 2690 processerit,
1159 2618 1256 2674 sed
1314 2617 1457 2672 unde
1511 2624 1790 2685 pascatur.

209 2710 312 2765 llla
335 2720 515 2771 autem
559 2727 676 2779 qua:
708 2722 864 2765 antea
890 2724 998 2763 non
1037 2704 1595 2771 dederatmamillam,
1626 2717 1793 2774 agno-

213 2804 327 2860 scit
354 2804 467 2872 ejus
492 2805 581 2873 qui
623 2814 783 2858 natus
814 2814 894 2859 est
922 2803 1300 2867 alacritatem,
1350 2809 1405 2854 et
1460 2806 1613 2868 aptat
1663 2804 1798 2850 nato

212 2907 526 2950 mensuram
549 2894 745 2949 volenti
771 2895 1086 2965 contingere
1110 2902 1169 2947 ut
1196 2892 1491 2962 pertingat,
1520 2890 1678 2943 matri
1700 2905 1796 2943 au-

212 2996 327 3041 tem
358 3002 477 3057 qua:
505 2986 707 3056 praebet
738 2996 795 3039 ut
822 2986 1083 3055 suscipiat
1112 2996 1167 3038 et
1201 2993 1409 3055 pascat.
1461 2981 1573 3038 Cur
1614 2992 1793 3037 autem

211 3090 328 3131 non
355 3076 485 3131 abiit
521 3076 587 3130 ad
626 3077 786 3130 aliam
816 3076 1085 3132 similem?
1110 3074 1222 3130 Cur
1256 3076 1428 3145 ipsius
1452 3086 1663 3128 natura:
1688 3074 1795 3127 alia

211 3182 327 3222 non
365 3167 634 3236 suscepit?
663 3167 771 3221 Cur
803 3183 908 3223 non
940 3170 1006 3223 ad
1033 3184 1095 3224 os
1130 3170 1303 3239 patris
1362 3165 1606 3237 perrexit
1633 3166 1657 3220 ?
1695 3180 1795 3219 cur

1901 1977 2034 2043 Quia
2056 1986 2235 2030 autem
2270 1977 2525 2047 ignorant
2552 1978 2793 2046 quidem,
2825 1975 3067 2032 eflicitnr
3099 1992 3265 2044 vero;
3298 1988 3480 2033 tamen

1900 2069 2024 2138 quia
2057 2066 2192 2121 fiunt
2217 2082 2469 2136 corpora,
2498 2075 2554 2121 et
2599 2066 2901 2139 ﬁgurantur
2954 2068 3011 2123 in
3045 2070 3391 2134 matricibus,
3425 2081 3484 2125 et

1902 2170 2154 2215 crescunt
2179 2172 2301 2231 post
2329 2162 2618 2225 matrices;
2673 2170 2985 2233 quaerentes
3017 2164 3326 2220 invenimus
3353 2166 3484 2235 quia

1901 2253 2190 2324 praesentia
2220 2252 2522 2322 corporalis
2548 2252 2744 2307 anima:
2787 2268 2853 2309 ex
2906 2255 3225 2311 matricibus
3259 2266 3479 2325 exeunt,

1901 2355 1955 2398 et
1984 2350 2103 2412 post
2132 2358 2413 2413 egressum
2443 2354 2758 2415 pascuntur,
2799 2356 2854 2400 et
2890 2356 3147 2401 crescunt
3169 2357 3225 2403 et
3253 2362 3482 2403 move'n-

1904 2445 2011 2489 tur.
2040 2435 2097 2489 Si
2126 2445 2305 2490 autem
2335 2436 2459 2507 quis
2484 2436 2714 2503 dubitet,
2746 2437 3059 2494 consideret
3093 2452 3292 2509 corpus
3337 2440 3489 2497 unde

1902 2528 2133 2582 recessit
2168 2528 2371 2594 anima,
2400 2537 2453 2582 et
2477 2529 2615 2584 sciet
2652 2527 2804 2597 cujus
2847 2532 3131 2600 presentia
3157 2540 3289 2587 sunt
3310 2547 3485 2602 opera

1902 2620 2021 2675 iSta.
2049 2620 2190 2691 Ergo
2218 2630 2272 2675 et
2305 2621 2627 2690 corporibus
2661 2633 2723 2676 ut
2753 2623 2863 2677 sint
2889 2632 2944 2679 et
2978 2634 3255 2689 crescant,
3285 2634 3340 2681 et
3368 2640 3487 2679 ma-

1901 2722 2069 2767 neant
2097 2722 2273 2769 etnon
2300 2713 2693 2781 dissolvantur,
2718 2717 3000 2786 prasentia
3027 2718 3223 2775 anima:
3254 2718 3487 2789 praebet,

1902 2806 2219 2876 impertiens
2249 2822 2371 2877 quae
2398 2822 2507 2862 non
2535 2806 2702 2863 habet
2755 2823 2975 2880 corpus.
3005 2806 3141 2866 Cum
3194 2811 3337 2865 enim
3373 2823 3485 2865 nou

1902 2907 2155 2967 pascatur
2183 2900 2395 2969 pascit;
2433 2913 2556 2954 cum
2589 2916 2695 2954 non
2738 2911 2972 2968 crescat,
3024 2901 3243 2970 corpori
3280 2901 3485 2973 praebet

1902 2997 1961 3042 ut
1986 2998 2235 3044 crescat:
2273 3003 2395 3043 cum
2418 2991 2654 3048 colorem
2688 3006 2799 3045 non
2856 2992 3074 3058 habeat,
3102 2993 3309 3063 praebet
3333 2994 3486 3049 colo-

1902 3093 2057 3134 rem:
2088 3094 2209 3134 cum
2244 3096 2349 3135 non
2383 3092 2624 3137 transeat
2654 3097 2683 3137 a
2726 3082 2847 3137 loco
2881 3084 2947 3136 ad
3004 3083 3205 3150 locum,
3240 3099 3306 3139 ex
3359 3084 3486 3140 loco

1904 3170 1971 3224 ad
2007 3171 2183 3226 locum
2220 3180 2569 3228 transmutat.
2602 3172 2669 3227 Et
2699 3171 2805 3228 hoc
2851 3174 3027 3243 ipsum
3072 3177 3215 3244 quod
3266 3175 3487 3231 videtur

214 3272 327 3312 non
356 3257 578 3313 oﬂ'endit
633 3261 699 3315 ad
747 3260 916 3323 latus,
963 3262 1055 3315 sed
1096 3259 1387 3313 mamillam
1421 3257 1655 3328 quzerit?
1690 3270 1798 3325 quo
1825 3243 1869 3300 ο
1900 3278 2019 3318 esse
2043 3281 2263 3334 corpus,
2287 3280 2385 3335 per
2424 3268 2662 3320 animam
2698 3275 2782 3320 est
2822 3265 2966 3336 quod
3017 3243 3119 3322 est.
3172 3267 3491 3323 Recedentc

212 3349 520 3407 edocente?
541 3365 648 3422 quo
679 3352 1045 3422 suggerente?
1080 3351 1228 3407 Unde
1260 3360 1439 3405 autem
1474 3358 1528 3407 et
1553 3350 1798 3421 agnoscit

213 3440 352 3511 quid
388 3440 586 3497 habeat
622 3444 903 3498 mamilla?
962 3444 1104 3498 unde
1150 3444 1306 3498 novit
1365 3443 1497 3512 quid
1534 3449 1793 3511 operetur

214 3535 347 3592 fons
372 3536 726 3592 mamillarum
751 3536 779 3590 τ
802 3536 926 3607 quis
963 3537 1011 3592 ei
1041 3536 1197 3602 dixit,
1222 3535 1351 3605 quia
1375 3535 1559 3589 fontes
1586 3531 1801 3587 mamil-

217 3629 290 3683 lae
320 3627 641 3684 suntiNam
697 3640 752 3683 et
798 3644 919 3683 cum
970 3629 1236 3683 ceciderit
1286 3628 1339 3681 in
1383 3634 1550 3689 terra,
1609 3625 1797 3678 statim

223 3730 358 3785 stat,
384 3733 437 3775 et
466 3735 639 3792 neque
666 3736 869 3777 cornua
895 3720 1238 3791 pertimescit
1265 3732 1554 3774 cervorum
1590 3716 1721 3770 talia
1747 3727 1801 3770 et

218 3814 302 3867 ita
330 3813 611 3879 terribilia,
640 3825 817 3882 neque
842 3811 1127 3882 perturbat
1176 3824 1298 3865 eum
1328 3808 1639 3863 immutatio
1673 3822 1797 3878 gre-

220 3906 327 3978 gis.
357 3904 412 3961 Si
438 3917 615 3961 autem
649 3904 960 3976 apparuerit
981 3902 1195 3959 catulus
1222 3902 1401 3967 canis,
1428 3901 1615 3956 statim
1649 3901 1805 3955 abeo

221 3999 318 4067 qui
353 4010 509 4052 natus
533 4007 617 4052 est
642 3991 973 4068 agnoscitur,
1001 3996 1126 4065 quia
1160 3995 1514 4064 impngnator
1546 4003 1629 4048 est
1655 3992 1795 4060 ejus.

219 4092 293 4145 Et
322 4092 366 4145 si
392 4091 655 4146 simulans
699 4091 865 4145 homo
914 4089 1155 4143 imitatus
1188 4087 1354 4142 fuerit
1402 4101 1595 4142 vocem
1626 4090 1796 4152 canis,

219 4186 409 4240 atatim
439 4193 494 4238 et
527 4195 814 4253 antequam
854 4185 1075 4248 videat,
1133 4184 1497 4238 imitationem
1530 4181 1756 4235 audiens
1785 4218 1800 4244 ,

219 4291 410 4330 vocem
436 4274 590 4345 fugit.
628 4276 757 4342 Quis
782 4289 909 4344 ergo
955 4276 1009 4329 in
1047 4273 1514 4329 irrationabilibus
1544 4270 1805 4340 sapiens?

220 4378 280 4423 et
303 4378 448 4423 certe
481 4384 580 4423 nos
609 4368 700 4436 qui
752 4369 999 4422 videmur
1044 4378 1101 4422 et
1134 4381 1324 4421 sumus
1384 4362 1746 4419 rationabiles
1785 4402 1802 4429 ,

220 4462 405 4516 statim
438 4464 550 4516 nati
580 4462 712 4516 nihil
743 4463 935 4517 horum
962 4462 1248 4521 habemus.
1280 4458 1425 4527 quod
1448 4465 1532 4512 est
1556 4456 1801 4510 admira-

223 4557 375 4608 tione
403 4553 621 4623 dignntn
652 4570 669 4607 :
700 4569 798 4609 cur
820 4552 997 4607 infans
1024 4562 1249 4605 matrem
1284 4551 1501 4621 ignorat
1532 4588 1547 4612 ,
1602 4558 1655 4602 et
1700 4563 1801 4618 pa-
1834 4582 1877 4637 Β

222 4656 363 4698 trem
396 4659 501 4700 non
535 4644 817 4714 agnoscit?
848 4641 1032 4712 Neque
1063 4657 1091 4695 a
1124 4655 1184 4696 se
1223 4642 1401 4710 pergit
1445 4639 1559 4711 (56)
1596 4638 1660 4693 ad
1687 4655 1803 4693 ma-

221 4735 451 4801 tniL‘am,
478 4751 650 4805 neque
678 4735 882 4805 aliquid
910 4732 1219 4789 istiusmodi
1250 4731 1408 4787 facit.
1455 4731 1594 4798 Quia
1650 4730 1796 4785 enim

220 4837 308 4883 est
337 4842 529 4882 sensus
560 4829 612 4882 in
642 4832 837 4893 matre,
871 4836 927 4881 et
960 4826 1126 4880 tutela
1162 4825 1213 4878 in
1258 4834 1414 4893 patre
1436 4863 1451 4888 ,
1492 4831 1547 4877 et
1598 4836 1686 4876 ars
1744 4821 1799 4874 in

220 4919 517 4975 obstetrice
545 4935 558 4971 :
586 4930 642 4972 ut
666 4927 922 4988 appareat
943 4917 1292 4988 providentiae
1323 4914 1679 4985 dispensatio,
1709 4912 1800 4965 ubi

222 5010 330 5063 ista
357 5008 571 5072 desunt,
599 5017 791 5061 natura
818 5008 1053 5076 complet
1085 5024 1103 5061 :
1132 5009 1222 5061 ubi
1252 5016 1438 5060 autem
1472 5006 1574 5060 ista
1620 5004 1797 5057 abun-

223 5107 377 5167 dant,
411 5111 600 5154 natura
631 5100 793 5154 cedit.
822 5098 936 5154 Non
969 5101 1113 5153 enim
1141 5101 1323 5155 statim
1362 5100 1535 5168 surgit
1565 5097 1747 5152 infans
1785 5116 1798 5151 :

225 5195 390 5249 habet
433 5194 576 5249 enim
611 5208 803 5247 manus
832 5208 954 5261 qua:
997 5200 1261 5262 portant:
1325 5192 1668 5247 necessarios
1707 5206 1801 5244 ca-

222 5286 384 5357 pillos
414 5301 517 5340 non
544 5285 768 5338 habuit:
799 5284 893 5353 pili
919 5284 1063 5339 enim
1098 5284 1277 5339 ovium
1307 5283 1619 5338 necessaria
1646 5296 1798 5336 com-

223 5377 392 5447 plent.
433 5375 669 5443 Quaerito
718 5386 897 5430 autem
928 5384 983 5429 et
1017 5375 1188 5443 ipsam
1244 5376 1574 5445 positionem
1632 5373 1802 5428 fontis

225 5483 473 5525 escarum
502 5467 679 5539 qualis
714 5467 855 5536 apud
887 5481 1007 5533 nos,
1046 5476 1102 5522 et
1140 5468 1318 5537 qualis
1346 5467 1486 5537 apud
1512 5466 1805 5519 irrationa-

226 5561 363 5617 biles
389 5562 670 5616 habeatur.
698 5560 834 5625 Quia
865 5561 1010 5614 enim
1033 5569 1249 5615 erectus
1278 5571 1465 5615 noster
1494 5569 1580 5614 est
1603 5569 1802 5622 status,

227 5654 353 5725 quia
375 5655 427 5709 in
458 5654 605 5708 inani
649 5668 710 5707 os
761 5663 1069 5721 portamus,
1105 5653 1356 5722 superius
1414 5652 1696 5709 constituit
1748 5660 1803 5707 et

295 5836 407 5913 (85)
441 5836 639 5911 Ipsius.
665 5836 862 5907 Αὐτοῦ,
892 5838 1152 5908 eiusdsm.

1901 3364 2080 3410 autem
2113 3358 2314 3423 anima,
2352 3359 2535 3411 statim
2562 3358 2907 3412 convincitur
2929 3371 3147 3427 corpus,
3176 3361 3358 3415 statim
3376 3360 3486 3417 dis-

1902 3447 2153 3513 solvitur,
2176 3448 2359 3504 statim
2398 3449 2604 3516 delluit,
2630 3449 2923 3521 spargitur,
2945 3451 3303 3520 obpntrescit,
3332 3468 3488 3508 emo-

1905 3540 2061 3603 ritur,
2101 3539 2451 3611 infrigdatur,
2483 3541 2735 3597 immutat
2767 3542 3027 3597 colorem.
3070 3543 3188 3599 Non
3214 3546 3332 3614 ejus
3354 3560 3487 3601 ocu-

1905 3632 1990 3687 lus
2021 3635 2188 3697 videt,
2218 3643 2278 3688 et
2298 3648 2406 3688 non
2448 3644 2700 3689 movetur
2731 3650 2947 3700 manus,
2998 3651 3105 3689 non
3162 3652 3279 3707 pes,
3332 3638 3486 3695 auris

1904 3738 2011 3777 non
2038 3723 2205 3785 audit,
2233 3723 2413 3793 lingua
2443 3738 2549 3778 non
2576 3733 2757 3793 gustat
2789 3740 2805 3780 :
2834 3735 2890 3780 et
2915 3724 2961 3778 si
2986 3724 3279 3781 immiseris
3300 3741 3489 3782 escam

1902 3815 2013 3869 vim
2044 3813 2276 3883 faciens,
2310 3831 2417 3870 non
2474 3815 2721 3871 efficiunt
2768 3828 3116 3887 operamenta
3172 3834 3291 3889 qua:
3341 3819 3493 3875 intus

1904 3920 2030 3964 sunt
2062 3927 2077 3966 :
2108 3911 2395 3963 recedente
2419 3910 2561 3963 enim
2590 3909 2804 3965 artifice
2830 3918 2995 3965 stant.
3016 3909 3085 3964 Et
3110 3910 3290 3979 capilli
3319 3912 3491 3967 etiam

1906 4015 2012 4054 non
2045 4000 2415 4065 adducuntur,
2449 4010 2503 4055 et
2546 4001 2877 4067 moriuntur,
2911 4010 2966 4056 et
2998 4017 3209 4072 ungues
3232 4002 3347 4070 iam
3376 4019 3488 4059 non

1905 4103 2237 4157 crescentes,
2277 4100 2329 4145 et
2358 4092 2540 4146 omnia
2588 4094 2761 4147 otiosa
2797 4102 2963 4148 sunt:
3027 4094 3169 4149 sicut
3215 4094 3357 4150 fabri
3396 4105 3493 4150 aut

1907 4186 2138 4242 alterius
2164 4184 2417 4247 artiﬁcis.
2442 4188 2488 4242 si
2526 4186 2819 4241 recesserit
2861 4186 3081 4251 artifex,
3129 4198 3489 4257 operamenta

1902 4280 2084 4349 jacent
2114 4279 2356 4348 quidem,
2392 4276 2637 4346 indigent
2682 4265 2864 4332 autem
2900 4278 3189 4334 habentem
3228 4279 3492 4335 animam.

1908 4365 2106 4420 Statim
2139 4366 2286 4419 enim
2326 4374 2409 4419 est
2457 4366 2643 4420 videre
2691 4365 2837 4420 foeda
2878 4381 3108 4435 corpora
3142 4368 3496 4424 morientium

1909 4456 2224 4511 animalium
2260 4457 2502 4526 putrida,
2534 4472 2712 4527 neque
2761 4467 2819 4512 ut
2875 4462 3264 4529 contingantur
3312 4468 3492 4530 apta:

1909 4561 2008 4601 nec
2035 4548 2179 4601 enim
2210 4558 2264 4599 et
2297 4547 2363 4600 ad
2396 4561 2577 4601 escam
2612 4556 2739 4601 sunt
2758 4549 3123 4603 conducibilia
3160 4566 3175 4603 :
3207 4549 3278 4603 ita
3310 4550 3493 4604 anima

1912 4640 2199 4695 recedente
2232 4653 2339 4693 non
2378 4639 2489 4692 sint
2535 4639 2685 4693 utilia
2723 4640 2789 4694 ad
2840 4655 2902 4695 ea
2935 4658 3057 4711 qua:
3112 4630 3225 4697 sua:
3287 4651 3499 4698 natura!

1908 4740 2053 4785 sunt.
2083 4730 2268 4785 Mirari
2297 4730 2442 4785 enim
2468 4733 2997 4803 estetilla,quorum
3026 4734 3202 4788 anima
3236 4734 3500 4805 languore

1911 4832 2003 4875 aut
2035 4812 2397 4877 dissolutione
2424 4821 2730 4878 istiusmodi
2765 4825 2993 4881 recedit.
3025 4825 3081 4879 Si
3109 4839 3289 4879 autem
3325 4835 3381 4879 et
3412 4840 3501 4881 re-

1908 4914 2105 4968 cedere
2130 4920 2346 4981 oportet
2375 4912 2482 4966 dici
2510 4916 2747 4969 animam
2780 4916 3262 4979 irrationabilium,
3298 4916 3497 4969 horum

1910 5002 2256 5059 mortificatio
2290 5004 2575 5058 immutata
2603 5014 2687 5060 est
2712 5021 2743 5059 a
2776 5014 2922 5060 statu
2962 5006 3175 5060 illorum
3206 5021 3325 5075 quze
3349 5005 3489 5060 occi-

1910 5094 2130 5147 duntur.
2157 5092 2286 5159 Quae
2303 5091 2635 5148 occiduntur
2660 5095 2805 5149 enim
2835 5094 2942 5149 alia
2996 5104 3124 5149 sunt
3152 5103 3207 5149 et
3261 5094 3449 5150 calore
3478 5139 3497 5164 ,

1906 5189 2009 5243 alia
2037 5203 2250 5259 sapore.
2284 5191 2388 5245 alia
2428 5199 2484 5245 et
2516 5189 2709 5253 odore,
2740 5188 2845 5243 alia
2896 5188 3345 5245 manducatione.
3398 5188 3497 5243 illa

1910 5292 2089 5336 autem
2114 5296 2233 5352 qua:
2258 5282 2565 5339 moriuntur
2592 5292 2648 5337 et
2674 5298 2781 5337 non
2817 5282 3163 5348 occiduntur,
3205 5291 3260 5336 et
3293 5283 3345 5335 in
3378 5281 3499 5349 ipsa

1912 5385 2087 5430 morte
2111 5376 2316 5430 habent
2346 5376 2787 5431 immutationem
2838 5376 2945 5431 sui.
3000 5375 3055 5428 ln
3094 5384 3307 5429 tantum
3351 5374 3500 5430 enim

1912 5467 2322 5521 demonstratur
2356 5478 2619 5536 quantum
2680 5477 2861 5536 potest
2914 5470 3203 5537 praesentia
3252 5466 3448 5524 animm
3480 5509 3502 5534 ,

1913 5558 2039 5626 quia
2072 5568 2121 5612 et
2154 5573 2254 5613 vox
2312 5560 2494 5614 subito
2550 5560 2775 5623 recedit,
2809 5569 2865 5613 et
2910 5569 3177 5629 tanquam
3212 5559 3503 5629 vestigium

1916 5665 2035 5720 qua:
2061 5650 2116 5703 in
2150 5650 2341 5705 iisdem
2370 5661 2453 5705 est
2475 5650 2602 5704 vitae
2630 5649 2910 5722 relinquit.
2941 5651 3080 5719 Quid
3134 5660 3318 5707 autem
3348 5650 3505 5711 dicas

1986 5833 2098 5908 (36)
2130 5833 2174 5887 Α
2201 5850 2275 5891 se.
2308 5784 2574 5890 secanti.
