4048 6322
636 399 774 455 1135

1299 387 1561 447 EUSEBII
1597 382 2075 442 CESARIENSIS
2111 381 2268 438 OPP.
2313 379 2490 435 PARS
2529 377 2619 433 iV.
2664 408 2726 418 —
2765 372 3185 432 DOGMATICA.

3737 366 3866 421 “55

633 515 701 572 de
724 521 906 570 nostra
935 509 1154 565 animai
1183 507 1276 564 sed
1302 523 1410 562 non
1443 513 1528 561 est
1555 504 1781 559 rationis
1815 503 1887 557 ita
1917 514 2016 556 nos
2044 499 2186 568 inju-
2218 506 2263 561 Α
2291 499 2491 552 decens
2510 496 2702 550 honor.
2737 493 2798 548 Ei
2829 502 3006 546 autem
3034 489 3127 558 qui
3152 485 3358 540 creavit
3387 497 3627 552 corpora
3671 491 3731 536 et
3757 485 3869 536 ani-

633 606 767 661 riam
801 602 978 658 facere
1001 594 1248 669 pretiosa
1267 600 1480 652 animae.
1515 595 1573 650 Si
1601 595 1745 650 enim
1774 587 2105 649 voluerimus
2135 590 2186 645 in

635 698 736 751 isto
759 694 904 750 brevi
938 692 1114 761 spatio
1144 692 1288 745 hora
1312 704 1531 744 movere
1563 688 1629 743 de
1675 701 1737 741 ea
1772 697 2104 745 sermonem.
2134 690 2189 736 et

632 786 944 843 transitorie
987 782 1105 852 ejus
1161 781 1475 835 memoriam
1523 778 1729 842 facere,
1774 775 1977 830 inimici
2018 772 2190 842 magis

633 876 935 931 videbimur
959 881 1156 928 nostra
1185 869 1379 926 anima:
1409 885 1573 940 quam
1605 866 1786 923 amici.
1815 865 1923 920 Sed
1969 864 2040 919 sit
2072 879 2184 920 ser-

631 969 774 1021 moni
823 967 1038 1034 quidem
1092 975 1370 1024 mensura,
1433 961 1625 1016 anima-
1654 969 1834 1011 autem
1871 955 2184 1009 rationabili

2293 601 2432 650 mas,
2461 595 2517 640 et
2571 583 2922 639 rationabiles
2951 592 3008 635 et
3034 576 3460 638 irrationabiles,
3509 575 3582 628 ab
3615 574 3868 628 omnibus

2292 678 2472 742 simul,
2504 685 2558 731 et
2589 677 2680 745 qui
2705 690 2808 729 non
2832 675 3144 742 loquuntur,
3199 684 3296 739 per
3347 681 3544 735 unum,
3579 679 3680 734 per
3710 679 3868 734 quem

2291 780 2344 824 et
2369 769 2549 823 omnia
2577 766 2884 828 constituit,
2913 766 2983 820 sit
3025 761 3219 834 gloria,
3271 760 3472 823 honor,
3535 754 3826 824 imperium
3851 793 3870 817 ,

2295 861 2565 928 maiestas,
2599 873 2720 914 cum
2753 857 2959 928 Spiritu
2989 863 3197 917 sancto,
3223 861 3276 906 et
3301 864 3448 905 nunc
3465 857 3525 904 et
3547 860 3792 918 seme,
3818 857 3869 899 et

2293 969 2388 1022 per
2412 953 2586 1003 omnia
2620 948 2811 1004 Stecula
2851 947 3190 1002 szeculorum.
3220 944 3391 996 Amen

635 1087 3865 1140 ___________________________________._

1573 1280 2132 1406 EUSEBII
2221 1273 2902 1392 PAMPHILI

1440 1525 1586 1614 DE
1682 1513 2503 1612 INCORPORALI
2605 1508 2983 1598 ANIMA
3027 1569 3058 1607 ,

1897 1709 2128 1772 LIBER
2172 1704 2591 1768 SECUNDUS.

702 2024 978 2098 Reliquia,
1002 2037 1120 2094 qua
1156 2021 1222 2076 de
1272 2014 1590 2088 incorporali
1619 2011 1913 2069 reiectione
1941 2011 2195 2065 hesterno
2229 2017 2267 2071 Β
2297 2010 2574 2098 agnoscat.
2617 2000 2979 2098 incongruum
3041 2007 3126 2053 est
3165 1996 3310 2098 enim
3334 2036 3352 2063 ,
3388 2005 3450 2051 ut
3482 1994 3555 2051 de
3586 1994 3866 2098 aliis-qui-

632 2117 788 2174 nobis
819 2114 1127 2173 resederant
1159 2110 1264 2177 die,
1292 2109 1450 2164 hodie
1498 2105 1790 2160 secundum
1845 2114 2187 2170 consequen-

633 2210 763 2261 tiam
792 2205 1056 2262 sermonis
1114 2204 1208 2255 iter
1236 2201 1569 2269 perfruamur
1610 2195 1746 2265 (37).
1784 2193 2014 2248 Solitum
2047 2192 2188 2246 enim

633 2308 687 2353 et
717 2298 800 2352 his
829 2305 932 2361 est,
960 2294 1048 2365 qui
1082 2307 1305 2364 corpora
1331 2299 1559 2360 pascunt
1587 2304 1707 2350 sua,
1743 2301 1862 2341 cum
1896 2299 2002 2338 non
2025 2280 2192 2336 suﬂ'e-

631 2385 805 2440 eerint
832 2385 897 2439 ad
926 2382 1245 2437 sumendum
1275 2379 1520 2449 plurimis
1544 2377 1611 2432 ad
1641 2375 1986 2431 refectionem
2021 2387 2190 2442 appo-

632 2480 795 2550 sitis:
833 2475 1267 2544 manducantque
1299 2474 1437 2528 diem
1474 2480 1733 2542 quantum
1777 2475 2002 2538 possunt
2047 2463 2186 2535 (38),

632 2568 932 2624 recondunt
978 2575 1156 2619 autem
1211 2565 1312 2619 sibi
1350 2562 1618 2633 superﬂua
1675 2561 1727 2614 in
1776 2560 2004 2614 alterum
2049 2555 2182 2612 refe-

631 2660 829 2714 ctionis
848 2658 1010 2711 diem.
1037 2655 1197 2710 l’orte
1227 2666 1403 2710 autem
1433 2669 1534 2707 non
1566 2653 1753 2706 eadem
1791 2651 1973 2720 imago
1991 2662 2188 2703 conve-

632 2749 715 2804 nit
761 2749 939 2804 nobis.
982 2745 1096 2801 Non
1120 2747 1262 2801 enim
1312 2761 1374 2799 ea
1412 2759 1531 2814 qua;
1560 2743 1876 2798 resederant
1919 2739 2192 2809 proposita

632 2855 775 2895 nunc
806 2849 950 2904 sunt,
984 2839 1076 2892 sed
1119 2838 1226 2892 sint
1253 2851 1314 2890 ea
1368 2839 1582 2902 quidem
1630 2848 1747 2902 quae
1795 2841 2185 2901 praecesserunt

632 2946 738 2986 non
768 2945 915 2994 esca,
932 2929 1024 2984 sed
1051 2940 1269 2999 gustus:
1294 2942 1432 2982 nunc
1448 2937 1645 2992 autem,
1670 2934 1725 2978 ut
1749 2924 1818 2978 ita
1843 2925 2037 2985 dicam,
2070 2923 2182 2990 ipsa

636 3021 881 3076 refectio.
920 3020 1093 3074 Motus
1151 3020 1294 3074 enim
1349 3018 1502 3071 nobis
1535 3027 1616 3072 est
1670 3030 1849 3070 sermo
1901 3015 1966 3069 de
2014 3023 2192 3068 monte

638 3111 791 3175 Sina,
834 3112 886 3164 in
921 3125 1027 3180 quo
1063 3110 1344 3165 dicebatur
1373 3109 1550 3162 fumus
1604 3108 1772 3160 tuisse
1832 3115 1886 3160 et
1941 3105 2082 3173 ignis
2139 3113 2191 3157 et

636 3201 869 3272 procella
911 3210 964 3254 et
1017 3203 1158 3255 tuba:
1205 3212 1258 3253 et
1286 3213 1444 3252 voces
1488 3213 1514 3251 a
1571 3199 1678 3251 Deo
1707 3197 1751 3228 ‘°
1789 3214 1802 3251 :
1853 3210 1971 3265 qua:
2015 3196 2188 3250 omnia

637 3292 809 3362 magis
834 3290 1155 3360 qutestiones
1179 3289 1482 3344 movebant.
1511 3287 1770 3342 Videntur
1792 3288 1937 3342 enim
1968 3287 2067 3341 ista
2088 3302 2190 3340 non

2292 2097 2409 2151 dem
2433 2093 2699 2148 curiosius
2725 2091 2982 2166 requirat,
3015 2089 3363 2158 semetipsatn
3398 2096 3588 2142 autem
3614 2085 3868 2158 negligat,

2291 2188 2373 2243 cui
2402 2186 2677 2257 proprium
2713 2198 2912 2253 corpus
2943 2194 3048 2238 est.
3085 2181 3222 2248 Quia
3271 2182 3415 2236 enim
3448 2182 3631 2251 posita
3673 2191 3760 2235 est
3783 2196 3866 2236 re-

2291 2277 2368 2332 lut
2393 2278 2446 2332 in
2477 2275 2670 2331 mediis
2695 2273 2972 2344 gradibus,
2999 2272 3120 2326 aliis
3171 2270 3387 2341 quidem
3421 2270 3773 2339 praedicas,
3804 2276 3865 2324 ab

2291 2370 2412 2425 aliis
2441 2378 2622 2423 autent
2658 2366 2937 2430 deficiens,
2977 2364 3117 2420 forte
3153 2377 3460 2434 agnoscens
3492 2364 3866 2433 santetipsam,

2294 2461 2557 2530 despiciet
2577 2458 2793 2528 quidem
2828 2459 3057 2519 minora,
3097 2455 3455 2526 protendetur
3493 2464 3683 2509 autem
3715 2455 3783 2508 ad
3803 2468 3861 2509 ea

2291 2569 2409 2624 quae
2439 2568 2602 2623 supra
2636 2567 2695 2608 se
2728 2560 2874 2606 sunt.
2905 2549 3251 2617 Accipiamus
3278 2547 3443 2618 igitur
3475 2547 3650 2619 ipsius
3678 2548 3867 2603 anim:

2294 2646 2637 2716 dignitatem,
2670 2653 2725 2698 et
2755 2641 3056 2698 efﬁcientes
3076 2637 3212 2708 ejus,
3248 2655 3312 2695 ex
3338 2640 3536 2710 quibus
3571 2642 3780 2712 cogitat
3814 2648 3867 2697 et

2293 2743 2478 2811 agitat,
2507 2746 2762 2806 operatur
2812 2743 2868 2789 et
2909 2735 3077 2790 donat
3126 2732 3360 2802 corpori.
3400 2741 3455 2788 et
3481 2747 3549 2788 ex
3576 2735 3783 2803 quibus
3815 2734 3862 2788 ei

2293 2834 2614 2888 adversatur
2634 2830 2944 2891 utilissime,
2967 2837 3022 2884 et
3051 2843 3117 2884 ex
3141 2829 3336 2897 quibus
3367 2829 3435 2882 de
3493 2830 3606 2884 Deo
3661 2831 3865 2899 cogitat

2293 2935 2345 2980 et
2378 2925 2535 2994 sapit.
2586 2923 2927 2992 Accipiamus
2982 2931 3164 2975 autem
3211 2930 3267 2975 et
3319 2922 3636 2976 testimonia
3671 2937 3741 2975 ex
3783 2922 3863 2976 bis

2293 3032 2411 3086 qua
2443 3018 2717 3083 videntur,
2738 3024 2795 3070 et
2823 3030 2853 3068 a
2877 3013 3200 3084 Scripturis.
3232 3011 3297 3067 Et
3331 3014 3530 3083 primo,
3565 3015 3694 3082 quia
3747 3015 3862 3082 qui-

2294 3110 2414 3163 dam
2433 3118 2620 3178 putant
2641 3106 2873 3161 animam
2897 3114 3131 3159 nostram
3156 3121 3259 3159 non
3281 3105 3454 3161 solum
3478 3121 3607 3160 cum
3637 3121 3864 3176 corpore

2295 3214 2435 3267 esse,
2466 3199 2558 3254 sed
2583 3208 2676 3253 aut
2700 3197 3054 3268 corporalem,
3081 3208 3174 3252 aut
3199 3213 3393 3268 corpus
3420 3216 3435 3251 :
3467 3198 3653 3253 multis
3675 3210 3856 3255 autem

2297 3291 2513 3367 sanguis
2546 3300 2766 3360 putatur
2799 3300 2854 3345 et
2881 3299 3062 3348 nostra
3090 3291 3270 3344 anima
3297 3305 3451 3355 esse;
3503 3292 3742 3356 dicimus
3795 3291 3858 3346 de

639 3382 950 3436 consentire
989 3381 1313 3448 incorporati
1366 3389 1590 3432 naturut.
1642 3377 1777 3446 Quia
1813 3378 1976 3448 igitur
2007 3378 2187 3434 dome-
2221 3355 2260 3413 C
2297 3365 2679 3452 his‘primum;
2718 3391 2770 3435 et
2800 3381 2924 3450 quia
2963 3396 3029 3436 ex
3085 3381 3366 3451 Scriptura
3418 3383 3861 3438 circumveniunt

646 3473 783 3527 stica
816 3471 1050 3525 efﬁcitur
1110 3470 1440 3533 satisfactio,
1483 3485 1605 3524 cum
1647 3484 1675 3522 a
1708 3468 2087 3524 communibus
2141 3478 2194 3521 et

554 3546 566 3556 ’
636 3564 834 3633 apertis
863 3562 1022 3616 fuerit
1050 3571 1211 3625 mota,
1249 3561 1368 3614 ideo
1397 3562 1448 3612 in
1479 3575 1761 3614 commune
1795 3560 1860 3615 de
1885 3560 2195 3628 incorpora-

637 3654 775 3709 iibus
803 3653 1066 3706 movimus
1095 3653 1466 3720 quaestionem.
1523 3651 1866 3718 Accipientes
1893 3651 2036 3704 enim
2068 3666 2190 3707 cor-

635 3762 828 3818 porum
886 3754 1107 3799 naturas
1157 3743 1541 3808 discrevimus,
1576 3752 1631 3796 et
1674 3743 2009 3798 ostendimus
2065 3745 2191 3810 quia

636 3853 739 3891 non
771 3848 828 3890 ut
859 3845 1078 3905 putatur
1105 3837 1374 3889 crassiora
1411 3833 1635 3889 fortiora
1658 3846 1804 3900 sunt,
1859 3836 1952 3890 sed
1999 3849 2191 3890 secun~

636 3929 760 3982 dum
793 3926 1208 3996 competentiam
1244 3925 1665 3996 uniuscujusque
1707 3926 1970 3994 corporis,
2028 3941 2191 3994 quan-

637 4025 747 4068 tunt
776 4017 1193 4084 unumquodque
1213 4014 1462 4069 subtilius
1500 4026 1603 4080 est,
1646 4023 1852 4068 tantum
1889 4023 1941 4069 et
1977 4013 2187 4069 fortius.

636 4104 799 4161 Istinc
831 4115 1209 4175 promoventes
1237 4107 1478 4160 venimus
1522 4106 1588 4158 ad
1620 4116 1887 4171 naturam,
1925 4121 1954 4158 a
1995 4115 2186 4160 natura

636 4198 703 4252 ad
734 4197 1179 4252 irrationabilium
1241 4199 1498 4251 animam.
1547 4197 1602 4251 In
1641 4212 1746 4265 quo
1783 4196 1901 4250 loco
1943 4212 2186 4266 compre-

639 4289 824 4344 hendit
851 4305 950 4345 nos
1000 4304 1246 4358 vespera,
1297 4302 1352 4344 et
1397 4289 1781 4345 collocavimus
1833 4291 2186 4346 mansionem.

637 4380 771 4445 Quia
807 4395 934 4450 ergo
955 4381 1214 4436 successit
1238 4379 1347 4450 jam
1375 4381 1573 4446 lumen,
1617 4391 1970 4451 exsurgentes
2011 4391 2191 4437 tenea-

636 4483 756 4521 mus
782 4469 1217 4536 consequentiam
1249 4485 1431 4523 eorum
1459 4484 1578 4539 qua:
1610 4485 1821 4524 rursum
1848 4469 2190 4526 ambulantes

636 4558 1003 4611 transivimus.
1063 4556 1365 4612 Secundum
1433 4561 1870 4628 consequentiam
1913 4560 2076 4631 igitur
2137 4572 2190 4616 et

637 4649 878 4701 ordinem
912 4647 1119 4701 initium
1153 4648 1223 4701 sit
1245 4651 1499 4715 sermoni,
1528 4665 1648 4719 quae
1678 4651 1836 4705 hodie
1873 4652 1938 4705 de
1990 4662 2186 4708 nostra:

639 4741 831 4792 animae
857 4740 1111 4808 dignitate
1137 4741 1396 4794 dicemus.
1423 4741 1574 4795 Sicut
1607 4743 1748 4796 enim
1795 4759 1822 4795 a
1870 4743 2186 4812 corporibus

633 4832 698 4884 ad
725 4827 990 4894 naturam,
1023 4847 1051 4884 a
1095 4841 1283 4885 natura
1319 4845 1494 4887 autem
1526 4837 1591 4888 ad
1633 4835 2054 4889 irrationabilem
2077 4838 2184 4890 ani-

633 4922 846 4975 malium
869 4922 1112 4975 venimus
1140 4923 1396 4986 animam,
1423 4925 1490 4975 ita
1518 4936 1898 4990 promoventes
1939 4936 2187 4986 ettrans-

632 5015 957 5077 cendentes,
997 5015 1060 5067 ab
1083 5014 1527 5068 irrationabilium
1560 5019 1738 5068 anima
1771 5017 1836 5070 ad
1871 5017 2176 5073 rationabi-

633 5103 734 5156 lem
775 5105 1135 5171 pervenimus,
1161 5106 1459 5158 utexerciti
1493 5108 1541 5157 in
1569 5107 1882 5175 corporibus
1921 5109 2176 5175 primum,

632 5196 701 5247 ita
738 5196 1014 5249 veniamus
1039 5198 1103 5250 ad
1127 5197 1513 5266 incorporalem
1549 5200 1798 5253 :tuintam:
1826 5210 1882 5255 et
1912 5202 1980 5255 ab
2004 5201 2182 5254 anima

632 5288 694 5340 ad
730 5288 1098 5355 incorporalia.
1130 5288 1193 5341 Et
1222 5291 1292 5341 ita
1323 5305 1426 5342 non
1453 5292 1630 5347 subito
1667 5293 1730 5345 ad
1764 5296 2053 5361 puritatem
2088 5293 2180 5347 Dei

632 5377 968 5437 accedentes,
1004 5390 1066 5427 ex
1099 5375 1389 5444 lulgoribus
1415 5381 1506 5446 qui
1543 5381 1661 5434 inde
1701 5394 1828 5435 sunt
1858 5382 2181 5437 obtenebre-

633 5479 768 5514 Illllr.
799 5465 956 5516 Decet
981 5467 1118 5517 enim
1149 5469 1343 5530 taliter,
1379 5480 1433 5520 ut
1456 5472 1630 5523 anima
1655 5473 1804 5539 prius
1831 5477 2174 5544 semetipsum

702 5582 746 5612 “
769 5585 935 5636 Exod.
970 5599 1078 5648 XIX,
1109 5585 1188 5641 l6.
1295 5589 1334 5616 "7
1373 5588 1505 5640 Gen.
1540 5606 1573 5651 l,
1599 5591 1689 5644 2i.
1765 5592 1805 5621 ³⁸
1833 5593 1965 5648 Ibid.
2004 5596 2090 5650 ΞΟ.

675 5695 812 5774 ,(57)
853 5697 962 5780 Il?"
984 5702 1330 5775 Pertrruamttr.
1352 5702 1507 5754 Forte
1540 5709 1632 5757 iter
1657 5720 1753 5759 vox
1785 5706 1885 5760 fuit
1926 5724 2172 5780 Compen'

633 5766 722 5820 diu
760 5767 956 5834 scripta
992 5769 1043 5820 ttt
1072 5785 1168 5820 ms.
1197 5786 1289 5838 pro
1323 5786 1520 5826 tlHltm.

2295 3473 2526 3528 animam
2559 3481 2813 3542 tanquam
2843 3473 3064 3542 sanguis
3099 3473 3389 3537 habeatur,
3418 3488 3486 3526 ex
3531 3474 3652 3544 ipsa
3713 3473 3860 3528 Scri-

2295 3578 2449 3636 ptura
2481 3565 2600 3634 ejus
2651 3579 2964 3634 separemus
3023 3564 3361 3634 dignitatem.
3400 3565 3860 3620 irrationabilium

2294 3657 2436 3711 enim
2464 3655 2778 3710 animalium
2812 3656 3007 3709 animae
3030 3669 3135 3709 uno
3163 3665 3429 3724 praecepto
3464 3671 3590 3710 cum
3620 3659 3863 3726 corpori-

2292 3749 2392 3804 bus
2418 3751 2657 3818 liguralat
2681 3757 2826 3801 sunt.
2848 3746 3021 3810 Dixit,
3042 3747 3236 3816 inquit,
3261 3746 3699 3818 Deus,producat
3725 3763 3862 3804 terra

2292 3839 2548 3890 animalia
2599 3837 2943 3906 quadripedia
3001 3836 3072 3901 ",
3108 3845 3159 3889 et
3192 3852 3310 3904 qua:
3366 3849 3690 3907 sequuntur.
3749 3840 3865 3897 Uno

2291 3944 2542 3984 sermone
2577 3944 2774 3997 genera
2807 3929 3123 3983 animalium
3155 3932 3405 3985 universa
3445 3942 3499 3986 et
3540 3948 3777 4001 cerpora
3813 3945 3865 3988 et

2292 4020 2499 4074 animas
2530 4019 2679 4086 fecit,
2703 4029 2757 4074 et
2787 4036 2892 4074 non
2925 4022 3204 4076 discrevit.
3240 4022 3306 4076 Et
3330 4024 3547 4089 iterum,
3588 4023 3861 4081 Producat

2291 4126 2447 4180 aqua.
2513 4110 2686 4164 Etiam
2735 4113 2779 4166 si
2850 4114 2953 4167 hoc
3003 4115 3242 4182 primum
3313 4117 3546 4186 positum
3609 4129 3696 4174 est
3747 4121 3861 4175 ait:

2291 4201 2560 4254 Producat
2594 4218 2730 4271 aqua
2762 4207 2996 4259 natantia
3039 4224 3154 4275 qua:
3179 4209 3232 4260 in
3264 4210 3415 4278 aquis
3441 4220 3591 4272 sunt,
3623 4223 3674 4264 et
3711 4212 3864 4267 uola—

2291 4293 2407 4347 tilia
2431 4295 2545 4348 cali
2583 4312 2698 4364 qui:
2724 4296 2776 4348 in
2809 4313 2928 4352 aere
2981 4299 3047 4354 “'.
3080 4298 3438 4370 PrOpinquior
3473 4303 3622 4356 enim
3669 4319 3863 4374 genere

2291 4399 2430 4452 aqua
2462 4385 2574 4440 aeri
2597 4395 2699 4441 est.
2729 4385 2988 4453 Repletur
3023 4391 3166 4444 enitn
3200 4406 3292 4445 aer
3317 4393 3472 4461 aquis
3507 4408 3606 4462 per
3663 4397 3857 4451 nubes.

2289 4477 2474 4532 Celata
2512 4487 2688 4533 autem
2720 4494 2858 4549 aqua
2895 4483 3284 4537 transmittitur
3315 4487 3379 4538 ad
3405 4500 3588 4541 aerem
3609 4497 3668 4540 et
3696 4489 3862 4544 nubes

2289 4568 2732 4634 adunat,etvelut
2747 4571 3051 4627 immutatio
3062 4575 3306 4642 quaedam
3324 4586 3405 4630 est
3419 4593 3575 4646 aqua
3591 4579 3660 4633 ad
3679 4595 3858 4636 aerem

2289 4671 2343 4714 et
2375 4663 2565 4716 iterum
2596 4665 2882 4720 restitutio.
2909 4665 3056 4721 Unde
3084 4678 3137 4720 et
3160 4683 3276 4737 qua
3301 4670 3438 4724 facta
3473 4681 3603 4725 sunt
3626 4687 3699 4726 ex
3726 4689 3860 4743 aqua

2291 4751 2453 4806 veluti
2484 4769 2548 4806 ex
2593 4755 2851 4809 crassiori
2875 4767 3082 4821 natura,
3131 4761 3370 4829 quaedam
3399 4762 3620 4830 quident
3653 4779 3860 4818 reman-

2288 4853 2475 4896 serunt
2508 4846 2558 4897 in
2588 4846 2741 4914 aquis
2768 4885 2785 4911 ,
2842 4847 2944 4901 alia
2995 4849 3142 4904 velut
3179 4851 3244 4904 ad
3293 4867 3653 4923 congenerem
3684 4870 3860 4911 aerem

2290 4935 2602 4989 transmissa
2655 4947 2801 4991 sunt.
2839 4937 2946 4992 Sed
2993 4954 3097 4994 non
3129 4940 3196 4996 de
3242 4942 3325 4996 bis
3371 4959 3512 4998 nunc
3547 4960 3734 5001 sermo
3781 4959 3861 5003 est

2289 5026 2463 5081 nobis.
2499 5028 2606 5082 Sed
2635 5030 2760 5098 quia
2790 5029 3019 5086 aliorum
3050 5035 3267 5102 quidem
3296 5035 3613 5091 animalium
3667 5042 3855 5096 anima

2324 5118 2551 5172 niversae
2579 5135 2684 5175 uno
2712 5135 2980 5193 praecepto
3016 5139 3136 5178 cum
3166 5127 3484 5197 corporibus
3511 5127 3671 5183 facta
3700 5139 3852 5185 sunt:

2291 5208 2451 5263 homo
2501 5221 2679 5266 autem
2715 5230 2886 5285 neque
2931 5232 3050 5272 cum
3090 5218 3213 5273 aliis
3266 5220 3591 5276 animaiibus
3625 5264 3640 5288 ,
3674 5239 3846 5295 neque

2289 5310 2414 5353 ante
2447 5302 2548 5357 alia
2604 5304 2775 5360 factus
2821 5308 3029 5363 videtur
3059 5329 3072 5363 :
3106 5320 3159 5364 et
3191 5326 3313 5366 cum
3355 5313 3474 5367 aliis
3503 5315 3723 5382 quidem
3754 5332 3850 5370 nou

2288 5400 2370 5445 est
2424 5391 2596 5449 iactus
2639 5409 2855 5466 propter
2908 5403 3342 5472 pretiositatem;
3377 5416 3501 5459 ante
3541 5407 3648 5459 alia
3678 5420 3847 5462 autem

2290 5497 2394 5537 non
2453 5496 2534 5540 est
2585 5499 2800 5546 creatus
2835 5502 3055 5562 prepter
3102 5495 3323 5550 tutelam
3387 5496 3497 5550 Dei.
3537 5498 3672 5563 Quia
3712 5501 3845 5553 enim

2354 5713 2465 5784 (38)
2498 5715 2594 5771 MS.
2633 5719 2951 5774 manducaui
2987 5721 3193 5791 quidem
3222 5737 3471 5794 quantum
3497 5738 3735 5791 possunt.
