4048 6322
1410 389 1499 444 DE
1543 380 2005 443 [iVCORPORALI
2046 380 2282 437 ΑΝΙΜΑ.

190 516 528 585 incipiebant
568 512 617 568 ei
652 511 843 581 subjici
872 510 1053 565 omnia
1094 522 1215 578 quae
1241 508 1384 561 facta
1417 521 1445 560 a
1472 507 1580 561 Deo
1610 514 1771 565 sunt;
1805 508 1847 561 Α
1877 516 1946 571 go
1980 510 2162 553 autem
2190 495 2421 551 necdum
2453 489 2646 546 vivens
2675 530 2691 555 ,
2745 494 2801 542 et
2843 486 3057 554 iacebat
3088 483 3227 553 quod
3259 482 3458 585 factum

186 617 244 661 ut
278 622 386 661 non
420 606 589 673 ipsius
619 612 942 673 putarentur
972 616 1134 671 opera
1168 615 1289 671 quae
1322 599 1467 655 facta
1494 601 1767 661 videnlur,

188 699 516 754 novissimus
568 698 832 767 ﬁguratur
883 696 1044 750 homo
1076 736 1091 759 ,
1155 702 1209 747 et
1259 707 1364 747 non
1419 692 1648 762 primus.
1710 688 1767 742 Si

188 792 328 846 enim
359 800 417 843 et
446 790 519 843 ita
544 788 840 842 novissimo
876 786 1018 841 facto
1064 785 1303 845 homine,
1333 784 1454 837 ausi
1495 792 1622 835 sunt
1649 781 1771 851 qui-

188 879 309 935 dam
361 895 459 947 per
492 880 702 934 fabulas
751 880 1133 941 introducere;
1176 876 1304 944 quid
1339 891 1444 930 non
1482 874 1597 928 ausi
1634 872 1769 926 luis-

187 980 309 1028 sent
338 971 383 1025 si
423 986 534 1025 non
569 971 669 1025 ista
706 970 1075 1041 praecessisset
1114 968 1277 1021 tutela
1311 966 1335 1019 τ
1387 966 1560 1020 Aliter
1588 974 1769 1017 autem

187 1072 244 1115 et
274 1060 505 1114 decebat
550 1070 842 1127 antequam
887 1064 1173 1113 crearetur
1217 1072 1311 1111 rex
1344 1070 1505 1125 super
1540 1065 1769 1115 terram,

191 1149 487 1221 praparari
525 1150 835 1204 necessaria
861 1146 1096 1216 primum
1123 1186 1140 1213 ,
1179 1155 1237 1201 ut
1275 1148 1343 1221 ita
1375 1146 1652 1200 adveniret
1680 1146 1772 1213 qui

188 1256 252 1298 ea
284 1241 488 1312 perfrui
537 1241 779 1295 deberet.
823 1238 1089 1293 Servatur
1124 1247 1319 1292 autem.
1360 1246 1417 1292 et
1472 1237 1522 1290 in
1558 1236 1775 1291 irratio-

192 1333 468 1388 nabilibns
523 1333 679 1397 ordo,
718 1331 1016 1387 secundum
1067 1329 1432 1401 Scripturam.
1465 1328 1582 1383 Non
1629 1331 1772 1383 enim

192 1426 345 1496 prius
369 1426 514 1480 facta
540 1434 673 1479 sunt
701 1424 955 1479 animalia
975 1465 991 1490 ,
1032 1438 1194 1494 quam
1228 1422 1421 1477 ﬁerent
1446 1438 1508 1477 ea
1544 1437 1663 1492 quae
1685 1438 1773 1492 pa-

193 1524 408 1572 scerent
457 1514 734 1569 animalia.
783 1513 917 1581 Quia
970 1513 1115 1567 enim
1159 1511 1359 1577 factum
1388 1513 1607 1581 quidem
1663 1512 1775 1582 jam

190 1602 368 1661 fuerat
395 1604 613 1668 calum,
641 1602 858 1658 fundata
887 1613 1065 1658 autem
1086 1602 1198 1672 jam
1229 1612 1349 1656 erat
1379 1611 1545 1673 terra,
1579 1612 1634 1658 et
1664 1618 1776 1656 ma-

194 1710 256 1751 re
283 1693 461 1749 fuerat
482 1702 794 1762 separatam
820 1691 888 1747 ab
914 1693 1090 1757 arida,
1119 1688 1327 1745 eﬁusus
1353 1700 1535 1746 autem
1574 1701 1692 1745 erat
1722 1699 1778 1746 et

195 1801 310 1849 aer,
335 1794 595 1840 coronata
623 1791 801 1837 autem
838 1791 994 1837 erant
1034 1794 1157 1850 quae
1200 1782 1343 1836 facta
1394 1790 1548 1848 sunt,
1582 1795 1778 1835 unum-

1874 604 2047 651 estut
2079 599 2489 661 operamentum
2530 606 2542 641 :
2589 583 2902 653 requirebat
2939 589 3121 635 autem
3170 576 3459 644 artiﬁcem,

1873 701 1979 739 non
2014 683 2291 738 intellectu
2323 690 2417 735 aut
2442 678 2637 734 eﬂ‘ectu
2661 716 2676 741 ,
2709 673 2803 730 sed
2832 672 3156 728 necessitate
3180 669 3458 741 poscebat.

1873 776 2154 845 Scriptum
2208 773 2353 829 enim
2383 781 2506 835 est,
2543 770 2670 840 quia
2722 776 2845 837 post
2890 765 2991 820 hoc
3022 782 3035 818 :
3068 761 3357 833 Inspiravit
3400 762 3460 817 in

1876 884 1997 921 eum
2031 866 2284 919 Dominus
2320 864 2702 932 spiramentum
2732 859 2855 912 vita
2874 874 2893 923 ;
2926 866 2976 910 et
3009 854 3181 926 fectus
3206 863 3282 909 est
3304 855 3458 908 homo

1876 961 1932 1011 in
1964 959 2199 1011 animum
2228 957 2483 1009 viventem
2509 951 2577 1007 ".
2603 949 2669 1005 Et
2693 951 2911 1014 iterum,
2938 947 3000 1001 1η
3028 947 3274 1025 spiritum
3295 942 3466 1013 viviﬁ-

1878 1061 2084 1105 cantem
2116 1048 2186 1102 υ.
2243 1047 2386 1117 Ergo
2433 1046 2501 1101 ab
2538 1044 2691 1099 initio
2737 1040 3029 1112 separatim
3079 1038 3299 1108 quidem
3342 1048 3460 1090 cor-

1876 1156 1977 1210 pus
2004 1178 2019 1205 ,
2050 1137 2353 1208 separatim
2388 1144 2568 1190 autem
2597 1133 2777 1189 anima
2827 1131 2971 1185 facta
3021 1136 3126 1184 est.
3168 1127 3235 1183 Et
3261 1138 3462 1196 corpus

1876 1230 2097 1301 quidem
2123 1228 2243 1285 sine
2272 1226 2465 1281 anima
2483 1240 2591 1280 non
2632 1222 2766 1278 vivit
2799 1238 2814 1275 :
2848 1235 2972 1276 cum
3009 1228 3189 1274 autem
3214 1217 3463 1286 ingressa

1878 1323 2046 1380 fuerit
2070 1322 2280 1386 anima,
2314 1328 2449 1373 tunc
2479 1316 2710 1372 edicitur
2736 1316 2899 1371 homo
2933 1312 2986 1368 in
3019 1314 3258 1367 animam
3283 1313 3466 1367 viven-

1879 1426 2012 1470 tem.
2047 1411 2115 1469 Et
2151 1413 2274 1483 quis
2309 1408 2646 1481 comparabit
2669 1414 2975 1478 opportune
3018 1418 3215 1474 corpus
3244 1403 3463 1473 quidem

1879 1507 2031 1572 nubi,
2061 1504 2300 1562 animam
2337 1512 2519 1558 autem
2545 1500 2804 1557 immissis
2834 1516 2866 1555 a
2893 1497 3009 1555 sole
3038 1492 3466 1568 splendoribus?

1881 1598 2132 1652 immutat
2159 1597 2303 1650 enim
2365 1594 2524 1648 nubis
2573 1592 2852 1657 colorem,
2887 1590 3138 1645 immutat
3187 1587 3305 1656 ejus
3356 1584 3467 1643 em-

1879 1691 2045 1761 giem,
2076 1687 2171 1744 sed
2204 1702 2311 1742 non
2336 1684 2603 1740 viviﬁcat.
2652 1683 2849 1752 Quare
2874 1696 3005 1754 ergo
3049 1678 3325 1752 quomodo
3373 1693 3466 1735 ae-

1878 1782 2023 1853 ceplt
2076 1782 2220 1836 Dens
2253 1780 2443 1834 limum
2496 1787 2656 1834 terrae
2685 1818 2702 1846 ,
2751 1784 2808 1833 et
2853 1772 3128 1847 quomodo
3177 1770 3468 1844 inspiravit

194 1842 447 1946 quodque
481 1875 536 1930 in
567 1882 887 1929 ornamento
920 1888 1020 1929 suo
1051 1842 1079 1929 ἐ
1122 1881 1265 1927 terra
1303 1842 1543 1942 quidem
1576 1870 1775 1927 ﬁoreus
1809 1842 1852 1899 Β
1882 1842 2043 1931 Deus.
2076 1872 2291 1943 Accipit
2318 1870 2464 1925 enim
2498 1870 2617 1925 sine
2657 1842 2911 1926 manibus
2937 1907 2954 1933 ,
2983 1874 3040 1922 et
3077 1842 3309 1935 inspirat
3340 1862 3465 1920 sine

194 1965 479 2021 arboribus
521 1973 579 2019 et
627 1963 825 2034 plantis
861 1977 998 2016 :aer
1047 1977 1146 2033 per
1198 1963 1379 2017 avium
1431 1962 1535 2017 iter
1585 1962 1777 2017 avibus

195 2056 440 2124 pmbens
473 2073 488 2110 :
527 2069 678 2109 mare
721 2063 778 2110 et
816 2053 1036 2108 ﬁumina
1066 2061 1121 2109 et
1162 2053 1338 2108 l‘ontes
1366 2054 1606 2123 piscibus
1632 2053 1778 2107 laeta-

195 2147 417 2211 bantur,
446 2146 617 2215 quiin
664 2160 724 2200 se
752 2145 970 2201 fuerant
1000 2144 1132 2198 nati.
1182 2144 1391 2200 Ccelum
1421 2155 1601 2199 autem
1637 2144 1779 2200 vari-

200 2248 382 2295 catum
429 2238 544 2309 (59)
578 2240 693 2295 suis
736 2240 963 2295 ﬁoribus
992 2249 1151 2305 erat,
1199 2247 1253 2294 et
1291 2248 1416 2293 tunc
1462 2237 1638 2293 factus
1692 2245 1779 2293 est

204 2331 393 2385 homo.
417 2330 649 2386 Creatns
680 2342 859 2385 autem
894 2341 979 2385 est
1018 2331 1181 2386 homo
1217 2344 1323 2383 non
1352 2343 1458 2383 uno
1485 2337 1776 2400 prtecepto,

198 2421 295 2476 sed
324 2410 524 2491 corpus
546 2421 760 2491 quidem
789 2422 988 2476 dicitur
1043 2423 1293 2477 manibus
1328 2421 1638 2494 ﬁguratum.
1666 2421 1777 2475 Ex-

200 2512 330 2569 hinc
356 2521 539 2568 autem
581 2511 694 2581 iam
734 2523 1053 2583 argumenta
1096 2514 1207 2568 sint
1236 2514 1303 2568 de
1352 2513 1593 2569 incertis.
1631 2511 1779 2567 Scri-

204 2614 354 2674 ptum
378 2612 463 2659 est
490 2606 636 2660 enim
688 2604 753 2673 ”,
786 2605 911 2676 quia
936 2605 1144 2675 accepit
1174 2604 1314 2660 Deus
1334 2620 1366 2660 e
1389 2612 1533 2660 terra
1562 2604 1773 2659 limum.

200 2696 369 2753 Putas
396 2697 522 2766 quia
575 2697 816 2767 accepit,
846 2697 1025 2763 dixit,
1082 2698 1343 2753 addemus
1369 2696 1420 2753 ei
1453 2704 1510 2751 et
1534 2710 1724 2751 manus
1753 2696 1777 2750 i

204 2787 478 2859 Scriptum
500 2797 584 2846 est
613 2790 738 2859 quia
770 2799 826 2846 et
877 2790 1128 2861 ﬁguravit
1152 2790 1454 2851 hominem.
1488 2788 1555 2844 Et
1578 2790 1778 2860 ﬁgura-

199 2880 278 2936 tio
306 2880 528 2949 quidem
563 2881 808 2950 corporis
840 2882 1076 2951 iacebat,
1108 2882 1289 2939 anima
1316 2891 1499 2937 autem
1530 2895 1636 2937 non
1657 2888 1779 2936 erat

198 2972 364 3026 simut
398 2983 604 3029 creata.
639 2972 744 3029 Sed
776 2974 963 3029 volens
993 2974 1133 3030 Deus
1178 2988 1277 3045 per
1308 2987 1472 3043 opera
1500 2980 1778 3043 separatas

206 3076 501 3133 segregare
528 3071 755 3118 naturas
783 3064 1077 3134 separatim
1111 3063 1362 3135 ﬁguravit
1393 3077 1591 3134 corpus
1617 3101 1633 3127 ,
1691 3077 1777 3117 se-

198 3153 431 3221 paratim
461 3154 695 3208 animam
721 3153 872 3209 fecit.
900 3154 966 3209 Et
996 3154 1199 3210 factum
1228 3163 1315 3210 est
1343 3155 1492 3209 velut
1520 3154 1774 3211 taberna-

198 3245 387 3299 culum
412 3260 611 3316 corpus
643 3263 659 3300 :
694 3246 999 3303 introducta
1030 3256 1115 3302 est
1157 3256 1338 3302 autem
1365 3247 1569 3311 anima,
1591 3254 1646 3301 et
1675 3247 1774 3301 ha-

205 3336 421 3391 bitavit.
468 3336 533 3391 Et
561 3351 626 3390 ne
654 3348 809 3405 putes
842 3338 965 3407 quia
995 3338 1271 3408 praecessit
1298 3352 1498 3409 corpus
1538 3340 1591 3393 in
1621 3353 1776 3393 crea—

205 3429 354 3482 tinne
382 3467 399 3492 ,
436 3428 547 3497 jam
592 3440 648 3482 et
699 3430 752 3482 in
799 3429 1005 3484 honore
1031 3429 1308 3499 praecellit.
1356 3431 1461 3485 Sed
1510 3437 1779 3484 memento

198 3534 321 3589 quae
349 3520 601 3587 superius
632 3518 854 3586 audisti,
879 3520 1005 3589 quia
1032 3528 1086 3576 et
1110 3519 1498 3575 irrationabilia
1523 3520 1778 3574 animalia

197 3619 328 3665 ante
362 3610 638 3665 hominem
669 3613 812 3664 iacta
841 3620 970 3665 sunt
1004 3628 1018 3664 :
1047 3617 1103 3666 et
1128 3626 1234 3667 non
1253 3611 1377 3681 quia
1406 3620 1782 3682 prazvenerunt

195 3705 251 3757 in
288 3702 608 3773 operatione
636 3742 651 3767 ,
679 3702 791 3772 jam
826 3712 882 3756 et
911 3702 1087 3771 prima
1125 3712 1253 3758 sunt
1292 3703 1347 3758 in
1378 3704 1602 3759 honore.
1634 3703 1782 3773 Ipso-

200 3810 320 3849 rum
348 3802 532 3848 autem
566 3793 1019 3849 irrationabilium
1054 3809 1118 3849 ea
1144 3804 1265 3865 qua
1297 3795 1367 3850 ad
1395 3810 1577 3851 escam
1600 3810 1785 3864 neces:

196 3887 344 3941 saria
366 3891 515 3949 sunt,
546 3885 727 3955 priora
755 3895 937 3940 creata
972 3895 1096 3940 sunt
1121 3904 1135 3941 :
1161 3895 1215 3941 et
1245 3901 1350 3941 non
1376 3888 1503 3957 quia
1538 3902 1657 3958 qua:
1687 3887 1783 3941 uti-

196 3978 269 4031 lia
299 3984 432 4031 sunt
454 3974 807 4043 animalibus,
835 3984 891 4030 et
934 3975 1047 4043 jam
1076 3975 1190 4047 (40)
1216 3976 1622 4033 honorabiliora
1652 3988 1781 4034 sunt

193 4067 422 4123 iisdem.
454 4065 597 4135 Ergo
620 4080 727 4122 non
761 4079 793 4122 a
827 4066 1163 4135 temporibus
1186 4067 1539 4137 accipiamus,
1574 4068 1779 4137 pretio-

196 4160 347 4215 siora
378 4172 607 4216 ea-esse
636 4172 758 4229 qua
796 4161 975 4231 priora
1011 4170 1177 4216 sunt:
1218 4162 1485 4231 siquidem
1538 4172 1593 4218 et
1636 4175 1778 4218 terra

194 4262 325 4307 ante
377 4252 544 4307 istum
594 4250 689 4321 qui
744 4251 961 4307 videtur
991 4252 1188 4309 caelum
1228 4254 1507 4310 estfacta.
1563 4255 1620 4311 Si
1658 4256 1780 4326 quis

194 4344 347 4399 enim
380 4342 514 4412 legit
546 4343 912 4411 Scripturam,
935 4355 1027 4399 aut
1056 4344 1322 4415 legentem
1351 4346 1577 4410 audivit,
1630 4349 1781 4403 inve-

196 4437 312 4492 niet
335 4435 469 4505 quia
505 4436 763 4505 scriptum
790 4445 874 4491 est
904 4454 916 4489 :
947 4435 1013 4491 In
1038 4438 1297 4506 principio
1338 4439 1462 4507 fecit
1510 4437 1649 4493 Deus
1680 4457 1778 4494 co:—

1877 1979 1995 2021 ore.
2027 1964 2142 2020 Cur
2174 1978 2305 2035 ergo
2337 1960 2601 2032 accepit?
2648 1968 2711 2016 ut
2755 1966 3040 2030 appareret
3066 1956 3195 2029 quia
3232 1970 3342 2011 non
3391 1952 3465 2011 ab

1880 2056 1982 2111 alia
2010 2064 2259 2111 creatura
2287 2063 2371 2110 est
2395 2054 2585 2118 homo,
2615 2052 2711 2107 sed
2744 2066 2774 2105 a
2803 2049 3193 2121 conspersioue
3227 2041 3465 2104 fermen-

1881 2159 2019 2204 tum.
2040 2147 2152 2203 Cnr
2179 2154 2361 2202 autem
2384 2155 2441 2202 et
2468 2142 2754 2216 inspiravit
2778 2143 2804 2198 i
2833 2141 2941 2199 Pro
2961 2156 3028 2198 eo
3050 2149 3111 2197 ut
3130 2141 3300 2207 dicat,
3330 2138 3460 2211 quia

1880 2240 2130 2296 immisit.
2162 2238 2220 2295 Si
2248 2239 2393 2295 enim
2417 2234 2774 2308 corporaliter
2812 2234 3184 2303 acceperimus
3209 2232 3351 2303 quod
3378 2230 3465 2287 in-

1878 2332 2109 2412 spiravit
2158 2331 2325 2397 Deus,
2355 2341 2472 2386 uta
2508 2328 2618 2386 Deo
2648 2342 2775 2400 pars
2798 2326 3065 2383 eﬁicimur
3100 2325 3190 2381 Dei
3222 2324 3462 2396 inspira-

1880 2426 2025 2481 tione
2056 2424 2161 2481 ista
2188 2464 2204 2489 ,
2229 2433 2285 2479 et
2326 2422 2618 2479 dividimus
2648 2420 2963 2477 indivisum.
3001 2418 3068 2474 Et
3099 2418 3457 2488 quemadmo.

1878 2515 2009 2571 dum
2061 2514 2322 2586 possibile
2350 2523 2471 2569 erat
2491 2527 2721 2584 peccare
2747 2526 2864 2579 eos,
2891 2510 2985 2582 qui
3012 2526 3043 2565 a
3083 2508 3193 2565 Deo
3226 2518 3285 2563 ut
3317 2523 3447 2579 pars

1876 2605 1995 2673 ejus
2037 2616 2195 2659 erant
2225 2602 2508 2674 separati?
2558 2602 2638 2660 Ita
2672 2617 2804 2674 ergo
2858 2617 2926 2658 ex
2957 2608 3210 2658 creatura
3238 2600 3457 2669 quidem

1877 2698 1990 2767 ipsa
2014 2701 2199 2753 statim
2223 2707 2537 2767 separatum
2566 2705 2651 2750 est
2683 2685 2929 2750 nostrum
2963 2706 3164 2763 corpus
3183 2692 3253 2746 ab
3276 2690 3462 2745 anima

1876 2799 2087 2844 nostra.
2116 2788 2314 2844 Anima
2350 2795 2536 2843 autem
2568 2787 2813 2841 omnium
2848 2784 3163 2840 animalium
3213 2796 3333 2852 quae
3389 2780 3461 2837 ab

1876 2881 2189 2937 hominibus
2233 2880 2660 2943 manducautur,
2711 2879 2891 2934 dictus
2929 2887 3013 2933 est
3048 2876 3310 2946 sanguis,
3352 2887 3463 2929 non

1877 2986 2061 3031 tamen
2094 2974 2357 3032 hominis.
2386 2973 2497 3030 Sed
2526 2986 2648 3029 cum
2698 2973 2905 3030 diceret
2953 2972 3159 3028 homini
3195 2972 3333 3026 Deus
3357 3009 3373 3035 ,
3402 2976 3465 3024 ut

1875 3069 2025 3139 prius
2070 3067 2372 3123 elfunderet
2418 3067 2785 3138 sanguinem,
2836 3075 2894 3121 et
2940 3064 3019 3120 ita
3071 3062 3462 3125 manducaret;

1878 3160 1945 3215 de
1978 3160 2305 3216 animalibus
2330 3161 2433 3215 iste
2462 3160 2580 3229 eius
2610 3168 2733 3216 erat
2772 3171 2974 3214 sermo.
3018 3155 3101 3211 Ab
3135 3153 3290 3211 initio
3325 3167 3462 3223 ergo

1879 3261 2183 3320 creaturze,
2207 3252 2282 3308 ita
2319 3252 2515 3307 melior
2552 3260 2637 3307 est
2680 3260 2867 3306 nostra
2915 3249 3097 3304 anima
3128 3263 3159 3302 a
3209 3250 3461 3317 cerpore,

1878 3354 1934 3401 et
1967 3354 2216 3416 separata
2248 3354 2351 3401 est.
2390 3344 2460 3401 Ut
2506 3354 2700 3418 autem,
2728 3343 3013 3399 veniamus
3041 3341 3110 3397 ad
3137 3338 3254 3410 ejus
3282 3340 3464 3411 digni-

1882 3444 2070 3500 tatem,
2097 3443 2401 3491 scrutantes
2433 3447 2743 3489 scrutemur
2775 3433 2899 3503 quia
2937 3446 3168 3501 corpora
3204 3446 3308 3485 non
3334 3446 3464 3503 ger-

1882 3528 2111 3592 minant,
2152 3528 2247 3582 sed
2279 3527 2506 3581 arbores
2541 3532 2597 3581 et
2625 3523 2830 3596 plantae
2849 3532 3178 3594 acceperunt
3212 3536 3462 3592 germen,

1880 3627 1937 3675 et
1955 3625 2329 3689 augmentum,
2361 3624 2417 3672 et
2437 3630 2645 3680 escam,
2676 3623 2842 3685 quam
2885 3628 2997 3670 non
3028 3613 3303 3669 habebant
3332 3628 3464 3669 saxa

1881 3725 2000 3781 qua
2022 3723 2152 3766 vere
2197 3719 2322 3765 sunt
2373 3725 2527 3765 saxa.
2556 3707 2879 3766 Germinare
2905 3706 3050 3764 enim
3081 3714 3135 3763 et
3167 3715 3419 3763 crescere
3444 3746 3463 3774 ,

1881 3811 1936 3859 et
1985 3802 2249 3858 imbribus
2281 3802 2479 3858 nutriri
2509 3816 2615 3857 non
2670 3799 2913 3867 habent,
2962 3800 3057 3856 sed
3089 3799 3207 3855 hzec
3239 3813 3465 3871 accepe-

1884 3903 2009 3948 runt
2033 3892 2232 3964 planta
2260 3901 2316 3949 et
2338 3894 2581 3949 arbores.
2606 3891 2675 3948 Et
2699 3906 2767 3948 ne
2785 3891 2910 3963 quis
2947 3893 3214 3963 producat
3244 3900 3469 3947 centra-

1882 3985 2174 4043 dictionem
2196 4026 2213 4053 ,
2242 3986 2286 4042 si
2318 3986 2489 4057 aliqui
2532 3985 2741 4057 lapides
2783 3992 3041 4041 crescunt
3069 3985 3123 4040 in
3152 3984 3312 4051 mari,
3347 3984 3467 4040 sive

1882 4078 2063 4148 nigri,
2098 4078 2213 4133 sive
2264 4077 2414 4132 rubri
2442 4094 2458 4132 :
2486 4076 2563 4132 illi
2608 4072 2754 4131 enim
2806 4072 3005 4145 plantis
3036 4076 3208 4146 magis
3258 4074 3464 4130 similes

1880 4177 2191 4238 suntquam
2220 4167 2491 4238 lapidibus
2517 4185 2531 4222 :
2561 4167 2719 4222 incisi
2752 4166 2901 4221 enim
2927 4181 3050 4222 cum
3076 4165 3304 4232 fuerint,
3335 4176 3468 4220 tunc

1884 4258 2091 4329 lapides
2117 4256 2430 4313 eﬁiciuntur
2458 4275 2475 4314 :
2503 4258 2556 4314 in
2587 4268 2848 4329 quantum
2887 4268 3067 4313 autem
3089 4264 3236 4310 stant
3258 4263 3466 4309 natura:

1882 4351 2109 4422 legibus,
2140 4359 2197 4405 et
2232 4350 2446 4406 radices
2476 4350 2767 4417 emittunt,
2798 4360 2855 4405 et
2897 4348 3304 4421 pullulationem
3334 4360 3467 4418 ope-

1883 4452 2093 4508 rantur,
2130 4451 2184 4497 et
2218 4442 2615 4499 incrementum
2642 4442 2942 4513 accipiunt,
2977 4451 3033 4497 et
3063 4441 3229 4496 ramis
3251 4453 3466 4495 annun-

192 4530 303 4583 laas
342 4537 395 4583 et
432 4538 628 4581 terram
662 4528 731 4582 ³⁸.
776 4528 989 4585 leum
1037 4530 1181 4583 enim
1217 4544 1336 4585 cum
1388 4541 1529 4586 terra
1580 4531 1777 4597 factum
1814 4552 1857 4606 ι)
1890 4538 2023 4591 tiant
2053 4534 2391 4591 alllnitatem.
2426 4537 2569 4608 Ergo
2598 4536 2800 4609 plantis
2837 4537 2894 4591 et
2920 4534 3209 4591 arboribus
3238 4534 3339 4589 ista
3364 4533 3466 4588 ad-

193 4621 371 4687 dicit,
412 4635 522 4674 non
555 4619 718 4674 istum
761 4611 852 4691 qui
904 4619 1138 4685 videtur,
1176 4620 1271 4675 sed
1322 4622 1486 4677 alium
1533 4626 1781 4694 superio-

194 4725 334 4766 rem.
368 4708 629 4765 Secundo
657 4712 801 4765 enim
851 4711 939 4765 die
987 4710 1220 4766 elﬁcitur
1264 4712 1365 4769 iste
1412 4715 1503 4784 qui
1540 4718 1779 4785 videtur,

193 4813 250 4859 et
278 4804 605 4859 nominatur
639 4802 1055 4859 ﬁrmamentum.
1096 4804 1330 4861 Tantum
1376 4810 1518 4863 enim
1548 4811 1781 4865 honora-

190 4896 358 4951 bilior
383 4905 444 4951 et
496 4894 601 4950 iste
626 4910 654 4948 a
685 4905 827 4951 terra
867 4907 950 4951 est
974 4936 990 4961 ,
1026 4908 1285 4967 quantum
1311 4909 1368 4955 et
1410 4902 1586 4971 spatio
1616 4903 1781 4958 distat

189 4986 598 5058 superpositus.
624 4988 690 5042 Et
717 5002 824 5042 non
855 4992 978 5057 quia
1020 4999 1132 5046 toto
1174 4992 1261 5046 die
1290 4994 1574 5061 pnecessit
1631 5005 1776 5050 terra

190 5083 362 5138 istum
404 5080 502 5150 qui
533 5080 742 5135 videtur
766 5082 985 5147 coelum,
1012 5084 1122 5151 jam
1151 5091 1206 5139 et
1246 5085 1449 5141 honore
1482 5088 1656 5155 prima
1684 5104 1781 5158 pu-

192 5176 424 5230 tabitur.
454 5173 537 5228 Ita
571 5173 832 5243 ﬁguretur
877 5175 1026 5241 prius
1060 5190 1279 5246 corpus,
1307 5187 1361 5234 et
1389 5190 1510 5249 post
1545 5182 1637 5234 liat
1662 5183 1779 5236 ani-

189 5286 301 5336 ma,
334 5278 391 5321 et
421 5265 583 5321 nobis
615 5276 864 5320 servetur
888 5266 1145 5337 dignitas.
1181 5267 1381 5324 Factus
1410 5272 1575 5342 igitur
1617 5275 1780 5331 homo

187 5372 310 5427 est,
348 5359 429 5414 ita
463 5357 611 5412 enim
639 5357 880 5411 nominat
911 5355 1052 5413 Deus
1076 5358 1201 5413 dum
1237 5360 1386 5415 dicit.
1421 5360 1491 5415 Et
1534 5362 1779 5433 ﬁguravit

189 5453 332 5508 Deus
365 5452 662 5515 hominem,
697 5450 885 5505 limum
912 5469 944 5505 a
978 5460 1120 5505 terra
1142 5454 1400 5522 accipiens
1424 5454 1491 5507 ¹¹.
1542 5454 1777 5511 Necdum

186 5553 308 5601 erat
338 5553 493 5600 totus
527 5543 688 5598 homo
718 5563 734 5596 :
767 5544 860 5599 sed
894 5544 938 5599 si
974 5543 1114 5609 forte
1152 5545 1329 5616 imago
1360 5547 1614 5615 hominis,
1644 5549 1779 5604 ima—

260 5661 305 5694 δ’
345 5660 491 5716 Gen.
549 5675 608 5721 ll,
652 5658 703 5711 7.
780 5659 827 5690 ⁸⁸
873 5657 1010 5714 Gen.
1064 5676 1100 5726 i,
1152 5662 1203 5714 1.

262 5817 374 5891 (39)
408 5818 600 5885 Forte,
632 5814 996 5881 Variﬁcatum.
1023 5828 1073 5874 ut
1103 5835 1261 5890 supra
1295 5821 1396 5879 cui.
1440 5821 1567 5881 1151
1607 5822 1669 5877 Β.

1886 4629 2110 4695 duntur,
2146 4630 2270 4699 quia
2304 4628 2505 4684 habent
2548 4638 2609 4684 ut
2637 4627 2982 4700 germinent,
3019 4636 3078 4681 ut
3125 4624 3467 4695 procedant,

1889 4732 1948 4775 ut
1985 4730 2281 4786 crescant,
2332 4729 2393 4774 ut
2441 4731 2755 4791 pascantur.
2789 4717 3128 4775 Animalibus
3176 4726 3356 4780 autem
3412 4716 3471 4771 id

1886 4815 2031 4871 inest
2048 4815 2195 4885 quod
2226 4815 2389 4877 inest,
2416 4813 2517 4869 hoc
2544 4824 2629 4870 est
2666 4824 2725 4869 ut
2773 4822 3081 4879 nascantur,
3112 4821 3165 4866 et
3190 4820 3465 4876 crescant,

1884 4918 1937 4965 et
1966 4920 2279 4980 pascantur.
2313 4908 2506 4964 Juncta
2533 4918 2711 4963 autem
2738 4908 2933 4963 iisdem
2958 4916 3043 4962 est
3076 4914 3128 4959 et
3162 4904 3465 4975 proprieta-

1887 5005 1957 5058 tis
1983 5001 2405 5059 additamentum
2427 5001 2774 5058 sensibilitas.
2796 4999 2894 5056 Est
2912 5009 3089 5054 autem
3117 4999 3219 5053 hoc
3244 4997 3299 5052 in
3330 4996 3469 5067 lapi-

1888 5091 2043 5148 dibus
2087 5101 2145 5147 ut
2171 5096 2299 5159 sint,
2331 5093 2424 5147 sed
2457 5108 2560 5146 non
2600 5092 2741 5146 inest
2778 5092 2858 5146 eis
2886 5098 2947 5145 ut
2978 5097 3250 5155 crescant,
3285 5096 3340 5142 et
3370 5086 3469 5142 ad-

1889 5185 2185 5240 ditamenta
2220 5194 2459 5250 sumant,
2490 5185 2631 5253 quod
2656 5192 2737 5239 est
2769 5183 2821 5237 in
2845 5181 3169 5237 animalibus
3192 5179 3463 5235 omnibus.

1886 5274 2019 5332 Esse
2052 5284 2232 5331 autem
2270 5277 2413 5331 inest
2434 5277 2583 5331 saxis
2612 5286 2670 5331 et
2717 5285 2913 5331 terrae:
2951 5275 3256 5345 germinare
3278 5280 3459 5325 autem

1886 5375 1942 5421 et
1973 5380 2244 5432 crescere,
2282 5376 2339 5422 et
2368 5369 2577 5439 augeri,
2618 5368 2760 5437 quod
2787 5377 2907 5421 erat
2943 5366 3219 5428 arborum,
3255 5378 3357 5417 non
3381 5370 3468 5417 est

1884 5457 1939 5512 in
1968 5458 2069 5514 eis.
2104 5458 2546 5515 Additamentum
2582 5470 2762 5514 autem
2803 5471 2992 5513 eorum
3019 5465 3325 5527 separatum
3382 5463 3468 5508 est

1890 5549 2225 5605 sensibilitas
2250 5590 2266 5617 ,
2291 5560 2476 5621 utpote
2522 5565 2643 5608 uua
2675 5551 2729 5607 in
2757 5549 3082 5607 animalibus
3121 5546 3367 5604 habetur.
3407 5544 3470 5601 ln

1282 5661 1326 5694 "
1357 5661 1493 5717 Gen.
1522 5677 1582 5729 Ii,
1612 5661 1663 5717 7.
1741 5664 1785 5696 "
1812 5662 1943 5720 ibid.
2022 5664 2068 5697 ⁸³
2098 5665 2228 5721 ibid.

1964 5821 2079 5894 (40)
2108 5821 2172 5878 Et
2204 5823 2341 5893 jam.
2383 5821 2465 5878 An
2501 5821 2707 5878 etiam?
