4048 6322
647 379 786 438 H39

1315 377 1402 438 Εἰ]
1412 379 1582 435 8ΕΒΙΙ
1615 378 2090 438 ειεελιηεκδιῑ
2125 379 2204 437 0P

2317 379 2496 437 PARS
2534 379 2621 436 Π.
2659 411 2728 423 -
2766 377 3192 439 DOGHATICA.

3739 380 3867 439 μω

647 495 806 552 nobis
852 501 1026 550 autem
1071 495 1250 548 omnia
1295 511 1416 565 quae
1461 498 1714 568 predleta
1746 507 1871 554 sunt
1915 499 2201 554 habentur.
2234 499 2279 556 Α
2307 495 2546 566 perﬂua;
2581 500 2675 553 sed
2702 507 2907 554 tantum
2927 497 3108 553 anima
3141 512 3371 568 corpore
3401 496 3600 554 fortior
3626 499 3867 568 estquia

647 586 900 642 Additum
952 593 1130 640 autem
1164 587 1318 641 nobis
1348 597 1432 642 est
1470 589 1612 657 quod
1660 598 1903 644 nostrum
1951 597 2035 644 est
2079 604 2204 659 pro-

652 677 847 745 prium.
872 685 927 730 et
944 677 1087 747 quod
1114 677 1266 732 nobis
1299 680 1547 745 provenit
1572 719 1588 744 ,
1633 690 1692 734 ut
1719 681 1965 734 deorsum
1988 681 2202 748 quidem

650 770 946 826 habeamus
973 769 1152 823 omnia
1184 783 1302 838 quae
1327 769 1523 825 habent
1549 785 1613 825 ea
1638 785 1758 840 qua:
1787 771 1889 824 sub
1922 785 2019 826 nos
2039 782 2200 835 sunt;

648 860 984 914 extrinsecus
1003 870 1175 914 autem
1200 869 1443 915 nostrum
1487 863 1628 931 quod
1661 873 1744 916 est
1775 861 2050 932 proprium
2074 902 2090 928 ,
2133 864 2206 919 sit

649 952 704 1005 in
741 950 894 1005 nobis
922 950 1184 1020 cogitatus
1230 958 1284 1003 et
1315 966 1530 1006 sensus.
1571 950 1768 1006 lterum
1819 967 1881 1007 ea
1917 967 2036 1022 qua
2085 962 2205 1023 post

647 1054 748 1096 nos
774 1049 930 1104 sunt,
970 1040 1149 1093 statim
1191 1040 1579 1099 irrationabilia
1609 1040 1862 1096 animalia
1905 1043 2139 1113 cogitatu
2171 1058 2200 1097 a

648 1133 802 1188 nobis
833 1132 1209 1200 relinquuutur
1235 1142 1290 1187 et
1330 1146 1514 1187 sensu.
1550 1130 1761 1188 Habent
1792 1141 1972 1188 autem
2000 1136 2198 1201 omnia.

645 1237 978 1295 quacunque
1006 1225 1223 1291 habent,
1255 1226 1485 1278 minora.
1505 1223 1614 1278 Illis
1635 1227 1776 1279 enim
1805 1235 1860 1280 et
1883 1227 2024 1294 quod
2047 1243 2200 1283 suum

647 1322 732 1370 est
769 1315 948 1380 inest,
984 1317 1316 1372 sensibilitas
1367 1317 1592 1372 scilicet.
1623 1315 1819 1371 lterum
1872 1317 2092 1373 arbores
2149 1327 2205 1374 et

645 1403 842 1473 planta
870 1406 1245 1474 relinquuntur
1287 1407 1499 1476 quidem
1532 1421 1562 1461 a
1607 1408 1841 1478 cogitatu
1874 1417 2081 1472 nostro,
2117 1423 2202 1464 re.-

645 1493 960 1564 linquuntur
1005 1507 1181 1550 autem
1212 1505 1267 1550 et
1296 1511 1328 1550 a
1356 1497 1712 1552 sensibilitate
1737 1498 2066 1553 animalium.
2096 1498 2201 1553 Ha-

644 1585 775 1641 bent
818 1595 992 1642 autem
1038 1602 1134 1642 sua
1192 1589 1577 1658 proprietatem
1627 1588 1908 1644 adversum
1965 1605 2096 1645 saxa
2147 1601 2202 1647 et

646 1684 869 1738 terram,
908 1676 1354 1745 germinatiouem
1397 1678 1611 1733 scilicet
1632 1689 1685 1734 et
1721 1687 2064 1750 augmentum
2094 1719 2110 1744 ,
2145 1689 2200 1734 et

644 1766 1076 1828 craseibilitatcm
1118 1779 1173 1824 et
1206 1784 1408 1826 eseam.
1452 1771 1562 1829 Fc:
1600 1783 1801 1836 autem,
1839 1781 1893 1827 et
1931 1788 2050 1842 qua:
2100 1789 2197 1842 pu-

2302 596 2359 642 et
2403 590 2616 658 corpori
2661 604 2948 646 mensuras
2997 590 3063 645 ad
3114 590 3343 647 salutem
3377 592 3548 662 ponit.
3588 592 3656 646 Et
3701 593 3871 659 primo

2303 677 2520 745 quidem
2551 680 2789 734 ostendit
2811 695 2932 750 quae
2958 680 3151 738 debeat
3171 697 3405 748 sumere,
3431 692 3484 738 et
3514 698 3546 738 a
3588 684 3794 754 quibus
3817 698 3873 740 se

2304 767 2601 830 abstinere,
2628 775 2684 822 et
2703 783 2764 823 ea
2786 784 2905 838 qua
2928 770 3072 826 licita
3095 780 3225 826 aunt
3253 773 3608 835 manducare,
3631 775 3871 844 quando,

2302 870 2357 917 et
2391 870 2648 933 quantum
2676 901 2693 925 ,
2716 870 2771 916 et
2795 861 2995 931 quibus
3040 861 3190 916 boris
3214 901 3230 926 ,
3259 873 3317 917 et
3360 861 3489 931 quid
3517 861 3726 917 debeat
3753 873 3874 918 ante

2303 967 2482 1010 eseam
2514 953 2728 1023 operari
2759 994 2776 1018 ,
2824 963 2880 1007 et
2927 952 3382 1022 quemadmodum
3420 953 3629 1008 moveri
3665 953 3874 1010 deside-

2301 1042 2439 1097 rium
2462 1057 2729 1105 escarum,
2750 1053 2807 1097 et
2844 1043 3293 1112 quemadmodum
3328 1058 3554 1099 servare
3573 1059 3763 1100 escam
3788 1045 3866 1100 iu-

2303 1148 2538 1205 gressatn
2557 1177 2571 1194 .
2601 1143 2656 1189 et
2678 1135 2948 1203 quomodo
2981 1135 3208 1190 reticere
3235 1144 3590 1203 operamenta
3620 1153 3636 1188 :
3669 1145 3734 1190 ut
3771 1151 3871 1190 aea

2301 1239 2367 1279 ea
2408 1223 2705 1278 abundanti
2755 1224 2991 1278 motione
3022 1223 3264 1279 confusio
3292 1223 3383 1278 ﬂat
3410 1223 3530 1290 ejus
3553 1223 3646 1290 qui
3680 1227 3870 1294 pascit.

2301 1314 2369 1370 Et
2418 1315 2677 1384 potuisset
2716 1315 2901 1385 utique
2939 1329 3138 1385 corpus
3181 1316 3453 1385 corrumpi
3503 1315 3612 1370 nisi
3657 1317 3875 1371 adesset

2301 1408 2503 1473 anima,
2535 1409 2854 1478 permittens
2891 1417 3155 1476 quantum
3194 1407 3448 1471 deberet,
3477 1415 3535 1461 et
3582 1395 3880 1462 continens
3933 1408 3946 1418 ‘

2300 1502 2559 1564 quantum
2589 1504 2884 1566 oporteret,
2915 1507 2972 1550 et
2995 1509 3312 1551 mensuram
3335 1503 3390 1551 et
3431 1495 3797 1565 permiscens,
3818 1504 3872 1553 et

2298 1587 2548 1642 ttatlbus
2596 1570 2942 1656 aenietipsam
2992 1586 3313 1649 extendens,
3351 1594 3407 1639 et
3459 1586 3664 1640 iterum
3726 1584 3875 1641 colli-

2299 1692 2429 1747 gens
2464 1692 2570 1732 non
2605 1676 2976 1745 magnitudine
2999 1676 3122 1730 dico
3147 1715 3161 1742 ,
3182 1677 3275 1729 sed
3305 1676 3602 1731 mensuris.
3646 1675 3874 1744 Quaties

2300 1769 2446 1824 enim
2480 1769 2736 1824 irascitur
2757 1782 2956 1837 corpus
2976 1768 3101 1837 quia
3127 1767 3383 1821 derelicta
3418 1777 3502 1822 est
3530 1782 3661 1822 esca
3711 1783 3870 1837 qua

646 1867 829 1914 tantur
869 1858 1180 1924 fortissima,
1227 1870 1414 1932 petrae,
1462 1863 1706 1932 inquam,
1757 1874 1812 1918 et
1840 1840 1995 1920 terra:
2024 1905 2041 1928 .
2095 1840 2199 1918 boc
2230 1840 2271 1894 Β
2301 1858 2530 1912 libenter
2561 1857 2825 1920 sumebat,
2868 1864 2921 1910 et
2951 1855 3142 1910 iterum
3179 1855 3416 1920 volebat,
3451 1866 3503 1910 et
3540 1871 3650 1910 non
3681 1856 3874 1926 perosi.

645 1950 819 2023 ipsum
843 1958 966 2006 sunt
987 1965 1216 2020 corpus;
1243 1968 1348 2008 non
1371 1953 1756 2024 producuntur,
1774 1970 1876 2008 non
1912 1962 2196 2010 crescunt:

644 2041 692 2100 si
715 2041 858 2101 enim
889 2051 942 2097 et
969 2053 1238 2106 crescunt,
1263 2045 1332 2097 ita
1360 2057 1608 2099 crescunt
1635 2054 1691 2099 ut
1725 2059 1823 2100 nec
1850 2045 2052 2100 sciatur
2074 2044 2200 2114 quia

645 2141 915 2193 crescunt.
944 2130 1036 2188 His
1062 2133 1132 2188 ita
1160 2149 1189 2188 a
1221 2135 1467 2190 deorsum
1493 2149 1662 2203 usque
1688 2150 1922 2203 sursum,
1941 2146 1995 2192 et
2034 2151 2063 2190 a
2087 2151 2202 2191 sur-

644 2238 765 2282 sum
816 2237 983 2294 usque
1015 2225 1262 2280 deorsum
1319 2227 1584 2294 separatis
1611 2266 1626 2291 ,
1670 2240 2025 2295 agnoscamus
2074 2226 2199 2296 quia

645 2326 746 2370 nos
768 2316 980 2384 quidem
1012 2331 1196 2371 sumus
1233 2317 1287 2370 in
1321 2331 1605 2372 commune
1627 2357 1640 2380 .
1672 2318 1814 2371 sicut
1858 2328 1913 2372 et
1949 2327 2090 2372 terra
2147 2327 2204 2372 et

645 2405 846 2476 lapides
876 2409 1317 2464 :coextsndimur
1363 2417 1541 2464 autem
1575 2417 1630 2464 et
1661 2409 1860 2479 plantis
1906 2419 1963 2462 et
1991 2409 2199 2465 arbori-

645 2500 766 2559 bus.
801 2499 1070 2556 Habemus
1108 2501 1250 2555 enim
1294 2510 1354 2556 ut
1397 2509 1450 2556 et
1485 2516 1769 2556 nascamur
1797 2509 1853 2556 et
1893 2516 2200 2558 crescamus

647 2599 706 2644 et
750 2604 1055 2660 paseamur.
1086 2589 1538 2649 Transcendimus
1563 2602 1739 2647 autem
1773 2601 1826 2646 et
1855 2591 2200 2647 irrationabi-

642 2681 716 2741 lia
748 2682 998 2737 animalia
1043 2698 1164 2738 eum
1195 2682 1569 2738 sensibilitate.
1618 2682 1969 2738 Transilimus
2033 2681 2195 2737 etiam

642 2783 698 2829 et
726 2774 792 2827 ab
821 2773 906 2828 bis
936 2790 952 2830 :
988 2773 1248 2829 habentes
1282 2773 1422 2844 quod
1465 2782 1549 2829 est
1582 2774 1928 2843 pracipuum,
1960 2775 2197 2828 rationa-

641 2862 769 2922 bilis
792 2863 988 2938 quippe
1014 2864 1135 2919 vita
1166 2865 1476 2934 cogitatum.
1507 2863 1649 2922 Nihil
1685 2874 1861 2919 autem
1893 2863 2198 2932 praescribi-

641 2962 733 3009 tur
754 2967 785 3008 a
811 2955 1182 3010 communibus
1203 2995 1218 3018 ,
1248 2963 1305 3009 ut
1342 2963 1489 3024 puta,
1521 2955 1567 3009 si
1602 2955 1724 3024 quis
1767 2955 1994 3010 voluerit
2019 2953 2196 3009 homi-

643 3061 766 3102 nem
815 3046 1043 3115 aliquem
1081 3061 1334 3117 separare
1371 3050 1438 3101 ab
1471 3047 1644 3102 altero
1672 3086 1688 3111 ,
1732 3061 1834 3100 non
1863 3046 2020 3100 debet
2049 3047 2195 3102 dice-

644 3151 746 3193 re:
777 3137 869 3192 Ille
901 3138 992 3206 qui
1031 3138 1165 3192 duos
1189 3137 1374 3192 oculos
1402 3137 1564 3192 habet
1587 3147 1680 3191 aut
1705 3138 1838 3191 duas
1867 3151 2058 3202 aures;
2103 3153 2195 3192 ne—
2225 3171 2268 3230 ς

644 3243 749 3304 que
781 3229 870 3282 illa
901 3243 1020 3298 qua
1064 3229 1117 3283 in
1149 3243 1430 3283 commune
1459 3238 1585 3283 sunt
1626 3238 1678 3282 et
1722 3230 1844 3283 aliis
1869 3269 1884 3292 .
1930 3231 2024 3284 sed
2057 3229 2197 3284 illius

644 3317 878 3372 hominis
917 3319 1057 3388 quod
1095 3329 1177 3372 est
1206 3321 1531 3389 praecipuum
1567 3320 1633 3373 ad
1669 3321 2017 3387 agnitionem.
2067 3319 2200 3376 Esse

642 3409 788 3464 enim
816 3423 920 3463 non
951 3409 1104 3464 nobis
1131 3410 1258 3465 solis
1283 3419 1365 3464 est
1389 3449 1404 3473 ,
1455 3420 1510 3463 et
1547 3411 1850 3478 germinare
1878 3425 1980 3463 non
2021 3411 2074 3463 in
2101 3424 2200 3463 no-

642 3498 732 3554 bis
757 3509 838 3553 est
887 3506 1093 3552 tantum
1121 3538 1136 3562 ,
1169 3509 1223 3554 et
1275 3500 1601 3554 manducare
1648 3515 1752 3554 non
1793 3500 2071 3554 hominum
2112 3514 2201 3555 so-

642 3584 937 3650 lummodo,
982 3595 1036 3639 et
1064 3601 1312 3643 crescere
1338 3601 1442 3643 non
1474 3599 1719 3643 nostrum
1746 3599 1830 3644 est
1866 3598 2098 3655 tantum,
2145 3599 2201 3644 et

645 3674 1095 3731 sensibilitatibus
1135 3676 1210 3729 uti
1258 3691 1363 3730 non
1418 3685 1660 3730 nostrum
1711 3685 1794 3731 est
1843 3674 2049 3741 solum;
2103 3675 2200 3730 sed

647 3767 864 3839 quando
896 3782 991 3821 nos
1023 3776 1078 3822 et
1107 3766 1216 3831 ubi,
1253 3767 1308 3824 in
1337 3781 1606 3830 sermone,
1641 3765 1693 3821 in
1733 3767 1995 3835 cogitatu,
2023 3766 2074 3819 in
2106 3779 2197 3818 ra-

643 3856 888 3911 tionabili
918 3857 1024 3909 vita
1050 3896 1068 3924 ,
1120 3857 1221 3912 hoc
1251 3856 1411 3916 homo
1438 3865 1541 3917 est,
1594 3857 1708 3910 hac
1733 3856 1911 3925 imago
1932 3895 1946 3920 ,
1975 3857 2076 3911 hoc
2119 3862 2202 3910 est

647 3947 943 4006 secundum
974 3946 1264 4018 imaginem
1287 3987 1304 4011 ,
1343 3947 1446 4002 hoc
1472 3957 1556 4001 est
1603 3947 1894 4016 pretiosum
1924 3985 1940 4010 ,
1973 3947 2078 4000 hoc
2109 3947 2205 4000 im-

648 4037 888 4111 periale,
915 4038 1019 4093 hoc
1042 4049 1125 4094 est
1156 4039 1296 4108 quod
1343 4046 1488 4094 tenet
1530 4051 1626 4102 per
1665 4037 1921 4091 animam.
1950 4035 2053 4092 Per
2095 4038 2206 4091 haec

649 4130 961 4200 agnoscitur
1012 4141 1065 4187 et
1114 4131 1385 4202 pudicitiae
1441 4131 1718 4186 honestas.
1771 4129 1838 4184 Et
1884 4139 2028 4185 certe
2079 4145 2207 4188 caro

646 4223 946 4280 contrarias
977 4223 1216 4293 suggerit
1265 4222 1534 4277 motiones
1571 4241 1586 4276 :
1625 4230 1818 4291 utpote
1864 4221 2208 4276 irrationabi-

653 4312 784 4375 lium
815 4313 882 4367 ad
926 4313 1441 4369 eommunleatinncs
1497 4329 1512 4366 :
1562 4312 1655 4368 sed
1705 4311 1898 4366 anima:
1949 4314 2209 4382 cogitatus

649 4402 952 4473 gubernans
984 4403 1255 4460 motiones
1283 4401 1847 4471 concupiscentiarum
1867 4441 1882 4463 ,
1923 4411 1978 4456 et
2004 4404 2208 4472 asperi-

2301 1949 2371 2003 sit
2398 1948 2592 2001 anima:
2622 1947 2888 2016 eugitatus
2913 1947 2937 1999 τ
2975 1946 3195 2012 Quoties
3229 1961 3455 2000 accensa
3483 1957 3573 2001 est
3600 1948 3865 2017 concupi-

2301 2037 2530 2100 scentia,
2554 2047 2608 2093 et
2633 2037 2799 2091 voluit
2825 2051 2944 2093 esse
2981 2052 3075 2091 sua
3110 2036 3311 2100 aliena,
3334 2047 3388 2092 et
3418 2053 3654 2093 accensa
3681 2050 3791 2102 est,
3818 2047 3874 2094 et

2302 2129 2432 2182 arsit
2464 2127 2730 2182 ﬂammai
2773 2129 2867 2184 sed
2913 2142 3104 2185 sensus
3135 2143 3324 2186 rorans
3364 2130 3632 2185 exstinxit
3681 2133 3872 2186 motio-

2302 2236 2446 2283 nem.
2471 2229 2525 2276 et
2550 2222 2841 2276 marcidam
2876 2220 3144 2276 ﬂammam
3186 2219 3387 2285 eﬂ'eelt,
3413 2233 3468 2278 et
3493 2223 3740 2279 ostendit
3778 2225 3873 2278 bo-

2302 2313 2432 2366 mini
2478 2314 2688 2368 ratione
2733 2314 2860 2384 quia
2893 2315 3057 2369 homo
3088 2322 3193 2379 est,
3239 2323 3295 2369 et
3341 2329 3450 2369 non
3488 2314 3872 2369 irrationabile

2301 2418 2482 2473 pecus.
2506 2400 2624 2458 Non
2644 2418 2830 2459 sumus
2851 2405 2996 2461 inter
3015 2421 3207 2475 greges
3233 2405 3298 2460 ad
3323 2407 3871 2468 communicationes,

2301 2494 2394 2549 sed
2421 2493 2622 2562 nuptiae
2646 2494 2788 2562 apud
2834 2510 2951 2559 nos,
2989 2507 3043 2550 et
3077 2496 3128 2550 in
3152 2493 3402 2550 domibus
3429 2535 3447 2559 ,
3477 2508 3532 2550 et
3575 2496 3871 2550 successio-

2302 2598 2398 2639 nes
2418 2594 2473 2640 et
2493 2587 2838 2656 cognationes
2859 2586 3145 2641 habentur.
3169 2585 3541 2656 Cumpatimur
3560 2587 3714 2641 enim
3739 2586 3870 2641 alter

2305 2677 2483 2740 alteri,
2517 2687 2572 2730 et
2598 2677 3020 2748 congaudemus.
3061 2675 3340 2746 Cogitatus
3367 2679 3511 2732 enim
3566 2679 3870 2746 conjungil.

2300 2780 2354 2822 et
2383 2779 2648 2839 separatae
2674 2770 2872 2836 nuptis:
2900 2769 3038 2838 apud
3067 2785 3166 2824 nos
3208 2779 3356 2824 sunt.
3402 2770 3696 2838 Separavit
3725 2773 3867 2826 enim

2301 2858 2405 2914 hoc
2430 2859 2572 2914 ratio
2601 2872 2794 2914 sensus
2821 2877 2834 2913 :
2865 2868 2922 2914 et
2951 2860 3092 2928 quod
3127 2866 3210 2914 est
3231 2859 3570 2926 admirabile,
3601 2875 3728 2931 qua
3765 2875 3869 2916 non

2299 2957 2386 3004 est
2421 2949 2540 3004 visa
2570 2948 2621 3004 ei
2667 2951 2759 3019 qui
2801 2964 2908 3004 non
2953 2959 3040 3004 est
3067 2949 3215 3005 visus
3238 2987 3254 3014 ,
3283 2959 3375 3004 aut
3403 2949 3531 3005 alibi
3568 2951 3773 3006 nutrita
3819 2951 3868 3006 ei

2315 3041 2406 3110 qui
2439 3040 2562 3096 alibi
2587 3049 2670 3096 est
2691 3041 2973 3106 educatus,
3005 3041 3186 3096 subito
3216 3040 3410 3095 tradita
3443 3041 3740 3109 conjuncta
3788 3053 3868 3096 est

2303 3133 2516 3188 ratione
2544 3141 2599 3185 et
2647 3145 2808 3186 sensu
2841 3140 2894 3186 et
2943 3131 3201 3200 cogitatu,
3230 3139 3287 3185 et
3334 3130 3749 3200 pmbonoratus
3788 3143 3869 3186 est

2301 3225 2394 3295 qui
2442 3223 2652 3294 accepit
2697 3233 2752 3278 et
2787 3225 2927 3292 patri
2977 3223 3215 3288 dilecto,
3262 3232 3315 3277 et
3378 3223 3536 3278 matri
3572 3224 3786 3287 amicat,
3812 3233 3867 3278 et

2300 3316 2449 3370 omni
2493 3313 2825 3383 eognationi.
2869 3312 2986 3370 Non
3039 3313 3183 3368 enim
3231 3313 3362 3367 mihi
3397 3327 3541 3367 nunc
3576 3313 3866 3369 inducatur

2301 3420 2486 3460 eorum
2534 3404 2627 3474 qui
2654 3404 2959 3460 adulterant
2999 3419 3279 3459 nummum
3324 3404 3479 3473 (il):
3518 3406 3649 3473 quia
3685 3421 3792 3460 nec
3835 3422 3866 3461 a

2301 3496 2458 3552 caecis
2478 3494 2794 3566 agnoscitur
2827 3493 2969 3549 oculi
3016 3494 3207 3560 virtus,
3234 3509 3409 3565 neque
3437 3510 3466 3548 a
3490 3496 3702 3551 claudis
3751 3512 3867 3551 am-

2301 3586 2508 3641 bulatio
2539 3595 2682 3641 recta
2711 3625 2726 3650 ,
2781 3599 2954 3654 neque
2985 3586 3053 3640 ab
3083 3585 3349 3640 adulteris
3379 3588 3584 3640 nummi
3616 3588 3869 3658 ﬁguratio

2300 3690 2448 3730 vers.
2479 3674 2585 3728 Sed
2617 3675 2817 3744 nuptiae
2845 3676 2954 3729 sint
2974 3675 3192 3744 neptim,
3217 3691 3336 3744 quae
3362 3677 3612 3732 terminis
3642 3679 3871 3734 rationis

2303 3782 2332 3820 a
2383 3765 2617 3834 cogitatu
2678 3777 2809 3818 sunt
2847 3765 3143 3820 honoratae.
3176 3765 3292 3822 Duo
3336 3767 3480 3822 enim
3515 3768 3869 3833 iiuntunum,

2305 3857 2430 3926 quia
2457 3872 2522 3910 ex
2551 3870 2660 3910 uno
2687 3854 2812 3910 facti
2845 3863 2973 3910 sunt
3005 3857 3074 3912 ab
3097 3856 3252 3911 inltio
3277 3857 3405 3912 duo.
3432 3857 3500 3911 Et
3519 3860 3649 3928 quis
3672 3861 3872 3928 poterit

2306 3947 2565 4002 exhibere
2587 3961 2774 4002 eorum
2804 3947 2896 4016 qui
2917 3947 3198 4003 salvantur
3227 3947 3476 4019 ﬁguram,
3501 3949 3869 4019 pulchritudi-

2307 4053 2429 4094 nem
2459 4079 2474 4104 ,
2523 4039 2959 4110 speciositatem,
3006 4040 3205 4111 quibus
3254 4043 3512 4100 tristities
3563 4045 3872 4104 consolatio

2295 4140 2390 4186 .est
2417 4132 2442 4184 ‘i
2468 4132 2774 4200 partiuntur
2799 4133 2964 4196 enim,
2989 4142 3043 4187 et
3079 4133 3397 4189 alterutrum
3428 4149 3595 4190 onera
3633 4148 3868 4206 portant,

2307 4231 2362 4275 et
2385 4221 2520 4277 alius
2555 4237 2652 4291 pro
2684 4223 2788 4278 alio
2809 4223 3073 4280 sollicitus
3102 4233 3208 4287 est,
3253 4237 3316 4280 ut
3357 4241 3461 4280 non
3492 4228 3870 4285 tristeturnec

2309 4314 2506 4380 doleat,
2549 4330 2636 4379 ne,
2670 4315 2716 4368 si
2761 4330 2867 4370 non
2898 4316 3080 4370 videat
3114 4317 3344 4383 tristem,
3373 4319 3568 4374 iterum
3605 4323 3867 4379 tristetur.

2313 4393 2419 4461 A'ut
2444 4407 2586 4462 enim
2611 4406 2875 4476 ﬁguratur
2896 4409 3191 4477 tristitiam,
3223 4420 3316 4464 aut
3340 4411 3510 4480 pellit.
3526 4413 3665 4467 Cum
3693 4425 3869 4469 autem

649 4503 813 4548 tatem
868 4493 1147 4547 libidinum
1205 4506 1433 4563 regens,
1478 4493 1722 4546 ostendit
1766 4491 1891 4560 quia
1946 4492 2122 4551 anima
2173 4508 2202 4546 a
2235 4504 2278 4560 ι)
2313 4500 2603 4554 incurrerit
2649 4499 2862 4570 aliquod
2908 4501 3163 4571 gaudium
3210 4511 3304 4556 aut
3347 4503 3629 4570 latitiam,
3669 4506 3873 4562 videbis

651 4598 874 4653 corpore
903 4593 1150 4652 separata
1181 4593 1284 4640 est.
1309 4582 1367 4637 Si
1397 4581 1540 4636 enim
1570 4596 1766 4652 corpus
1805 4582 2073 4648 turbatur,
2099 4599 2203 4639 mo-

652 4688 828 4740 vetur,
863 4672 1151 4728 ﬂuctuatur
1193 4688 1224 4726 a
1273 4672 1724 4741 concupiscentiis
1749 4712 1766 4738 ,
1801 4673 1978 4727 anima
2027 4685 2204 4729 autem

652 4767 913 4835 gubernat
945 4781 959 4818 :
989 4779 1182 4834 corpus
1215 4764 1451 4836 exsultat
1481 4766 1622 4819 escis
1650 4806 1666 4832 ,
1696 4765 1876 4820 anima
1907 4775 2083 4822 autem
2117 4783 2208 4823 eoo

651 4857 820 4927 gitatu
855 4857 1091 4911 refrenat
1123 4871 1319 4925 corpus
1353 4874 1366 4910 :
1398 4870 1592 4926 corpus
1619 4857 1823 4928 expetit
1849 4872 2033 4914 escam
2054 4877 2069 4926 ;
2094 4875 2211 4915 eva-

653 4960 845 5003 cuatur
869 4950 1035 5014 enim,
1069 4959 1121 5003 et
1166 4949 1279 5002 vult
1311 4950 1504 5009 iterum
1538 4951 1810 5020 adimpleri
1843 4970 1855 5005 :
1892 4953 2073 5013 anima
2117 4970 2211 5009 au-

654 5049 761 5093 tem
785 5042 883 5094 sub
912 5056 1006 5108 spe
1052 5041 1418 5111 religiositatis
1449 5043 1644 5096 retinct
1689 5044 2014 5102 desiderium
2049 5063 2063 5100 :
2092 5062 2212 5100 cor—

659 5145 759 5199 pus
782 5131 935 5195 sitit;
961 5133 1137 5192 anima
1189 5143 1469 5195 mensurat
1504 5137 1644 5200 quod
1678 5136 1725 5188 ei
1762 5145 1844 5192 est
1873 5138 2001 5192 utile
2039 5157 2051 5192 :
2091 5154 2212 5193 cor-

662 5237 759 5290 pus
784 5231 960 5276 movet
996 5223 1210 5287 ﬂuctus,
1235 5224 1412 5282 anima
1443 5236 1621 5278 autem
1656 5226 2100 5296 tranquillitatem
2131 5232 2216 5283 ad~

661 5314 826 5373 ducit.
858 5312 1064 5382 Corpus
1090 5315 1200 5368 sola
1225 5329 1342 5382 quae
1371 5325 1496 5374 sunt
1530 5318 1744 5383 quaerit,
1772 5325 1824 5370 et
1850 5333 1956 5372 non
1983 5334 2100 5388 qua:
2121 5335 2213 5373 sua

660 5415 786 5465 sunt
811 5414 1034 5462 tantum,
1057 5407 1150 5459 sed
1185 5416 1239 5458 et
1268 5421 1427 5472 supra
1457 5421 1518 5459 ea
1549 5423 1665 5475 qua:
1697 5424 1791 5460 sua
1815 5419 1958 5464 sunt.
1991 5410 2046 5463 Si
2071 5412 2214 5464 enim

663 5511 770 5555 non
831 5498 1040 5554 adesset
1095 5498 1270 5550 anima
1323 5513 1679 5562 mensurans,
1733 5509 1913 5568 posset
1965 5502 2220 5556 aviditate

658 5603 901 5642 escarum
916 5604 1109 5655 corpus
1133 5590 1422 5659 corrumpi,
1447 5601 1498 5643 et
1521 5606 1548 5643 a
1584 5594 1855 5659 potatione
1879 5607 2099 5669 crepare
2123 5611 2212 5651 su-

731 5766 842 5835 (il)
870 5764 965 5820 Ms.
997 5771 1078 5837 qui
1106 5771 1400 5822 adulteram
1443 5786 1701 5828 nummus.

2311 4589 2413 4643 ista
2443 4589 2702 4658 duplicia.
2733 4590 2886 4646 Sicut
2917 4593 3060 4648 enim
3091 4595 3493 4662 compatiuntur
3521 4595 3628 4651 sibi
3659 4596 3714 4651 in
3739 4597 3872 4652 mul-

2312 4682 2382 4737 tis
2403 4723 2418 4747 ,
2450 4668 2522 4735 ita
2556 4689 2610 4736 et
2640 4681 2989 4739 collaetantur.
3026 4682 3305 4754 Cogitatus
3352 4685 3534 4756 itaque
3557 4688 3727 4743 etiam
3761 4687 3869 4744 for-

2314 4773 2524 4829 tissima
2560 4773 2715 4829 nobis
2745 4775 2994 4829 animalia
3021 4776 3266 4846 subjecit.
3284 4777 3707 4846 Comprehendit
3732 4783 3872 4838 enim

2312 4873 2369 4920 et
2391 4864 2620 4930 velocia,
2656 4873 2710 4918 et
2744 4870 2898 4921 tarda
2928 4867 3134 4922 domuit
3164 4877 3218 4921 et
3245 4869 3495 4936 subjecit.
3528 4869 3874 4929 Descendens

2315 4965 2494 5010 autem
2533 4955 2586 5009 in
2610 4970 2783 5021 mare,
2810 4959 3114 5011 necessaria
3141 4959 3296 5014 nobis
3334 4961 3400 5014 ad
3433 4976 3589 5015 usum
3641 4964 3827 5019 eduxit
3855 4981 3871 5028 ;

2316 5054 2371 5101 et
2404 5049 2472 5101 ad
2520 5061 2702 5102 aerem
2752 5049 3068 5116 perveniens
3095 5087 3110 5113 ,
3143 5051 3264 5105 inde
3297 5066 3359 5106 ea
3389 5066 3507 5120 quae
3535 5052 3784 5109 videmus
3825 5065 3876 5111 et

2320 5139 2708 5192 manducamus
2739 5139 3005 5210 deposuit.
3039 5141 3315 5212 Decerpsit
3345 5145 3506 5197 etiam
3553 5145 3625 5199 ab
3671 5147 3875 5202 arbori-

2316 5231 2417 5284 bus
2439 5241 2494 5284 ct
2518 5229 2734 5299 plantis,
2763 5239 2817 5285 et
2835 5247 2864 5287 a
2884 5241 3024 5287 terra
3041 5243 3094 5288 et
3120 5234 3186 5288 ab
3213 5235 3536 5292 animalibus
3553 5240 3873 5304 necessaria,

2322 5332 2378 5375 et
2405 5324 2634 5391 partitus
2655 5334 2759 5389 est,
2780 5333 2833 5378 et
2856 5327 3032 5379 omnia
3053 5326 3207 5381 nobis
3230 5329 3298 5381 ob
3316 5345 3479 5382 unam
3505 5344 3700 5385 sensus
3714 5335 3874 5385 ratio-

2324 5429 2445 5468 nem
2465 5417 2691 5484 paravit.
2711 5416 2920 5472 Nullum
2943 5420 3086 5473 enim
3115 5422 3310 5474 animal
3339 5421 3412 5475 ita
3428 5432 3510 5476 est
3527 5422 3684 5486 forte,
3713 5432 3771 5476 ut
3792 5439 3877 5477 co-

2330 5507 2520 5573 gitatui
2563 5510 2633 5561 sit
2660 5509 2886 5564 fortior:
2921 5511 3187 5581 siquidem
3237 5527 3549 5583 necpenna
3584 5515 3712 5569 buic
3739 5517 3876 5569 velo—

2328 5598 2442 5653 cior
2489 5599 2757 5660 invenitur
2787 5620 2800 5658 :
2833 5603 2931 5660 sed
2980 5615 3181 5673 quanta
3217 5608 3361 5661 carni
3400 5617 3597 5662 nostra:
3638 5610 3705 5664 ob
3738 5608 3878 5664 iniirv
