4048 6322
245 361 388 425 Qui

248 573 454 629 virtuts
481 587 675 629 sensus
699 582 753 629 et
781 573 1070 641 cogitatus.
1102 572 1216 628 Non
1241 582 1423 644 potest
1464 577 1647 631 nostra
1676 577 1821 647 sspi-

253 667 396 722 ratio
419 666 709 735 plurimum
741 666 984 722 contueri
1025 667 1078 721 in
1128 667 1288 721 mari.
1321 666 1459 734 Quid
1489 668 1665 737 ergo?
1695 684 1823 724 num

250 757 465 827 aufugit
485 772 584 812 nos
612 771 763 818 mare
788 757 810 811 i
857 754 1045 812 Nonne
1070 756 1120 811 ei
1155 756 1272 827 (a2)
1299 758 1468 813 maris
1500 757 1824 830 profundum

255 849 526 918 cogitatus
573 847 821 913 invenit,
849 857 910 904 ut
964 864 1107 905 nunc
1138 850 1355 921 quidem
1394 848 1548 905 funes
1598 851 1652 906 in
1688 850 1823 906 mari

261 943 577 1012 deponeret,
613 958 756 998 nunc
788 943 924 998 retia
950 946 1303 1013 expanderet,
1333 944 1439 1000 alio
1462 953 1640 1001 autem
1685 955 1823 1000 tem-

253 1046 390 1102 pore
434 1032 541 1086 alia
592 1032 1024 1089 machinamenta
1064 1034 1423 1092 immitteret?
1473 1034 1737 1104 siquidem
1770 1043 1827 1089 et

249 1136 355 1195 per
379 1137 580 1179 cannas
631 1125 699 1179 ad
730 1124 1057 1195 profundum
1106 1126 1399 1196 pervenit,
1447 1135 1504 1182 et
1551 1141 1649 1197 per
1678 1133 1824 1181 setas

250 1221 530 1283 operatur.
576 1210 697 1269 1am
732 1222 909 1269 autem
939 1223 996 1269 et
1024 1217 1352 1282 margaritas
1378 1224 1630 1272 scrutatis
1674 1216 1825 1270 inve-

249 1306 357 1372 nit,
380 1316 434 1362 et
466 1306 751 1375 spirationi
798 1316 999 1361 nostra
1025 1296 1274 1377 deposuit
1304 1307 1577 1365 antatium.
1607 1307 1674 1361 Et
1710 1306 1823 1375 pri-

246 1410 349 1451 mo
374 1397 614 1467 quidem,
642 1397 914 1467 quomodo
950 1398 1215 1455 intellexit
1237 1414 1300 1455 ea
1340 1415 1457 1470 qua:
1482 1400 1533 1455 in
1558 1398 1824 1469 profundo

244 1487 421 1541 maris
449 1497 576 1541 sunt
607 1488 782 1557 posita
803 1488 828 1542 2
849 1496 904 1543 et
926 1488 1049 1544 dein
1074 1492 1345 1559 quomodo
1374 1492 1540 1561 erepit
1567 1492 1704 1562 (43),
1729 1500 1826 1545 aut
1872 1540 1877 1544 .

247 1577 473 1645 agnovit
501 1593 657 1633 nsum
689 1593 899 1645 eorum,
933 1592 992 1636 ut
1020 1582 1266 1653 quaedam
1298 1584 1514 1654 quidem
1542 1593 1824 1655 separaret

246 1669 323 1723 ad
345 1684 549 1735 escam,
580 1672 826 1740 quadam
856 1683 1036 1729 autem
1087 1678 1405 1732 reconderet
1439 1677 1504 1732 ad
1531 1676 1819 1741 medelam,

250 1759 363 1813 alia
390 1760 613 1831 eligeret
640 1763 707 1817 ad
747 1773 994 1819 ornatum
1020 1767 1045 1819 Ἰ
1084 1767 1297 1822 Invenit
1344 1778 1523 1823 autem
1552 1777 1607 1823 et
1635 1769 1738 1823 iter
1766 1768 1822 1823 in

1460 364 1552 420 DE
1589 360 2056 422 lNCORPOBALl
2092 360 2334 417 ΔΝΙΙΔ.

246 480 498 539 nitatem
550 478 741 537 deesse
775 479 1048 545 videntur,
1088 480 1204 537 litae
1250 480 1476 537 fortiora
1517 482 1822 539 eiliciuntur
1850 486 1897 545 Α
1925 483 2075 539 dives
2099 481 2193 552 qui
2221 478 2429 537 creavit
2446 478 2610 543 Deus,
2628 484 2685 532 et
2708 476 2797 546 qni
2827 475 3019 544 dignus
3047 483 3131 530 est
3152 472 3366 529 habitus
3386 488 3514 552 sen-
3608 550 3611 551 ν

3373 356 3516 415 ηις

1930 588 2023 629 sus
2067 572 2161 627 tali
2200 569 2418 635 divitia,
2479 576 2539 623 ut
2580 568 2695 623 hinc
2737 565 2917 622 omnia
2968 571 3323 620 scrutaretur.
3373 562 3519 618 Vidit

1930 664 2074 719 enim
2106 661 2373 733 cogitatus
2402 660 2456 715 in
2485 657 2677 714 sabulo
2693 657 2913 712 vitrum.
2943 650 3157 709 Intuere
3182 666 3314 722 ergo
3340 666 3519 723 quan-

1933 763 2045 809 tum
2075 754 2243 811 distat
2272 752 2542 822 cegitatus
2569 763 2603 804 a
2633 762 2883 820 corpore.
2921 746 3063 815 Quid
3094 745 3238 802 videt
3272 745 3464 801 oculus
3491 741 3520 801 ἲ

1928 844 2176 903 sabulum
2206 860 2223 899 :
2254 843 2383 915 quid
2404 842 2550 898 videt
2566 856 2760 897 sensus
2780 839 3045 894 ‘i'vitrum.
3075 834 3517 907 intuerisalinm

1929 945 1984 991 et
2012 935 2175 990 alium
2208 951 2223 989 :
2250 932 2341 990 ille
2379 935 2523 990 enim
2549 931 2697 987 videt
2726 928 2999 994 sabulum,
3021 927 3124 984 iste
3158 937 3337 982 autem
3367 926 3518 982 videt

1930 1029 2153 1092 vitrum,
2187 1026 2329 1097 quod
2357 1026 2721 1093 necdum,est.
2759 1020 2901 1091 Ergo
2942 1035 3049 1076 non
3089 1018 3282 1076 oculus
3315 1015 3513 1088 corpo-
3578 1068 3584 1072 .

1931 1116 2059 1172 ralis
2086 1117 2346 1179 intuetur,
2378 1114 2469 1185 qui
2498 1128 2597 1169 nec
2620 1112 2768 1168 videt
2793 1111 2893 1165 nisi
2916 1107 3154 1165 adfuerit
3176 1108 3378 1163 anima.
3404 1104 3517 1165 Sed

1929 1218 1986 1265 et
2013 1222 2137 1263 cum
2165 1206 2379 1262 videtur
2409 1203 2614 1269 videre,
2626 1202 2783 1259 aliter
2800 1201 2942 1257 videt
2982 1214 3180 1271 corpus
3209 1206 3266 1254 et
3290 1196 3515 1256 oculus:

1928 1308 1984 1353 et
2018 1305 2168 1365 certe
2202 1296 2383 1352 anima
2407 1293 2554 1349 videt
2602 1308 2699 1363 per
2735 1308 2861 1347 eum
2888 1308 2909 1345 τ
2943 1290 3102 1347 aliter
3138 1290 3383 1346 intuetur
3420 1303 3519 1346 co-

1930 1392 2185 1462 gitatum
2221 1388 2534 1456 semetipso.
2576 1383 2693 1441 Non
2727 1383 2864 1439 vidit
2900 1397 3099 1453 corpus
3135 1390 3514 1446 ammentum,

1931 1497 2035 1537 non
2057 1479 2190 1537 vidit
2217 1494 2415 1550 corpus
2438 1480 2639 1534 ferrum
2656 1515 2675 1541 ,
2703 1475 2810 1533 sed
2826 1472 2963 1546 lapis
3000 1481 3123 1529 erat
3148 1482 3202 1529 et
3223 1482 3389 1529 terra.
3409 1472 3515 1528 Co-

1929 1575 2128 1646 gitatus
2169 1580 2349 1627 autem
2385 1568 2573 1626 videns
2608 1583 2731 1639 qua
2753 1580 2859 1622 non
2888 1564 3517 1631 videbantnrmstimans

1929 1667 2058 1738 quid
2098 1664 2340 1721 facturus
2366 1670 2511 1719 esset
2538 1661 2701 1733 ignis,
2715 1660 2761 1717 si
2784 1657 3161 1716 confabulatus
3191 1666 3351 1712 terra:
3380 1654 3519 1711 fuis-

1929 1767 2013 1814 set
2044 1757 2147 1812 iste
2172 1755 2308 1826 (μ),
2332 1770 2436 1809 non
2465 1764 2644 1808 tamen
2672 1751 2863 1816 omni;
2885 1756 2938 1805 et
2980 1747 3055 1803 illi
3093 1745 3278 1817 lapidi,
3322 1754 3377 1801 et
3411 1760 3518 1801 non

246 1853 415 1907 mari.
443 1854 727 1924 Accipiens
760 1856 906 1911 enim
938 1872 969 1913 e
1002 1868 1143 1913 terra
1191 1860 1444 1926 arbores,
1471 1858 1717 1913 vehicula
1768 1859 1823 1913 in
1856 1842 1904 1897 Β
1928 1848 2097 1906 omni.
2130 1847 2390 1915 Querens
2417 1845 2561 1900 enim
2601 1851 2954 1899 atramentum
2985 1850 3185 1905 terram
3215 1839 3520 1908 accepit.“

247 1942 505 2000 dorsibus
530 1955 792 2015 operatus
818 1958 901 2001 est
930 1949 1118 2004 maris.
1152 1948 1433 2005 Generans
1481 1950 1625 2005 enim
1676 1959 1823 2005 artes

246 2042 348 2086 aut
380 2032 682 2103 suscipiens
706 2074 721 2098 ,
753 2036 819 2089 ad
852 2052 916 2091 ea
950 2050 1083 2093 usus
1114 2050 1195 2092 est
1217 2053 1336 2107 quae
1374 2040 1603 2108 accepit,
1642 2049 1699 2095 et
1748 2050 1826 2095 te-

247 2134 430 2177 statur
472 2134 721 2180 creatura
764 2128 1026 2195 sapientis
1048 2144 1143 2198 per
1176 2130 1355 2184 omnia
1384 2129 1502 2184 Dei.
1532 2130 1825 2201 Accipiens

244 2215 399 2270 enim
445 2230 637 2285 aquam
662 2226 716 2271 et
747 2218 923 2287 ignem
950 2228 1005 2274 et
1038 2229 1239 2275 terram
1278 2230 1333 2276 et
1364 2236 1544 2277 aerem
1574 2232 1629 2277 et
1661 2224 1826 2280 arbo-

248 2320 345 2361 res
393 2314 449 2362 et
493 2323 643 2362 mare
692 2318 747 2363 et
777 2309 955 2367 fontes
978 2321 1034 2366 et
1067 2321 1277 2368 montes
1300 2321 1353 2368 et
1390 2329 1614 2384 campos
1635 2356 1650 2381 ,
1688 2316 1825 2371 nihil

247 2398 445 2453 horum
486 2398 561 2453 ita
587 2412 644 2455 ut
668 2402 875 2472 accepit
900 2403 1133 2459 otiosum
1179 2419 1302 2460 esse
1341 2407 1609 2475 permisit.
1652 2408 1823 2463 Coac-

244 2499 471 2557 eeperat
502 2492 645 2546 enim
678 2492 941 2548 virtutem
985 2498 1253 2565 cogitatus
1302 2506 1359 2551 et
1408 2499 1709 2568 sapientiae.
1758 2500 1826 2555 Et

249 2580 377 2635 ideo
402 2582 754 2639 considerans
783 2601 845 2641 ea
880 2601 1001 2655 qua:
1030 2588 1229 2643 inidem
1262 2600 1421 2645 erant
1444 2592 1655 2647 occulta
1678 2635 1693 2659 ,
1724 2593 1823 2648 ba-

247 2673 371 2727 buit
398 2690 641 2741 sensum,
669 2686 729 2731 ut
748 2677 796 2732 ei
834 2678 1113 2734 adveniret
1136 2688 1191 2735 et
1223 2693 1542 2750 operaretur
1563 2695 1617 2739 et
1644 2695 1825 2740 utere-

250 2773 363 2817 tur.
397 2764 621 2837 Accepit
652 2770 797 2825 enim
824 2771 1033 2843 ignem,
1068 2784 1124 2830 et
1156 2776 1364 2831 invenit
1389 2778 1646 2835 solatium
1675 2789 1827 2836 tene-

249 2854 371 2911 bris
391 2866 444 2913 et
463 2860 637 2915 noctis
666 2862 929 2918 obscurat.
959 2864 1170 2922 invenit
1198 2868 1470 2938 quomodo
1514 2886 1582 2926 ex
1628 2871 1823 2942 lapidi-

250 2948 357 3003 bus
388 2948 616 3006 edicitur
646 2952 848 3010 ferrum
883 2974 896 3010 :
936 2956 1139 3013 invenit
1185 2960 1454 3028 quomodo
1497 2973 1641 3019 esset
1684 2979 1823 3019 aera-

255 3049 496 3096 mentum
524 3052 741 3101 eterra.
768 3045 975 3103 invenit
1006 3055 1278 3120 quomodo
1304 3067 1498 3108 aurum
1543 3066 1822 3126 purgatur,

252 3133 522 3235 quomodo
588 3150 871 3235 argentum
925 3141 1160 3208 colatur,
1206 3146 1487 3235 quomodo
1545 3148 1898 3235 plumbumc

251 3220 519 3279 conﬂatur
548 3236 604 3281 et
654 3230 873 3296 ferrum,
905 3241 960 3287 et
986 3234 1254 3302 quomodo
1278 3250 1346 3291 ex
1397 3238 1482 3292 his
1512 3253 1639 3293 vasa
1684 3238 1825 3310 figu-

252 3323 464 3380 rantur,
500 3327 556 3371 et
600 3332 849 3375 vasorum
903 3322 1141 3381 varietas
1165 3364 1180 3389 ,
1223 3337 1279 3382 et
1318 3342 1436 3399 qua
1481 3329 1550 3383 ad
1581 3330 1824 3399 tutelam,

253 3418 378 3472 quae
402 3406 467 3459 ad
496 3409 783 3476 medelam,
831 3428 951 3482 quae
999 3416 1066 3470 ad
1094 3420 1465 3487 operationem
1496 3429 1675 3489 terrae,
1706 3440 1828 3493 quae

253 3498 327 3548 ad
358 3500 774 3571 navigationem,
812 3520 931 3574 quas
975 3508 1042 3562 ad
1076 3519 1299 3577 terram,
1324 3527 1442 3582 qua
1466 3515 1535 3569 ad
1566 3516 1825 3583 lapidem,

252 3601 377 3654 quae
406 3590 473 3642 ad
526 3590 688 3660 ligna,
730 3610 848 3664 qua:
888 3597 953 3651 ad
1000 3613 1195 3667 aquam
1245 3613 1372 3656 sunt
1421 3606 1746 3671 necessaria,
1773 3616 1828 3661 et

250 3694 377 3747 qua:
410 3685 660 3738 materies
691 3687 861 3757 magis
902 3692 1170 3758 quomodo
1193 3693 1473 3762 conﬂatur,
1497 3706 1551 3751 et
1577 3699 1707 3767 quid
1736 3700 1829 3754 de-

247 3768 379 3860 beat
409 3772 675 3860 accipere,
708 3786 761 3829 et
800 3781 1068 3845 quomodo
1104 3794 1353 3851 oporteat
1400 3778 1680 3843 coefiicere
1712 3791 1824 3860 spi-

250 3857 415 3911 ritum
447 3857 671 3918 ilammae
694 3880 758 3919 ex
792 3866 914 3935 igne
946 3885 961 3922 :
996 3879 1144 3926 tanta
1175 3884 1302 3928 sunt
1324 3875 1485 3941 bona,
1519 3878 1697 3933 lumen
1726 3857 1826 3935 no-

245 3948 445 4016 ctibus,
480 3953 683 4008 medela
706 3961 1107 4029 aegrotantibus,
1146 3978 1553 4033 operamentutn
1594 3970 1824 4037 artibus,

246 4051 308 4093 et
337 4044 583 4112 agricolis
614 4051 973 4117 pugnantibus
992 4053 1296 4123 tuitionem,
1320 4058 1558 4127 paciﬁcis
1584 4063 1825 4118 tutelam.

248 4128 451 4186 lterum
473 4146 649 4191 autem
672 4143 965 4197 secundum
988 4148 1403 4217 unumquodque
1419 4164 1826 4218 operamentnm

246 4230 309 4275 et
356 4237 467 4287 vas,
506 4238 702 4294 quanta
744 4232 883 4300 ignis
925 4244 1177 4301 operatur
1216 4239 1645 4297 consideremus.
1676 4242 1829 4299 Fecit

248 4327 463 4379 aurum,
487 4328 542 4371 et
570 4335 635 4374 ex
663 4337 796 4377 auro
834 4329 1021 4393 tanta;
1051 4341 1330 4399 argentum
1352 4372 1367 4399 ,
1401 4342 1456 4387 et
1490 4350 1556 4388 ex
1603 4346 1827 4405 argento

249 4415 363 4458 tam
411 4408 617 4472 multa;
656 4423 710 4465 et
746 4428 1120 4485 ammentum,
1156 4429 1211 4474 et
1258 4437 1324 4476 ex
1383 4424 1499 4491 ipso
1530 4425 1582 4480 in
1639 4428 1828 4496 primis

1926 1954 2174 2010 quaerens
2210 1938 2413 1993 ferrum
2456 1936 2687 2007 lapidem
2736 1933 3006 2004 sumpsit;
3036 1940 3091 1988 et
3134 1946 3239 1986 non
3289 1930 3516 1999 erravit,

1926 2032 2021 2088 sed
2053 2031 2275 2101 agnovit
2310 2029 2364 2083 in
2394 2035 2657 2098 quantum
2687 2025 2911 2081 deberet
2949 2023 3058 2095 igni
3093 2022 3424 2093 permittere.
3458 2021 3517 2076 Si

1926 2121 2069 2177 enim
2101 2119 2380 2175 transierit
2410 2132 2718 2173 mensuram
2744 2131 2774 2171 a
2799 2116 2908 2171 Deo
2939 2124 3237 2184 acceptam,
3269 2114 3406 2185 ignis
3422 2114 3518 2184 qui

1925 2219 2118 2283 purgat
2148 2212 2443 2268 consumit.
2473 2211 2555 2263 Ita
2591 2208 2646 2263 in
2678 2205 2984 2263 istiusmodi
3013 2206 3258 2262 materiis
3291 2206 3519 2263 immisit

1927 2302 2196 2371 cogitatus
2222 2310 2381 2355 suam
2412 2299 2855 2363 admirationem,
2889 2297 2944 2351 in
2986 2296 3132 2352 vasis
3162 2310 3315 2351 suam
3339 2296 3520 2352 varie—

1925 2398 2113 2455 tatem,
2137 2376 2189 2444 in
2211 2388 2614 2457 operationibus
2635 2403 2789 2443 suam
2814 2388 3089 2451 virtutem,
3120 2386 3172 2439 in
3195 2400 3521 2456 operamen-

1929 2482 1996 2536 tis
2020 2496 2170 2536 suam
2197 2480 2544 2550 sapientiam.
2579 2480 2882 2535 Procreans
2913 2478 3056 2534 enim
3099 2477 3294 2532 artium
3327 2485 3519 2547 gentos

1926 2584 1981 2628 et
2006 2572 2410 2642 disciplinarum
2434 2571 2689 2643 populos,
2723 2582 2779 2626 et
2824 2572 3075 2627 nationes
3110 2580 3165 2626 et
3207 2584 3430 2642 genera.
3463 2578 3521 2627 et

1926 2679 2187 2735 separans
2215 2664 2319 2718 alia
2357 2664 2538 2728 aliter,
2582 2670 2638 2719 et
2658 2664 2710 2717 in
2740 2663 2845 2718 alio
2873 2678 3037 2733 opere
3076 2663 3235 2718 aliter
3260 2669 3521 2732 operatus

1926 2766 2012 2811 est
2031 2757 2323 2827 unicuique
2348 2766 2696 2829 operamenta
2721 2765 2992 2826 separata,
3015 2765 3069 2813 et
3098 2757 3368 2827 suggessit
3396 2770 3515 2812 ma-

1927 2849 2128 2915 terias;
2172 2857 2228 2903 et
2263 2848 2407 2903 illam
2434 2848 2653 2918 quidem
2682 2848 2863 2919 posuit
2889 2863 3042 2915 auro,
3064 2847 3226 2902 aliam
3246 2849 3521 2919 separavit

1926 2964 1994 3018 ad
2023 2976 2331 3033 argentum,
2351 2964 2581 3020 alteram
2615 2966 2680 3020 ad
2708 2975 3085 3031 atramentum,
3113 2974 3168 3022 et
3192 2966 3310 3024 alia
3331 2974 3517 3022 osten-

1928 3054 2010 3109 dit
2037 3052 2264 3120 ferrum,
2294 3056 2411 3109 aliae
2436 3057 2826 3113 demonstravit
2848 3056 3120 3124 sabulum,
3147 3066 3202 3113 et
3231 3072 3299 3113 ex
3325 3056 3517 3114 sabulo

1927 3144 2164 3201 fructum
2198 3147 2343 3202 vitri.
2378 3148 2514 3203 Alia:
2537 3150 2689 3204 dedit
2718 3149 2962 3205 invenire
2989 3158 3233 3203 naturam
3258 3150 3518 3204 arborum

1929 3246 1982 3290 et
2003 3237 2373 3306 operationem
2394 3249 2447 3294 et
2475 3254 2631 3296 usum
2664 3248 2721 3295 et
2752 3249 3013 3310 tempora.
3039 3238 3170 3294 Aliae
3197 3237 3405 3294 fructus
3424 3252 3520 3293 eo-

1930 3340 2071 3393 rum,
2094 3325 2217 3382 aliae
2238 3327 2503 3383 culturam
2535 3344 2748 3399 eorum,
2784 3329 2905 3384 aliae
2957 3329 3388 3387 adinventionem
3421 3343 3518 3384 eo-

1930 3433 2073 3483 rum,
2104 3418 2225 3475 alite
2250 3421 2513 3475 medelam
2542 3436 2610 3476 ex
2636 3422 2786 3492 ipsis,
2805 3431 2859 3477 et
2886 3421 2985 3491 ipsi
3021 3421 3303 3477 medicinae
3330 3430 3517 3477 nostra

1928 3523 2155 3579 corpora
2179 3509 2342 3580 :quid
2375 3512 2598 3568 deberet
2621 3512 2930 3577 amburere,
2958 3513 3086 3584 quid
3113 3523 3391 3582 oporteret
3412 3527 3514 3569 co-

1929 3616 2117 3671 quere,
2142 3617 2264 3657 cum
2292 3617 2400 3673 quo
2431 3603 2650 3659 deberet
2678 3604 2938 3672 miscere;
2961 3604 3087 3674 quid
3109 3602 3331 3659 deberet
3357 3617 3519 3675 sepa-

1929 3694 2091 3748 ratim
2149 3694 2369 3762 offerre,
2401 3695 2531 3768 quid
2576 3698 2894 3752 conveniret
2923 3713 3047 3752 cum
3086 3695 3358 3767 plurimis,
3384 3693 3518 3767 quid

1930 3786 2178 3851 crudum,
2212 3787 2339 3856 quid
2371 3787 2756 3857 incipientibus
2785 3786 2989 3844 morbis
3016 3796 3071 3843 et
3122 3787 3197 3843 illi
3248 3787 3515 3859 passioni,

1930 3879 2057 3947 quid
2083 3887 2260 3932 autem
2284 3884 2619 3951 promoventi
2652 3892 2706 3935 et
2735 3879 2845 3952 jam
2876 3878 3054 3951 posito
3087 3880 3141 3935 in
3180 3880 3515 3946 cessatione,

1928 3969 2056 4038 quid
2085 3970 2247 4024 etiam
2299 3971 2352 4025 in
2386 3973 2671 4031 insistendi
2701 3973 2876 4039 initio,
2905 3973 3034 4043 quid
3063 3987 3194 4028 vero
3234 3971 3515 4039 reddenti,

1929 4069 1984 4113 et
2016 4061 2289 4127 credenti,
2320 4072 2374 4117 et
2405 4064 2697 4118 recedenti.
2728 4062 2846 4119 Non
2880 4065 3127 4134 despexit
3162 4078 3262 4120 nec
3298 4064 3515 4120 anima-

1930 4151 2057 4204 lium
2086 4150 2315 4215 ﬁ-uctns,
2337 4155 2428 4208 sed
2463 4156 2691 4211 totondit
2708 4156 2859 4209 nobis
2875 4155 3188 4210 indumenta
3211 4169 3278 4210 ex
3300 4154 3515 4223 ovibus,

1931 4241 2163 4297 totondit
2194 4254 2249 4297 et
2279 4258 2309 4298 e
2340 4244 2520 4312 capris
2550 4245 2811 4314 plurimos
2837 4260 2985 4300 usus.
3015 4244 3083 4299 Et
3120 4260 3224 4299 non
3251 4255 3336 4301 est
3365 4244 3517 4302 dinu-

1929 4348 2141 4389 merare
2170 4346 2367 4404 quanta
2394 4351 2461 4391 ex
2497 4336 2821 4392 animalibus
2849 4346 2905 4392 et
2933 4335 3206 4391 alimoniis
3238 4335 3397 4392 nobis
3418 4335 3515 4395 de-

1929 4427 2071 4483 derit
2097 4428 2162 4481 ad
2188 4429 2548 4496 operimenta,
2576 4430 2641 4482 ad
2681 4444 2855 4492 usum,
2894 4429 2961 4483 ad
2984 4429 3359 4492 medelam,ad
3383 4442 3516 4499 ope-

246 4497 575 4591 necessaria;
600 4510 653 4553 et
682 4508 1098 4575 unumquodque
1128 4512 1267 4578 quod
1305 4513 1537 4568 colatum
1571 4525 1665 4570 aut
1692 4533 1824 4572 con-
1852 4511 1903 4570 D
1930 4533 1987 4571 ra
2018 4534 2033 4571 :
2062 4530 2265 4587 quanta
2304 4535 2368 4574 ex
2394 4521 2697 4585 arboribus,
2718 4530 2917 4590 quanta
2946 4535 2976 4574 e
3018 4521 3180 4582 saxis,
3209 4530 3410 4591 quanta
3443 4535 3513 4577 ex

246 4585 433 4644 ﬂatum
475 4599 575 4657 est,
627 4598 802 4665 primo
849 4601 1062 4669 quidem
1106 4604 1383 4662 inventum
1417 4620 1521 4676 est,
1554 4610 1675 4667 dein
1707 4615 1819 4669 dis-

246 4690 494 4749 cretum,
546 4696 751 4757 etpost
799 4692 1122 4758 confectum,
1175 4707 1227 4751 et
1267 4700 1339 4752 ita
1394 4716 1568 4757 usum.
1628 4704 1822 4759 Didicit

246 4773 393 4827 enim
425 4777 686 4847 cogitatus
711 4783 905 4849 quibus
952 4789 1190 4853 pascitur
1237 4791 1411 4859 ignis:
1447 4803 1501 4846 et
1537 4804 1685 4850 certe
1719 4797 1818 4849 ali-

243 4864 458 4933 quoties
492 4864 646 4921 oﬂ‘ert
677 4870 815 4941 ligna
839 4876 904 4927 ad
927 4878 1219 4943 coctiones,
1243 4880 1529 4951 aliquoties
1550 4896 1731 4940 autem
1764 4897 1821 4941 ut

245 4968 484 5025 maneat,
519 4972 572 5014 et
602 4978 695 5027 per
733 4979 889 5033 quem
940 4967 1084 5039 ligna
1127 4984 1519 5029 consumuntur
1569 4992 1822 5045 perman-

245 5048 401 5112 serit,
435 5065 531 5118 per
566 5052 723 5105 istum
756 5070 971 5110 sensum
1009 5063 1206 5114 nutrita
1254 5076 1574 5133 arguuntur.
1604 5068 1658 5120 ln
1699 5079 1817 5121 tan-

246 5148 361 5192 tum
390 5140 532 5199 enim
568 5142 717 5196 dives
748 5155 829 5198 est
854 5149 944 5213 qui
971 5150 1181 5215 tribuit,
1208 5162 1261 5207 et
1292 5163 1496 5208 tantum
1520 5158 1718 5213 ditatus
1737 5172 1821 5214 est

241 5230 337 5300 qni
366 5234 599 5301 suscepit
623 5253 636 5299 ;
666 5236 811 5303 quia,
842 5238 883 5289 si
919 5240 1241 5299 voluerimus
1260 5248 1604 5315 contendere,
1624 5261 1677 5303 et
1705 5262 1820 5305 tan-

247 5332 358 5373 tum
404 5336 471 5377 ex
496 5324 725 5392 Opiiiciis
755 5326 930 5396 ignem
968 5344 1257 5400 exponere,
1299 5345 1353 5389 et
1389 5337 1537 5391 utilia
1586 5357 1704 5408 qua:
1749 5359 1813 5395 ex

246 5411 369 5481 igne
404 5424 529 5468 sunt
559 5418 922 5484 manifestare,
969 5426 1195 5479 transiet
1238 5443 1341 5482 nox
1378 5429 1660 5497 conjuncta
1692 5434 1816 5498 diei,

240 5510 303 5557 et
328 5506 620 5562 manebunt
648 5509 784 5580 ignis
814 5512 979 5569 solius
1012 5529 1117 5573 non
1153 5517 1332 5589 plena.
1376 5521 1613 5593 Apparet
1639 5533 1817 5579 autem

314 5723 429 5796 (42)
462 5724 548 5796 ξε.
588 5726 768 5792 Forte,
799 5740 864 5784 et.

314 5792 427 5871 (ιδ)
457 5794 640 5866 Capit.
677 5798 857 5870 Forte,
898 5803 1049 5873 cepit.

1930 4609 2105 4680 aquis,
2147 4619 2344 4681 quanta
2387 4628 2454 4668 ex
2488 4615 2793 4668 natantibus
2826 4622 2881 4667 et
2922 4612 3231 4669 volantibus
3258 4651 3275 4680 ,
3304 4621 3514 4682 quanta

1928 4717 1995 4757 ex
2020 4716 2154 4755 auro
2180 4712 2234 4757 et
2274 4714 2517 4773 argento,
2552 4716 2605 4758 et
2652 4705 2831 4775 lignis,
2864 4716 2918 4760 et
2958 4704 3247 4775 lapidibus,
3283 4714 3337 4761 et
3375 4720 3513 4761 :era-

1930 4801 2130 4857 mento,
2158 4805 2212 4848 et
2242 4794 2406 4859 ferro,
2432 4806 2485 4850 et
2518 4796 2754 4863 plumbo,
2784 4806 2839 4852 et
2868 4812 2987 4867 quae
3043 4798 3405 4854 amburuntur
3455 4805 3514 4853 et

1931 4894 2035 4933 non
2065 4882 2441 4950 amburuntur,
2472 4896 2525 4939 et
2558 4896 2930 4952 attenuentur,
2960 4897 3013 4943 et
3040 4898 3422 4944 contexnntur.
3445 4889 3517 4945 Et

1931 4972 2061 5026 mihi
2090 4974 2303 5040 quidem
2333 4974 2546 5029 videtur
2579 4979 2845 5047 cogitatus
2872 4980 2944 5033 ita
2971 4994 3092 5035 esse
3117 4980 3258 5035 sicut
3278 4981 3362 5035 vir
3389 4980 3511 5051 qui-

1926 5066 2051 5117 dam
2086 5067 2254 5129 dives,
2280 5084 2373 5122 sua
2398 5071 2621 5137 cupiens
2648 5072 3006 5134 dinumerare,
3032 5083 3085 5127 et
3110 5075 3340 5127 scrutari
3367 5091 3378 5138 ;
3401 5088 3509 5129 non

1928 5156 2145 5221 suilicit,
2175 5158 2267 5212 sed
2318 5159 2387 5213 ob
2422 5162 2817 5215 multitudinem
2849 5164 3253 5231 possessionum
3280 5174 3335 5218 et
3382 5166 3509 5219 Sub-

1929 5251 2161 5315 stantiae,
2193 5267 2367 5321 neque
2421 5256 2724 5309 rationibus
2773 5265 2867 5308 ant
2907 5256 3155 5310 sensibus
3185 5271 3378 5310 vacare
3408 5272 3509 5327 po-

1927 5352 2065 5406 tens,
2090 5346 2183 5398 sed
2201 5356 2483 5412 superatus
2516 5348 2581 5400 ab
2602 5348 2683 5401 bis
2705 5362 2822 5416 qua:
2840 5349 3023 5411 habet,
3043 5357 3221 5401 manet
3240 5349 3507 5405 incertus.

1927 5434 2059 5488 Tale
2086 5438 2267 5495 nescio
2284 5439 2410 5505 quid
2430 5450 2483 5491 et
2505 5456 2645 5493 nunc
2669 5454 2857 5509 passus
2879 5450 2959 5494 est
2987 5442 3278 5511 cOgitatus.
3305 5439 3513 5498 Similis

1928 5526 2072 5579 enim
2103 5536 2186 5581 est
2214 5528 2261 5582 ei
2295 5530 2384 5599 qui
2420 5530 2613 5585 ﬂuctus
2650 5534 2975 5589 dinumerat.
3012 5533 3068 5587 in
3098 5548 3163 5589 eo
3208 5533 3351 5588 enim
3382 5536 3511 5591 dum

1925 5746 2279 5875 “996.15%
2314 5754 2496 5822 Forte,
2528 5758 2633 5812 isti.
2657 5789 2681 5801 -
2712 5790 2724 5799 -
2748 5758 3147 5828 Confabulatus.
3190 5758 3311 5815 Vid.
3357 5774 3505 5833 supr.
