4048 6322
632 361 767 416 ΙΝΞ

1272 359 1356 413 EL’
1369 357 1538 411 SHB”
1576 356 1771 411 C/ESA
1784 356 2052 412 RIENSIS
2093 356 2191 432 ρΡΙ

2293 355 2461 411 PARS
2502 355 2586 408 iV.
2629 385 2698 398 —
2740 354 3158 411 DOGMATICA.

3738 357 3855 409 iiii

629 486 874 537 volumus
927 483 1308 552 proprietatem
1355 481 1472 547 ejus
1525 480 1575 532 in
1619 481 1726 549 igni
1767 481 1983 545 videre,
2016 495 2197 534 exsur-
2226 486 2272 542 Α
2301 494 2367 532 ex
2398 480 2550 532 bonis
2587 478 2864 546 angustari
2893 476 3006 549 (ιδ)
3041 491 3137 530 nos
3179 490 3285 529 non
3317 475 3516 544 pigeat,
3551 475 3646 529 sed
3670 487 3867 544 quanto

629 575 767 626 rexit
789 589 851 625 ex
883 585 1028 625 mare
1056 571 1158 623 alia
1197 571 1361 628 unda.
1393 580 1446 624 et
1476 567 1613 620 alius
1643 578 1851 623 meatus
1880 583 1909 621 a
1952 566 2191 632 ﬂumine,

627 676 682 717 et
705 678 735 716 a
765 662 1016 725 fontibus,
1049 673 1104 716 et
1135 663 1200 714 ab
1230 660 1331 714 illis
1363 660 1723 730 irrigationes,
1751 672 1802 712 et
1849 674 1977 714 usus
2002 674 2066 713 ex
2103 675 2193 712 ar-

627 754 868 816 boribus,
902 770 932 805 a
985 753 1269 816 fructibus,
1319 768 1348 805 a
1403 754 1699 816 radicibus,
1735 768 1763 805 a
1798 751 1957 811 foliis,
1991 751 2060 804 ab
2110 751 2194 805 bis

626 861 745 913 qua:
771 861 799 898 a
853 845 985 902 foris
1009 856 1061 899 et
1087 847 1154 899 ab
1191 845 1334 900 intus
1361 844 1650 908 habemur,
1685 855 1739 897 et
1781 843 1833 896 in
1874 842 2194 897 animalibus

627 950 744 1004 qua
773 951 800 989 a
827 936 958 992 foris
982 945 1035 991 et
1060 936 1126 989 ab
1153 936 1298 989 intus
1317 944 1461 997 sunt,
1481 945 1534 990 et
1556 935 1719 1004 pelles
1740 934 1807 988 ad
1827 932 1988 987 alium
2013 947 2190 997 usum,

627 1038 678 1082 et
697 1041 816 1083 ossa
844 1028 909 1080 ad
923 1027 1142 1081 alteram
1165 1028 1558 1082 necessitatem.
1576 1025 1642 1080 Et
1665 1039 1731 1079 ne
1753 1026 1964 1095 quidem
1982 1035 2194 1080 stercus

627 1119 814 1174 inutile
847 1119 1072 1182 exstitit,
1109 1118 1438 1189 pretiositate
1495 1117 1763 1186 cogitatus
1809 1117 2189 1186 appretiatum.

628 1209 731 1264 Sed
760 1226 1140 1280 nonnunquam
1170 1221 1222 1263 et
1248 1226 1279 1265 e
1301 1210 1585 1268 messibus.
1603 1210 1726 1277 quia
1763 1208 1986 1264 multum
2011 1209 2192 1264 attulit

626 1311 791 1366 terra,
807 1302 1032 1369 plurima
1059 1304 1444 1371 relinquuntur.
1465 1302 1588 1372 quia
1603 1317 1706 1357 non
1723 1312 1897 1372 potest
1910 1316 2190 1371 possessor

624 1389 877 1459 colligere
908 1401 1103 1459 quanta
1130 1401 1183 1444 et
1208 1391 1524 1456 seminavit,
1556 1403 1609 1446 et
1656 1404 1794 1446 terra
1823 1393 2188 1460 multiplicans

625 1480 874 1548 prtbuit.
892 1479 1139 1533 Maneant
1161 1480 1320 1548 igitur
1340 1478 1530 1535 ﬂuctus
1551 1492 1602 1534 et
1625 1483 1886 1534 undarum
1920 1479 2185 1548 procella,

623 1580 681 1623 et
720 1584 927 1626 meatus
972 1571 1251 1626 ﬂuviorum
1279 1581 1332 1626 et
1362 1573 1556 1638 fontes,
1586 1583 1640 1627 et
1671 1588 2003 1643 quaecunque
2038 1575 2188 1628 dere-

624 1660 749 1715 licta
794 1673 918 1716 sunt
959 1664 1023 1718 de
1065 1662 1352 1727 fructibus,
1397 1664 1667 1735 cogitatus
1703 1676 1758 1720 et
1804 1666 2085 1734 progenies
2131 1674 2186 1718 et

625 1767 785 1820 opera
820 1772 834 1806 :
865 1764 1185 1824 etputantes
1210 1771 1308 1810 nos
1340 1757 1496 1810 hodie
1519 1757 1742 1825 implere
1775 1772 1930 1825 posse
1963 1771 2026 1812 ea
2062 1771 2184 1824 quc

2295 569 2628 637 potuerimus
2676 568 3041 622 scrutabimur
3082 581 3349 628 coronas.
3384 577 3570 634 utpote
3623 576 3865 624 serentes

2292 661 2584 718 Altissimo,
2611 675 2676 713 ex
2708 660 2903 728 quibus
2931 660 2987 713 in
3033 668 3172 712 terra
3205 668 3260 712 et
3289 658 3426 712 mari
3471 667 3558 712 est
3586 669 3860 726 operatus.

2293 751 2633 819 Quaecunque
2679 760 2860 804 autem
2898 764 2997 803 nos
3049 749 3458 812 transcendunt,
3484 757 3543 803 et
3585 759 3864 817 superant,

2293 844 2346 895 in
2387 857 2453 896 eo
2480 843 2596 910 ipso
2637 843 2780 910 quod
2813 841 3098 907 vincimur,
3125 841 3319 895 victori
3357 840 3460 909 ipsi
3489 856 3562 895 ex
3610 843 3863 910 cperihus

2291 934 2403 988 suis
2426 935 2534 988 sint
2568 942 2625 987 et
2651 935 2768 988 ista
2795 949 3028 988 corona.
3049 933 3363 987 Retinentes
3385 935 3551 1001 igitur
3582 949 3867 1004 quousque

2291 1039 2345 1081 et
2373 1027 2620 1096 pervenit
2646 1041 2850 1089 sermo,
2881 1026 3235 1080 recoudamus
3273 1027 3542 1081 sermonis
3572 1027 3863 1094 reliquias;

2291 1128 2352 1172 ut
2379 1120 2572 1172 iterum
2597 1119 2662 1170 ad
2692 1118 2862 1186 ipsam
2880 1129 3120 1171 mensam
3143 1117 3412 1182 sedentes,
3447 1117 3650 1171 iterum
3677 1118 3864 1172 iisdem

2291 1211 2421 1280 ipsis
2459 1208 2704 1263 fruamur
2737 1209 2908 1263 bonis.
2946 1208 3118 1264 Unum
3146 1217 3320 1261 autem
3348 1217 3431 1261 est
3451 1208 3599 1278 quod
3627 1209 3790 1263 decet
3815 1217 3867 1264 et

2291 1317 2453 1366 nunc,
2493 1310 2552 1356 ut
2591 1300 2847 1357 reddatur
2869 1303 2921 1357 ei
2948 1303 3032 1355 cui
3064 1315 3278 1370 semper
3306 1303 3550 1357 redditur
3571 1317 3630 1357 et
3656 1318 3868 1372 semper

2289 1394 2536 1459 debetur,
2569 1393 2621 1447 in
2660 1393 2746 1448 bis
2775 1409 2896 1463 qua:
2927 1402 3314 1461 praecesserunt
3359 1394 3660 1463 gratiarum
3709 1394 3865 1458 actio,

2287 1494 2343 1538 et
2369 1484 2422 1536 in
2456 1484 2542 1538 bis
2572 1498 2693 1552 qua:
2731 1483 2990 1554 incipient
3015 1484 3183 1554 gloria
3210 1485 3322 1538 Deo
3339 1495 3529 1538 sancto
3556 1485 3648 1552 qui
3689 1487 3866 1541 omnia

2288 1575 2448 1630 nobis
2469 1575 2722 1646 subjecit,
2763 1589 2858 1646 per
2881 1574 3139 1644 Spiritum
3184 1576 3415 1646 cogitatu
3448 1591 3552 1630 nos
3585 1578 3869 1646 prehend-

2287 1667 2428 1719 ravit
2443 1680 2459 1718 :
2477 1667 2558 1719 cui
2583 1675 2663 1720 est
2682 1682 2778 1735 per
2791 1668 3117 1737 unigenitum
3141 1682 3290 1720 suum
3311 1665 3508 1720 Filium
3521 1683 3651 1720 cum
3671 1667 3867 1734 Spiritu

2287 1767 2495 1818 sancto,
2537 1757 2728 1827 gloria,
2765 1759 2970 1826 honor,
2999 1759 3301 1829 imperium,
3333 1761 3615 1828 maiestas,
3650 1767 3708 1814 et
3732 1775 3865 1812 nunc

625 1845 957 1912 resederans,
991 1846 1144 1914 plura
1182 1848 1440 1903 habentes
1472 1850 1771 1904 recedimus
1795 1859 1850 1904 et
1883 1850 2042 1906 hodie
2070 1867 2084 1903 :
2111 1853 2183 1906 ita
2215 1836 2258 1891 Β
2286 1860 2342 1906 et
2371 1865 2603 1917 semoer,
2633 1860 2686 1906 et
2711 1865 2806 1921 per
2831 1854 3009 1908 omnia
3043 1852 3234 1907 sarcula
3281 1854 3628 1907 seculorum.
3677 1856 3866 1913 Amen.

1581 2240 2138 2355 EUSEBll
2228 2242 2911 2356 PAMPHILI

1148 2477 1296 2566 DE
1369 2475 1979 2566 SPIRITALI
2061 2473 2677 2568 COGITATU
2750 2477 3331 2594 HOMINIS,

1935 2669 2168 2730 LIBER
2209 2669 2568 2732 TERTIUS.

690 3016 806 3086 Ipse
830 3013 1173 3082 semetipsum
1197 3011 1459 3082 cogitatus
1487 3010 1682 3080 reiicit,
1705 3013 1818 3080 ipse
1839 3013 2188 3082 seruetipsum
2217 3017 2260 3075 C
2293 3013 2468 3070 obfuit
2500 3013 2908 3075 festinantibus.
2951 3017 3285 3090 Frequenter
3315 3022 3461 3078 enim
3501 3026 3872 3095 tranquillitas

619 3109 825 3180 pascit,
853 3109 968 3176 ipse
995 3103 1337 3173 semetipsum
1373 3101 1653 3168 fortiﬁcat,
1699 3103 1811 3173 ipse
1842 3103 2194 3172 semetipsum

617 3200 941 3256 considerat.
959 3195 1074 3266 Ipse
1091 3197 1232 3251 enim
1261 3195 1326 3250 ad
1343 3196 1683 3263 semetipsum
1703 3209 1761 3249 se
1777 3195 2004 3264 colligit,
2027 3205 2084 3250 et
2111 3208 2196 3250 se-

619 3292 903 3360 metipsum
954 3278 1307 3348 iutuetur,iet
1357 3296 1595 3340 arctatur
1630 3286 1684 3340 in
1727 3285 1862 3342 suis.
1892 3284 2013 3340 Non
2051 3285 2194 3340 enim

620 3384 763 3437 sicut
801 3379 989 3436 oculus
1037 3379 1139 3431 alia
1182 3377 1392 3445 quidem
1431 3377 1594 3441 videt,
1632 3378 1985 3448 semetipsum
2017 3385 2194 3431 autem

618 3473 816 3529 intueri
841 3487 944 3526 non
968 3481 1182 3542 potest;
1210 3471 1334 3539 quia
1367 3485 1464 3526 nec
1482 3485 1590 3526 suae
1621 3481 1830 3526 natura:
1853 3478 1936 3526 est
1963 3480 2098 3525 utse
2119 3484 2197 3525 re-

619 3565 834 3635 spiciat.
859 3561 974 3617 Non
1002 3563 1072 3616 ita
1105 3573 1157 3616 et
1187 3565 1472 3632 cogitatus.
1500 3562 1679 3632 Neque
1711 3565 1854 3617 enim
1905 3565 2053 3619 sicut
2081 3562 2196 3618 vul-

619 3666 706 3710 tus
742 3655 794 3709 in
829 3655 1081 3723 speculo,
1114 3656 1164 3708 in
1201 3655 1305 3711 alio
1361 3655 1579 3724 quidem
1622 3656 1862 3722 videtur,
1893 3657 1960 3711 ad
1995 3666 2196 3711 semet-

618 3751 790 3818 ipsum
825 3757 1003 3802 autem
1037 3750 1275 3803 converti
1314 3765 1418 3803 non
1463 3759 1655 3818 potest.
1698 3749 1812 3804 Non
1846 3751 1917 3805 ita
1959 3760 2019 3806 et
2046 3750 2194 3820 cogi-

619 3845 762 3895 tatus
791 3839 1048 3906 habetur;
1088 3841 1180 3894 sed
1207 3841 1550 3910 semetipsum
1588 3841 1754 3905 videt,
1779 3851 1832 3896 et
1866 3843 1980 3908 ipse
2011 3841 2076 3896 nd
2106 3855 2192 3895 se-

617 3933 902 4001 metipsum
928 3932 1263 3986 convertitur
1283 3941 1337 3985 et
1374 3947 1432 3985 se
1468 3933 1725 3999 intuetur,
1751 3942 1806 3988 et
1845 3934 1950 3988 alia
1995 3933 2188 3987 multa.

619 4021 685 4075 Et
709 4037 814 4076 non
860 4022 998 4076 sicut
1029 4037 1128 4076 vos
1167 4022 1374 4076 levibus
1413 4024 1729 4091 quibusdam
1753 4023 1865 4093 (ιδ)
1909 4022 2192 4080 oﬂeiadens

619 4121 854 4172 resonat,
884 4114 954 4167 ita
994 4123 1047 4167 et
1075 4113 1342 4184 cegitatus
1389 4117 1454 4168 ad
1488 4116 1832 4180 semetipsum
1881 4125 2106 4172 resonat
2134 4128 2192 4170 ut

617 4207 772 4262 echo.
811 4207 925 4261 Vox
953 4209 1094 4261 enim
1123 4205 1404 4262 offendens
1431 4208 1648 4262 aliunde
1689 4209 1997 4278 respondet.
2023 4207 2187 4279 Lingi-

2297 3121 2353 3165 et
2378 3123 2710 3182 opportunos
2735 3124 2924 3171 ventos
2954 3126 3334 3187 exspectantes
3359 3117 3635 3178 fraudavit
3660 3132 3718 3179 et
3740 3140 3872 3181 non-

2298 3219 2582 3286 nunquam
2607 3217 2665 3262 et
2691 3209 2777 3263 siti
2823 3210 3095 3266 interemit
3120 3211 3378 3280 graviori,
3404 3225 3592 3283 utpote
3624 3233 3654 3270 a
3692 3226 3871 3280 tenta-

2299 3299 2539 3356 tionihus
2591 3310 2770 3358 motae.
2825 3302 2929 3357 Sed
2986 3318 3091 3359 non
3147 3305 3272 3360 talis
3322 3307 3594 3376 pudicitia:
3638 3291 3871 3364 habetur

2299 3393 2685 3461 tranquillitas,
2713 3395 2805 3451 sed
2825 3411 2944 3464 qua:
2973 3398 3305 3466 compescuit
3335 3407 3544 3464 ventes,
3578 3408 3633 3453 et
3659 3401 3870 3455 confre-

2297 3486 2375 3555 git
2414 3484 2630 3553 luctus,
2668 3497 2740 3542 ειη
2773 3489 2958 3542 statim
3003 3487 3232 3542 adduxit
3266 3489 3331 3542 ad
3367 3498 3608 3559 portum,
3637 3500 3694 3546 et
3745 3509 3866 3546 mox

2295 3580 2470 3634 erexit
2495 3595 2563 3634 ex
2607 3580 2860 3650 pudicitia
2911 3580 3142 3636 fructus.
3183 3581 3488 3649 Cogitatum
3522 3584 3744 3653 quippe,
3778 3585 3870 3652 qui

2295 3669 2469 3738 sapiat
2512 3671 2706 3726 animai
2757 3670 3095 3742 dignitatem,
3151 3673 3497 3728 sanctimonii
3561 3675 3866 3741 honorem,

2292 3764 2584 3832 puritatem
2616 3763 2937 3823 honestatis.
2957 3775 3084 3818 tunc
3107 3763 3252 3817 videt
3284 3763 3472 3819 oculus
3504 3766 3720 3825 animae,
3743 3767 3868 3834 quia

2293 3855 2536 3908 excussit
2565 3852 2632 3908 ab
2660 3867 2725 3908 eo
2771 3852 3026 3923 pudicitia
3075 3852 3346 3922 pulverem
3399 3853 3865 3922 concupiscentia-

2294 3959 2444 4009 rum,
2499 3943 2851 4015 procellarum
2896 3928 3190 3999 libidinem.
3229 3942 3286 3997 Si
3323 3943 3444 4011 quis
3474 3951 3734 4012 expertus
3784 3950 3868 3997 est

2293 4043 2638 4104 tempestates
2656 4033 3504 4102 concupiscentiarum,eapertus
3531 4041 3616 4085 est
3633 4041 3690 4084 et
3721 4043 3871 4086 tran-

2291 4127 2514 4194 quillum
2553 4125 2870 4196 pudicitia;
2916 4137 2981 4178 ex
3029 4124 3112 4178 bis
3153 4138 3272 4193 qua:
3306 4137 3498 4190 passus
3546 4130 3669 4182 est,
3704 4131 3764 4176 et
3802 4136 3870 4175 ex

2293 4215 2378 4267 his
2409 4229 2436 4264 a
2467 4213 2666 4280 quibus
2705 4212 2944 4266 salvatus
2987 4221 3104 4275 est,
3137 4211 3378 4281 agnoscit
3421 4225 3540 4280 quae
3588 4211 3869 4264 dicuntur.

621 4308 763 4353 tatus
791 4309 967 4353 autem
1004 4299 1119 4369 ipse
1169 4299 1515 4368 semetipsum
1567 4310 1862 4367 scrutatur,
1888 4308 1942 4355 et
1976 4301 2094 4369 ipsi!
2123 4300 2187 4352 ad
2220 4352 2264 4376 η
2294 4306 2572 4376 Cogitatus
2601 4303 2743 4358 enim
2767 4303 3330 4372 concupiscentiarum
3356 4301 3652 4361 dormiunt,
3679 4303 3870 4356 motio-

619 4389 966 4456 semetipsum
1003 4399 1255 4456 tanquam
1290 4399 1579 4455 penetrans
1632 4390 1884 4452 recurrit,
1917 4399 1973 4444 et
2005 4388 2187 4445 ret'el-
2220 4352 2265 4407 Β

617 4483 762 4536 vitur
789 4482 840 4535 in
883 4484 1189 4550 semetipso.
1221 4481 1498 4535 Diversum
1525 4492 1702 4535 autem
1744 4481 1847 4535 scit
1877 4497 1890 4533 :
1927 4495 2070 4535 nunc
2094 4489 2194 4535 ,θυι

619 4573 913 4642 desurgunt
965 4571 1245 4638 libidines,
1282 4581 1331 4628 el
1381 4574 1588 4643 spirant
1643 4575 2110 4644 concupiscentiae,
2137 4582 2194 4630 et

618 4662 886 4729 pelluntur
930 4676 1124 4724 metus.
1157 4677 1211 4718 et
1240 4681 1341 4719 non
1391 4667 1628 4720 salvator
1660 4670 1801 4737 quod
1833 4669 1992 4738 sapit.
2030 4668 2192 4723 Infir-

619 4771 795 4813 matur
821 4760 962 4814 enim
984 4769 1035 4814 et
1068 4759 1394 4814 fortissimus
1423 4761 1706 4828 cogitatus.
1729 4758 1863 4814 Cum
1891 4768 2066 4813 autem
2086 4776 2153 4829 pu
2174 4788 2194 4802 ο

617 4854 794 4907 dicitis
828 4853 988 4908 fuerit
1034 4856 1278 4924 ingressa
1310 4864 1399 4907 aut
1421 4857 1677 4918 excitata,
1708 4858 1888 4910 statim
1930 4857 2188 4925 concupi-

617 4947 836 5000 scentiae
867 4955 922 5000 et
947 4946 1215 5010 libidines,
1264 4957 1321 5000 ut
1347 4948 1555 5002 ancilla:
1587 4964 1704 5017 quas
1731 4959 1856 5004 ante
1891 4950 2181 5004 surrectio-

617 5053 738 5092 nem
763 5039 991 5093 domina:
1023 5042 1368 5094 turbaverant
1399 5041 1774 5108 domum,mox
1800 5054 1854 5096 ut
1888 5043 1996 5096 visa
2021 5042 2182 5096 fuerit

618 5131 855 5193 domina,
891 5133 995 5185 alia
1043 5133 1167 5188 alibi
1217 5135 1601 5198 absconditur,
1634 5135 1737 5188 alia
1782 5137 1904 5190 alibi
1943 5135 2094 5206 fugit,
2127 5151 2183 5190 et

620 5232 812 5289 negant
830 5224 938 5289 jam
971 5226 1253 5290 motiones,
1283 5238 1338 5282 et
1368 5229 1626 5297 colligunt
1657 5230 1919 5296 luxurias,
1945 5245 2000 5288 et
2022 5248 2180 5288 revo-

617 5322 744 5367 c:mt
788 5327 996 5380 ventos,
1022 5326 1075 5370 et
1124 5321 1409 5385 quiescunt
1439 5321 1633 5378 {luctus
1653 5363 1668 5387 ,
1692 5335 1747 5380 et
1788 5324 2014 5380 eﬂlcitur
2035 5336 2180 5379 tran-

618 5404 857 5469 quillum.
889 5406 1002 5463 Hoc
1030 5411 1169 5464 enim
1200 5423 1284 5466 est
1303 5415 1553 5480 pudicitia
1588 5417 1640 5470 in
1675 5419 1874 5473 anima.
1905 5419 2042 5487 Quid
2076 5420 2180 5474 tale

614 5500 818 5563 praabet
847 5503 1206 5570 tranquillitas
1235 5506 1286 5561 in
1325 5511 1455 5563 mari
1502 5509 1526 5562 ἲ
1557 5524 1677 5579 quae
1717 5529 2095 5585 nonnunquam
2125 5521 2181 5568 et

837 5678 1131 5753 Angustari.
1173 5681 1366 5740 Fortes
1384 5689 1692 5753 anqustiari.

705 5742 822 5810 (46)
862 5742 954 5801 us.
990 5752 1298 5809 roalcutbus
1321 5742 1646 5823 quivusdam.

2300 4415 2416 4463 nes,
2451 4396 2662 4461 ﬂuctus,
2691 4396 3074 4458 immissiones,
3118 4394 3340 4449 turbelas
3365 4392 3494 4464 (47).
3521 4392 3706 4464 Neque
3753 4393 3870 4447 dorJ

2301 4491 2591 4545 mientibus
2613 4489 2847 4544 dormire
2857 4489 3136 4559 permittit.
3148 4489 3528 4542 Acceudtzntur
3543 4489 3686 4541 enim
3703 4496 3758 4539 et
3777 4500 3876 4552 per

2300 4582 2643 4645 ambitiones,
2672 4589 2727 4635 et
2746 4581 2987 4652 jacentes
3009 4581 3348 4650 perturbant.
3369 4590 3422 4632 et
3449 4594 3572 4633 cum
3603 4578 3868 4632 dormien-

2299 4677 2442 4730 tibus
2464 4688 2567 4728 non
2596 4673 2890 4738 dormiunt,
2917 4673 3012 4726 sed
3039 4685 3250 4739 semper
3273 4679 3398 4724 sunt
3429 4670 3702 4738 inquieta.
3732 4668 3866 4724 Cum

2298 4776 2478 4822 autem
2511 4764 2770 4835 pudicitia
2808 4762 2972 4818 fuerit
3010 4761 3377 4832 snbingressa,
3411 4776 3528 4814 cum
3573 4760 3664 4814 illa
3714 4759 3868 4815 babi-

2298 4861 2494 4917 taverit
2524 4867 2582 4914 ut
2634 4858 2850 4914 domina
2873 4898 2889 4921 ,
2917 4873 3038 4912 cum
3085 4857 3333 4911 detinens
3366 4853 3545 4918 fuerit,
3577 4868 3701 4907 cum
3756 4858 3871 4908 suis

2300 4950 2617 5008 retinaculis
2649 4950 2905 5004 tutaverit
2933 4950 3188 5010 domum;
3223 4957 3352 5002 tunc
3396 4946 3537 5000 sicut
3565 4945 3869 5014 praedomiti

2296 5045 2448 5115 equi,
2473 5051 2528 5097 et
2552 5043 2617 5095 ad
2645 5041 2908 5111 praesepia
2937 5040 3104 5109 quieti
3133 5049 3278 5104 sunt,
3308 5048 3362 5093 et
3388 5038 3440 5091 in
3473 5037 3761 5091 itineribus
3783 5050 3870 5090 re-

2295 5152 2446 5195 ctum
2481 5143 2783 5208 agnoscunt
2824 5135 2952 5200 iter,
2987 5133 3207 5188 nutibus
3245 5139 3430 5202 utpote
3457 5131 3749 5200 digitorum
3777 5129 3870 5182 ad-

2288 5231 2443 5287 .ducti
2480 5248 2494 5282 :
2524 5229 2602 5284 ita
2633 5242 2755 5282 cum
2802 5226 2969 5281 semel
2996 5236 3157 5281 tenax
3189 5224 3351 5280 fuerit
3383 5222 3672 5293 pudicitia,
3694 5231 3751 5276 et
3778 5221 3871 5276 do-

2294 5325 2501 5384 niuerit
2554 5323 3055 5392 concupiscentias,
3107 5329 3162 5376 et
3207 5317 3530 5387 mitigaverit
3582 5315 3872 5377 libidines.

2286 5418 2693 5476 manducamus
2730 5417 2975 5482 honeste,
2995 5425 3050 5470 et
3083 5413 3318 5468 bibimus
3345 5416 3692 5464 mensurate:
3721 5421 3871 5461 men-

2287 5522 2453 5569 surat
2481 5512 2625 5568 enim
2663 5525 2784 5581 qua:
2803 5508 2969 5566 adest
2997 5506 3279 5578 pudicitia.
3303 5503 3543 5572 Denique
3570 5510 3626 5556 et
3648 5501 3874 5555 honeste

2365 5692 2482 5767 (η)
2521 5691 2619 5749 Ms.
2651 5691 3186 5767 concupiscentiam":
3231 5693 3497 5752 motiones,
3529 5687 3746 5752 ﬂuctus,
3773 5682 3865 5740 ih-

2277 5761 2583 5828 nsit'uionss,
2615 5766 2864 5816 turbelas.
2893 5761 3088 5830 Neque.
