4048 6322
224 318 370 375 1N5

1198 310 1289 367 DE
1332 310 1727 367 SPIRITUALI
1770 310 2127 367 COGITATU
2168 308 2473 366 HOMIMS.

3364 304 3500 357 ωδ

219 435 542 492 dormimus.
570 441 622 486 et
648 431 811 487 sobrii
837 429 1159 495 excitamur,
1180 441 1231 483 et
1264 431 1512 483 videmus
1557 430 1793 497 puicbri-
1834 450 1880 504 Α
1910 431 2054 482 enim
2113 428 2289 481 adhuc
2321 425 2696 479 adulescentes
2730 432 2887 485 sunt,
2939 430 2991 475 et
3046 419 3272 473 necdum
3331 436 3495 487 opera

218 525 465 579 tudinem
490 523 685 588 vultus,
720 535 774 578 et
814 519 1289 592 pulchritudinem,
1324 532 1377 575 et
1409 537 1511 573 non
1542 530 1596 574 ut
1632 520 1803 595 oden:

214 618 450 674 sionem.
487 619 663 671 Aures
697 630 915 686 quoque
949 624 1163 669 nostras
1212 630 1317 668 non
1362 613 1600 682 perforat
1633 613 1804 667 melo-

213 709 328 763 dia.
353 708 468 762 Scit
491 710 633 762 enim
663 709 919 777 pudicitia
942 716 995 761 et
1026 706 1238 761 solvere
1263 720 1444 761 ceram
1478 706 1530 759 in
1554 708 1801 769 auribus,

215 810 397 867 neque
435 807 628 853 noceat
666 797 936 851 audientia
978 795 1111 868 (48).
1145 793 1339 850 Nostra
1383 796 1527 849 enim
1562 793 1801 847 membra

211 898 571 957 operamenta
601 890 873 959 pudicitia
904 890 1060 945 tiuut.
1096 886 1300 943 Oculus
1320 888 1466 942 videt
1494 886 1689 940 bonam
1725 885 1804 939 ia-

210 983 379 1049 ciem,
406 992 461 1037 et
490 998 614 1038 cum
647 983 933 1037 honestate
954 996 1072 1036 eam
1108 983 1373 1035 intuetur.
1402 978 1519 1033 Non
1556 988 1804 1032 movetur

210 1076 283 1129 ad
329 1076 858 1145 concupiscentiam,
893 1074 987 1131 sed
1032 1074 1179 1128 videt
1224 1075 1277 1129 in
1326 1064 1462 1127 facie
1501 1071 1804 1142 pulchritu-

209 1164 422 1230 dinem,
457 1175 513 1222 et
539 1167 741 1237 cogitat
775 1166 953 1234 qualis
992 1166 1061 1221 sit
1107 1166 1457 1237 pulchritudo
1484 1165 1538 1217 in
1583 1163 1799 1227 anima;

209 1266 270 1311 et
309 1271 429 1327 qua
460 1273 489 1311 a
526 1256 655 1311 foris
686 1266 813 1312 sunt
845 1257 985 1312 bona
1017 1257 1083 1311 ad
1109 1258 1460 1324 semetipsum
1502 1256 1799 1319 adducens,

208 1358 271 1400 et
321 1363 351 1402 a
388 1348 544 1403 bonis
592 1349 727 1403 bona
766 1350 1039 1419 decerpit,
1088 1357 1143 1401 et
1193 1364 1300 1402 non
1341 1349 1393 1401 in
1441 1346 1598 1401 malis
1634 1345 1802 1400 offen-

209 1438 314 1492 dit.
347 1434 507 1493 Sicut
534 1454 758 1507 corpora
798 1439 1087 1493 incolumia
1123 1438 1191 1492 ab
1217 1438 1467 1492 omnibus
1514 1435 1798 1489 utilitatem

209 1531 512 1598 accipiunt,
538 1542 592 1585 et
619 1547 646 1583 a
679 1540 851 1590 lliOlu.
883 1539 938 1583 et
988 1531 1056 1584 ab
1099 1530 1452 1595 exercitio,et
1476 1546 1505 1583 a
1527 1544 1712 1590 cursu,
1746 1539 1800 1582 et

209 1618 286 1671 ab
320 1621 593 1682 unctione.
625 1629 681 1675 et
726 1637 753 1673 a
785 1634 973 1673 somno
996 1661 1009 1680 ,
1046 1631 1100 1672 et
1124 1622 1192 1673 ah
1229 1635 1375 1682 esca,
1406 1630 1460 1675 et
1486 1634 1513 1672 a
1542 1630 1703 1689 potu:
1728 1619 1797 1672 ita

207 1721 461 1776 econtra,
486 1726 606 1780 qua
650 1722 916 1780 aegrotant
944 1713 1011 1765 ab
1049 1715 1303 1767 Omnibus
1354 1723 1639 1767 uocentur.
1677 1713 1793 1767 Vini

1911 520 2035 574 belli
2062 519 2386 583 didicerunt,
2404 533 2501 570 nec
2520 516 2586 569 ad
2608 516 2789 585 praelia
2810 524 3091 575 vocantur,
3114 528 3497 579 nonnunquam

1909 612 2180 682 pudicitia
2215 610 2316 664 sibi
2348 609 2653 676 imposuere
2689 620 2946 659 coronas:
2973 604 3067 657 sed
3096 613 3151 657 et
3177 604 3245 655 ob
3272 601 3498 655 inﬁrmi—

1909 714 2073 757 tatem
2112 701 2359 771 plurimis
2388 700 2568 768 quie:e
2606 698 2825 753 donatis
2846 695 3105 767 pudicitia
3141 693 3318 748 adhuc
3350 694 3499 747 utilis

1909 798 2200 854 invenitur.
2225 793 2359 848 Nam
2387 794 2486 847 etsi
2521 792 2672 847 senio
2708 793 3053 861 deponuntur
3090 787 3364 851 libidines,
3400 788 3498 842 sed

1908 892 2087 945 adhuc
2144 902 2319 956 usque
2356 888 2625 941 motiones
2677 881 3283 951 concupiscentiarum,
3321 878 3500 934 intus-

1909 998 2014 1053 que
2040 993 2092 1037 et
2125 980 2516 1036 fornicatiOnes
2555 987 2820 1047 agrotant
2846 984 2903 1031 et
2933 970 3344 1043 occidunl(5l),
3377 988 3499 1041 qua

1908 1075 2194 1129 libidinem
2228 1072 2511 1127 cantinere
2556 1085 2662 1127 non
2706 1076 2967 1137 possunt,
3012 1076 3069 1120 et
3120 1075 3301 1133 patres
3331 1063 3499 1117 deho-

1906 1177 2125 1221 nestant
2148 1208 2163 1233 ,
2193 1180 2313 1234 qua
2349 1162 2678 1217 monitiones
2699 1160 2970 1230 pudicitia
3000 1173 3101 1213 non
3142 1156 3373 1210 libenter
3408 1171 3498 1210 ac-

1905 1257 2130 1326 cipiunt.
2174 1255 2231 1309 Si
2260 1256 2407 1309 enim
2439 1254 2655 1307 adesset
2684 1251 2947 1320 pudicitia
2968 1290 2983 1313 ,
3020 1261 3195 1316 neque
3225 1246 3500 1300 iuraretur

1903 1350 2026 1420 quis
2050 1390 2065 1415 ,
2093 1364 2193 1415 neq
2206 1362 2275 1401 ue
2297 1343 2569 1401 occideret
2612 1344 2808 1413 aliquis
2829 1381 2845 1408 ,
2878 1349 3089 1395 amaret
3119 1348 3299 1393 autem
3323 1348 3378 1390 et
3398 1351 3497 1406 pa-

1905 1440 2007 1493 tris
2035 1437 2235 1492 monila
2264 1436 2424 1489 ﬁlius.
2460 1434 2652 1487 Divina
2693 1431 2965 1502 possessio
2995 1429 3098 1483 ista
3120 1472 3134 1493 ,
3162 1427 3257 1483 sed
3283 1424 3500 1481 diiiiciie

1902 1532 2204 1587 invenitur.
2239 1529 2343 1596 Qui
2381 1537 2562 1581 autem
2589 1524 2701 1593 jam
2745 1522 2948 1580 habent
2996 1521 3172 1583 illam,
3206 1534 3325 1589 qua
3376 1526 3502 1588 post

1904 1612 2357 1678 remi-rectionem
2389 1619 2571 1674 futura
2617 1627 2701 1672 est
2736 1612 3122 1671 conversatio?
3178 1611 3319 1667 Dicit
3352 1611 3499 1667 enim

1907 1718 2075 1787 ipsius
2109 1715 2258 1785 regni
2296 1715 2557 1769 Dominus
2592 1723 2647 1766 et
2684 1720 3045 1781 apportator:
3084 1708 3393 1778 Quicunque
3418 1722 3501 1759 re-

208 1802 359 1855 enim
389 1801 552 1854 etiam
600 1802 821 1855 odorem
855 1812 1121 1855 excusant
1151 1812 1206 1857 et
1249 1803 1503 1867 unguenti
1528 1802 1795 1867 nidorem,
1828 1803 1872 1858 Β
1905 1811 2250 1866 διιτγεοιεοηὶε
2293 1816 2618 1861 mortuorum
2661 1804 2808 1874 digni
2838 1804 3069 1875 fuerint,
3110 1818 3217 1855 non
3256 1802 3499 1864 nubunt.

206 1901 269 1945 et
311 1893 525 1948 itineris
579 1902 803 1957 motum,
834 1902 888 1948 et
933 1908 1140 1959 escam,
1170 1900 1225 1947 et
1258 1892 1569 1963 i'ridgorem,
1592 1890 1805 1948 etcalo-

208 1999 355 2039 rem.
382 1984 572 2040 Omnia
603 1986 747 2039 enim
794 1984 875 2039 eis
912 1992 1109 2042 nocent
1169 1984 1261 2054 qui
1317 1985 1457 2038 male
1484 1999 1543 2038 se
1579 1983 1799 2039 habent.

206 2077 405 2134 Omnia
436 2087 612 2132 autem
632 2078 954 2147 prosuntliis
968 2079 1060 2148 qui
1092 2077 1393 2132 incolumes
1413 2077 1702 2132 habentur.
1725 2076 1801 2131 lta

205 2182 268 2225 et
315 2169 653 2225 libidinosum
687 2172 870 2226 omnia
909 2180 1130 2226 movent
1166 2171 1233 2225 ad
1261 2186 1485 2235 noxam,
1520 2177 1576 2227 et
1602 2170 1800 2239 vultus,

208 2273 267 2317 et
298 2262 663 2332 pulchritudo,
697 2274 753 2318 et
800 2264 1128 2331 compositio
1185 2264 1452 2329 melodia,
1492 2273 1546 2319 et
1568 2264 1800 2319 vestium

211 2359 469 2423 varietas,
498 2367 554 2412 et
599 2358 774 2412 honor
798 2358 1117 2426 quidam,et
1157 2355 1296 2411 bona
1332 2372 1495 2426 opera
1540 2356 1606 2411 ad
1662 2355 1803 2411 mala

211 2449 615 2505 transferuntur
635 2450 706 2505 ei.
729 2449 830 2515 Qui
867 2459 1047 2503 autem
1081 2448 1294 2504 sobrius
1319 2458 1422 2515 est,
1447 2464 1509 2503 ex
1541 2450 1798 2515 adverso;

209 2542 340 2613 quia
371 2551 426 2597 et
476 2544 747 2596 contraria
791 2542 865 2595 illi
898 2552 1045 2606 sunt,
1072 2556 1103 2595 a
1151 2543 1307 2597 bouis
1347 2544 1490 2597 enim
1538 2543 1677 2597 bona
1710 2543 1804 2597 de-

210 2648 462 2704 cerpens.
486 2636 637 2690 dives
669 2635 720 2689 in
745 2635 900 2689 bonis
928 2645 1031 2689 est.
1063 2634 1140 2689 lta
1170 2650 1301 2705 ergo
1326 2635 1563 2705 pretiosa
1589 2644 1677 2689 est
1705 2650 1803 2705 pu-

214 2726 424 2793 dicitia,
446 2728 593 2797 quia,
614 2728 739 2781 dum
772 2728 944 2792 adest,
973 2738 1027 2782 et
1044 2728 1270 2798 justitia
1297 2737 1568 2799 praparat
1596 2728 1796 2795 locum,

214 2817 311 2873 dat
338 2818 499 2874 etiam
516 2822 745 2888 spatium
776 2831 831 2873 et
856 2822 1041 2874 virtuti
1065 2840 1077 2875 :
1102 2821 1437 2876 intellectum
1455 2832 1634 2875 autem
1652 2821 1797 2893 ’(49),

213 2920 278 2963 ut
326 2910 709 2980 interpretetur
732 2928 952 2981 nomen,
988 2914 1181 2969 salvat.
1209 2914 1350 2985 Ergo
1375 2916 1722 2986 amplectitur
1748 2926 1802 2972 et

210 3004 516 3058 circumdat
543 3006 824 3071 virtutem,
845 3017 900 3062 ct
924 3008 1068 3063 sicut
1098 3017 1271 3063 mater
1308 3010 1553 3078 quadam
1584 3011 1801 3081 pietatis

212 3094 447 3151 efﬁcitur
503 3098 784 3153 fratribus.
827 3098 977 3154 Bona
1018 3102 1237 3171 quidem
1284 3110 1369 3156 est
1406 3102 1623 3159 virtutis
1652 3102 1802 3159 forti-

216 3187 366 3253 tudo,
401 3190 494 3245 sed
534 3206 641 3245 non
675 3206 889 3261 semper
916 3206 1037 3246 eam
1081 3195 1446 3249 necessariam
1493 3194 1799 3262 habemus;

211 3275 358 3335 forte
381 3288 560 3335 autem
597 3281 807 3336 audebo
829 3293 883 3337 et
908 3283 1091 3339 dicere
1121 3304 1132 3338 :
1161 3284 1380 3341 Utinam
1407 3302 1513 3341 non
1551 3290 1801 3351 eam,sed

211 3385 373 3441 opus.
403 3371 460 3425 Si
495 3373 618 3442 quis
653 3374 797 3427 enim
829 3390 949 3428 eam
982 3377 1277 3446 acceperit,
1311 3386 1518 3432 tantum
1565 3379 1618 3434 in
1644 3379 1802 3435 bellis

210 3469 301 3515 est
328 3460 493 3515 utilis.
524 3459 581 3515 Si
606 3472 785 3515 autem
812 3472 867 3516 et
901 3463 954 3517 in
987 3478 1121 3531 pace
1143 3467 1451 3520 necessaria
1484 3477 1570 3522 est
1606 3468 1800 3534 virtus,

213 3551 356 3605 forte
375 3562 433 3605 ut
456 3551 722 3608 coeﬂiciat
754 3554 1027 3623 pudicitia
1053 3573 1066 3608 :
1093 3554 1233 3612 forte
1260 3558 1403 3611 enim
1430 3574 1552 3613 cum
1576 3558 1803 3628 iurgan-

212 3653 305 3699 tur
359 3647 831 3718 concupiscentia,
868 3658 923 3703 et
973 3651 1187 3707 illarum
1236 3652 1433 3709 ﬂuctus
1481 3655 1798 3725 eriguntur,

209 3750 352 3805 opus
373 3749 457 3795 est
493 3749 552 3794 ut
575 3740 807 3796 viriliter
836 3745 1059 3799 resistat
1094 3745 1375 3813 pudicitia.
1415 3746 1473 3802 Si
1504 3747 1671 3817 igitur
1702 3751 1799 3802 ad-

210 3829 437 3884 veniens
476 3832 598 3886 istic
624 3832 864 3901 juverit,
900 3847 1028 3889 tunc
1069 3838 1175 3890 erit
1210 3840 1440 3906 pretiosa
1469 3848 1527 3893 et
1570 3839 1622 3893 in
1672 3854 1802 3911 pace

215 3919 408 3975 virtus.
440 3920 555 3976 Non
595 3925 793 3995 quippe
817 3926 1162 3995 semctipsam
1189 3928 1490 3994 vindicans,
1524 3930 1619 3985 sed
1644 3931 1801 4001 pudi-

215 4013 741 4084 citia'coadjuvans.
778 4017 833 4073 Si
868 4030 1049 4085 autem
1080 4030 1134 4073 et
1157 4019 1208 4073 in
1242 4021 1382 4075 bello
1426 4022 1599 4077 virtus
1632 4038 1803 4092 pona-

212 4116 325 4170 tur,
358 4106 699 4160 medietatem
735 4112 949 4177 generis
999 4112 1247 4181 despicit.
1278 4110 1534 4168 Mulieres
1565 4115 1709 4168 enim
1734 4116 1801 4171 ad

212 4197 565 4266 praliantlum
616 4216 891 4255 armamus
948 4202 1060 4273 (50)
1089 4221 1104 4268 ;
1139 4204 1397 4272 pudicitia
1453 4216 1633 4261 autem
1660 4217 1714 4262 et
1746 4209 1799 4262 in

211 4288 349 4343 viris
393 4293 626 4358 pretiosa
654 4302 756 4358 est,
784 4295 968 4347 utilior
993 4305 1172 4347 autem
1214 4305 1269 4349 et
1302 4297 1639 4353 mulieribus.
1692 4299 1803 4353 Cur

212 4390 397 4435 autem
436 4397 541 4437 non
570 4384 801 4449 dicatur,
840 4387 983 4454 quod
1012 4402 1197 4443 verum
1223 4397 1325 4453 est,
1349 4391 1472 4458 quia
1510 4399 1564 4446 et
1586 4392 1800 4447 virtutis

1907 1919 2068 1973 neque
2105 1903 2394 1967 nubentur,
2425 1901 2515 1955 sed
2537 1910 2593 1954 tu
2628 1897 2804 1969 angeli
2838 1905 2992 1952 erunt
3025 1894 3120 1949 Dei
3147 1893 3217 1958 “,
3243 1892 3369 1963 quia
3396 1905 3502 1947 nec

1908 1997 2048 2051 mori
2073 1996 2184 2065 jam
2211 2002 2460 2064 possunt.
2490 1992 2535 2050 0
2565 1992 2949 2049 immortalitas
2979 1990 3254 2061 pudicitia
3271 1986 3496 2057 juncta!

1907 2087 2010 2155 Qui
2041 2088 2095 2141 in
2129 2087 2282 2141 bellis
2318 2086 2542 2140 vincunt
2564 2100 2668 2139 non
2702 2083 3012 2139 efﬁciuntur
3048 2094 3107 2136 ut
3149 2081 3367 2152 angeli,
3401 2078 3499 2134 sed

1904 2178 1995 2246 qui
2028 2190 2201 2245 neqne
2230 2175 2439 2231 nubunt
2483 2189 2660 2245 neque
2681 2172 3107 2231 nubentur.iloc
3128 2171 3391 2241 judicium
3415 2178 3502 2225 est

1916 2266 2033 2336 ejus
2060 2270 2153 2338 qui
2208 2267 2336 2323 fecit
2391 2278 2664 2321 naturam.
2708 2265 2843 2321 Nam
2885 2274 2940 2320 et
2968 2266 3095 2320 alibi
3130 2266 3195 2319 ad
3244 2271 3499 2319 ornatum

1907 2356 2077 2427 ipsius
2112 2357 2390 2427 pudicitia
2417 2357 2630 2413 locutus
2652 2367 2739 2413 est
2771 2356 3033 2427 Dominus
3063 2372 3078 2408 :
3119 2355 3241 2409 Non
3278 2371 3498 2421 omnes,

1908 2448 2122 2519 inquit,
2159 2458 2279 2502 sunt
2308 2448 2493 2519 digni,
2535 2452 2626 2502 sed
2674 2446 2865 2519 quibus
2916 2440 3101 2501 datum
3136 2456 3209 2499 est
3238 2446 3307 2502 ".
3344 2444 3498 2511 Quod

1905 2542 2053 2597 enim
2089 2543 2251 2596 homo
2272 2557 2334 2596 ex
2364 2550 2560 2595 natura
2588 2555 2693 2596 non
2724 2539 2952 2607 habuit,
2993 2537 3097 2594 hoc
3143 2540 3215 2592 sit
3267 2537 3500 2606 desuper

1909 2635 2110 2690 donum
2152 2651 2165 2689 :
2198 2634 2294 2689 sed
2327 2633 2460 2688 mihi
2491 2633 2710 2703 quidem
2744 2632 3003 2703 pudicitia
3044 2632 3145 2686 ista
3188 2645 3343 2685 suam
3378 2626 3500 2698 pulo

1904 2727 2271 2785 cbritudinem
2299 2726 2579 2792 ostendat,
2641 2734 2695 2780 et
2751 2724 2952 2780 sensim
2991 2724 3204 2786 trahat,
3230 2730 3284 2775 et
3333 2718 3501 2773 relin-

1905 2834 2103 2896 quatur
2135 2839 2245 2879 non
2266 2822 2490 2889 cedens,
2527 2835 2702 2891 neque
2728 2820 2930 2891 repleta
2959 2828 3015 2896 et
3044 2827 3197 2887 capta
3232 2816 3362 2871 :sed
3392 2814 3501 2869 sic-

1904 2932 1965 2978 ut
2017 2923 2136 2977 avis
2199 2920 2446 2992 quadam
2507 2919 2805 2981 adornata,
2861 2924 3250 2980 nonnunquam
3304 2907 3501 2963 ludere

1904 3013 2228 3068 desiderans
2257 3012 2461 3065 sensim
2512 3009 2721 3063 recedit
2741 3046 2758 3073 ,
2785 3016 2841 3063 et
2887 3008 2940 3061 in
2986 3021 3052 3062 eo
3078 3004 3207 3059 dum
3242 3001 3496 3065 videtur,

1905 3113 2087 3160 movet
2110 3104 2481 3169 desiderium;
2512 3102 2714 3157 sensim
2747 3111 2929 3155 autem
2974 3100 3100 3155 dum
3142 3106 3413 3160 movetur,
3433 3092 3499 3149 il-

1905 3198 2023 3255 licit
2066 3207 2124 3253 ut
2158 3212 2276 3253 eam
2308 3196 2431 3267 quis
2472 3195 2830 3264 insequatur;
2889 3207 2995 3247 non
3034 3191 3250 3262 capitur
3277 3197 3496 3254 autem,

1904 3291 2029 3362 quia
2065 3290 2233 3360 ipsius
2257 3297 2343 3344 est
2373 3297 2433 3343 ut
2458 3284 3003 3358 eﬂugiat:protendit
3032 3292 3213 3338 autem
3252 3292 3501 3348 cursum,

1904 3394 1960 3440 et
1992 3398 2116 3438 cum
2144 3383 2267 3451 quis
2295 3382 2534 3437 maxime
2566 3378 2837 3451 putaverit
2880 3391 2941 3451 se
2984 3373 3497 3447 comprehendisse.

1906 3484 2086 3529 movet
2119 3489 2350 3541 pennam
2377 3480 2431 3527 et
2460 3471 2606 3526 volat
2633 3490 2646 3525 :
2677 3472 2748 3524 ita
2778 3477 2833 3525 et
2860 3468 3117 3540 pudicitia
3143 3480 3297 3522 suam
3319 3464 3501 3518 varie-

1910 3577 2073 3621 tatem
2110 3568 2162 3622 in
2191 3568 2472 3622 honestate
2494 3564 2813 3635 proferens,
2845 3562 3050 3618 sensim
3083 3569 3265 3615 autem
3295 3573 3354 3615 se
3387 3573 3500 3612 mo-

1905 3676 2036 3716 vens
2061 3671 2113 3715 et
2162 3674 2548 3725 commovens,
2596 3657 2648 3711 in
2682 3664 2887 3711 tantum
2924 3669 3012 3709 me
3049 3653 3214 3707 traxit
3243 3660 3303 3706 ut
3351 3651 3499 3705 inse-

1906 3768 2104 3823 querer
2137 3766 2152 3805 :
2186 3767 2308 3806 cum
2333 3761 2513 3804 autem
2540 3748 2653 3818 jam
2691 3755 2939 3817 putarem
2969 3760 3057 3800 me
3082 3757 3244 3814 posse
3272 3754 3499 3797 manuni

1904 3844 2198 3899 extendere
2222 3856 2452 3910 eamque
2491 3837 2954 3909 comprehendere
2978 3878 2995 3904 ,
3021 3850 3243 3891 movens
3291 3846 3499 3904 pennas

1905 3936 2157 4006 superius
2187 3949 2247 3989 se
2273 3933 2414 3989 calo
2448 3931 2761 3999 coniungit,
2797 3929 2865 3984 ad
2890 3926 3113 3999 angelos
3144 3925 3378 3989 scilicet,
3405 3924 3497 3978 ubi

1906 4030 2022 4094 ejus
2056 4035 2243 4079 natura
2277 4034 2361 4079 est
2384 4034 2442 4078 ut
2472 4031 2711 4078 maneat.
2736 4022 2800 4076 Et
2826 4021 2940 4091 ipsa
2968 4019 3184 4089 quidem
3218 4033 3323 4073 non
3346 4030 3499 4071 com-

1908 4118 2172 4189 prehensa
2203 4116 2435 4181 mansit,
2474 4132 2559 4171 tne
2596 4127 2777 4169 autem
2828 4112 3050 4183 reliquit
3101 4118 3407 4178 stupentem
3442 4117 3532 4161 et.

1905 4211 2306 4266 desiderantem
2335 4209 2911 4280 comprehensionem,
2951 4219 3113 4274 quam
3164 4213 3502 4272 persequens

1908 4322 2014 4359 non
2052 4302 2411 4373 apprehendi.
2438 4300 2613 4357 Etiam
2658 4302 2879 4371 quidem
2931 4296 3250 4367 colligamus
3289 4307 3499 4349 sermo-

1908 4414 2065 4465 nem;
2096 4408 2151 4453 et
2173 4397 2299 4466 quia
2327 4395 2585 4464 pudicitia
2615 4393 2781 4447 multa
2812 4405 3079 4461 superans
3106 4399 3159 4444 et
3185 4400 3498 4443 sermonem

212 4471 384 4543 ipsius
417 4472 628 4529 fructus
654 4486 709 4529 et
747 4475 799 4530 iu
828 4478 984 4531 bellis
1012 4478 1081 4533 ob
1118 4481 1430 4548 pudicitiam
1463 4486 1804 4540 necessarius
1834 4486 1882 4543 D
1912 4494 2091 4560 ipsum
2118 4491 2209 4554 qni
2243 4489 2313 4544 de
2337 4489 2527 4543 eadem
2568 4498 2651 4542 est
2677 4483 3163 4555 ininterpretabilis
3183 4522 3198 4545 ,
3235 4478 3497 4545 recessit,

212 4562 337 4616 est?
372 4561 495 4617 Ideo
521 4565 663 4617 enim
694 4567 1016 4636 suscipimus
1046 4572 1253 4638 pralia,
1273 4582 1333 4625 ut
1364 4589 1467 4627 non
1505 4576 1800 4631 adversarii

212 4663 559 4721 superantes,
595 4657 851 4713 mulieres
904 4671 1060 4713 extra
1117 4661 1291 4732 legem
1354 4666 1633 4734 pudicitia
1678 4682 1803 4723 cor-

214 4756 491 4813 rumpant.
531 4745 587 4799 Si
617 4748 761 4800 enim
802 4749 871 4803 ob
901 4749 1002 4805 hoc
1027 4768 1351 4821 pugnamus,
1378 4767 1431 4808 et
1470 4771 1664 4826 pugna
1704 4767 1803 4811 ter-

214 4850 367 4891 rores
399 4839 743 4905 suscipimus,
794 4842 965 4895 virtus
998 4845 1066 4897 ob
1123 4845 1438 4913 pudicitiam
1465 4858 1522 4903 et
1552 4850 1603 4903 in
1646 4850 1803 4905 bellis

212 4935 473 4982 certatur.
504 4928 656 4984 Sicut
682 4932 826 4985 enim
877 4935 1137 5004 naupegia
1176 4952 1267 4989 ars
1297 4940 1665 5004 gubernatrici
1700 4944 1801 4995 mi-

213 5021 433 5081 nistrat.
468 5021 538 5076 ita
564 5034 619 5077 et
651 5025 823 5078 virtus
851 5026 1123 5094 pudicitia
1150 5042 1409 5097 praparat
1438 5034 1801 5103 tranquillita-

217 5120 347 5163 tem.
391 5110 566 5167 Divisa
611 5126 695 5170 εει
727 5116 893 5185 igitur
937 5119 1110 5172 virtus
1136 5136 1200 5173 ex
1241 5133 1393 5190 parte
1436 5128 1667 5179 maxima
1706 5141 1800 5197 ge-

215 5202 332 5255 neri
369 5214 553 5257 nostro
578 5208 700 5259 :sed
731 5223 829 5262 nec
856 5211 988 5266 viris
1037 5216 1293 5269 omnibus
1328 5216 1474 5269 utilis
1506 5219 1795 5272 invenitur.

217 5293 483 5350 Pravenit
527 5300 669 5353 enim
717 5318 834 5356 eam
883 5316 936 5361 et
991 5310 1327 5377 temporibus
1380 5312 1663 5378 pudicitia.
1695 5313 1795 5379 Qui

1914 4586 2227 4641 universam
2279 4584 2571 4638 humanam
2628 4579 3017 4635 transcendens
3058 4585 3303 4631 naturam
3334 4589 3350 4626 :
3377 4585 3497 4626 ser-

1912 4694 2000 4732 mo
2027 4686 2209 4731 autem
2246 4674 2525 4730 inveniens
2554 4688 2675 4745 qua
2708 4674 2846 4729 Deus
2882 4669 3190 4726 hominibus
3231 4665 3495 4730 donavit,

1910 4780 1964 4823 et
1993 4770 2096 4825 hoc
2126 4769 2471 4834 mortalibus,
2491 4783 2589 4838 per
2611 4782 2735 4836 qua
2774 4757 3235 4821 immortalitatem
3265 4760 3345 4815 eis
3371 4774 3499 4829 pro-

1908 4861 2153 4927 curavit,
2197 4861 2261 4915 ad
2296 4860 2596 4930 gratiarum
2634 4859 2906 4913 actionem
2939 4856 3137 4910 iterum
3175 4866 3233 4906 se
3258 4864 3493 4906 convero

1910 4961 2018 5015 tat,
2047 4960 2101 5007 et
2125 4953 2191 5007 de
2228 4962 2416 5006 sancto
2439 4960 2491 5003 et
2515 4948 2889 5004 sanctiﬁcante
2906 4986 2921 5012 ,
2944 4961 3043 5015 per
3062 4959 3221 5013 quem
3248 4950 3494 4996 sanctum

1910 5038 2011 5092 hoc
2046 5039 2250 5092 donum
2278 5038 2588 5093 hominibus
2625 5037 2815 5101 misit,
2860 5051 2954 5104 per
2986 5034 3322 5104 unigenitum
3348 5030 3495 5083 scili-

1910 5139 1995 5183 cet
2019 5145 2173 5183 suum
2201 5127 2419 5192 Filium,
2455 5130 2595 5184 sitei
2623 5128 2797 5199 gloria
2832 5139 2887 5181 et
2933 5128 3137 5189 honor,
3172 5122 3492 5193 imperium,

1912 5223 2167 5290 maiestas
2201 5240 2323 5278 cum
2357 5225 2562 5294 Spiritu
2590 5235 2783 5278 sancto
2816 5232 2869 5277 et
2900 5238 3040 5277 nunc
3071 5232 3126 5277 et
3162 5233 3409 5288 semper,
3440 5232 3496 5270 et

1908 5333 2001 5385 per
2023 5318 2201 5371 omnia
2234 5318 2427 5371 saecula
2464 5318 2806 5371 saeculorum.
2836 5316 3029 5369 Amen.

287 5451 334 5484 ”
363 5452 553 5509 Matth.
598 5473 707 5512 xxii
734 5501 747 5522 ,
782 5460 867 5513 30.
898 5460 1061 5516 Marc.
1102 5480 1204 5527 xu,
1238 5465 1329 5519 '25.
1364 5464 1493 5521 Luc.
1527 5484 1591 5520 xv
1667 5468 1755 5521 35.
1800 5474 1843 5502 ⁸⁵
1889 5473 2074 5525 Matth.
2107 5487 2221 5535 six,
2274 5474 2355 5526 ll.

292 5617 405 5681 (i8;
444 5620 541 5688 his.
579 5624 821 5688 auribus,
854 5642 915 5677 ne
941 5639 1123 5681 nocent
1156 5630 1444 5682 audimtia.

289 5688 398 5743 (49)
439 5687 769 5773 Intellectum
784 5687 975 5773 autem.
1003 5701 1202 5773 Auctor
1222 5698 1571 5772 Etymnlngict
1608 5719 1803 5773 magna,

220 5758 552 5829 Σωφροσύνη
582 5764 728 5833 παρὰ
756 5764 817 5819 τὸ
852 5766 1044 5831 σώζειν
1074 5771 1131 5822 τὸ
1175 5758 1408 5841 ςρτνῖεἴν.

1986 5636 2102 5703 (50)
2144 5636 2225 5687 Ad
2281 5635 2648 5704 prmliandum.
2709 5633 2802 5687 Ms.
2848 5636 2916 5684 ad
2969 5632 3151 5697 ’zrwlin
3197 5642 3489 5688 armmmls.

1919 5702 2079 5758 Forte
2113 5702 2417 5770 legendum,
2446 5708 2513 5757 ad
2540 5707 2723 5771 pra‘liu
2758 5724 2857 5757 non
2890 5720 3178 5755 nnnmnns.

1990 5777 2101 5845 (hi)
2138 5776 2232 5831 Ms.
2274 5778 2649 5843 fornicationes
2673 5786 2886 5841 erogaut
2919 5782 2963 5826 et
2999 5775 3269 5828 occulunt.
