4048 6322
673 294 813 359 IN‘I

1304 300 1568 359 EUSEBII
1607 303 2086 366 αεεΑιυεκειδ
2121 309 2199 366 0P

2311 310 2496 370 PARS
2531 309 2624 371 IV.
2661 343 2733 356 —
2767 312 3184 372 DOGIATICA.

3774 318 3911 378 ωε

696 454 3893 498 _____________________________________

1621 619 2183 736 EUSEBII
2263 627 2941 742 PAMPHILI

886 853 1032 940 DE
1082 851 1236 945 ΕΟ
1289 852 1624 962 QUOD
1678 857 1982 949 DEUS
2035 859 2423 950 PATER
2479 861 3357 959 INCOBPOBALIS
3404 871 3681 982 EST,

1942 1051 2176 1112 LIBER
2218 1051 2604 1125 QUARTUS.

727 1337 808 1391 Ad
858 1337 1030 1406 ipsum
1079 1337 1243 1394 Deum
1293 1352 1538 1409 nostrum
1589 1345 1860 1413 erigamus
1887 1349 2179 1419 cogitatum
2205 1388 2220 1412 ,
2249 1353 2297 1412 Α
2325 1351 2444 1406 dem
2473 1361 2529 1407 et
2556 1351 2763 1423 lapides
2797 1353 2899 1410 hoc
2929 1353 3100 1422 ipsum
3136 1363 3194 1409 ut
3221 1366 3406 1412 essent
3456 1358 3666 1413 habent
3697 1377 3713 1414 :
3745 1357 3898 1417 arbo-

649 1425 764 1497 jatu
816 1445 920 1484 non
965 1432 1321 1490 concedentes
1367 1436 1620 1505 cogitatui
1678 1436 1864 1506 fugere
1898 1450 1953 1495 et
2007 1441 2216 1496 vitare:

653 1520 924 1588 parcimus
955 1523 1095 1577 enim
1131 1523 1338 1580 timenti
1365 1544 1380 1582 :
1419 1543 1671 1596 urgemus
1699 1539 1877 1584 autem
1917 1548 2021 1587 non
2046 1548 2216 1602 quan-

657 1618 744 1666 tus
767 1621 847 1666 est
872 1611 1011 1667 Deus
1036 1628 1157 1668 eum
1189 1631 1431 1685 quarere
1448 1659 1464 1685 ,
1489 1619 1581 1674 sed
1610 1632 1866 1690 quantum
1898 1624 1996 1691 ipsi
2019 1617 2220 1693 c'ogita-

655 1705 728 1756 tui
767 1705 1018 1771 possibile
1065 1717 1148 1763 est
1184 1711 1470 1766 aestimare.
1515 1711 1707 1768 Multas
1746 1716 1889 1769 enim
1944 1717 2218 1774 adinvenit

650 1794 752 1848 sibi
781 1794 1131 1866 confugiones
1152 1842 1167 1867 ,
1197 1810 1252 1856 et
1281 1802 1564 1859 dilationes
1585 1845 1602 1870 ,
1630 1815 1684 1859 et
1707 1807 2088 1875 circuitiones,
2115 1811 2214 1866 bo-

651 1899 775 1939 num
813 1896 994 1956 utpote
1029 1893 1414 1960 pertimescens
1448 1897 1719 1953 timorem.
1765 1899 1870 1954 Sed
1906 1902 2046 1956 sicut
2075 1917 2214 1971 equo

649 1990 1030 2048 nonnunquam
1054 1985 1271 2050 territo,
1294 1996 1347 2041 et
1373 1988 1586 2045 nolente
1620 2002 1821 2045 rectum
1865 1993 1967 2048 iter
1999 2005 2210 2064 petere,

646 2080 702 2124 et
737 2069 886 2126 freno
915 2074 1018 2127 vim
1043 2075 1269 2135 facimus
1294 2122 1310 2148 ,
1335 2092 1390 2137 et
1416 2085 1683 2142 calcaneis
1713 2099 2006 2158 pungenles
2035 2091 2211 2145 corri-

647 2162 854 2227 gimus.
883 2175 936 2218 et
970 2170 1240 2226 refrenare
1292 2181 1564 2231 tentamus
1609 2179 1677 2232 ab
1726 2179 1808 2232 bis
1836 2194 1955 2243 qua
2001 2181 2049 2235 ei
2105 2197 2207 2235 non

645 2255 1000 2311 comedimus
1032 2278 1044 2312 :
1080 2261 1152 2316 ita
1195 2271 1249 2316 et
1287 2279 1430 2321 nunc
1463 2268 1718 2323 extollere
1749 2271 1812 2323 ad
1861 2271 2024 2325 Deum
2059 2273 2207 2342 cogi-

645 2351 814 2396 tatum
843 2345 1135 2422 debemus,
1167 2367 1471 2420 quarentes
1501 2359 1588 2412 illa
1627 2374 1746 2428 qua
1767 2370 1820 2414 et
1843 2359 2122 2432 Scriptura
2143 2365 2209 2419 de

644 2430 756 2484 Deo
794 2436 959 2501 quaeri
987 2441 1250 2506 permittit
1279 2461 1291 2496 :
1323 2447 1445 2513 quia
1499 2463 1673 2517 neque
1720 2450 1772 2503 in
1828 2430 1988 2506 domo
2028 2453 2201 2515 Deus.

643 2535 821 2591 neque
847 2526 901 2579 in
953 2529 1273 2599 simulacro;
1301 2550 1405 2589 non
1440 2537 1491 2591 in
1527 2548 1706 2593 monte
1744 2551 1836 2594 aut
1881 2551 2058 2608 terra;
2097 2560 2201 2599 non

645 2612 698 2667 in
734 2630 860 2671 aere
888 2619 1021 2689 (52),
1055 2637 1152 2678 nec
1179 2625 1229 2677 in
1261 2627 1378 2695 ipso
1399 2637 1510 2684 toto
1541 2633 1714 2696 casio;
1755 2651 1928 2704 neque
1962 2639 2202 2696 reclusus

640 2713 722 2758 est
744 2745 760 2770 ,
789 2722 962 2778 neque
988 2714 1286 2782 retinetur,
1318 2733 1489 2790 neque
1523 2723 1768 2781 conﬁxus
1809 2737 1894 2781 est
1921 2743 1936 2781 :
1966 2744 2058 2784 seu
2083 2749 2200 2786 om-

638 2795 726 2850 nia
757 2802 970 2867 quidem
997 2803 1403 2872 incorporaliter
1427 2814 1660 2883 complet
1684 2856 1700 2880 ,
1728 2818 1794 2872 ab
1818 2821 2068 2878 omnibus
2099 2839 2201 2878 au-

641 2893 746 2939 tem
771 2888 1205 2950 inenarrabiliter
1229 2909 1312 2952 est
1333 2912 1634 2970 separatus.
1670 2905 1779 2962 Nos
1801 2919 1982 2966 autem
2015 2923 2070 2967 et
2093 2913 2201 2971 late

639 2976 926 3035 lrridemus
951 2997 1082 3047 eos,
1122 2987 1210 3055 qui
1256 3000 1442 3057 putant
1493 3009 1614 3049 esse
1645 2995 1840 3065 Deum,
1893 3011 1986 3056 aut
2033 3004 2197 3070 deos,

642 3072 897 3135 tanquam
930 3087 1146 3142 gregem
1198 3080 1479 3145 quemdam
1529 3084 1795 3141 reclusum
1838 3090 1890 3143 in
1927 3095 2147 3147 mandra
2181 3113 2196 3148 :

639 3156 836 3225 quippe
865 3161 1015 3214 valde
1055 3172 1109 3216 et
1157 3168 1599 3233 reprehendimus
1643 3188 1770 3242 eos,
1809 3180 1898 3246 qui
1930 3181 2110 3237 volunt
2145 3183 2198 3236 in

639 3243 949 3301 simulacris
988 3249 1213 3306 virtutes
1252 3255 1463 3310 divinas
1509 3259 1746 3315 reclusas
1785 3243 2007 3329 haberi,
2049 3282 2116 3322 ex
2148 3267 2200 3322 vi

641 3333 845 3390 scilicet
888 3337 1160 3394 hominum
1186 3344 1561 3412 malignorum.
1607 3347 1894 3408 lrridemus
1922 3357 2063 3410 enim
2107 3372 2200 3412 eos

640 3439 762 3479 cum
791 3426 1003 3483 babilus
1029 3434 1255 3500 appositi
1290 3436 1492 3492 fuerint
1528 3440 1580 3494 in
1622 3443 1954 3509 simulacris,
1986 3446 2198 3515 quidam

637 3516 854 3584 quidem
893 3519 1244 3589 feminarum,
1305 3529 1520 3596 quidam
1569 3543 1746 3587 autem
1799 3539 2199 3607 masculorum,

631 3616 688 3658 \J
715 3609 1114 3678 quadrupedum
1137 3654 1152 3673 .
1179 3627 1233 3669 et
1273 3621 1626 3687 serpentium.
1662 3623 1890 3679 Tantum
1933 3629 2077 3682 enim
2116 3631 2199 3685 lu-

634 3710 784 3749 crum
809 3700 1047 3764 capimus
1081 3719 1142 3756 ex
1178 3705 1526 3776 iisdem,quia
1557 3726 1621 3764 ex
1655 3713 1736 3766 his
1767 3730 1887 3782 quae
1917 3716 2004 3769 alii
2044 3718 2202 3774 aliter

633 3797 687 3839 ct
716 3788 902 3844 dicunt
925 3803 978 3846 et
998 3804 1195 3863 agunt,
1222 3807 1275 3849 et
1306 3800 1538 3854 conilant
1574 3811 1627 3858 et
1671 3804 2030 3871 dissentiunt,
2072 3826 2203 3865 cou-

635 3875 857 3931 fitentur
892 3881 1018 3949 quia
1067 3897 1188 3936 eum
1241 3887 1329 3953 qui
1385 3889 1644 3954 quaeritur
1700 3891 1964 3960 ignorant.
2019 3893 2203 3964 Neque

630 3967 773 4021 enim
805 3985 1000 4039 corpus
1024 3985 1104 4026 est
1139 3975 1278 4030 Deus
1301 4017 1316 4041 ,
1347 3994 1524 4047 neque
1557 3984 1798 4047 corporis
1838 3985 2034 4054 aliquid
2055 4028 2070 4052 ,
2103 3986 2198 4040 ali-

629 4054 749 4120 quis
773 4066 828 4108 ut
855 4068 980 4125 puta
1012 4061 1193 4127 color;
1228 4079 1399 4144 neque
1430 4067 1482 4119 in
1517 4083 1760 4136 corpore.
1785 4073 1954 4140 qualis
1977 4084 2193 4144 putatur

619 4959 826 5023 positus
851 4963 902 5028 (5
919 4963 983 5032 l),
1010 4967 1206 5037 quippe
1256 4974 1440 5027 vivens
1476 4975 1590 5044 ipsa
1635 4959 1759 5046 quas
1808 4959 1910 5037 est.
1939 4984 2177 5054 Corpora

619 5049 760 5100 enim
794 5065 912 5118 qua:
943 5058 1214 5126 accipiunt
1241 5063 1404 5117 vitam
1427 5105 1442 5130 ,
1468 5065 1579 5134 ipsa
1606 5078 1660 5122 et
1695 5070 2011 5128 fraudantur
2045 5077 2173 5132 vita.

620 5141 719 5205 Qui
749 5153 922 5197 autem
956 5164 1053 5203 nec
1081 5151 1288 5208 initium
1317 5160 1524 5228 accepit
1564 5160 1735 5230 (Deus
1765 5167 1907 5220 enim
1964 5157 2174 5225 initium

618 5248 722 5284 non
752 5239 957 5305 accepit
996 5263 1009 5295 :
1044 5244 1161 5310 quis
1193 5250 1329 5302 enim
1364 5260 1415 5303 et
1443 5252 1676 5325 daret?)
1699 5272 1803 5311 non
1838 5262 1944 5314 vita
1979 5262 2030 5316 in
2055 5279 2178 5319 cor-

619 5415 814 5480 gilatus
849 5427 985 5487 quod
1035 5429 1134 5479 sibi
1168 5433 1299 5485 utile
1349 5435 1619 5491 invenitur
1651 5454 1666 5491 :
1694 5442 1815 5510 quia
1858 5457 2020 5514 petrae
2049 5451 2172 5518 qui-

615 5635 644 5673 .
692 5553 799 5622 (33.3)
841 5557 932 5612 Ms.
981 5576 1070 5615 aut
1142 5568 1192 5620 in
1258 5583 1417 5637 terra,
1465 5593 1564 5630 non
1630 5582 1684 5635 in
1737 5584 1905 5648 mari,
1968 5602 2069 5642 non
2117 5590 2171 5645 in

651 5638 749 5673 εγε.

651 5638 749 5674 εγε.

691 5693 804 5758 (ὸῦ)
866 5696 954 5753 Ms.
1028 5703 1253 5775 ἕηκε-(ατ
1312 5715 1446 5770 enim
1480 5726 1525 5773 el
1551 5717 1786 5788 informis
1816 5734 1888 5780 es!
1919 5723 2074 5784 Deus.

2324 1456 2411 1496 res
2441 1451 2622 1496 autem
2657 1453 2712 1498 et
2739 1443 2933 1512 planta:
2957 1446 3024 1498 ad
3061 1445 3112 1498 id
3144 1449 3286 1514 quod
3328 1457 3455 1501 sunt
3482 1459 3894 1518 “sumpserunt

2321 1541 2378 1587 ut
2425 1543 2480 1588 et
2507 1546 2887 1604 exsurgerent,
2925 1547 2981 1592 et
3022 1538 3424 1606 germinarent,
3453 1552 3506 1594 et
3539 1553 3890 1607 crescerent,

2319 1634 2374 1679 et
2425 1639 2822 1694 pascerentur:
2858 1628 3110 1682 animalia
3157 1641 3336 1685 autem
3390 1633 3794 1686 irrationabiiia
3835 1636 3890 1687 ad

2317 1730 2380 1770 ea
2406 1731 2526 1785 quae
2554 1717 2697 1772 dicta
2727 1729 2852 1774 sunt
2881 1720 3042 1774 etiam
3079 1721 3176 1775 hoc
3205 1737 3614 1791 assumpserunt
3639 1769 3650 1786 ,
3682 1737 3740 1777 ut
3775 1742 3888 1780 ssn-

2316 1807 2547 1862 sibilitas
2572 1811 2786 1864 essetin
2821 1811 2921 1866 eis.
2953 1809 3062 1868 Nos
3094 1828 3222 1867 vero
3245 1830 3366 1868 cutn
3399 1816 3481 1868 his
3513 1819 3780 1871 omnibus
3807 1833 3885 1870 ae-

2315 1898 2554 1966 cepimus
2608 1901 2901 1969 cogitatum
2939 1911 2996 1957 et
3047 1918 3308 1970 sensum,
3344 1916 3398 1960 et
3455 1908 3516 1959 ad
3574 1925 3674 1960 nos
3731 1925 3888 1976 usque

2313 2005 2526 2058 semper
2545 1992 2696 2061 quod
2725 2003 2844 2046 erat
2878 1995 3228 2062 honoratius,
3273 1999 3648 2054 additamenta
3697 2002 3886 2054 etii-3e-

2311 2078 2507 2132 bantur
2541 2079 2913 2136 honoratiora.
2946 2082 3113 2139 Nobis
3155 2097 3331 2140 autem
3366 2089 3431 2141 ad
3463 2093 3750 2159 sUperiora
3785 2093 3882 2158 iam

2309 2181 2413 2219 non
2439 2183 2505 2221 ex
2541 2168 2923 2226 additamentis
2945 2174 3258 2243 agnoscitur
3279 2177 3509 2245 dignitas
3529 2219 3545 2240 ,
3577 2183 3672 2234 sed
3713 2185 3756 2233 si
3785 2182 3884 2235 ἱς-τ-

2311 2267 2360 2312 te
2387 2275 2416 2311 a
2463 2259 2890 2318 detractionibus
2923 2282 2937 2320 :
2969 2265 3356 2323 detractionem
3394 2281 3577 2324 autem
3610 2275 3736 2328 dico
3787 2293 3880 2328 non

2306 2365 2367 2404 ex
2403 2351 2486 2405 his
2508 2366 2629 2421 quae
2652 2353 2763 2423 jam
2792 2363 2918 2409 sunt
2951 2366 3008 2411 et
3040 2357 3339 2426 habentur,
3368 2361 3703 2418 ablationem
3733 2405 3748 2428 ,
3792 2369 3879 2420 sed

2313 2441 2482 2509 ipsam
2517 2450 2767 2497 naturam
2789 2460 2912 2515 qua:
2943 2461 3049 2501 non
3084 2448 3310 2519 indiguit
3340 2451 3495 2506 istis:
3529 2464 3590 2508 ut
3620 2467 3751 2524 puta
3782 2474 3878 2513 non

2303 2529 2463 2584 habet
2531 2545 2749 2588 necesse
2803 2535 3113 2605 angelorum
3179 2555 3422 2597 crescere
3454 2555 3650 2600 natura
3695 2565 3711 2601 :
3768 2565 3880 2617 qua

2303 2620 2446 2674 enim
2475 2635 2581 2675 non
2617 2633 2914 2693 augentur,
2945 2634 3001 2681 et
3035 2643 3140 2683 non
3171 2631 3512 2688 minuuntur.
3551 2633 3698 2701 Quid
3753 2652 3876 2709 ergo

2304 2709 2530 2766 inferior
2563 2724 2648 2770 est
2678 2724 2871 2770 natura
2921 2719 3266 2789 angelorum,
3304 2725 3430 2793 quia
3479 2727 3712 2784 arbores
3766 2732 3879 2798 qui-

2301 2801 2420 2855 dem
2449 2811 2504 2856 et
2543 2802 2741 2872 plantre
2769 2819 3102 2874 pascuntur,
3135 2820 3190 2865 et
3234 2825 3515 2882 crescunt,
3565 2827 3622 2871 et
3672 2822 3876 2876 addita-

2303 2901 2486 2947 menta
2518 2895 2827 2965 accipiuut;
2869 2900 3181 2966 angelorum
3228 2913 3405 2958 autem
3457 2918 3650 2963 natura
3701 2926 3874 2983 neque

2303 2985 2605 3054 germinat,
2637 3001 2811 3057 neque
2845 2990 3250 3058 pullulationem
3299 2998 3563 3068 suscipit,
3600 3016 3783 3070 neque
3818 3014 3874 3058 ut

2304 3085 2562 3144 pascatur
2595 3088 2687 3133 aut
2717 3079 2948 3135 addatur
2970 3083 2994 3136 2
3015 3084 3110 3138 Cui
3143 3085 3286 3140 enim
3321 3086 3520 3144 ablatio
3552 3090 3874 3148 incrementi

2302 3176 2387 3220 est
2411 3176 2465 3222 et
2494 3167 2724 3224 aliorum
2754 3183 2875 3240 qua:
2924 3171 3193 3240 diximus,
3227 3191 3331 3232 non
3370 3188 3452 3234 est
3493 3180 3754 3238 damnum
3794 3184 3874 3240 bis

2302 3258 2393 3325 qui
2430 3260 2711 3328 possident
2739 3263 2857 3320 sine
2884 3265 3005 3320 istis
3033 3265 3083 3320 id
3109 3268 3253 3338 quod
3281 3281 3444 3337 sunt,
3475 3275 3568 3327 sed
3594 3275 3872 3343 dignitatis

2300 3349 2591 3405 eminentia
2627 3369 2642 3405 :
2676 3354 2840 3409 multa
2873 3357 3019 3411 enim
3057 3372 3162 3413 non
3210 3360 3391 3415 insunt
3430 3366 3663 3435 angelis,
3699 3385 3873 3440 neque

2301 3442 2496 3496 adsunt
2538 3447 2734 3513 quain
2770 3447 2924 3503 nobis
2950 3453 3233 3507 habentur.
3269 3454 3335 3509 Et
3389 3472 3493 3511 non
3539 3461 3665 3528 quia
3723 3463 3872 3520 deest

2303 3533 2408 3587 illis
2429 3550 2547 3603 quae
2577 3554 2680 3592 non
2719 3541 2954 3606 habent,
2991 3544 3085 3598 sed
3115 3545 3239 3613 quia
3277 3563 3372 3603 nos
3411 3550 3717 3621 indigemus
3751 3556 3869 3618 bis,

2304 3624 2422 3679 ideo
2447 3629 2600 3681 nobis
2631 3632 2781 3686 adest
2808 3635 2873 3686 ad
2903 3634 3154 3689 solatium
3183 3637 3233 3690 id
3271 3641 3411 3708 quod
3446 3645 3514 3697 ab
3545 3644 3738 3700 iisdem
3779 3648 3870 3704 de-

2303 3718 2531 3772 iicimus.
2566 3719 2682 3774 Non
2723 3732 2847 3777 sunt
2882 3727 3080 3795 nuptiae
3109 3731 3248 3798 apud
3281 3731 3516 3802 angelos.
3552 3735 3688 3791 Data
3725 3740 3864 3794 enim

2301 3818 2383 3862 est
2423 3812 2539 3864 viro
2595 3814 2784 3869 mulier
2816 3818 2880 3870 ad
2930 3819 3254 3882 adiutorium
3293 3841 3306 3877 :
3339 3825 3653 3894 angelorum
3688 3839 3864 3886 autem

2305 3905 2671 3973 tmusquisque
2697 3909 2914 3976 propria
2941 3922 3128 3966 natura
3167 3912 3362 3969 suﬁicit
3396 3918 3519 3973 sibi.
3568 3918 3687 3974 Non
3736 3937 3863 3977 con-

2306 3991 2559 4046 ficiuntur
2588 3997 2792 4066 angelis
2821 4001 3161 4070 indumenta,
3194 4015 3255 4060 ut
3296 4017 3591 4064 conlexant
3616 4012 3732 4082 (55)
3752 4030 3864 4084 quc

2295 4083 2625 4140 (:ohabilant.
2653 4087 2765 4143 Non
2791 4091 2978 4148 domus
2999 4096 3186 4150 iisdem
3203 4115 3218 4164 ;
3235 4098 3427 4153 suﬂicit
3452 4102 3598 4156 enim
3622 4083 3818 4160 caelum
3846 4128 3858 4160 :

2294 4190 2396 4228 non
2433 4175 2584 4233 lectis
2628 4181 2830 4253 indiget
2873 4187 2990 4242 siue
3030 4203 3238 4245 sommo
3263 4202 3475 4248 natura.
3520 4195 3637 4251 Non
3673 4213 3856 4255 mensa

2292 4267 2429 4331 apud
2453 4281 2546 4322 eos
2582 4285 2595 4322 :
2629 4270 2770 4328 forte
2798 4286 2981 4330 autem
3023 4294 3122 4334 nec
3152 4293 3450 4348 pascuntur
3482 4302 3498 4339 :
3539 4303 3734 4342 aurum
3765 4305 3856 4347 al-

2284 4817 2447 4869 ram‘!
2484 4817 2594 4874 Nos
2621 4823 2766 4876 enim
2803 4825 2998 4882 divites
3033 4844 3165 4885 auro
3187 4848 3404 4901 sumus,
3436 4842 3611 4911 angeli
3651 4860 3838 4901 aurum

2284 4921 2388 4960 non
2421 4908 2613 4966 habent
2646 4930 2662 4968 :
2706 4928 2815 4968 non
2854 4917 2973 4974 ideo
3002 4935 3264 4993 pauperes
3313 4908 3694 5002 inveniuntur,
3723 4941 3842 5007 quia

2281 5015 2470 5056 aurum
2503 5007 2641 5074 apud
2669 5007 2788 5062 illos
2817 5025 2922 5065 non
2945 5023 3062 5079 est;
3095 5018 3188 5070 sed
3225 5023 3396 5091 magis
3424 5022 3496 5076 illi
3523 5025 3743 5096 divites,
3759 5033 3846 5101 qui

2281 5103 2378 5144 nec
2405 5107 2536 5146 auro
2567 5095 2809 5166 indigent
2837 5109 3020 5157 nostro
3047 5119 3144 5161 nec
3169 5122 3412 5177 argento.
3443 5112 3579 5177 Quid
3610 5095 3746 5186 opus
3769 5095 3844 5176 est

2278 5179 2478 5236 ferrum
2511 5185 2564 5239 in
2595 5189 2792 5243 caelis?
2820 5202 3000 5247 utrum
3035 5197 3103 5251 ad
3131 5198 3399 5256 culturam
3419 5243 3434 5267 ,
3472 5214 3567 5260 aut
3596 5179 3664 5263 ad
3691 5189 3844 5265 navi-

2277 5273 2540 5341 gationem
2568 5321 2582 5344 ,
2614 5291 2704 5333 aut
2733 5283 2796 5334 ad
2833 5283 3029 5339 bellum
3056 5328 3071 5353 ,
3101 5301 3194 5343 aut
3226 5291 3295 5346 ad
3320 5295 3644 5352 medicinam
3665 5301 3688 5353 ?
3712 5301 3842 5370 Quid

2277 5329 2306 5341 ν
2472 5329 2475 5330 ⁷
2530 5329 2535 5330 ⁷
2569 5329 2582 5344 1
2618 5329 2704 5333 ή’“-’
2735 5329 2796 5334 ”“““
2833 5329 3028 5339 ""'"‘."'
3056 5329 3071 5353 ’
3101 5329 3194 5343 -‘I.

621 5338 748 5388 pan
778 5337 856 5378 est.
891 5329 1031 5385 Deus
1054 5375 1066 5394 ,
1100 5340 1189 5388 sed
1221 5341 1345 5394 vita.
1374 5343 1428 5396 lu
1463 5354 1668 5400 tantum
1699 5350 1841 5403 enim
1878 5357 2067 5421 repetit
2089 5372 2180 5412 co-
2209 5361 2255 5420 D
2280 5380 2413 5433 opus
2442 5376 2526 5422 est
2552 5372 2897 5438 permistione
2933 5377 3038 5433 illis
3057 5421 3072 5444 ,
3122 5383 3210 5438 ubi

621 5415 813 5444 ηἷιιιιηη
851 5427 985 5444 ι....,..ι
1040 5429 1097 5444 ,ιι
1124 5429 1134 5439 ο
1210 5433 1261 5444 ..ι
1349 5435 1361 5444 ο
1515 5439 1524 5444 .
1771 5442 1779 5444 .

3244 5400 3348 5438 non
3389 5397 3517 5442 ειωι
3545 5405 3835 5449 commuta-

2282 5457 2499 5515 tiones?
2523 5461 2627 5517 Sed
2663 5479 2761 5520 nec
2795 5469 2968 5525 servis
2999 5485 3135 5542 opus
3183 5484 3266 5530 est
3296 5477 3416 5534 eis:
3447 5481 3648 5539 suﬂicit
3701 5487 3836 5542 enim

2494 5583 2844 5682 Cfmposilns.
2860 5606 3035 5682 forte
3054 5649 3068 5675 ,
3097 5611 3482 5682 incompositus.

2350 5670 2471 5742 (55‘)
2515 5670 2822 5733 Con'lra'nnt.
2859 5670 3375 5760 Forte,'con!rg'ant.
