  <div class='ocr_page' id='page_1' title='image "/cluster/home/n/w/nwhite01/storage/ocr_20150623/24/pst.000005712083/592.png"; bbox 0 0 4048 6322; ppageno 0'>
   <div class='ocr_carea' id='block_1_1' title="bbox 233 290 380 350">
    <p class='ocr_par' dir='ltr' id='par_1_1' title="bbox 233 290 380 350">
     <span class='ocr_line' id='line_1_1' title="bbox 233 290 380 350; baseline 0.014 -2"><span class='ocrx_word' id='word_1_1' title='bbox 233 290 380 350; x_wconf 61' lang='lat'><strong>“£9</strong></span> 
     </span>
    </p>
   </div>
   <div class='ocr_carea' id='block_1_2' title="bbox 1014 282 2698 364">
    <p class='ocr_par' dir='ltr' id='par_1_2' title="bbox 1014 282 2698 364">
     <span class='ocr_line' id='line_1_2' title="bbox 1014 282 2698 364; baseline -0.005 -17"><span class='ocrx_word' id='word_1_2' title='bbox 1014 292 1105 348; x_wconf 83' lang='lat' dir='ltr'><strong>DE</strong></span> <span class='ocrx_word' id='word_1_3' title='bbox 1155 291 1246 364; x_wconf 85' lang='lat' dir='ltr'><strong>EO</strong></span> <span class='ocrx_word' id='word_1_4' title='bbox 1286 291 1476 362; x_wconf 86' lang='lat' dir='ltr'><strong>QUOD</strong></span> <span class='ocrx_word' id='word_1_5' title='bbox 1513 290 1698 349; x_wconf 74' lang='grc' dir='ltr'><strong>ΒΕυὸ</strong></span> <span class='ocrx_word' id='word_1_6' title='bbox 1734 288 1968 347; x_wconf 77' lang='lat' dir='ltr'><strong>PATER</strong></span> <span class='ocrx_word' id='word_1_7' title='bbox 2002 284 2510 347; x_wconf 77' lang='lat' dir='ltr'><strong>INCORPOBALIS</strong></span> <span class='ocrx_word' id='word_1_8' title='bbox 2547 282 2698 341; x_wconf 81' lang='lat' dir='ltr'><strong>EST.</strong></span> 
     </span>
    </p>
   </div>
   <div class='ocr_carea' id='block_1_3' title="bbox 3365 276 3503 334">
    <p class='ocr_par' dir='ltr' id='par_1_3' title="bbox 3365 276 3503 334">
     <span class='ocr_line' id='line_1_3' title="bbox 3365 276 3503 334; baseline 0.014 -1"><span class='ocrx_word' id='word_1_9' title='bbox 3365 276 3503 334; x_wconf 78' lang='lat'><strong>“50</strong></span> 
     </span>
    </p>
   </div>
   <div class='ocr_carea' id='block_1_4' title="bbox 231 394 3503 476">
    <p class='ocr_par' dir='ltr' id='par_1_4' title="bbox 231 394 3503 476">
     <span class='ocr_line' id='line_1_4' title="bbox 231 394 3503 476; baseline -0.003 -16"><span class='ocrx_word' id='word_1_10' title='bbox 231 402 611 474; x_wconf 70' lang='lat' dir='ltr'><strong>unusquisque</strong></span> <span class='ocrx_word' id='word_1_11' title='bbox 661 404 783 460; x_wconf 92' lang='lat' dir='ltr'><strong>sibi.</strong></span> <span class='ocrx_word' id='word_1_12' title='bbox 812 404 878 459; x_wconf 82' lang='lat' dir='ltr'><strong>Et</strong></span> <span class='ocrx_word' id='word_1_13' title='bbox 906 419 1027 475; x_wconf 72' lang='lat' dir='ltr'><strong>qua</strong></span> <span class='ocrx_word' id='word_1_14' title='bbox 1054 414 1308 476; x_wconf 93' lang='lat' dir='ltr'><strong>putamus</strong></span> <span class='ocrx_word' id='word_1_15' title='bbox 1349 403 1504 459; x_wconf 89' lang='lat' dir='ltr'><strong>nobis</strong></span> <span class='ocrx_word' id='word_1_16' title='bbox 1537 416 1659 458; x_wconf 86' lang='lat' dir='ltr'><strong>esse</strong></span> <span class='ocrx_word' id='word_1_17' title='bbox 1702 416 1819 455; x_wconf 86' lang='lat' dir='ltr'><strong>ma-</strong></span> <span class='ocrx_word' id='word_1_18' title='bbox 1852 401 1898 458; x_wconf 79' lang='grc' dir='ltr'><strong>Δ</strong></span> <span class='ocrx_word' id='word_1_19' title='bbox 1927 410 2177 471; x_wconf 88' lang='lat' dir='ltr'><strong>pratum;</strong></span> <span class='ocrx_word' id='word_1_20' title='bbox 2211 408 2268 456; x_wconf 83' lang='lat' dir='ltr'><strong>et</strong></span> <span class='ocrx_word' id='word_1_21' title='bbox 2292 400 2612 454; x_wconf 86' lang='lat' dir='ltr'><strong>assistentes</strong></span> <span class='ocrx_word' id='word_1_22' title='bbox 2640 395 2811 466; x_wconf 82' lang='lat' dir='ltr'><strong>pratis</strong></span> <span class='ocrx_word' id='word_1_23' title='bbox 2833 434 2848 459; x_wconf 93' lang='lat'><strong>,</strong></span> <span class='ocrx_word' id='word_1_24' title='bbox 2890 394 3171 450; x_wconf 85' lang='lat' dir='ltr'><strong>videamus</strong></span> <span class='ocrx_word' id='word_1_25' title='bbox 3211 410 3315 448; x_wconf 83' lang='lat' dir='ltr'><strong>non</strong></span> <span class='ocrx_word' id='word_1_26' title='bbox 3358 410 3503 449; x_wconf 88' lang='lat' dir='ltr'><strong>nunc</strong></span> 
     </span>
    </p>
   </div>
   <div class='ocr_carea' id='block_1_5' title="bbox 230 491 1817 569">
    <p class='ocr_par' dir='ltr' id='par_1_5' title="bbox 230 491 1817 569">
     <span class='ocr_line' id='line_1_5' title="bbox 230 491 1817 569; baseline -0.004 -17"><span class='ocrx_word' id='word_1_27' title='bbox 230 512 343 569; x_wconf 77' lang='lat' dir='ltr'><strong>gna</strong></span> <span class='ocrx_word' id='word_1_28' title='bbox 365 538 383 565; x_wconf 90' lang='lat'><strong>,</strong></span> <span class='ocrx_word' id='word_1_29' title='bbox 409 506 464 551; x_wconf 88' lang='lat' dir='ltr'><strong>et</strong></span> <span class='ocrx_word' id='word_1_30' title='bbox 484 498 626 552; x_wconf 87' lang='lat' dir='ltr'><strong>bona</strong></span> <span class='ocrx_word' id='word_1_31' title='bbox 649 537 665 562; x_wconf 94' lang='lat'><strong>,</strong></span> <span class='ocrx_word' id='word_1_32' title='bbox 692 504 748 552; x_wconf 90' lang='lat' dir='ltr'><strong>et</strong></span> <span class='ocrx_word' id='word_1_33' title='bbox 778 497 1086 552; x_wconf 87' lang='lat' dir='ltr'><strong>necessaria</strong></span> <span class='ocrx_word' id='word_1_34' title='bbox 1112 511 1337 566; x_wconf 74' lang='lat' dir='ltr'><strong>qua-que</strong></span> <span class='ocrx_word' id='word_1_35' title='bbox 1374 504 1500 550; x_wconf 89' lang='lat' dir='ltr'><strong>sunt</strong></span> <span class='ocrx_word' id='word_1_36' title='bbox 1528 492 1716 559; x_wconf 88' lang='lat' dir='ltr'><strong>nobis;</strong></span> <span class='ocrx_word' id='word_1_37' title='bbox 1742 491 1817 547; x_wconf 87' lang='lat' dir='ltr'><strong>illi</strong></span> 
     </span>
    </p>
   </div>
   <div class='ocr_carea' id='block_1_6' title="bbox 234 584 1819 657">
    <p class='ocr_par' dir='ltr' id='par_1_6' title="bbox 234 584 1819 657">
     <span class='ocr_line' id='line_1_6' title="bbox 234 584 1819 657; baseline -0.004 -15"><span class='ocrx_word' id='word_1_38' title='bbox 234 596 447 643; x_wconf 63' lang='lat' dir='ltr'><strong>natura</strong></span> <span class='ocrx_word' id='word_1_39' title='bbox 465 588 646 643; x_wconf 82' lang='lat' dir='ltr'><strong>omnia</strong></span> <span class='ocrx_word' id='word_1_40' title='bbox 668 597 793 643; x_wconf 91' lang='lat' dir='ltr'><strong>sunt</strong></span> <span class='ocrx_word' id='word_1_41' title='bbox 813 588 993 642; x_wconf 90' lang='lat' dir='ltr'><strong>otiosa</strong></span> <span class='ocrx_word' id='word_1_42' title='bbox 1029 606 1043 642; x_wconf 89' lang='lat'><strong>:</strong></span> <span class='ocrx_word' id='word_1_43' title='bbox 1079 598 1134 642; x_wconf 89' lang='lat' dir='ltr'><strong>et</strong></span> <span class='ocrx_word' id='word_1_44' title='bbox 1157 599 1493 657; x_wconf 64' lang='lat' dir='ltr'><strong>quacunque</strong></span> <span class='ocrx_word' id='word_1_45' title='bbox 1521 600 1587 639; x_wconf 93' lang='lat' dir='ltr'><strong>ex</strong></span> <span class='ocrx_word' id='word_1_46' title='bbox 1612 584 1819 636; x_wconf 84' lang='lat' dir='ltr'><strong>anima-</strong></span> 
     </span>
    </p>
   </div>
   <div class='ocr_carea' id='block_1_7' title="bbox 233 673 1812 746">
    <p class='ocr_par' dir='ltr' id='par_1_7' title="bbox 233 673 1812 746">
     <span class='ocr_line' id='line_1_7' title="bbox 233 673 1812 746; baseline -0.004 -16"><span class='ocrx_word' id='word_1_47' title='bbox 233 678 386 733; x_wconf 82' lang='lat' dir='ltr'><strong>libus</strong></span> <span class='ocrx_word' id='word_1_48' title='bbox 433 678 589 733; x_wconf 91' lang='lat' dir='ltr'><strong>nobis</strong></span> <span class='ocrx_word' id='word_1_49' title='bbox 614 688 736 732; x_wconf 90' lang='lat' dir='ltr'><strong>sunt</strong></span> <span class='ocrx_word' id='word_1_50' title='bbox 780 677 972 746; x_wconf 85' lang='lat' dir='ltr'><strong>utilia,</strong></span> <span class='ocrx_word' id='word_1_51' title='bbox 1023 677 1129 732; x_wconf 82' lang='lat' dir='ltr'><strong>illis</strong></span> <span class='ocrx_word' id='word_1_52' title='bbox 1158 685 1288 733; x_wconf 88' lang='lat' dir='ltr'><strong>sunt</strong></span> <span class='ocrx_word' id='word_1_53' title='bbox 1334 692 1441 731; x_wconf 87' lang='lat' dir='ltr'><strong>non</strong></span> <span class='ocrx_word' id='word_1_54' title='bbox 1484 673 1812 730; x_wconf 87' lang='lat' dir='ltr'><strong>necessaria.</strong></span> 
     </span>
    </p>
   </div>
   <div class='ocr_carea' id='block_1_8' title="bbox 234 769 1817 839">
    <p class='ocr_par' dir='ltr' id='par_1_8' title="bbox 234 769 1817 839">
     <span class='ocr_line' id='line_1_8' title="bbox 234 769 1817 839; baseline -0.002 -16"><span class='ocrx_word' id='word_1_55' title='bbox 234 769 454 825; x_wconf 84' lang='lat' dir='ltr'><strong>Tauros</strong></span> <span class='ocrx_word' id='word_1_56' title='bbox 475 771 621 824; x_wconf 90' lang='lat' dir='ltr'><strong>enim</strong></span> <span class='ocrx_word' id='word_1_57' title='bbox 649 771 715 824; x_wconf 88' lang='lat' dir='ltr'><strong>ad</strong></span> <span class='ocrx_word' id='word_1_58' title='bbox 741 770 1007 825; x_wconf 89' lang='lat' dir='ltr'><strong>culturam</strong></span> <span class='ocrx_word' id='word_1_59' title='bbox 1058 785 1167 824; x_wconf 90' lang='lat' dir='ltr'><strong>non</strong></span> <span class='ocrx_word' id='word_1_60' title='bbox 1215 769 1413 824; x_wconf 88' lang='lat' dir='ltr'><strong>habent</strong></span> <span class='ocrx_word' id='word_1_61' title='bbox 1440 782 1576 839; x_wconf 87' lang='lat' dir='ltr'><strong>Opus</strong></span> <span class='ocrx_word' id='word_1_62' title='bbox 1594 806 1610 832; x_wconf 91' lang='lat'><strong>,</strong></span> <span class='ocrx_word' id='word_1_63' title='bbox 1642 780 1817 835; x_wconf 88' lang='lat' dir='ltr'><strong>neque</strong></span> 
     </span>
    </p>
   </div>
   <div class='ocr_carea' id='block_1_9' title="bbox 230 857 1813 931">
    <p class='ocr_par' dir='ltr' id='par_1_9' title="bbox 230 857 1813 931">
     <span class='ocr_line' id='line_1_9' title="bbox 230 857 1813 931; baseline -0.003 -16"><span class='ocrx_word' id='word_1_64' title='bbox 230 874 411 931; x_wconf 86' lang='lat' dir='ltr'><strong>equos</strong></span> <span class='ocrx_word' id='word_1_65' title='bbox 438 862 505 915; x_wconf 91' lang='lat' dir='ltr'><strong>ad</strong></span> <span class='ocrx_word' id='word_1_66' title='bbox 530 861 727 917; x_wconf 87' lang='lat' dir='ltr'><strong>bellum</strong></span> <span class='ocrx_word' id='word_1_67' title='bbox 756 879 770 917; x_wconf 89' lang='lat'><strong>:</strong></span> <span class='ocrx_word' id='word_1_68' title='bbox 800 877 908 916; x_wconf 88' lang='lat' dir='ltr'><strong>nun</strong></span> <span class='ocrx_word' id='word_1_69' title='bbox 936 860 1177 931; x_wconf 74' lang='lat' dir='ltr'><strong>indigent</strong></span> <span class='ocrx_word' id='word_1_70' title='bbox 1216 860 1341 931; x_wconf 90' lang='lat' dir='ltr'><strong>igne</strong></span> <span class='ocrx_word' id='word_1_71' title='bbox 1374 860 1442 914; x_wconf 89' lang='lat' dir='ltr'><strong>ad</strong></span> <span class='ocrx_word' id='word_1_72' title='bbox 1489 857 1773 913; x_wconf 77' lang='lat' dir='ltr'><strong>luminaria</strong></span> <span class='ocrx_word' id='word_1_73' title='bbox 1797 896 1813 920; x_wconf 94' lang='lat'><strong>,</strong></span> 
     </span>
    </p>
   </div>
   <div class='ocr_carea' id='block_1_10' title="bbox 230 949 1817 1024">
    <p class='ocr_par' dir='ltr' id='par_1_10' title="bbox 230 949 1817 1024">
     <span class='ocr_line' id='line_1_10' title="bbox 230 949 1817 1024; baseline -0.001 -20"><span class='ocrx_word' id='word_1_74' title='bbox 230 966 413 1020; x_wconf 88' lang='lat' dir='ltr'><strong>neque</strong></span> <span class='ocrx_word' id='word_1_75' title='bbox 440 966 502 1006; x_wconf 90' lang='lat' dir='ltr'><strong>ea</strong></span> <span class='ocrx_word' id='word_1_76' title='bbox 538 967 658 1021; x_wconf 74' lang='lat' dir='ltr'><strong>qua:</strong></span> <span class='ocrx_word' id='word_1_77' title='bbox 680 967 779 1023; x_wconf 88' lang='lat' dir='ltr'><strong>per</strong></span> <span class='ocrx_word' id='word_1_78' title='bbox 810 954 988 1024; x_wconf 91' lang='lat' dir='ltr'><strong>ignem</strong></span> <span class='ocrx_word' id='word_1_79' title='bbox 1029 953 1096 1007; x_wconf 88' lang='lat' dir='ltr'><strong>ad</strong></span> <span class='ocrx_word' id='word_1_80' title='bbox 1141 967 1351 1007; x_wconf 90' lang='lat' dir='ltr'><strong>curam.</strong></span> <span class='ocrx_word' id='word_1_81' title='bbox 1396 949 1514 1005; x_wconf 83' lang='lat' dir='ltr'><strong>Non</strong></span> <span class='ocrx_word' id='word_1_82' title='bbox 1564 964 1702 1020; x_wconf 89' lang='lat' dir='ltr'><strong>aqua</strong></span> <span class='ocrx_word' id='word_1_83' title='bbox 1733 956 1817 1003; x_wconf 88' lang='lat' dir='ltr'><strong>est</strong></span> 
     </span>
    </p>
   </div>
   <div class='ocr_carea' id='block_1_11' title="bbox 227 1036 1813 1108">
    <p class='ocr_par' dir='ltr' id='par_1_11' title="bbox 227 1036 1813 1108">
     <span class='ocr_line' id='line_1_11' title="bbox 227 1036 1813 1108; baseline -0.001 -14"><span class='ocrx_word' id='word_1_84' title='bbox 227 1040 319 1095; x_wconf 85' lang='lat' dir='ltr'><strong>eis</strong></span> <span class='ocrx_word' id='word_1_85' title='bbox 342 1042 645 1097; x_wconf 86' lang='lat' dir='ltr'><strong>necessaria</strong></span> <span class='ocrx_word' id='word_1_86' title='bbox 668 1083 685 1108; x_wconf 90' lang='lat'><strong>,</strong></span> <span class='ocrx_word' id='word_1_87' title='bbox 713 1058 818 1097; x_wconf 92' lang='lat' dir='ltr'><strong>non</strong></span> <span class='ocrx_word' id='word_1_88' title='bbox 845 1058 911 1097; x_wconf 92' lang='lat' dir='ltr'><strong>ex</strong></span> <span class='ocrx_word' id='word_1_89' title='bbox 942 1043 1101 1107; x_wconf 90' lang='lat' dir='ltr'><strong>mari,</strong></span> <span class='ocrx_word' id='word_1_90' title='bbox 1126 1058 1233 1096; x_wconf 92' lang='lat' dir='ltr'><strong>non</strong></span> <span class='ocrx_word' id='word_1_91' title='bbox 1266 1057 1334 1097; x_wconf 88' lang='lat' dir='ltr'><strong>ex</strong></span> <span class='ocrx_word' id='word_1_92' title='bbox 1364 1052 1505 1096; x_wconf 88' lang='lat' dir='ltr'><strong>terra</strong></span> <span class='ocrx_word' id='word_1_93' title='bbox 1538 1058 1553 1095; x_wconf 89' lang='lat'>:</span> <span class='ocrx_word' id='word_1_94' title='bbox 1584 1056 1691 1094; x_wconf 89' lang='lat' dir='ltr'><strong>non</strong></span> <span class='ocrx_word' id='word_1_95' title='bbox 1725 1036 1813 1093; x_wconf 90' lang='lat' dir='ltr'><strong>illa</strong></span> 
     </span>
    </p>
   </div>
   <div class='ocr_carea' id='block_1_12' title="bbox 227 1130 1815 1203">
    <p class='ocr_par' dir='ltr' id='par_1_12' title="bbox 227 1130 1815 1203">
     <span class='ocr_line' id='line_1_12' title="bbox 227 1130 1815 1203; baseline 0 -18"><span class='ocrx_word' id='word_1_96' title='bbox 227 1145 357 1200; x_wconf 70' lang='lat' dir='ltr'><strong>qua:</strong></span> <span class='ocrx_word' id='word_1_97' title='bbox 382 1145 447 1186; x_wconf 90' lang='lat' dir='ltr'><strong>ex</strong></span> <span class='ocrx_word' id='word_1_98' title='bbox 473 1131 736 1189; x_wconf 79' lang='lat' dir='ltr'><strong>imbribus</strong></span> <span class='ocrx_word' id='word_1_99' title='bbox 758 1143 1098 1203; x_wconf 86' lang='lat' dir='ltr'><strong>apportatur.</strong></span> <span class='ocrx_word' id='word_1_100' title='bbox 1129 1132 1247 1188; x_wconf 84' lang='lat' dir='ltr'><strong>Non</strong></span> <span class='ocrx_word' id='word_1_101' title='bbox 1292 1146 1545 1187; x_wconf 81' lang='lat' dir='ltr'><strong>somnum</strong></span> <span class='ocrx_word' id='word_1_102' title='bbox 1580 1132 1645 1184; x_wconf 89' lang='lat' dir='ltr'><strong>ad</strong></span> <span class='ocrx_word' id='word_1_103' title='bbox 1676 1130 1815 1185; x_wconf 89' lang='lat' dir='ltr'><strong>refe-</strong></span> 
     </span>
    </p>
   </div>
   <div class='ocr_carea' id='block_1_13' title="bbox 228 1220 1811 1289">
    <p class='ocr_par' dir='ltr' id='par_1_13' title="bbox 228 1220 1811 1289">
     <span class='ocr_line' id='line_1_13' title="bbox 228 1220 1811 1289; baseline 0 -14"><span class='ocrx_word' id='word_1_104' title='bbox 228 1222 472 1277; x_wconf 83' lang='lat' dir='ltr'><strong>ctionem</strong></span> <span class='ocrx_word' id='word_1_105' title='bbox 503 1225 869 1278; x_wconf 84' lang='lat' dir='ltr'><strong>necessarium</strong></span> <span class='ocrx_word' id='word_1_106' title='bbox 899 1224 1124 1289; x_wconf 91' lang='lat' dir='ltr'><strong>habent,</strong></span> <span class='ocrx_word' id='word_1_107' title='bbox 1151 1239 1258 1279; x_wconf 87' lang='lat' dir='ltr'><strong>non</strong></span> <span class='ocrx_word' id='word_1_108' title='bbox 1292 1237 1445 1278; x_wconf 81' lang='lat' dir='ltr'><strong>escas</strong></span> <span class='ocrx_word' id='word_1_109' title='bbox 1465 1222 1532 1276; x_wconf 89' lang='lat' dir='ltr'><strong>ad</strong></span> <span class='ocrx_word' id='word_1_110' title='bbox 1559 1220 1811 1277; x_wconf 85' lang='lat' dir='ltr'><strong>salutem.</strong></span> 
     </span>
    </p>
   </div>
   <div class='ocr_carea' id='block_1_14' title="bbox 228 1308 1812 1382">
    <p class='ocr_par' dir='ltr' id='par_1_14' title="bbox 228 1308 1812 1382">
     <span class='ocr_line' id='line_1_14' title="bbox 228 1308 1812 1382; baseline -0.002 -17"><span class='ocrx_word' id='word_1_111' title='bbox 228 1309 405 1368; x_wconf 84' lang='lat' dir='ltr'><strong>Forte</strong></span> <span class='ocrx_word' id='word_1_112' title='bbox 449 1322 628 1368; x_wconf 87' lang='lat' dir='ltr'><strong>autem</strong></span> <span class='ocrx_word' id='word_1_113' title='bbox 656 1314 874 1382; x_wconf 84' lang='lat' dir='ltr'><strong>quidem</strong></span> <span class='ocrx_word' id='word_1_114' title='bbox 921 1322 979 1368; x_wconf 91' lang='lat' dir='ltr'><strong>et</strong></span> <span class='ocrx_word' id='word_1_115' title='bbox 1032 1314 1302 1368; x_wconf 83' lang='lat' dir='ltr'><strong>mirantur</strong></span> <span class='ocrx_word' id='word_1_116' title='bbox 1354 1311 1675 1377; x_wconf 78' lang='lat' dir='ltr'><strong>audientes,</strong></span> <span class='ocrx_word' id='word_1_117' title='bbox 1720 1308 1812 1377; x_wconf 90' lang='lat' dir='ltr'><strong>qui</strong></span> 
     </span>
    </p>
   </div>
   <div class='ocr_carea' id='block_1_15' title="bbox 232 1402 1814 1476">
    <p class='ocr_par' dir='ltr' id='par_1_15' title="bbox 232 1402 1814 1476">
     <span class='ocr_line' id='line_1_15' title="bbox 232 1402 1814 1476; baseline -0.002 -16"><span class='ocrx_word' id='word_1_118' title='bbox 232 1414 423 1460; x_wconf 85' lang='lat' dir='ltr'><strong>mente</strong></span> <span class='ocrx_word' id='word_1_119' title='bbox 448 1406 515 1460; x_wconf 87' lang='lat' dir='ltr'><strong>ad</strong></span> <span class='ocrx_word' id='word_1_120' title='bbox 543 1405 857 1476; x_wconf 84' lang='lat' dir='ltr'><strong>angelorum</strong></span> <span class='ocrx_word' id='word_1_121' title='bbox 880 1407 1079 1462; x_wconf 89' lang='lat' dir='ltr'><strong>choros</strong></span> <span class='ocrx_word' id='word_1_122' title='bbox 1121 1421 1226 1460; x_wconf 90' lang='lat' dir='ltr'><strong>non</strong></span> <span class='ocrx_word' id='word_1_123' title='bbox 1261 1412 1644 1474; x_wconf 84' lang='lat' dir='ltr'><strong>pervenerunt.</strong></span> <span class='ocrx_word' id='word_1_124' title='bbox 1686 1402 1814 1470; x_wconf 84' lang='lat' dir='ltr'><strong>Qui-</strong></span> 
     </span>
    </p>
   </div>
   <div class='ocr_carea' id='block_1_16' title="bbox 227 1494 1815 1559">
    <p class='ocr_par' dir='ltr' id='par_1_16' title="bbox 227 1494 1815 1559">
     <span class='ocr_line' id='line_1_16' title="bbox 227 1494 1815 1559; baseline -0.004 -6"><span class='ocrx_word' id='word_1_125' title='bbox 227 1495 338 1553; x_wconf 81' lang='lat' dir='ltr'><strong>bus</strong></span> <span class='ocrx_word' id='word_1_126' title='bbox 363 1496 509 1553; x_wconf 88' lang='lat' dir='ltr'><strong>enim</strong></span> <span class='ocrx_word' id='word_1_127' title='bbox 548 1496 831 1553; x_wconf 78' lang='lat' dir='ltr'><strong>beatitudo</strong></span> <span class='ocrx_word' id='word_1_128' title='bbox 852 1506 936 1552; x_wconf 91' lang='lat' dir='ltr'><strong>est</strong></span> <span class='ocrx_word' id='word_1_129' title='bbox 963 1498 1009 1552; x_wconf 87' lang='lat' dir='ltr'><strong>si</strong></span> <span class='ocrx_word' id='word_1_130' title='bbox 1035 1498 1361 1551; x_wconf 80' lang='lat' dir='ltr'><strong>manducent</strong></span> <span class='ocrx_word' id='word_1_131' title='bbox 1402 1505 1459 1550; x_wconf 93' lang='lat' dir='ltr'><strong>et</strong></span> <span class='ocrx_word' id='word_1_132' title='bbox 1504 1494 1725 1559; x_wconf 85' lang='lat' dir='ltr'><strong>bibant,</strong></span> <span class='ocrx_word' id='word_1_133' title='bbox 1758 1501 1815 1548; x_wconf 89' lang='lat' dir='ltr'><strong>et</strong></span> 
     </span>
    </p>
   </div>
   <div class='ocr_carea' id='block_1_17' title="bbox 232 1585 1816 1658">
    <p class='ocr_par' dir='ltr' id='par_1_17' title="bbox 232 1585 1816 1658">
     <span class='ocr_line' id='line_1_17' title="bbox 232 1585 1816 1658; baseline -0.003 -15"><span class='ocrx_word' id='word_1_134' title='bbox 232 1589 448 1658; x_wconf 86' lang='lat' dir='ltr'><strong>nuptiis</strong></span> <span class='ocrx_word' id='word_1_135' title='bbox 473 1597 714 1654; x_wconf 87' lang='lat' dir='ltr'><strong>utantur,</strong></span> <span class='ocrx_word' id='word_1_136' title='bbox 746 1596 801 1643; x_wconf 92' lang='lat' dir='ltr'><strong>et</strong></span> <span class='ocrx_word' id='word_1_137' title='bbox 828 1588 1201 1657; x_wconf 86' lang='lat' dir='ltr'><strong>possessiones</strong></span> <span class='ocrx_word' id='word_1_138' title='bbox 1229 1585 1497 1651; x_wconf 86' lang='lat' dir='ltr'><strong>habeant,</strong></span> <span class='ocrx_word' id='word_1_139' title='bbox 1519 1595 1573 1639; x_wconf 89' lang='lat' dir='ltr'><strong>et</strong></span> <span class='ocrx_word' id='word_1_140' title='bbox 1596 1586 1816 1640; x_wconf 81' lang='lat' dir='ltr'><strong>thesau-</strong></span> 
     </span>
    </p>
   </div>
   <div class='ocr_carea' id='block_1_18' title="bbox 230 1674 1812 1747">
    <p class='ocr_par' dir='ltr' id='par_1_18' title="bbox 230 1674 1812 1747">
     <span class='ocr_line' id='line_1_18' title="bbox 230 1674 1812 1747; baseline -0.003 -14"><span class='ocrx_word' id='word_1_141' title='bbox 230 1694 331 1735; x_wconf 85' lang='lat' dir='ltr'><strong>ros</strong></span> <span class='ocrx_word' id='word_1_142' title='bbox 349 1679 673 1743; x_wconf 90' lang='lat' dir='ltr'><strong>recondant,</strong></span> <span class='ocrx_word' id='word_1_143' title='bbox 708 1688 764 1733; x_wconf 92' lang='lat' dir='ltr'><strong>et</strong></span> <span class='ocrx_word' id='word_1_144' title='bbox 786 1677 1092 1747; x_wconf 75' lang='lat' dir='ltr'><strong>iudiciariis</strong></span> <span class='ocrx_word' id='word_1_145' title='bbox 1132 1677 1490 1747; x_wconf 83' lang='lat' dir='ltr'><strong>dignitatibus</strong></span> <span class='ocrx_word' id='word_1_146' title='bbox 1524 1674 1812 1747; x_wconf 83' lang='lat' dir='ltr'><strong>perfruan-</strong></span> 
     </span>
    </p>
   </div>
   <div class='ocr_carea' id='block_1_19' title="bbox 1923 484 3502 557">
    <p class='ocr_par' dir='ltr' id='par_1_19' title="bbox 1923 484 3502 557">
     <span class='ocr_line' id='line_1_19' title="bbox 1923 484 3502 557; baseline -0.007 -10"><span class='ocrx_word' id='word_1_147' title='bbox 1923 492 2087 548; x_wconf 80' lang='lat' dir='ltr'><strong>ﬂores</strong></span> <span class='ocrx_word' id='word_1_148' title='bbox 2114 501 2376 547; x_wconf 89' lang='lat' dir='ltr'><strong>exeuntes</strong></span> <span class='ocrx_word' id='word_1_149' title='bbox 2398 529 2414 556; x_wconf 94' lang='lat'><strong>,</strong></span> <span class='ocrx_word' id='word_1_150' title='bbox 2450 503 2622 557; x_wconf 90' lang='lat' dir='ltr'><strong>neque</strong></span> <span class='ocrx_word' id='word_1_151' title='bbox 2644 486 2917 542; x_wconf 88' lang='lat' dir='ltr'><strong>coloribus</strong></span> <span class='ocrx_word' id='word_1_152' title='bbox 2944 486 3125 541; x_wconf 86' lang='lat' dir='ltr'><strong>varios</strong></span> <span class='ocrx_word' id='word_1_153' title='bbox 3145 528 3160 552; x_wconf 91' lang='lat'><strong>,</strong></span> <span class='ocrx_word' id='word_1_154' title='bbox 3218 499 3393 549; x_wconf 86' lang='lat' dir='ltr'><strong>neque</strong></span> <span class='ocrx_word' id='word_1_155' title='bbox 3447 484 3502 537; x_wconf 91' lang='lat' dir='ltr'><strong>in</strong></span> 
     </span>
    </p>
   </div>
   <div class='ocr_carea' id='block_1_20' title="bbox 1920 576 3502 647">
    <p class='ocr_par' dir='ltr' id='par_1_20' title="bbox 1920 576 3502 647">
     <span class='ocr_line' id='line_1_20' title="bbox 1920 576 3502 647; baseline -0.006 -8"><span class='ocrx_word' id='word_1_156' title='bbox 1920 585 2184 641; x_wconf 85' lang='lat' dir='ltr'><strong>odoribus</strong></span> <span class='ocrx_word' id='word_1_157' title='bbox 2213 584 2494 647; x_wconf 87' lang='lat' dir='ltr'><strong>diversos;</strong></span> <span class='ocrx_word' id='word_1_158' title='bbox 2526 581 2620 635; x_wconf 92' lang='lat' dir='ltr'><strong>sed</strong></span> <span class='ocrx_word' id='word_1_159' title='bbox 2643 579 2923 634; x_wconf 81' lang='lat' dir='ltr'><strong>videamus</strong></span> <span class='ocrx_word' id='word_1_160' title='bbox 2945 578 3052 632; x_wconf 91' lang='lat' dir='ltr'><strong>illic</strong></span> <span class='ocrx_word' id='word_1_161' title='bbox 3080 577 3218 633; x_wconf 65' lang='lat' dir='ltr'><strong>calo</strong></span> <span class='ocrx_word' id='word_1_162' title='bbox 3253 576 3502 645; x_wconf 84' lang='lat' dir='ltr'><strong>superius</strong></span> 
     </span>
    </p>
   </div>
   <div class='ocr_carea' id='block_1_21' title="bbox 1933 668 3499 746">
    <p class='ocr_par' dir='ltr' id='par_1_21' title="bbox 1933 668 3499 746">
     <span class='ocr_line' id='line_1_21' title="bbox 1933 668 3499 746; baseline -0.005 -15"><span class='ocrx_word' id='word_1_163' title='bbox 1933 681 2113 734; x_wconf 89' lang='lat' dir='ltr'><strong>locum</strong></span> <span class='ocrx_word' id='word_1_164' title='bbox 2142 715 2157 738; x_wconf 88' lang='lat'><strong>,</strong></span> <span class='ocrx_word' id='word_1_165' title='bbox 2190 692 2287 746; x_wconf 89' lang='lat' dir='ltr'><strong>per</strong></span> <span class='ocrx_word' id='word_1_166' title='bbox 2322 674 2542 744; x_wconf 84' lang='lat' dir='ltr'><strong>angelos</strong></span> <span class='ocrx_word' id='word_1_167' title='bbox 2567 684 2749 729; x_wconf 88' lang='lat' dir='ltr'><strong>autem</strong></span> <span class='ocrx_word' id='word_1_168' title='bbox 2779 672 3170 743; x_wconf 82' lang='lat' dir='ltr'><strong>splendentem.</strong></span> <span class='ocrx_word' id='word_1_169' title='bbox 3209 668 3499 723; x_wconf 81' lang='lat' dir='ltr'><strong>Multitudo</strong></span> 
     </span>
    </p>
   </div>
   <div class='ocr_carea' id='block_1_22' title="bbox 1926 762 3497 839">
    <p class='ocr_par' dir='ltr' id='par_1_22' title="bbox 1926 762 3497 839">
     <span class='ocr_line' id='line_1_22' title="bbox 1926 762 3497 839; baseline -0.008 -11"><span class='ocrx_word' id='word_1_170' title='bbox 1926 772 2070 828; x_wconf 87' lang='lat' dir='ltr'><strong>enim</strong></span> <span class='ocrx_word' id='word_1_171' title='bbox 2105 772 2216 828; x_wconf 86' lang='lat' dir='ltr'><strong>illic</strong></span> <span class='ocrx_word' id='word_1_172' title='bbox 2248 786 2354 826; x_wconf 91' lang='lat' dir='ltr'><strong>non</strong></span> <span class='ocrx_word' id='word_1_173' title='bbox 2393 778 2540 825; x_wconf 85' lang='lat' dir='ltr'><strong>tanta</strong></span> <span class='ocrx_word' id='word_1_174' title='bbox 2565 778 2767 839; x_wconf 88' lang='lat' dir='ltr'><strong>quanta</strong></span> <span class='ocrx_word' id='word_1_175' title='bbox 2793 774 2879 821; x_wconf 89' lang='lat' dir='ltr'><strong>est</strong></span> <span class='ocrx_word' id='word_1_176' title='bbox 2905 765 3204 822; x_wconf 87' lang='lat' dir='ltr'><strong>stellarum.</strong></span> <span class='ocrx_word' id='word_1_177' title='bbox 3242 763 3300 820; x_wconf 88' lang='lat' dir='ltr'><strong>Si</strong></span> <span class='ocrx_word' id='word_1_178' title='bbox 3350 762 3497 818; x_wconf 85' lang='lat' dir='ltr'><strong>enim</strong></span> 
     </span>
    </p>
   </div>
   <div class='ocr_carea' id='block_1_23' title="bbox 1919 856 3502 923">
    <p class='ocr_par' dir='ltr' id='par_1_23' title="bbox 1919 856 3502 923">
     <span class='ocr_line' id='line_1_23' title="bbox 1919 856 3502 923; baseline -0.009 -5"><span class='ocrx_word' id='word_1_179' title='bbox 1919 872 1976 918; x_wconf 89' lang='lat' dir='ltr'><strong>et</strong></span> <span class='ocrx_word' id='word_1_180' title='bbox 2012 862 2197 916; x_wconf 60' lang='lat' dir='ltr'><strong>multae</strong></span> <span class='ocrx_word' id='word_1_181' title='bbox 2232 869 2360 913; x_wconf 91' lang='lat' dir='ltr'><strong>sunt</strong></span> <span class='ocrx_word' id='word_1_182' title='bbox 2388 858 2576 923; x_wconf 67' lang='lat' dir='ltr'><strong>stellae,</strong></span> <span class='ocrx_word' id='word_1_183' title='bbox 2610 858 2704 913; x_wconf 90' lang='lat' dir='ltr'><strong>sed</strong></span> <span class='ocrx_word' id='word_1_184' title='bbox 2733 857 2786 911; x_wconf 92' lang='lat' dir='ltr'><strong>in</strong></span> <span class='ocrx_word' id='word_1_185' title='bbox 2820 856 3284 923; x_wconf 78' lang='lat' dir='ltr'><strong>magnitudinibus</strong></span> <span class='ocrx_word' id='word_1_186' title='bbox 3306 862 3360 907; x_wconf 92' lang='lat' dir='ltr'><strong>et</strong></span> <span class='ocrx_word' id='word_1_187' title='bbox 3382 867 3502 908; x_wconf 89' lang='lat' dir='ltr'><strong>cor-</strong></span> 
     </span>
    </p>
   </div>
   <div class='ocr_carea' id='block_1_24' title="bbox 1920 947 3500 1023">
    <p class='ocr_par' dir='ltr' id='par_1_24' title="bbox 1920 947 3500 1023">
     <span class='ocr_line' id='line_1_24' title="bbox 1920 947 3500 1023; baseline -0.006 -18"><span class='ocrx_word' id='word_1_188' title='bbox 1920 953 2145 1023; x_wconf 87' lang='lat' dir='ltr'><strong>poribus</strong></span> <span class='ocrx_word' id='word_1_189' title='bbox 2174 950 2486 1006; x_wconf 73' lang='lat' dir='ltr'><strong>constituta:</strong></span> <span class='ocrx_word' id='word_1_190' title='bbox 2506 989 2523 1015; x_wconf 93' lang='lat'><strong>,</strong></span> <span class='ocrx_word' id='word_1_191' title='bbox 2565 948 2700 1004; x_wconf 87' lang='lat' dir='ltr'><strong>locis</strong></span> <span class='ocrx_word' id='word_1_192' title='bbox 2730 948 2968 1015; x_wconf 89' lang='lat' dir='ltr'><strong>indigent</strong></span> <span class='ocrx_word' id='word_1_193' title='bbox 2988 988 3005 1012; x_wconf 96' lang='lat'><strong>,</strong></span> <span class='ocrx_word' id='word_1_194' title='bbox 3030 956 3085 1001; x_wconf 90' lang='lat' dir='ltr'><strong>et</strong></span> <span class='ocrx_word' id='word_1_195' title='bbox 3111 961 3177 1001; x_wconf 82' lang='lat' dir='ltr'><strong>ex</strong></span> <span class='ocrx_word' id='word_1_196' title='bbox 3227 947 3500 1013; x_wconf 84' lang='lat' dir='ltr'><strong>magnitu-</strong></span> 
     </span>
    </p>
   </div>
   <div class='ocr_carea' id='block_1_25' title="bbox 1924 1034 3500 1101">
    <p class='ocr_par' dir='ltr' id='par_1_25' title="bbox 1924 1034 3500 1101">
     <span class='ocr_line' id='line_1_25' title="bbox 1924 1034 3500 1101; baseline -0.01 0"><span class='ocrx_word' id='word_1_197' title='bbox 1924 1046 2052 1101; x_wconf 87' lang='lat' dir='ltr'><strong>dine</strong></span> <span class='ocrx_word' id='word_1_198' title='bbox 2081 1045 2207 1101; x_wconf 63' lang='grc' dir='ltr'><strong>ωιιὶ</strong></span> <span class='ocrx_word' id='word_1_199' title='bbox 2240 1042 2525 1098; x_wconf 88' lang='lat' dir='ltr'><strong>multitudo</strong></span> <span class='ocrx_word' id='word_1_200' title='bbox 2549 1050 2898 1096; x_wconf 88' lang='lat' dir='ltr'><strong>mensuratur</strong></span> <span class='ocrx_word' id='word_1_201' title='bbox 2915 1055 2977 1094; x_wconf 88' lang='lat' dir='ltr'><strong>ea</strong></span> <span class='ocrx_word' id='word_1_202' title='bbox 2989 1055 3127 1094; x_wconf 88' lang='lat' dir='ltr'><strong>rum.</strong></span> <span class='ocrx_word' id='word_1_203' title='bbox 3148 1036 3333 1090; x_wconf 70' lang='lat' dir='ltr'><strong>Tanta:</strong></span> <span class='ocrx_word' id='word_1_204' title='bbox 3353 1034 3500 1093; x_wconf 78' lang='lat' dir='ltr'><strong>enim</strong></span> 
     </span>
    </p>
   </div>
   <div class='ocr_carea' id='block_1_26' title="bbox 1917 1128 3498 1203">
    <p class='ocr_par' dir='ltr' id='par_1_26' title="bbox 1917 1128 3498 1203">
     <span class='ocr_line' id='line_1_26' title="bbox 1917 1128 3498 1203; baseline -0.009 -10"><span class='ocrx_word' id='word_1_205' title='bbox 1917 1149 2082 1201; x_wconf 89' lang='lat' dir='ltr'><strong>sunt,</strong></span> <span class='ocrx_word' id='word_1_206' title='bbox 2128 1144 2359 1203; x_wconf 85' lang='lat' dir='ltr'><strong>quantas</strong></span> <span class='ocrx_word' id='word_1_207' title='bbox 2388 1134 2536 1203; x_wconf 90' lang='lat' dir='ltr'><strong>capit</strong></span> <span class='ocrx_word' id='word_1_208' title='bbox 2581 1143 2637 1186; x_wconf 89' lang='lat' dir='ltr'><strong>et</strong></span> <span class='ocrx_word' id='word_1_209' title='bbox 2681 1133 2903 1186; x_wconf 68' lang='lat' dir='ltr'><strong>caelum.</strong></span> <span class='ocrx_word' id='word_1_210' title='bbox 2953 1128 3139 1199; x_wconf 82' lang='lat' dir='ltr'><strong>Angeli</strong></span> <span class='ocrx_word' id='word_1_211' title='bbox 3176 1136 3353 1182; x_wconf 86' lang='lat' dir='ltr'><strong>autem</strong></span> <span class='ocrx_word' id='word_1_212' title='bbox 3391 1141 3498 1179; x_wconf 90' lang='lat' dir='ltr'><strong>non</strong></span> 
     </span>
    </p>
   </div>
   <div class='ocr_carea' id='block_1_27' title="bbox 1918 1224 3501 1301">
    <p class='ocr_par' dir='ltr' id='par_1_27' title="bbox 1918 1224 3501 1301">
     <span class='ocr_line' id='line_1_27' title="bbox 1918 1224 3501 1301; baseline -0.006 -15"><span class='ocrx_word' id='word_1_213' title='bbox 1918 1231 2173 1301; x_wconf 86' lang='lat' dir='ltr'><strong>indigent</strong></span> <span class='ocrx_word' id='word_1_214' title='bbox 2199 1229 2315 1283; x_wconf 88' lang='lat' dir='ltr'><strong>loco</strong></span> <span class='ocrx_word' id='word_1_215' title='bbox 2338 1268 2354 1292; x_wconf 93' lang='lat'><strong>,</strong></span> <span class='ocrx_word' id='word_1_216' title='bbox 2391 1228 2483 1281; x_wconf 85' lang='lat' dir='ltr'><strong>sed</strong></span> <span class='ocrx_word' id='word_1_217' title='bbox 2516 1225 2669 1281; x_wconf 88' lang='lat' dir='ltr'><strong>liberi</strong></span> <span class='ocrx_word' id='word_1_218' title='bbox 2700 1241 2730 1279; x_wconf 88' lang='lat' dir='ltr'><strong>a</strong></span> <span class='ocrx_word' id='word_1_219' title='bbox 2786 1224 2919 1279; x_wconf 89' lang='lat' dir='ltr'><strong>locis</strong></span> <span class='ocrx_word' id='word_1_220' title='bbox 2948 1225 3191 1277; x_wconf 82' lang='lat' dir='ltr'><strong>viventes</strong></span> <span class='ocrx_word' id='word_1_221' title='bbox 3229 1233 3394 1285; x_wconf 88' lang='lat' dir='ltr'><strong>sunt,</strong></span> <span class='ocrx_word' id='word_1_222' title='bbox 3444 1228 3501 1277; x_wconf 88' lang='lat' dir='ltr'><strong>et</strong></span> 
     </span>
    </p>
   </div>
   <div class='ocr_carea' id='block_1_28' title="bbox 1917 1312 3498 1389">
    <p class='ocr_par' dir='ltr' id='par_1_28' title="bbox 1917 1312 3498 1389">
     <span class='ocr_line' id='line_1_28' title="bbox 1917 1312 3498 1389; baseline -0.004 -14"><span class='ocrx_word' id='word_1_223' title='bbox 1917 1321 1971 1375; x_wconf 91' lang='lat' dir='ltr'><strong>in</strong></span> <span class='ocrx_word' id='word_1_224' title='bbox 2008 1320 2331 1376; x_wconf 87' lang='lat' dir='ltr'><strong>alterutrum</strong></span> <span class='ocrx_word' id='word_1_225' title='bbox 2369 1326 2613 1389; x_wconf 85' lang='lat' dir='ltr'><strong>agentes.</strong></span> <span class='ocrx_word' id='word_1_226' title='bbox 2652 1314 2771 1369; x_wconf 87' lang='lat' dir='ltr'><strong>Non</strong></span> <span class='ocrx_word' id='word_1_227' title='bbox 2813 1316 2866 1369; x_wconf 91' lang='lat' dir='ltr'><strong>in</strong></span> <span class='ocrx_word' id='word_1_228' title='bbox 2908 1312 3226 1369; x_wconf 82' lang='lat' dir='ltr'><strong>confusione</strong></span> <span class='ocrx_word' id='word_1_229' title='bbox 3270 1312 3498 1381; x_wconf 89' lang='lat' dir='ltr'><strong>quippe,</strong></span> 
     </span>
    </p>
   </div>
   <div class='ocr_carea' id='block_1_29' title="bbox 1918 1403 3503 1477">
    <p class='ocr_par' dir='ltr' id='par_1_29' title="bbox 1918 1403 3503 1477">
     <span class='ocr_line' id='line_1_29' title="bbox 1918 1403 3503 1477; baseline -0.006 -10"><span class='ocrx_word' id='word_1_230' title='bbox 1918 1428 2020 1467; x_wconf 90' lang='lat' dir='ltr'><strong>nec</strong></span> <span class='ocrx_word' id='word_1_231' title='bbox 2047 1409 2413 1466; x_wconf 88' lang='lat' dir='ltr'><strong>exsultatione</strong></span> <span class='ocrx_word' id='word_1_232' title='bbox 2461 1422 2723 1477; x_wconf 87' lang='lat' dir='ltr'><strong>corporea</strong></span> <span class='ocrx_word' id='word_1_233' title='bbox 2751 1447 2766 1472; x_wconf 88' lang='lat'><strong>,</strong></span> <span class='ocrx_word' id='word_1_234' title='bbox 2807 1406 2899 1461; x_wconf 88' lang='lat' dir='ltr'><strong>sed</strong></span> <span class='ocrx_word' id='word_1_235' title='bbox 2953 1419 3167 1473; x_wconf 85' lang='lat' dir='ltr'><strong>semper</strong></span> <span class='ocrx_word' id='word_1_236' title='bbox 3211 1404 3265 1457; x_wconf 91' lang='lat' dir='ltr'><strong>in</strong></span> <span class='ocrx_word' id='word_1_237' title='bbox 3298 1403 3503 1458; x_wconf 86' lang='lat' dir='ltr'><strong>lumine</strong></span> 
     </span>
    </p>
   </div>
   <div class='ocr_carea' id='block_1_30' title="bbox 1916 1494 3503 1571">
    <p class='ocr_par' dir='ltr' id='par_1_30' title="bbox 1916 1494 3503 1571">
     <span class='ocr_line' id='line_1_30' title="bbox 1916 1494 3503 1571; baseline -0.007 -12"><span class='ocrx_word' id='word_1_238' title='bbox 1916 1512 2042 1559; x_wconf 89' lang='lat' dir='ltr'><strong>sunt</strong></span> <span class='ocrx_word' id='word_1_239' title='bbox 2072 1520 2085 1556; x_wconf 91' lang='lat'><strong>:</strong></span> <span class='ocrx_word' id='word_1_240' title='bbox 2122 1504 2222 1571; x_wconf 88' lang='lat' dir='ltr'><strong>ipsi</strong></span> <span class='ocrx_word' id='word_1_241' title='bbox 2249 1500 2430 1557; x_wconf 88' lang='lat' dir='ltr'><strong>lumen</strong></span> <span class='ocrx_word' id='word_1_242' title='bbox 2466 1498 2569 1553; x_wconf 89' lang='lat' dir='ltr'><strong>tale</strong></span> <span class='ocrx_word' id='word_1_243' title='bbox 2592 1538 2609 1564; x_wconf 91' lang='lat'><strong>,</strong></span> <span class='ocrx_word' id='word_1_244' title='bbox 2647 1498 2836 1567; x_wconf 87' lang='lat' dir='ltr'><strong>quales</strong></span> <span class='ocrx_word' id='word_1_245' title='bbox 2869 1505 2923 1550; x_wconf 92' lang='lat' dir='ltr'><strong>et</strong></span> <span class='ocrx_word' id='word_1_246' title='bbox 2980 1504 3127 1550; x_wconf 89' lang='lat' dir='ltr'><strong>sunt.</strong></span> <span class='ocrx_word' id='word_1_247' title='bbox 3176 1495 3331 1563; x_wconf 79' lang='lat' dir='ltr'><strong>Apud</strong></span> <span class='ocrx_word' id='word_1_248' title='bbox 3382 1494 3503 1549; x_wconf 85' lang='lat' dir='ltr'><strong>illos</strong></span> 
     </span>
    </p>
   </div>
   <div class='ocr_carea' id='block_1_31' title="bbox 1915 1585 3500 1651">
    <p class='ocr_par' dir='ltr' id='par_1_31' title="bbox 1915 1585 3500 1651">
     <span class='ocr_line' id='line_1_31' title="bbox 1915 1585 3500 1651; baseline -0.008 0"><span class='ocrx_word' id='word_1_249' title='bbox 1915 1595 2060 1651; x_wconf 87' lang='lat' dir='ltr'><strong>enim</strong></span> <span class='ocrx_word' id='word_1_250' title='bbox 2085 1608 2189 1648; x_wconf 91' lang='lat' dir='ltr'><strong>non</strong></span> <span class='ocrx_word' id='word_1_251' title='bbox 2216 1608 2322 1647; x_wconf 90' lang='lat' dir='ltr'><strong>nox</strong></span> <span class='ocrx_word' id='word_1_252' title='bbox 2359 1593 2425 1645; x_wconf 91' lang='lat' dir='ltr'><strong>ad</strong></span> <span class='ocrx_word' id='word_1_253' title='bbox 2469 1590 2832 1646; x_wconf 80' lang='lat' dir='ltr'><strong>refectionem</strong></span> <span class='ocrx_word' id='word_1_254' title='bbox 2865 1588 3097 1642; x_wconf 84' lang='lat' dir='ltr'><strong>habetur</strong></span> <span class='ocrx_word' id='word_1_255' title='bbox 3119 1629 3135 1651; x_wconf 95' lang='lat'><strong>,</strong></span> <span class='ocrx_word' id='word_1_256' title='bbox 3162 1604 3267 1641; x_wconf 87' lang='lat' dir='ltr'><strong>non</strong></span> <span class='ocrx_word' id='word_1_257' title='bbox 3295 1586 3412 1641; x_wconf 89' lang='lat' dir='ltr'><strong>dies</strong></span> <span class='ocrx_word' id='word_1_258' title='bbox 3433 1585 3500 1638; x_wconf 84' lang='lat' dir='ltr'><strong>ad</strong></span> 
     </span>
    </p>
   </div>
   <div class='ocr_carea' id='block_1_32' title="bbox 1918 1677 3504 1752">
    <p class='ocr_par' dir='ltr' id='par_1_32' title="bbox 1918 1677 3504 1752">
     <span class='ocr_line' id='line_1_32' title="bbox 1918 1677 3504 1752; baseline -0.01 -9"><span class='ocrx_word' id='word_1_259' title='bbox 1918 1687 2405 1743; x_wconf 89' lang='lat' dir='ltr'><strong>exsurrectionetn.</strong></span> <span class='ocrx_word' id='word_1_260' title='bbox 2435 1682 2663 1752; x_wconf 87' lang='lat' dir='ltr'><strong>Semper</strong></span> <span class='ocrx_word' id='word_1_261' title='bbox 2692 1680 2837 1734; x_wconf 89' lang='lat' dir='ltr'><strong>enim</strong></span> <span class='ocrx_word' id='word_1_262' title='bbox 2861 1680 3066 1734; x_wconf 85' lang='lat' dir='ltr'><strong>habent</strong></span> <span class='ocrx_word' id='word_1_263' title='bbox 3096 1677 3273 1731; x_wconf 90' lang='lat' dir='ltr'><strong>lumen</strong></span> <span class='ocrx_word' id='word_1_264' title='bbox 3295 1720 3311 1744; x_wconf 93' lang='lat'><strong>,</strong></span> <span class='ocrx_word' id='word_1_265' title='bbox 3343 1686 3397 1730; x_wconf 90' lang='lat' dir='ltr'><strong>et</strong></span> <span class='ocrx_word' id='word_1_266' title='bbox 3421 1677 3504 1729; x_wconf 60' lang='lat' dir='ltr'><strong>lu.-</strong></span> 
     </span>
    </p>
   </div>
   <div class='ocr_carea' id='block_1_33' title="bbox 233 1754 1817 1842">
    <p class='ocr_par' dir='ltr' id='par_1_33' title="bbox 233 1766 1813 1837">
     <span class='ocr_line' id='line_1_33' title="bbox 233 1766 1813 1837; baseline -0.003 -15"><span class='ocrx_word' id='word_1_267' title='bbox 233 1779 361 1834; x_wconf 88' lang='lat' dir='ltr'><strong>tur;</strong></span> <span class='ocrx_word' id='word_1_268' title='bbox 388 1768 472 1824; x_wconf 89' lang='lat' dir='ltr'><strong>his</strong></span> <span class='ocrx_word' id='word_1_269' title='bbox 500 1768 661 1823; x_wconf 85' lang='lat' dir='ltr'><strong>etiam</strong></span> <span class='ocrx_word' id='word_1_270' title='bbox 691 1783 755 1823; x_wconf 89' lang='lat' dir='ltr'><strong>ea</strong></span> <span class='ocrx_word' id='word_1_271' title='bbox 783 1782 905 1837; x_wconf 70' lang='lat' dir='ltr'><strong>quae</strong></span> <span class='ocrx_word' id='word_1_272' title='bbox 931 1782 1092 1837; x_wconf 87' lang='lat' dir='ltr'><strong>supra</strong></span> <span class='ocrx_word' id='word_1_273' title='bbox 1125 1767 1229 1822; x_wconf 87' lang='lat' dir='ltr'><strong>ista</strong></span> <span class='ocrx_word' id='word_1_274' title='bbox 1267 1775 1395 1822; x_wconf 90' lang='lat' dir='ltr'><strong>sunt</strong></span> <span class='ocrx_word' id='word_1_275' title='bbox 1414 1805 1431 1831; x_wconf 95' lang='lat'><strong>,</strong></span> <span class='ocrx_word' id='word_1_276' title='bbox 1458 1766 1669 1819; x_wconf 87' lang='lat' dir='ltr'><strong>minora</strong></span> <span class='ocrx_word' id='word_1_277' title='bbox 1711 1778 1813 1833; x_wconf 79' lang='lat' dir='ltr'><strong>pu-</strong></span> 
     </span>
    </p>
   </div>
   <div class='ocr_carea' id='block_1_34' title="bbox 1924 1754 3504 1842">
    <p class='ocr_par' dir='ltr' id='par_1_34' title="bbox 1924 1768 3504 1842">
     <span class='ocr_line' id='line_1_34' title="bbox 1924 1768 3504 1842; baseline -0.009 -8"><span class='ocrx_word' id='word_1_278' title='bbox 1924 1794 2047 1835; x_wconf 89' lang='lat' dir='ltr'><strong>men</strong></span> <span class='ocrx_word' id='word_1_279' title='bbox 2090 1793 2195 1831; x_wconf 90' lang='lat' dir='ltr'><strong>nou</strong></span> <span class='ocrx_word' id='word_1_280' title='bbox 2224 1777 2327 1831; x_wconf 90' lang='lat' dir='ltr'><strong>hoc</strong></span> <span class='ocrx_word' id='word_1_281' title='bbox 2360 1773 2504 1842; x_wconf 88' lang='lat' dir='ltr'><strong>quod</strong></span> <span class='ocrx_word' id='word_1_282' title='bbox 2557 1772 2696 1842; x_wconf 89' lang='lat' dir='ltr'><strong>apud</strong></span> <span class='ocrx_word' id='word_1_283' title='bbox 2726 1786 2824 1825; x_wconf 90' lang='lat' dir='ltr'><strong>nos</strong></span> <span class='ocrx_word' id='word_1_284' title='bbox 2865 1780 2965 1826; x_wconf 85' lang='lat' dir='ltr'><strong>est.</strong></span> <span class='ocrx_word' id='word_1_285' title='bbox 2999 1770 3112 1824; x_wconf 84' lang='lat' dir='ltr'><strong>Hoc</strong></span> <span class='ocrx_word' id='word_1_286' title='bbox 3156 1769 3301 1823; x_wconf 89' lang='lat' dir='ltr'><strong>enim</strong></span> <span class='ocrx_word' id='word_1_287' title='bbox 3329 1768 3504 1823; x_wconf 82' lang='lat' dir='ltr'><strong>sensi-</strong></span> 
     </span>
    </p>
   </div>
   <div class='ocr_carea' id='block_1_35' title="bbox 232 1855 1812 1916">
    <p class='ocr_par' dir='ltr' id='par_1_35' title="bbox 232 1855 1812 1916">
     <span class='ocr_line' id='line_1_35' title="bbox 232 1855 1812 1916; baseline -0.003 -2"><span class='ocrx_word' id='word_1_288' title='bbox 232 1870 447 1916; x_wconf 76' lang='lat' dir='ltr'><strong>tantur.</strong></span> <span class='ocrx_word' id='word_1_289' title='bbox 479 1858 586 1916; x_wconf 85' lang='lat' dir='ltr'><strong>Sed</strong></span> <span class='ocrx_word' id='word_1_290' title='bbox 619 1874 729 1914; x_wconf 91' lang='lat' dir='ltr'><strong>non</strong></span> <span class='ocrx_word' id='word_1_291' title='bbox 777 1859 1214 1913; x_wconf 88' lang='lat' dir='ltr'><strong>contaminemus</strong></span> <span class='ocrx_word' id='word_1_292' title='bbox 1246 1866 1492 1913; x_wconf 87' lang='lat' dir='ltr'><strong>sanctum</strong></span> <span class='ocrx_word' id='word_1_293' title='bbox 1521 1855 1669 1910; x_wconf 89' lang='lat' dir='ltr'><strong>illum</strong></span> <span class='ocrx_word' id='word_1_294' title='bbox 1713 1870 1812 1909; x_wconf 89' lang='lat' dir='ltr'><strong>an-</strong></span> 
     </span>
    </p>
   </div>
   <div class='ocr_carea' id='block_1_36' title="bbox 227 1946 1813 2025">
    <p class='ocr_par' dir='ltr' id='par_1_36' title="bbox 227 1946 1813 2025">
     <span class='ocr_line' id='line_1_36' title="bbox 227 1946 1813 2025; baseline -0.004 -15"><span class='ocrx_word' id='word_1_295' title='bbox 227 1954 478 2025; x_wconf 75' lang='lat' dir='ltr'><strong>gelorum</strong></span> <span class='ocrx_word' id='word_1_296' title='bbox 501 1954 724 2008; x_wconf 88' lang='lat' dir='ltr'><strong>chorum</strong></span> <span class='ocrx_word' id='word_1_297' title='bbox 750 1969 766 2017; x_wconf 88' lang='lat'><strong>;</strong></span> <span class='ocrx_word' id='word_1_298' title='bbox 805 1967 913 2007; x_wconf 91' lang='lat' dir='ltr'><strong>non</strong></span> <span class='ocrx_word' id='word_1_299' title='bbox 947 1951 1020 2005; x_wconf 90' lang='lat' dir='ltr'><strong>sit</strong></span> <span class='ocrx_word' id='word_1_300' title='bbox 1054 1950 1126 2006; x_wconf 89' lang='lat' dir='ltr'><strong>ibi</strong></span> <span class='ocrx_word' id='word_1_301' title='bbox 1152 1949 1353 2004; x_wconf 81' lang='lat' dir='ltr'><strong>femina</strong></span> <span class='ocrx_word' id='word_1_302' title='bbox 1376 1988 1392 2013; x_wconf 89' lang='lat'><strong>,</strong></span> <span class='ocrx_word' id='word_1_303' title='bbox 1422 1948 1512 2003; x_wconf 90' lang='lat' dir='ltr'><strong>ubi</strong></span> <span class='ocrx_word' id='word_1_304' title='bbox 1541 1946 1813 2003; x_wconf 87' lang='lat' dir='ltr'><strong>successio</strong></span> 
     </span>
    </p>
   </div>
   <div class='ocr_carea' id='block_1_37' title="bbox 233 2040 1808 2111">
    <p class='ocr_par' dir='ltr' id='par_1_37' title="bbox 233 2040 1808 2111">
     <span class='ocr_line' id='line_1_37' title="bbox 233 2040 1808 2111; baseline -0.004 -12"><span class='ocrx_word' id='word_1_305' title='bbox 233 2044 550 2101; x_wconf 85' lang='lat' dir='ltr'><strong>necessaria</strong></span> <span class='ocrx_word' id='word_1_306' title='bbox 589 2058 695 2099; x_wconf 90' lang='lat' dir='ltr'><strong>non</strong></span> <span class='ocrx_word' id='word_1_307' title='bbox 742 2051 847 2098; x_wconf 92' lang='lat' dir='ltr'><strong>est.</strong></span> <span class='ocrx_word' id='word_1_308' title='bbox 881 2040 997 2097; x_wconf 87' lang='lat' dir='ltr'><strong>Non</strong></span> <span class='ocrx_word' id='word_1_309' title='bbox 1040 2041 1168 2111; x_wconf 87' lang='lat' dir='ltr'><strong>quia</strong></span> <span class='ocrx_word' id='word_1_310' title='bbox 1208 2048 1516 2096; x_wconf 86' lang='lat' dir='ltr'><strong>creaturam</strong></span> <span class='ocrx_word' id='word_1_311' title='bbox 1558 2053 1757 2094; x_wconf 87' lang='lat' dir='ltr'><strong>accuso</strong></span> <span class='ocrx_word' id='word_1_312' title='bbox 1793 2056 1808 2092; x_wconf 91' lang='lat'>:</span> 
     </span>
    </p>
   </div>
   <div class='ocr_carea' id='block_1_38' title="bbox 226 2129 1809 2206">
    <p class='ocr_par' dir='ltr' id='par_1_38' title="bbox 226 2129 1809 2206">
     <span class='ocr_line' id='line_1_38' title="bbox 226 2129 1809 2206; baseline -0.003 -17"><span class='ocrx_word' id='word_1_313' title='bbox 226 2135 655 2206; x_wconf 88' lang='lat' dir='ltr'><strong>unumquodque</strong></span> <span class='ocrx_word' id='word_1_314' title='bbox 682 2135 829 2189; x_wconf 90' lang='lat' dir='ltr'><strong>enim</strong></span> <span class='ocrx_word' id='word_1_315' title='bbox 856 2131 1090 2189; x_wconf 78' lang='lat' dir='ltr'><strong>oliieium</strong></span> <span class='ocrx_word' id='word_1_316' title='bbox 1144 2133 1199 2187; x_wconf 93' lang='lat' dir='ltr'><strong>in</strong></span> <span class='ocrx_word' id='word_1_317' title='bbox 1250 2145 1347 2187; x_wconf 89' lang='lat' dir='ltr'><strong>sua</strong></span> <span class='ocrx_word' id='word_1_318' title='bbox 1401 2138 1593 2185; x_wconf 88' lang='lat' dir='ltr'><strong>natura</strong></span> <span class='ocrx_word' id='word_1_319' title='bbox 1635 2129 1809 2199; x_wconf 81' lang='lat' dir='ltr'><strong>jacet;</strong></span> 
     </span>
    </p>
   </div>
   <div class='ocr_carea' id='block_1_39' title="bbox 230 2220 1813 2293">
    <p class='ocr_par' dir='ltr' id='par_1_39' title="bbox 230 2220 1813 2293">
     <span class='ocr_line' id='line_1_39' title="bbox 230 2220 1813 2293; baseline -0.002 -12"><span class='ocrx_word' id='word_1_320' title='bbox 230 2225 373 2281; x_wconf 84' lang='lat' dir='ltr'><strong>bene</strong></span> <span class='ocrx_word' id='word_1_321' title='bbox 397 2226 720 2280; x_wconf 87' lang='lat' dir='ltr'><strong>translatum</strong></span> <span class='ocrx_word' id='word_1_322' title='bbox 756 2235 937 2280; x_wconf 91' lang='lat' dir='ltr'><strong>autem</strong></span> <span class='ocrx_word' id='word_1_323' title='bbox 966 2239 995 2278; x_wconf 89' lang='lat' dir='ltr'><strong>a</strong></span> <span class='ocrx_word' id='word_1_324' title='bbox 1039 2220 1349 2290; x_wconf 83' lang='lat' dir='ltr'><strong>&#39;suislocls,</strong></span> <span class='ocrx_word' id='word_1_325' title='bbox 1394 2232 1451 2277; x_wconf 91' lang='lat' dir='ltr'><strong>et</strong></span> <span class='ocrx_word' id='word_1_326' title='bbox 1499 2223 1813 2293; x_wconf 85' lang='lat' dir='ltr'><strong>regionibus</strong></span> 
     </span>
    </p>
   </div>
   <div class='ocr_carea' id='block_1_40' title="bbox 230 2315 1814 2389">
    <p class='ocr_par' dir='ltr' id='par_1_40' title="bbox 230 2315 1814 2389">
     <span class='ocr_line' id='line_1_40' title="bbox 230 2315 1814 2389; baseline -0.001 -17"><span class='ocrx_word' id='word_1_327' title='bbox 230 2328 289 2373; x_wconf 89' lang='lat' dir='ltr'><strong>et</strong></span> <span class='ocrx_word' id='word_1_328' title='bbox 321 2326 512 2373; x_wconf 87' lang='lat' dir='ltr'><strong>natura</strong></span> <span class='ocrx_word' id='word_1_329' title='bbox 536 2319 604 2373; x_wconf 87' lang='lat' dir='ltr'><strong>ad</strong></span> <span class='ocrx_word' id='word_1_330' title='bbox 633 2332 794 2387; x_wconf 87' lang='lat' dir='ltr'><strong>quam</strong></span> <span class='ocrx_word' id='word_1_331' title='bbox 822 2317 1115 2389; x_wconf 87' lang='lat' dir='ltr'><strong>constituta</strong></span> <span class='ocrx_word' id='word_1_332' title='bbox 1142 2325 1265 2383; x_wconf 84' lang='lat' dir='ltr'><strong>est,</strong></span> <span class='ocrx_word' id='word_1_333' title='bbox 1306 2327 1529 2372; x_wconf 82' lang='lat' dir='ltr'><strong>revocat</strong></span> <span class='ocrx_word' id='word_1_334' title='bbox 1553 2315 1622 2371; x_wconf 84' lang='lat' dir='ltr'><strong>ad</strong></span> <span class='ocrx_word' id='word_1_335' title='bbox 1656 2329 1716 2370; x_wconf 91' lang='lat' dir='ltr'><strong>se</strong></span> <span class='ocrx_word' id='word_1_336' title='bbox 1737 2315 1814 2370; x_wconf 85' lang='lat' dir='ltr'><strong>le-</strong></span> 
     </span>
    </p>
   </div>
   <div class='ocr_carea' id='block_1_41' title="bbox 226 2406 1812 2481">
    <p class='ocr_par' dir='ltr' id='par_1_41' title="bbox 226 2406 1812 2481">
     <span class='ocr_line' id='line_1_41' title="bbox 226 2406 1812 2481; baseline -0.003 -18"><span class='ocrx_word' id='word_1_337' title='bbox 226 2412 323 2481; x_wconf 88' lang='lat' dir='ltr'><strong>gis</strong></span> <span class='ocrx_word' id='word_1_338' title='bbox 351 2409 548 2465; x_wconf 71' lang='lat' dir='ltr'><strong>divina:</strong></span> <span class='ocrx_word' id='word_1_339' title='bbox 571 2409 853 2463; x_wconf 78' lang='lat' dir='ltr'><strong>virtutem.</strong></span> <span class='ocrx_word' id='word_1_340' title='bbox 879 2406 1161 2475; x_wconf 87' lang='lat' dir='ltr'><strong>Quomodo</strong></span> <span class='ocrx_word' id='word_1_341' title='bbox 1190 2408 1334 2462; x_wconf 89' lang='lat' dir='ltr'><strong>enim</strong></span> <span class='ocrx_word' id='word_1_342' title='bbox 1375 2406 1558 2462; x_wconf 85' lang='lat' dir='ltr'><strong>decori</strong></span> <span class='ocrx_word' id='word_1_343' title='bbox 1589 2407 1643 2461; x_wconf 91' lang='lat' dir='ltr'><strong>in</strong></span> <span class='ocrx_word' id='word_1_344' title='bbox 1675 2406 1812 2460; x_wconf 89' lang='lat' dir='ltr'><strong>mari</strong></span> 
     </span>
    </p>
   </div>
   <div class='ocr_carea' id='block_1_42' title="bbox 232 2499 1815 2572">
    <p class='ocr_par' dir='ltr' id='par_1_42' title="bbox 232 2499 1815 2572">
     <span class='ocr_line' id='line_1_42' title="bbox 232 2499 1815 2572; baseline -0.002 -16"><span class='ocrx_word' id='word_1_345' title='bbox 232 2508 364 2557; x_wconf 87' lang='lat' dir='ltr'><strong>sunt</strong></span> <span class='ocrx_word' id='word_1_346' title='bbox 393 2502 620 2572; x_wconf 88' lang='lat' dir='ltr'><strong>piscium</strong></span> <span class='ocrx_word' id='word_1_347' title='bbox 670 2501 905 2570; x_wconf 76' lang='lat' dir='ltr'><strong>greges?</strong></span> <span class='ocrx_word' id='word_1_348' title='bbox 952 2500 1224 2570; x_wconf 91' lang='lat' dir='ltr'><strong>quomodo</strong></span> <span class='ocrx_word' id='word_1_349' title='bbox 1269 2500 1481 2554; x_wconf 68' lang='lat' dir='ltr'><strong>decorat</strong></span> <span class='ocrx_word' id='word_1_350' title='bbox 1518 2510 1645 2554; x_wconf 87' lang='lat' dir='ltr'><strong>sunt</strong></span> <span class='ocrx_word' id='word_1_351' title='bbox 1690 2499 1815 2553; x_wconf 82' lang='lat' dir='ltr'><strong>illo-</strong></span> 
     </span>
    </p>
   </div>
   <div class='ocr_carea' id='block_1_43' title="bbox 228 2590 1815 2661">
    <p class='ocr_par' dir='ltr' id='par_1_43' title="bbox 228 2590 1815 2661">
     <span class='ocr_line' id='line_1_43' title="bbox 228 2590 1815 2661; baseline -0.002 -13"><span class='ocrx_word' id='word_1_352' title='bbox 228 2608 359 2649; x_wconf 79' lang='lat' dir='ltr'><strong>rum</strong></span> <span class='ocrx_word' id='word_1_353' title='bbox 388 2605 443 2647; x_wconf 89' lang='lat' dir='ltr'><strong>tu</strong></span> <span class='ocrx_word' id='word_1_354' title='bbox 470 2594 740 2647; x_wconf 87' lang='lat' dir='ltr'><strong>meatibus</strong></span> <span class='ocrx_word' id='word_1_355' title='bbox 764 2590 1043 2645; x_wconf 84' lang='lat' dir='ltr'><strong>ﬂuminum</strong></span> <span class='ocrx_word' id='word_1_356' title='bbox 1067 2590 1503 2648; x_wconf 75' lang='lat' dir='ltr'><strong>exsultationesi</strong></span> <span class='ocrx_word' id='word_1_357' title='bbox 1544 2591 1815 2661; x_wconf 90' lang='lat' dir='ltr'><strong>quomodo</strong></span> 
     </span>
    </p>
   </div>
   <div class='ocr_carea' id='block_1_44' title="bbox 233 2682 1812 2747">
    <p class='ocr_par' dir='ltr' id='par_1_44' title="bbox 233 2682 1812 2747">
     <span class='ocr_line' id='line_1_44' title="bbox 233 2682 1812 2747; baseline -0.001 -8"><span class='ocrx_word' id='word_1_358' title='bbox 233 2685 417 2740; x_wconf 87' lang='lat' dir='ltr'><strong>nitent</strong></span> <span class='ocrx_word' id='word_1_359' title='bbox 450 2685 503 2739; x_wconf 90' lang='lat' dir='ltr'><strong>in</strong></span> <span class='ocrx_word' id='word_1_360' title='bbox 534 2686 713 2739; x_wconf 79' lang='lat' dir='ltr'><strong>exitus</strong></span> <span class='ocrx_word' id='word_1_361' title='bbox 742 2683 1011 2739; x_wconf 81' lang='lat' dir='ltr'><strong>fontium?</strong></span> <span class='ocrx_word' id='word_1_362' title='bbox 1054 2682 1113 2738; x_wconf 88' lang='lat' dir='ltr'><strong>Si</strong></span> <span class='ocrx_word' id='word_1_363' title='bbox 1155 2694 1339 2738; x_wconf 89' lang='lat' dir='ltr'><strong>autem</strong></span> <span class='ocrx_word' id='word_1_364' title='bbox 1366 2683 1601 2739; x_wconf 88' lang='lat' dir='ltr'><strong>volueris</strong></span> <span class='ocrx_word' id='word_1_365' title='bbox 1641 2683 1812 2747; x_wconf 89' lang='lat' dir='ltr'><strong>istos,</strong></span> 
     </span>
    </p>
   </div>
   <div class='ocr_carea' id='block_1_45' title="bbox 230 2774 1815 2845">
    <p class='ocr_par' dir='ltr' id='par_1_45' title="bbox 230 2774 1815 2845">
     <span class='ocr_line' id='line_1_45' title="bbox 230 2774 1815 2845; baseline -0.003 -12"><span class='ocrx_word' id='word_1_366' title='bbox 230 2786 299 2833; x_wconf 84' lang='lat' dir='ltr'><strong>ut</strong></span> <span class='ocrx_word' id='word_1_367' title='bbox 322 2778 454 2833; x_wconf 85' lang='lat' dir='ltr'><strong>dans</strong></span> <span class='ocrx_word' id='word_1_368' title='bbox 475 2776 821 2843; x_wconf 81' lang='lat' dir='ltr'><strong>beneficium,</strong></span> <span class='ocrx_word' id='word_1_369' title='bbox 846 2791 914 2831; x_wconf 91' lang='lat' dir='ltr'><strong>ex</strong></span> <span class='ocrx_word' id='word_1_370' title='bbox 940 2775 1097 2845; x_wconf 89' lang='lat' dir='ltr'><strong>aquis</strong></span> <span class='ocrx_word' id='word_1_371' title='bbox 1124 2775 1191 2830; x_wconf 90' lang='lat' dir='ltr'><strong>ad</strong></span> <span class='ocrx_word' id='word_1_372' title='bbox 1216 2777 1508 2845; x_wconf 83' lang='lat' dir='ltr'><strong>puritatem</strong></span> <span class='ocrx_word' id='word_1_373' title='bbox 1526 2777 1669 2831; x_wconf 87' lang='lat' dir='ltr'><strong>aeris</strong></span> <span class='ocrx_word' id='word_1_374' title='bbox 1690 2774 1815 2829; x_wconf 90' lang='lat' dir='ltr'><strong>edu-</strong></span> 
     </span>
    </p>
   </div>
   <div class='ocr_carea' id='block_1_46' title="bbox 229 2865 1807 2938">
    <p class='ocr_par' dir='ltr' id='par_1_46' title="bbox 229 2865 1807 2938">
     <span class='ocr_line' id='line_1_46' title="bbox 229 2865 1807 2938; baseline -0.002 -15"><span class='ocrx_word' id='word_1_375' title='bbox 229 2880 393 2936; x_wconf 74' lang='lat' dir='ltr'><strong>cere,</strong></span> <span class='ocrx_word' id='word_1_376' title='bbox 415 2868 482 2923; x_wconf 91' lang='lat' dir='ltr'><strong>ad</strong></span> <span class='ocrx_word' id='word_1_377' title='bbox 508 2868 863 2938; x_wconf 88' lang='lat' dir='ltr'><strong>perditionem</strong></span> <span class='ocrx_word' id='word_1_378' title='bbox 894 2868 1122 2938; x_wconf 83' lang='lat' dir='ltr'><strong>piscium</strong></span> <span class='ocrx_word' id='word_1_379' title='bbox 1156 2865 1479 2921; x_wconf 82' lang='lat' dir='ltr'><strong>beneficium</strong></span> <span class='ocrx_word' id='word_1_380' title='bbox 1512 2865 1603 2921; x_wconf 82' lang='lat' dir='ltr'><strong>ﬂet</strong></span> <span class='ocrx_word' id='word_1_381' title='bbox 1632 2875 1807 2920; x_wconf 92' lang='lat' dir='ltr'><strong>tuum.</strong></span> 
     </span>
    </p>
   </div>
   <div class='ocr_carea' id='block_1_47' title="bbox 236 2957 1814 3031">
    <p class='ocr_par' dir='ltr' id='par_1_47' title="bbox 236 2957 1814 3031">
     <span class='ocr_line' id='line_1_47' title="bbox 236 2957 1814 3031; baseline -0.002 -17"><span class='ocrx_word' id='word_1_382' title='bbox 236 2958 382 3031; x_wconf 80' lang='lat' dir='ltr'><strong>Ergo</strong></span> <span class='ocrx_word' id='word_1_383' title='bbox 408 2959 573 3030; x_wconf 88' lang='lat' dir='ltr'><strong>piscis</strong></span> <span class='ocrx_word' id='word_1_384' title='bbox 603 2958 821 3028; x_wconf 89' lang='lat' dir='ltr'><strong>quidem</strong></span> <span class='ocrx_word' id='word_1_385' title='bbox 871 2958 943 3014; x_wconf 85' lang='lat' dir='ltr'><strong>sit</strong></span> <span class='ocrx_word' id='word_1_386' title='bbox 997 2957 1085 3011; x_wconf 89' lang='lat' dir='ltr'><strong>ubi</strong></span> <span class='ocrx_word' id='word_1_387' title='bbox 1134 2965 1248 3022; x_wconf 88' lang='lat' dir='ltr'><strong>est;</strong></span> <span class='ocrx_word' id='word_1_388' title='bbox 1293 2957 1510 3025; x_wconf 89' lang='lat' dir='ltr'><strong>quidam</strong></span> <span class='ocrx_word' id='word_1_389' title='bbox 1561 2957 1704 3012; x_wconf 90' lang='lat' dir='ltr'><strong>enim</strong></span> <span class='ocrx_word' id='word_1_390' title='bbox 1759 2957 1814 3011; x_wconf 90' lang='lat' dir='ltr'><strong>in</strong></span> 
     </span>
    </p>
   </div>
   <div class='ocr_carea' id='block_1_48' title="bbox 241 3048 1814 3121">
    <p class='ocr_par' dir='ltr' id='par_1_48' title="bbox 241 3048 1814 3121">
     <span class='ocr_line' id='line_1_48' title="bbox 241 3048 1814 3121; baseline -0.001 -18"><span class='ocrx_word' id='word_1_391' title='bbox 241 3052 379 3106; x_wconf 86' lang='lat' dir='ltr'><strong>mari</strong></span> <span class='ocrx_word' id='word_1_392' title='bbox 416 3060 543 3106; x_wconf 90' lang='lat' dir='ltr'><strong>sunt</strong></span> <span class='ocrx_word' id='word_1_393' title='bbox 570 3051 763 3121; x_wconf 88' lang='lat' dir='ltr'><strong>positi;</strong></span> <span class='ocrx_word' id='word_1_394' title='bbox 791 3059 846 3106; x_wconf 91' lang='lat' dir='ltr'><strong>et</strong></span> <span class='ocrx_word' id='word_1_395' title='bbox 874 3051 985 3106; x_wconf 88' lang='lat' dir='ltr'><strong>sint</strong></span> <span class='ocrx_word' id='word_1_396' title='bbox 1013 3050 1103 3105; x_wconf 94' lang='lat' dir='ltr'><strong>ubi</strong></span> <span class='ocrx_word' id='word_1_397' title='bbox 1147 3050 1227 3104; x_wconf 87' lang='lat' dir='ltr'><strong>eis</strong></span> <span class='ocrx_word' id='word_1_398' title='bbox 1266 3060 1349 3103; x_wconf 88' lang='lat' dir='ltr'><strong>est</strong></span> <span class='ocrx_word' id='word_1_399' title='bbox 1378 3051 1559 3103; x_wconf 88' lang='lat' dir='ltr'><strong>datum</strong></span> <span class='ocrx_word' id='word_1_400' title='bbox 1592 3066 1608 3104; x_wconf 90' lang='lat'><strong>:</strong></span> <span class='ocrx_word' id='word_1_401' title='bbox 1639 3048 1729 3103; x_wconf 90' lang='lat' dir='ltr'><strong>alii</strong></span> <span class='ocrx_word' id='word_1_402' title='bbox 1761 3049 1814 3103; x_wconf 94' lang='lat' dir='ltr'><strong>in</strong></span> 
     </span>
    </p>
   </div>
   <div class='ocr_carea' id='block_1_49' title="bbox 232 3139 1815 3210">
    <p class='ocr_par' dir='ltr' id='par_1_49' title="bbox 232 3139 1815 3210">
     <span class='ocr_line' id='line_1_49' title="bbox 232 3139 1815 3210; baseline -0.001 -15"><span class='ocrx_word' id='word_1_403' title='bbox 232 3142 551 3195; x_wconf 78' lang='lat' dir='ltr'><strong>tluminibus</strong></span> <span class='ocrx_word' id='word_1_404' title='bbox 578 3152 631 3197; x_wconf 91' lang='lat' dir='ltr'><strong>et</strong></span> <span class='ocrx_word' id='word_1_405' title='bbox 662 3142 715 3195; x_wconf 91' lang='lat' dir='ltr'><strong>in</strong></span> <span class='ocrx_word' id='word_1_406' title='bbox 744 3141 981 3197; x_wconf 90' lang='lat' dir='ltr'><strong>fontibus</strong></span> <span class='ocrx_word' id='word_1_407' title='bbox 1020 3151 1247 3205; x_wconf 87' lang='lat' dir='ltr'><strong>natant,</strong></span> <span class='ocrx_word' id='word_1_408' title='bbox 1282 3142 1408 3210; x_wconf 90' lang='lat' dir='ltr'><strong>quia</strong></span> <span class='ocrx_word' id='word_1_409' title='bbox 1433 3156 1541 3194; x_wconf 92' lang='lat' dir='ltr'><strong>non</strong></span> <span class='ocrx_word' id='word_1_410' title='bbox 1577 3139 1815 3208; x_wconf 88' lang='lat' dir='ltr'><strong>indigent</strong></span> 
     </span>
    </p>
   </div>
   <div class='ocr_carea' id='block_1_50' title="bbox 236 3230 1816 3301">
    <p class='ocr_par' dir='ltr' id='par_1_50' title="bbox 236 3230 1816 3301">
     <span class='ocr_line' id='line_1_50' title="bbox 236 3230 1816 3301; baseline 0 -17"><span class='ocrx_word' id='word_1_411' title='bbox 236 3234 349 3285; x_wconf 86' lang='lat' dir='ltr'><strong>tuis</strong></span> <span class='ocrx_word' id='word_1_412' title='bbox 382 3232 658 3287; x_wconf 83' lang='lat' dir='ltr'><strong>beneficiis</strong></span> <span class='ocrx_word' id='word_1_413' title='bbox 683 3234 749 3285; x_wconf 92' lang='lat' dir='ltr'><strong>ad</strong></span> <span class='ocrx_word' id='word_1_414' title='bbox 781 3232 1280 3300; x_wconf 85' lang='lat' dir='ltr'><strong>interemptionem.</strong></span> <span class='ocrx_word' id='word_1_415' title='bbox 1329 3230 1467 3298; x_wconf 86' lang='lat' dir='ltr'><strong>Quid</strong></span> <span class='ocrx_word' id='word_1_416' title='bbox 1495 3231 1666 3301; x_wconf 74' lang='lat' dir='ltr'><strong>ergo?</strong></span> <span class='ocrx_word' id='word_1_417' title='bbox 1692 3232 1816 3301; x_wconf 91' lang='lat' dir='ltr'><strong>quia</strong></span> 
     </span>
    </p>
   </div>
   <div class='ocr_carea' id='block_1_51' title="bbox 236 3322 1817 3392">
    <p class='ocr_par' dir='ltr' id='par_1_51' title="bbox 236 3322 1817 3392">
     <span class='ocr_line' id='line_1_51' title="bbox 236 3322 1817 3392; baseline 0.001 -17"><span class='ocrx_word' id='word_1_418' title='bbox 236 3322 379 3375; x_wconf 82' lang='lat' dir='ltr'><strong>bona</strong></span> <span class='ocrx_word' id='word_1_419' title='bbox 405 3332 487 3375; x_wconf 85' lang='lat' dir='ltr'><strong>est</strong></span> <span class='ocrx_word' id='word_1_420' title='bbox 512 3337 648 3391; x_wconf 89' lang='lat' dir='ltr'><strong>aqua</strong></span> <span class='ocrx_word' id='word_1_421' title='bbox 676 3323 914 3392; x_wconf 87' lang='lat' dir='ltr'><strong>piscibus</strong></span> <span class='ocrx_word' id='word_1_422' title='bbox 940 3362 957 3388; x_wconf 96' lang='lat'><strong>,</strong></span> <span class='ocrx_word' id='word_1_423' title='bbox 983 3322 1320 3391; x_wconf 81' lang='lat' dir='ltr'><strong>deponamus</strong></span> <span class='ocrx_word' id='word_1_424' title='bbox 1344 3322 1453 3377; x_wconf 90' lang='lat' dir='ltr'><strong>illic</strong></span> <span class='ocrx_word' id='word_1_425' title='bbox 1477 3323 1817 3377; x_wconf 83' lang='lat' dir='ltr'><strong>exsultantes</strong></span> 
     </span>
    </p>
   </div>
   <div class='ocr_carea' id='block_1_52' title="bbox 239 3412 1817 3484">
    <p class='ocr_par' dir='ltr' id='par_1_52' title="bbox 239 3412 1817 3484">
     <span class='ocr_line' id='line_1_52' title="bbox 239 3412 1817 3484; baseline 0.001 -17"><span class='ocrx_word' id='word_1_426' title='bbox 239 3422 299 3467; x_wconf 90' lang='lat' dir='ltr'><strong>et</strong></span> <span class='ocrx_word' id='word_1_427' title='bbox 331 3412 594 3467; x_wconf 88' lang='lat' dir='ltr'><strong>homines.</strong></span> <span class='ocrx_word' id='word_1_428' title='bbox 623 3412 931 3467; x_wconf 87' lang='lat' dir='ltr'><strong>Secundum</strong></span> <span class='ocrx_word' id='word_1_429' title='bbox 965 3414 1131 3467; x_wconf 89' lang='lat' dir='ltr'><strong>istum</strong></span> <span class='ocrx_word' id='word_1_430' title='bbox 1159 3414 1323 3484; x_wconf 90' lang='lat' dir='ltr'><strong>igitur</strong></span> <span class='ocrx_word' id='word_1_431' title='bbox 1352 3415 1817 3481; x_wconf 86' lang='lat' dir='ltr'><strong>sermonem,sint</strong></span> 
     </span>
    </p>
   </div>
   <div class='ocr_carea' id='block_1_53' title="bbox 240 3505 1815 3575">
    <p class='ocr_par' dir='ltr' id='par_1_53' title="bbox 240 3505 1815 3575">
     <span class='ocr_line' id='line_1_53' title="bbox 240 3505 1815 3575; baseline 0 -15"><span class='ocrx_word' id='word_1_432' title='bbox 240 3506 517 3560; x_wconf 85' lang='lat' dir='ltr'><strong>masculus</strong></span> <span class='ocrx_word' id='word_1_433' title='bbox 542 3518 596 3562; x_wconf 91' lang='lat' dir='ltr'><strong>et</strong></span> <span class='ocrx_word' id='word_1_434' title='bbox 621 3505 819 3561; x_wconf 79' lang='lat' dir='ltr'><strong>femina</strong></span> <span class='ocrx_word' id='word_1_435' title='bbox 851 3506 1009 3561; x_wconf 88' lang='lat' dir='ltr'><strong>utiles</strong></span> <span class='ocrx_word' id='word_1_436' title='bbox 1065 3506 1207 3575; x_wconf 89' lang='lat' dir='ltr'><strong>apud</strong></span> <span class='ocrx_word' id='word_1_437' title='bbox 1258 3520 1357 3560; x_wconf 91' lang='lat' dir='ltr'><strong>nos</strong></span> <span class='ocrx_word' id='word_1_438' title='bbox 1390 3516 1444 3561; x_wconf 91' lang='lat' dir='ltr'><strong>et</strong></span> <span class='ocrx_word' id='word_1_439' title='bbox 1487 3506 1815 3572; x_wconf 87' lang='lat' dir='ltr'><strong>necessarii,</strong></span> 
     </span>
    </p>
   </div>
   <div class='ocr_carea' id='block_1_54' title="bbox 242 3597 1819 3651">
    <p class='ocr_par' dir='ltr' id='par_1_54' title="bbox 242 3597 1819 3651">
     <span class='ocr_line' id='line_1_54' title="bbox 242 3597 1819 3651; baseline 0.001 -2"><span class='ocrx_word' id='word_1_440' title='bbox 242 3597 525 3649; x_wconf 81' lang='lat' dir='ltr'><strong>hominum</strong></span> <span class='ocrx_word' id='word_1_441' title='bbox 556 3609 734 3649; x_wconf 81' lang='lat' dir='ltr'><strong>autem</strong></span> <span class='ocrx_word' id='word_1_442' title='bbox 771 3606 1020 3650; x_wconf 87' lang='lat' dir='ltr'><strong>naturam</strong></span> <span class='ocrx_word' id='word_1_443' title='bbox 1051 3606 1242 3651; x_wconf 87' lang='lat' dir='ltr'><strong>contra</strong></span> <span class='ocrx_word' id='word_1_444' title='bbox 1282 3606 1532 3650; x_wconf 84' lang='lat' dir='ltr'><strong>naturam</strong></span> <span class='ocrx_word' id='word_1_445' title='bbox 1562 3612 1674 3651; x_wconf 90' lang='lat' dir='ltr'><strong>non</strong></span> <span class='ocrx_word' id='word_1_446' title='bbox 1726 3597 1819 3651; x_wconf 84' lang='lat' dir='ltr'><strong>de-</strong></span> 
     </span>
    </p>
   </div>
   <div class='ocr_carea' id='block_1_55' title="bbox 241 3687 1820 3757">
    <p class='ocr_par' dir='ltr' id='par_1_55' title="bbox 241 3687 1820 3757">
     <span class='ocr_line' id='line_1_55' title="bbox 241 3687 1820 3757; baseline 0.001 -16"><span class='ocrx_word' id='word_1_447' title='bbox 241 3703 527 3756; x_wconf 88' lang='lat' dir='ltr'><strong>ponamus.</strong></span> <span class='ocrx_word' id='word_1_448' title='bbox 568 3687 624 3742; x_wconf 93' lang='lat' dir='ltr'><strong>Si</strong></span> <span class='ocrx_word' id='word_1_449' title='bbox 657 3690 801 3742; x_wconf 90' lang='lat' dir='ltr'><strong>enim</strong></span> <span class='ocrx_word' id='word_1_450' title='bbox 832 3688 1125 3742; x_wconf 86' lang='lat' dir='ltr'><strong>ascendere</strong></span> <span class='ocrx_word' id='word_1_451' title='bbox 1146 3702 1254 3741; x_wconf 91' lang='lat' dir='ltr'><strong>non</strong></span> <span class='ocrx_word' id='word_1_452' title='bbox 1289 3697 1465 3757; x_wconf 87' lang='lat' dir='ltr'><strong>potest</strong></span> <span class='ocrx_word' id='word_1_453' title='bbox 1495 3696 1686 3741; x_wconf 88' lang='lat' dir='ltr'><strong>natura</strong></span> <span class='ocrx_word' id='word_1_454' title='bbox 1738 3690 1820 3757; x_wconf 88' lang='lat' dir='ltr'><strong>pi-</strong></span> 
     </span>
    </p>
   </div>
   <div class='ocr_carea' id='block_1_56' title="bbox 241 3780 1820 3851">
    <p class='ocr_par' dir='ltr' id='par_1_56' title="bbox 241 3780 1820 3851">
     <span class='ocr_line' id='line_1_56' title="bbox 241 3780 1820 3851; baseline 0.003 -20"><span class='ocrx_word' id='word_1_455' title='bbox 241 3782 416 3835; x_wconf 86' lang='lat' dir='ltr'><strong>scium</strong></span> <span class='ocrx_word' id='word_1_456' title='bbox 456 3795 617 3851; x_wconf 87' lang='lat' dir='ltr'><strong>supra</strong></span> <span class='ocrx_word' id='word_1_457' title='bbox 642 3790 889 3834; x_wconf 88' lang='lat' dir='ltr'><strong>naturam</strong></span> <span class='ocrx_word' id='word_1_458' title='bbox 910 3820 925 3845; x_wconf 97' lang='lat'><strong>,</strong></span> <span class='ocrx_word' id='word_1_459' title='bbox 956 3781 1226 3850; x_wconf 90' lang='lat' dir='ltr'><strong>quomodo</strong></span> <span class='ocrx_word' id='word_1_460' title='bbox 1250 3794 1359 3833; x_wconf 87' lang='lat' dir='ltr'><strong>non</strong></span> <span class='ocrx_word' id='word_1_461' title='bbox 1398 3780 1571 3849; x_wconf 88' lang='lat' dir='ltr'><strong>magis</strong></span> <span class='ocrx_word' id='word_1_462' title='bbox 1607 3780 1820 3835; x_wconf 87' lang='lat' dir='ltr'><strong>timebi-</strong></span> 
     </span>
    </p>
   </div>
   <div class='ocr_carea' id='block_1_57' title="bbox 246 3869 1818 3944">
    <p class='ocr_par' dir='ltr' id='par_1_57' title="bbox 246 3869 1818 3944">
     <span class='ocr_line' id='line_1_57' title="bbox 246 3869 1818 3944; baseline -0.001 -17"><span class='ocrx_word' id='word_1_463' title='bbox 246 3889 399 3941; x_wconf 85' lang='lat' dir='ltr'><strong>mus,</strong></span> <span class='ocrx_word' id='word_1_464' title='bbox 432 3873 477 3928; x_wconf 89' lang='lat' dir='ltr'><strong>si</strong></span> <span class='ocrx_word' id='word_1_465' title='bbox 529 3874 842 3944; x_wconf 88' lang='lat' dir='ltr'><strong>angelorum</strong></span> <span class='ocrx_word' id='word_1_466' title='bbox 893 3883 1143 3928; x_wconf 90' lang='lat' dir='ltr'><strong>naturam</strong></span> <span class='ocrx_word' id='word_1_467' title='bbox 1192 3873 1358 3927; x_wconf 90' lang='lat' dir='ltr'><strong>verbo</strong></span> <span class='ocrx_word' id='word_1_468' title='bbox 1415 3872 1529 3925; x_wconf 88' lang='lat' dir='ltr'><strong>ausi</strong></span> <span class='ocrx_word' id='word_1_469' title='bbox 1560 3869 1818 3926; x_wconf 89' lang='lat' dir='ltr'><strong>fuerimus</strong></span> 
     </span>
    </p>
   </div>
   <div class='ocr_carea' id='block_1_58' title="bbox 243 3962 1821 4037">
    <p class='ocr_par' dir='ltr' id='par_1_58' title="bbox 243 3962 1821 4037">
     <span class='ocr_line' id='line_1_58' title="bbox 243 3962 1821 4037; baseline -0.004 -15"><span class='ocrx_word' id='word_1_470' title='bbox 243 3968 516 4037; x_wconf 87' lang='lat' dir='ltr'><strong>deponere</strong></span> <span class='ocrx_word' id='word_1_471' title='bbox 538 4005 555 4031; x_wconf 95' lang='lat'><strong>,</strong></span> <span class='ocrx_word' id='word_1_472' title='bbox 576 3981 695 4037; x_wconf 75' lang='lat' dir='ltr'><strong>quae</strong></span> <span class='ocrx_word' id='word_1_473' title='bbox 722 3980 828 4020; x_wconf 89' lang='lat' dir='ltr'><strong>non</strong></span> <span class='ocrx_word' id='word_1_474' title='bbox 863 3964 1184 4020; x_wconf 76' lang='lat' dir='ltr'><strong>descendit?</strong></span> <span class='ocrx_word' id='word_1_475' title='bbox 1210 3964 1360 4018; x_wconf 85' lang='lat' dir='ltr'><strong>Alias</strong></span> <span class='ocrx_word' id='word_1_476' title='bbox 1385 3973 1565 4017; x_wconf 88' lang='lat' dir='ltr'><strong>autem</strong></span> <span class='ocrx_word' id='word_1_477' title='bbox 1605 3973 1662 4016; x_wconf 90' lang='lat' dir='ltr'><strong>et</strong></span> <span class='ocrx_word' id='word_1_478' title='bbox 1685 3962 1821 4016; x_wconf 87' lang='lat' dir='ltr'><strong>nihil</strong></span> 
     </span>
    </p>
   </div>
   <div class='ocr_carea' id='block_1_59' title="bbox 245 4054 1821 4130">
    <p class='ocr_par' dir='ltr' id='par_1_59' title="bbox 245 4054 1821 4130">
     <span class='ocr_line' id='line_1_59' title="bbox 245 4054 1821 4130; baseline -0.003 -15"><span class='ocrx_word' id='word_1_479' title='bbox 245 4060 479 4130; x_wconf 87' lang='lat' dir='ltr'><strong>amplius</strong></span> <span class='ocrx_word' id='word_1_480' title='bbox 506 4059 596 4114; x_wconf 79' lang='lat' dir='ltr'><strong>lict</strong></span> <span class='ocrx_word' id='word_1_481' title='bbox 641 4074 672 4113; x_wconf 91' lang='lat' dir='ltr'><strong>a</strong></span> <span class='ocrx_word' id='word_1_482' title='bbox 713 4060 903 4123; x_wconf 90' lang='lat' dir='ltr'><strong>nobis,</strong></span> <span class='ocrx_word' id='word_1_483' title='bbox 959 4059 1063 4113; x_wconf 88' lang='lat' dir='ltr'><strong>nisi</strong></span> <span class='ocrx_word' id='word_1_484' title='bbox 1102 4067 1164 4129; x_wconf 84' lang='lat' dir='ltr'><strong>ut</strong></span> <span class='ocrx_word' id='word_1_485' title='bbox 1201 4056 1657 4125; x_wconf 88' lang='lat' dir='ltr'><strong>blasphememus.</strong></span> <span class='ocrx_word' id='word_1_486' title='bbox 1708 4054 1821 4111; x_wconf 88' lang='lat' dir='ltr'><strong>Nec</strong></span> 
     </span>
    </p>
   </div>
   <div class='ocr_carea' id='block_1_60' title="bbox 242 4150 1817 4217">
    <p class='ocr_par' dir='ltr' id='par_1_60' title="bbox 242 4150 1817 4217">
     <span class='ocr_line' id='line_1_60' title="bbox 242 4150 1817 4217; baseline -0.003 -12"><span class='ocrx_word' id='word_1_487' title='bbox 242 4151 391 4205; x_wconf 89' lang='lat' dir='ltr'><strong>enim</strong></span> <span class='ocrx_word' id='word_1_488' title='bbox 421 4152 521 4205; x_wconf 88' lang='lat' dir='ltr'><strong>etsi</strong></span> <span class='ocrx_word' id='word_1_489' title='bbox 550 4150 877 4205; x_wconf 84' lang='lat' dir='ltr'><strong>voluerimus</strong></span> <span class='ocrx_word' id='word_1_490' title='bbox 902 4150 1009 4205; x_wconf 89' lang='lat' dir='ltr'><strong>vim</strong></span> <span class='ocrx_word' id='word_1_491' title='bbox 1040 4152 1220 4205; x_wconf 90' lang='lat' dir='ltr'><strong>facere</strong></span> <span class='ocrx_word' id='word_1_492' title='bbox 1249 4150 1323 4203; x_wconf 94' lang='lat' dir='ltr'><strong>illi</strong></span> <span class='ocrx_word' id='word_1_493' title='bbox 1347 4160 1584 4215; x_wconf 70' lang='lat' dir='ltr'><strong>naturae,</strong></span> <span class='ocrx_word' id='word_1_494' title='bbox 1626 4161 1817 4217; x_wconf 88' lang='lat' dir='ltr'><strong>perur-</strong></span> 
     </span>
    </p>
   </div>
   <div class='ocr_carea' id='block_1_61' title="bbox 244 4239 1821 4312">
    <p class='ocr_par' dir='ltr' id='par_1_61' title="bbox 244 4239 1821 4312">
     <span class='ocr_line' id='line_1_61' title="bbox 244 4239 1821 4312; baseline -0.001 -17"><span class='ocrx_word' id='word_1_495' title='bbox 244 4242 461 4311; x_wconf 86' lang='lat' dir='ltr'><strong>gehitur</strong></span> <span class='ocrx_word' id='word_1_496' title='bbox 496 4259 511 4296; x_wconf 89' lang='lat'><strong>:</strong></span> <span class='ocrx_word' id='word_1_497' title='bbox 543 4243 636 4296; x_wconf 91' lang='lat' dir='ltr'><strong>sed</strong></span> <span class='ocrx_word' id='word_1_498' title='bbox 666 4242 743 4296; x_wconf 89' lang='lat' dir='ltr'><strong>illi</strong></span> <span class='ocrx_word' id='word_1_499' title='bbox 775 4242 995 4312; x_wconf 85' lang='lat' dir='ltr'><strong>quidem</strong></span> <span class='ocrx_word' id='word_1_500' title='bbox 1019 4250 1237 4297; x_wconf 89' lang='lat' dir='ltr'><strong>manent</strong></span> <span class='ocrx_word' id='word_1_501' title='bbox 1258 4240 1411 4295; x_wconf 89' lang='lat' dir='ltr'><strong>liberi</strong></span> <span class='ocrx_word' id='word_1_502' title='bbox 1457 4242 1526 4295; x_wconf 92' lang='lat' dir='ltr'><strong>ab</strong></span> <span class='ocrx_word' id='word_1_503' title='bbox 1572 4241 1679 4295; x_wconf 89' lang='lat' dir='ltr'><strong>isto</strong></span> <span class='ocrx_word' id='word_1_504' title='bbox 1722 4239 1821 4294; x_wconf 87' lang='lat' dir='ltr'><strong>ha-</strong></span> 
     </span>
    </p>
   </div>
   <div class='ocr_carea' id='block_1_62' title="bbox 243 4332 1816 4405">
    <p class='ocr_par' dir='ltr' id='par_1_62' title="bbox 243 4332 1816 4405">
     <span class='ocr_line' id='line_1_62' title="bbox 243 4332 1816 4405; baseline -0.002 -17"><span class='ocrx_word' id='word_1_505' title='bbox 243 4335 365 4388; x_wconf 80' lang='lat' dir='ltr'><strong>bitu</strong></span> <span class='ocrx_word' id='word_1_506' title='bbox 391 4335 686 4405; x_wconf 85' lang='lat' dir='ltr'><strong>corporali.</strong></span> <span class='ocrx_word' id='word_1_507' title='bbox 720 4334 908 4405; x_wconf 84' lang='lat' dir='ltr'><strong>Neque</strong></span> <span class='ocrx_word' id='word_1_508' title='bbox 930 4336 1073 4389; x_wconf 91' lang='lat' dir='ltr'><strong>enim</strong></span> <span class='ocrx_word' id='word_1_509' title='bbox 1107 4334 1381 4390; x_wconf 88' lang='lat' dir='ltr'><strong>masculus</strong></span> <span class='ocrx_word' id='word_1_510' title='bbox 1408 4348 1582 4403; x_wconf 91' lang='lat' dir='ltr'><strong>neque</strong></span> <span class='ocrx_word' id='word_1_511' title='bbox 1618 4332 1816 4387; x_wconf 87' lang='lat' dir='ltr'><strong>femina</strong></span> 
     </span>
    </p>
   </div>
   <div class='ocr_carea' id='block_1_63' title="bbox 250 4425 1817 4495">
    <p class='ocr_par' dir='ltr' id='par_1_63' title="bbox 250 4425 1817 4495">
     <span class='ocr_line' id='line_1_63' title="bbox 250 4425 1817 4495; baseline 0 -17"><span class='ocrx_word' id='word_1_512' title='bbox 250 4426 391 4495; x_wconf 88' lang='lat' dir='ltr'><strong>apud</strong></span> <span class='ocrx_word' id='word_1_513' title='bbox 420 4441 514 4481; x_wconf 89' lang='lat' dir='ltr'><strong>eos</strong></span> <span class='ocrx_word' id='word_1_514' title='bbox 538 4435 620 4481; x_wconf 89' lang='lat' dir='ltr'><strong>est</strong></span> <span class='ocrx_word' id='word_1_515' title='bbox 640 4466 655 4491; x_wconf 89' lang='lat'><strong>,</strong></span> <span class='ocrx_word' id='word_1_516' title='bbox 684 4439 739 4481; x_wconf 90' lang='lat' dir='ltr'><strong>et</strong></span> <span class='ocrx_word' id='word_1_517' title='bbox 770 4442 879 4481; x_wconf 92' lang='lat' dir='ltr'><strong>non</strong></span> <span class='ocrx_word' id='word_1_518' title='bbox 921 4427 987 4481; x_wconf 93' lang='lat' dir='ltr'><strong>de</strong></span> <span class='ocrx_word' id='word_1_519' title='bbox 1018 4436 1183 4481; x_wconf 88' lang='lat' dir='ltr'><strong>terra.</strong></span> <span class='ocrx_word' id='word_1_520' title='bbox 1225 4427 1291 4480; x_wconf 86' lang='lat' dir='ltr'><strong>Et</strong></span> <span class='ocrx_word' id='word_1_521' title='bbox 1322 4428 1425 4481; x_wconf 88' lang='lat' dir='ltr'><strong>hoc</strong></span> <span class='ocrx_word' id='word_1_522' title='bbox 1446 4466 1462 4491; x_wconf 92' lang='lat'><strong>,</strong></span> <span class='ocrx_word' id='word_1_523' title='bbox 1506 4425 1642 4481; x_wconf 90' lang='lat' dir='ltr'><strong>forte</strong></span> <span class='ocrx_word' id='word_1_524' title='bbox 1674 4426 1817 4480; x_wconf 90' lang='lat' dir='ltr'><strong>enim</strong></span> 
     </span>
    </p>
   </div>
   <div class='ocr_carea' id='block_1_64' title="bbox 246 4517 1823 4589">
    <p class='ocr_par' dir='ltr' id='par_1_64' title="bbox 246 4517 1823 4589">
     <span class='ocr_line' id='line_1_64' title="bbox 246 4517 1823 4589; baseline 0.001 -18"><span class='ocrx_word' id='word_1_525' title='bbox 246 4517 450 4571; x_wconf 83' lang='lat' dir='ltr'><strong>audisti</strong></span> <span class='ocrx_word' id='word_1_526' title='bbox 485 4519 737 4573; x_wconf 90' lang='lat' dir='ltr'><strong>mirabile</strong></span> <span class='ocrx_word' id='word_1_527' title='bbox 760 4518 890 4574; x_wconf 92' lang='lat' dir='ltr'><strong>illud</strong></span> <span class='ocrx_word' id='word_1_528' title='bbox 919 4518 1158 4588; x_wconf 81' lang='lat' dir='ltr'><strong>Apostoli</strong></span> <span class='ocrx_word' id='word_1_529' title='bbox 1185 4519 1388 4573; x_wconf 89' lang='lat' dir='ltr'><strong>dictum</strong></span> <span class='ocrx_word' id='word_1_530' title='bbox 1409 4559 1425 4583; x_wconf 95' lang='lat'><strong>,</strong></span> <span class='ocrx_word' id='word_1_531' title='bbox 1453 4520 1577 4589; x_wconf 87' lang='lat' dir='ltr'><strong>quia</strong></span> <span class='ocrx_word' id='word_1_532' title='bbox 1607 4528 1663 4573; x_wconf 93' lang='lat' dir='ltr'><strong>et</strong></span> <span class='ocrx_word' id='word_1_533' title='bbox 1685 4518 1823 4587; x_wconf 89' lang='lat' dir='ltr'><strong>apud</strong></span> 
     </span>
    </p>
   </div>
   <div class='ocr_carea' id='block_1_65' title="bbox 248 4610 1820 4679">
    <p class='ocr_par' dir='ltr' id='par_1_65' title="bbox 248 4610 1820 4679">
     <span class='ocr_line' id='line_1_65' title="bbox 248 4610 1820 4679; baseline 0.001 -16"><span class='ocrx_word' id='word_1_534' title='bbox 248 4625 385 4679; x_wconf 89' lang='lat' dir='ltr'><strong>quos</strong></span> <span class='ocrx_word' id='word_1_535' title='bbox 414 4619 607 4665; x_wconf 88' lang='lat' dir='ltr'><strong>natura</strong></span> <span class='ocrx_word' id='word_1_536' title='bbox 660 4612 851 4667; x_wconf 87' lang='lat' dir='ltr'><strong>statuit</strong></span> <span class='ocrx_word' id='word_1_537' title='bbox 892 4612 1190 4667; x_wconf 89' lang='lat' dir='ltr'><strong>masculum</strong></span> <span class='ocrx_word' id='word_1_538' title='bbox 1242 4627 1364 4667; x_wconf 86' lang='lat' dir='ltr'><strong>esse</strong></span> <span class='ocrx_word' id='word_1_539' title='bbox 1412 4621 1468 4666; x_wconf 90' lang='lat' dir='ltr'><strong>et</strong></span> <span class='ocrx_word' id='word_1_540' title='bbox 1530 4610 1820 4679; x_wconf 86' lang='lat' dir='ltr'><strong>feminam,</strong></span> 
     </span>
    </p>
   </div>
   <div class='ocr_carea' id='block_1_66' title="bbox 252 4703 1827 4772">
    <p class='ocr_par' dir='ltr' id='par_1_66' title="bbox 252 4703 1827 4772">
     <span class='ocr_line' id='line_1_66' title="bbox 252 4703 1827 4772; baseline 0.003 -18"><span class='ocrx_word' id='word_1_541' title='bbox 252 4703 396 4772; x_wconf 89' lang='lat' dir='ltr'><strong>apud</strong></span> <span class='ocrx_word' id='word_1_542' title='bbox 427 4704 565 4757; x_wconf 88' lang='lat' dir='ltr'><strong>istos</strong></span> <span class='ocrx_word' id='word_1_543' title='bbox 597 4704 740 4771; x_wconf 89' lang='lat' dir='ltr'><strong>ipsos</strong></span> <span class='ocrx_word' id='word_1_544' title='bbox 764 4705 895 4758; x_wconf 85' lang='lat' dir='ltr'><strong>fides</strong></span> <span class='ocrx_word' id='word_1_545' title='bbox 915 4745 931 4770; x_wconf 97' lang='lat'><strong>,</strong></span> <span class='ocrx_word' id='word_1_546' title='bbox 960 4714 1014 4758; x_wconf 93' lang='lat' dir='ltr'><strong>et</strong></span> <span class='ocrx_word' id='word_1_547' title='bbox 1042 4719 1137 4772; x_wconf 90' lang='lat' dir='ltr'><strong>per</strong></span> <span class='ocrx_word' id='word_1_548' title='bbox 1190 4705 1348 4759; x_wconf 87' lang='lat' dir='ltr'><strong>fidem</strong></span> <span class='ocrx_word' id='word_1_549' title='bbox 1394 4703 1703 4772; x_wconf 80' lang='lat' dir='ltr'><strong>coniunctio</strong></span> <span class='ocrx_word' id='word_1_550' title='bbox 1744 4705 1827 4758; x_wconf 86' lang='lat' dir='ltr'><strong>in-</strong></span> 
     </span>
    </p>
   </div>
   <div class='ocr_carea' id='block_1_67' title="bbox 252 4791 1825 4863">
    <p class='ocr_par' dir='ltr' id='par_1_67' title="bbox 252 4791 1825 4863">
     <span class='ocr_line' id='line_1_67' title="bbox 252 4791 1825 4863; baseline 0.004 -20"><span class='ocrx_word' id='word_1_551' title='bbox 252 4791 490 4844; x_wconf 73' lang='lat' dir='ltr'><strong>venitur.</strong></span> <span class='ocrx_word' id='word_1_552' title='bbox 520 4793 573 4845; x_wconf 91' lang='lat' dir='ltr'><strong>In</strong></span> <span class='ocrx_word' id='word_1_553' title='bbox 605 4792 821 4847; x_wconf 89' lang='lat' dir='ltr'><strong>Christo</strong></span> <span class='ocrx_word' id='word_1_554' title='bbox 842 4794 986 4847; x_wconf 91' lang='lat' dir='ltr'><strong>enim</strong></span> <span class='ocrx_word' id='word_1_555' title='bbox 1008 4834 1023 4859; x_wconf 94' lang='lat'><strong>,</strong></span> <span class='ocrx_word' id='word_1_556' title='bbox 1053 4795 1261 4863; x_wconf 86' lang='lat' dir='ltr'><strong>inquit,</strong></span> <span class='ocrx_word' id='word_1_557' title='bbox 1293 4811 1396 4849; x_wconf 93' lang='lat' dir='ltr'><strong>non</strong></span> <span class='ocrx_word' id='word_1_558' title='bbox 1425 4806 1509 4850; x_wconf 86' lang='lat' dir='ltr'><strong>est</strong></span> <span class='ocrx_word' id='word_1_559' title='bbox 1534 4795 1825 4859; x_wconf 86' lang='lat' dir='ltr'><strong>masculus,</strong></span> 
     </span>
    </p>
   </div>
   <div class='ocr_carea' id='block_1_68' title="bbox 253 4883 1823 4955">
    <p class='ocr_par' dir='ltr' id='par_1_68' title="bbox 253 4883 1823 4955">
     <span class='ocr_line' id='line_1_68' title="bbox 253 4883 1823 4955; baseline 0.006 -21"><span class='ocrx_word' id='word_1_560' title='bbox 253 4896 429 4951; x_wconf 83' lang='lat' dir='ltr'><strong>neque</strong></span> <span class='ocrx_word' id='word_1_561' title='bbox 458 4883 657 4938; x_wconf 90' lang='lat' dir='ltr'><strong>femina</strong></span> <span class='ocrx_word' id='word_1_562' title='bbox 694 4886 759 4940; x_wconf 82' lang='grc'><strong>⁵⁸.</strong></span> <span class='ocrx_word' id='word_1_563' title='bbox 792 4885 849 4940; x_wconf 81' lang='lat' dir='ltr'><strong>Si</strong></span> <span class='ocrx_word' id='word_1_564' title='bbox 887 4887 1050 4955; x_wconf 89' lang='lat' dir='ltr'><strong>igitur</strong></span> <span class='ocrx_word' id='word_1_565' title='bbox 1081 4888 1168 4942; x_wconf 90' lang='lat' dir='ltr'><strong>ubi</strong></span> <span class='ocrx_word' id='word_1_566' title='bbox 1233 4904 1295 4943; x_wconf 88' lang='lat' dir='ltr'><strong>ex</strong></span> <span class='ocrx_word' id='word_1_567' title='bbox 1340 4898 1528 4942; x_wconf 88' lang='lat' dir='ltr'><strong>natura</strong></span> <span class='ocrx_word' id='word_1_568' title='bbox 1574 4897 1658 4944; x_wconf 91' lang='lat' dir='ltr'><strong>est</strong></span> <span class='ocrx_word' id='word_1_569' title='bbox 1705 4904 1823 4943; x_wconf 71' lang='lat' dir='ltr'><strong>ma~</strong></span> 
     </span>
    </p>
   </div>
   <div class='ocr_carea' id='block_1_69' title="bbox 260 4972 1833 5046">
    <p class='ocr_par' dir='ltr' id='par_1_69' title="bbox 260 4972 1833 5046">
     <span class='ocr_line' id='line_1_69' title="bbox 260 4972 1833 5046; baseline 0.002 -19"><span class='ocrx_word' id='word_1_570' title='bbox 260 4972 445 5027; x_wconf 88' lang='lat' dir='ltr'><strong>sculus</strong></span> <span class='ocrx_word' id='word_1_571' title='bbox 481 4982 535 5027; x_wconf 89' lang='lat' dir='ltr'><strong>et</strong></span> <span class='ocrx_word' id='word_1_572' title='bbox 568 4972 767 5029; x_wconf 89' lang='lat' dir='ltr'><strong>femina</strong></span> <span class='ocrx_word' id='word_1_573' title='bbox 788 5015 803 5040; x_wconf 94' lang='lat'><strong>,</strong></span> <span class='ocrx_word' id='word_1_574' title='bbox 835 4977 889 5029; x_wconf 92' lang='lat' dir='ltr'><strong>in</strong></span> <span class='ocrx_word' id='word_1_575' title='bbox 918 4976 1135 5031; x_wconf 87' lang='lat' dir='ltr'><strong>Christo</strong></span> <span class='ocrx_word' id='word_1_576' title='bbox 1167 4979 1402 5033; x_wconf 84' lang='lat' dir='ltr'><strong>efficitur</strong></span> <span class='ocrx_word' id='word_1_577' title='bbox 1430 4993 1603 5046; x_wconf 88' lang='lat' dir='ltr'><strong>neque</strong></span> <span class='ocrx_word' id='word_1_578' title='bbox 1621 4994 1833 5033; x_wconf 83' lang='lat' dir='ltr'><strong>mascu-</strong></span> 
     </span>
    </p>
   </div>
   <div class='ocr_carea' id='block_1_70' title="bbox 250 5064 1830 5140">
    <p class='ocr_par' dir='ltr' id='par_1_70' title="bbox 250 5064 1830 5140">
     <span class='ocr_line' id='line_1_70' title="bbox 250 5064 1830 5140; baseline 0.004 -23"><span class='ocrx_word' id='word_1_579' title='bbox 250 5065 341 5118; x_wconf 85' lang='lat' dir='ltr'><strong>lus</strong></span> <span class='ocrx_word' id='word_1_580' title='bbox 380 5078 555 5132; x_wconf 89' lang='lat' dir='ltr'><strong>neque</strong></span> <span class='ocrx_word' id='word_1_581' title='bbox 583 5064 806 5130; x_wconf 88' lang='lat' dir='ltr'><strong>femina,</strong></span> <span class='ocrx_word' id='word_1_582' title='bbox 832 5070 926 5121; x_wconf 91' lang='lat' dir='ltr'><strong>sed</strong></span> <span class='ocrx_word' id='word_1_583' title='bbox 961 5068 1191 5123; x_wconf 87' lang='lat' dir='ltr'><strong>imitatio</strong></span> <span class='ocrx_word' id='word_1_584' title='bbox 1224 5070 1578 5140; x_wconf 89' lang='lat' dir='ltr'><strong>angelorum:</strong></span> <span class='ocrx_word' id='word_1_585' title='bbox 1605 5085 1702 5123; x_wconf 90' lang='lat' dir='ltr'><strong>cur</strong></span> <span class='ocrx_word' id='word_1_586' title='bbox 1726 5084 1830 5123; x_wconf 83' lang='lat' dir='ltr'><strong>non</strong></span> 
     </span>
    </p>
   </div>
   <div class='ocr_carea' id='block_1_71' title="bbox 254 5155 1833 5226">
    <p class='ocr_par' dir='ltr' id='par_1_71' title="bbox 254 5155 1833 5226">
     <span class='ocr_line' id='line_1_71' title="bbox 254 5155 1833 5226; baseline 0.003 -18"><span class='ocrx_word' id='word_1_587' title='bbox 254 5155 428 5223; x_wconf 86' lang='lat' dir='ltr'><strong>magis</strong></span> <span class='ocrx_word' id='word_1_588' title='bbox 454 5156 777 5224; x_wconf 86' lang='lat' dir='ltr'><strong>suscipimus</strong></span> <span class='ocrx_word' id='word_1_589' title='bbox 807 5158 1035 5226; x_wconf 82' lang='lat' dir='ltr'><strong>gratiam</strong></span> <span class='ocrx_word' id='word_1_590' title='bbox 1094 5169 1151 5212; x_wconf 91' lang='lat' dir='ltr'><strong>ut</strong></span> <span class='ocrx_word' id='word_1_591' title='bbox 1212 5175 1586 5226; x_wconf 88' lang='lat' dir='ltr'><strong>assumantur,</strong></span> <span class='ocrx_word' id='word_1_592' title='bbox 1634 5169 1728 5212; x_wconf 90' lang='lat' dir='ltr'><strong>aut</strong></span> <span class='ocrx_word' id='word_1_593' title='bbox 1774 5170 1833 5213; x_wconf 93' lang='lat' dir='ltr'><strong>ut</strong></span> 
     </span>
    </p>
   </div>
   <div class='ocr_carea' id='block_1_72' title="bbox 255 5249 1827 5319">
    <p class='ocr_par' dir='ltr' id='par_1_72' title="bbox 255 5249 1827 5319">
     <span class='ocr_line' id='line_1_72' title="bbox 255 5249 1827 5319; baseline 0.004 -18"><span class='ocrx_word' id='word_1_594' title='bbox 255 5258 506 5301; x_wconf 86' lang='lat' dir='ltr'><strong>naturam</strong></span> <span class='ocrx_word' id='word_1_595' title='bbox 542 5249 854 5319; x_wconf 84' lang='lat' dir='ltr'><strong>angelorum</strong></span> <span class='ocrx_word' id='word_1_596' title='bbox 900 5251 1230 5319; x_wconf 90' lang='lat' dir='ltr'><strong>deponamus</strong></span> <span class='ocrx_word' id='word_1_597' title='bbox 1289 5254 1355 5307; x_wconf 89' lang='lat' dir='ltr'><strong>ad</strong></span> <span class='ocrx_word' id='word_1_598' title='bbox 1400 5252 1683 5306; x_wconf 71' lang='lat' dir='ltr'><strong>nostram?</strong></span> <span class='ocrx_word' id='word_1_599' title='bbox 1721 5250 1827 5308; x_wconf 86' lang='lat' dir='ltr'><strong>Sed</strong></span> 
     </span>
    </p>
   </div>
   <div class='ocr_carea' id='block_1_73' title="bbox 259 5341 1827 5416">
    <p class='ocr_par' dir='ltr' id='par_1_73' title="bbox 259 5341 1827 5416">
     <span class='ocr_line' id='line_1_73' title="bbox 259 5341 1827 5416; baseline 0.003 -23"><span class='ocrx_word' id='word_1_600' title='bbox 259 5355 365 5395; x_wconf 87' lang='lat' dir='ltr'><strong>nos</strong></span> <span class='ocrx_word' id='word_1_601' title='bbox 391 5341 667 5410; x_wconf 84' lang='lat' dir='ltr'><strong>erigamus</strong></span> <span class='ocrx_word' id='word_1_602' title='bbox 699 5345 1089 5414; x_wconf 86' lang='lat' dir='ltr'><strong>nosmetipsos,</strong></span> <span class='ocrx_word' id='word_1_603' title='bbox 1139 5356 1193 5400; x_wconf 91' lang='lat' dir='ltr'><strong>et</strong></span> <span class='ocrx_word' id='word_1_604' title='bbox 1245 5346 1310 5400; x_wconf 88' lang='lat' dir='ltr'><strong>ad</strong></span> <span class='ocrx_word' id='word_1_605' title='bbox 1347 5345 1624 5416; x_wconf 87' lang='lat' dir='ltr'><strong>superiora</strong></span> <span class='ocrx_word' id='word_1_606' title='bbox 1679 5345 1827 5413; x_wconf 89' lang='lat' dir='ltr'><strong>cogi-</strong></span> 
     </span>
    </p>
   </div>
   <div class='ocr_carea' id='block_1_74' title="bbox 256 5436 1833 5509">
    <p class='ocr_par' dir='ltr' id='par_1_74' title="bbox 256 5436 1833 5509">
     <span class='ocr_line' id='line_1_74' title="bbox 256 5436 1833 5509; baseline 0.004 -24"><span class='ocrx_word' id='word_1_607' title='bbox 256 5443 429 5493; x_wconf 77' lang='lat' dir='ltr'><strong>tatum</strong></span> <span class='ocrx_word' id='word_1_608' title='bbox 455 5436 812 5503; x_wconf 87' lang='lat' dir='ltr'><strong>perducamus</strong></span> <span class='ocrx_word' id='word_1_609' title='bbox 836 5448 1080 5493; x_wconf 87' lang='lat' dir='ltr'><strong>nostrum</strong></span> <span class='ocrx_word' id='word_1_610' title='bbox 1109 5480 1123 5505; x_wconf 91' lang='lat'><strong>,</strong></span> <span class='ocrx_word' id='word_1_611' title='bbox 1165 5439 1229 5493; x_wconf 86' lang='lat' dir='ltr'><strong>ad</strong></span> <span class='ocrx_word' id='word_1_612' title='bbox 1279 5438 1592 5509; x_wconf 87' lang='lat' dir='ltr'><strong>angelorum</strong></span> <span class='ocrx_word' id='word_1_613' title='bbox 1625 5437 1833 5493; x_wconf 84' lang='lat' dir='ltr'><strong>scilicet</strong></span> 
     </span>
    </p>
   </div>
   <div class='ocr_carea' id='block_1_75' title="bbox 331 5587 778 5653">
    <p class='ocr_par' dir='ltr' id='par_1_75' title="bbox 331 5587 778 5653">
     <span class='ocr_line' id='line_1_75' title="bbox 331 5587 778 5653; baseline 0.013 -12"><span class='ocrx_word' id='word_1_614' title='bbox 331 5589 378 5623; x_wconf 81' lang='lat'>”</span> <span class='ocrx_word' id='word_1_615' title='bbox 410 5587 526 5642; x_wconf 84' lang='lat' dir='ltr'><strong>Gal.</strong></span> <span class='ocrx_word' id='word_1_616' title='bbox 555 5603 652 5653; x_wconf 91' lang='grc' dir='ltr'><strong>ιιι,</strong></span> <span class='ocrx_word' id='word_1_617' title='bbox 687 5588 778 5647; x_wconf 63' lang='lat'><strong>28.</strong></span> 
     </span>
    </p>
   </div>
   <div class='ocr_carea' id='block_1_76' title="bbox 338 5724 1257 5798">
    <p class='ocr_par' dir='ltr' id='par_1_76' title="bbox 338 5724 1257 5798">
     <span class='ocr_line' id='line_1_76' title="bbox 338 5724 1257 5798; baseline -0.002 -17"><span class='ocrx_word' id='word_1_618' title='bbox 338 5725 452 5798; x_wconf 72' lang='lat' dir='ltr'><strong>(bii)</strong></span> <span class='ocrx_word' id='word_1_619' title='bbox 494 5724 591 5781; x_wconf 77' lang='lat' dir='ltr'><strong>Ms.</strong></span> <span class='ocrx_word' id='word_1_620' title='bbox 629 5728 793 5796; x_wconf 75' lang='lat' dir='ltr'><strong>ipsum</strong></span> <span class='ocrx_word' id='word_1_621' title='bbox 826 5726 982 5782; x_wconf 75' lang='lat' dir='ltr'><strong>solem</strong></span> <span class='ocrx_word' id='word_1_622' title='bbox 1017 5727 1257 5796; x_wconf 74' lang='lat' dir='ltr'><strong>inferius.</strong></span> 
     </span>
    </p>
   </div>
   <div class='ocr_carea' id='block_1_77' title="bbox 1919 1858 3505 1930">
    <p class='ocr_par' dir='ltr' id='par_1_77' title="bbox 1919 1858 3505 1930">
     <span class='ocr_line' id='line_1_77' title="bbox 1919 1858 3505 1930; baseline -0.011 -2"><span class='ocrx_word' id='word_1_623' title='bbox 1919 1870 2228 1928; x_wconf 85' lang='lat' dir='ltr'><strong>bilitatibus</strong></span> <span class='ocrx_word' id='word_1_624' title='bbox 2258 1876 2631 1923; x_wconf 87' lang='lat' dir='ltr'><strong>mensuratum</strong></span> <span class='ocrx_word' id='word_1_625' title='bbox 2661 1875 2781 1930; x_wconf 91' lang='lat' dir='ltr'><strong>est,</strong></span> <span class='ocrx_word' id='word_1_626' title='bbox 2810 1862 2939 1919; x_wconf 89' lang='lat' dir='ltr'><strong>illud</strong></span> <span class='ocrx_word' id='word_1_627' title='bbox 2982 1871 3161 1916; x_wconf 89' lang='lat' dir='ltr'><strong>autem</strong></span> <span class='ocrx_word' id='word_1_628' title='bbox 3201 1860 3342 1914; x_wconf 87' lang='lat' dir='ltr'><strong>aliud</strong></span> <span class='ocrx_word' id='word_1_629' title='bbox 3400 1858 3505 1912; x_wconf 88' lang='lat' dir='ltr'><strong>ali-</strong></span> 
     </span>
    </p>
   </div>
   <div class='ocr_carea' id='block_1_78' title="bbox 1919 1953 3502 2036">
    <p class='ocr_par' dir='ltr' id='par_1_78' title="bbox 1919 1953 3502 2036">
     <span class='ocr_line' id='line_1_78' title="bbox 1919 1953 3502 2036; baseline -0.007 -23"><span class='ocrx_word' id='word_1_630' title='bbox 1919 1964 2071 2036; x_wconf 81' lang='lat' dir='ltr'><strong>quid.</strong></span> <span class='ocrx_word' id='word_1_631' title='bbox 2095 1961 2240 2016; x_wconf 86' lang='lat' dir='ltr'><strong>Nihil</strong></span> <span class='ocrx_word' id='word_1_632' title='bbox 2263 1976 2394 2014; x_wconf 85' lang='lat' dir='ltr'><strong>sane</strong></span> <span class='ocrx_word' id='word_1_633' title='bbox 2416 1974 2513 2013; x_wconf 90' lang='lat' dir='ltr'><strong>nos</strong></span> <span class='ocrx_word' id='word_1_634' title='bbox 2538 1957 2793 2027; x_wconf 89' lang='lat' dir='ltr'><strong>prohibet</strong></span> <span class='ocrx_word' id='word_1_635' title='bbox 2817 1957 2869 2009; x_wconf 92' lang='lat' dir='ltr'><strong>in</strong></span> <span class='ocrx_word' id='word_1_636' title='bbox 2902 1954 3093 2009; x_wconf 88' lang='lat' dir='ltr'><strong>iisdem</strong></span> <span class='ocrx_word' id='word_1_637' title='bbox 3119 1953 3251 2022; x_wconf 88' lang='lat' dir='ltr'><strong>ipsis</strong></span> <span class='ocrx_word' id='word_1_638' title='bbox 3279 1966 3502 2020; x_wconf 88' lang='lat' dir='ltr'><strong>compa-</strong></span> 
     </span>
    </p>
   </div>
   <div class='ocr_carea' id='block_1_79' title="bbox 1918 2043 3506 2119">
    <p class='ocr_par' dir='ltr' id='par_1_79' title="bbox 1918 2043 3506 2119">
     <span class='ocr_line' id='line_1_79' title="bbox 1918 2043 3506 2119; baseline -0.012 -5"><span class='ocrx_word' id='word_1_639' title='bbox 1918 2055 2225 2114; x_wconf 88' lang='lat' dir='ltr'><strong>rationibus</strong></span> <span class='ocrx_word' id='word_1_640' title='bbox 2260 2051 2524 2115; x_wconf 87' lang='lat' dir='ltr'><strong>volutari,</strong></span> <span class='ocrx_word' id='word_1_641' title='bbox 2563 2049 2687 2119; x_wconf 90' lang='lat' dir='ltr'><strong>quia</strong></span> <span class='ocrx_word' id='word_1_642' title='bbox 2712 2057 2767 2102; x_wconf 93' lang='lat' dir='ltr'><strong>et</strong></span> <span class='ocrx_word' id='word_1_643' title='bbox 2796 2047 3035 2116; x_wconf 90' lang='lat' dir='ltr'><strong>piscibus</strong></span> <span class='ocrx_word' id='word_1_644' title='bbox 3058 2044 3240 2098; x_wconf 90' lang='lat' dir='ltr'><strong>lumen</strong></span> <span class='ocrx_word' id='word_1_645' title='bbox 3273 2043 3506 2097; x_wconf 87' lang='lat' dir='ltr'><strong>habetur</strong></span> 
     </span>
    </p>
   </div>
   <div class='ocr_carea' id='block_1_80' title="bbox 1919 2131 3505 2213">
    <p class='ocr_par' dir='ltr' id='par_1_80' title="bbox 1919 2131 3505 2213">
     <span class='ocr_line' id='line_1_80' title="bbox 1919 2131 3505 2213; baseline -0.01 -10"><span class='ocrx_word' id='word_1_646' title='bbox 1919 2162 2025 2203; x_wconf 91' lang='lat' dir='ltr'><strong>non</strong></span> <span class='ocrx_word' id='word_1_647' title='bbox 2051 2156 2257 2201; x_wconf 85' lang='lat' dir='ltr'><strong>tantum</strong></span> <span class='ocrx_word' id='word_1_648' title='bbox 2284 2152 2547 2213; x_wconf 87' lang='lat' dir='ltr'><strong>quantum</strong></span> <span class='ocrx_word' id='word_1_649' title='bbox 2576 2150 2631 2195; x_wconf 90' lang='lat' dir='ltr'><strong>et</strong></span> <span class='ocrx_word' id='word_1_650' title='bbox 2656 2139 2797 2209; x_wconf 87' lang='lat' dir='ltr'><strong>apud</strong></span> <span class='ocrx_word' id='word_1_651' title='bbox 2828 2153 2944 2192; x_wconf 89' lang='lat' dir='ltr'><strong>nos.</strong></span> <span class='ocrx_word' id='word_1_652' title='bbox 2974 2134 3327 2191; x_wconf 86' lang='lat' dir='ltr'><strong>Connnistum</strong></span> <span class='ocrx_word' id='word_1_653' title='bbox 3355 2131 3505 2187; x_wconf 87' lang='lat' dir='ltr'><strong>enim</strong></span> 
     </span>
    </p>
   </div>
   <div class='ocr_carea' id='block_1_81' title="bbox 1919 2224 3501 2301">
    <p class='ocr_par' dir='ltr' id='par_1_81' title="bbox 1919 2224 3501 2301">
     <span class='ocr_line' id='line_1_81' title="bbox 1919 2224 3501 2301; baseline -0.011 -7"><span class='ocrx_word' id='word_1_654' title='bbox 1919 2239 2050 2295; x_wconf 88' lang='lat' dir='ltr'><strong>illud</strong></span> <span class='ocrx_word' id='word_1_655' title='bbox 2087 2246 2171 2293; x_wconf 87' lang='lat' dir='ltr'><strong>est</strong></span> <span class='ocrx_word' id='word_1_656' title='bbox 2202 2237 2381 2290; x_wconf 89' lang='lat' dir='ltr'><strong>lumen</strong></span> <span class='ocrx_word' id='word_1_657' title='bbox 2404 2274 2419 2298; x_wconf 93' lang='lat'><strong>,</strong></span> <span class='ocrx_word' id='word_1_658' title='bbox 2451 2232 2595 2301; x_wconf 92' lang='lat' dir='ltr'><strong>quod</strong></span> <span class='ocrx_word' id='word_1_659' title='bbox 2624 2230 2763 2301; x_wconf 89' lang='lat' dir='ltr'><strong>apud</strong></span> <span class='ocrx_word' id='word_1_660' title='bbox 2814 2230 2995 2299; x_wconf 89' lang='lat' dir='ltr'><strong>pisces</strong></span> <span class='ocrx_word' id='word_1_661' title='bbox 3030 2226 3259 2281; x_wconf 84' lang='lat' dir='ltr'><strong>habetur</strong></span> <span class='ocrx_word' id='word_1_662' title='bbox 3301 2224 3501 2293; x_wconf 89' lang='lat' dir='ltr'><strong>aquis;</strong></span> 
     </span>
    </p>
   </div>
   <div class='ocr_carea' id='block_1_82' title="bbox 1919 2317 3530 2391">
    <p class='ocr_par' dir='ltr' id='par_1_82' title="bbox 1919 2317 3530 2391">
     <span class='ocr_line' id='line_1_82' title="bbox 1919 2317 3530 2391; baseline -0.011 -6"><span class='ocrx_word' id='word_1_663' title='bbox 1919 2341 1975 2386; x_wconf 90' lang='lat' dir='ltr'><strong>et</strong></span> <span class='ocrx_word' id='word_1_664' title='bbox 2003 2330 2125 2384; x_wconf 88' lang='lat' dir='ltr'><strong>ideo</strong></span> <span class='ocrx_word' id='word_1_665' title='bbox 2154 2342 2259 2382; x_wconf 89' lang='lat' dir='ltr'><strong>non</strong></span> <span class='ocrx_word' id='word_1_666' title='bbox 2301 2328 2371 2379; x_wconf 91' lang='lat' dir='ltr'><strong>ita</strong></span> <span class='ocrx_word' id='word_1_667' title='bbox 2420 2326 2560 2378; x_wconf 87' lang='lat' dir='ltr'><strong>sicut</strong></span> <span class='ocrx_word' id='word_1_668' title='bbox 2611 2322 2751 2391; x_wconf 89' lang='lat' dir='ltr'><strong>apud</strong></span> <span class='ocrx_word' id='word_1_669' title='bbox 2804 2335 2903 2374; x_wconf 92' lang='lat' dir='ltr'><strong>nos</strong></span> <span class='ocrx_word' id='word_1_670' title='bbox 2936 2326 3220 2389; x_wconf 86' lang='lat' dir='ltr'><strong>permanet</strong></span> <span class='ocrx_word' id='word_1_671' title='bbox 3268 2317 3530 2384; x_wconf 79' lang='lat' dir='ltr'><strong>purum,‘</strong></span> 
     </span>
    </p>
   </div>
   <div class='ocr_carea' id='block_1_83' title="bbox 1919 2408 3509 2483">
    <p class='ocr_par' dir='ltr' id='par_1_83' title="bbox 1919 2408 3509 2483">
     <span class='ocr_line' id='line_1_83' title="bbox 1919 2408 3509 2483; baseline -0.011 -6"><span class='ocrx_word' id='word_1_672' title='bbox 1919 2422 2018 2477; x_wconf 87' lang='lat' dir='ltr'><strong>sed</strong></span> <span class='ocrx_word' id='word_1_673' title='bbox 2048 2421 2230 2475; x_wconf 89' lang='lat' dir='ltr'><strong>lumen</strong></span> <span class='ocrx_word' id='word_1_674' title='bbox 2278 2427 2331 2472; x_wconf 93' lang='lat' dir='ltr'><strong>et</strong></span> <span class='ocrx_word' id='word_1_675' title='bbox 2372 2416 2482 2470; x_wconf 90' lang='lat' dir='ltr'><strong>illic</strong></span> <span class='ocrx_word' id='word_1_676' title='bbox 2533 2423 2620 2469; x_wconf 90' lang='lat' dir='ltr'><strong>est</strong></span> <span class='ocrx_word' id='word_1_677' title='bbox 2652 2431 2667 2466; x_wconf 89' lang='lat'><strong>:</strong></span> <span class='ocrx_word' id='word_1_678' title='bbox 2698 2414 2948 2483; x_wconf 88' lang='lat' dir='ltr'><strong>perlucet</strong></span> <span class='ocrx_word' id='word_1_679' title='bbox 2995 2410 3141 2465; x_wconf 90' lang='lat' dir='ltr'><strong>enim</strong></span> <span class='ocrx_word' id='word_1_680' title='bbox 3189 2418 3246 2462; x_wconf 90' lang='lat' dir='ltr'><strong>et</strong></span> <span class='ocrx_word' id='word_1_681' title='bbox 3298 2408 3372 2461; x_wconf 86' lang='lat' dir='ltr'><strong>ibi</strong></span> <span class='ocrx_word' id='word_1_682' title='bbox 3409 2421 3509 2475; x_wconf 92' lang='lat' dir='ltr'><strong>per</strong></span> 
     </span>
    </p>
   </div>
   <div class='ocr_carea' id='block_1_84' title="bbox 1922 2496 3508 2582">
    <p class='ocr_par' dir='ltr' id='par_1_84' title="bbox 1922 2496 3508 2582">
     <span class='ocr_line' id='line_1_84' title="bbox 1922 2496 3508 2582; baseline -0.01 -16"><span class='ocrx_word' id='word_1_683' title='bbox 1922 2527 2094 2582; x_wconf 87' lang='lat' dir='ltr'><strong>aquas</strong></span> <span class='ocrx_word' id='word_1_684' title='bbox 2127 2549 2144 2575; x_wconf 92' lang='lat'><strong>,</strong></span> <span class='ocrx_word' id='word_1_685' title='bbox 2178 2510 2270 2563; x_wconf 89' lang='lat' dir='ltr'><strong>sed</strong></span> <span class='ocrx_word' id='word_1_686' title='bbox 2297 2523 2403 2562; x_wconf 92' lang='lat' dir='ltr'><strong>non</strong></span> <span class='ocrx_word' id='word_1_687' title='bbox 2432 2515 2512 2562; x_wconf 90' lang='lat' dir='ltr'><strong>est</strong></span> <span class='ocrx_word' id='word_1_688' title='bbox 2534 2506 2607 2559; x_wconf 88' lang='lat' dir='ltr'><strong>ita</strong></span> <span class='ocrx_word' id='word_1_689' title='bbox 2638 2518 2832 2575; x_wconf 91' lang='lat' dir='ltr'><strong>purum</strong></span> <span class='ocrx_word' id='word_1_690' title='bbox 2857 2512 2915 2556; x_wconf 93' lang='lat' dir='ltr'><strong>ut</strong></span> <span class='ocrx_word' id='word_1_691' title='bbox 2961 2500 3140 2556; x_wconf 88' lang='lat' dir='ltr'><strong>nobis.</strong></span> <span class='ocrx_word' id='word_1_692' title='bbox 3188 2498 3257 2552; x_wconf 85' lang='lat' dir='ltr'><strong>Et</strong></span> <span class='ocrx_word' id='word_1_693' title='bbox 3307 2498 3351 2551; x_wconf 90' lang='lat' dir='ltr'><strong>si</strong></span> <span class='ocrx_word' id='word_1_694' title='bbox 3383 2496 3508 2565; x_wconf 74' lang='lat' dir='ltr'><strong>quis</strong></span> 
     </span>
    </p>
   </div>
   <div class='ocr_carea' id='block_1_85' title="bbox 1920 2593 3510 2675">
    <p class='ocr_par' dir='ltr' id='par_1_85' title="bbox 1920 2593 3510 2675">
     <span class='ocr_line' id='line_1_85' title="bbox 1920 2593 3510 2675; baseline -0.012 -15"><span class='ocrx_word' id='word_1_695' title='bbox 1920 2603 2212 2675; x_wconf 86' lang='lat' dir='ltr'><strong>aliquando</strong></span> <span class='ocrx_word' id='word_1_696' title='bbox 2241 2602 2291 2655; x_wconf 90' lang='lat' dir='ltr'><strong>vi</strong></span> <span class='ocrx_word' id='word_1_697' title='bbox 2320 2601 2511 2655; x_wconf 89' lang='lat' dir='ltr'><strong>mersit</strong></span> <span class='ocrx_word' id='word_1_698' title='bbox 2540 2600 2595 2653; x_wconf 93' lang='lat' dir='ltr'><strong>in</strong></span> <span class='ocrx_word' id='word_1_699' title='bbox 2622 2610 2790 2667; x_wconf 82' lang='lat' dir='ltr'><strong>aquas</strong></span> <span class='ocrx_word' id='word_1_700' title='bbox 2812 2635 2828 2661; x_wconf 96' lang='lat'><strong>,</strong></span> <span class='ocrx_word' id='word_1_701' title='bbox 2861 2604 2917 2649; x_wconf 92' lang='lat' dir='ltr'><strong>et</strong></span> <span class='ocrx_word' id='word_1_702' title='bbox 2943 2594 2999 2648; x_wconf 89' lang='lat' dir='ltr'><strong>in</strong></span> <span class='ocrx_word' id='word_1_703' title='bbox 3029 2593 3186 2663; x_wconf 87' lang='lat' dir='ltr'><strong>aquis</strong></span> <span class='ocrx_word' id='word_1_704' title='bbox 3226 2604 3356 2644; x_wconf 89' lang='lat' dir='ltr'><strong>suos</strong></span> <span class='ocrx_word' id='word_1_705' title='bbox 3378 2605 3510 2658; x_wconf 76' lang='lat' dir='ltr'><strong>ape-</strong></span> 
     </span>
    </p>
   </div>
   <div class='ocr_carea' id='block_1_86' title="bbox 1923 2684 3507 2763">
    <p class='ocr_par' dir='ltr' id='par_1_86' title="bbox 1923 2684 3507 2763">
     <span class='ocr_line' id='line_1_86' title="bbox 1923 2684 3507 2763; baseline -0.009 -12"><span class='ocrx_word' id='word_1_706' title='bbox 1923 2698 2031 2751; x_wconf 90' lang='lat' dir='ltr'><strong>ruit</strong></span> <span class='ocrx_word' id='word_1_707' title='bbox 2054 2695 2240 2751; x_wconf 85' lang='lat' dir='ltr'><strong>oculos</strong></span> <span class='ocrx_word' id='word_1_708' title='bbox 2260 2733 2276 2757; x_wconf 91' lang='lat'><strong>,</strong></span> <span class='ocrx_word' id='word_1_709' title='bbox 2311 2692 2444 2746; x_wconf 86' lang='lat' dir='ltr'><strong>vidit</strong></span> <span class='ocrx_word' id='word_1_710' title='bbox 2466 2691 2667 2763; x_wconf 89' lang='lat' dir='ltr'><strong>quippe</strong></span> <span class='ocrx_word' id='word_1_711' title='bbox 2689 2690 2832 2759; x_wconf 90' lang='lat' dir='ltr'><strong>quod</strong></span> <span class='ocrx_word' id='word_1_712' title='bbox 2856 2686 2998 2759; x_wconf 92' lang='lat' dir='ltr'><strong>apud</strong></span> <span class='ocrx_word' id='word_1_713' title='bbox 3047 2700 3148 2739; x_wconf 89' lang='lat' dir='ltr'><strong>nos</strong></span> <span class='ocrx_word' id='word_1_714' title='bbox 3175 2690 3259 2738; x_wconf 91' lang='lat' dir='ltr'><strong>est</strong></span> <span class='ocrx_word' id='word_1_715' title='bbox 3287 2684 3507 2749; x_wconf 88' lang='lat' dir='ltr'><strong>lumen;</strong></span> 
     </span>
    </p>
   </div>
   <div class='ocr_carea' id='block_1_87' title="bbox 1921 2768 3506 2855">
    <p class='ocr_par' dir='ltr' id='par_1_87' title="bbox 1921 2768 3506 2855">
     <span class='ocr_line' id='line_1_87' title="bbox 1921 2768 3506 2855; baseline -0.008 -12"><span class='ocrx_word' id='word_1_716' title='bbox 1921 2789 2099 2853; x_wconf 90' lang='lat' dir='ltr'><strong>videt,</strong></span> <span class='ocrx_word' id='word_1_717' title='bbox 2136 2788 2356 2855; x_wconf 88' lang='lat' dir='ltr'><strong>inquam</strong></span> <span class='ocrx_word' id='word_1_718' title='bbox 2379 2825 2395 2850; x_wconf 93' lang='lat'><strong>,</strong></span> <span class='ocrx_word' id='word_1_719' title='bbox 2432 2783 2536 2837; x_wconf 91' lang='lat' dir='ltr'><strong>hoc</strong></span> <span class='ocrx_word' id='word_1_720' title='bbox 2570 2768 2778 2837; x_wconf 87' lang='lat' dir='ltr'><strong>clarum</strong></span> <span class='ocrx_word' id='word_1_721' title='bbox 2812 2781 2866 2836; x_wconf 89' lang='lat' dir='ltr'><strong>in</strong></span> <span class='ocrx_word' id='word_1_722' title='bbox 2917 2778 3074 2849; x_wconf 88' lang='lat' dir='ltr'><strong>aquis</strong></span> <span class='ocrx_word' id='word_1_723' title='bbox 3123 2776 3506 2845; x_wconf 86' lang='lat' dir='ltr'><strong>caliginosum.</strong></span> 
     </span>
    </p>
   </div>
   <div class='ocr_carea' id='block_1_88' title="bbox 1926 2856 3507 2940">
    <p class='ocr_par' dir='ltr' id='par_1_88' title="bbox 1926 2856 3507 2940">
     <span class='ocr_line' id='line_1_88' title="bbox 1926 2856 3507 2940; baseline -0.013 -4"><span class='ocrx_word' id='word_1_724' title='bbox 1926 2880 2156 2936; x_wconf 88' lang='lat' dir='ltr'><strong>Utamur</strong></span> <span class='ocrx_word' id='word_1_725' title='bbox 2178 2884 2359 2930; x_wconf 88' lang='lat' dir='ltr'><strong>autem</strong></span> <span class='ocrx_word' id='word_1_726' title='bbox 2400 2884 2455 2928; x_wconf 92' lang='lat' dir='ltr'><strong>et</strong></span> <span class='ocrx_word' id='word_1_727' title='bbox 2477 2873 2583 2927; x_wconf 88' lang='lat' dir='ltr'><strong>alia</strong></span> <span class='ocrx_word' id='word_1_728' title='bbox 2616 2856 3048 2940; x_wconf 87' lang='lat' dir='ltr'><strong>comparatione.</strong></span> <span class='ocrx_word' id='word_1_729' title='bbox 3081 2867 3331 2921; x_wconf 63' lang='lat' dir='ltr'><strong>Praesens</strong></span> <span class='ocrx_word' id='word_1_730' title='bbox 3359 2864 3507 2918; x_wconf 90' lang='lat' dir='ltr'><strong>enim</strong></span> 
     </span>
    </p>
   </div>
   <div class='ocr_carea' id='block_1_89' title="bbox 1922 2958 3511 3026">
    <p class='ocr_par' dir='ltr' id='par_1_89' title="bbox 1922 2958 3511 3026">
     <span class='ocr_line' id='line_1_89' title="bbox 1922 2958 3511 3026; baseline -0.011 -1"><span class='ocrx_word' id='word_1_731' title='bbox 1922 2972 2081 3026; x_wconf 88' lang='lat' dir='ltr'><strong>istius</strong></span> <span class='ocrx_word' id='word_1_732' title='bbox 2117 2970 2262 3022; x_wconf 82' lang='lat' dir='ltr'><strong>horae</strong></span> <span class='ocrx_word' id='word_1_733' title='bbox 2291 2964 2612 3021; x_wconf 89' lang='lat' dir='ltr'><strong>constitutio</strong></span> <span class='ocrx_word' id='word_1_734' title='bbox 2632 2963 3009 3017; x_wconf 89' lang='lat' dir='ltr'><strong>testimonium</strong></span> <span class='ocrx_word' id='word_1_735' title='bbox 3036 2958 3274 3014; x_wconf 88' lang='lat' dir='ltr'><strong>sermoni</strong></span> <span class='ocrx_word' id='word_1_736' title='bbox 3307 2958 3511 3023; x_wconf 86' lang='lat' dir='ltr'><strong>imper-</strong></span> 
     </span>
    </p>
   </div>
   <div class='ocr_carea' id='block_1_90' title="bbox 1926 3044 3508 3127">
    <p class='ocr_par' dir='ltr' id='par_1_90' title="bbox 1926 3044 3508 3127">
     <span class='ocr_line' id='line_1_90' title="bbox 1926 3044 3508 3127; baseline -0.012 -11"><span class='ocrx_word' id='word_1_737' title='bbox 1926 3062 2040 3116; x_wconf 89' lang='lat' dir='ltr'><strong>tiet.</strong></span> <span class='ocrx_word' id='word_1_738' title='bbox 2097 3058 2209 3112; x_wconf 81' lang='lat' dir='ltr'><strong>Hoc</strong></span> <span class='ocrx_word' id='word_1_739' title='bbox 2239 3057 2385 3127; x_wconf 91' lang='lat' dir='ltr'><strong>quod</strong></span> <span class='ocrx_word' id='word_1_740' title='bbox 2431 3054 2573 3122; x_wconf 90' lang='lat' dir='ltr'><strong>apud</strong></span> <span class='ocrx_word' id='word_1_741' title='bbox 2631 3068 2731 3107; x_wconf 91' lang='lat' dir='ltr'><strong>nos</strong></span> <span class='ocrx_word' id='word_1_742' title='bbox 2764 3066 2960 3120; x_wconf 82' lang='lat' dir='ltr'><strong>purum</strong></span> <span class='ocrx_word' id='word_1_743' title='bbox 2992 3059 3080 3104; x_wconf 91' lang='lat' dir='ltr'><strong>est</strong></span> <span class='ocrx_word' id='word_1_744' title='bbox 3129 3049 3309 3104; x_wconf 88' lang='lat' dir='ltr'><strong>lumen</strong></span> <span class='ocrx_word' id='word_1_745' title='bbox 3336 3065 3349 3099; x_wconf 74' lang='grc' dir='ltr'>ε</span> <span class='ocrx_word' id='word_1_746' title='bbox 3380 3044 3508 3113; x_wconf 84' lang='lat' dir='ltr'><strong>quia</strong></span> 
     </span>
    </p>
   </div>
   <div class='ocr_carea' id='block_1_91' title="bbox 1926 3138 3509 3210">
    <p class='ocr_par' dir='ltr' id='par_1_91' title="bbox 1926 3138 3509 3210">
     <span class='ocr_line' id='line_1_91' title="bbox 1926 3138 3509 3210; baseline -0.008 -7"><span class='ocrx_word' id='word_1_747' title='bbox 1926 3150 2067 3204; x_wconf 85' lang='lat' dir='ltr'><strong>enim</strong></span> <span class='ocrx_word' id='word_1_748' title='bbox 2100 3149 2270 3202; x_wconf 90' lang='lat' dir='ltr'><strong>nubes</strong></span> <span class='ocrx_word' id='word_1_749' title='bbox 2293 3145 2587 3199; x_wconf 88' lang='lat' dir='ltr'><strong>adveniens</strong></span> <span class='ocrx_word' id='word_1_750' title='bbox 2622 3142 2871 3196; x_wconf 88' lang='lat' dir='ltr'><strong>constitit</strong></span> <span class='ocrx_word' id='word_1_751' title='bbox 2896 3155 3059 3210; x_wconf 91' lang='lat' dir='ltr'><strong>super</strong></span> <span class='ocrx_word' id='word_1_752' title='bbox 3088 3153 3212 3200; x_wconf 88' lang='lat' dir='ltr'><strong>nos,</strong></span> <span class='ocrx_word' id='word_1_753' title='bbox 3245 3138 3399 3207; x_wconf 88' lang='lat' dir='ltr'><strong>aquis</strong></span> <span class='ocrx_word' id='word_1_754' title='bbox 3423 3146 3509 3191; x_wconf 78' lang='lat' dir='ltr'><strong>ut-</strong></span> 
     </span>
    </p>
   </div>
   <div class='ocr_carea' id='block_1_92' title="bbox 1926 3230 3511 3313">
    <p class='ocr_par' dir='ltr' id='par_1_92' title="bbox 1926 3230 3511 3313">
     <span class='ocr_line' id='line_1_92' title="bbox 1926 3230 3511 3313; baseline -0.009 -17"><span class='ocrx_word' id='word_1_755' title='bbox 1926 3252 2048 3313; x_wconf 89' lang='lat' dir='ltr'><strong>pote</strong></span> <span class='ocrx_word' id='word_1_756' title='bbox 2065 3240 2250 3309; x_wconf 89' lang='lat' dir='ltr'><strong>plena;</strong></span> <span class='ocrx_word' id='word_1_757' title='bbox 2275 3252 2379 3292; x_wconf 92' lang='lat' dir='ltr'><strong>non</strong></span> <span class='ocrx_word' id='word_1_758' title='bbox 2413 3234 2659 3305; x_wconf 90' lang='lat' dir='ltr'><strong>permisit</strong></span> <span class='ocrx_word' id='word_1_759' title='bbox 2678 3242 2861 3287; x_wconf 89' lang='lat' dir='ltr'><strong>autem</strong></span> <span class='ocrx_word' id='word_1_760' title='bbox 2888 3234 2993 3285; x_wconf 84' lang='lat' dir='ltr'><strong>tale</strong></span> <span class='ocrx_word' id='word_1_761' title='bbox 3014 3231 3080 3285; x_wconf 88' lang='lat' dir='ltr'><strong>ad</strong></span> <span class='ocrx_word' id='word_1_762' title='bbox 3101 3245 3199 3284; x_wconf 92' lang='lat' dir='ltr'><strong>nos</strong></span> <span class='ocrx_word' id='word_1_763' title='bbox 3219 3230 3399 3282; x_wconf 90' lang='lat' dir='ltr'><strong>lumen</strong></span> <span class='ocrx_word' id='word_1_764' title='bbox 3420 3242 3511 3282; x_wconf 82' lang='lat' dir='ltr'><strong>ve-</strong></span> 
     </span>
    </p>
   </div>
   <div class='ocr_carea' id='block_1_93' title="bbox 1928 3317 3512 3402">
    <p class='ocr_par' dir='ltr' id='par_1_93' title="bbox 1928 3317 3512 3402">
     <span class='ocr_line' id='line_1_93' title="bbox 1928 3317 3512 3402; baseline -0.009 -13"><span class='ocrx_word' id='word_1_765' title='bbox 1928 3338 2066 3399; x_wconf 88' lang='lat' dir='ltr'><strong>nire,</strong></span> <span class='ocrx_word' id='word_1_766' title='bbox 2088 3333 2249 3402; x_wconf 87' lang='lat' dir='ltr'><strong>quale</strong></span> <span class='ocrx_word' id='word_1_767' title='bbox 2268 3331 2381 3385; x_wconf 78' lang='lat' dir='ltr'><strong>lteri</strong></span> <span class='ocrx_word' id='word_1_768' title='bbox 2402 3339 2456 3383; x_wconf 87' lang='lat' dir='ltr'><strong>et</strong></span> <span class='ocrx_word' id='word_1_769' title='bbox 2481 3328 2691 3399; x_wconf 86' lang='lat' dir='ltr'><strong>pridem</strong></span> <span class='ocrx_word' id='word_1_770' title='bbox 2716 3326 3051 3380; x_wconf 85' lang='lat' dir='ltr'><strong>habebamus</strong></span> <span class='ocrx_word' id='word_1_771' title='bbox 3070 3324 3121 3376; x_wconf 91' lang='lat' dir='ltr'><strong>in</strong></span> <span class='ocrx_word' id='word_1_772' title='bbox 3147 3317 3512 3376; x_wconf 69' lang='lat' dir='ltr'><strong>oculis.Aeﬁs</strong></span> 
     </span>
    </p>
   </div>
   <div class='ocr_carea' id='block_1_94' title="bbox 1927 3408 3509 3490">
    <p class='ocr_par' dir='ltr' id='par_1_94' title="bbox 1927 3408 3509 3490">
     <span class='ocr_line' id='line_1_94' title="bbox 1927 3408 3509 3490; baseline -0.009 -12"><span class='ocrx_word' id='word_1_773' title='bbox 1927 3423 2070 3479; x_wconf 91' lang='lat' dir='ltr'><strong>enim</strong></span> <span class='ocrx_word' id='word_1_774' title='bbox 2092 3421 2307 3475; x_wconf 86' lang='lat' dir='ltr'><strong>tristitia</strong></span> <span class='ocrx_word' id='word_1_775' title='bbox 2324 3420 2532 3490; x_wconf 84' lang='lat' dir='ltr'><strong>pervisa</strong></span> <span class='ocrx_word' id='word_1_776' title='bbox 2552 3416 2789 3471; x_wconf 89' lang='lat' dir='ltr'><strong>ostendit</strong></span> <span class='ocrx_word' id='word_1_777' title='bbox 2804 3422 2999 3483; x_wconf 87' lang='lat' dir='ltr'><strong>quanta</strong></span> <span class='ocrx_word' id='word_1_778' title='bbox 3018 3408 3509 3465; x_wconf 90' lang='lat' dir='ltr'><strong>immutatioeidem</strong></span> 
     </span>
    </p>
   </div>
   <div class='ocr_carea' id='block_1_95' title="bbox 1928 3502 3512 3587">
    <p class='ocr_par' dir='ltr' id='par_1_95' title="bbox 1928 3502 3512 3587">
     <span class='ocr_line' id='line_1_95' title="bbox 1928 3502 3512 3587; baseline -0.011 -15"><span class='ocrx_word' id='word_1_779' title='bbox 1928 3517 2027 3587; x_wconf 88' lang='lat' dir='ltr'><strong>ipsi</strong></span> <span class='ocrx_word' id='word_1_780' title='bbox 2059 3515 2245 3569; x_wconf 89' lang='lat' dir='ltr'><strong>lumini</strong></span> <span class='ocrx_word' id='word_1_781' title='bbox 2275 3516 2341 3566; x_wconf 91' lang='lat' dir='ltr'><strong>ab</strong></span> <span class='ocrx_word' id='word_1_782' title='bbox 2369 3509 2665 3578; x_wconf 87' lang='lat' dir='ltr'><strong>interjectis</strong></span> <span class='ocrx_word' id='word_1_783' title='bbox 2698 3507 2931 3562; x_wconf 88' lang='lat' dir='ltr'><strong>nubibus</strong></span> <span class='ocrx_word' id='word_1_784' title='bbox 2954 3503 3259 3574; x_wconf 81' lang='lat' dir='ltr'><strong>perficitur,</strong></span> <span class='ocrx_word' id='word_1_785' title='bbox 3288 3514 3345 3555; x_wconf 91' lang='lat' dir='ltr'><strong>ut</strong></span> <span class='ocrx_word' id='word_1_786' title='bbox 3370 3502 3512 3565; x_wconf 89' lang='lat' dir='ltr'><strong>apud</strong></span> 
     </span>
    </p>
   </div>
   <div class='ocr_carea' id='block_1_96' title="bbox 1929 3594 3512 3673">
    <p class='ocr_par' dir='ltr' id='par_1_96' title="bbox 1929 3594 3512 3673">
     <span class='ocr_line' id='line_1_96' title="bbox 1929 3594 3512 3673; baseline -0.01 -10"><span class='ocrx_word' id='word_1_787' title='bbox 1929 3624 2048 3663; x_wconf 91' lang='lat' dir='ltr'><strong>nos.</strong></span> <span class='ocrx_word' id='word_1_788' title='bbox 2076 3606 2133 3660; x_wconf 88' lang='lat' dir='ltr'><strong>Si</strong></span> <span class='ocrx_word' id='word_1_789' title='bbox 2167 3616 2351 3659; x_wconf 88' lang='lat' dir='ltr'><strong>autem</strong></span> <span class='ocrx_word' id='word_1_790' title='bbox 2388 3612 2658 3673; x_wconf 75' lang='lat' dir='ltr'><strong>praecepto</strong></span> <span class='ocrx_word' id='word_1_791' title='bbox 2691 3600 2787 3656; x_wconf 88' lang='lat' dir='ltr'><strong>Dei</strong></span> <span class='ocrx_word' id='word_1_792' title='bbox 2820 3599 3097 3654; x_wconf 89' lang='lat' dir='ltr'><strong>evacuatis</strong></span> <span class='ocrx_word' id='word_1_793' title='bbox 3128 3596 3282 3664; x_wconf 88' lang='lat' dir='ltr'><strong>aquis</strong></span> <span class='ocrx_word' id='word_1_794' title='bbox 3315 3594 3512 3662; x_wconf 74' lang='lat' dir='ltr'><strong>fugatae</strong></span> 
     </span>
    </p>
   </div>
   <div class='ocr_carea' id='block_1_97' title="bbox 1928 3687 3515 3760">
    <p class='ocr_par' dir='ltr' id='par_1_97' title="bbox 1928 3687 3515 3760">
     <span class='ocr_line' id='line_1_97' title="bbox 1928 3687 3515 3760; baseline -0.01 -5"><span class='ocrx_word' id='word_1_795' title='bbox 1928 3701 2129 3754; x_wconf 87' lang='lat' dir='ltr'><strong>fuerint</strong></span> <span class='ocrx_word' id='word_1_796' title='bbox 2150 3701 2341 3760; x_wconf 88' lang='lat' dir='ltr'><strong>nubes,</strong></span> <span class='ocrx_word' id='word_1_797' title='bbox 2358 3707 2413 3750; x_wconf 90' lang='lat' dir='ltr'><strong>et</strong></span> <span class='ocrx_word' id='word_1_798' title='bbox 2435 3707 2627 3749; x_wconf 82' lang='lat' dir='ltr'><strong>natura</strong></span> <span class='ocrx_word' id='word_1_799' title='bbox 2648 3694 2765 3760; x_wconf 82' lang='lat' dir='ltr'><strong>ejus</strong></span> <span class='ocrx_word' id='word_1_800' title='bbox 2786 3702 2889 3755; x_wconf 86' lang='lat' dir='ltr'><strong>est,</strong></span> <span class='ocrx_word' id='word_1_801' title='bbox 2910 3693 3101 3746; x_wconf 85' lang='lat' dir='ltr'><strong>iterum</strong></span> <span class='ocrx_word' id='word_1_802' title='bbox 3123 3690 3275 3743; x_wconf 87' lang='lat' dir='ltr'><strong>nobis</strong></span> <span class='ocrx_word' id='word_1_803' title='bbox 3294 3687 3515 3741; x_wconf 84' lang='lat' dir='ltr'><strong>advenit</strong></span> 
     </span>
    </p>
   </div>
   <div class='ocr_carea' id='block_1_98' title="bbox 1928 3781 3513 3856">
    <p class='ocr_par' dir='ltr' id='par_1_98' title="bbox 1928 3781 3513 3856">
     <span class='ocr_line' id='line_1_98' title="bbox 1928 3781 3513 3856; baseline -0.009 -10"><span class='ocrx_word' id='word_1_804' title='bbox 1928 3792 2133 3856; x_wconf 91' lang='lat' dir='ltr'><strong>lumen,</strong></span> <span class='ocrx_word' id='word_1_805' title='bbox 2161 3805 2269 3845; x_wconf 88' lang='lat' dir='ltr'><strong>non</strong></span> <span class='ocrx_word' id='word_1_806' title='bbox 2293 3788 2435 3841; x_wconf 88' lang='lat' dir='ltr'><strong>aliud</strong></span> <span class='ocrx_word' id='word_1_807' title='bbox 2468 3788 2667 3855; x_wconf 78' lang='lat' dir='ltr'><strong>quippe</strong></span> <span class='ocrx_word' id='word_1_808' title='bbox 2688 3785 2909 3847; x_wconf 81' lang='lat' dir='ltr'><strong>factum,</strong></span> <span class='ocrx_word' id='word_1_809' title='bbox 2931 3786 3023 3837; x_wconf 87' lang='lat' dir='ltr'><strong>sed</strong></span> <span class='ocrx_word' id='word_1_810' title='bbox 3044 3781 3331 3834; x_wconf 89' lang='lat' dir='ltr'><strong>liberatum</strong></span> <span class='ocrx_word' id='word_1_811' title='bbox 3365 3794 3393 3830; x_wconf 87' lang='lat' dir='ltr'><strong>a</strong></span> <span class='ocrx_word' id='word_1_812' title='bbox 3413 3792 3513 3831; x_wconf 90' lang='lat' dir='ltr'><strong>nu-</strong></span> 
     </span>
    </p>
   </div>
   <div class='ocr_carea' id='block_1_99' title="bbox 1926 3871 3511 3950">
    <p class='ocr_par' dir='ltr' id='par_1_99' title="bbox 1926 3871 3511 3950">
     <span class='ocr_line' id='line_1_99' title="bbox 1926 3871 3511 3950; baseline -0.01 -12"><span class='ocrx_word' id='word_1_813' title='bbox 1926 3884 2074 3938; x_wconf 88' lang='lat' dir='ltr'><strong>bium</strong></span> <span class='ocrx_word' id='word_1_814' title='bbox 2093 3880 2445 3950; x_wconf 85' lang='lat' dir='ltr'><strong>pertnistioue</strong></span> <span class='ocrx_word' id='word_1_815' title='bbox 2460 3921 2474 3940; x_wconf 90' lang='lat'><strong>,</strong></span> <span class='ocrx_word' id='word_1_816' title='bbox 2497 3878 2654 3931; x_wconf 85' lang='lat' dir='ltr'><strong>istam</strong></span> <span class='ocrx_word' id='word_1_817' title='bbox 2674 3892 2834 3946; x_wconf 86' lang='lat' dir='ltr'><strong>quam</strong></span> <span class='ocrx_word' id='word_1_818' title='bbox 2854 3875 3047 3929; x_wconf 84' lang='lat' dir='ltr'><strong>videtis</strong></span> <span class='ocrx_word' id='word_1_819' title='bbox 3068 3871 3511 3927; x_wconf 87' lang='lat' dir='ltr'><strong>constitutionem</strong></span> 
     </span>
    </p>
   </div>
   <div class='ocr_carea' id='block_1_100' title="bbox 1928 3962 3515 4041">
    <p class='ocr_par' dir='ltr' id='par_1_100' title="bbox 1928 3962 3515 4041">
     <span class='ocr_line' id='line_1_100' title="bbox 1928 3962 3515 4041; baseline -0.007 -15"><span class='ocrx_word' id='word_1_820' title='bbox 1928 3974 2275 4041; x_wconf 71' lang='lat' dir='ltr'><strong>praebentem.</strong></span> <span class='ocrx_word' id='word_1_821' title='bbox 2320 3969 2461 4040; x_wconf 85' lang='lat' dir='ltr'><strong>Ergo</strong></span> <span class='ocrx_word' id='word_1_822' title='bbox 2494 3978 2547 4022; x_wconf 93' lang='lat' dir='ltr'><strong>et</strong></span> <span class='ocrx_word' id='word_1_823' title='bbox 2574 3968 2625 4021; x_wconf 92' lang='lat' dir='ltr'><strong>in</strong></span> <span class='ocrx_word' id='word_1_824' title='bbox 2670 3968 2829 4031; x_wconf 88' lang='lat' dir='ltr'><strong>mari,</strong></span> <span class='ocrx_word' id='word_1_825' title='bbox 2859 3976 2913 4021; x_wconf 90' lang='lat' dir='ltr'><strong>et</strong></span> <span class='ocrx_word' id='word_1_826' title='bbox 2948 3966 2999 4020; x_wconf 90' lang='lat' dir='ltr'><strong>in</strong></span> <span class='ocrx_word' id='word_1_827' title='bbox 3029 3966 3185 4033; x_wconf 87' lang='lat' dir='ltr'><strong>aquis</strong></span> <span class='ocrx_word' id='word_1_828' title='bbox 3210 3972 3329 4016; x_wconf 89' lang='lat' dir='ltr'><strong>erat</strong></span> <span class='ocrx_word' id='word_1_829' title='bbox 3367 3962 3515 4015; x_wconf 88' lang='lat' dir='ltr'><strong>aliud</strong></span> 
     </span>
    </p>
   </div>
   <div class='ocr_carea' id='block_1_101' title="bbox 1929 4056 3514 4129">
    <p class='ocr_par' dir='ltr' id='par_1_101' title="bbox 1929 4056 3514 4129">
     <span class='ocr_line' id='line_1_101' title="bbox 1929 4056 3514 4129; baseline -0.007 -12"><span class='ocrx_word' id='word_1_830' title='bbox 1929 4064 2146 4129; x_wconf 91' lang='lat' dir='ltr'><strong>lumen;</strong></span> <span class='ocrx_word' id='word_1_831' title='bbox 2197 4078 2302 4116; x_wconf 90' lang='lat' dir='ltr'><strong>non</strong></span> <span class='ocrx_word' id='word_1_832' title='bbox 2337 4061 2565 4115; x_wconf 91' lang='lat' dir='ltr'><strong>alterum</strong></span> <span class='ocrx_word' id='word_1_833' title='bbox 2598 4060 2796 4129; x_wconf 88' lang='lat' dir='ltr'><strong>quippe</strong></span> <span class='ocrx_word' id='word_1_834' title='bbox 2827 4067 3043 4122; x_wconf 89' lang='lat' dir='ltr'><strong>natura,</strong></span> <span class='ocrx_word' id='word_1_835' title='bbox 3081 4057 3174 4111; x_wconf 89' lang='lat' dir='ltr'><strong>sed</strong></span> <span class='ocrx_word' id='word_1_836' title='bbox 3210 4058 3312 4110; x_wconf 87' lang='lat' dir='ltr'><strong>sub</strong></span> <span class='ocrx_word' id='word_1_837' title='bbox 3342 4056 3514 4109; x_wconf 90' lang='lat' dir='ltr'><strong>intro-</strong></span> 
     </span>
    </p>
   </div>
   <div class='ocr_carea' id='block_1_102' title="bbox 1928 4148 3516 4223">
    <p class='ocr_par' dir='ltr' id='par_1_102' title="bbox 1928 4148 3516 4223">
     <span class='ocr_line' id='line_1_102' title="bbox 1928 4148 3516 4223; baseline -0.007 -12"><span class='ocrx_word' id='word_1_838' title='bbox 1928 4157 2181 4211; x_wconf 90' lang='lat' dir='ltr'><strong>ductione</strong></span> <span class='ocrx_word' id='word_1_839' title='bbox 2213 4155 2440 4208; x_wconf 87' lang='lat' dir='ltr'><strong>aliorum</strong></span> <span class='ocrx_word' id='word_1_840' title='bbox 2476 4153 2853 4223; x_wconf 84' lang='lat' dir='ltr'><strong>caliginosum.</strong></span> <span class='ocrx_word' id='word_1_841' title='bbox 2910 4152 2985 4205; x_wconf 89' lang='lat' dir='ltr'><strong>Ita</strong></span> <span class='ocrx_word' id='word_1_842' title='bbox 3015 4159 3069 4205; x_wconf 87' lang='lat' dir='ltr'><strong>et</strong></span> <span class='ocrx_word' id='word_1_843' title='bbox 3117 4148 3258 4219; x_wconf 80' lang='lat' dir='ltr'><strong>apud</strong></span> <span class='ocrx_word' id='word_1_844' title='bbox 3306 4162 3402 4202; x_wconf 86' lang='lat' dir='ltr'><strong>nos</strong></span> <span class='ocrx_word' id='word_1_845' title='bbox 3446 4160 3516 4201; x_wconf 86' lang='lat' dir='ltr'><strong>ex</strong></span> 
     </span>
    </p>
   </div>
   <div class='ocr_carea' id='block_1_103' title="bbox 1930 4240 3516 4313">
    <p class='ocr_par' dir='ltr' id='par_1_103' title="bbox 1930 4240 3516 4313">
     <span class='ocr_line' id='line_1_103' title="bbox 1930 4240 3516 4313; baseline -0.006 -10"><span class='ocrx_word' id='word_1_846' title='bbox 1930 4260 2198 4303; x_wconf 87' lang='lat' dir='ltr'><strong>conventu</strong></span> <span class='ocrx_word' id='word_1_847' title='bbox 2230 4246 2450 4299; x_wconf 89' lang='lat' dir='ltr'><strong>nubium</strong></span> <span class='ocrx_word' id='word_1_848' title='bbox 2483 4255 2539 4299; x_wconf 92' lang='lat' dir='ltr'><strong>et</strong></span> <span class='ocrx_word' id='word_1_849' title='bbox 2582 4259 2844 4313; x_wconf 88' lang='lat' dir='ltr'><strong>aquarum</strong></span> <span class='ocrx_word' id='word_1_850' title='bbox 2876 4243 2977 4297; x_wconf 87' lang='lat' dir='ltr'><strong>hoc</strong></span> <span class='ocrx_word' id='word_1_851' title='bbox 3008 4242 3208 4296; x_wconf 88' lang='lat' dir='ltr'><strong>factum</strong></span> <span class='ocrx_word' id='word_1_852' title='bbox 3237 4250 3340 4303; x_wconf 88' lang='lat' dir='ltr'><strong>est,</strong></span> <span class='ocrx_word' id='word_1_853' title='bbox 3372 4240 3516 4308; x_wconf 86' lang='lat' dir='ltr'><strong>quod</strong></span> 
     </span>
    </p>
   </div>
   <div class='ocr_carea' id='block_1_104' title="bbox 1928 4336 3517 4408">
    <p class='ocr_par' dir='ltr' id='par_1_104' title="bbox 1928 4336 3517 4408">
     <span class='ocr_line' id='line_1_104' title="bbox 1928 4336 3517 4408; baseline -0.004 -15"><span class='ocrx_word' id='word_1_854' title='bbox 1928 4340 2123 4395; x_wconf 88' lang='lat' dir='ltr'><strong>videtis</strong></span> <span class='ocrx_word' id='word_1_855' title='bbox 2162 4354 2258 4408; x_wconf 86' lang='lat' dir='ltr'><strong>per</strong></span> <span class='ocrx_word' id='word_1_856' title='bbox 2302 4338 2493 4395; x_wconf 90' lang='lat' dir='ltr'><strong>nubes.</strong></span> <span class='ocrx_word' id='word_1_857' title='bbox 2547 4336 2852 4392; x_wconf 89' lang='lat' dir='ltr'><strong>Secundum</strong></span> <span class='ocrx_word' id='word_1_858' title='bbox 2895 4338 3054 4390; x_wconf 91' lang='lat' dir='ltr'><strong>istum</strong></span> <span class='ocrx_word' id='word_1_859' title='bbox 3103 4337 3267 4404; x_wconf 88' lang='lat' dir='ltr'><strong>igitur</strong></span> <span class='ocrx_word' id='word_1_860' title='bbox 3308 4348 3517 4387; x_wconf 85' lang='lat' dir='ltr'><strong>sermo-</strong></span> 
     </span>
    </p>
   </div>
   <div class='ocr_carea' id='block_1_105' title="bbox 1855 4425 3518 4518">
    <p class='ocr_par' dir='ltr' id='par_1_105' title="bbox 1855 4425 3518 4518">
     <span class='ocr_line' id='line_1_105' title="bbox 1855 4425 3518 4518; baseline -0.001 -36"><span class='ocrx_word' id='word_1_861' title='bbox 1855 4464 1898 4518; x_wconf 65' lang='grc' dir='ltr'><strong>Β</strong></span> <span class='ocrx_word' id='word_1_862' title='bbox 1933 4444 2076 4493; x_wconf 90' lang='lat' dir='ltr'><strong>nem,</strong></span> <span class='ocrx_word' id='word_1_863' title='bbox 2111 4438 2164 4483; x_wconf 88' lang='lat' dir='ltr'><strong>et</strong></span> <span class='ocrx_word' id='word_1_864' title='bbox 2225 4444 2322 4498; x_wconf 90' lang='lat' dir='ltr'><strong>per</strong></span> <span class='ocrx_word' id='word_1_865' title='bbox 2368 4444 2547 4483; x_wconf 90' lang='lat' dir='ltr'><strong>aerem</strong></span> <span class='ocrx_word' id='word_1_866' title='bbox 2582 4438 2873 4497; x_wconf 88' lang='lat' dir='ltr'><strong>penetrans</strong></span> <span class='ocrx_word' id='word_1_867' title='bbox 2908 4430 3086 4482; x_wconf 88' lang='lat' dir='ltr'><strong>lumen</strong></span> <span class='ocrx_word' id='word_1_868' title='bbox 3132 4443 3236 4480; x_wconf 87' lang='lat' dir='ltr'><strong>nntt</strong></span> <span class='ocrx_word' id='word_1_869' title='bbox 3281 4436 3363 4480; x_wconf 84' lang='lat' dir='ltr'><strong>est</strong></span> <span class='ocrx_word' id='word_1_870' title='bbox 3414 4425 3518 4480; x_wconf 89' lang='lat' dir='ltr'><strong>tale</strong></span> 
     </span>
    </p>
   </div>
   <div class='ocr_carea' id='block_1_106' title="bbox 1930 4518 3516 4590">
    <p class='ocr_par' dir='ltr' id='par_1_106' title="bbox 1930 4518 3516 4590">
     <span class='ocr_line' id='line_1_106' title="bbox 1930 4518 3516 4590; baseline -0.001 -17"><span class='ocrx_word' id='word_1_871' title='bbox 1930 4521 2088 4590; x_wconf 84' lang='lat' dir='ltr'><strong>quale</strong></span> <span class='ocrx_word' id='word_1_872' title='bbox 2121 4537 2150 4575; x_wconf 88' lang='lat' dir='ltr'><strong>a</strong></span> <span class='ocrx_word' id='word_1_873' title='bbox 2188 4521 2298 4575; x_wconf 88' lang='lat' dir='ltr'><strong>sole</strong></span> <span class='ocrx_word' id='word_1_874' title='bbox 2346 4522 2631 4577; x_wconf 87' lang='lat' dir='ltr'><strong>emittitur.</strong></span> <span class='ocrx_word' id='word_1_875' title='bbox 2682 4521 2739 4575; x_wconf 92' lang='lat' dir='ltr'><strong>Si</strong></span> <span class='ocrx_word' id='word_1_876' title='bbox 2782 4521 2933 4576; x_wconf 87' lang='lat' dir='ltr'><strong>enim</strong></span> <span class='ocrx_word' id='word_1_877' title='bbox 2981 4520 3217 4574; x_wconf 87' lang='lat' dir='ltr'><strong>maxime</strong></span> <span class='ocrx_word' id='word_1_878' title='bbox 3264 4534 3328 4571; x_wconf 91' lang='lat' dir='ltr'><strong>eo</strong></span> <span class='ocrx_word' id='word_1_879' title='bbox 3372 4518 3516 4586; x_wconf 90' lang='lat' dir='ltr'><strong>quod</strong></span> 
     </span>
    </p>
   </div>
   <div class='ocr_carea' id='block_1_107' title="bbox 1934 4612 3518 4683">
    <p class='ocr_par' dir='ltr' id='par_1_107' title="bbox 1934 4612 3518 4683">
     <span class='ocr_line' id='line_1_107' title="bbox 1934 4612 3518 4683; baseline -0.002 -15"><span class='ocrx_word' id='word_1_880' title='bbox 1934 4614 2249 4683; x_wconf 82' lang='lat' dir='ltr'><strong>perspicuus</strong></span> <span class='ocrx_word' id='word_1_881' title='bbox 2280 4629 2374 4668; x_wconf 91' lang='lat' dir='ltr'><strong>aer</strong></span> <span class='ocrx_word' id='word_1_882' title='bbox 2404 4616 2650 4677; x_wconf 90' lang='lat' dir='ltr'><strong>habetur,</strong></span> <span class='ocrx_word' id='word_1_883' title='bbox 2686 4614 2815 4667; x_wconf 90' lang='lat' dir='ltr'><strong>latet</strong></span> <span class='ocrx_word' id='word_1_884' title='bbox 2840 4614 3119 4683; x_wconf 85' lang='lat' dir='ltr'><strong>permistio</strong></span> <span class='ocrx_word' id='word_1_885' title='bbox 3149 4636 3159 4668; x_wconf 89' lang='lat'><strong>:</strong></span> <span class='ocrx_word' id='word_1_886' title='bbox 3190 4614 3283 4666; x_wconf 91' lang='lat' dir='ltr'><strong>sed</strong></span> <span class='ocrx_word' id='word_1_887' title='bbox 3314 4612 3358 4666; x_wconf 92' lang='lat' dir='ltr'><strong>si</strong></span> <span class='ocrx_word' id='word_1_888' title='bbox 3393 4612 3518 4681; x_wconf 88' lang='lat' dir='ltr'><strong>quis</strong></span> 
     </span>
    </p>
   </div>
   <div class='ocr_carea' id='block_1_108' title="bbox 1933 4705 3517 4775">
    <p class='ocr_par' dir='ltr' id='par_1_108' title="bbox 1933 4705 3517 4775">
     <span class='ocr_line' id='line_1_108' title="bbox 1933 4705 3517 4775; baseline 0.001 -19"><span class='ocrx_word' id='word_1_889' title='bbox 1933 4705 2164 4759; x_wconf 86' lang='lat' dir='ltr'><strong>voluerit</strong></span> <span class='ocrx_word' id='word_1_890' title='bbox 2195 4706 2429 4775; x_wconf 89' lang='lat' dir='ltr'><strong>cogitatu</strong></span> <span class='ocrx_word' id='word_1_891' title='bbox 2462 4706 2695 4771; x_wconf 86' lang='lat' dir='ltr'><strong>evolare,</strong></span> <span class='ocrx_word' id='word_1_892' title='bbox 2736 4716 2791 4761; x_wconf 91' lang='lat' dir='ltr'><strong>et</strong></span> <span class='ocrx_word' id='word_1_893' title='bbox 2823 4708 2968 4760; x_wconf 90' lang='lat' dir='ltr'><strong>velut</strong></span> <span class='ocrx_word' id='word_1_894' title='bbox 3009 4708 3060 4758; x_wconf 91' lang='lat' dir='ltr'><strong>in</strong></span> <span class='ocrx_word' id='word_1_895' title='bbox 3106 4706 3262 4775; x_wconf 85' lang='lat' dir='ltr'><strong>aquis</strong></span> <span class='ocrx_word' id='word_1_896' title='bbox 3294 4706 3517 4757; x_wconf 87' lang='lat' dir='ltr'><strong>nubium</strong></span> 
     </span>
    </p>
   </div>
   <div class='ocr_carea' id='block_1_109' title="bbox 1935 4796 3520 4865">
    <p class='ocr_par' dir='ltr' id='par_1_109' title="bbox 1935 4796 3520 4865">
     <span class='ocr_line' id='line_1_109' title="bbox 1935 4796 3520 4865; baseline -0.001 -15"><span class='ocrx_word' id='word_1_897' title='bbox 1935 4812 1993 4851; x_wconf 87' lang='lat' dir='ltr'><strong>se</strong></span> <span class='ocrx_word' id='word_1_898' title='bbox 2027 4811 2272 4865; x_wconf 83' lang='lat' dir='ltr'><strong>mergere</strong></span> <span class='ocrx_word' id='word_1_899' title='bbox 2293 4838 2308 4861; x_wconf 89' lang='lat'><strong>,</strong></span> <span class='ocrx_word' id='word_1_900' title='bbox 2348 4808 2403 4852; x_wconf 89' lang='lat' dir='ltr'><strong>et</strong></span> <span class='ocrx_word' id='word_1_901' title='bbox 2434 4799 2602 4852; x_wconf 90' lang='lat' dir='ltr'><strong>nubes</strong></span> <span class='ocrx_word' id='word_1_902' title='bbox 2643 4798 2871 4852; x_wconf 90' lang='lat' dir='ltr'><strong>transire</strong></span> <span class='ocrx_word' id='word_1_903' title='bbox 2892 4838 2904 4861; x_wconf 90' lang='lat'><strong>,</strong></span> <span class='ocrx_word' id='word_1_904' title='bbox 2936 4810 2989 4852; x_wconf 90' lang='lat' dir='ltr'><strong>et</strong></span> <span class='ocrx_word' id='word_1_905' title='bbox 3022 4799 3164 4851; x_wconf 88' lang='lat' dir='ltr'><strong>aeris</strong></span> <span class='ocrx_word' id='word_1_906' title='bbox 3211 4796 3520 4865; x_wconf 82' lang='lat' dir='ltr'><strong>permistio-</strong></span> 
     </span>
    </p>
   </div>
   <div class='ocr_carea' id='block_1_110' title="bbox 1934 4888 3516 4958">
    <p class='ocr_par' dir='ltr' id='par_1_110' title="bbox 1934 4888 3516 4958">
     <span class='ocr_line' id='line_1_110' title="bbox 1934 4888 3516 4958; baseline 0 -17"><span class='ocrx_word' id='word_1_907' title='bbox 1934 4904 2056 4941; x_wconf 85' lang='lat' dir='ltr'><strong>nent</strong></span> <span class='ocrx_word' id='word_1_908' title='bbox 2104 4890 2505 4954; x_wconf 86' lang='lat' dir='ltr'><strong>transcendere,</strong></span> <span class='ocrx_word' id='word_1_909' title='bbox 2560 4889 2861 4957; x_wconf 86' lang='lat' dir='ltr'><strong>pervidebit</strong></span> <span class='ocrx_word' id='word_1_910' title='bbox 2917 4890 3263 4958; x_wconf 87' lang='lat' dir='ltr'><strong>purissimum</strong></span> <span class='ocrx_word' id='word_1_911' title='bbox 3313 4888 3516 4941; x_wconf 86' lang='lat' dir='ltr'><strong>lumen.</strong></span> 
     </span>
    </p>
   </div>
   <div class='ocr_carea' id='block_1_111' title="bbox 1936 4980 3519 5052">
    <p class='ocr_par' dir='ltr' id='par_1_111' title="bbox 1936 4980 3519 5052">
     <span class='ocr_line' id='line_1_111' title="bbox 1936 4980 3519 5052; baseline -0.001 -19"><span class='ocrx_word' id='word_1_912' title='bbox 1936 4980 2089 5034; x_wconf 91' lang='lat' dir='ltr'><strong>Sicut</strong></span> <span class='ocrx_word' id='word_1_913' title='bbox 2117 4982 2259 5034; x_wconf 91' lang='lat' dir='ltr'><strong>enim</strong></span> <span class='ocrx_word' id='word_1_914' title='bbox 2302 4980 2406 5036; x_wconf 87' lang='lat' dir='ltr'><strong>hoc</strong></span> <span class='ocrx_word' id='word_1_915' title='bbox 2436 4982 2578 5051; x_wconf 90' lang='lat' dir='ltr'><strong>quod</strong></span> <span class='ocrx_word' id='word_1_916' title='bbox 2605 4982 2743 5052; x_wconf 85' lang='lat' dir='ltr'><strong>apud</strong></span> <span class='ocrx_word' id='word_1_917' title='bbox 2782 4997 2879 5035; x_wconf 91' lang='lat' dir='ltr'><strong>nos</strong></span> <span class='ocrx_word' id='word_1_918' title='bbox 2911 4992 2992 5035; x_wconf 89' lang='lat' dir='ltr'><strong>est</strong></span> <span class='ocrx_word' id='word_1_919' title='bbox 3025 4982 3223 5043; x_wconf 73' lang='lat' dir='ltr'><strong>lumen,</strong></span> <span class='ocrx_word' id='word_1_920' title='bbox 3281 4980 3519 5046; x_wconf 78' lang='lat' dir='ltr'><strong>regioni-</strong></span> 
     </span>
    </p>
   </div>
   <div class='ocr_carea' id='block_1_112' title="bbox 1936 5071 3518 5141">
    <p class='ocr_par' dir='ltr' id='par_1_112' title="bbox 1936 5071 3518 5141">
     <span class='ocr_line' id='line_1_112' title="bbox 1936 5071 3518 5141; baseline 0.001 -18"><span class='ocrx_word' id='word_1_921' title='bbox 1936 5072 2036 5126; x_wconf 87' lang='lat' dir='ltr'><strong>bus</strong></span> <span class='ocrx_word' id='word_1_922' title='bbox 2059 5080 2113 5125; x_wconf 92' lang='lat' dir='ltr'><strong>et</strong></span> <span class='ocrx_word' id='word_1_923' title='bbox 2134 5071 2322 5140; x_wconf 85' lang='lat' dir='ltr'><strong>spatiis</strong></span> <span class='ocrx_word' id='word_1_924' title='bbox 2350 5080 2405 5126; x_wconf 89' lang='lat' dir='ltr'><strong>et</strong></span> <span class='ocrx_word' id='word_1_925' title='bbox 2447 5072 2832 5126; x_wconf 73' lang='lat' dir='ltr'><strong>oﬂensionibns</strong></span> <span class='ocrx_word' id='word_1_926' title='bbox 2866 5088 3077 5141; x_wconf 86' lang='lat' dir='ltr'><strong>semper</strong></span> <span class='ocrx_word' id='word_1_927' title='bbox 3104 5072 3363 5125; x_wconf 88' lang='lat' dir='ltr'><strong>minuitur</strong></span> <span class='ocrx_word' id='word_1_928' title='bbox 3392 5085 3407 5123; x_wconf 88' lang='lat'><strong>:</strong></span> <span class='ocrx_word' id='word_1_929' title='bbox 3445 5071 3518 5125; x_wconf 87' lang='lat' dir='ltr'><strong>ita</strong></span> 
     </span>
    </p>
   </div>
   <div class='ocr_carea' id='block_1_113' title="bbox 1938 5164 3521 5235">
    <p class='ocr_par' dir='ltr' id='par_1_113' title="bbox 1938 5164 3521 5235">
     <span class='ocr_line' id='line_1_113' title="bbox 1938 5164 3521 5235; baseline -0.001 -19"><span class='ocrx_word' id='word_1_930' title='bbox 1938 5164 2173 5228; x_wconf 90' lang='lat' dir='ltr'><strong>rediens,</strong></span> <span class='ocrx_word' id='word_1_931' title='bbox 2207 5175 2259 5217; x_wconf 87' lang='lat' dir='ltr'><strong>et</strong></span> <span class='ocrx_word' id='word_1_932' title='bbox 2306 5165 2373 5221; x_wconf 84' lang='lat' dir='ltr'><strong>ab</strong></span> <span class='ocrx_word' id='word_1_933' title='bbox 2421 5166 2575 5235; x_wconf 89' lang='lat' dir='ltr'><strong>aquis</strong></span> <span class='ocrx_word' id='word_1_934' title='bbox 2624 5164 2802 5219; x_wconf 89' lang='lat' dir='ltr'><strong>lumen</strong></span> <span class='ocrx_word' id='word_1_935' title='bbox 2837 5166 3170 5234; x_wconf 82' lang='lat' dir='ltr'><strong>abstergens,</strong></span> <span class='ocrx_word' id='word_1_936' title='bbox 3204 5174 3255 5217; x_wconf 90' lang='lat' dir='ltr'><strong>et</strong></span> <span class='ocrx_word' id='word_1_937' title='bbox 3290 5179 3319 5216; x_wconf 91' lang='lat' dir='ltr'><strong>a</strong></span> <span class='ocrx_word' id='word_1_938' title='bbox 3364 5164 3521 5216; x_wconf 89' lang='lat' dir='ltr'><strong>nubi-</strong></span> 
     </span>
    </p>
   </div>
   <div class='ocr_carea' id='block_1_114' title="bbox 1935 5256 3520 5327">
    <p class='ocr_par' dir='ltr' id='par_1_114' title="bbox 1935 5256 3520 5327">
     <span class='ocr_line' id='line_1_114' title="bbox 1935 5256 3520 5327; baseline 0.001 -20"><span class='ocrx_word' id='word_1_939' title='bbox 1935 5256 2034 5309; x_wconf 85' lang='lat' dir='ltr'><strong>bus</strong></span> <span class='ocrx_word' id='word_1_940' title='bbox 2071 5266 2121 5311; x_wconf 92' lang='lat' dir='ltr'><strong>te</strong></span> <span class='ocrx_word' id='word_1_941' title='bbox 2178 5272 2461 5327; x_wconf 88' lang='lat' dir='ltr'><strong>separans,</strong></span> <span class='ocrx_word' id='word_1_942' title='bbox 2498 5269 2552 5311; x_wconf 92' lang='lat' dir='ltr'><strong>et</strong></span> <span class='ocrx_word' id='word_1_943' title='bbox 2612 5274 2638 5311; x_wconf 88' lang='lat' dir='ltr'><strong>a</strong></span> <span class='ocrx_word' id='word_1_944' title='bbox 2688 5258 3040 5327; x_wconf 87' lang='lat' dir='ltr'><strong>pertnistione</strong></span> <span class='ocrx_word' id='word_1_945' title='bbox 3087 5258 3227 5310; x_wconf 86' lang='lat' dir='ltr'><strong>acris</strong></span> <span class='ocrx_word' id='word_1_946' title='bbox 3262 5257 3520 5322; x_wconf 79' lang='lat' dir='ltr'><strong>liberans,</strong></span> 
     </span>
    </p>
   </div>
   <div class='ocr_carea' id='block_1_115' title="bbox 1941 5350 3520 5421">
    <p class='ocr_par' dir='ltr' id='par_1_115' title="bbox 1941 5350 3520 5421">
     <span class='ocr_line' id='line_1_115' title="bbox 1941 5350 3520 5421; baseline 0.001 -22"><span class='ocrx_word' id='word_1_947' title='bbox 1941 5352 2331 5404; x_wconf 87' lang='lat' dir='ltr'><strong>transcendens</strong></span> <span class='ocrx_word' id='word_1_948' title='bbox 2387 5358 2565 5402; x_wconf 87' lang='lat' dir='ltr'><strong>autem</strong></span> <span class='ocrx_word' id='word_1_949' title='bbox 2626 5361 2680 5403; x_wconf 86' lang='lat' dir='ltr'><strong>et</strong></span> <span class='ocrx_word' id='word_1_950' title='bbox 2734 5351 2905 5421; x_wconf 83' lang='lat' dir='ltr'><strong>iSIius</strong></span> <span class='ocrx_word' id='word_1_951' title='bbox 2939 5350 3154 5403; x_wconf 88' lang='lat' dir='ltr'><strong>luminis</strong></span> <span class='ocrx_word' id='word_1_952' title='bbox 3206 5350 3520 5419; x_wconf 89' lang='lat' dir='ltr'><strong>puritatem,</strong></span> 
     </span>
    </p>
   </div>
   <div class='ocr_carea' id='block_1_116' title="bbox 1940 5438 3523 5513">
    <p class='ocr_par' dir='ltr' id='par_1_116' title="bbox 1940 5438 3523 5513">
     <span class='ocr_line' id='line_1_116' title="bbox 1940 5438 3523 5513; baseline 0.004 -22"><span class='ocrx_word' id='word_1_953' title='bbox 1940 5438 2199 5510; x_wconf 83' lang='lat' dir='ltr'><strong>relinquis</strong></span> <span class='ocrx_word' id='word_1_954' title='bbox 2251 5451 2305 5497; x_wconf 89' lang='lat' dir='ltr'><strong>et</strong></span> <span class='ocrx_word' id='word_1_955' title='bbox 2355 5442 2526 5510; x_wconf 87' lang='lat' dir='ltr'><strong>ipsum</strong></span> <span class='ocrx_word' id='word_1_956' title='bbox 2577 5445 2746 5499; x_wconf 89' lang='lat' dir='ltr'><strong>solum</strong></span> <span class='ocrx_word' id='word_1_957' title='bbox 2800 5444 3025 5500; x_wconf 85' lang='lat' dir='ltr'><strong>inferius</strong></span> <span class='ocrx_word' id='word_1_958' title='bbox 3058 5441 3191 5513; x_wconf 83' lang='lat'><strong>(56).</strong></span> <span class='ocrx_word' id='word_1_959' title='bbox 3228 5442 3523 5499; x_wconf 82' lang='lat' dir='ltr'><strong>Transieus</strong></span> 
     </span>
    </p>
   </div>
  </div>
