4048 6322
593 309 720 364 lli}!

590 425 785 491 quippe
816 432 866 473 et
915 419 1111 474 caelum
1160 419 1425 485 superius,
1470 430 1725 470 occurres
1770 415 1954 468 lumini
1999 433 2010 468 :

589 514 664 567 illi
695 514 786 582 qui
817 528 843 564 a
873 515 985 566 sole
1016 523 1117 573 est,
1149 526 1245 564 nec
1275 510 1347 563 illi
1385 510 1469 564 cui
1500 509 1772 563 successio
1804 523 1907 560 nox
1933 518 2037 566 est.
2083 523 2171 560 ne-

589 620 692 672 que
733 604 806 657 illi
835 605 925 673 qui
972 619 999 658 a
1045 603 1343 671 parietibus
1369 600 1709 670 prohibetur,
1748 614 1848 654 nec
1874 599 1949 654 illi
1976 601 2060 655 cui
2089 600 2167 654 oi-

588 692 815 749 {endunt
849 693 1076 758 umbras,
1114 707 1286 762 neque
1316 692 1390 744 illi
1424 692 1514 760 qui
1541 690 1930 760 permisceatur
1960 690 2072 744 aeri
2117 700 2166 742 et

586 785 766 852 aquis,
801 784 916 840 sive
949 800 1044 854 per
1077 783 1247 838 nubes
1297 783 1411 838 sive
1466 791 1561 850 per
1616 795 1787 845 mare,
1837 780 1930 837 sed
1983 781 2168 834 lumini

588 888 743 943 puro.
797 871 863 928 Et
893 888 959 936 ne
988 882 1142 943 putes
1169 882 1254 926 me
1299 887 1443 925 nunc
1472 869 1690 941 angelos
1726 870 1908 926 dicere
1947 870 2127 925 lumen
2155 889 2168 924 :

587 973 674 1018 est
701 964 844 1018 enim
869 969 921 1018 et
947 979 1109 1033 super
1142 963 1246 1019 hoc
1267 963 1469 1018 clarum
1497 962 1679 1017 lumen
1709 955 1929 1017 clarius.
1977 960 2034 1016 In
2069 964 2172 1018 isto

591 1057 757 1124 igitur
793 1056 996 1111 lumine
1022 1060 1375 1124 sempiterno,
1409 1055 1462 1108 in
1513 1055 1616 1108 isto
1653 1054 1744 1123 qtii
1792 1066 1898 1108 non
1944 1052 1998 1106 in
2049 1067 2165 1108 suc-

590 1149 927 1204 cessionibus
967 1149 1216 1210 habetur,
1256 1147 1346 1215 qui
1372 1161 1478 1201 non
1508 1146 1796 1216 aliquando
1818 1144 2034 1215 quidem
2065 1156 2170 1211 est,

593 1239 884 1310 aliquando
917 1251 1094 1296 autem
1119 1257 1220 1296 non
1252 1249 1334 1294 est
1367 1259 1379 1294 :
1411 1240 1462 1293 in
1504 1239 1608 1293 isto
1632 1237 1724 1309 qui
1748 1227 1888 1295 rain
1919 1237 2170 1308 superius

592 1341 696 1396 est,
747 1341 801 1388 et
841 1349 1007 1389 nona
1039 1333 1178 1389 cmlo
1229 1331 1395 1387 istic:
1431 1331 1515 1385 cui
1541 1329 1624 1385 sol
1668 1344 1774 1385 non
1814 1339 1899 1384 est
1936 1330 2169 1398 genitor,

596 1439 702 1478 non
734 1423 855 1478 luna
884 1433 1056 1478 mater
1078 1463 1093 1482 .
1124 1439 1230 1478 non
1259 1421 1455 1478 caelum
1493 1435 1522 1475 a
1551 1420 1739 1485 stellis,
1775 1434 1882 1474 non
1923 1418 2171 1473 lucems-

597 1530 714 1568 rnm
745 1515 1077 1584 splendores,
1113 1512 1206 1569 sed
1237 1514 1414 1568 lumen
1454 1510 1602 1567 illud.
1629 1509 1708 1566 Tu
1740 1511 1884 1567 enim
1915 1509 2034 1565 sine
2058 1508 2171 1563 sole

595 1605 774 1659 lumen
809 1606 989 1658 videre
1022 1621 1125 1658 non
1178 1615 1354 1671 potes,
1412 1618 1510 1658 nec
1555 1618 1615 1656 ea
1661 1618 1779 1671 quin
1825 1599 1962 1655 infra
2002 1599 2170 1655 solem

598 1699 884 1757 habentur.
916 1708 969 1753 et
997 1712 1057 1750 ea
1085 1714 1204 1768 quae
1242 1708 1558 1766 quaeruntur
1580 1704 1640 1750 ut
1671 1704 1958 1749 teneantur
1987 1709 2168 1748 manu.

597 1791 712 1846 Non
763 1807 947 1848 eorum
1000 1797 1090 1861 qui
1142 1803 1391 1863 qu:rrunt
1429 1792 1558 1859 quid
1603 1801 1842 1859 gustant,
1887 1797 1978 1842 aut
2005 1790 2173 1844 odore

597 1893 918 1946 assumant;
969 1899 1073 1937 non
1121 1898 1307 1936 eorum
1362 1882 1451 1949 qni
1504 1879 1726 1933 auribus
1752 1879 2067 1940 educentur.
2116 1888 2174 1934 et

596 1975 768 2029 oculis
794 1975 994 2038 vident,
1033 1975 1169 2028 sit-nt
1201 1975 1253 2027 in
1287 1974 1460 2042 aquis.
1500 1971 1612 2028 Illic
1637 1972 1782 2027 enim
1807 1971 1910 2025 alia
1941 1983 2172 2026 conver-

593 2062 737 2117 satio
764 2071 869 2123 est.
896 2074 950 2117 et
980 2064 1082 2116 alia
1111 2064 1164 2116 in
1197 2073 1362 2126 terra,
1396 2072 1450 2117 et
1481 2061 1534 2116 in
1569 2076 1696 2117 aere
1727 2076 1834 2116 non
1868 2061 2078 2124 eadem,
2119 2069 2176 2114 et

597 2151 791 2206 omium
844 2151 1002 2206 aliam
1049 2151 1212 2208 habet
1262 2152 1725 2208 constitutionem.
1784 2151 1858 2206 Ita
1920 2161 2176 2206 maneant

596 2243 698 2299 ista
731 2246 871 2309 istic.
905 2245 990 2299 illa
1031 2255 1209 2300 autem
1244 2259 1364 2314 qua:
1406 2245 1532 2301 inde
1574 2254 1700 2300 sunt
1741 2244 1851 2300 sint
1895 2241 2023 2306 alia,
2065 2258 2172 2298 non

596 2335 789 2390 borum
841 2351 1192 2406 congeneres.
1246 2335 1303 2391 Si
1351 2338 1494 2392 enim
1549 2334 1746 2392 clarior
1789 2335 1945 2391 stella
2001 2335 2174 2406 magis

595 2441 755 2500 quam
786 2427 1020 2483 lucerna:
1066 2428 1244 2482 lumen
1277 2437 1380 2493 est,
1433 2442 1537 2482 non
1573 2436 1625 2483 te
1651 2427 1890 2490 seducet,
1934 2427 2059 2496 quia
2091 2424 2173 2480 lu-

597 2531 760 2572 oerna
785 2519 1002 2587 quidem
1033 2509 1338 2573 illuminare
1371 2519 1616 2583 videtur,
1646 2526 1700 2573 et
1731 2533 2066 2588 unaquaque
2094 2527 2175 2573 to-

600 2621 708 2667 tam
734 2611 949 2666 domum
989 2629 1002 2665 :
1047 2611 1212 2665 stella
1238 2621 1415 2664 autem
1443 2619 1604 2665 tanta!
1637 2619 1849 2665 noctem
1887 2625 1993 2666 nou
2017 2603 2171 2665 aufe-

599 2710 725 2755 runt
743 2715 923 2754 unam.
945 2696 1001 2754 Si
1021 2702 1142 2768 quis
1167 2702 1308 2754 enim
1335 2699 1720 2756 volueritscire
1752 2701 2172 2756 lucerncimbe-

596 2791 874 2846 cillltatem
893 2791 958 2846 ad
981 2791 1256 2846 stellarum
1278 2791 1501 2858 lumina,
1528 2792 1785 2847 abstrahe
1813 2793 2085 2848 lucernam
2103 2791 2173 2846 ab

595 2884 792 2940 oculo:
822 2900 926 2940 non
978 2896 1236 2955 quantum
1273 2885 1440 2940 distat
1468 2884 1664 2940 calum
1691 2893 1856 2950 terra,
1899 2884 2027 2955 quia
2064 2898 2171 2938 non

595 2986 682 3034 est
717 2977 821 3032 hoc
854 2979 944 3034 tibi
982 2978 1280 3045 possibile;
1316 2987 1498 3034 tamen
1525 2987 1785 3049 quantum
1820 2987 1974 3047 potes
1997 2976 2172 3031 lucer-

598 3083 724 3124 nam
751 3069 818 3126 ab
846 3070 1006 3164 oculo
1028 3085 1239 3139 separa,
1271 3070 1564 3164 intueberis
1588 3071 1713 3140 quia
1744 3069 1934 3164 spatiis
1973 3069 2172 3125 minui-
2195 3102 2241 3164 ο

600 3172 709 3224 tur,
743 3170 795 3215 et
835 3162 1180 3233 caliginatur,
1225 3173 1278 3216 et
1330 3162 1596 3218 inlirmior
1627 3161 1872 3232 arguitur
1913 3160 2169 3217 lucerna-

600 3271 720 3311 rum
761 3257 961 3312 lumen.
1020 3257 1076 3312 Si
1128 3271 1307 3312 autem
1353 3267 1498 3313 esset
1545 3257 1724 3326 aliqua
1755 3257 2086 3323 adinventio,
2116 3265 2176 3312 ut

598 3363 703 3404 non
735 3349 905 3404 solum
930 3350 1090 3404 unius
1115 3350 1347 3405 lucerna!
1372 3392 1386 3413 .
1433 3351 1526 3406 sed
1553 3351 1796 3408 omnium
1826 3349 2171 3407 lucernarum

596 3441 889 3508 ﬂammam,
930 3449 984 3496 et
1029 3443 1269 3498 omnium
1309 3458 1431 3514 qua!
1478 3444 1878 3509 accenduntur;
1931 3442 1976 3497 si
2029 3450 2170 3498 esset

596 3535 844 3589 machina
876 3532 1117 3599 quaedam
1142 3574 1159 3600 ,
1189 3546 1244 3588 ut
1279 3548 1494 3589 omnem
1531 3534 1688 3586 istam
1732 3530 2004 3587 ﬂammam
2048 3534 2171 3605 quis

596 3633 781 3694 posset
823 3625 1098 3696 colligere,
1147 3633 1203 3680 et
1246 3628 1300 3681 in
1333 3624 1471 3680 cmlo
1509 3624 1859 3687 constituere,
1893 3621 1986 3676 ubi
2014 3621 2169 3676 stella

598 3719 920 3785 parvissima
963 3729 1048 3772 est
1101 3719 1298 3784 posita.
1345 3733 1444 3773 nec
1499 3730 1718 3787 prorsus
1752 3714 1930 3784 agnita
1979 3712 2171 3770 luisset

598 3797 836 3873 llamma,
901 3810 990 3864 ubi
1048 3808 1220 3877 posita
1281 3808 1588 3863 haberetur.
1651 3805 1761 3863 Cur
1813 3819 1943 3876 ergo
1978 3819 2169 3862 omnes

597 3901 769 3957 stellae
793 3917 898 3955 nou
923 3901 1128 3970 pellunt
1153 3895 1405 3956 noctem?
1432 3899 1560 3970 quia
1587 3898 1772 3954 multis
1795 3897 1987 3968 spatiis
2011 3911 2042 3951 a
2074 3911 2170 3951 no-

597 3994 684 4048 bis
726 3994 961 4054 distant.
1028 4002 1207 4051 tamen
1257 4009 1361 4048 non
1411 3992 1707 4062 quamlibet
1763 3988 2166 4061 permistionem

595 4085 814 4140 luminis
845 4085 896 4139 in
931 4094 1090 4140 nocte
1147 4084 1541 4139 transmittunt.
1577 4080 1634 4137 Si
1684 4082 1806 4152 quis
1849 4089 2029 4136 autem
2070 4094 2166 4136 vo-

596 4178 762 4235 luerit
785 4179 999 4243 intueri,
1030 4187 1084 4232 et
1110 4182 1425 4246 comparare
1447 4174 1680 4230 nubibus
1710 4184 1945 4234 noctem.
1982 4174 2166 4248 pervi-

598 4269 749 4325 debit
770 4271 895 4338 quia
919 4269 1113 4330 nubes.
1143 4269 1270 4323 licet
1301 4285 1404 4323 non
1432 4283 1530 4339 per
1549 4268 1751 4329 omnia,
1780 4276 1957 4321 tamen
1985 4266 2164 4337 splen-

592 4360 780 4414 dorem
812 4360 1088 4416 stellarum
1131 4360 1432 4429 prohibent.
1465 4360 1531 4415 Et
1559 4374 1682 4414 cum
1713 4359 1817 4414 hoc
1849 4360 1920 4413 ita
1947 4361 2049 4424 sit,
2079 4359 2163 4413 in-

1273 297 1535 356 EL’SEBll
1577 293 2059 354 CESARlENSlS
2099 296 2249 352 OPP.
2295 295 2472 350 PARS
2512 294 2597 349 IV.
2640 325 2707 338 σ-
2747 289 3168 348 DOGMATICA.

2058 429 2161 466 non
2199 421 2239 472 Α
2270 414 2601 466 contendens
2637 412 2897 466 exhibere
2936 410 3003 462 de
3052 405 3404 460 inenarrabili
3431 403 3543 458 Deo
3590 401 3866 471 loquitur,

3725 286 3870 342 Ιιςε

2273 505 2450 558 lumen
2491 502 2740 556 habitans
2772 498 3143 555 inaccessibile
3164 498 3240 563 ";
3274 495 3656 552 inaccessibile
3681 497 3866 548 nomi-

2273 611 2431 657 nans,
2483 594 2537 648 id
2581 593 2714 648 dicit
2748 592 2892 659 quod
2923 589 3120 655 suscipi
3150 602 3253 642 tron
3283 597 3480 658 potest.
3513 585 3727 640 Lumen
3763 585 3869 652 igi-

2273 694 2360 738 tur
2385 682 2593 754 angelis
2619 681 2746 735 illud
2774 689 2882 745 est,
2905 678 3063 747 cujus
3093 692 3264 746 neque
3287 687 3479 746 gustus
3503 688 3689 743 neque
3715 689 3872 729 com-

2271 777 2484 846 paratio
2515 773 2656 847 apud
2689 790 2792 829 nos
2825 773 3116 828 invenitur.
3150 769 3318 841 Regio
3340 779 3522 825 autem
3547 769 3672 839 ejus
3695 782 3867 837 supra

2271 871 2491 925 dorsum
2540 875 2624 924 est
2665 867 2808 926 caeli.
2851 863 3128 936 possessio
3166 878 3295 919 vero
3339 872 3397 916 et
3437 862 3651 916 divitiae
3682 860 3862 930 ipsis:

2271 980 2376 1019 non
2411 963 2554 1018 enim
2586 961 2727 1017 lecto
2759 971 2814 1015 et
2846 959 3112 1014 medicina
3159 966 3215 1011 et
3254 971 3463 1020 mensa,
3513 967 3570 1009 et
3627 970 3698 1009 ea
3743 969 3868 1025 qua

2273 1055 2414 1126 apud
2447 1070 2549 1109 uos
2577 1068 2776 1122 magna
2808 1060 3067 1120 putantur
3089 1091 3105 1112 ,
3152 1049 3482 1118 sempiterna
3520 1047 3614 1102 illa
3656 1047 3867 1116 indiget

2271 1160 2322 1206 et
2359 1155 2546 1220 sancta
2587 1156 2777 1202 natura
2812 1163 2826 1199 :
2871 1145 2975 1198 illis
3010 1144 3153 1199 enim
3193 1157 3416 1196 somnus
3451 1157 3559 1195 non
3605 1150 3721 1205 est,
3754 1155 3865 1195 non

2271 1242 2451 1308 dolor,
2503 1254 2610 1294 non
2651 1236 2825 1293 labor.
2867 1236 3004 1304 Quid
3051 1237 3222 1304 ergo?
3262 1235 3398 1290 Num
3441 1234 3620 1290 otiosa
3671 1247 3861 1287 eorum

2271 1345 2468 1390 natura
2505 1331 2634 1386 est?
2678 1329 2888 1384 Habent
2921 1343 3057 1398 opus
3089 1329 3303 1398 dignum
3347 1341 3461 1381 suae
3491 1323 3860 1380 substantia:

2274 1427 2444 1483 Deum
2487 1425 2716 1479 laudant
2759 1437 2864 1476 non
2905 1419 3131 1476 vocibus
3175 1434 3349 1490 neque
3388 1417 3658 1474 clamore.
3714 1416 3860 1481 Qus-

2277 1519 2438 1576 modo
2469 1531 2603 1588 ergo
2641 1515 2771 1570 dicit
2801 1513 3082 1583 Scriptura
3123 1526 3299 1574 voces,
3336 1520 3410 1570 et.
3445 1510 3490 1565 si
3546 1508 3862 1579 permiserit

2276 1623 2507 1680 tempus,
2551 1610 2927 1679 contingemus
2954 1604 3256 1669 audientes,
3290 1614 3345 1658 et
3380 1604 3481 1658 ista
3507 1599 3735 1654 interim
3763 1614 3862 1652 an-

2276 1715 2380 1760 tem
2410 1713 2605 1758 natura
2637 1708 2984 1772 agnoscatur.
3037 1697 3093 1753 Si
3125 1708 3303 1752 autem
3341 1705 3398 1750 et
3436 1695 3595 1750 aliter
3619 1706 3859 1761 appara-

2204 1773 2245 1829 Β
2277 1798 2412 1852 verit
2444 1793 2726 1860 Scriptura
2761 1793 2970 1859 dicens,
3004 1791 3184 1861 agnita
3209 1798 3401 1843 natura
3437 1793 3776 1855 agnoscetur
3807 1795 3861 1839 et

2274 1886 2474 1956 quibus
2539 1884 2821 1954 Scriptura
2873 1881 3190 1951 alloquitur.
3249 1879 3496 1947 Denique
3549 1887 3604 1931 et
3671 1885 3859 1932 orator

2274 1971 2458 2042 parvis
2496 1981 2591 2025 aut
2631 1986 2738 2025 non
2781 1968 3040 2039 loquitur,
3075 1979 3172 2023 ant
3219 1969 3299 2022 sic
3343 1967 3584 2034 loquitur
3612 1975 3677 2020 ut
3705 1965 3857 2034 parvi

2277 2073 2504 2130 possunt
2531 2063 2760 2130 audire;
2812 2069 2866 2117 et
2918 2057 3202 2132 Scriptura
3233 2060 3417 2115 divina
3454 2056 3772 2112 hominibus
3799 2065 3856 2108 ut

2275 2155 2510 2210 humane
2552 2156 2821 2223 loquatur,
2862 2151 3208 2206 aut-silentio
3255 2151 3577 2206 bonoretur.
3629 2148 3752 2203 Non
3790 2163 3853 2201 tu

2276 2247 2358 2302 liis
2385 2246 2550 2315 igitur
2579 2261 2647 2301 es
2675 2244 2874 2313 quibus
2898 2242 3339 2298 condescendens
3366 2241 3650 2312 Scriptura
3689 2240 3856 2310 loqui-

2275 2349 2366 2393 tur
2397 2339 2571 2401 nobis,
2619 2337 2876 2394 debemus
2907 2335 3075 2390 verbo
3113 2335 3380 2391 deducere
3425 2343 3480 2388 et
3512 2343 3772 2390 naturas.
3803 2345 3857 2384 et

2276 2433 2402 2498 vim
2441 2430 2624 2487 facere
2667 2429 3100 2499 nobismetipsis,
3141 2437 3198 2482 et
3245 2437 3306 2481 ut
3341 2426 3516 2497 pisces
3561 2423 3787 2480 exsilire
3823 2440 3852 2477 e

2274 2523 2431 2578 mari.
2463 2520 2635 2576 Erunt
2668 2521 2812 2574 enim
2843 2520 3001 2575 nobis
3029 2518 3376 2588 jactationes,
3405 2532 3512 2574 non
3555 2517 3624 2573 ad
3668 2518 3852 2589 perdi-

2277 2617 2477 2668 tionem
2530 2622 2590 2667 ut
2641 2612 2876 2684 piscibus
2911 2629 2926 2666 :
2971 2612 3066 2668 sed
3109 2610 3377 2680 quomodo
3406 2624 3467 2665 ea
3499 2610 3710 2673 dicam,
3757 2623 3852 2678 ego

2271 2707 2490 2777 quidem
2529 2721 2636 2761 non
2666 2720 2908 2776 possum.
2954 2703 3122 2759 Decet
3151 2712 3328 2758 autem
3356 2710 3661 2772 opportune
3695 2715 3848 2771 repe-

2275 2808 2390 2854 tere
2436 2813 2542 2853 non
2585 2796 2794 2852 Domini
2839 2811 3050 2863 vocem,
3078 2795 3169 2867 qui
3207 2797 3507 2864 piscatores
3536 2811 3569 2846 a
3614 2795 3757 2846 mari
3799 2805 3851 2847 et

2271 2889 2480 2962 stagnis
2507 2899 2560 2942 et
2587 2887 2763 2944 ﬂuviis
2790 2888 3133 2953 abstraheus,
3164 2889 3242 2942 ait
3278 2907 3292 2943 :
3335 2888 3380 2920 ⁸⁸
3414 2885 3614 2952 Venite,
3654 2886 3849 2954 faciam

2271 3000 2362 3039 nos
2395 2983 2682 3052 piscatores
2715 2983 3009 3039 hominum.
3048 2982 3210 3037 Decet
3247 2982 3413 3045 enim,
3447 2981 3642 3050 inquit,
3678 2979 3849 3034 homi—

2273 3092 2371 3132 nes
2400 3075 2705 3146 piscamini.
2737 3073 2801 3127 Et
2836 3090 2945 3129 non
2981 3074 3167 3140 tacuit,
3197 3089 3264 3127 ne
3289 3071 3520 3140 suspicio
3552 3071 3713 3125 ﬂeret
3740 3085 3850 3139 prr-

2273 3169 2515 3231 ditionis,
2545 3167 2639 3224 sed
2662 3167 2932 3231 homines,
2956 3167 3150 3236 inquit,
3186 3164 3465 3236 piscamini
3498 3164 3565 3220 ad
3596 3163 3848 3218 salutem.

2271 3258 2561 3329 Erigamus
2605 3259 2769 3330 igitur
2813 3259 3192 3328 nosmetipsos,
3224 3257 3535 3312 exsiliamus
3563 3271 3596 3310 e
3627 3256 3766 3310 mari
3795 3266 3848 3309 et

2271 3365 2302 3412 a
2343 3359 2487 3405 terra
2521 3351 2574 3404 in
2605 3366 2709 3420 qua
2741 3361 2969 3412 stamus.
3001 3358 3057 3406 et
3098 3349 3367 3403 incidatur
3394 3361 3426 3402 a
3456 3348 3614 3403 nobis
3640 3362 3759 3411 aer,
3795 3357 3848 3402 et

2272 3443 2554 3498 scindatnr
2581 3442 2736 3497 nobis
2762 3454 2816 3496 et
2839 3440 3057 3497 cmlu'm.
3087 3441 3363 3512 Cogitatus
3387 3442 3531 3494 enim
3570 3454 3679 3494 non
3713 3438 3846 3494 deti-

2271 3539 2452 3595 netur,
2509 3543 2564 3586 et
2614 3534 2807 3604 pennis
2847 3532 3102 3588 desiderii
3141 3531 3282 3587 coelo
3327 3529 3576 3600 superius
3626 3532 3847 3585 acceda-

2271 3640 2413 3689 mus,
2445 3639 2644 3694 corpus
2695 3625 2814 3680 istic
2848 3624 2916 3678 ad
2966 3638 3298 3695 congeneres
3346 3622 3740 3691 relinquentes.
3793 3631 3846 3675 et

2271 3718 2435 3788 pedes
2474 3717 2529 3770 in
2566 3725 2731 3781 terra,
2766 3716 2890 3787 quia
2916 3717 2982 3770 ad
3007 3717 3200 3773 calum
3232 3732 3338 3771 non
3366 3723 3611 3780 currunt,
3641 3723 3698 3768 et
3733 3727 3844 3768 ma-

2269 3825 2372 3865 nus
2405 3809 2527 3864 istic
2555 3808 2648 3864 ubi
2683 3818 2906 3880 possunt
2939 3818 2993 3864 et
3041 3819 3282 3878 tangere,
3325 3817 3382 3862 et
3423 3821 3584 3859 aures
3624 3804 3714 3860 hic
3760 3820 3845 3858 au-

2269 3901 2422 3956 diant
2448 3914 2630 3966 voces,
2659 3911 2716 3956 et
2751 3901 3000 3956 odoratio
3047 3899 3137 3954 ubi
3179 3899 3343 3954 habet
3367 3899 3842 3961 necessitatem,et

2267 4004 2459 4064 gustus
2488 3993 2628 4062 apud
2661 4007 2757 4051 eos
2791 3995 3225 4062 qui.pascuutur.
3253 4003 3310 4048 et
3336 3992 3474 4046 visio
3507 4006 3631 4045 cum
3665 3990 3843 4045 visibi-

2267 4085 2411 4142 libus
2447 4095 2683 4140 maneat.
2727 4083 3008 4155 Cogitatus
3049 4094 3230 4139 autem
3277 4093 3424 4139 veste
3472 4098 3533 4138 se
3583 4083 3836 4150 spoliaus.

2266 4177 2513 4246 corporis
2541 4177 2694 4232 istius
2726 4177 2937 4249 pondus
2971 4177 3224 4246 deponat.
3253 4185 3307 4232 et
3339 4190 3466 4232 suas
3491 4190 3700 4243 pennas
3729 4188 3838 4228 mo-

2269 4276 2414 4331 veat,
2462 4275 2517 4321 et
2558 4281 2888 4336 quacunque
2929 4267 3268 4323 deducuntur
3313 4267 3575 4333 abscidat,
3623 4277 3681 4321 et
3722 4281 3836 4338 qua

2271 4366 2399 4413 sunt
2442 4359 2625 4428 gravia
2657 4369 2713 4413 et
2742 4359 2989 4415 detinere
3036 4369 3270 4426 tentant,
3306 4360 3566 4428 deponat;
3599 4368 3656 4414 et
3683 4358 3754 4414 sit
3780 4359 3827 4413 iu

592 4449 788 4521 spieiet
817 4450 944 4520 quid
978 4458 1276 4519 operantur
1304 4449 1504 4512 stella,
1539 4458 1593 4504 et
1620 4457 1886 4516 quantum
1918 4448 2167 4517 splendo—
2198 4444 2243 4503 Ι)
2269 4451 2520 4505 dorsibus
2547 4449 2691 4516 cceli,
2725 4459 2781 4506 et
2811 4451 2920 4506 illic
2959 4452 3141 4506 fartus
3177 4465 3300 4504 cum
3344 4451 3551 4520 angelis
3584 4459 3642 4505 et
3677 4467 3835 4521 ange-

595 4556 708 4611 rem
746 4542 966 4609 mittunt
993 4542 1046 4597 in
1081 4552 1239 4596 nocte
1268 4560 1282 4594 :
1312 4550 1364 4596 et
1397 4550 1574 4596 tamen
1613 4541 1785 4595 stella
1818 4555 2008 4597 omnes
2037 4556 2157 4596 cum

594 4632 864 4685 universis
894 4631 1128 4685 lucernis
1153 4631 1355 4685 habent
1395 4632 1609 4702 quidem
1647 4629 1985 4696 allinltatem,
2036 4632 2160 4700 quia

592 4721 857 4778 luminosa
881 4719 1332 4791 qualitercunque
1361 4731 1584 4789 utraque
1612 4729 1758 4774 sunt.
1799 4720 1904 4775 Sed
1931 4736 2035 4776 non
2069 4736 2160 4776 so-

593 4813 707 4882 lum
742 4829 772 4869 a
810 4813 1042 4869 lucernis
1075 4812 1243 4867 stellze
1275 4812 1550 4877 differunt,
1586 4813 1678 4866 sed
1714 4823 1767 4866 et
1796 4811 1951 4866 stella
1994 4812 2162 4869 stella:

594 4904 771 4961 (ἥσει-ι
803 4905 855 4958 in
883 4903 1127 4959 claritate
1149 4905 1218 4960 ⁵⁷.
1269 4901 1451 4957 Stellis
1490 4913 1665 4958 autem
1715 4904 1872 4959 simul
1909 4905 2160 4959 omnibus

594 4997 863 5061 adunatis,
889 4995 1144 5065 splendor
1170 4996 1310 5049 lunae
1349 4995 1661 5066 praefulget;
1701 5005 1756 5052 et
1795 4997 1951 5051 istam
1982 4997 2158 5053 lunam

595 5088 843 5142 omnibus
875 5086 1048 5142 stellis
1075 5089 1357 5150 addentes,
1400 5088 1686 5142 vincuntur
1713 5103 1900 5143 eorum
1927 5088 2160 5159 fulgores

594 5197 622 5233 a
658 5181 839 5245 radiis,
863 5179 1010 5236 solis.
1069 5180 1222 5236 Sicut
1253 5182 1393 5234 enim
1435 5180 1603 5235 stella:
1632 5181 1846 5250 quidem
1892 5182 2158 5244 lucernas,

594 5269 719 5325 luna
751 5282 931 5327 autem
964 5272 1169 5337 stellas,
1205 5282 1260 5328 et
1301 5274 1378 5326 soi
1415 5273 1666 5326 universa
1700 5273 1816 5329 hac
1851 5274 2157 5340 luminaria,

593 5371 645 5415 et
687 5364 851 5430 ipsius
893 5365 1068 5419 noctis
1105 5374 1324 5433 superat
1361 5365 1611 5420 tenebras
1646 5378 1661 5417 :
1699 5367 1769 5420 ita
1816 5375 1870 5421 et
1910 5366 1990 5420 sol
2033 5383 2154 5421 cum

594 5455 843 5510 omnibus
874 5472 994 5526 quae
1024 5457 1274 5525 praedicta
1301 5467 1427 5511 sunt
1449 5457 1683 5512 vincitur
1713 5474 1741 5512 a
1781 5458 1982 5512 lumine
2012 5459 2154 5529 quod

593 5545 731 5598 cmlo
774 5548 1017 5617 superius
1050 5549 1297 5605 habetur.
1343 5549 1410 5605 Et
1430 5550 1698 5619 quomodo
1729 5550 1914 5606 eadem
1959 5551 2154 5606 Paulus

661 5718 707 5757 ’ν
743 5722 910 5781 lCor.
936 5727 1129 5791 av,»ll.
1206 5731 1249 5762 ³·
1283 5728 1460 5785 l'l'im.
1491 5746 1562 5795 ιι.
1602 5731 1682 5786 l6.
1763 5732 1806 5765 "
1845 5731 2033 5788 Matth.
2068 5749 2142 5802 tv,
2170 5734 2249 5788 l9.

2267 4543 2441 4598 lorum
2466 4543 2653 4606 decies
2693 4544 2961 4606 millibus,
3007 4554 3061 4598 et
3112 4543 3562 4613 archangelorum
3606 4543 3832 4598 millibus

2266 4637 2320 4690 in
2353 4636 2456 4690 alia
2489 4636 2598 4695 vita
2629 4647 2685 4690 et
2733 4636 3120 4691 constitutione
3159 4645 3212 4692 et
3242 4635 3656 4692 conversatione
3696 4638 3832 4705 posi-

2269 4739 2379 4793 tus,
2421 4728 2773 4782 obliviscatur
2805 4727 2985 4781 omnia
3027 4742 3148 4797 quae
3175 4726 3403 4791 dimisit,
3443 4741 3544 4782 nec
3573 4726 3832 4782 alienetur

2265 4818 2394 4872 illic.
2441 4815 2557 4872 Non
2587 4817 2911 4873 nlienabitur
2952 4826 3132 4872 autem
3175 4820 3218 4874 si
3257 4817 3348 4873 hic
3377 4826 3574 4888 putans
3609 4833 3670 4872 se
3697 4833 3829 4883 esse,

2264 4910 2498 4963 voluerit
2531 4911 2725 4977 sapius
2755 4925 2942 4964 eorum
2987 4925 3106 4980 quae
3140 4911 3229 4965 hic
3270 4920 3398 4965 sunt
3444 4909 3826 4982 ignobilitatem

2264 5003 2468 5067 videre,
2495 5014 2550 5056 et
2588 5003 2901 5068 motionem,
2933 5014 2988 5057 et
3037 5003 3467 5068 instabilitatem,
3497 5012 3552 5059 et
3580 5003 3827 5059 deﬂuxio—

2263 5108 2406 5158 nem,
2445 5107 2500 5149 et
2538 5093 2892 5150 deiectionem
2920 5135 2934 5158 ,
2978 5105 3034 5150 et
3076 5097 3486 5151 diminutionem
3518 5113 3534 5150 :
3569 5099 3698 5165 quia
3741 5100 3826 5153 ob.

2263 5187 2570 5241 scurabitur
2613 5195 2668 5241 et
2715 5203 2822 5242 non
2868 5189 3070 5252 stabit;
3112 5189 3236 5256 quia
3267 5198 3326 5243 et
3360 5189 3583 5259 quando
3626 5189 3827 5243 videtur

2265 5293 2606 5346 promovere,
2653 5293 2747 5347 per
2793 5280 2989 5334 multos
3036 5295 3199 5337 casus
3227 5281 3380 5336 venit
3413 5281 3482 5336 ad
3532 5280 3823 5336 incremen-

2266 5379 2399 5423 tum.
2439 5371 2574 5425 Cum
2609 5371 2721 5424 haec
2754 5373 2934 5426 omnia
2975 5375 3384 5445 contempserit,
3413 5372 3500 5428 illa
3531 5384 3715 5429 autem
3742 5378 3821 5428 de-

2272 5461 2635 5528 sideraverit;
2670 5473 2724 5517 et
2751 5462 2876 5518 hinc
2906 5462 3020 5533 jam
3061 5465 3165 5520 ista
3186 5466 3401 5536 quidem
3427 5466 3715 5536 chpiciet,
3745 5466 3820 5522 illa

2265 5565 2442 5610 autem
2473 5554 2857 5624 considerabit,
2906 5569 2960 5612 et
2999 5557 3217 5616 evolans
3259 5558 3580 5630 pcrridebit.
3637 5555 3820 5614 Factus
