4048 6322
134 372 286 427 “53

950 370 1039 427 DE
1078 370 1168 425 ΕΟ
1205 368 1395 437 QUOD
1436 368 1617 426 DEUS
1656 370 1889 426 PATER
1930 365 2447 423 INCORPORALIS
2488 364 2637 420 EST.

3315 372 3455 428 1154

136 494 317 560 igitur
355 508 491 547 cum
535 494 622 548 his
662 492 730 547 ad
759 506 824 546 ea
865 506 986 560 qua
1017 491 1312 554 desiderat,
1359 491 1499 546 sciet
1532 506 1653 555 quae
1684 501 1765 543 cst
1794 498 1837 552 Α
1867 490 1995 559 quia
2052 486 2489 540 transcendimus
2523 494 2772 539 naturam
2810 502 2825 537 :
2871 484 3136 553 spiritalis
3166 485 3333 555 igitur
3360 490 3460 557 qui.

134 588 398 656 dignitas
420 588 714 657 cogitatus.
740 584 875 639 Cum
907 584 1113 655 angelis
1150 585 1400 639 homines
1434 585 1575 638 coelo
1604 600 1759 653 snpe-

137 680 260 733 rius
289 680 623 750 terrenique
650 679 899 733 machina
944 678 1065 746 quis
1092 677 1196 731 erit
1225 676 1355 741 dus,
1385 676 1507 745 quis
1540 691 1756 731 sursum

137 770 424 833 adducet,
462 770 559 823 sed
596 782 705 822 non
735 767 996 823 concedet
1025 774 1241 820 natura.
1293 765 1583 819 Descendit
1614 762 1759 819 Deus

138 860 237 915 Dei
264 860 454 915 Filius
479 861 627 925 inde,
661 869 716 916 et
740 859 1098 921 descendens,
1135 857 1262 928 quia
1292 856 1610 911 incredibile
1639 865 1759 910 erat

137 954 413 1007 homines
450 951 912 1017 illicasceudere,
954 950 1248 1017 assumpsit
1284 950 1385 1003 hoc
1420 948 1756 1013 incredibile,

138 1043 252 1098 hoc
289 1052 388 1097 est
418 1054 665 1099 nostrum
689 1057 907 1111 corpus,
938 1055 969 1096 ο
1011 1055 1226 1094 summo
1270 1040 1605 1094 descendens
1650 1054 1755 1094 non

139 1135 212 1187 ad
242 1133 643 1191 confusionem
668 1174 685 1200 ,
718 1136 813 1189 sed
846 1133 912 1187 ad
963 1132 1195 1188 salutem
1234 1136 1354 1202 ejus
1386 1131 1476 1200 qui
1507 1147 1756 1185 assume-

139 1224 339 1279 batur.
383 1224 447 1281 Si
478 1227 644 1298 igitur
674 1226 816 1280 Deus
844 1239 947 1277 non
977 1223 1297 1292 assumpsit,
1326 1222 1417 1291 qui
1444 1236 1549 1276 non
1579 1225 1759 1276 credis

140 1316 187 1369 si
222 1316 443 1372 cmium
476 1317 725 1371 concedit
753 1317 860 1377 his,
889 1316 1032 1383 quod
1080 1314 1302 1370 adducit
1340 1328 1558 1368 sursum
1587 1313 1633 1368 is
1662 1316 1754 1383 qui

142 1409 215 1461 de
251 1409 409 1462 caelo
432 1408 747 1470 descendit,
771 1408 866 1461 sed
895 1407 1127 1460 nondum
1154 1420 1221 1459 ea-
1246 1420 1365 1474 qua:
1395 1404 1571 1459 futura
1606 1416 1755 1469 sunt,

143 1500 244 1551 sed
282 1500 519 1553 interim
555 1514 618 1554 ea
662 1514 784 1568 quae
834 1508 1012 1565 potest
1045 1498 1341 1567 cogitatus,
1374 1498 1642 1566 siquidem
1673 1506 1758 1551 est

141 1602 203 1644 et
232 1593 560 1656 admiratio,
608 1593 735 1661 quia
768 1594 821 1643 in
853 1604 1083 1659 corpore
1127 1591 1476 1652 constitutus,
1524 1601 1579 1644 et
1611 1592 1755 1645 circa

146 1694 365 1747 corpus
397 1691 576 1749 potest
614 1683 889 1749 deponere
919 1694 934 1731 :
966 1695 1070 1732 non
1107 1687 1165 1733 ut
1197 1696 1301 1734 non
1344 1683 1631 1744 moriatur,
1662 1682 1757 1736 sed

146 1778 209 1821 ut
258 1784 396 1822 eam
438 1785 557 1837 quia
606 1784 733 1824 vere
783 1771 887 1822 vita
931 1782 1013 1822 est
1055 1770 1221 1823 vivat.
1278 1770 1439 1824 Forte
1481 1782 1664 1825 autem
1703 1782 1758 1826 et

1865 580 2092 641 dicitur,
2124 578 2355 645 angelus
2405 573 2749 646 appelletur;
2794 588 2900 629 non
2935 575 3060 644 quia
3098 575 3168 628 ita
3208 575 3326 644 ejus
3354 592 3457 630 na-

1864 682 1985 725 tura
2017 654 2122 733 esit,
2152 670 2247 722 sed
2283 668 2458 737 magis
2491 682 2596 721 non
2630 664 2929 720 efficiamur
2960 680 3111 720 caro.
3158 665 3268 721 Nec
3298 667 3456 723 valde

1860 760 2200 815 confidamus
2232 758 2471 810 animae:
2508 754 2701 811 oculus
2740 754 2886 809 enim
2923 754 3041 809 sine
3069 752 3275 807 lumine
3306 765 3462 808 tene—‘

1860 852 2055 906 brosus
2086 858 2193 911 est,
2224 858 2277 902 et
2311 848 2586 915 cogitatus
2615 846 2734 900 sine
2760 842 3050 899 elﬁcientia
3082 858 3314 914 superna
3341 846 3457 924 vult

1859 944 2065 1007 videre,
2089 942 2234 997 sicut
2266 940 2457 996 oculus
2492 939 2549 994 in
2597 949 2781 1002 nocte,
2822 944 2879 991 et
2914 935 3212 1001 desiderat,
3252 946 3307 993 et
3351 935 3456 990 illi-

1858 1038 2036 1102 citur;
2074 1034 2291 1089 laborat
2335 1042 2539 1094 autem,
2585 1028 2713 1099 quia
2748 1045 2857 1084 non
2890 1028 3035 1083 valet
3065 1044 3081 1081 :
3116 1042 3238 1082 cum
3270 1035 3454 1082 autem

1860 1126 2144 1181 advenerit
2189 1124 2397 1187 lumen.
2438 1121 2671 1177 eﬂlcitur
2720 1120 2929 1176 oculus.
2984 1119 3063 1173 ita
3098 1129 3154 1173 et
3184 1119 3462 1188 cogitatus

1857 1219 1977 1273 sine
2020 1216 2338 1287 operatione
2374 1214 2615 1284 Spiritus
2659 1212 2837 1266 sancti
2894 1210 3109 1281 palpat,
3162 1210 3457 1279 contingit,

1860 1317 2165 1376 promovet,
2197 1305 2425 1370 crescit,
2460 1311 2611 1373 putat
2640 1304 2767 1372 quia
2810 1303 2914 1357 iste
2954 1302 3093 1372 lapis
3132 1302 3273 1356 forte
3312 1302 3457 1357 Deus

1858 1408 1961 1461 est,
1994 1399 2137 1455 istud
2182 1413 2375 1452 aurum
2422 1394 2563 1451 forte
2594 1394 2759 1457 Deus,
2798 1402 2854 1448 et
2888 1394 2991 1449 hoc
3033 1393 3259 1463 lignum.
3316 1392 3459 1448 Dicit

1857 1492 2003 1546 enim
2034 1491 2175 1560 apud
2203 1504 2298 1543 se:
2330 1488 2497 1543 Putas
2539 1500 2691 1540 mare
2716 1483 2859 1538 Deus
2902 1493 2985 1538 est
3011 1482 3033 1535 ’ἒ
3063 1495 3225 1552 putas
3261 1490 3405 1536 terra
3432 1482 3458 1535 τ

1857 1596 2015 1653 putas
2038 1598 2131 1637 aer
2156 1582 2179 1636 ?
2207 1581 2363 1638 Unde
2393 1589 2449 1636 et
2475 1589 2746 1634 creatura:
2785 1575 3183 1631 transtulerunt
3211 1574 3454 1635 nomina.

1858 1688 1915 1729 ut
1950 1692 2053 1731 non
2103 1675 2192 1729 his
2225 1689 2346 1744 quae
2391 1673 2447 1727 in
2496 1673 2892 1726 consuetudine
2932 1679 3062 1725 sunt
3103 1668 3454 1739 appellantes,

1860 1767 1953 1820 sed
2006 1781 2067 1819 ea
2114 1779 2236 1831 quae
2268 1762 2540 1830 colebant
2588 1761 2960 1825 nominantes,
3000 1760 3459 1814 convincerentur

145 1860 391 1925 quidam
428 1862 709 1915 audientes
737 1877 877 1915 nunc
905 1862 1035 1915 istos
1066 1877 1368 1927 sermones,
1394 1877 1517 1917 cum
1546 1878 1751 1917 sermo-
1789 1852 1828 1905 Β
1856 1860 1979 1926 quia
2004 1859 2112 1912 vim
2148 1857 2424 1913 faciebant
2449 1854 2708 1927 opificiis.
2759 1855 2862 1921 Qui
2890 1864 3072 1909 autem
3107 1854 3262 1909 valde
3294 1866 3456 1925 puta-

148 1950 325 2030 ntbus
387 1952 601 2005 accensi
642 1951 768 2003 illud
805 1952 1020 2019 quidem
1073 1953 1214 2019 quod
1268 1962 1425 2005 erant
1491 1954 1755 2022 deposue-

151 2050 311 2106 runt,
342 2042 491 2107 quod
526 2053 709 2097 autem
740 2057 846 2096 non
881 2053 1037 2096 erant
1069 2043 1247 2097 eti'ecti
1272 2052 1571 2097 noscuntur
1599 2062 1611 2097 :
1643 2045 1756 2099 sic-

150 2141 217 2184 ut
273 2128 490 2186 ferrum
523 2132 794 2201 quoddam
821 2132 871 2185 in
903 2133 1025 2203 igne
1054 2133 1316 2199 furatum,
1351 2145 1511 2203 negat
1535 2136 1754 2204 quidem

152 2223 410 2292 nigrum,
439 2234 599 2293 negat
624 2224 804 2278 album
835 2225 1094 2286 colorem,
1116 2236 1169 2278 et
1200 2235 1341 2279 totus
1366 2224 1593 2281 efficitur
1617 2227 1756 2296 ignis

152 2328 212 2370 et
242 2318 436 2370 calore
466 2325 519 2371 et
546 2318 829 2383 incendio;
880 2318 951 2370 ita
987 2316 1123 2371 forte
1153 2320 1370 2386 quidam
1410 2316 1521 2389 (57)
1529 2333 1756 2409 sermu-

156 2409 327 2463 nibus
371 2410 489 2463 istis
513 2411 748 2476 accensi,
779 2425 973 2479 corpus
1015 2412 1231 2479 quidem
1266 2422 1320 2463 et
1349 2412 1595 2475 corporis
1627 2426 1753 2481 gra-

157 2501 440 2565 vedinem,
486 2512 541 2554 et
586 2503 737 2567 vitia,
768 2512 823 2555 et
860 2503 1230 2569 promotiones
1273 2502 1580 2556 incidentes
1630 2518 1755 2571 pro-

151 2591 438 2657 iecerunt,
480 2592 578 2660 ipsi
615 2600 797 2645 autem
824 2594 1165 2647 sermonibus
1208 2592 1327 2646 istis
1351 2592 1632 2647 evolantes
1659 2594 1753 2647 de~

160 2697 386 2736 sursum
420 2697 516 2737 nos
547 2684 876 2753 respiciunt;
914 2684 958 2737 si
988 2690 1164 2736 tamen
1197 2683 1305 2737 illic
1335 2682 1514 2738 effecti
1543 2686 1757 2755 patiun-

163 2782 256 2827 tur
298 2774 575 2843 respicere
610 2774 755 2841 istic,
791 2786 847 2829 et
882 2789 990 2828 non
1030 2776 1122 2829 ιοιί
1159 2776 1270 2829 illic
1314 2776 1596 2830 constituti
1635 2791 1755 2846 pte-

164 2865 417 2919 nitentur
456 2867 580 2933 quia
618 2867 695 2922 ita
723 2869 876 2920 tarde
910 2876 963 2921 et
998 2882 1102 2921 non
1134 2875 1259 2922 ante
1290 2867 1411 2922 hoc.
1459 2867 1623 2923 Forte
1656 2883 1757 2923 au-

166 2965 278 3009 tem
312 2972 417 3012 nec
440 2959 686 3026 pmniteri
720 2958 827 3013 illis
858 2958 968 3025 jam
999 2970 1174 3023 vacat,
1209 2960 1302 3027 qui
1340 2961 1411 3014 ita
1456 2961 1593 3014 lautis
1637 2976 1759 3030 quae

166 3050 283 3104 illic
311 3061 439 3105 sunt
468 3050 627 3105 factis
650 3061 972 3117 noscuntur,
1003 3068 1109 3107 non
1138 3055 1218 3107 eis
1241 3062 1325 3107 est
1357 3054 1525 3107 otium
1560 3053 1612 3107 in
1646 3068 1759 3107 me-

168 3144 407 3197 moriam
455 3144 701 3214 redigere
755 3160 840 3207 ea,
892 3159 922 3198 a
978 3146 1173 3214 quibus
1213 3126 1443 3200 liberati,
1480 3147 1755 3200 videntur.

169 3234 479 3292 istiusmodi
521 3238 664 3292 enim
713 3237 969 3292 homines
1015 3238 1125 3293 illic
1162 3254 1265 3292 non
1327 3248 1454 3293 sunt
1490 3238 1757 3293 homines.

171 3327 284 3383 Sed
316 3331 455 3384 sicut
488 3331 703 3385 domum
754 3332 968 3399 plenam
1021 3332 1374 3400 thymiamate
1414 3331 1664 3401 ingressi,
1706 3344 1761 3385 et

164 3421 282 3488 jam
331 3423 601 3478 sensimus
626 3423 767 3491 quod
806 3437 1013 3486 sumus,
1048 3422 1407 3478 nihilominus
1462 3434 1643 3476 tamen
1676 3438 1760 3476 re-

172 3515 444 3580 dolemus,
497 3526 558 3569 ut
616 3516 908 3587 thymiama
946 3515 1075 3569 facti
1113 3533 1126 3569 :
1161 3517 1234 3569 ita
1274 3525 1329 3570 et
1371 3515 1463 3584 qui
1496 3514 1605 3569 illic
1646 3515 1765 3583 jam,

172 3606 302 3661 facti
343 3617 469 3661 sunt
520 3608 761 3672 accensi,
810 3608 978 3662 veluti
1031 3624 1060 3662 a
1116 3618 1307 3662 natura
1340 3609 1541 3677 egressi
1572 3626 1583 3663 :
1614 3610 1760 3678 quod

175 3709 356 3753 autem
391 3700 627 3769 sapiunt,
658 3698 831 3753 eii‘ecti
863 3709 990 3754 sunt
1015 3698 1124 3753 illic
1150 3698 1350 3769 angeli.
1378 3698 1586 3765 Quibus
1614 3684 1759 3751 enim

175 3789 485 3844 intellectus
513 3808 577 3845 ex
612 3792 924 3844 imitatione
964 3805 1147 3857 aaquus
1174 3790 1379 3858 angelis
1412 3789 1643 3843 habetur
1669 3797 1762 3841 aut

176 3881 389 3945 similis,
435 3883 550 3935 istis
588 3898 692 3936 non
746 3882 999 3950 prohibet
1040 3893 1233 3936 natura
1271 3882 1758 3935 conversationem.

177 3972 295 4039 Qua
325 3978 466 4030 enim
498 3974 562 4029 de
588 3991 750 4029 causa
780 3978 1027 4030 carnales
1062 3991 1158 4029 nos
1206 3986 1363 4029 vocat
1392 3975 1612 4039 Paulus,
1653 3989 1759 4028 nou

178 4066 442 4119 seducens
468 4077 695 4121 nostras
728 4067 962 4132 animas,
997 4069 1170 4137 magis
1208 4079 1388 4121 autem
1430 4067 1757 4121 subducens.

178 4156 309 4222 Quis
335 4160 477 4211 enim
517 4170 759 4213 mortuus
804 4158 1026 4215 effectus
1066 4162 1370 4215 fornicatur
1409 4170 1504 4213 aut
1553 4158 1759 4214 adultu-

180 4249 304 4303 rat?
352 4249 490 4303 Dicit
541 4254 682 4305 enim
740 4252 857 4320 ipse
880 4251 1191 4320 Apostolus,
1242 4251 1595 4305 manifestans
1644 4249 1759 4322 (58)

177 4350 341 4402 opera
384 4336 563 4391 carnis
613 4353 731 4407 qua:
784 4349 911 4392 sunt
957 4340 1283 4393 adulterium
1312 4381 1326 4403 ,
1382 4338 1756 4395 fornicatio”.

176 4425 372 4482 Carnis
408 4443 571 4498 opera
607 4431 709 4484 ista
745 4442 912 4486 sunt:
953 4432 1077 4499 quis
1113 4433 1258 4485 enim
1291 4440 1536 4487 mortuus
1566 4432 1650 4487 his
1674 4432 1758 4487 in-

1859 1960 2053 2005 verunt
2104 1965 2164 2004 se
2211 1949 2530 2014 ascendere,
2585 1962 2802 2003 sursum
2864 1948 3246 2017 pervenientes
3280 1962 3457 2017 usque

1860 2045 1926 2098 ad
1980 2042 2186 2106 Stellas,
2241 2049 2607 2095 occurrerunt
2656 2039 2796 2092 lunai
2852 2049 2906 2092 et
2963 2039 3219 2091 viderunt
3260 2037 3454 2105 solem,

1860 2135 1999 2189 forte
2038 2149 2219 2188 autem
2267 2144 2321 2188 et
2367 2132 2591 2195 cmlum,
2646 2142 2702 2185 et
2757 2140 3185 2200 permanserunt
3228 2129 3355 2194 illic,
3400 2139 3459 2185 et

1860 2228 2005 2296 passi
2045 2236 2171 2281 sunt.
2214 2225 2405 2278 vitium
2454 2223 2778 2281 sceleratum
2814 2239 2828 2275 :
2869 2222 3012 2276 sicut
3045 2222 3139 2291 qui
3174 2220 3243 2276 ad
3272 2234 3453 2290 regem

1860 2320 2097 2382 festinat,
2131 2318 2197 2371 ad
2242 2316 2388 2387 regia
2424 2316 2614 2385 palatii
2654 2316 2942 2378 accedens,
2982 2328 3176 2384 magna
3218 2323 3274 2369 et
3310 2314 3454 2368 clara

1858 2420 1915 2464 et
1942 2410 2052 2478 regi
2086 2408 2246 2479 digna
2278 2408 2619 2476 conspiciat;
2673 2416 2725 2459 et
2755 2420 2877 2459 cum
2922 2404 3115 2460 debeat
3160 2404 3335 2474 magis
3363 2405 3455 2461 d0-

1858 2500 2114 2555 siderium
2144 2516 2299 2553 suum
2325 2500 2393 2553 ad
2424 2514 2545 2553 eum
2580 2498 2671 2567 qui
2706 2498 2970 2567 queritur
3000 2496 3304 2567 propalare,
3339 2506 3457 2550 stu-

1861 2608 1995 2661 pens
2023 2593 2207 2646 valvas
2256 2593 2454 2658 regias.
2504 2601 2559 2645 et
2609 2600 2806 2660 putans
2863 2589 2999 2644 nihil
3050 2588 3284 2658 amplius
3332 2604 3456 2644 esse

1862 2699 2043 2755 regem
2101 2701 2128 2737 a
2182 2684 2317 2747 suis,
2365 2683 2600 2738 resideat
2639 2685 2706 2739 ad
2733 2698 2797 2738 ea
2826 2697 2947 2753 quze
2978 2682 3152 2753 prima
3197 2696 3456 2738 occurre-

1863 2786 2007 2842 rant,
2042 2775 2331 2828 fraudatur
2376 2775 2521 2844 regis
2572 2775 2783 2831 visione
2822 2785 2877 2831 et
2920 2784 3137 2829 natura.
3192 2773 3301 2831 Sed
3346 2788 3450 2832 nos

1862 2882 1967 2925 non
2003 2868 2238 2921 retineat
2284 2876 2449 2932 terra,
2483 2881 2588 2923 non
2621 2868 2880 2937 praeiacet
2910 2882 3095 2932 mare;
3130 2882 3237 2922 non
3275 2865 3453 2922 offen-

1862 2961 2055 3015 damus
2088 2958 2142 3012 in
2172 2958 2364 3023 stellis,
2399 2974 2503 3013 non
2535 2960 2961 3014 obteuebremur
3006 2974 3037 3013 a
3078 2959 3229 3023 luna,
3278 2974 3455 3027 neque

1862 3065 1961 3106 nos
1994 3050 2251 3122 caliginet
2302 3052 2420 3117 sol;
2474 3066 2580 3106 non
2626 3051 2867 3105 detineat
2908 3051 3105 3106 Casium
3138 3069 3151 3105 :
3195 3051 3456 3107 Dominus
3496 3088 3499 3089 ν

1861 3144 2006 3196 enim
2036 3152 2088 3197 et
2117 3142 2301 3213 opifex
2337 3152 2393 3197 et
2422 3152 2638 3197 creator
2671 3145 2916 3199 omnium
2944 3159 3131 3198 eorum
3156 3160 3277 3215 quas
3305 3145 3452 3201 dicta

1862 3242 1988 3288 sunt
2021 3245 2077 3288 et
2110 3250 2217 3289 non
2269 3244 2395 3288 sunt
2426 3235 2566 3288 dicta
2594 3275 2612 3298 ,
2652 3245 2739 3288 est
2782 3234 2869 3287 ille
2907 3235 3000 3302 qui
3041 3237 3322 3302 quaeritur.
3372 3238 3452 3289 Ad

1864 3323 2029 3379 Deum
2067 3327 2250 3395 igitur,
2308 3340 2341 3379 ο
2396 3328 2578 3391 homo,
2630 3326 2695 3379 ad
2744 3328 2909 3382 Deum
2953 3328 3150 3381 horum
3208 3328 3452 3383 omnium

1863 3432 1983 3485 quae
2014 3419 2151 3472 bona
2180 3428 2233 3472 et
2271 3418 2417 3473 clara
2456 3434 2603 3476 sunt.
2643 3418 2787 3473 Nihil
2825 3420 3078 3474 miserius
3100 3429 3367 3490 estquam
3395 3431 3455 3473 ut

1861 3511 1984 3578 quis
2025 3511 2075 3564 in
2113 3511 2314 3566 lumine
2355 3510 2594 3567 offendat
2627 3530 2643 3569 :
2680 3514 2772 3567 sed
2810 3528 3076 3568 raeorum
3120 3515 3221 3568 hoc
3262 3513 3453 3568 vitium

1861 3612 1963 3657 est.
1995 3602 2108 3657 Non
2133 3606 2554 3659 obtenebremur
2573 3622 2601 3659 a
2624 3606 2768 3660 sole:
2800 3607 2951 3661 vides
2972 3622 3092 3661 eum
3110 3606 3379 3661 orientem
3402 3616 3458 3663 et

1865 3697 2229 3761 occidentem,
2273 3708 2328 3751 et
2359 3699 2641 3753 cedentem
2673 3700 2963 3754 mensuris.
2997 3699 3101 3753 Sed
3137 3700 3249 3768 ipse
3278 3713 3457 3767 praeco

1861 3800 1947 3843 cst
1992 3790 2059 3842 ab
2095 3790 2305 3845 oriente
2351 3806 2523 3859 usque
2577 3790 2641 3844 ad
2685 3806 2965 3857 occasum,
3024 3792 3282 3859 praedicat
3330 3806 3456 3844 eum

1862 3880 1952 3947 qui
1984 3894 2041 3933 se
2068 3879 2196 3934 fecit
2223 3890 2277 3934 et
2305 3882 2458 3944 dicit,
2488 3884 2532 3937 si
2568 3891 2745 3937 tamen
2784 3892 2838 3935 tu
2865 3884 3043 3947 audis,
3080 3885 3251 3955 magis
3274 3892 3454 3937 autem

1861 3973 1905 4025 si
1938 3971 2087 4026 vides
2116 3990 2128 4025 :
2161 3972 2277 4026 Non
2308 3990 2426 4028 sum
2460 3990 2560 4044 ego
2590 3974 2754 4038 Deus,
2784 3975 2878 4030 sed
2914 3975 3003 4030 ille
3048 3974 3204 4042 cujus
3254 3990 3369 4034 Sum
3403 3984 3459 4031 et

1860 4075 1961 4131 ego
1990 4064 2289 4132 opificium.
2336 4063 2418 4119 Me
2448 4065 2619 4129 vides,
2655 4064 2743 4119 ille
2776 4064 3071 4119 invisibilis
3097 4075 3197 4119 est.
3233 4062 3459 4119 visibile

1863 4157 1929 4207 ad
1978 4154 2254 4211 invisibile
2302 4156 2573 4210 contraria
2607 4167 2692 4211 est
2725 4167 2963 4211 natura:
3003 4173 3124 4209 nam
3174 4157 3279 4211 etsi
3334 4172 3455 4212 sunt

1864 4248 2044 4303 clarus
2080 4250 2219 4303 sicut
2243 4265 2383 4313 sum,
2424 4251 2514 4304 sed
2548 4250 2726 4304 clarus
2756 4255 2845 4319 qui
2878 4250 3067 4304 videor
3101 4265 3115 4301 :
3154 4248 3243 4302 ille
3272 4260 3453 4305 autem

1864 4342 2235 4396 istvisihilitate
2268 4344 2608 4396 transcendit
2635 4342 2935 4414 fulgoribus
2970 4342 3175 4396 omnia.
3217 4340 3334 4395 Non
3371 4356 3457 4394 me

1863 4433 2139 4486 houorans
2173 4433 2515 4487 dehonestes.
2568 4432 2681 4486 Non
2711 4448 2832 4488 sum
2866 4434 3114 4501 ingratus
3146 4434 3211 4485 ad
3254 4431 3455 4486 Condi-

182 4522 453 4576 volvitur?
485 4520 608 4576 Herc
631 4538 760 4591 ergo
786 4526 1031 4576 viventes
1063 4524 1262 4576 animis
1286 4537 1406 4577 cum
1434 4524 1756 4592 corporibus
1790 4536 1830 4589 ι)
1865 4533 2033 4576 torem
2063 4542 2075 4576 :
2119 4521 2392 4576 suﬂiciunt
2425 4525 2553 4577 mihi
2605 4524 2872 4579 beneﬁcia
2906 4540 3023 4591 qua:
3075 4524 3260 4592 accepi
3294 4541 3309 4579 :
3346 4522 3455 4578 noli

178 4626 299 4666 cum
330 4613 567 4668 declives
612 4614 872 4667 fuerimus
903 4616 967 4668 ad
1002 4629 1217 4676 carnes,
1244 4628 1374 4669 caro
1409 4625 1617 4669 tantum
1654 4632 1752 4671 vo-

178 4720 403 4769 camur;
438 4721 558 4766 cum
590 4716 771 4760 autem
808 4707 1236 4775 promovetimus
1260 4710 1325 4760 ad
1354 4709 1615 4772 animam,
1639 4709 1756 4762 ani-

179 4798 332 4852 malis
359 4800 519 4853 homo
546 4798 775 4855 dicimur
814 4817 826 4852 :
865 4814 987 4851 cum
1024 4810 1204 4852 autem
1259 4800 1756 4855 transcenderimus

179 4902 448 4955 naturam,
485 4892 744 4960 spiritalis
780 4894 938 4945 homo
973 4893 1326 4961 appellamur.
1403 4893 1467 4946 Et
1507 4908 1612 4946 non
1644 4894 1754 4959 jam

178 4983 303 5049 quia
328 4984 561 5036 carnalis
591 4994 810 5037 vocatus
836 4994 939 5043 est,
976 4983 1258 5039 fraudatus
1294 4996 1373 5037 est
1404 4985 1585 5037 anima
1621 5000 1632 5037 :
1674 4996 1760 5035 ne-

178 5089 281 5141 que
305 5075 435 5141 quia
461 5074 709 5129 animalis
733 5076 909 5130 dictus
934 5087 1035 5142 est,
1065 5078 1175 5146 jam
1203 5093 1306 5130 nun
1338 5076 1499 5130 habet
1524 5088 1755 5144 corpus;

178 5166 451 5234 siquidem
474 5176 528 5219 et
562 5168 793 5235 spiritali
841 5170 1045 5222 homini
1077 5182 1132 5224 et
1158 5185 1355 5238 corpus
1401 5170 1539 5224 inest
1568 5180 1625 5222 ut
1662 5170 1757 5222 ho-

179 5254 329 5306 mini
357 5264 411 5308 et
440 5257 615 5308 anima
651 5265 708 5308 ut
736 5258 949 5311 animm.
996 5260 1051 5311 Si
1084 5268 1261 5311 autem
1298 5269 1353 5312 et
1399 5259 1521 5311 istic
1554 5258 1759 5311 consti-

180 5344 301 5404 tuti,
328 5343 545 5410 quidam
569 5344 786 5415 quidem
811 5362 939 5400 caro
974 5359 1179 5401 tantum
1210 5362 1418 5411 smnus,
1449 5346 1578 5419 quia
1603 5349 1759 5401 dech-

180 5448 272 5488 ves
308 5434 507 5489 fuimus
537 5438 605 5490 ad
637 5446 872 5503 terram;
909 5440 998 5492 alii
1039 5442 1223 5493 anima
1254 5449 1482 5505 tantum,
1518 5441 1645 5508 quia
1679 5441 1758 5492 in-

180 5536 262 5578 ter
308 5538 595 5596 utrumque
662 5538 909 5594 stamus;
978 5531 1067 5584 alii
1134 5532 1406 5601 spiritales
1471 5545 1730 5587 vocamur

249 5642 293 5671 ⁶⁰
325 5641 439 5695 Gul.
481 5659 531 5707 ν,
573 5646 625 5698 0.

245 5762 357 5829 (57)
396 5763 639 5831 Quidem.
675 5762 854 5827 Forte,
894 5764 1132 5831 quidam.

248 5832 359 5904 (58)
397 5831 491 5885 Ms.
532 5830 809 5902 .llum'fcsla
852 5830 969 5887 sunt
1011 5850 1186 5904 opsra.

1863 4615 2062 4668 addere
2097 4615 2238 4683 quod
2294 4632 2398 4667 non
2450 4617 2713 4685 suscipio.
2768 4616 3030 4671 Creatura
3081 4631 3229 4680 sum,
3262 4626 3456 4670 etnon

1862 4704 2088 4759 Creator
2118 4723 2130 4769 ;
2185 4705 2460 4773 opificium
2508 4718 2561 4760 et
2592 4723 2695 4761 non
2726 4708 2945 4777 opifex;
3004 4708 3180 4761 factus
3225 4723 3367 4772 sum,
3403 4717 3459 4760 et

1865 4812 1969 4849 non
2007 4800 2050 4849 is
2083 4800 2173 4863 qui
2210 4798 2372 4862 fecit;
2414 4800 2571 4853 istinc
2609 4814 2728 4853 Sum
2753 4800 2914 4864 cmio,
2950 4810 3004 4854 et
3036 4800 3161 4853 inde.
3188 4800 3359 4854 oculis
3384 4800 3457 4851 vi-

1866 4891 2034 4943 deor:
2070 4889 2159 4942 ille
2212 4892 2496 4944 invisibilis
2546 4901 2647 4944 est.
2690 4893 2801 4962 Ego
2837 4893 2887 4945 in
2941 4891 3061 4944 loco
3102 4890 3459 4946 confirmatus

1866 4998 1983 5035 sum
2016 5001 2029 5037 :
2064 4983 2150 5037 ille
2180 4982 2315 5037 liber
2350 4987 2415 5038 ab
2442 4985 2591 5037 omni
2625 4996 2710 5038 est
2742 4986 2877 5039 loco.
2906 4985 3018 5054 Ego
3046 4986 3311 5054 parietem
3334 4984 3455 5037 εωιί

1868 5084 2023 5128 teneo
2075 5077 2127 5129 in
2169 5092 2272 5144 qua
2332 5094 2451 5129 sum
2497 5088 2551 5131 et
2600 5079 2858 5147 positus:
2896 5077 2985 5132 ille
3036 5086 3219 5130 autem
3270 5076 3457 5143 implet

1866 5167 2068 5221 omnia.
2121 5167 2230 5237 Ego
2267 5184 2328 5222 ex
2363 5169 2478 5223 loco
2510 5170 2576 5223 ad
2611 5171 2789 5223 locum
2823 5173 3064 5224 accedo:
3112 5168 3213 5228 ille-
3234 5178 3287 5221 et
3322 5168 3453 5220 mihi

1865 5260 2138 5325 separavit
2167 5258 2365 5313 locum.
2407 5258 2537 5313 Vide
2561 5276 2669 5326 me,
2698 5272 2751 5313 et
2777 5261 2885 5315 noli
2915 5274 3308 5313 connumerare
3337 5273 3456 5327 qum

1869 5364 1974 5403 non
2003 5363 2489 5405 conuiunerantnr.
2529 5351 2822 5407 invisibilis
2853 5361 2905 5407 et
2931 5351 3161 5405 visibilis
3184 5350 3455 5418 quomodo

1867 5447 2381 5499 connumerantur?
2418 5446 2515 5513 Qui
2551 5446 2601 5499 in
2636 5446 2740 5499 loci
2781 5444 2918 5515 (59),
2964 5452 3017 5498 et
3059 5447 3149 5511 qui
3189 5444 3303 5495 sine
3336 5440 3456 5497 loco

1864 5548 2024 5602 quam
2065 5537 2265 5591 habent
2296 5540 2737 5592 communionem
2788 5538 3033 5593 naturae?
3076 5538 3183 5607 Ego
3225 5536 3371 5593 orior
3400 5544 3456 5593 et

1939 5764 2048 5835 (59)
2093 5764 2234 5819 Loci.
2273 5765 2454 5831 Forte,
2494 5766 2608 5819 loco
2649 5763 2730 5820 vel
2766 5764 2914 5819 loris.
