4048 6322
689 369 828 427 “55

1349 362 1616 422 EUSEBII
1653 362 2128 420 CESARIENSIS
2163 361 2311 418 OPP.
2355 361 2535 418 PARS
2571 363 2661 420 IV.
2693 393 2761 406 —
2800 360 3214 420 DOGIIATICA.

3796 364 3926 419 “56

686 487 892 547 occido,
921 483 1043 553 quia
1073 489 1128 538 et
1156 495 1372 552 possum
1407 491 1637 552 utraque
1662 481 1729 535 ad
1757 480 1907 549 iussa
1933 485 2201 550 complere
2227 499 2241 535 :
2271 486 2318 543 Α
2349 483 2562 550 generis
2590 482 2735 537 enim
2763 482 3083 538 miseremur
3105 481 3292 537 nostri.
3339 480 3446 535 illis
3471 481 3675 552 quippe
3709 482 3807 552 qui
3839 497 3926 535 ve-

688 576 778 632 ille
799 571 1200 644 supereminet;
1252 585 1356 623 non
1413 570 1614 641 indiget
1644 580 1703 623 ut
1728 571 1958 634 oriatur,
2007 585 2113 624 non
2144 571 2244 624 im-

687 675 860 722 mutat
905 666 1100 728 locum,
1125 680 1337 734 semper
1381 665 1433 717 in
1477 679 1544 718 eo
1595 664 1711 732 ipso
1739 664 1878 733 quod
1908 675 1992 718 est
2018 676 2200 717 manet
2229 680 2242 727 ;

685 771 895 826 semper
923 759 1034 827 ipse
1061 764 1144 811 est
1167 759 1257 826 qui
1291 764 1408 819 est;
1443 756 1512 810 ab
1538 754 1628 810 illo
1657 765 1714 809 et
1737 754 1889 809 ealor
1912 763 1997 808 est
2021 793 2036 818 ,
2065 757 2132 808 ab
2157 755 2245 809 illo

683 849 884 903 dantur
907 860 962 904 et
985 863 1174 903 cursus
1199 863 1484 913 mensura,
1519 848 1586 901 ab
1638 845 1730 900 illo
1759 854 2127 900 mensuratum
2163 855 2246 899 est

683 939 903 995 calum.
963 939 1097 993 Nam
1139 938 1238 994 etsi
1285 941 1459 1008 spatio
1492 937 1646 1006 longe
1675 952 1813 999 sum,
1852 947 2026 991 tamen
2064 937 2244 990 calore

683 1028 941 1085 conﬁteor
964 1039 1246 1084 naturam:
1276 1029 1364 1085 ille
1391 1027 1675 1083 invisibilis
1690 1035 1792 1082 est.
1820 1027 1994 1082 leum
2014 1029 2242 1084 intueris

684 1121 945 1187 habitum,
982 1121 1070 1176 ille
1095 1123 1210 1177 sibe
1242 1121 1427 1176 habitu
1458 1130 1559 1175 est.
1602 1117 1776 1174 Tanta
1831 1121 1961 1174 mihi
2009 1131 2135 1174 sunt
2187 1130 2243 1175 et

683 1213 806 1277 alla,
839 1227 906 1266 ex
957 1214 1152 1282 quibus
1192 1211 1324 1266 nihil
1374 1213 1440 1267 ad
1483 1210 1631 1265 illum
1677 1213 1948 1281 pertinere
1978 1212 2236 1268 videtur:

684 1319 792 1359 non
831 1315 1032 1359 tactum
1069 1307 1313 1371 incurrit,
1358 1320 1464 1358 non
1515 1305 1632 1358 loco
1667 1303 1922 1366 ambitur,
1965 1319 2072 1360 non
2122 1305 2237 1359 loca

679 1393 1008 1461 circumdat,
1042 1411 1145 1449 non
1177 1394 1391 1451 habitus
1418 1395 1561 1450 circa
1614 1396 1814 1465 ipsum,
1866 1410 1974 1449 non
2021 1411 2237 1464 compo-

679 1485 804 1542 sitio
835 1487 902 1541 ad
927 1487 1166 1556 gloriam.
1195 1482 1290 1542 ille
1317 1496 1476 1541 natus
1526 1495 1725 1541 snnato
1751 1496 1834 1540 est
1866 1486 2000 1557 (60),
2044 1501 2138 1556 per
2168 1487 2235 1540 il-

680 1582 790 1632 tmn
833 1587 887 1632 et
928 1593 1025 1647 ego
1049 1577 1302 1632 etomnla
1347 1577 1486 1634 facta
1510 1589 1650 1634 sunt.
1687 1575 1860 1634 Nolite
1891 1595 1976 1636 me
2001 1591 2234 1636 conver-

683 1678 797 1724 tere
838 1668 904 1722 ad
957 1667 1377 1739 blasphemiam,
1433 1685 1528 1739 per
1583 1684 1667 1724 me
1709 1670 2088 1740 blasphemare
2140 1686 2234 1726 no-

680 1759 790 1816 lite.
824 1759 1020 1814 Littera
1053 1774 1170 1813 sum
1193 1761 1258 1814 ad
1283 1760 1504 1831 gloriam
1533 1762 1650 1832 ejus
1676 1763 1768 1833 qui
1801 1777 1891 1822 me
1917 1765 2044 1818 fecit
2074 1781 2088 1818 :
2121 1779 2233 1818 cce-

679 1851 785 1906 lum
830 1851 970 1905 enim
1010 1849 1144 1904 liber
1182 1860 1266 1905 est
1297 1866 1556 1919 magnus;
1603 1867 1703 1922 ego
1736 1863 1913 1907 autem
1957 1869 2078 1907 cum
2121 1855 2236 1907 alli-

679 1937 833 1993 nlbus
881 1940 1013 1993 meis
1048 1953 1229 1992 sumus
1278 1938 1468 1993 littera
1500 1941 1881 2010 religiositatis.
1929 1941 2108 2012 Legite
2158 1942 2240 1996 lu-

676 2043 758 2084 na:
802 2030 1093 2083 virtutem:
1135 2029 1326 2084 crescit
1381 2039 1434 2082 et
1467 2030 1744 2095 minuitur,
1791 2040 1846 2085 et
1894 2045 2103 2100 semper
2134 2032 2237 2084 im-

676 2129 934 2181 mutatur,
968 2131 1022 2174 et
1050 2119 1327 2173 annuntiat
1369 2119 1792 2174 immutabilem:
1821 2131 1875 2176 et
1918 2122 1968 2176 in
2003 2123 2088 2176 illa
2132 2123 2235 2178 ite-

677 2225 794 2264 rum
823 2211 1036 2266 habitus
1071 2212 1362 2275 invenitur,
1406 2213 1670 2282 siquidem
1691 2223 1746 2268 et
1766 2214 1909 2268 illam
1944 2215 2089 2268 videt
2112 2229 2238 2267 ncu-

675 2300 778 2364 lus,
824 2312 876 2355 et
917 2317 1190 2371 nunquam
1246 2303 1298 2356 in
1351 2317 1414 2358 eo
1453 2303 1569 2372 ipso
1596 2305 1734 2372 quod
1777 2315 1860 2358 est
1889 2315 2086 2360 manet.
2127 2305 2233 2359 No-

673 2392 766 2446 lite
804 2408 902 2447 nec
951 2393 1106 2446 istam
1153 2407 1358 2446 mecum
1415 2396 1616 2463 pariter
1658 2394 2049 2462 blasphemare.
2097 2397 2235 2462 Quid

673 2498 772 2538 nos
799 2484 1233 2538 ealumniaminll
1262 2485 1418 2540 modo
1454 2486 1666 2553 quidem
1708 2501 1794 2540 me
1859 2487 2098 2542 dicentes
2126 2487 2236 2541 for-

673 2574 908 2631 picatum
946 2591 1084 2638 esse,
1117 2575 1274 2630 modo
1310 2584 1487 2630 autem
1516 2576 1718 2640 lunam,
1760 2579 1882 2646 quia
1912 2578 2232 2634 adulterium

673 2667 909 2722 admisit.
949 2663 1123 2720 Nolite
1161 2667 1426 2734 deponere
1458 2680 1553 2720 nos
1591 2678 1774 2720 contra
1815 2677 2087 2732 naturam,
2138 2686 2233 2724 ne-

669 2772 775 2828 que
810 2758 999 2812 iterum
1042 2756 1298 2811 extollere
1335 2771 1497 2825 supra
1534 2765 1802 2811 naturam.
1865 2759 2052 2814 Dicitis
2104 2762 2231 2828 quia

670 2863 770 2918 ego
803 2848 1011 2902 mulieri
1034 2846 1412 2903 confabulatus
1435 2863 1552 2902 sum
1583 2866 1596 2900 :
1621 2849 1812 2919 quibus
1833 2854 2232 2920 Operamentis?

669 2939 864 3006 quibus
886 2937 1139 2992 membris
1159 2936 1184 2989 f
1210 2952 1315 3003 quo
1333 2937 1557 2991 habitu?
1579 2940 2029 3008 quemadmodum
2056 2958 2228 2997 meam

668 3029 932 3084 ﬂammam
985 3027 1150 3096 potuit
1194 3026 1443 3082 suﬂerrei
1486 3030 1931 3096 quemadmodum
1980 3033 2230 3100 splendo-

669 3119 788 3172 res?
821 3118 874 3172 Si
897 3119 1039 3174 enim
1073 3127 1220 3172 tanto
1253 3119 1425 3185 spatio
1447 3118 1557 3189 (6|)
1591 3136 1766 3174 meum
1793 3122 2001 3176 radium
2034 3124 2227 3178 suﬂ'er-
2253 3159 2295 3216 ε

668 3225 726 3264 re
758 3224 860 3262 non
893 3216 1087 3277 potest,
1114 3208 1167 3261 in
1199 3209 1404 3264 sinibus
1431 3220 1651 3279 portare
1676 3226 1848 3266 meam
1893 3212 2224 3279 conjunctio-

666 3311 788 3352 nem
824 3297 1032 3364 potuit?
1051 3295 1224 3351 Nolite
1261 3299 1330 3350 ita
1361 3312 1446 3352 me
1479 3300 1703 3370 turpiter
1725 3301 2064 3367 calumniari,
2098 3307 2227 3360 noli-

668 3400 720 3441 te
751 3391 821 3440 ita
863 3388 1173 3455 insipienter
1200 3388 1459 3442 extollere
1490 3407 1502 3442 :
1533 3405 1635 3443 non
1672 3392 1841 3445 solum
1883 3396 2026 3448 enim
2059 3396 2223 3452 Deum

666 3479 948 3547 ignoratis,
977 3479 1066 3531 sed
1096 3488 1143 3530 et
1176 3479 1390 3546 opiﬁcis
1418 3479 1582 3548 ipsius
1615 3481 1705 3535 Dei
1733 3485 1969 3540 nescitis.
2004 3487 2225 3542 Dimitti-

666 3581 717 3625 te
751 3585 833 3623 me
863 3574 983 3638 quia
1025 3570 1159 3623 ﬁxus
1192 3584 1332 3631 sum,
1371 3586 1592 3625 cursum
1635 3573 1755 3626 caeli
1781 3576 2025 3631 coniicio.
2052 3577 2224 3634 Nolite

662 3679 749 3716 me
777 3662 841 3717 ad
879 3672 1074 3715 terram
1109 3661 1375 3730 deponere
1420 3664 1621 3729 verbis,
1648 3678 1820 3734 neque
1854 3667 2117 3723 deducere
2145 3671 2223 3724 fa-

659 3752 819 3806 bulis.
849 3751 962 3806 Non
990 3754 1278 3823 praevarico
1317 3752 1488 3822 legem
1524 3772 1537 3807 :
1579 3769 1790 3810 sursum
1823 3773 1941 3812 sum
1981 3761 2218 3830 positus;

659 3859 766 3896 non
797 3844 1016 3896 immuto
1049 3859 1262 3896 cursum
1289 3847 1636 3899 constitutum
1681 3847 1845 3911 mihi;
1882 3863 1987 3902 non
2029 3853 2220 3906 recedo

660 3935 728 3986 ab
768 3932 971 3997 olIicio;
1028 3933 1196 4000 legem
1243 3933 1420 3986 datam
1463 3934 1736 4002 custodio;
1769 3950 2001 4004 agnosco
2044 3942 2217 4008 spatia

657 4022 932 4088 utcmque
957 4033 1010 4075 et
1032 4023 1181 4090 jussa
1209 4038 1485 4090 percurro.
1519 4023 1740 4078 Terram
1765 4026 1974 4080 calcare
2003 4045 2106 4082 non
2138 4040 2218 4084 est

657 4123 858 4166 naturae
883 4127 1012 4166 mea:
1040 4132 1051 4165 :
1083 4115 1295 4181 quando
1323 4129 1426 4168 nox
1456 4115 1594 4168 facta
1625 4126 1710 4168 est
1737 4117 2065 4186 importuna,
2095 4122 2216 4191 quia

655 4218 754 4273 ego
783 4204 1027 4256 descendi
1057 4207 1122 4256 ad
1153 4203 1391 4258 mulieris
1419 4207 2218 4268 cornmunicationcm?cessate

657 4295 885 4359 turpiter
918 4295 1259 4358 honorantes,
1316 4294 1461 4350 ftede
1500 4298 1828 4354 deducentes
1867 4317 1881 4352 :
1919 4303 2085 4358 nolite
2121 4320 2214 4358 ora

655 4397 834 4438 vestra
860 4385 910 4436 in
949 4385 1101 4438 bonis
1123 4388 1363 4439 versibus
1391 4387 1546 4440 malis
1574 4390 1800 4456 negotiis
1823 4394 2053 4459 aperire.
2079 4393 2214 4460 Quid

2347 571 2522 626 stibus
2547 573 2760 642 quidem
2797 588 2858 628 se
2881 574 3104 638 nudant,
3147 587 3305 628 ceno
3326 583 3507 627 autem
3551 589 3612 628 se
3645 575 3924 643 operiunt,

2347 663 2436 730 qui
2468 664 2672 732 lapides
2703 676 2942 733 portant,
2975 665 3068 736 qui
3093 665 3343 718 damnum
3388 664 3584 734 duplex
3616 665 3918 735 accipiunt,

2344 762 2475 807 utet
2506 768 2694 808 aurum
2720 754 3014 824 proferant,
3043 766 3100 809 et
3132 768 3161 808 a
3192 753 3304 809 Deo
3340 755 3612 810 decidant.
3646 752 3770 810 Non
3807 768 3926 811 ces-

2344 853 2429 900 sat
2454 843 2532 900 sol
2565 860 2664 900 nec
2697 845 2826 900 illud
2853 847 2906 900 in
2935 845 3170 901 medium
3199 845 3466 916 proferre,
3490 848 3622 917 quia
3670 855 3926 916 putantes

2342 950 2464 989 eum
2493 935 2769 1004 deiﬁcare,
2800 941 2853 993 l
2881 938 2966 992 his
2994 939 3228 992 maxime
3250 938 3304 992 in
3337 937 3538 1007 quibus
3575 939 3920 1009 indignatur.

2340 1028 2626 1084 Adducunt
2651 1031 2796 1086 enim
2828 1030 2895 1085 ad
2923 1043 3140 1084 omnem
3182 1030 3568 1099 malignitatem
3633 1030 3924 1085 hominum

2340 1134 2526 1189 opera,
2564 1129 2619 1176 et
2670 1119 2906 1176 malitias
2953 1122 3052 1176 soli
3098 1131 3154 1176 et
3183 1121 3344 1182 luna,
3380 1131 3435 1176 et
3465 1135 3594 1175 suas
3639 1121 3718 1175 illi
3743 1123 3917 1177 ascri-

2340 1212 2777 1282 psereluxnrias.
2805 1211 2920 1268 Non
2947 1215 3072 1279 iste,
3120 1214 3313 1284 inquit,
3359 1214 3522 1269 homo
3561 1214 3791 1267 adulter
3817 1223 3920 1278 est,

2338 1300 2432 1354 sed
2461 1301 2560 1356 sol.
2585 1301 2822 1357 Veniunt
2847 1304 2992 1358 enim
3019 1309 3084 1358 ad
3108 1303 3255 1358 illum
3290 1303 3488 1369 locum,
3532 1312 3587 1359 et
3639 1303 3788 1359 mala
3824 1305 3919 1359 bo-

2339 1391 2541 1446 mlnum
2570 1393 2670 1448 soli
2693 1394 2989 1473 ascribunt.
3013 1395 3078 1450 Et
3099 1396 3402 1451 hominibus
3427 1396 3650 1466 quidem
3677 1395 3817 1452 nihil
3840 1412 3918 1450 re.

2338 1481 2584 1550 linquunt
2617 1483 2777 1551 mali,
2815 1499 2920 1539 non
2947 1484 3190 1540 luxurias
3235 1486 3558 1552 luxuriosis;
3591 1502 3708 1541 non
3743 1487 3915 1541 homi-

2337 1571 2476 1626 cidia
2536 1573 2861 1642 homicidis;
2907 1590 3011 1630 non
3064 1575 3382 1631 adulteritn
3438 1576 3760 1642 adulteris;
3815 1592 3915 1632 ne

2338 1661 2610 1715 mendacia
2646 1664 3023 1730 mendacibus;
3061 1681 3166 1721 non
3190 1666 3332 1720 furta
3362 1665 3616 1732 furibus;
3651 1668 3752 1722 sed
3783 1668 3916 1721 obli-

2339 1752 2376 1805 ti
2431 1767 2612 1806 eornm
2651 1767 2772 1822 qua:
2831 1754 3273 1824 blasphemabant
3329 1755 3577 1812 dicentes
3632 1759 3797 1820 deos,
3865 1768 3914 1812 et

2339 1847 2646 1902 amittentes
2675 1848 2920 1902 homines
2957 1848 3048 1914 qui
3080 1846 3414 1917 delinquunt,
3447 1861 3541 1902 eos
3583 1863 3731 1917 quos
3758 1862 3914 1902 reca-

2339 1939 2467 1993 bant
2518 1940 2648 1992 deos
2703 1952 2845 1993 nunc
2889 1938 3166 1994 hominum
3232 1937 3503 2001 latrones,
3568 1939 3911 2002 homicidas,

2339 2029 2646 2094 mendaces,
2683 2028 2963 2099 malignos,
3001 2031 3294 2094 adulteros,
3329 2030 3476 2086 fures
3515 2046 3616 2099 pro
3674 2031 3910 2086 homini-

2336 2123 2436 2178 bus
2463 2138 2582 2179 esse
2615 2124 2818 2178 volunt.
2873 2122 2979 2178 Sed
3034 2124 3172 2194 apud
3226 2139 3323 2178 nos
3373 2124 3646 2179 homicida
3698 2124 3746 2179 si
3779 2125 3916 2178 forte

2337 2231 2499 2270 unum
2536 2217 2754 2279 occidit,
2795 2226 2850 2270 et
2890 2217 3026 2272 forte
3057 2218 3302 2271 tristatus
3332 2227 3425 2271 ant
3453 2216 3683 2271 infamis
3716 2218 3907 2278 factus,

2335 2315 2388 2358 et
2441 2315 2698 2368 tremens,
2745 2315 2800 2359 et
2845 2306 3152 2374 compulsus
3198 2307 3266 2362 ob
3296 2316 3611 2377 egestatem,
3649 2318 3750 2361 aut
3778 2308 3904 2361 iram

2334 2406 2426 2450 aut
2475 2391 2817 2459 inimicitias,
2870 2398 2948 2450 sol
3001 2397 3198 2451 occidit
3243 2412 3364 2450 eum
3411 2397 3500 2466 qui
3558 2398 3905 2453 interﬁcitur.

2333 2485 2546 2552 Quare?
2572 2501 2690 2555 qua
2718 2487 2951 2540 vicinia?
2977 2501 3094 2554 quae
3122 2485 3508 2541 cobmreditas?
3547 2502 3674 2555 qua
3722 2488 3903 2541 condi-

2333 2579 2510 2633 visio?
2533 2578 2659 2648 quid
2692 2579 2926 2647 passus?
2952 2579 3079 2645 quid
3107 2578 3440 2632 admittens?
3463 2580 3595 2648 quid
3625 2579 3903 2647 indigens!

2332 2671 2458 2739 quid
2492 2673 2756 2725 commodi
2786 2671 3008 2724 sumus?
3040 2669 3156 2724 Non
3193 2685 3378 2726 sumus
3415 2685 3608 2724 canna
3657 2671 3906 2724 manibus

2330 2762 2602 2816 stellarum
2646 2771 2802 2816 mota
2850 2763 2913 2816 ad
2950 2762 3174 2816 litteras.
3207 2761 3342 2825 Tua,
3372 2772 3460 2815 tua
3488 2773 3635 2825 sunt,
3694 2763 3899 2817 etiamsi

2330 2851 2674 2906 calumnieris
2702 2852 2890 2906 solem.
2927 2852 3074 2907 Luna
3111 2865 3289 2910 autem
3340 2871 3444 2911 non
3491 2866 3763 2925 operator
3788 2871 3906 2928 que

2330 2943 2680 2997 calumniaris
2713 2962 2727 2997 :
2760 2959 2867 2998 non
2926 2956 2979 3000 te
3028 2944 3220 3001 liberat
3253 2947 3518 3001 calumnia
3566 2964 3595 3002 a
3635 2961 3893 3020 peccato:

2329 3035 2568 3102 acquiris
2589 3035 2681 3088 tibi
2705 3047 2758 3088 et
2780 3035 3165 3105 blasphemiam
3202 3057 3213 3090 :
3241 3039 3291 3091 in
3314 3053 3380 3092 en
3405 3040 3546 3093 enim
3575 3039 3705 3094 dum
3731 3041 3892 3094 dicis:

2331 3124 2445 3179 Non
2475 3141 2575 3196 ego
2609 3126 2854 3195 admitto,
2885 3129 2978 3182 sed
3027 3129 3118 3183 Dei
3163 3130 3396 3200 opificia.
3440 3132 3596 3196 Quod
3625 3132 3778 3187 enim
3801 3147 3895 3198 ego

2329 3232 2434 3270 non
2465 3233 2582 3285 ego,
2617 3219 2870 3287 relinquit
2900 3219 3028 3275 illud
3062 3222 3110 3275 ei
3138 3221 3290 3288 cujus
3312 3224 3540 3292 opiﬁci-is
3563 3234 3620 3278 et
3645 3222 3895 3294 blasphe-

2325 3305 2487 3358 miam
2533 3307 2698 3360 addit.
2745 3304 2806 3361 Si
2840 3308 2985 3360 enim
3036 3323 3140 3361 non
3172 3318 3298 3362 sunt
3339 3325 3500 3376 opera
3550 3319 3743 3364 nostra
3780 3326 3901 3378 qua:

2325 3396 2678 3464 admittimus,
2713 3397 2807 3452 sed
2835 3397 2914 3452 sol
2952 3409 3006 3451 et
3035 3398 3156 3451 luna
3199 3410 3253 3454 et
3286 3400 3452 3454 stella:
3500 3414 3599 3469 per
3629 3415 3734 3456 nos
3769 3415 3894 3468 ope-

2324 3496 2542 3551 rantur;
2573 3489 2645 3542 ita
2698 3503 2874 3558 neque
2923 3489 3134 3545 illorum
3185 3501 3308 3545 sunt
3340 3506 3501 3561 opera
3542 3507 3559 3546 :
3610 3494 3896 3562 aequaliter

2322 3579 2465 3631 enim
2511 3577 2652 3633 Deus
2683 3581 2979 3636 constituit.
3026 3580 3158 3634 Vide
3187 3585 3326 3652 quod
3370 3583 3503 3638 dicis
3534 3605 3550 3638 :
3586 3584 3757 3639 Deum
3794 3599 3892 3639 uo-

2323 3671 2499 3724 ninas
2530 3685 2688 3740 quem
2734 3671 2879 3741 piget
2923 3687 3081 3726 nosse
3129 3674 3312 3738 Deum,
3346 3675 3437 3729 sed
3481 3675 3573 3728 tibi
3614 3674 3777 3730 facile
3812 3689 3889 3731 est

2321 3763 2460 3830 apud
2495 3777 2656 3831 quem
2676 3771 2801 3816 sunt
2839 3763 3063 3817 dicere:
3100 3763 3408 3819 Coufnndor
3455 3777 3511 3820 et
3564 3766 3718 3836 piger
3773 3783 3883 3821 sum

2327 3853 2705 3907 contaminare
2735 3869 2905 3908 meam
2944 3855 3199 3925 linguam,
3237 3865 3292 3911 et
3322 3857 3551 3909 maxime
3577 3859 3790 3912 cmlesti
3812 3860 3890 3908 vi-

2319 3946 2469 3998 sione
2504 3944 2857 3999 descendens.
2901 3945 3036 4011 Quid
3081 3963 3231 4018 ergn,
3285 3963 3318 4002 ο
3367 3949 3618 4014 sapiens?
3669 3949 3880 4019 Cygnus

2319 4037 2448 4091 deus
2475 4046 2559 4090 est
2599 4036 2686 4104 qui
2725 4037 3006 4091 adversum
3035 4038 3294 4109 virginem
3328 4039 3511 4093 calet?
3533 4037 3882 4094 Caul'undan-

2319 4135 2403 4178 tur
2424 4124 2514 4193 qui
2542 4123 2826 4192 aliquoties
2853 4125 3072 4195 quidem
3095 4137 3306 4181 taurum
3330 4128 3575 4194 adorant,
3600 4130 3886 4199 aliquoties

2319 4213 2429 4284 (63)
2459 4224 2634 4269 autem
2668 4223 2827 4268 tauro
2871 4215 3027 4270 deum
3056 4219 3492 4287 transﬁguratum
3519 4219 3748 4288 lingunt.
3773 4222 3878 4276 Sed

2317 4305 2480 4360 dicite
2520 4305 2674 4360 nobis
2719 4322 2816 4361 cur
2853 4309 3168 4363 immutatus
3195 4319 3279 4363 est
3330 4319 3391 4364 ut
3433 4312 3696 4382 virginem
3731 4315 3879 4370 vide-

2317 4397 2440 4449 ret?
2468 4395 2579 4450 Non
2605 4398 2748 4451 enim
2777 4398 3004 4453 habebat
3029 4397 3256 4455 feminas
3279 4401 3410 4456 deus
3437 4403 3735 4458 secundum
3764 4421 3875 4462 ros.

654 4490 738 4527 me
769 4475 1067 4528 deducitis?
1110 4477 1234 4544 quid
1275 4493 1357 4530 me
1388 4480 1673 4533 extollitis?
1703 4481 1816 4536 Non
1849 4484 2118 4539 descendo
2145 4487 2210 4540 ad
2242 4498 2289 4556 ι)
2315 4487 2503 4542 Nonne
2549 4504 2786 4544 sororem
2826 4493 3247 4560 cooperatricem
3295 4492 3502 4560 habuit,
3555 4506 3619 4548 ut
3651 4497 3874 4552 aliorum

653 4565 951 4624 mulierem,
984 4582 1085 4619 non
1127 4569 1357 4621 ascendo
1407 4573 1628 4639 aequalis
1676 4573 1803 4627 Deo.
1837 4573 1988 4640 Quod
2029 4587 2212 4631 autem

651 4664 768 4708 erat
797 4657 924 4707 mihi
951 4667 1004 4710 et
1035 4659 1201 4711 otium
1241 4660 1542 4728 relinquere
1569 4679 1784 4719 cursum
1809 4677 2072 4722 statutum
2106 4671 2210 4723 mi-

651 4742 742 4796 hi?
775 4745 986 4811 quando
1033 4747 1358 4815 interruptus
1391 4759 1472 4802 est
1525 4752 1676 4805 dies?
1722 4764 1814 4807 aut
1855 4758 2072 4824 quando
2101 4775 2205 4814 non

651 4834 836 4889 adveni
863 4852 1084 4890 currens
1109 4841 1171 4891 ad
1197 4851 1467 4904 ornatum,
1491 4855 1781 4913 occupatus
1802 4849 1867 4900 ad
1893 4849 2204 4904 mulierem?

647 4925 714 4980 Et
744 4927 866 4980 luna
904 4929 1093 4983 fabulis
1116 4932 1448 5000 deturpatur,
1505 4937 1596 4987 sed
1646 4942 1819 5006 arguit
1853 4938 2046 4994 fabulis
2091 4942 2202 5013 (62)

646 5033 742 5071 sua
774 5031 982 5073 natura.
1035 5020 1193 5076 Forte
1236 5033 1412 5076 autem
1463 5039 1561 5077 nec
1603 5025 1729 5080 illud
1775 5029 1973 5082 tacebit
2016 5031 2116 5084 sol.
2146 5031 2202 5085 Si

647 5122 822 5164 autem
853 5112 967 5180 ejus
1001 5129 1103 5168 non
1137 5124 1218 5169 est
1244 5127 1435 5169 natura
1478 5130 1534 5169 ut
1561 5118 1828 5186 loquatur,
1879 5137 1977 5176 nos
2016 5136 2114 5190 pro
2137 5140 2202 5178 eo

647 5201 948 5272 loquemur,
983 5205 1026 5258 si
1056 5214 1228 5261 tamen
1281 5223 1376 5277 pro
1414 5210 1526 5263 sole
1565 5221 1617 5262 et
1649 5225 1750 5264 non
1785 5227 1879 5282 pro
1909 5213 2052 5278 Deo;
2093 5230 2196 5269 non

645 5298 768 5364 quia
821 5298 960 5352 Deus
997 5298 1197 5368 indiget
1241 5301 1508 5367 adjutorio
1552 5312 1735 5356 nostro
1781 5313 1834 5355 et
1863 5305 2194 5370 defensione,

645 5388 736 5440 sed
763 5389 1005 5444 homines
1035 5393 1309 5445 constituti
1335 5393 1641 5447 hominibus
1675 5396 2050 5463 cempatimur.
2102 5397 2194 5450 Vi-

643 5480 829 5535 dentes
853 5482 994 5536 enim
1015 5482 1254 5537 volumus
1285 5485 1385 5538 iter
1406 5485 1692 5540 ostendere
1721 5501 1822 5541 non
1853 5487 2194 5554 videntibus;

737 5616 823 5686 60)
854 5618 950 5671 Ms.
987 5618 1083 5673 IJls
1111 5632 1262 5674 natus
1283 5639 1346 5676 ex
1367 5625 1545 5675 innato
1571 5635 1666 5676 est.

867 5688 962 5758 ﬁs.
990 5688 1046 5742 Si
1066 5692 1197 5741 enim
1219 5694 1271 5744 in
1300 5703 1443 5746 tanta
1466 5695 1651 5758 spatio.

740 5755 825 5824 (ὀὶ)
863 5754 1096 5812 Fabu’is.
1115 5760 1272 5814 Forte
1297 5754 1522 5830 fabulas.

2318 4579 2581 4634 connubia
2606 4581 2917 4637 furaretur?
2941 4581 3057 4638 Non
3083 4583 3172 4636 isti
3201 4598 3479 4640 sermones
3515 4597 3644 4641 sunt
3681 4591 3869 4654 nostri,

2314 4671 2406 4725 sed
2439 4684 2629 4726 vestra:
2662 4673 2855 4728 fabula
2884 4673 3095 4742 scriptae
3133 4674 3192 4727 in
3218 4674 3367 4729 libris
3396 4674 3529 4748 (64),
3572 4677 3624 4731 in
3653 4680 3874 4734 simula-

2314 4765 2441 4831 cris,
2486 4765 2538 4818 in
2563 4765 2874 4833 parietibus,
2912 4766 2963 4818 in
2989 4765 3364 4822 saltationibus
3395 4769 3757 4826 theatrorum.
3795 4773 3872 4827 ln-

2313 4857 2550 4924 dignaris
2581 4858 2700 4925 quia
2726 4859 2846 4912 dico
2868 4872 2931 4911 ea
2959 4872 3079 4925 qua:
3101 4869 3154 4912 tu
3186 4861 3367 4928 legens
3401 4863 3620 4916 miraris
3645 4881 3659 4917 ε
3681 4864 3872 4919 irasce-

2311 4947 2386 5000 ris
2413 4948 2534 5014 quia
2571 4947 2760 5018 loquor
2805 4950 2870 5001 de
2899 4950 2982 5004 his
3013 4964 3131 5018 quae
3159 4951 3346 5005 videns
3377 4961 3432 5005 tu
3461 4954 3678 5009 adoras.
3731 4955 3867 5011 Indi-

2307 5040 2488 5108 gnaris
2512 5041 2638 5108 quia
2671 5041 2792 5094 dico
2833 5056 2952 5111 qua:
3001 5051 3054 5095 tu
3087 5042 3139 5096 in
3173 5042 3553 5099 saltationibus
3590 5046 3779 5102 videns
3815 5061 3863 5104 et

2306 5129 2527 5185 audiens
2557 5131 2858 5187 delectaris.
2895 5133 3018 5188 Dele
3039 5149 3101 5188 ea
3126 5150 3192 5188 ex
3221 5136 3444 5204 poeticis
3472 5137 3646 5202 libris,
3679 5143 3864 5195 recede

2306 5233 2336 5272 a
2369 5222 2614 5287 theatris,
2652 5234 2708 5279 et
2735 5225 3032 5279 extermina
3067 5241 3128 5280 ea
3158 5243 3188 5281 a
3220 5229 3549 5298 parietibus;
3583 5235 3757 5287 oouna
3781 5250 3857 5298 ea.

2305 5327 2333 5364 a
2363 5314 2668 5370 simulacris
2693 5315 2907 5383 recede,
2930 5327 2986 5372 et
3010 5323 3338 5388 congaudeo.
3359 5321 3415 5376 Si
3451 5332 3635 5378 autem
3658 5340 3859 5396 perma-

2304 5417 2399 5457 nes
2426 5405 2479 5458 in
2507 5407 2771 5470 caecitate,
2797 5408 2902 5462 noli
2927 5409 3196 5481 indignari
3223 5416 3269 5467 si
3297 5418 3671 5484 convinceris;
3702 5419 3858 5473 dicito

2303 5493 2348 5548 si
2371 5497 2499 5565 quid
2524 5498 2722 5553 addidi.
2755 5499 2812 5554 Si
2843 5510 3019 5556 autem
3053 5505 3191 5572 apud
3234 5515 3287 5561 te
3323 5516 3449 5561 sunt
3481 5509 3702 5580 scripta
3733 5523 3856 5566 auro

2363 5635 2474 5710 (σᾷ)
2627 5638 2902 5710 aliquoties
2925 5653 3094 5697 autem
3121 5648 3173 5699 in
3196 5655 3369 5702 tauro.

2363 5707 2472 5775 κω)
2505 5706 2599 5760 iis.
2631 5706 2721 5764 sed
2751 5723 2929 5767 sum:
2951 5712 3146 5780 fabula
3171 5717 3224 5769 in
3246 5715 3420 5778 μοι-ει.
