4048 6322
126 379 288 439 “57

933 375 1021 431 DE
1057 373 1147 431 EO
1183 372 1375 441 QUOD
1412 369 1591 429 DEUS
1632 371 1867 428 PATER
1907 366 2423 426 lNCOBPORALlS
2460 367 2616 426 EST.

3288 349 3430 409 “58

123 507 209 553 et
244 505 467 567 argento
493 504 549 551 et
573 491 849 565 lapidibus
878 500 933 547 et
962 490 1264 561 parietibus
1299 498 1355 543 et
1379 489 1649 555 theatris;
1685 489 1729 544 si
1762 495 1809 553 Α
1836 502 1943 558 que
1973 496 2122 541 terra
2145 486 2370 558 iurgans
2398 490 2605 537 naturas
2634 482 2918 567 alacritate
2935 471 3197 567 iurgavit,
3223 472 3322 567 sed
3345 470 3429 524 les

125 606 252 663 ego
277 592 329 646 in
356 604 521 660 parva
544 587 676 643 hora
711 597 763 640 et
789 586 893 639 hoc
934 584 1126 654 pigens
1152 582 1366 651 loquor,
1391 588 1611 651 propter
1634 579 1735 633 mi-

129 682 480 738 serationem
539 689 719 734 autem
748 690 1067 732 commoneo
1098 692 1111 729 :
1145 675 1273 744 quia
1322 688 1443 744 quae
1496 672 1667 739 vides,
1701 688 1735 729 ο

136 779 337 840 homo,
369 784 423 828 et
456 772 631 827 oculis
688 780 744 826 et
794 783 957 825 sensu
1011 781 1121 822 non
1181 766 1436 831 intueris,
1498 766 1566 820 ad
1623 766 1737 820 haec

132 866 427 923 irasceris.
456 863 513 920 Si
547 863 632 919 dei
658 871 804 928 sunt,
834 860 1064 916 adulteri
1089 872 1198 913 non
1217 867 1377 924 sunt;
1411 858 1459 913 si
1482 857 1738 924 adulteri,

136 975 261 1021 non
304 964 431 1013 sunt
456 956 549 1012 dii.
566 955 623 1010 Si
652 963 833 1010 autem
857 953 1044 1008 volunt
1072 950 1275 1007 habere
1291 950 1567 1007 adulteros
1582 951 1736 1015 deos,

136 1064 256 1106 nos
284 1047 505 1121 quidem
542 1047 623 1102 eis
652 1061 758 1100 non
796 1042 1202 1121 maledicimus;
1236 1043 1345 1097 sint
1376 1050 1557 1097 autem
1592 1052 1653 1098 ut
1685 1043 1741 1098 hi

134 1140 247 1211 qui
270 1108 566 1195 adorantur
590 1138 809 1194 abillis.
854 1134 1069 1191 Primus
1095 1108 1308 1190 illorum
1339 1133 1483 1191 deus
1516 1151 1623 1192 non
1657 1144 1743 1191 est

132 1229 383 1285 utiatus
400 1229 644 1296 libidine,
670 1230 722 1283 in
750 1226 907 1295 cosio,
929 1234 990 1282 ut
1009 1226 1111 1297 ipsi
1135 1226 1321 1294 volunt
1342 1243 1483 1298 saepe
1506 1244 1628 1284 cum
1645 1243 1742 1285 sua

138 1321 385 1394 conjuge
410 1336 576 1394 agens
611 1338 626 1375 :
664 1321 837 1377 sicubi
862 1320 1007 1375 enim
1034 1334 1159 1375 cum
1206 1320 1309 1375 alia
1348 1321 1605 1386 inventus
1635 1330 1742 1389 est,

134 1416 341 1471 statim
367 1431 399 1469 a
425 1429 522 1469 sua
545 1413 696 1470 zelus
726 1428 987 1469 accensus
1016 1422 1101 1468 est
1127 1430 1143 1467 :
1169 1428 1278 1467 non
1300 1414 1445 1468 enim
1485 1413 1743 1469 credebat

142 1511 259 1567 deo
287 1511 386 1566 dea
426 1509 568 1564 male
587 1509 744 1565 deeo
771 1516 1044 1577 suspecta.
1078 1506 1134 1562 Si
1162 1509 1309 1563 enim
1344 1519 1401 1563 et
1441 1524 1472 1563 a
1497 1511 1745 1564 mortali-

138 1601 259 1656 bus
285 1616 345 1657 se
374 1616 479 1656 non
514 1598 852 1664 continebat,
904 1599 1178 1669 quomodo
1230 1600 1333 1654 iste
1366 1616 1395 1654 a
1432 1600 1747 1658 cmlestibus

143 1697 219 1744 ut
248 1690 437 1745 volunt
461 1687 731 1744 cessavit?
753 1686 858 1742 Sed
881 1686 1159 1741 concedite
1181 1687 1377 1756 lingua
1402 1706 1415 1741 :
1439 1703 1581 1741 nunc
1600 1688 1746 1742 enim

144 1800 351 1841 aurum
381 1791 465 1839 est
512 1782 566 1837 in
614 1782 766 1835 sinus
815 1780 1081 1848 virginum
1133 1779 1369 1849 liquens,
1426 1788 1487 1833 ut
1529 1778 1739 1833 furetur

1840 539 2392 633 commuttis‘Do'mini
2422 581 2507 627 est
2541 569 2715 640 posita
2742 566 2879 621 lines
2901 563 3116 627 aterni,
3145 573 3202 617 et
3223 539 3281 617 in
3307 572 3432 615 tan-

1840 672 1910 727 tis
1931 669 2144 726 saculis
2172 667 2372 736 digitus
2396 664 2612 719 additus
2634 675 2740 716 non
2770 668 2876 725 est,
2909 656 3232 713 ﬂuminibus
3262 652 3433 708 tantis

1838 770 1895 816 et
1924 758 2165 815 fontibus
2213 757 2267 811 in
2299 742 2467 811 maris
2510 751 2721 809 sinibus
2754 747 3186 805 incurrentibus.
3242 743 3437 800 Fiante

1839 860 2002 908 vento
2048 858 2346 922 pascuntur
2403 846 2625 901 flatibus
2676 856 2863 908 naves,
2909 838 2977 894 ad
3009 837 3209 893 coelum
3259 848 3437 905 usque

1845 943 2125 998 tolluntur.
2162 941 2231 996 Et
2258 939 2383 1011 quis
2406 949 2797 1006 nonnunquam
2822 930 3197 1003 pertransiens
3226 926 3435 989 timuit,

1843 1051 1914 1091 ne
1933 1046 1993 1090 ut
2022 1034 2285 1097 minatur,
2320 1032 2395 1086 ita
2418 1029 2648 1086 effusum
2678 1022 3107 1097 comprehendat
3126 1016 3438 1075 astantem?

1843 1127 2243 1195 Nonnunquam
2278 1124 2423 1181 enim
2453 1130 2521 1176 .et
2558 1117 2856 1175 declinavit
2882 1128 3054 1178 mare,
3085 1111 3233 1167 venit
3266 1107 3357 1163 ubi
3384 1107 3437 1162 ei

1844 1227 2107 1277 statutum
2141 1225 2247 1281 est,
2308 1214 2668 1288 iegislatorem
2718 1220 2776 1266 et
2823 1216 3149 1264 statutorem
3190 1202 3316 1258 finis
3363 1200 3438 1256 ti-

1845 1325 2033 1377 mens;
2061 1319 2115 1365 et
2138 1308 2394 1377 frangens
2423 1306 2619 1360 ﬂuctus
2639 1301 2709 1358 ad
2729 1301 2903 1367 littus,
2929 1297 3171 1356 ostendit
3195 1292 3442 1350 invisibi-

1847 1404 1959 1479 lem.
1981 1417 2076 1472 per
2102 1416 2166 1457 ea
2192 1416 2312 1471 qua:
2337 1399 2610 1454 videntur.
2641 1396 2751 1451 Ista
2783 1395 2942 1479 decet
2968 1391 3017 1445 ei
3046 1390 3443 1479 cithara..un

1852 1490 1909 1543 in
1932 1468 2515 1542 frontibus'hominum
2547 1476 2865 1535 harmonias
2893 1472 3176 1537 describit,
3220 1469 3311 1525 ubi
3341 1468 3441 1524 de-

1852 1577 2018 1634 beant
2046 1590 2168 1630 esse
2189 1573 2351 1639 oculi,
2383 1581 2439 1628 et
2468 1570 2597 1641 quid
2632 1568 2778 1625 circa
2810 1568 2993 1637 ipsos;
3029 1563 3117 1619 ubi
3150 1562 3360 1626 dentes,
3384 1564 3443 1614 et

1856 1668 2078 1740 quanti;
2126 1666 2215 1722 ubi
2246 1679 2434 1730 aures,
2479 1673 2533 1717 et
2568 1670 2701 1732 quot
2729 1667 2785 1716 et
2812 1659 2882 1731 ad
2908 1658 3075 1729 quid;
3108 1654 3197 1710 ubi
3233 1653 3440 1724 lingua,

1856 1773 1913 1817 et
1943 1762 2011 1816 ad
2038 1760 2200 1831 quid;
2233 1757 2356 1828 quis
2386 1771 2515 1811 usus
2541 1761 2625 1809 est
2658 1750 2939 1807 oculorum
2966 1765 2981 1815 ;
3015 1747 3104 1802 ubi
3134 1760 3364 1817 ungues,
3387 1757 3445 1801 et

144 1838 277 1948 eius
298 1874 666 1944 virginitatem
706 1893 719 1927 :
751 1838 1096 1925 fortevautem
1134 1838 1209 1924 et'
1223 1838 1367 1925 bene
1396 1866 1648 1938 liquescit
1674 1868 1744 1922 li-
1776 1843 1821 1899 Β
1848 1855 1916 1948 Id_
1951 1864 2215 1924 quantum
2239 1868 2262 1948 ἱ.
2289 1850 2377 1948 ilbi
2404 1847 2607 1947 Capilli.
2636 1854 2693 1901 θῑ
2713 1844 2801 1899 “bi
2824 1856 2928 1948 ηρξὶ
2955 1839 3131 1948 (lapilli
3156 1856 3172 1903 ἱ
3201 1838 3330 1908 (ιυίά

144 1966 285 2024 bido
316 1964 692 2033 dissoluta,-si
728 1972 914 2019 taurus
957 1964 1091 2018 deus
1125 1961 1363 2027 illorum,
1396 1961 1489 2033 qui
1523 1976 1629 2016 non
1655 1969 1740 2017 est

146 2058 244 2114 dei
266 2058 572 2130 progenies,
600 2054 796 2111 fabula
840 2070 905 2109 es
938 2054 1100 2109 corde
1150 2054 1462 2123 ﬁgmentum
1510 2052 1739 2106 mendax

150 2158 353 2203 natura
383 2157 571 2201 taurus
593 2154 712 2211 est;
738 2154 795 2200 et
843 2143 970 2214 quid
1002 2154 1160 2211 putas
1189 2144 1273 2199 vir
1311 2153 1366 2198 et
1396 2152 1587 2197 taurus
1616 2141 1740 2213 por-'-

148 2248 284 2295 tans
308 2238 568 2309 virginem
598 2236 838 2291 libidinis
862 2250 1073 2298 servus,
1102 2234 1557 2303 concupiscentiae
1584 2234 1741 2287 mini-

149 2337 295 2397 ster,
347 2332 399 2385 in
433 2329 574 2385 collo
626 2329 777 2397 virgo
832 2341 957 2382 cum
1016 2326 1239 2380 libidine
1283 2324 1739 2392 dominaiQuam

151 2424 305 2479 enim
334 2422 558 2489 ﬁguram
612 2419 942 2482 intermisit,
1000 2422 1215 2487 quando
1264 2418 1469 2487 quievit
1522 2433 1592 2473 ne
1642 2419 1744 2473 im-

152 2521 465 2567 molaretur
502 2524 726 2582 cygnus,
757 2518 967 2571 taurus,
998 2507 1200 2577 aquila,
1229 2507 1458 2560 aurum?
1491 2516 1585 2560 aut
1612 2522 1743 2561 con-

155 2600 341 2655 tinens
379 2599 554 2654 factus
579 2608 663 2654 est
708 2596 890 2652 nunc?
924 2595 1105 2651 Multis
1130 2598 1274 2649 enim
1301 2594 1413 2663 jam
1450 2596 1608 2650 annis
1638 2611 1742 2650 non

152 2700 246 2746 est
274 2689 449 2745 factus
470 2687 671 2759 aquila,
698 2696 753 2743 et
773 2696 922 2743 certe
961 2701 1065 2741 non
1092 2685 1249 2756 pauci
1278 2684 1370 2739 lilii
1397 2696 1448 2740 et
1476 2686 1600 2741 boni
1630 2686 1743 2739 nati

155 2790 293 2839 sunt
324 2784 375 2836 in
411 2783 649 2836 deserto.
683 2778 847 2834 Putas
878 2778 1059 2833 senuit
1083 2785 1138 2832 et
1163 2776 1596 2845 concupiscentia
1628 2792 1745 2832 ces-

154 2873 323 2939 savit,
350 2881 443 2926 aut
474 2872 844 2942 pmnitentiam
871 2869 1109 2924 libidinis
1146 2867 1357 2932 habuit,
1383 2876 1456 2942 _et
1506 2884 1648 2923 nunc
1686 2884 1745 2924 se

156 2965 275 3035 jam
300 2940 576 3020 continet?
597 2962 717 3018 Jam
743 2962 887 3017 enim
918 2976 1025 3017 non
1056 2960 1197 3031 rapit
1221 2940 1471 3030 puerum.
1504 2959 1746 3015 Confun-

156 3058 267 3114 dor
303 3067 359 3112 et
390 3057 569 3111 dicere
602 3055 703 3111 sub
731 3069 835 3125 qua
864 3054 1149 3109 occasione
1184 3067 1289 3106 non
1319 3052 1610 3107 suﬂ'ecerat
1657 3070 1745 3108 so-

160 3165 259 3205 ror
280 3149 499 3220 cqujux,
540 3148 909 3217 cooperatrix,
942 3161 1008 3201 ex
1052 3161 1159 3215 qua
1192 3148 1302 3200 nati
1336 3155 1461 3199 sunt
1498 3146 1741 3214 plurimi,

1848 1944 2138 2006 trinsecus,
2175 1940 2303 2010 quid
2336 1938 2733 2005 constringere,
2784 1931 2912 2002 quid
2964 1928 3263 2010 involvere.
3308 1928 3439 1999 quid

1846 2035 2049 2098 velare,
2076 2008 2433 2103 quidjacere,
2474 2037 2529 2082 et
2556 2028 2620 2081 ad
2651 2025 2781 2096 quid
2814 2022 2979 2089 utile;
3011 2008 3134 2091 quis
3163 2019 3445 2091 suscipere

1847 2139 2005 2179 escas
2040 2135 2095 2179 et
2124 2121 2401 2185 dividere;
2431 2125 2661 2187 quantas
2688 2126 2972 2168 mensuras
3008 2111 3205 2166 debeat
3240 2111 3445 2164 habere

1849 2218 2023 2280 cibus,
2054 2223 2108 2269 et
2130 2221 2391 2283 quantum
2423 2210 2571 2264 intus
2593 2208 2785 2263 debeat
2815 2217 3161 2274 permanere,
3188 2210 3241 2256 et
3267 2214 3447 2271 quan-

1850 2308 1919 2361 do
1949 2305 2143 2361 debeat
2172 2315 2426 2372 purgare,
2452 2309 2507 2353 et
2549 2298 2594 2352 si
2625 2294 2911 2351 transierit
2962 2294 3175 2357 horam,
3206 2290 3448 2346 ostendit

1853 2410 2078 2451 nosam.
2132 2392 2241 2447 ista
2297 2392 2413 2462 lyra
2465 2389 2622 2444 decet
2674 2386 2785 2441 Deo
2841 2383 3142 2453 composita
3198 2379 3449 2436 melodiis

1852 2484 2219 2539 membrorum
2250 2496 2263 2531 :
2296 2480 2459 2534 habet
2482 2477 2628 2533 enim
2650 2489 2847 2530 nervos
2873 2482 2927 2529 et
2952 2474 3148 2528 cordas
3172 2472 3227 2527 in
3248 2471 3447 2541 quibus

1850 2588 1908 2633 et
1934 2591 1998 2631 os
2028 2577 2095 2630 ad
2130 2588 2314 2629 essum
2340 2580 2450 2635 est,
2481 2578 2536 2624 et
2563 2569 2775 2624 viscera
2817 2567 2885 2621 ad
2914 2565 3147 2628 viscera,
3194 2574 3249 2619 et
3281 2577 3448 2629 mem-

1852 2672 1948 2727 bra
1986 2669 2055 2723 ad
2085 2667 2355 2732 membra,
2386 2679 2482 2733 per
2510 2676 2630 2733 qua:
2665 2661 3012 2731 deponuntur
3048 2668 3103 2714 et
3125 2657 3449 2728 aperiuntur

1853 2777 2046 2818 manus
2076 2780 2090 2815 :
2129 2774 2225 2831 per
2262 2774 2383 2829 quae
2420 2756 2735 2818 flectuntur,
2777 2762 2834 2807 et
2868 2753 3066 2806 iterum
3096 2752 3327 2805 redeunt
3353 2764 3449 2819 pe-

1852 2855 1980 2918 des;
2008 2853 2338 2907 clauduntur
2364 2848 2509 2905 oculi
2538 2848 2605 2901 ad
2641 2845 3017 2908 refectionem,
3044 2854 3101 2899 et
3135 2845 3331 2899 iterum
3362 2854 3449 2896 re-

1852 2954 2114 3001 vocantur
2140 2944 2206 2998 ad
2224 2958 2380 3014 opus.
2415 2942 2482 2996 Et
2510 2942 2632 3011 quis
2656 2939 2857 3010 poterit
2888 2937 3241 2993 dinumerare
3269 2949 3447 3006 quan-

1854 3046 1923 3090 ιω
1948 3033 2249 3091 istiusmodi
2277 3046 2494 3102 semper
2518 3028 2896 3099 percutiuntur
2931 3027 3085 3098 lyra,
3122 3042 3231 3082 non
3262 3026 3315 3081 in
3338 3040 3450 3081 uno

1856 3136 2065 3183 tantum
2098 3125 2341 3188 homine,
2383 3136 2485 3177 nec
2516 3122 2568 3175 in
2600 3120 2913 3175 hominibus
2951 3114 3103 3184 solis,
3150 3118 3252 3196 sed.
3288 3126 3343 3172 et
3391 3119 3447 3171 in

158 3242 260 3297 sed
288 3241 399 3311 jam
431 3254 574 3295 nunc
604 3256 711 3293 non
744 3246 1063 3293 nascuntur.
1089 3235 1388 3292 Consenuit
1413 3213 1593 3291 autem
1617 3252 1743 3291 con-

1852 3221 1996 3276 omni
2029 3216 2293 3271 animali?
2322 3213 2575 3269 omnibus
2607 3213 2754 3267 enim
2785 3225 3073 3274 mensurae,
3100 3218 3309 3277 alatos,
3340 3223 3454 3263 ma-

154 3333 392 3403 jngium,
421 3346 519 3385 cur
540 3329 653 3398 jam
679 3345 783 3383 non
818 3326 1075 3395 pariunt?
1103 3327 1211 3382 Sed
1255 3341 1361 3381 non
1398 3325 1613 3381 suffecit
1634 3327 1747 3391 illa,

160 3424 300 3479 abiit
326 3424 393 3477 ad
424 3420 679 3477 mortales
713 3440 725 3475 :
758 3418 970 3475 sull'ecit
1000 3434 1103 3473 non
1130 3418 1367 3474 secunda
1412 3418 1600 3473 eodem
1637 3432 1751 3472 mo-

166 3530 264 3581 re;
297 3511 626 3567 multiforme
655 3514 801 3566 enim
854 3519 939 3565 est
990 3507 1213 3563 malum.
1263 3507 1379 3561 Non
1430 3507 1752 3561 suﬂ'ecerant

162 3604 424 3659 mortales
456 3617 470 3654 :
500 3601 567 3655 ad
597 3602 867 3656 masculos
889 3599 1157 3653 convertit
1189 3598 1485 3653 libidinem.
1511 3597 1748 3665 Opoeta,

160 3708 305 3765 quos
336 3691 708 3748 irridebimus?
736 3691 905 3761 magis
932 3700 1111 3743 autem
1137 3704 1275 3759 quos
1302 3688 1752 3744 lamentabimus?

158 3802 261 3843 eos
318 3785 409 3856 qui
440 3784 797 3853 scripserunt,
826 3792 918 3835 aut
944 3796 1039 3836 eos
1078 3782 1167 3850 qui
1205 3796 1349 3834 nunc
1378 3794 1551 3849 usque
1602 3780 1752 3834 illum

162 3878 259 3950 qui
305 3878 359 3932 in
399 3877 615 3932 dextera
654 3883 833 3944 portat
869 3873 1127 3942 aquilam,
1160 3872 1446 3925 adorantes
1486 3883 1539 3925 et
1582 3870 1757 3938 respi-

163 3971 396 4034 cientes,
426 3978 518 4023 aut
543 3967 785 4023 colentes
815 3965 974 4020 sunt?
998 3962 1105 4019 Sed
1136 3972 1292 4032 putas
1324 3964 1450 4033 quia
1480 3964 1581 4017 iste
1607 3963 1753 4017 solus

164 4062 373 4118 exstitit
396 4060 563 4115 talis?
591 4072 769 4113 nonne
790 4067 847 4111 et
875 4056 1161 4111 citharista
1201 4057 1289 4110 ille
1313 4053 1614 4109 honestus?
1646 4054 1752 4123 pri-

166 4168 259 4208 mo
290 4153 509 4222 quidem
540 4166 637 4205 cur
665 4148 974 4204 citharistas
1002 4148 1133 4201 deos
1160 4159 1449 4217 ponamus,
1480 4144 1605 4214 quia
1651 4144 1752 4197 ista

165 4244 323 4299 decet
354 4242 633 4297 harmonia
665 4239 904 4296 decora?
943 4240 1045 4293 ista
1093 4222 1237 4293 enim
1276 4247 1359 4292 est
1408 4237 1500 4291 illa
1544 4237 1597 4291 in
1644 4250 1750 4307 qua

165 4335 437 4406 Olympias
464 4350 477 4387 :
506 4332 787 4387 harmonia
812 4340 991 4385 autem
1019 4330 1104 4383 illa
1135 4338 1219 4382 est
1246 4343 1389 4391 vera,
1424 4329 1478 4382 in
1509 4342 1614 4397 qua
1645 4341 1753 4382 cm-

166 4428 283 4483 lum
322 4434 426 4490 est,
468 4434 523 4480 et
558 4432 702 4479 terra
737 4432 820 4502 est
852 4423 1047 4491 posita,
1092 4435 1243 4475 mare
1276 4421 1508 4490 adiacet,
1558 4428 1614 4474 et
1660 4433 1756 4474 aer

166 4528 256 4576 est
281 4517 639 4589 compositus,
667 4526 722 4571 et
760 4515 1062 4586 percutitur
1101 4514 1412 4570 consensio.
1461 4512 1579 4567 Non
1606 4512 1751 4568 enim

168 4609 323 4683 pellit
350 4624 502 4664 mare
533 4618 733 4663 terram
780 4614 1003 4676 propter
1035 4604 1377 4659 harmoniam
1424 4621 1437 4655 :
1484 4618 1593 4673 non
1642 4618 1751 4659 nox

170 4707 280 4762 diei
310 4704 437 4760 facit
457 4705 583 4768 vim,
608 4718 715 4758 non
741 4700 1059 4771 permittunt
1078 4701 1222 4753 enim
1254 4697 1398 4753 illius
1430 4698 1749 4752 harmoniae.

173 4799 385 4863 Dicitis,
412 4797 605 4851 celum
628 4794 893 4849 consentit
917 4793 1002 4847 his
1021 4785 1140 4861 qua
1156 4792 1407 4846 deorsum
1438 4800 1584 4847 sunt.
1612 4790 1755 4844 Tan-

174 4902 289 4946 tum
321 4888 463 4944 enim
491 4885 717 4955 prabuit
747 4884 799 4938 in
825 4897 890 4938 eo
922 4882 1000 4938 sol
1032 4882 1261 4951 positus,
1305 4889 1569 4949 quantum
1608 4888 1755 4934 esset

174 4981 309 5037 utile
330 4980 541 5049 parari;
567 4987 623 5031 et
650 4984 855 5029 tantum
886 4974 1151 5039 accendit,
1178 4982 1441 5042 quantum
1469 4980 1587 5027 erat
1620 4987 1752 5026 con-

175 5074 439 5135 veniens;
470 5080 525 5126 et
553 5070 728 5139 pergit
758 5076 815 5121 et
846 5065 1005 5129 redit,
1052 5074 1111 5119 ut
1140 5078 1317 5134 neque
1351 5064 1637 5118 abundans
1667 5064 1754 5117 in-

176 5164 430 5220 cendium
449 5168 700 5216 exureret
731 5157 948 5224 omnia;
980 5170 1151 5224 neque
1181 5158 1374 5210 iterum
1399 5154 1445 5209 si
1474 5164 1757 5210 transcen-

179 5257 352 5318 deret,
392 5250 590 5322 frigore
628 5249 868 5319 perirent
911 5245 1186 5301 universa.
1222 5245 1327 5301 Sed
1352 5255 1408 5301 et
1438 5259 1759 5300 communes

184 5342 480 5398 harmonia:
511 5350 567 5396 et
591 5339 837 5410 partibus
866 5337 1074 5401 divisas,
1104 5337 1245 5392 sicut
1271 5335 1419 5391 brevi
1450 5336 1619 5389 silura
1645 5349 1759 5389 ma-

181 5434 297 5504 iora
343 5433 578 5497 cuidam,
627 5431 746 5485 alia:
793 5428 941 5485 siluri
973 5442 1174 5483 canore
1203 5425 1571 5481 consentiens.
1613 5423 1761 5479 istud

186 5538 336 5581 mare
363 5538 618 5595 mgnum
663 5531 719 5578 et
774 5522 1092 5590 spatiosum,
1134 5519 1285 5588 cujus
1326 5514 1519 5569 fluctus
1554 5514 1758 5569 caelum

185 5616 420 5686 pulsant,
461 5625 623 5671 terra
650 5613 910 5668 terminos
937 5622 1045 5664 non
1075 5607 1484 5663 transcendunt.
1526 5602 1633 5666 Sed
1668 5616 1757 5657 ne-

188 5835 239 5893 p‘
258 5752 368 5825 (65)
399 5751 495 5811 Ms.
527 5749 757 5805 Orontis.
790 5745 899 5802 Vox
925 5744 1109 5803 Greca
1136 5744 1383 5818 οὐρανός,
1408 5742 1599 5799 Latine
1624 5740 1757 5796 scri~

243 5844 296 5879 {lo

243 5844 296 5879 {lo

1854 3307 2184 3378 gnitudines,
2233 3305 2503 3369 dentium,
2541 3316 2830 3367 cornuum,
2877 3297 3206 3369 quibusdam
3251 3308 3449 3354 etnon

1854 3408 1980 3455 sunt
2007 3410 2229 3452 cornua.
2264 3394 2399 3449 Aliis
2448 3392 2546 3462 pili
2583 3401 2735 3457 sunt,
2777 3398 2832 3446 et
2887 3388 3188 3457 cuiusmodi
3242 3385 3448 3457 capilli,

1856 3506 2063 3561 ungues
2096 3501 2149 3544 et
2180 3485 2486 3558 cuiusmodi
2527 3500 2760 3555 ungues,
2805 3466 2998 3553 penna
3028 3491 3083 3537 et
3112 3482 3309 3537 iterum
3342 3495 3451 3535 non

1862 3599 2073 3655 penum.
2106 3594 2162 3637 et
2200 3583 2253 3636 in
2288 3580 2465 3649 aquis,
2486 3586 2543 3633 et
2568 3578 2622 3633 iu
2656 3592 2802 3643 aere,
2830 3587 2885 3631 et
2914 3578 2967 3629 in
3006 3575 3168 3639 mari,
3191 3584 3245 3628 et
3270 3574 3321 3627 in
3351 3574 3453 3628 llu-

1856 3676 1987 3739 viis,
2040 3682 2093 3727 et
2131 3672 2183 3727 in
2224 3662 2488 3733 fontibus,
2544 3677 2599 3723 et
2635 3666 3052 3721 innumerabilia
3102 3680 3223 3734 quin
3256 3677 3453 3719 exsur-

1855 3773 2006 3843 gunt,
2039 3778 2144 3818 una
2174 3772 2355 3815 tamen
2383 3767 2467 3814 est
2495 3757 2797 3811 harmonia.
2820 3754 2957 3810 Cum
2988 3754 3135 3808 enim
3172 3768 3329 3809 suam
3357 3767 3453 3809 ac-

1855 3857 2099 3912 cenderit
2133 3856 2435 3917 lucernam,
2482 3866 2606 3905 cum
2656 3865 2812 3904 suum
2842 3848 3049 3903 scilicet
3092 3846 3299 3905 oraviis
3330 3844 3453 3920 (OB)

1856 3950 2018 4003 fuerit
2052 3948 2248 4013 solem,
2282 3961 2404 4001 cum
2435 3960 2464 3997 a
2496 3944 2691 3999 finibus
2715 3942 2945 3997 orientis
2972 3940 3134 3996 simul
3181 3940 3251 3995 ad
3290 3953 3443 3997 oeca-

1857 4055 1977 4094 sum
2028 4038 2394 4094 transmiserit
2442 4036 2661 4103 lumen;
2722 4048 2884 4089 omne
2931 4043 3180 4089 movetur
3223 4031 3450 4100 animal,

1856 4130 2277 4199 unumquodque
2319 4128 2383 4182 ad
2414 4128 2557 4198 quod
2587 4126 2637 4181 ei
2666 4135 2859 4180 natura
2886 4133 2993 4179 est.
3027 4124 3094 4178 Et
3118 4138 3299 4179 mensa
3327 4125 3451 4195 qui-

1858 4220 1977 4273 dem
2009 4218 2313 4272 communis
2342 4229 2424 4271 est
2454 4217 2633 4285 plena,
2678 4224 2732 4268 et
2770 4213 2915 4267 aliud
2944 4210 3146 4265 animal
3185 4210 3252 4265 ad
3285 4210 3453 4265 aliam

1856 4319 2110 4381 properat
2136 4324 2338 4371 escam,
2365 4307 2509 4363 aliud
2540 4307 2670 4362 alibi
2697 4306 2935 4368 devitat;
2965 4314 3019 4359 et
3046 4317 3169 4372 qua
3196 4301 3305 4357 illis
3342 4302 3453 4356 uti-

1858 4403 1928 4458 lia
1966 4418 2071 4457 non
2094 4410 2241 4467 sunt,
2281 4400 2402 4456 aliis
2459 4396 2839 4455 convenientia
2895 4395 3186 4450 habentur.
3232 4390 3455 4447 Eiciuut

1858 4494 1971 4566 (66)
1994 4492 2385 4550 irrationabilia
2426 4508 2525 4562 per
2569 4488 2871 4547 istiusmodi
2904 4486 3245 4542 harmoniam
3281 4484 3455 4540 addu-

1784 4563 1828 4618 θ
1858 4563 1967 4657 cta,
2007 4590 2132 4660 quis
2166 4588 2282 4660 (67)
2311 4588 2506 4643 debeat
2534 4592 2776 4655 gustare,
2804 4592 3005 4650 etquae
3038 4577 3231 4633 debeat
3254 4576 3446 4641 vitare,

1858 4696 1913 4742 et
1942 4700 2065 4739 cum
2106 4683 2300 4752 quibus
2329 4676 2666 4733 conversari.
2695 4673 2803 4728 ista
2835 4671 3037 4727 decens
3080 4670 3191 4726 Deo
3236 4670 3454 4724 harmo~

1861 4787 1951 4841 nia
1980 4793 2087 4845 est,
2116 4795 2211 4851 per
2237 4793 2399 4849 quam
2429 4775 2512 4831 sol
2545 4782 2781 4829 statutus
2805 4772 2873 4825 ad
2904 4783 3123 4825 cursum
3152 4775 3260 4833 est,
3288 4775 3343 4821 et
3366 4764 3454 4821 lu-

1863 4893 1933 4932 na
1969 4877 2036 4930 ad
2060 4871 2437 4932 crescendum,
2464 4878 2521 4924 et
2545 4866 2717 4921 stellis
2746 4868 2813 4918 ad
2836 4863 3036 4932 spatia.
3073 4858 3237 4915 Istam
3260 4873 3455 4927 percu-

1862 4974 1928 5023 tit
1960 4982 2057 5037 per
2078 4966 2193 5020 dies
2221 4972 2275 5017 et
2304 4972 2508 5021 noctes,
2540 4954 2810 5027 siquidem
2836 4962 2892 5008 et
2916 4950 3249 5005 dormientes
3270 4958 3453 5019 auget,

1860 5067 1918 5112 et
1960 5031 2329 5111 efﬁcientibus
2363 5050 2572 5104 otiosus
2626 5060 2732 5101 non
2776 5051 2883 5099 est.
2938 5041 3006 5096 Et
3050 5041 3194 5096 Deus
3232 5031 3453 5110 quidem

1861 5149 2021 5203 istam
2047 5146 2163 5202 sine
2188 5144 2371 5213 digitis
2392 5149 2447 5196 et
2469 5139 2658 5195 labore
2687 5134 2924 5210 percutit
2948 5132 3289 5188 harmoniam
3317 5150 3331 5187 :
3359 5130 3453 5188 ills

1862 5249 2041 5294 autem
2092 5237 2183 5307 qui
2212 5236 2370 5290 fictus
2402 5241 2592 5288 etnon
2626 5230 2762 5285 deus
2785 5236 2891 5293 est,
2922 5225 3121 5296 accipit
3143 5225 3452 5297 .virginem.

1862 5328 1908 5385 Ο
1938 5326 2220 5397 iniuriam!
2258 5324 2423 5393 Virgo
2448 5324 2519 5377 ob
2550 5319 2866 5393 pudicitiam
2894 5316 3032 5387 fugit
3060 5327 3077 5370 :
3106 5316 3237 5371 deus
3268 5325 3453 5369 autem

1864 5420 1956 5490 qui
1986 5419 2207 5481 dicitur,
2240 5416 2311 5471 ob
2336 5427 2580 5470 amorem
2620 5411 2857 5468 libidinis
2887 5407 3215 5478 insequitur,
3256 5414 3311 5460 et
3344 5420 3451 5460 non

1867 5511 2296 5581 comprehendit.
2330 5506 2640 5563 Velociores
2666 5505 2814 5561 enim
2852 5500 3017 5571 pedes
3047 5497 3201 5554 fuere
3225 5498 3456 5568 virginis

1871 5600 2145 5672 pudicitiae
2187 5613 2282 5667 per
2310 5596 2667 5660 voluntatem,
2695 5607 2859 5664 quam
2896 5589 2988 5647 ille
3027 5589 3118 5661 qui
3154 5602 3184 5643 a
3232 5586 3457 5645 libidine

1940 5736 2053 5810 (ϐξ)
2089 5735 2319 5810 ιζὶεῇωιὲ
2348 5734 2528 5795 Forte,
2547 5741 2594 5786 et
2616 5730 2808 5810 sciunt.

1940 5798 2054 5882 (d7)
2086 5804 2241 5875 Quis.
2278 5804 2440 5864 Forte
2466 5820 2605 5876 qua,
2636 5800 2719 5858 vel
2742 5798 2890 5872 quid.
