4048 6322
660 379 794 434 “59
1333 370 1596 426 EL‘SEBII
1635 368 2107 426 CJESARIENSIS
2147 366 2295 420 OPP.
2333 364 2509 419 PARS
2547 365 2723 419 lV.-—
2753 363 3170 420 DOGMATICA.
3767 365 3900 418 ΗΕῖῦ

656 497 945 552 dissolutus
972 505 1072 549 est.
1142 495 1239 560 Qui
1267 495 1500 546 ambulat
1535 495 1757 552 sensim,
1786 492 1874 560 qui
1907 505 2096 558 passus
2124 503 2211 543 se-
2249 502 2289 555 Α
2326 487 2732 542 fornicationem
2772 485 2881 556 (68)
2913 487 3209 538 insecutam
3242 485 3484 554 quidem,
3518 500 3626 539 non
3653 498 3898 554 compre-

651 588 845 656 jungit,
887 590 987 642 iste
1023 600 1162 639 nunc
1194 586 1452 640 festinans
1485 601 1587 640 non
1621 584 2025 650 comprehendit
2056 581 2217 650 virgi-
2327 579 2547 632 hensam
2570 588 2772 636 autem,
2801 579 2974 629 adhuc
3008 590 3176 643 usque
3204 575 3588 638 accusabiletn,
3611 585 3670 629 et
3698 575 3902 644 lingunt

655 693 776 732 nem
807 693 820 730 :
849 677 1009 744 pedes
1039 675 1182 729 enim
1224 689 1253 728 a
1310 675 1530 728 libidine
1579 673 1842 733 dissoluti,
1878 688 1975 726 nec
2035 673 2220 728 molles

654 768 878 836 virginis
910 782 1101 834 passus
1138 765 1596 834 comprehendere
1644 772 1954 834 potuerunt,
1987 763 2080 816 sed
2123 777 2216 830 pa-

653 876 772 913 rum
824 860 950 928 quid
994 869 1046 912 et
1093 861 1336 927 pervenit
1364 877 1378 912 :
1411 858 1530 912 talis
1569 872 1754 910 eorum
1795 857 1948 919 deus,
1991 867 2044 910 et
2086 860 2220 912 bene

656 951 1114 1014 comprehenderis
1151 959 1235 1004 est
1280 950 1528 1004 columba
1572 952 1640 1005 ab
1681 950 1938 1018 accipitre
1967 950 2214 1003 musico:

655 1041 748 1097 sed
784 1052 947 1103 terra,
973 1041 1167 1110 inquit,
1201 1042 1442 1106 miserta,
1475 1041 1757 1096 humanior
1787 1042 1877 1095 tali
1905 1055 2091 1095 eorum
2120 1043 2221 1097 deo

655 1136 793 1199 visa,
826 1133 1102 1188 transtulit
1123 1148 1242 1186 eam
1282 1132 1347 1186 ad
1379 1132 1608 1186 laurum.
1642 1131 1708 1186 Et
1731 1131 1871 1185 forte
1898 1131 2087 1184 maluit
2116 1132 2222 1184 vir-

652 1243 721 1294 go
753 1227 955 1297 lignum
994 1227 1132 1290 lleri,
1169 1241 1328 1299 quam
1368 1242 1397 1280 a
1445 1227 1538 1281 tali
1568 1241 1757 1282 eorum
1787 1225 1886 1280 deo
1923 1227 2219 1293 corrumpi.

654 1319 746 1372 ille
774 1328 957 1373 autem
988 1320 1080 1388 qui
1113 1327 1304 1387 prater
1337 1332 1486 1386 spem
1515 1334 1543 1370 a
1579 1317 1673 1371 tali
1701 1318 1984 1371 venatione
2014 1317 2223 1372 decide-

655 1419 760 1473 rat,
787 1409 973 1464 videns
1008 1409 1266 1479 virginem
1295 1408 1350 1462 in
1381 1409 1629 1463 arborem
1656 1421 1999 1472 conversam,
2051 1422 2223 1475 neque

653 1503 1005 1556 conversione
1055 1501 1312 1556 confusus
1350 1509 1452 1564 est,
1507 1515 1681 1569 neque
1715 1501 1973 1554 translata
2027 1514 2223 1555 natura

655 1591 924 1643 transtulit
953 1601 1000 1645 et
1029 1606 1265 1646 amorem
1298 1609 1311 1645 :
1339 1593 1432 1645 sed
1457 1590 1630 1646 adhuc
1661 1591 1872 1645 fervens
1894 1607 2097 1656 amore,
2127 1594 2223 1646 ad-

654 1680 760 1734 ltuc
784 1682 976 1734 ardens
1003 1682 1466 1750 concupiscentia,
1495 1683 1838 1751 amplectitur
1863 1685 2134 1747 arborem,
2171 1694 2224 1739 et

653 1771 892 1841 decerpit
925 1786 990 1824 ex
1027 1772 1112 1825 illa
1141 1788 1260 1841 quae
1309 1774 1421 1844 jam
1471 1789 1575 1828 non
1617 1785 1737 1829 erat
1767 1778 1940 1846 virgo,
1989 1777 2132 1839 folia,
2167 1785 2222 1830 et

2326 672 2378 725 in
2410 669 2734 731 simulacris,
2793 679 2848 722 et
2894 670 3122 738 pingunt
3167 669 3218 720 in
3267 669 3589 738 parietibus.
3637 666 3748 722 Sed
3779 669 3902 736 quid

2325 761 2453 815 milii
2479 770 2534 814 et
2561 761 2677 814 istis
2703 761 2820 815 est?
2847 761 3441 832 Revertere,lingua,et
3461 760 3590 814 audi
3609 762 3901 830 psalmum,

2323 870 2356 909 ο
2383 855 2560 908 anima
2583 873 2596 908 :
2616 853 2941 920 Convertere,
2959 855 3137 908 animo
3166 854 3389 917 mea,ad
3415 855 3642 920 quietem
3673 862 3822 904 tum
3840 850 3905 902 ⁸³.

2323 946 2462 1014 Quid
2513 947 2644 1001 mihi
2681 957 2764 1000 est
2791 962 2886 1002 eos
2924 947 3014 1015 qui
3047 946 3179 1002 foris
3209 954 3337 1001 sunt
3369 945 3662 1013 judicare?
3702 943 3908 999 Sumen

2323 1040 2402 1096 eis
2435 1040 2558 1110 quia
2591 1040 2643 1094 in
2676 1039 2760 1094 bis
2787 1040 3121 1095 volutantur.
3162 1037 3386 1097 Cessent
3423 1039 3489 1095 de
3531 1040 3771 1112 Opificiis
3804 1054 3905 1093 non

2327 1132 2462 1186 bene
2527 1131 2764 1193 sentire;
2821 1129 3065 1187 fruentes
3120 1132 3263 1186 enim
3321 1131 3572 1198 opificia,
3633 1131 3782 1186 male
3846 1133 3908 1185 de

2322 1221 2556 1293 opificiis
2621 1222 2884 1286 sentiunt,
2933 1231 2989 1278 et
3020 1223 3257 1291 ipsorum
3314 1223 3629 1278 Creatorem
3690 1224 3906 1293 injuriis

2330 1324 2537 1384 petunt.
2597 1313 2720 1368 Sint
2778 1324 2836 1368 ut
2893 1315 3099 1379 volunt,
3154 1324 3210 1370 et
3265 1325 3411 1371 certe
3475 1316 3601 1371 nolo
3665 1330 3908 1372 eosesse

2323 1414 2383 1460 ut
2443 1406 2651 1460 volunt.
2687 1405 2881 1460 Noster
2941 1418 3121 1463 autem
3175 1421 3355 1462 sermo
3413 1408 3584 1478 fugiat
3637 1416 3903 1479 quantum

2329 1505 2505 1566 potest
2554 1495 2765 1550 illorum
2817 1495 3065 1562 fetorem,
3108 1500 3232 1567 quia
3279 1500 3420 1569 apud
3469 1501 3616 1568 ipsos
3663 1509 3800 1555 sunt
3849 1501 3908 1553 ι-

2323 1598 2563 1656 gmenta,
2596 1589 2808 1653 fabulae,
2834 1589 3145 1654 simulacra,
3171 1591 3458 1655 adulteria,
3487 1592 3902 1656 fornicationes,

2323 1681 2561 1751 sanguis,
2592 1681 2817 1750 lapides.
2853 1680 3024 1753 ligna,
3058 1682 3348 1749 damones,
3383 1685 3686 1748 nuditates,
3734 1686 3904 1753 turpi-

2327 1773 2556 1835 tudines,
2585 1771 2811 1827 dicenda
2853 1783 2908 1827 et
2960 1788 3064 1827 non
3127 1773 3349 1831 dicenda
3396 1774 3637 1830 occulta.
3673 1772 3905 1846 Fugiens

654 1858 932 1913 confessus
961 1861 1246 1915 victoriam
1280 1865 1479 1918 victum
1512 1880 1664 1920 suum
1689 1876 1913 1921 coronat
1939 1881 2116 1936 caput,
2153 1869 2211 1923 ti-
2253 1879 2298 1939 Β
2326 1870 2504 1916 autem
2558 1860 2704 1927 inde.
2748 1871 2874 1934 agat
2918 1864 3124 1934 gratias
3173 1865 3246 1932 ei,
3293 1865 3384 1935 qui
3430 1879 3491 1920 se
3537 1864 3800 1920 liberam
3841 1869 3905 1918 ab

657 1951 822 2002 tulum
870 1960 1056 2018 utpote
1113 1953 1166 2007 in
1223 1968 1419 2009 corona
1467 1955 1672 2011 libidini
1713 1972 1826 2012 suae
1863 1963 2219 2016 constituens.

655 2036 762 2092 Sed
791 2038 929 2094 forte
957 2043 1198 2111 quadam
1235 2056 1389 2113 poeta
1417 2046 1594 2101 facilis
1632 2058 1686 2102 et
1720 2049 2112 2106 inconsiderate
2145 2052 2223 2107 lo-

653 2148 826 2201 quens
871 2138 1130 2192 mentitus
1167 2138 1231 2194 de
1247 2139 1348 2192 diis
1374 2150 1455 2195 est
1471 2139 1618 2207 talia,
1640 2151 1811 2196 etnon
1837 2153 1922 2198 est
1951 2145 2223 2200 insecutus

657 2225 913 2293 virginem
939 2228 1237 2285 citharista.
1265 2228 1404 2297 Quid
1433 2230 1608 2288 adhuc
1637 2247 1807 2301 usque
1839 2236 1888 2287 in
1913 2235 2218 2296 simulacris

653 2329 716 2366 es
759 2317 856 2367 ista
892 2318 1081 2371 arbore
1107 2331 1415 2386 coronatur,
1457 2331 1516 2375 ut
1543 2331 1733 2390 putant
1770 2325 1986 2393 quidem
2027 2329 2096 2381 ob
2132 2329 2222 2382 lio.

654 2407 873 2463 norem?
921 2408 977 2464 Si
1013 2421 1192 2468 autem
1223 2412 1394 2468 honor
1433 2424 1520 2471 est
1557 2415 1964 2471 fornicationem
2015 2420 2218 2475 laudari

2325 1950 2652 2004 istiusmodi.
2689 1950 2807 2005 Erit
2850 1955 2997 2006 enim
3056 1955 3228 2022 gratia
3281 1955 3499 2023 duplex,
3559 1955 3695 2025 quia
3737 1964 3794 2009 et
3847 1954 3905 2008 ii-

2323 2043 2534 2096 beravit
2578 2057 2608 2096 a
2635 2043 2797 2107 falsis,
2849 2053 2904 2100 et
2928 2047 2994 2099 ad
3030 2061 3155 2100 vera
3187 2047 3430 2102 adduxit.
3463 2047 3714 2104 Liberati
3750 2048 3906 2116 igitur

2325 2132 2394 2186 ab
2421 2132 2529 2196 liis,
2561 2142 2617 2186 et
2643 2133 2787 2204 digni
2819 2133 3044 2203 iudicati
3084 2138 3236 2192 estis.
3299 2137 3410 2193 Deo
3440 2153 3550 2192 non
3595 2147 3733 2193 nato
3765 2138 3904 2193 Patri

2325 2237 2420 2293 per
2463 2240 2626 2278 unum
2679 2226 3017 2296 unigenitum
3066 2243 3222 2282 suum
3272 2227 3468 2283 Filium
3524 2246 3654 2286 cum
3703 2231 3904 2300 Spiritu

2334 2323 2523 2368 sancto
2548 2316 2816 2383 sitgloria,
2837 2318 3026 2382 honor,
3051 2319 3353 2389 imperium,
3368 2322 3652 2390 maiestas.
3672 2334 3732 2378 et
3748 2339 3900 2386 nunc,

2327 2416 2381 2460 et
2408 2420 2640 2476 semper,
2683 2419 2737 2462 et
2767 2425 2860 2478 per
2887 2413 3066 2466 omnia
3093 2413 3286 2468 saecula
3328 2414 3677 2470 sucularum.
3713 2418 3898 2471 Anien.

1613 2810 2171 2930 EUSEBII
2253 2820 2942 2942 PAMPHILI

708 3035 996 3125 ΙΤΕΜ
1044 3037 1190 3125 DE
1235 3036 1390 3131 ΕΟ
1434 3042 1769 3148 QUOD
1827 3048 2132 3140 DEUS
2183 3053 2571 3146 PATER
2635 3061 3536 3161 INCORPORALIS
3608 3073 3860 3199 EST,

1955 3239 2188 3301 LIBER
2229 3243 2569 3316 QUINTUS

722 3547 1063 3619 Quaennqne
1093 3567 1156 3605 ex
1188 3552 1421 3620 cogitatu
1456 3554 1652 3608 debent
1684 3557 1860 3624 colligi
1915 3569 1970 3613 et
2021 3564 2217 3628 requiri
2248 3576 2289 3632 ε
2326 3565 2558 3635 lingunt,
2606 3580 2660 3623 et
2705 3586 2807 3624 non
2859 3573 3028 3628 solum
3080 3577 3133 3631 in
3169 3579 3382 3656 templis
3413 3591 3471 3636 et
3498 3586 3810 3646 simulacris
3851 3589 3900 3650 ει

653 3640 738 3696 vel
779 3641 1058 3706 exhiberi,
1095 3643 1221 3710 quia
1265 3643 1621 3712 incorporalis
1653 3657 1732 3701 est
1781 3649 1873 3702 Dei
1915 3661 2129 3716 natura,
2167 3663 2221 3708 et

649 3731 761 3800 jam
787 3734 830 3786 si
866 3748 969 3786 non
998 3744 1259 3802 quantum
1310 3750 1395 3790 res
1446 3736 1560 3804 ipsa
1593 3739 1836 3806 deposcit
1863 3742 1996 3813 (89),
2039 3753 2219 3799 tamen

654 3833 914 3893 quantum
949 3825 1013 3876 ad
1048 3833 1284 3878 nostram
1315 3827 1563 3893 pervenit
1614 3829 1891 3896 virtutem,
1923 3837 2092 3902 magis
2126 3853 2223 3889 au-

655 3925 762 3970 tem
793 3925 1052 3983 quantum
1106 3916 1455 3970 imbecillitati
1514 3918 1684 3988 gratia
1716 3923 1956 3979 donavit.
1987 3926 2089 3980 ista
2129 3943 2224 3997 per

657 4006 850 4060 multos
880 4007 1180 4073 praeteritos
1209 4016 1262 4059 et
1287 4009 1642 4065 adunavimus
1670 4013 1806 4077 dies,
1861 4025 1917 4068 et
1973 4020 2224 4071 tractavi-

655 4113 775 4152 mus
799 4099 849 4150 in
881 4114 1183 4153 commune.
1224 4097 1289 4152 Et
1319 4099 1363 4153 si
1395 4102 1516 4170 quis
1546 4105 1782 4172 pervidit
1830 4117 1921 4160 aut
1962 4109 2226 4164 intellexit

651 4198 747 4242 aut
781 4191 1043 4255 meminit,
1090 4191 1287 4244 nullam
1338 4193 1449 4262 jam
1497 4195 1660 4250 habet
1709 4196 2101 4255 dubitationem
2159 4203 2225 4256 de

658 4279 743 4332 illa
775 4291 964 4334 natura
997 4297 1100 4351 qua
1131 4283 1452 4350 incorporali
1487 4285 1764 4340 decretum
1808 4299 1889 4344 est
1917 4305 1928 4340 :
1965 4294 2056 4345 sed
2089 4292 2226 4346 forte

656 4371 822 4425 multa
854 4371 942 4424 illa
995 4373 1300 4426 sollicitudo
1331 4390 1450 4443 qua
1489 4390 1583 4445 per
1614 4379 1897 4448 cogitatus-
1936 4385 2222 4450 processit,

653 4465 720 4517 ad
752 4465 910 4516 aliam
936 4468 1220 4534 quamdam
1256 4469 1616 4536 suSpiCionem
1653 4472 1938 4528 nonnullos
1973 4475 2220 4529 adducet.

655 4554 902 4610 Dicentes
931 4558 1071 4608 enim
1099 4559 1186 4624 qui
1216 4558 1401 4611 volunt
1431 4571 1740 4626 pervertere
1771 4571 1941 4628 recta,
1977 4565 2099 4634 quia
2133 4581 2224 4620 co—

651 4651 852 4716 gitatus
879 4650 1090 4716 quidem
1126 4651 1249 4704 boni
1299 4660 1353 4704 et
1390 4654 1540 4714 veri,
1588 4663 1643 4706 et
1684 4655 1866 4709 decori
1898 4666 1953 4709 et
1992 4660 2125 4712 recti
2158 4661 2224 4712 de

656 4743 761 4795 Deo
788 4751 911 4795 sunt
949 4753 1002 4793 et
1027 4743 1323 4808 habentur;
1357 4742 1651 4813 Scriptura;
1681 4759 1859 4802 autem
1885 4749 1968 4803 his
1993 4751 2148 4805 bonis
2171 4762 2224 4807 et

655 4833 811 4884 rectis
834 4832 1157 4899 eogitatibus
1183 4848 1287 4887 non
1315 4835 1677 4901 consentiunt,
1706 4840 1798 4891 sed
1831 4840 2004 4910 magis
2033 4857 2126 4910 per
2156 4857 2217 4897 ea

652 4939 775 4992 qua
802 4926 940 4978 dicta
980 4934 1104 4978 sunt
1151 4935 1410 4981 accusant
1449 4928 1719 4996 cogitatus
1759 4945 1918 4999 quam
1953 4949 2220 4988 commen-
2254 4929 2298 4983 D
2329 4962 2384 5000 η

651 5015 800 5068 dant.
829 5015 958 5067 Erat
979 5026 1154 5069 autem
1191 5018 1525 5087 propositum
1557 5034 1662 5073 non
1697 5022 1821 5088 quid
1853 5023 2081 5080 dicimus
2109 5041 2213 5080 non

653 5105 972 5171 simpliciter
1007 5110 1072 5160 de
1114 5109 1217 5161 Deo
1252 5124 1264 5158 :
1303 5113 1428 5176 quia
1489 5124 1589 5165 nec
1641 5113 1796 5166 nobis
1843 5123 1925 5168 est
1978 5127 2217 5180 potestas

653 5198 787 5250 sicut
813 5199 1100 5267 gentilibus
1129 5215 1191 5253 ex
1231 5203 1393 5255 corde
1415 5202 1481 5256 de
1523 5203 1629 5258 Deo
1667 5204 1830 5273 loqui,
1875 5205 1970 5261 sed
1997 5209 2211 5277 qualem

652 5305 771 5343 eum
802 5290 1090 5359 Scriptura:
1115 5295 1478 5359 introducunt,
1501 5306 1557 5349 et
1577 5295 1788 5365 qualem
1826 5313 1885 5353 se
1916 5300 2029 5369 ipse
2056 5303 2214 5356 inter-

652 5391 912 5448 pretatur,
944 5382 1100 5434 talem
1132 5394 1347 5452 oportet
1376 5387 1573 5456 suscipi
1609 5397 1664 5441 et
1693 5387 1926 5442 adorari.
1975 5390 2212 5445 Gentiles

653 5471 791 5521 enim
816 5472 902 5538 qui
932 5473 1109 5524 omnia
1147 5478 1260 5528 ausi
1291 5488 1437 5531 sunt.
1491 5479 1673 5532 omnia
1731 5480 2118 5550 transfigurant
2154 5493 2210 5537 et

724 5585 761 5613 ⁶¹
799 5585 939 5641 Psal.
975 5604 1118 5654 cur,
1151 5590 1200 5643 7.

726 5727 832 5792 (68)
875 5727 964 5780 Ms.
1000 5731 1206 5799 {nudari
1239 5733 1651 5799 fornicationem.

726 5802 829 5865 (ut!)
867 5799 957 5850 iis.
995 5797 1168 5852 Etiam
1200 5797 1246 5855 si
1275 5820 1369 5855 non
1400 5820 1647 5871 quantum
1676 5825 1752 5862 res
1778 5825 1889 5863 tnta
1915 5813 2162 5880 deposcit.

2327 3659 2647 3730 imaginibus
2669 3665 2964 3735 depingunt
2982 3678 3035 3722 et
3061 3669 3308 3739 ﬁgurant,
3341 3675 3433 3728 sed
3459 3685 3518 3731 et
3540 3680 3720 3747 ipsum
3747 3698 3897 3752 quem

2328 3753 2576 3807 videntur
2613 3756 3007 3826 incorporalem
3051 3762 3230 3817 dicere
3279 3764 3470 3827 Deum,
3503 3783 3572 3825 ex
3610 3775 3779 3827 corde
3811 3777 3900 3830 fiu-

2327 3854 2512 3911 gentes
2548 3848 2878 3916 producunt.
2928 3849 3082 3909 Unde
3126 3865 3180 3909 et
3215 3857 3260 3910 is
3299 3859 3389 3927 qui
3425 3846 3574 3929 apud
3615 3879 3713 3920 eos
3757 3880 3901 3923 actor

2327 3945 2564 4003 putatur,
2603 3942 2742 4010 apud
2771 3942 2909 3998 alios
2945 3947 3227 4003 creditur:
3254 3952 3380 4020 quia
3411 3956 3558 4008 enim
3590 3956 3637 4012 is
3677 3961 3770 4027 qui
3801 3975 3899 4026 est,

2327 4033 2541 4099 agnitus
2579 4049 2681 4087 non
2714 4046 2796 4090 est
2825 4039 2891 4091 ab
2923 4038 3112 4094 iisdem
3134 4081 3150 4107 ,
3193 4042 3330 4097 fama
3384 4057 3562 4104 autem
3608 4050 3675 4103 ad
3722 4066 3820 4107 eos
3851 4055 3896 4108 in

2328 4127 2633 4182 novissimis
2669 4133 2914 4200 pervenit
2940 4138 3272 4205 temporibus
3298 4155 3312 4204 ;
3334 4150 3510 4197 tamen
3531 4158 3600 4198 ex
3631 4148 3899 4206 auditione

2327 4214 2519 4287 Moysi,
2547 4221 2671 4288 quia
2703 4221 2900 4278 famam
2920 4227 2986 4280 de
3014 4243 3122 4283 uno
3158 4231 3286 4295 Deo,
3311 4242 3362 4286 et
3382 4235 3498 4303 ipso
3521 4235 3786 4296 Creatore
3808 4257 3899 4300 auc

2327 4310 2563 4376 dierant,
2606 4317 2696 4384 qui
2735 4318 2787 4371 in
2839 4321 3022 4376 multis
3060 4325 3271 4382 saeculis
3323 4327 3532 4397 opiﬁcia
3590 4331 3900 4392 intermisso

2326 4400 2585 4458 Creatore
2635 4407 3039 4478 adoraverunt;
3105 4415 3245 4470 alius
3298 4417 3442 4473 aliud
3494 4428 3895 4492 nuncupatione

2327 4494 2596 4563 suggessit
2623 4496 2688 4550 de
2712 4512 2779 4552 eo
2801 4514 2961 4570 quem
2989 4505 3308 4571 audierant;
3343 4510 3412 4562 ita
3441 4521 3497 4564 ut
3522 4513 3746 4580 quidam
3765 4520 3896 4573 scri-

2327 4585 2513 4638 bentes
2551 4591 2801 4658 prtecepti
2846 4593 2956 4647 sint
2981 4609 3046 4649 ex
3075 4601 3294 4653 nomine
3326 4602 3439 4658 solo
3475 4604 3771 4675 imaginem
3817 4611 3896 4666 de

2326 4675 2714 4740 scribereTnon
2742 4682 3000 4748 hominis,
3031 4687 3275 4758 inquam,
3311 4703 3406 4748 aut
3461 4695 3692 4754 alterius
3719 4703 3894 4770 cujus.

2324 4779 2538 4836 cunque
2561 4779 2732 4826 status
2760 4772 2898 4842 (70),
2943 4778 3036 4831 sed
3086 4780 3404 4850 simpliciter
3437 4792 3890 4858 nuncupationem

2328 4873 2389 4909 ex
2412 4857 2570 4918 fama.
2591 4861 2817 4920 Necesse
2835 4868 2978 4921 enim
2997 4881 3111 4924 erat
3129 4872 3257 4928 istos
3281 4877 3369 4943 qui
3394 4857 3736 4946 Scripturam
3760 4887 3893 4956 igno-

2391 4949 2536 5013 bant,
2567 4962 2768 5010 natura:
2808 4969 2988 5013 autem
3021 4963 3305 5020 audierant
3345 4949 3807 5040 nuncupationem
3833 4980 3892 5031 de

2327 5039 2611 5109 incognito,
2656 5047 2813 5101 aliter
2849 5060 3032 5104 autem
3074 5064 3128 5108 et
3158 5056 3383 5112 alterum
3420 5039 3584 5116 aliter
3618 5080 3684 5121 ex
3736 5069 3892 5123 corde

2323 5131 2544 5200 fingere,
2565 5140 2924 5198 aestimatione
2956 5148 3155 5217 quippe
3181 5150 3247 5205 de
3272 5167 3335 5206 eo
3357 5167 3519 5224 quem
3555 5157 3885 5225 ignorabam.

2321 5232 2375 5277 et
2394 5225 2511 5279 ideo
2529 5244 2623 5299 per
2653 5235 2832 5290 omnia
2855 5251 3199 5297 erraverunt.
3233 5242 3359 5299 Inde
3390 5258 3471 5302 est
3497 5258 3556 5302 ut
3590 5267 3696 5306 non
3726 5253 3886 5309 solum

2324 5316 2424 5370 sibi
2449 5317 2797 5379 dissentirent
2823 5328 2888 5382 de
2922 5328 3050 5398 Deo,
3080 5336 3171 5390 sed
3200 5346 3255 5390 et
3279 5340 3727 5397 adversarentur.
3771 5346 3888 5413 Qui-

2323 5409 2445 5507 dam
2484 5413 2784 5507 enitntlicit
2826 5419 2952 5507 quia
3002 5427 3270 5492 providet,
3303 5429 3438 5484 alius
3458 5436 3601 5502 quod
3630 5452 3737 5492 non
3773 5409 3884 5507 pro-

2323 5491 2483 5556 videt,
2514 5505 2568 5551 et
2606 5496 2743 5555 alius
2773 5505 2898 5571 quia
2931 5491 3098 5576 usque
3119 5513 3185 5565 ad
3212 5513 3391 5569 lunam
3423 5491 3724 5588 provideat,

2395 5746 2498 5818 (70)
2531 5749 2624 5805 Ms.
2657 5754 2961 5821 cnjusauum
2989 5768 3176 5813 status.
