4048 6322
1033 279 1125 336 ηε
1161 282 1254 340 EO
1291 282 1483 353 QUOD
1523 284 1707 343 DEUS
1744 287 1980 347 PATER
2018 288 2536 354 INCORPORALIS
2572 298 2726 358 EST.

236 394 378 468 quia
418 394 475 453 ln
500 397 757 456 omnibus
782 400 1053 471 providet.
1086 402 1155 459 Et
1175 404 1401 475 quidam
1436 405 1571 463 dicit
1597 407 1723 478 quia
1756 409 1843 465 in—
1866 417 1916 475 Α
1942 426 2213 484 quemque
2234 415 2561 486 prophetam
2592 418 2900 478 invenimus
2920 423 3147 492 dictum,
3165 425 3537 488 orenam.

236 488 554 559 carpentis
581 500 687 557 est,
733 491 872 548 alius
894 492 1020 563 quia
1053 509 1254 565 corpus
1278 505 1385 553 est.
1420 496 1527 553 Ista
1556 513 1836 556 commen-

235 579 398 636 datio
432 579 546 653 (Π)
569 581 875 653 ignorantia
914 596 1000 640 est
1028 600 1243 650 eorum,
1275 589 1368 658 qui
1414 591 1665 647 nesciunt
1704 593 1835 663 quid

239 666 567 740 loquuntur.
610 670 718 727 Sed
749 673 822 729 illi
868 676 1089 746 quidem
1144 679 1430 745 audentes,
1460 692 1554 737 aut
1581 683 1745 740 aliter
1767 687 1835 741 tle

1936 518 2039 559 nus
2083 505 2154 559 ad
2195 521 2294 563 me.
2355 505 2411 562 in
2452 508 2746 582 Evangelia
2795 522 2958 571 etiam
3016 535 3033 574 :
3095 517 3383 578 Desursutn
3430 541 3537 584 eos

1937 594 2081 663 facta
2110 596 2287 664 est";
2316 610 2531 670 oportet
2567 605 2710 660 enim
2737 605 3033 666 immisceri
3054 625 3119 668 ea
3146 624 3269 683 qua
3281 629 3348 671 ex
3375 614 3534 677 Novo

1936 694 2064 741 sunt
2102 685 2472 758 Testamento,
2505 691 2720 764 Veteri,
2754 713 2825 753 ne
2864 699 3061 758 iterum
3102 704 3503 780 haereticisepa

239 761 1257 832 Deosentlentes,omueserraverunt.
1284 754 1395 829 Nec
1414 777 1651 835 enimex
1670 782 1835 838 corde
1936 787 2078 845 rent,
2117 787 2174 835 et
2209 781 2377 838 alium
2416 754 2768 845 introducam
2817 791 3010 849 Deum.
3046 796 3313 868 Adjuncta
3343 754 3532 863 autem

235 854 483 914 humano
509 859 654 917 Deus
677 862 907 933 produci
934 862 1143 931 debuit,
1186 866 1284 923 sed
1314 882 1345 922 a
1378 867 1490 925 Deo
1518 871 1733 928 edoceri
1764 877 1834 932 de

1933 871 2047 926 sint
2078 871 2181 928 ista
2224 888 2291 930 ex
2322 874 2629 947 Scriptura,
2667 883 2813 939 unde
2856 894 2914 941 et
2956 889 3139 944 omnia
3174 902 3321 949 mota
3354 903 3525 953 sunt:

238 944 377 1002 Deo.
422 943 592 1005 Nobis
616 960 797 1006 autem
830 967 1059 1011 necesse
1102 966 1190 1013 est
1234 970 1299 1013 ea
1339 973 1566 1032 urgere
1606 962 1725 1037 (72)
1775 975 1834 1022 et
1932 959 2165 1019 Factum
2190 977 2266 1022 est
2297 943 2478 1024 autem
2494 972 2584 1026 die
2613 943 2791 1041 tertio,
2828 993 2950 1033 cutis
2976 943 3132 1036 mane
3152 982 3355 1052 factum
3388 987 3530 1058 [uis-

234 1046 501 1106 trsctare,
526 1053 649 1111 qua
676 1058 744 1097 ex
784 1043 1081 1116 Scripturis
1110 1048 1406 1107 didicimus
1446 1056 1676 1123 sanctis,
1701 1056 1829 1128 quia

236 1127 601 1201 incorpoan
632 1141 715 1189 est
740 1133 901 1190 Deus.
928 1135 1037 1191 Sed
1062 1152 1169 1193 non
1211 1139 1412 1200 sufficit
1448 1148 1825 1216 pronuntiare,

230 1231 421 1290 neque
448 1222 715 1276 rationem
741 1225 1011 1295 cogitatus
1036 1227 1211 1295 adire,
1253 1230 1350 1286 sed
1376 1234 1668 1291 ostendere
1694 1238 1826 1308 quia

230 1316 293 1363 et
330 1308 453 1380 ipsi,
497 1321 553 1367 et
590 1313 682 1382 qui
730 1314 784 1370 in
837 1315 1029 1371 iisdem
1076 1319 1350 1390 cogitatus
1398 1323 1689 1395 habentur,
1728 1344 1829 1400 per

223 1402 417 1458 omnia
465 1406 814 1461 wnsentiunt
854 1407 940 1463 bis
985 1422 1109 1478 qua:
1151 1408 1451 1483 Scriptum
1500 1415 1719 1476 Veteris
1770 1430 1828 1478 et

227 1490 370 1548 Novi
391 1492 735 1552 Testamenti
771 1498 837 1555 de
866 1500 977 1557 Deo
1009 1506 1412 1573 pronuntiant:
1452 1508 1595 1567 forte
1640 1522 1824 1570 autem

222 1592 289 1640 et
330 1593 500 1639 totum
536 1587 907 1657 suspicabitur
934 1593 1179 1662 quidam,
1215 1605 1272 1651 et
1333 1600 1700 1666 corporaliter
1764 1603 1821 1660 in

226 1676 530 1748 Scripturis
581 1680 813 1751 proferri
846 1682 1010 1740 Deum
1062 1688 1307 1757 putabit;
1364 1690 1511 1748 forte
1559 1694 1726 1749 etiam
1767 1706 1823 1751 et

1929 1063 2031 1121 set,
2055 1068 2103 1111 et
2141 1058 2303 1127 facta
2330 1069 2454 1116 sunt
2477 1077 2628 1119 voces
2651 1074 2701 1120 st
2732 1066 2971 1139 fulgura,
3013 1081 3062 1126 et
3097 1074 3256 1131 nubis
3289 1079 3523 1145 nimbus.

1927 1156 1978 1201 et
2024 1162 2183 1215 super
2226 1160 2457 1207 montem
2510 1152 2647 1211 Sina
2682 1174 2782 1212 uox
2817 1163 2959 1217 tuba
3003 1165 3224 1221 canebat
3271 1169 3425 1227 ualde
3451 1172 3524 1231 ’⁵.

1931 1234 2074 1307 Ergo
2096 1245 2152 1293 et
2184 1241 2314 1296 tuba
2344 1241 2576 1299 sonabat
2602 1260 2821 1317 magna,
2859 1260 2909 1306 et
2951 1261 3197 1311 turbatus
3223 1267 3301 1314 est
3351 1262 3527 1317 omnis

1927 1328 2153 1398 populus
2174 1330 2229 1384 in
2261 1335 2476 1401 castris,
2528 1345 2581 1391 et
2627 1340 2885 1407 produxit
2932 1343 3142 1417 Μαρια
3172 1350 3426 1421 populum
3467 1354 3527 1409 in

1925 1416 2133 1475 obuiam
2158 1420 2271 1479 Deo
2310 1426 2378 1480 de
2416 1430 2635 1496 castris,
2668 1442 2925 1501 tanquam
2964 1416 3085 1507 1am
3111 1416 3369 1509 prasente
3408 1444 3525 1502 illis:

1926 1508 2060 1577 Deo,
2086 1522 2143 1573 et
2168 1518 2442 1574 constituit
2471 1537 2559 1575 eos
2584 1524 2683 1578 sub
2711 1537 2964 1585 montem.
2997 1530 3154 1588 Mons
3183 1545 3359 1592 autent
3384 1534 3521 1595 Sina

1925 1600 2168 1670 fumabat
2190 1618 2354 1678 totus,
2390 1628 2603 1685 propter
2625 1622 2768 1691 quod
2795 1622 3151 1681 descendisset
3174 1626 3318 1685 Deus
3357 1646 3522 1702 super

1925 1709 2045 1749 eum
2074 1696 2131 1752 in
2148 1697 2345 1769 igne".
2374 1704 2432 1760 Si
2465 1707 2753 1767 descendit
2778 1722 2834 1767 et
2864 1714 2918 1771 in
2943 1726 3183 1774 montem
3207 1696 3516 1793 descendit,

220 1770 474 1839 partibus
497 1773 856 1843 compositum
884 1790 951 1831 ex
970 1777 1271 1850 Scripturis
1300 1784 1534 1853 putabit,
1557 1787 1818 1860 colligens
1854 1762 1898 1820 Β
1926 1791 1981 1838 et
2013 1762 2344 1849 ascendebat
2393 1762 2575 1855 fumus
2631 1808 2891 1872 tanquam
2948 1805 3132 1863 fumus
3164 1807 3406 1868 fornacis
3458 1825 3516 1871 et

222 1860 475 1917 membra
501 1877 622 1933 qua
650 1863 792 1920 dicta
830 1875 977 1923 sunt.
1011 1868 1243 1941 Oportet
1270 1874 1437 1946 igitur
1460 1878 1697 1947 primum
1724 1897 1817 1937 su-

220 1951 561 2021 spicionem,
590 1970 695 2025 qua
731 1956 919 2012 dicunt
969 1960 1022 2015 in
1069 1977 1299 2034 corpore
1339 1982 1463 2023 esse
1486 1968 1679 2036 Deum,
1724 1982 1819 2028 aut

214 2054 426 2112 corpus
456 2058 599 2110 esse,
635 2046 801 2103 discri
839 2048 976 2122 (73),
1026 2060 1087 2107 ut
1140 2059 1535 2128 apparentibus
1584 2062 1816 2121 vinculis

215 2146 550 2207 agnoscatur
592 2139 881 2197 solutionis
911 2146 1335 2215 magniﬁcentia.
1392 2150 1587 2209 Totum
1633 2157 1815 2227 itaque

217 2227 437 2283 videtur
458 2243 653 2299 corpus
668 2230 1014 2291 introducere
1034 2236 1315 2311 Scriptura
1332 2258 1452 2313 qua:
1472 2246 1608 2302 dicit
1629 2267 1642 2302 :
1669 2248 1813 2315 Quia

211 2317 456 2373 ausbulat
493 2320 547 2374 in
575 2324 825 2389 paradiso
846 2324 890 2357 ⁸⁸
921 2344 933 2379 :
968 2337 1063 2382 aut
1091 2344 1212 2399 qum
1236 2333 1431 2392 iterum
1455 2339 1588 2395 dicit
1611 2360 1631 2397 ι
1677 2344 1810 2409 Quis

209 2416 297 2463 est
325 2410 417 2479 qui
445 2412 577 2465 seuit
608 2429 674 2469 ea:
698 2412 871 2470 Edam
890 2417 975 2473 σιτ
990 2428 1046 2474 et
1069 2435 1188 2491 qua:
1202 2423 1335 2481 dicit
1358 2424 1640 2499 Scriptura
1658 2451 1671 2487 :
1687 2430 1809 2489 Vidi

206 2499 479 2553 sedentem
504 2518 666 2571 supra
686 2507 857 2558 sedem
873 2505 1166 2576 majestatis
1186 2528 1299 2567 suta
1320 2514 1369 2546 “
1402 2532 1417 2570 :
1454 2527 1511 2573 et
1537 2518 1643 2574 alia
1686 2537 1810 2592 qua

204 2587 295 2643 ait
316 2605 335 2643 :
372 2588 533 2647 Sedes
558 2603 683 2649 sunt
704 2595 912 2664 pasittr,
956 2610 1004 2653 et
1048 2598 1287 2660 Vetustus
1322 2608 1527 2663 dierum
1563 2587 1801 2671 sedit“.

206 2680 479 2749 Quienim
502 2685 554 2739 in
583 2691 839 2757 paradiso
868 2694 1131 2761 ambulat,
1161 2705 1215 2752 et
1235 2699 1326 2769 qui
1351 2702 1498 2757 venit
1523 2720 1589 2759 ex
1607 2705 1804 2773 Edom,

204 2779 271 2827 et
303 2773 398 2843 qui
450 2786 675 2846 apparet
718 2789 777 2835 ut
813 2784 1063 2854 apparuit
1097 2786 1369 2856 Ezechiel,
1415 2803 1472 2848 et
1519 2795 1614 2865 qui
1666 2799 1805 2855 sedit

197 2862 509 2920 secundum
546 2866 841 2935 Danielem,
874 2883 931 2929 et
956 2875 1051 2944 qui
1090 2879 1233 2933 sedit
1255 2862 1551 2940 secundum
1578 2886 1798 2961 Isaiam,

202 2955 547 3023 corporalem
579 2962 869 3029 quamdam
904 2970 1255 3028 ambitionem
1285 2978 1525 3047 suggerit
1559 2979 1695 3053 (74).
1731 2955 1811 3039 Et

1915 1874 2199 1947 obstupuit
2251 1890 2399 1939 totus
2433 1888 2664 1959 populus
2694 1893 2871 1961 valde,
2926 1896 3131 1955 fiebant
3158 1901 3307 1957 enim
3347 1918 3515 1964 voces

1920 1967 2059 2023 tuba:
2083 1972 2419 2039 prodeuntes
2452 1976 2785 2049 fortissime;
2826 1986 2981 2045 valde
3004 1989 3221 2064 Moyses
3250 1994 3513 2066 loqueba-

1917 2066 2022 2124 tur,
2058 2071 2113 2116 et
2137 2063 2281 2121 Deus
2307 2072 2672 2140 respondebat
2696 2077 2747 2131 ei
2790 2092 2951 2134 voce:
2980 2092 3037 2138 et
3066 2063 3351 2144 descendit
3410 2089 3513 2147 Do.

1916 2152 2095 2209 minus
2148 2155 2202 2210 in
2240 2170 2425 2219 monte
2457 2163 2589 2220 Sina
2644 2181 2812 2239 super
2867 2187 3131 2233 cacumen
3170 2182 3409 2249 montis,
3451 2193 3514 2243 et

1915 2246 2127 2301 vocavit
2173 2247 2436 2309 Dominus
2485 2254 2703 2329 Moysen
2751 2262 2804 2318 in
2852 2266 3139 2325 cacumine
3184 2273 3408 2341 montis,
3452 2286 3513 2334 et

1910 2337 2153 2393 ascendit
2180 2338 2415 2414 Moyses,
2443 2355 2500 2402 et
2522 2347 2659 2405 dixit
2682 2350 2821 2409 Deus
2857 2357 2926 2412 ad
2964 2356 3207 2431 Moysen.
3236 2363 3364 2424 Haec
3385 2337 3510 2441 qui-

1910 2429 2031 2483 dem
2064 2427 2132 2486 de
2168 2448 2233 2489 eo
2261 2435 2307 2490 si
2338 2436 2640 2509 descendit,
2670 2453 2721 2501 et
2754 2446 2799 2500 si
2822 2427 3068 2519 videtur,
3091 2465 3148 2510 et
3196 2457 3243 2514 si
3279 2427 3510 2520 vocibus

1908 2518 2151 2591 loquitur
2182 2524 2345 2593 Deus,
2382 2540 2439 2587 et
2471 2532 2517 2588 si
2551 2537 2696 2592 tuba
2734 2539 3001 2609 aderant,
3042 2518 3107 2602 et
3147 2548 3197 2605 si
3235 2550 3290 2607 in
3319 2518 3504 2624 ignoui

1907 2614 2212 2685 descendit,
2253 2622 2386 2693 quid
2423 2624 2531 2682 sibi
2594 2629 2710 2684 vult
2752 2629 2976 2692 fumus?
3005 2636 3148 2697 Sunt
3194 2614 3378 2701 autem
3433 2662 3507 2707 ex

1906 2712 2261 2779 sequentibus
2296 2715 2417 2773 alia
2448 2721 2779 2788 quaestiones
2814 2740 2831 2779 :
2873 2730 2969 2784 sed
3007 2729 3148 2791 bene
3182 2746 3265 2792 est
3297 2743 3507 2802 sensim

1905 2798 2169 2857 accedere
2200 2803 2270 2860 ad
2298 2809 2604 2877 proposita.
2638 2810 2706 2867 Et
2732 2813 2875 2872 sicut
2897 2817 2954 2874 hi
2980 2822 3074 2893 qui
3116 2826 3392 2886 aediﬁcare
3408 2798 3506 2890 tl;

1902 2889 2169 2959 siderant,
2198 2904 2256 2952 et
2298 2897 2510 2969 lapides
2541 2908 2844 2966 transferre
2882 2889 3142 2985 cupiunt,
3170 2921 3218 2975 si
3253 2920 3506 2994 singulos

1902 2984 2310 3058 transtulerint,
2358 2993 2561 3052 multos
2611 3007 2872 3069 poterunt
2898 2984 3142 3065 adunare
3176 3012 3263 3068 :si
3309 2984 3499 3074 autem

2294 3043 2310 3058 1
2362 3043 2406 3046 —-
2421 3043 2560 3052 --νν-
2650 3043 2872 3059 ννυιυ-ιιν
2898 3043 3142 3065 -υυιιαιυ
3176 3052 3191 3067 ο
3216 3043 3263 3068 ,Ι
3309 3043 3499 3074 ιιιιυιη

202 3043 315 3099 hoc
338 3047 553 3116 quidem
585 3053 749 3111 veluti
772 3057 841 3113 de
862 3062 1008 3116 omni
1036 3043 1708 3144 parentibus‘autem‘ﬂs)
1740 3084 1799 3132 ut
1823 3110 1868 3171 α
1904 3073 2104 3132 multos
2128 3078 2291 3135 simul
2320 3043 2661 3157 levaverint:
2698 3105 2802 3148 nec
2840 3096 3062 3166 quidem
3101 3115 3269 3158 unum
3311 3104 3503 3166 levare

202 3137 495 3171 πίειρα-η..-
526 3154 579 3171 Al
612 3146 897 3171 Δ..-ε------
940 3170 947 3171 ,
984 3151 1053 3171 l1,
1105 3154 1137 3171 Ι·
1186 3155 1222 3171 ,ιι
1320 3160 1331 3171 ο
1378 3160 1391 3171 ο
1611 3165 1624 3171 -

199 3137 495 3196 videamur
526 3154 584 3198 et
608 3146 903 3220 depingere
933 3170 950 3208 :
981 3151 1137 3208 Oculi
1173 3155 1391 3214 Domini
1414 3178 1572 3233 super
1591 3137 1790 3236 iustos,

194 3238 251 3281 et
270 3244 430 3284 aures
448 3232 563 3303 ejus
586 3238 657 3291 ad
685 3255 863 3305 preces
900 3259 1079 3300 eorum
1100 3246 1165 3301 “.
1208 3247 1282 3304 0s
1314 3250 1534 3311 Domini
1556 3232 1793 3318 sabaotlt

195 3319 439 3376 locutum
468 3336 542 3379 est
574 3328 676 3383 ista
699 3330 767 3396 ",
798 3330 1010 3390 faciens
1042 3336 1154 3410 (78)
1186 3339 1355 3397 Deum
1386 3345 1503 3419 (77)
1537 3358 1592 3404 et
1622 3366 1794 3408 mem-

196 3407 427 3479 bratim,
463 3425 521 3471 et
552 3425 668 3475 tota
707 3418 877 3481 facies
929 3407 1059 3513 istic
1096 3407 1369 3505 descripta
1396 3407 1526 3505 “est,
1569 3452 1627 3497 et
1670 3454 1794 3513 post

194 3497 319 3555 hac
359 3516 481 3573 qua
526 3506 907 3581 insequuntur.
940 3508 1092 3575 'Dicit
1119 3522 1263 3578 enim
1278 3497 1615 3599 'Scriptu'ra:

203 3597 329 3646 tera
365 3593 581 3652 Domini
605 3601 733 3671 [scit
754 3607 999 3665 virtutem
1026 3612 1114 3669 “:
1146 3622 1205 3669 et
1244 3612 1379 3676 Sede
1412 3593 1482 3675 ad
1511 3622 1791 3684 dexteram

194 3696 371 3738 meum
395 3686 463 3754 ⁸⁸,
487 3705 651 3760 quam
676 3711 790 3751 rem
821 3700 1132 3773 insequitur
1156 3720 1211 3763 et
1232 3724 1263 3764 a
1290 3710 1512 3769 sinistra
1552 3730 1691 3773 esse.
1722 3720 1788 3777 Et

194 3773 393 3831 herum
416 3799 429 3834 :
452 3779 650 3839 Colunt
669 3789 816 3845 sedes
834 3802 915 3847 est
945 3797 1097 3862 milii,
1124 3808 1275 3856 terra
1295 3815 1472 3861 autem
1499 3773 1787 3868 παθαιαῆ

190 3865 387 3932 pedum
413 3876 732 3933 nieorum".
760 3878 868 3936 Per
911 3883 1014 3939 ista
1066 3887 1251 3959 itaque
1286 3897 1471 3951 omnia
1518 3914 1548 3952 a
1602 3865 1785 3973 capite

190 3968 369 4026 usque
399 3960 467 4014 ad
489 3964 654 4034 pedes
679 3967 896 4027 videtur
922 3977 1263 4035 membratim
1295 3983 1411 4041 lleri
1437 3960 1782 4064 compositio,

188 4058 457 4117 quantum
479 4054 547 4109 ad
571 4071 879 4118 sermonem
910 4077 1144 4135 spectat.
1184 4074 1459 4134 Addemus
1493 4054 1673 4138 autem
1698 4054 1783 4140 in;

188 4142 358 4198 certis
386 4142 495 4213 bis,
530 4150 712 4219 capilli
741 4157 928 4225 capitis
951 4160 1066 4229 ejus
1088 4163 1158 4219 “.
1205 4165 1350 4239 Ergo
1383 4181 1437 4226 et
1480 4175 1683 4245 capilli,
1723 4189 1782 4235 et

184 4238 522 4306 caputcujus
542 4250 598 4296 et
618 4246 894 4315 capilli,et
912 4254 1089 4310 adhuc
1131 4238 1365 4328 amplius
1409 4238 1677 4334 quantum
1708 4269 1778 4325 ad

182 4326 513 4385 exteriorem
560 4346 769 4404 partem
827 4344 1103 4403 invenitur
1152 4326 1562 4423 vestimentum,
1615 4363 1777 4417 modo

1896 3172 2157 3233 poterunt
2193 3188 2209 3227 :
2248 3172 2322 3227 ita
2378 3186 2433 3231 et
2473 3194 2576 3235 nos
2624 3182 2885 3254 interim;
2942 3190 3122 3258 prima
3158 3208 3308 3251 enim
3347 3198 3499 3258 dicta

1896 3256 2225 3331 intercipere
2266 3265 2429 3327 facile
2477 3272 2693 3330 videtur
2743 3256 3103 3353 audentibus;
3133 3284 3339 3347 timidis
3394 3256 3489 3348 am

1897 3357 2004 3405 tem
2045 3351 2281 3413 difﬁcile.
2334 3358 2392 3415 Si
2440 3364 2588 3419 enim
2647 3367 2880 3427 voluerit
2923 3374 3048 3444 quis
3080 3351 3283 3447 dicere,
3338 3381 3495 3443 locu-

1894 3449 1982 3497 tus
2010 3453 2123 3509 est,
2171 3462 2279 3503 nou
2330 3460 2417 3507 est
2460 3452 2675 3513 locutus
2704 3476 2722 3513 :
2754 3474 2880 3528 vox,
2939 3479 3045 3521 non
3098 3482 3247 3538 vox;
3282 3471 3491 3547 facies,

1891 3548 2000 3589 non
2051 3534 2272 3606 facies;
2320 3545 2641 3615 simpliciter
2693 3551 2913 3610 videtur
2959 3557 3119 3616 facile
3160 3534 3291 3634 quid
3352 3534 3489 3640 ope:

1891 3626 2025 3695 rari,
2060 3630 2327 3691 audenter
2386 3650 2569 3697 autem
2620 3656 2901 3712 operatur.
2959 3651 3068 3707 Sed
3096 3626 3308 3726 oportet
3338 3626 3491 3723 nunc

1888 3718 1959 3773 ab
2006 3720 2119 3791 ipsa
2178 3724 2466 3799 Scriptura
2504 3736 2758 3806 accipere
2818 3718 3168 3814 solutiones,
3220 3759 3489 3811 etosten-

1893 3811 2025 3868 dere
2075 3817 2202 3885 quia
2252 3819 2369 3877 istm
2424 3839 2589 3883 voces
2646 3829 2722 3884 ita
2761 3834 2978 3903 quidem
3038 3811 3330 3909 dicuntur,
3371 3860 3523 3906 non“

1887 3899 1963 3956 ita
1997 3914 2179 3960 autem
2203 3908 2402 3968 debent
2430 3914 2684 3990 intelligi.
2723 3899 2796 3977 ln—
2824 3924 2959 3995 ipsis
2999 3930 3144 3986 enim
3177 3899 3484 4009 iisdemque

1884 3997 2234 4057 sermonibus
2284 4006 2462 4073 primo
2489 4010 2718 4069 exhibet
2750 4020 3159 4092 necessitatem,
3208 4028 3277 4084 ob
3312 3997 3479 4100 quam

1885 4086 1957 4141 ita
1990 4094 2242 4161 apparuit
2266 4094 2428 4155 Deus.
2456 4100 2596 4159 Dicit
2617 4108 2763 4163 enim
2786 4129 2798 4164 :
2818 4108 2957 4167 Ecce
2977 4133 3070 4187 ego
3100 4086 3247 4174 venio
3263 4086 3481 4180 att-tein

1882 4179 2129 4238 columna
2157 4189 2332 4256 nubis,
2361 4201 2419 4245 ut
2449 4198 2636 4252 audiat
2669 4204 2899 4271 populus
2936 4179 3232 4278 loquentem
3278 4216 3373 4270 ηδ’
3407 4179 3480 4274 ad

1882 4282 1952 4337 te,
1994 4284 2043 4329 et
2070 4279 2290 4335 credant
2321 4284 2418 4339 tibi
2460 4288 2519 4343 in
2564 4294 2941 4363 sempiternum
2966 4301 3031 4355 ".
3068 4303 3137 4359 Et
3183 4306 3380 4365 iterum
3409 4314 3479 4367 ad

1881 4368 2138 4440 populum
2186 4373 2363 4434 dicit:
2407 4377 2513 4437 Vos
2554 4384 2782 4455 vidistis,
2812 4392 2938 4461 quia
2972 4396 3037 4450 de
3093 4398 3221 4453 calo
3266 4400 3479 4463 locutus

1548 4414 1561 4423 ,
1640 4414 1768 4417 γη--
1881 4414 2138 4440 ’,νιν-.-.η
2187 4414 2318 4431 νιν-ο
2347 4420 2363 4434 .
2413 4414 2513 4437 vva
2556 4414 2782 4455 vestiat”,
2812 4414 2938 4461 quta
2972 4414 3037 4450 ae
3093 4414 3221 4453 οωιο
3266 4414 3479 4463 ιοοκηη

182 4414 404 4483 quidem
439 4424 685 4495 rubrum,
717 4433 876 4489 modo
925 4447 1107 4492 autem
1156 4441 1358 4500 album.
1414 4446 1473 4502 Si
1524 4448 1692 4520 igitur
1716 4462 1773 4509 et
1799 4459 1856 4523 D
1876 4476 1993 4513 sum
2018 4462 2160 4519 vobis
2188 4465 2255 4520 ⁷⁷.
2282 4466 2348 4522 Ει
2378 4464 2533 4527 certe
2562 4490 2630 4531 ex
2664 4490 2846 4536 monte
2865 4482 3019 4540 Sina.
3039 4484 3322 4555 Quamodo
3341 4510 3483 4566 ergo

182 4507 570 4566 vestimentum
596 4518 742 4566 circa
791 4523 965 4566 im...“
1037 4534 1268 4566 ηηωρηη
1297 4544 1375 4566 ...ι
1429 4548 1478 4566 ..ι
1519 4542 1581 4566 λη
1612 4543 1739 4566 ε-λη
1881 4565 1889 4566 κ
1954 4561 1964 4566 -
2042 4550 2114 4566 -ιι
2187 4554 2200 4566 ·
2252 4556 2263 4566 ·
2419 4562 2428 4566 -

181 4507 570 4569 vestimentum
596 4518 743 4577 circa
790 4523 991 4594 ipsum,
1036 4534 1268 4601 questio
1296 4544 1379 4591 est
1425 4548 1484 4594 et
1515 4507 1583 4595 de
1612 4543 1770 4599 indu-

182 4608 390 4665 mento,
432 4610 610 4661 utrum
634 4610 825 4668 vivens
868 4619 1118 4688 quaedam
1164 4635 1359 4685 natura
1400 4639 1484 4686 est
1512 4642 1567 4688 et
1598 4637 1766 4691 vesti-

179 4698 446 4761 mentum,
484 4706 578 4752 aut
600 4706 873 4769 quomodo
922 4709 1032 4766 illic
1083 4716 1463 4776 vestimentum
1495 4723 1762 4795 habetur;

177 4788 235 4834 et
255 4796 588 4858 quaecunque
610 4800 1047 4869 converterimus,
1080 4815 1138 4860 ut
1171 4808 1239 4862 de
1268 4809 1588 4871 indumento
1612 4818 1765 4874 dica-

178 4886 303 4926 mus
328 4889 543 4946 oportet
571 4888 799 4945 moveri.
826 4890 895 4945 Et
922 4898 1121 4951 iterum
1151 4913 1168 4951 :
1199 4901 1244 4955 si
1271 4914 1390 4957 'uox
1427 4904 1646 4963 Domini
1669 4910 1757 4977 [s-

173 4960 274 5027 cit,
298 4964 344 5019 si
376 4982 474 5022 nos
496 4968 709 5029 Domini
746 4971 803 5034 in
832 4982 1021 5040 virtute
1046 4988 1114 5055 ",
1147 4999 1203 5046 et
1250 5006 1358 5049 vox
1394 4995 1608 5055 Domini
1646 4960 1757 5058 fre-

172 5064 407 5121 quenter
437 5058 491 5114 in
519 5061 613 5120 illo
642 5068 851 5136 psalmo
884 5074 1104 5143 dicitur,
1139 5089 1194 5136 et
1216 5088 1514 5143 secundum
1555 5106 1754 5147 unum-

388 5518 807 5612 gamutendatio:
834 5535 1017 5607 Forte,
1048 5554 1441 5612 commentatio.

492 5612 740 5685 ἔξω-ενι(
759 5586 1277 5685 i5

264 5592 331 5643 72
384 5592 468 5647 Ea
496 5612 729 5669 surgere.
759 5592 1352 5685 Ροτιθέῖτᾶἆῖῥὲἴω

291 5659 327 5717 δ
386 5662 583 5722 Diserti.
614 5668 799 5738 Forte,
822 5678 1014 5735 disseri
1042 5686 1121 5739 vel
1160 5689 1352 5752 deseri,

230 5592 354 5806 ὲιξ
363 5732 750 5806 Παραγραφὴν,
770 5751 1042 5806 ambitu.
1186 5774 1189 5775 '

288 5728 346 5806 ι)
363 5732 750 5815 Παραγραφὴν,
770 5728 1042 5814 iniiinii.

480 5830 759 5901 Panos.
808 5840 928 5910 Gn.
977 5846 1209 5916 XXIV.

1784 5259 1830 5292 ⁸⁸
1867 5261 2002 5320 Dan.
2045 5284 2139 5333 vtt,
2182 5273 2236 5328 9.

1773 5368 1788 5384 .
1854 5334 2082 5408 _'_‘_Dan.
2108 5355 2201 5408 vn,
2232 5344 2286 5398 9.

1853 5404 1901 5436 ⁷⁷
1922 5404 2095 5463 Exod.
2132 5404 2227 5480 xx,
2260 5413 2351 5471 22.
2431 5419 2476 5453 "
2500 5404 2721 5483 ibid—1.

1878 4561 2063 4620 potest
2082 4550 2201 4610 fieri
2232 4556 2301 4612 de
2326 4562 2468 4616 caelo
2510 4574 2567 4620 et
2614 4567 2681 4623 de
2712 4584 2897 4629 monte
2927 4550 3299 4638 Sina'simul?
3326 4550 3479 4643 Vidi:

1874 4645 1993 4709 stis,
2026 4644 2222 4717 inquit,
2256 4654 2381 4723 quia
2425 4655 2491 4709 de
2527 4659 2658 4715 ccio
2691 4662 2899 4721 locutus
2928 4685 3047 4725 sum
3096 4676 3259 4732 vobis.
3289 4677 3477 4737 Nolite

1874 4737 2019 4789 vobis
2072 4740 2247 4807 [acere
2302 4746 2705 4808 similitudinem
2765 4761 3000 4816 omnium
3056 4782 3176 4835 quc
3229 4783 3353 4827 sunt
3414 4775 3476 4831 iu

1872 4836 2013 4880 terra
2037 4827 2107 4888 ⁷⁸.
2142 4830 2210 4887 Et
2243 4847 2393 4891 certe
2424 4840 2468 4893 si
2495 4842 2801 4906 similitudo
2842 4863 2963 4907 erat
3003 4827 3093 4927 qui
3145 4847 3469 4933 apparebat,

1869 4915 2133 4976 deberent
2158 4925 2405 4983 videntes
2435 4934 2620 4999 magis.
2638 4937 2833 4996 adduci
2867 4944 2936 4999 ad
2960 4915 3134 5017 ipsius

1860 5020 2008 5062 nem.
2030 5009 2087 5067 Si
2117 5027 2298 5072 autem
2330 5021 2493 5078 dicit:
2518 5025 2593 5080 De
2616 5035 2743 5085 cato
2776 5009 3134 5096 locutusvsum
3161 5046 3304 5102 vobis
3322 5086 3339 5114 ,
3372 5054 3464 5119 qui

1862 5098 2062 5157 dicitur
2096 5106 2225 5176 quia
2274 5111 2341 5167 de
2381 5128 2563 5173 monte
2612 5119 2742 5177 Sina
2783 5142 2797 5177 :
2837 5131 3185 5189 manifestum
3210 5150 3295 5193 est
3334 5098 3462 5213 qdia

2341 5276 2555 5354 “nPsal.
2599 5298 2793 5354 xxxm,
2839 5288 2927 5344 l6.

3052 5293 3097 5324 "’
3134 5294 3236 5353 lsa.
3285 5314 3322 5364 t.
3362 5300 3456 5359 20.

2377 5348 2588 5424 "fsal.
2631 5348 2823 5424 ικνιιί,
2858 5362 2914 5414 ι.

3020 5365 3067 5396 ’⁸
3093 5365 3225 5423 an.
3251 5387 3334 5435 ttt,
3362 5374 3454 5430 εἳ.

1931 5566 2044 5669 ςῖὸ)
2078 5569 2240 5631 Forte
2272 5578 2351 5634 sic
2381 5580 2668 5654 legendum
2692 5630 2708 5656 ,
2746 5591 2811 5645 de
2849 5596 2995 5648 omni
3024 5612 3044 5649 :
3076 5601 3319 5669 partibus
3352 5619 3455 5658 au-

1848 5645 1980 5690 MM.
