4048 6322
623 404 758 460 1163

621 515 968 574 ambitionem
1005 508 1116 582 (78l
1164 502 1466 575 praesentia
1491 513 1602 554 sua:
1630 491 1869 552 ostendit
1898 491 1951 544 in
1983 495 2183 549 monte,

623 612 737 680 ipse
760 615 939 661 autem
972 603 1024 656 iu
1049 614 1143 654 sua
1176 595 1427 652 manebat
1467 593 1766 661 utajestate.
1793 583 1901 638 Cur
1931 591 2112 635 autem
2139 586 2194 632 et

622 669 658 759 ί
685 713 865 757 monte
899 699 1026 753 Sina
1055 701 1274 764 apparet
1330 688 1420 758 qui
1476 686 1543 738 de
1574 681 1714 737 ctelo
1737 719 1752 743 ,
1782 674 1862 730 Ne
1892 669 2190 734 timueritis,

626 797 820 865 inquit,
857 793 979 862 quia
1020 761 1219 842 tentare
1255 798 1340 835 sos
1365 778 1498 832 venit
1523 775 1680 832 Deus.
1703 779 1758 824 at
1783 770 1849 822 sit
1883 767 2039 818 timor
2079 761 2194 830 ejus

627 849 845 939 ischia
865 849 956 933 i’?
986 877 1098 933 Non
1123 887 1254 942 ergo
1286 879 1477 924 natura
1505 873 1589 921 est
1615 874 1732 930 qua
1761 856 2079 927 apparebat,
2103 849 2197 904 sed

628 972 960 1046 dispensatio
994 983 1112 1035 quae
1141 939 1468 1019 adducebat.
1521 955 1655 1023 Quia
1702 950 1844 1004 enim
1899 939 2198 1000 audacissi-

630 1031 750 1126 mus
773 1074 889 1124 erat
913 1031 1163 1134 populus,
1193 1057 1319 1125 quia
1353 1064 1567 1120 semper
1595 1043 1820 1100 declivis
1860 1039 1927 1092 ad
1972 1031 2199 1091 idolola-

630 1161 789 1216 triam
809 1131 1135 1218 habitbatur;
1166 1150 1290 1220 quia
1307 1147 1450 1202 enim
1468 1141 1686 1198 humilis
1703 1146 1841 1198 erat,
1857 1144 1911 1188 et
1928 1131 2201 1186 desidera-

629 1254 1031 1321 batpermanua
1044 1246 1354 1310 contingere
1374 1240 1563 1297 Deum.
1590 1243 1643 1288 et
1661 1247 1754 1301 per
1767 1228 1950 1284 oculos
1973 1225 2154 1278 videre
2183 1239 2196 1275 :

630 1312 757 1414 quia
781 1341 926 1395 enim
957 1337 1079 1392 talis
1097 1341 1214 1389 erat
1232 1328 1475 1400 populus,
1509 1323 1815 1378 misericors
1845 1326 2025 1371 autem
2061 1312 2202 1366 Deus

630 1406 687 1491 et
701 1435 873 1489 bonus
887 1430 1013 1484 facit
1027 1428 1104 1483 eis
1116 1427 1381 1484 timorem,
1395 1419 1484 1488 qui
1501 1431 1599 1470 nec
1615 1422 1734 1485 post
1747 1411 1990 1466 timorem
2015 1406 2204 1458 timue-

632 1533 781 1581 runt.
794 1531 850 1577 et
861 1521 990 1575 dicit
1008 1535 1020 1570 :
1041 1515 1175 1583 Quia
1192 1514 1237 1567 si
1251 1512 1366 1580 qttt's
1385 1501 1895 1575 appropinquarerit,
1918 1505 2082 1551 morte
2096 1509 2206 1547 mo-

633 1616 804 1671 riatur
827 1613 895 1668 “.
930 1611 995 1666 Et
1021 1618 1167 1663 certe
1191 1619 1322 1660 oves
1365 1608 1522 1655 erant
1561 1597 1674 1652 illic
1706 1605 1832 1649 ante
1857 1594 1978 1653 hoc,
2009 1598 2063 1644 et
2097 1602 2202 1643 non

635 1719 760 1764 sunt
794 1714 1038 1761 mortuas.
1075 1700 1286 1769 Moyses
1327 1694 1470 1748 enim
1503 1691 1611 1746 illic
1639 1688 1807 1760 pavit,
1843 1684 2055 1754 Moyses
2088 1688 2205 1734 erat

635 1799 747 1855 illic
772 1807 828 1851 ut
857 1803 1058 1866 pastor,
1103 1804 1200 1845 nec
1245 1787 1375 1841 dum
1410 1790 1494 1838 est
1551 1778 1831 1850 propheta,
1867 1784 1922 1828 et
1967 1788 2070 1827 non
2120 1781 2205 1826 est

635 1856 903 1946 mortuus.
933 1856 1128 1953 Utique
1157 1889 1212 1936 et
1257 1878 1344 1932 alii
1393 1883 1518 1928 ante
1561 1871 1780 1940 onsen
1807 1884 1821 1932 ;
1857 1866 1950 1921 sed
1979 1873 2199 1934 pr0pter
2231 1856 2272 1911 Β

635 1988 945 2045 adventum,
972 1980 1094 2049 quis
1117 1976 1268 2040 dicit,
1299 1970 1388 2026 Dei
1423 1968 1578 2032 dixit,
1619 1965 1747 2035 quia
1776 1962 1823 2017 si
1853 1960 1974 2031 quis
2010 1971 2208 2028 appro-

639 2075 983 2150 pinquaverit
1010 2070 1291 2126 morietur.
1333 2066 1521 2120 Nonne
1575 2059 1747 2128 magis
1775 2057 1997 2112 deberet
2024 2054 2207 2107 vivere

639 2145 730 2241 qui
753 2145 1158 2237 appropinquat
1189 2157 1438 2215 adventui
1487 2155 1579 2210 Dei
1616 2153 1640 2206 ἲ
1671 2152 1776 2206 Sed
1831 2160 2039 2204 terrere
2095 2145 2208 2200 vult

636 2260 890 2332 populum
949 2255 1247 2316 audacem;
1293 2249 1430 2304 unde
1475 2257 1529 2302 et
1581 2244 1718 2299 tuba:
1776 2251 1966 2298 sonant
2011 2252 2208 2292 canen-

640 2355 792 2406 tium.
842 2346 980 2414 Quid
1043 2345 1186 2399 enim
1242 2356 1491 2412 maguum
1554 2348 1636 2392 est
1693 2337 1801 2392 Dm
1858 2340 2209 2402 operamenla

639 2455 828 2498 creare
862 2440 928 2493 ad
958 2434 1263 2492 istiusmodi
1305 2430 1708 2492 necessitatem,
1746 2434 1836 2479 aut
1884 2425 2004 2478 sine
2062 2421 2206 2475 tubis

641 2548 832 2590 sonum
856 2533 1013 2585 talem
1047 2525 1332 2582 emittere?
1369 2522 1480 2576 Non
1511 2521 1578 2576 ab
1607 2534 1667 2574 re
1714 2527 1894 2572 autem
1947 2524 2029 2567 est
2059 2526 2208 2582 quae-

644 2630 767 2682 dam
803 2640 865 2681 ex
896 2621 1114 2677 Daniele
1140 2631 1431 2689 apponere,
1461 2614 1552 2668 sed
1585 2621 1640 2666 et
1672 2607 2206 2680 opportunissimum.

643 2721 779 2790 Quia
811 2721 956 2774 enim
987 2717 1224 2770 diximus
1266 2710 1390 2779 quia
1427 2720 1532 2759 non
1565 2713 1687 2758 erat
1735 2700 2072 2768 impossibile
2100 2698 2210 2752 Deo

643 2813 803 2869 tubas
829 2822 1036 2871 creare,
1059 2815 1152 2862 aut
1177 2805 1293 2860 sine
1317 2800 1458 2855 tubis
1475 2811 1663 2852 sonum
1698 2793 1873 2848 audiri
1903 2813 1914 2846 :
1951 2790 2210 2858 scriptum

641 2905 786 2976 apud
818 2901 1093 2959 Danielem
1126 2907 1232 2961 est,
1272 2894 1418 2964 quia,
1445 2891 1637 2945 Manus
1668 2889 1905 2957 ingressa
1941 2882 2056 2937 sola
2079 2881 2210 2936 scri-

645 2971 796 3052 bebat
821 2996 875 3049 in
909 2992 1101 3064 pariete
1123 2991 1191 3045 ".
1231 2987 1334 3042 Ista
1363 2997 1552 3040 manus
1581 2981 1724 3036 Deus
1749 2987 1854 3042 est,
1893 2984 1987 3030 aut
2033 2971 2211 3044 angeli

645 3089 836 3146 incisio
860 3085 978 3143 est?
1031 3081 1136 3138 Sed
1185 3081 1311 3150 quia
1361 3076 1582 3130 deberet
1637 3070 1810 3125 videri
1846 3083 1950 3124 non
1998 3076 2212 3128 tenens,

648 3182 786 3240 forte
838 3189 1014 3237 autem
1059 3189 1160 3229 nec
1186 3179 1547 3226 atramentum
1589 3164 1854 3231 bajulans,
1886 3175 2063 3229 neque
2105 3157 2214 3212 alio

649 3275 828 3344 aliquo
879 3274 1224 3340 operamento
1253 3263 1444 3324 abusa,
1497 3267 1583 3310 aut
1642 3257 1756 3324 ipsa
1811 3252 2208 3317 usa,'addatur

648 3375 706 3422 et
739 3341 934 3427 canna,
971 3369 1026 3414 et
1065 3362 1428 3412 atramentum
1453 3358 1717 3404 creatum.
1755 3347 1860 3400 Aut
1882 3345 1928 3399 si
1960 3346 2061 3399 hoc
2093 3341 2217 3411 quis

653 3456 880 3513 voluerit
913 3452 1175 3521 accipere,
1208 3443 1425 3513 scripsit
1455 3455 1669 3504 manus,
1710 3449 1765 3494 et
1809 3437 1935 3491 dum
1967 3433 2218 3502 scripsis-

651 3564 755 3620 set,
786 3548 1028 3607 recessit.
1072 3543 1212 3610 Quid
1256 3551 1450 3595 manus
1505 3537 1604 3591 ista
1633 3535 1870 3597 dicebat,
1913 3529 2072 3600 cujus
2122 3526 2213 3582 Dei

649 3646 763 3701 sola
797 3655 1012 3703 manu,
1057 3646 1110 3692 et
1155 3630 1246 3688 ubi
1280 3642 1364 3686 est
1409 3628 1617 3684 totum?
1660 3634 1751 3679 aut
1791 3621 1991 3693 angeli,
2041 3631 2094 3675 et
2125 3617 2214 3673 ubi

649 3747 733 3792 est
766 3730 980 3791 totum?
1020 3727 1212 3784 incisio
1261 3733 1380 3779 erat
1429 3717 1725 3792 possibilia.
1760 3714 1904 3786 Ergo
1950 3727 2056 3784 quo
2111 3712 2213 3766 ista

544 3875 557 3890 .
652 3825 991 3886 incisivest‘l
1024 3822 1160 3889 Quid
1195 3833 1326 3889 ergo
1360 3826 1446 3872 est
1478 3812 1747 3868 sententia
1781 3808 1948 3864 visa?
1976 3807 2045 3862 Ut
2069 3806 2215 3861 enim

653 3923 819 3978 scim
851 3934 944 3972 rex
971 3915 1062 3986 qui
1097 3927 1261 3968 ausus
1287 3919 1395 3972 est,
1434 3908 1551 3960 ideo
1604 3917 1797 3957 manus
1837 3899 1901 3954 ad
1942 3898 2216 3953 lucernam

652 4010 919 4082 indigens,
943 4021 1061 4077 quae
1095 4019 1193 4059 nec
1219 4001 1386 4057 oculis
1413 3999 1522 4054 visa
1552 4005 1696 4050 sum.
1734 3995 1799 4049 Et
1827 4002 1975 4048 certe
2003 4001 2061 4044 ut
2083 3989 2218 4045 scri-

645 4103 746 4164 bat
765 4103 907 4175 quis,
937 4099 1090 4154 valde
1120 4097 1346 4158 intentio
1384 4091 1691 4148 necessaria
1723 4099 1828 4155 est,
1846 4095 1902 4140 et
1920 4083 2218 4139 videntium

661 4197 967 4258 oculorum,
994 4201 1050 4246 et
1087 4199 1243 4244 acute
1273 4186 1590 4241 videntium.
1620 4180 1773 4236 Nunc
1819 4188 1993 4232 autent
2033 4175 2220 4230 scribit

651 4291 772 4346 sine
803 4284 997 4352 oculis,
1024 4283 1142 4339 sine
1175 4285 1411 4342 tenente,
1455 4275 1570 4330 sive
1593 4288 1714 4327 cum
1751 4277 2080 4330 atramento,
2105 4267 2219 4320 sive

653 4382 770 4436 sine
793 4383 1115 4440 atramento,
1134 4372 1246 4450 sive
1267 4370 1387 4425 sine
1407 4367 1529 4421 aliis
1549 4361 1931 4434 operamentis,
1961 4359 2073 4414 sive
2095 4371 2217 4412 cum

625 4509 630 4514 -
652 4471 793 4535 aliis,
815 4464 1100 4525 admiratio
1117 4473 1200 4520 est
1222 4480 1238 4531 ;
1263 4461 1355 4532 qui
1387 4458 1540 4513 valde
1562 4467 1751 4526 carnes
1771 4451 2015 4520 sunt,qui
2032 4463 2219 4518 corpo-

1287 378 1554 443 EUSEBII
1591 366 2067 434 CESARIE'NSIS
2103 363 2253 421 OPP.
2297 357 2474 416 PARS
2510 353 2603 413 IV.
2641 382 2712 394 —-
2747 344 3172 406 ΔΙΜῙΙἈΙΑἸἸΕΑ.

2215 490 2261 546 Α
2289 476 2586 551 prophetia:
2619 471 2782 526 facta:
2829 476 2957 524 sunt
2982 481 3011 519 a
3041 463 3149 518 Deo
3173 453 3604 531 pranuntianles
3640 450 3874 520 captivi-

3736 335 3873 391 ΗΜ

2295 550 2461 628 tatem
2484 567 2661 638 populi
2694 579 2814 635 quae
2843 577 2939 630 per
2972 573 3095 614 eum
3139 555 3283 609 facta
3331 550 3588 614 videtur,
3627 559 3759 598 vasa
3791 557 3881 596 sa-

2292 660 2588 720 cerdotalia
2622 655 2920 724 accipiens,
2955 659 3010 706 et
3043 653 3145 704 hoc
3171 646 3443 716 superbus
3477 649 3534 696 et
3553 648 3799 696 erectus,
3827 643 3883 688 et

2295 755 2401 809 alta
2426 751 2690 822 cogitans,
2722 757 2782 802 ut
2808 745 3068 815 propheta
3093 741 3161 794 de
3188 751 3255 792 eo
3284 736 3494 790 diceret
3530 749 3545 786 :
3588 728 3634 783 Τ
3637 745 3673 781 at
3696 726 3882 780 dia-isti

2295 848 2348 900 in
2376 846 2530 900 corde
2562 855 2676 904 tuo,
2705 841 2783 893 Ad
2805 837 2957 891 calas
2987 833 3292 892 ascendam,-
3313 841 3474 895 supra
3505 822 3672 876 nubes
3689 823 3883 886 portauit

2299 941 2469 994 sedem
2503 950 2692 997 meam,
2728 943 2775 985 et
2806 927 2992 984 sedebo
3020 939 3183 990 supra
3216 928 3420 973 montes
3465 915 3764 968 altissimos
3817 911 3883 958 ad

2299 1031 2617 1101 aquilonem,
2649 1035 2695 1079 et
2722 1040 2810 1078 ero
2836 1015 3318 1076 aimilisAltissimo
3346 1011 3393 1043 “
3419 1025 3434 1063 :
3463 1009 3595 1079 quia
3637 1005 3770 1059 talia
3811 1017 3888 1055 sa-

2301 1097 2502 1195 piebat,
2535 1131 2588 1175 et
2623 1118 2749 1172 talia
2783 1115 3128 1183 loquebatur,
3180 1117 3235 1162 et
3266 1104 3394 1159 talia
3429 1099 3738 1170 cogitabat.
3788 1097 3887 1148 iste

2302 1214 2575 1285 accipiens
2607 1206 2962 1266 sacerdotalia
2985 1218 3110 1258 vasa
3138 1215 3240 1254 non
3269 1208 3351 1252 est
3378 1209 3545 1249 ausus
3565 1192 3642 1245 uti
3668 1188 3883 1249 iisdem,

2302 1307 2396 1363 sed
2428 1319 2684 1374 tanquam
2737 1302 2788 1355 in
2834 1297 3046 1353 ratione
3096 1292 3316 1349 honoris
3348 1288 3532 1356 posuit
3562 1286 3615 1338 in
3645 1279 3886 1347 templis.

2303 1414 2409 1456 non
2426 1408 2756 1453 consecrans
2783 1390 2958 1452 idolis,
2980 1390 3121 1442 sicut
3144 1400 3260 1454 qua:
3283 1382 3650 1447 insequuntur
3668 1374 3886 1428 demon-

2303 1498 2499 1548 strant.
2532 1489 2626 1544 sed
2662 1496 2921 1540 recusans
2944 1481 3088 1533 vasis
3117 1478 3190 1529 uti
3224 1473 3445 1527 divinis.
3463 1468 3556 1524 Isti
3587 1466 3886 1522 succedens

2303 1584 2447 1638 filius
2471 1582 2589 1649 ejus
2616 1580 2668 1634 iu
2705 1590 2890 1646 regno,
2939 1588 3044 1628 nou
3087 1572 3136 1624 ei
3188 1565 3454 1622 successit
3497 1571 3557 1615 et
3585 1557 3885 1614 secundum

2305 1677 2464 1733 istum
2501 1675 2788 1735 honorem,
2819 1668 2914 1723 sed
2943 1667 3207 1720 innovans
3239 1666 3567 1730 potestatem
3605 1651 3763 1720 regni
3786 1647 3884 1708 sui,

2305 1767 2513 1840 profert
2543 1781 2670 1820 vasa
2691 1758 3074 1820 sacerdotalia,
3095 1763 3151 1810 et
3179 1751 3315 1808 bibit
3363 1750 3418 1801 in
3457 1745 3614 1816 ipsis.
3657 1744 3728 1796 Et
3767 1739 3887 1813 quia

2299 1865 2413 1933 ipse
2439 1870 2491 1914 et
2521 1860 2604 1914 sui
2635 1855 2775 1912 male
2803 1853 3167 1908 extenderunt
3200 1859 3394 1900 manus
3430 1856 3562 1897 suas
3600 1838 3671 1891 ad
3732 1850 3887 1896 vasa,

2307 1931 2430 2022 quia
2461 1951 2603 2005 enim
2637 1947 2888 2000 manibus
2923 1942 3218 2011 tetigerunt
3251 1951 3314 1991 ea
3339 1948 3460 2004 qua:
3506 1931 3592 1985 eis
3621 1943 3736 1982 non
3765 1939 3891 1980 coo-

2306 2043 2615 2113 tiugebant;
2653 2052 2848 2093 manus
2900 2049 2996 2103 pro
3053 2047 3218 2085 manu
3263 2029 3452 2082 exiens
3489 2022 3888 2093 scripsitjuxta

2305 2136 2600 2195 lucernam,
2633 2140 2691 2184 ut
2712 2129 2803 2200 qui
2842 2127 3073 2181 aderant
3106 2122 3355 2178 homines
3377 2118 3624 2172 viderent
3667 2123 3888 2169 senten-

2307 2228 2457 2280 tiam.
2489 2225 2618 2290 Quae
2647 2235 2779 2291 ergo
2807 2228 2892 2274 est
2921 2230 3114 2270 manus
3139 2213 3264 2266 illa?
3293 2210 3410 2264 Non
3444 2222 3677 2276 corpus,
3720 2217 3892 2273 neque

2305 2332 2369 2372 ex
2402 2329 2628 2384 corpore
2666 2313 2882 2374 incisio,
2926 2309 3022 2363 sed
3062 2304 3347 2361 elﬁcientia
3391 2303 3456 2356 ad
3489 2300 3766 2354 visionem
3800 2309 3890 2351 ve-

2309 2410 2486 2472 niens,
2512 2416 2572 2460 ut
2601 2412 2984 2476 agnosceretur
3012 2396 3279 2454 sententia
3329 2392 3668 2449 invisibibis.
3719 2386 3889 2443 Suﬂe-

2308 2510 2456 2556 cerat
2480 2509 2660 2554 autem
2701 2505 2754 2551 et
2785 2508 2974 2549 manus
2997 2491 3282 2547 ostendere
3315 2489 3598 2550 virtutem,
3626 2493 3687 2538 et
3723 2483 3888 2536 inter-

2311 2593 2511 2663 pretari
2543 2589 2930 2650 obscuritates,
2976 2584 3188 2640 solvere
3219 2578 3617 2640 dubitationes.
3654 2577 3756 2630 sed
3789 2590 3888 2628 non

2310 2696 2391 2739 est
2437 2698 2637 2754 egenus
2698 2680 2870 2736 dives.
2921 2676 3230 2732 Invenimus
3276 2671 3421 2727 enim
3477 2672 3534 2725 in
3587 2667 3887 2737 Scripturis

2311 2787 2366 2838 et
2398 2776 2536 2831 forte
2562 2772 2753 2835 multa,
2791 2784 2913 2842 quae
2943 2781 3001 2824 ut
3024 2765 3355 2836 quaestiones
3385 2769 3548 2816 motae
3581 2770 3742 2826 sunt,
3775 2774 3891 2828 pos-

2310 2879 2436 2925 sunt
2465 2867 2622 2922 nobis
2644 2865 2709 2919 ad
2727 2863 3050 2918 solutionem
3077 2858 3352 2930 prodesse.
3383 2855 3650 2911 Novimus
3676 2855 3824 2909 enim
3840 2863 3890 2908 et

2312 2961 2379 3015 de
2413 2957 2656 3024 Daniele,
2697 2955 2824 3026 quia
2860 2953 2995 3008 vidit
3029 2950 3189 3005 sedes
3233 2949 3457 3018 positas,
3497 2957 3554 3003 et
3595 2945 3887 3002 Vetustum

2313 3051 2524 3106 dierum
2555 3049 2905 3112 insidentem,
2945 3043 3098 3114 cujus
3133 3045 3239 3099 albi
3278 3051 3437 3098 erant
3467 3039 3675 3110 capilli,
3724 3049 3781 3093 et
3809 3053 3892 3092 ve-

2315 3145 2572 3198 stimenta
2598 3139 2824 3195 candida
2855 3138 2924 3193 ⁸³.
2965 3139 3033 3193 Et
3059 3148 3207 3192 certe
3253 3145 3308 3190 et
3359 3135 3466 3190 hoc
3522 3133 3894 3203 accipiebatur

2241 3215 2284 3274 ο
2318 3244 2540 3307 propter
2594 3233 3009 3296 contumaciam,
3054 3241 3148 3284 aut
3200 3236 3422 3299 propter
3482 3226 3888 3297 negligentiam.

2317 3328 2397 3382 Ad
2449 3325 2860 3380 ostentationem
2913 3322 3279 3393 quippequia
3328 3334 3525 3390 corpus
3575 3329 3664 3374 est
3714 3319 3893 3386 Deus;

2317 3421 2581 3478 sententia
2620 3427 2799 3472 autem
2845 3416 3098 3470 virtutem
3132 3428 3442 3470 sermonum
3479 3412 3732 3476 exhibet,
3771 3411 3893 3482 quia

2319 3513 2554 3568 maxime
2583 3511 2778 3570 exhinc
2815 3507 3170 3578 incorporalis
3204 3506 3506 3562 ostenditur
3544 3505 3714 3560 Deus.
3769 3504 3898 3570 Quis

2317 3608 2460 3662 enim
2494 3607 2705 3676 ignorat
2736 3616 2948 3659 onmem
2985 3601 3075 3671 qui
3117 3599 3291 3656 oculis
3338 3599 3530 3663 utitur,
3566 3599 3698 3667 quia
3743 3596 3898 3652 oculo

2318 3702 2583 3771 contingit
2633 3713 2701 3753 ea
2743 3697 2925 3751 videre
2977 3708 3097 3763 quae
3151 3693 3386 3747 adsunt?
3433 3705 3555 3761 qua
3611 3699 3801 3744 autem
3845 3689 3892 3742 in

2319 3797 2612 3850 crastinum
2643 3799 2736 3845 aut
2775 3798 2898 3860 post
2930 3800 3152 3855 parvam
3198 3787 3408 3852 horam,
3449 3793 3544 3838 aut
3603 3793 3731 3853 post
3787 3798 3894 3837 mo-

2319 3897 2559 3942 mentum
2594 3885 2744 3948 tlent,
2795 3899 2899 3938 non
2955 3883 3103 3938 videt
3155 3879 3385 3936 oculus:
3421 3876 3660 3933 Danielis
3720 3887 3893 3934 autem

2317 3980 2475 4046 visio,
2515 3980 2726 4033 initium
2753 3976 2968 4047 quidem
3004 3976 3165 4030 habet
3189 3989 3219 4028 a
3257 3973 3362 4034 lea,
3392 3980 3513 4040 post
3543 3969 3686 4024 leam
3721 3981 3894 4025 autem

2319 4072 2618 4128 introducit
2672 4085 2899 4135 ursum,
2981 4069 3201 4123 tertium
3257 4063 3459 4120 animal
3517 4072 3578 4118 ut
3635 4065 3894 4133 pardum,

2319 4174 2569 4235 quartum
2596 4162 2702 4217 tale
2731 4161 2882 4229 cujus
2917 4170 3108 4214 natura
3147 4157 3288 4227 apud
3326 4170 3425 4210 nos
3464 4168 3569 4208 non
3603 4155 3896 4209 invenitur.

2318 4241 2667 4328 interrogabo
2700 4253 2963 4308 volentem
2990 4251 3338 4312 contendere,
3388 4247 3470 4302 lea
3514 4260 3747 4317 regnum
3783 4248 3901 4302 est?

2320 4350 2377 4404 Si
2403 4349 2548 4420 enim
2590 4347 2730 4416 quod
2756 4345 2887 4400 vidit
2917 4343 3104 4399 Daniel
3129 4352 3246 4397 erat
3273 4340 3502 4405 visibilc,
3551 4338 3694 4393 leam
3723 4351 3896 4394 autem

2319 4441 2491 4502 vidit;
2523 4455 2627 4494 non
2667 4439 2800 4492 vidit
2828 4452 3073 4508 regnum,
3101 4439 3196 4490 sed
3223 4434 3383 4489 leam.
3417 4431 3496 4488 Ne
3526 4432 3695 4502 igitur
3731 4447 3900 4487 remo-

654 4562 826 4630 rales,
858 4559 951 4632 qui
1004 4557 1188 4613 volunt
1233 4553 1342 4608 Deo
1393 4561 1591 4619 corpus
1627 4523 1792 4608 dare,
1853 4541 2214 4610 respondeant
2246 4575 2292 4630 Β
2322 4546 2543 4588 veamus
2594 4531 2819 4592 dictum,
2877 4528 3215 4596 Scripturam
3275 4525 3582 4580 videamus.
3641 4523 3704 4578 Si
3761 4525 3896 4580 enim

653 4629 832 4718 nobis,
876 4629 969 4707 illa
1011 4662 1202 4705 manus
1228 4656 1428 4714 corpus
1459 4650 1578 4695 erat
1628 4645 1721 4690 aut
1751 4649 1854 4689 non
1889 4631 2128 4702 corpus?
2154 4629 2213 4684 Si

653 4759 885 4816 corpus;
920 4742 1037 4799 sine
1074 4737 1316 4794 humeris
1343 4749 1446 4786 non
1479 4740 1785 4792 moveatur,
1819 4725 1934 4778 sine
1957 4732 2071 4776 toto
2101 4736 2221 4777 cor-

651 4853 786 4908 pore
816 4851 921 4891 non
961 4833 1033 4890 sit
1060 4819 1278 4885 manus.
1305 4825 1364 4880 Si
1394 4834 1574 4880 autem
1605 4826 1832 4892 apparet
1881 4828 2070 4870 manus
2098 4853 2112 4877 ,
2163 4821 2219 4868 et

652 4907 843 4984 scribit
872 4938 1085 4988 manus,
1117 4929 1173 4976 et
1199 4916 1402 4974 recedit
1449 4928 1677 4976 manus;
1730 4919 2057 4980 agnoscatur
2101 4907 2219 4976 qua!

652 5029 739 5077 est
777 5025 967 5074 natura
1016 5012 1240 5069 visionis
1288 5005 1585 5079 praesentis.
1620 5003 1990 5073 Importunum
2035 5006 2216 5052 autem

653 5124 761 5166 non
786 5114 870 5164 est
895 5103 1207 5174 adiungere,
1240 5114 1336 5154 cur
1366 5104 1422 5152 et
1459 5093 1670 5149 manus.
1710 5089 1779 5146 Si
1815 5087 1961 5144 enim
1985 5086 2098 5156 jam
2139 5082 2220 5138 di-

652 5211 799 5258 ctum
822 5207 926 5265 est,
952 5197 1074 5267 quia
1090 5192 1376 5266 oportebat
1403 5186 1728 5244 sententiam
1760 5180 1949 5244 scribi,
1968 5179 2060 5233 sed
2081 5176 2222 5232 forte

647 5293 778 5350 ideo
799 5305 894 5362 per
915 5301 1151 5350 manum,
1184 5282 1312 5354 quia
1335 5289 1390 5335 et
1403 5286 1560 5350 pater
1575 5275 1737 5362 hujus
1759 5272 1909 5340 regis
1933 5269 2220 5323 adversum

657 5358 816 5457 quem
849 5384 951 5439 ista
996 5378 1264 5437 sententia
1299 5373 1501 5441 scripta
1527 5379 1644 5432 est,
1679 5358 1748 5422 ob
1791 5363 1974 5435 populi
2026 5359 2222 5416 delicta

658 5453 832 5548 potuit
860 5485 914 5530 et
941 5472 1194 5544 populum
1243 5479 1428 5522 tenere
1452 5474 1510 5518 et
1559 5460 1838 5528 templum.
1873 5456 1941 5510 Et
1965 5453 2220 5524 populum

657 5542 873 5640 quidem
905 5542 1129 5619 adduxit
1175 5559 1470 5630 captivum.
1524 5551 1828 5607 Condicens
1871 5555 2049 5601 autem
2095 5542 2220 5613 quia

2321 4624 2436 4694 ipse
2488 4619 2676 4675 Daniel
2742 4619 3153 4687 interpretans,
3222 4625 3316 4670 aut
3368 4613 3790 4684 interpretatam
3841 4619 3898 4669 ab

2322 4712 2514 4798 angelo
2563 4711 2822 4767 visionem
2850 4711 3021 4775 audit,
3089 4709 3216 4779 quia
3270 4707 3503 4777 primum
3547 4722 3783 4777 regnum
3826 4718 3897 4762 est

2321 4803 2719 4867 Chaldaeorum,
2776 4801 3006 4857 intueris
3044 4801 3170 4870 quia
3206 4799 3350 4869 quod
3397 4799 3575 4853 visum
3629 4808 3761 4864 est,
3825 4797 3896 4853 lea

2321 4893 2476 4960 erat;
2508 4894 2652 4961 quod
2682 4901 2861 4949 autem
2891 4893 3298 4962 interpretatur,
3330 4905 3579 4960 regnum.
3628 4893 3743 4944 Aut
3769 4891 3899 4945 dicat

2323 4986 2415 5074 qui
2444 4983 2695 5049 voluerit,
2721 4995 2882 5056 putas
2909 4982 3021 5038 fera
3051 4983 3227 5055 aliqua
3264 4991 3416 5046 erat,
3453 4992 3508 5037 et
3547 4982 3808 5049 vivebat;
3855 4992 3898 5037 et

2329 5078 2454 5133 talis
2480 5077 2688 5148 qualem
2720 5077 2854 5131 vidit
2899 5075 3132 5131 Daniel?
3188 5075 3246 5131 Si
3282 5083 3462 5129 autem
3499 5074 3738 5145 insignia
3781 5075 3899 5129 vidit

2329 5171 2515 5242 regni,
2585 5170 3084 5240 interpretationem
3133 5178 3313 5223 autem
3365 5167 3608 5239 agnovit,
3669 5169 3897 5224 visiones

2327 5275 2616 5332 corporeae
2642 5261 2822 5317 facete
2850 5277 2956 5320 non
2985 5260 3262 5316 debemus.
3303 5258 3478 5314 Ursus
3515 5267 3699 5310 autem
3747 5271 3895 5327 appa-

2329 5356 2484 5410 rebat
2505 5355 2774 5409 secundus
2804 5364 2921 5424 post
2947 5353 3106 5419 leam,
3131 5362 3186 5407 et
3222 5353 3326 5405 tria
3354 5349 3527 5403 latera
3550 5360 3714 5404 erant
3741 5351 3796 5404 in
3816 5366 3896 5404 ore

2328 5442 2476 5512 ejus.‘
2505 5443 2670 5499 Putas
2703 5443 2830 5514 quia
2869 5452 2925 5499 et
2969 5442 3138 5497 latera
3176 5442 3300 5495 viva
3341 5447 3516 5505 erant,
3549 5449 3612 5501 et
3635 5439 3798 5493 unde
3844 5453 3893 5492 ea

2329 5537 2524 5606 accipit
2567 5535 2769 5592 ursus?
2823 5534 2988 5591 Putas
3031 5535 3251 5606 aliquod
3317 5531 3520 5588 animal
3590 5543 3896 5603 expugnans

729 5703 776 5735 η
802 5702 952 5757 Deut.
994 5715 1087 5765 vii,
1117 5697 1168 5753 3.
1240 5683 1291 5727 V"
1322 5691 1492 5748 Exod.
1531 5703 1646 5752 xix,
1677 5685 1764 5740 η,
1835 5683 1878 5717 ⁸⁸
1915 5679 2046 5741 Dan.
2072 5695 2122 5747 v,
2150 5677 2204 5734 5.
2277 5675 2323 5712 ⁸²
2349 5675 2451 5734 Isa.
2477 5692 2588 5743 xiv,
2619 5676 2702 5733 l3.
2791 5675 2836 5709 ⁸³
2864 5676 2996 5732 Dan.
3029 5688 3124 5742 vn,
3155 5672 3210 5729 9.

732 5838 845 5910 (78)
878 5838 1241 5893 Ambitionem.
1263 5833 1318 5892 Id
1340 5843 1444 5900 est,
1477 5829 1748 5890 smmum.
