4048 6322
126 400 282 457 1165

926 390 1014 445 DE
1053 389 1141 447 EO
1179 386 1368 457 QUOD
1401 382 1583 445 DEUS
1623 381 1853 438 PATER
1892 376 2399 435 lNCOllPORALlS
2437 376 2589 434 EST.

3286 374 3423 428 “(ili

121 518 286 589 quod
319 516 375 572 in
401 510 798 573 consuetudine
836 518 921 564 est
964 507 1106 578 apud
1147 519 1279 569 nos;
1314 512 1407 557 aut
1442 501 1733 571 signiﬁcat,
1761 505 1809 563 Α
1840 496 2023 551 futura
2055 502 2241 558 erant;
2296 491 2423 562 quia
2465 504 2587 589 qua:
2640 488 2829 558 incipit
2876 488 3077 589 videre,
3126 500 3235 541 non
3282 487 3430 589 videt

120 606 259 681 qtiia
300 624 398 680 per
439 608 542 663 tria
593 605 769 661 latera
856 610 967 657 tres
1026 599 1279 671 regiones
1332 594 1549 649 habebit
1605 592 1736 646 illud

122 706 437 759 secundum
489 714 736 770 regnum.
791 695 1013 752 Tertius
1065 702 1244 747 autem
1277 691 1478 759 pardus
1516 686 1733 758 quidem

122 804 252 851 erat
282 804 549 865 quantum
602 791 670 845 ad
697 791 985 853 visionem,
1039 794 1272 855 quatuor
1319 792 1501 835 autem
1555 778 1734 847 capita

122 886 398 943 habebat.
459 884 668 953 Siquis
729 892 907 937 autem
960 890 1199 934 vestrum
1249 876 1385 930 vidit
1430 875 1483 928 in
1541 884 1733 927 natura

124 989 378 1050 quatuor
428 975 607 1046 capita
668 974 894 1044 pardum
955 970 1271 1033 habentem,
1319 968 1389 1021 sit
1440 963 1653 1019 visibile
1678 972 1734 1018 et

124 1070 341 1126 animal
364 1069 530 1125 istud.
578 1068 634 1122 Si
676 1076 855 1121 autem
889 1073 1142 1118 naturam
1174 1059 1461 1124 convertit,
1493 1056 1732 1111 forman-

126 1176 220 1219 tur
239 1174 429 1219 autem
456 1175 621 1232 regna
647 1174 742 1226 per
770 1155 1075 1212 istiusmodi
1107 1154 1371 1215 visiones,
1403 1151 1471 1205 ad
1504 1163 1731 1218 corpora

126 1268 240 1308 non
274 1251 689 1321 compellamus.
746 1247 938 1314 Quarti
968 1255 1153 1299 autem
1192 1242 1443 1297 animalis
1475 1242 1527 1295 in
1557 1248 1731 1295 totum

129 1362 234 1403 nec
277 1347 534 1418 ﬁguratio
570 1354 651 1399 est
700 1344 900 1413 posita,
961 1354 1028 1395 eo
1090 1338 1233 1409 quod
1283 1338 1627 1391 immutatum
1678 1343 1733 1390 et

128 1453 339 1493 novum
368 1452 400 1492 a
431 1437 641 1492 cmteris
674 1435 982 1496 videbatur,
1009 1441 1067 1495 ut
1099 1447 1167 1486 ne
1192 1431 1408 1500 quidem
1436 1430 1731 1485 similitudo

128 1532 185 1587 in
211 1545 283 1587 eo
315 1528 545 1597 alicujus
570 1528 820 1584 animalis
851 1526 1158 1581 inveniatur
1186 1542 1199 1577 :
1228 1524 1342 1577 haec
1368 1523 1499 1576 vidit
1519 1519 1727 1574 Daniel.

129 1622 202 1676 Et
254 1630 391 1675 ante
450 1621 563 1675 hac
596 1635 611 1673 :
643 1616 791 1683 Vidi,
838 1616 1035 1685 inquit,
1097 1624 1333 1683 quatuor
1390 1621 1568 1667 ventos
1615 1609 1730 1664 ειειὶ

129 1711 473 1766 imminentes
498 1711 555 1764 in
580 1710 717 1762 mari
748 1722 939 1777 magno
994 1705 1061 1759 “.
1112 1703 1277 1759 Putas
1316 1714 1370 1759 et
1417 1704 1559 1757 venti
1598 1701 1726 1755 visi—

129 1804 273 1860 biles
323 1802 517 1859 l'uere?
549 1802 790 1868 Quatuor
833 1808 1013 1855 autem
1069 1797 1230 1875 simul
1278 1795 1644 1851 immittuntur
1674 1794 1727 1847 in

1846 604 1967 658 quat
2002 587 2273 649 videntur,
2324 583 2420 638 sed
2467 582 2614 637 videt
2658 597 2777 651 qua:
2820 595 2928 635 non
2975 580 3247 636 videntur.
3304 578 3434 634 Ideo

1837 690 2024 733 autem
2088 687 2143 733 et
2188 674 2527 743 nuncupatio
2581 684 2699 728 erat
2750 674 3137 743 prophetarum
3188 671 3312 737 ista,
3372 680 3433 725 ut

1835 774 2146 827 dicerentur
2186 770 2277 839 qui
2313 768 2499 823 vident
2529 784 2541 819 :
2575 766 2703 834 quia
2743 766 2885 819 enim
2927 775 2981 819 et
3012 761 3149 834 apud
3186 778 3285 819 nos
3310 763 3434 833 qui-

1836 864 1959 919 dam
1991 864 2208 929 vident,
2261 860 2484 931 quidam
2521 874 2627 913 non
2658 858 2861 922 vident,
2893 866 2948 912 et
2982 858 3048 911 ad
3079 872 3256 912 caecos
3281 872 3437 912 com-

1834 956 2047 1028 paratio
2075 965 2158 1010 est
2184 968 2374 1009 eorum
2398 951 2491 1022 qui
2520 951 2727 1013 vident,
2759 960 2813 1004 et
2837 950 3129 1005 diversitas
3152 960 3206 1005 et
3228 938 3433 1005 discreé

1836 1050 1911 1104 tio
1932 1057 2033 1103 est.
2074 1047 2273 1102 Sumus
2307 1058 2487 1102 autem
2530 1053 2795 1117 quantum
2824 1044 2889 1097 ad
2935 1040 3432 1098 considerationem

1835 1142 2104 1196 visionum
2158 1156 2262 1195 non
2314 1140 2579 1195 videntes.
2644 1137 2841 1193 Vident
2895 1145 3075 1189 autem
3125 1134 3428 1205 prophetae.

1835 1250 1955 1305 quae
1998 1248 2095 1288 nos
2143 1247 2249 1287 non
2308 1231 2578 1286 videmus.
2636 1230 2715 1284 Ex
2783 1229 2897 1297 ipsa
2950 1240 3079 1295 ergo
3137 1223 3431 1281 elﬁcientia

1834 1336 2165 1397 acceperunt
2204 1334 2261 1380 et
2303 1323 2759 1393 nuncupationem
2802 1320 2895 1390 qui
2944 1319 3276 1373 vocabantur
3302 1332 3431 1387 pro-

1832 1422 2008 1490 phetae
2056 1419 2356 1473 secundum
2426 1426 2672 1471 veterem
2735 1428 2956 1477 vocem,
3013 1427 3135 1467 cum
3195 1411 3434 1466 maxime

1832 1519 2162 1582 exceperunt
2214 1510 2298 1564 bis
2340 1510 2430 1580 qui
2476 1509 2679 1563 vident.
2731 1505 2885 1561 Unde
2930 1514 2986 1561 et
3022 1506 3204 1560 multae
3237 1504 3432 1560 inscri-

1831 1606 2043 1674 ptiones
2078 1602 2213 1657 tales
2259 1602 2629 1663 inveniuntur,
2684 1599 2809 1653 dum
2864 1599 3041 1653 dicit:
3086 1595 3232 1651 Visio
3270 1614 3431 1667 quam

1831 1700 1958 1753 vidit
2015 1696 2193 1752 Isaias
2257 1696 2505 1750 adversus
2567 1692 2906 1763 Egyptum:
2949 1688 3092 1744 Visio
3147 1689 3432 1749 adversum

1832 1790 2183 1862 Babyloniam
2226 1790 2295 1843 ⁸⁸.
2328 1788 2465 1855 Quia
2513 1788 2677 1858 igitur
2715 1788 2992 1850 videbant,
3042 1794 3101 1839 ut
3150 1783 3432 1849 videbant,

132 1895 293 1948 mari.
338 1893 409 1947 Et
453 1907 604 1947 mare
641 1891 799 1954 vidit,
839 1889 929 1944 ubi
973 1903 1140 1959 agens
1166 1900 1405 1957 praesens
1433 1900 1603 1951 mare,
1640 1892 1733 1939 aut
1762 1878 1809 1937 Β
1837 1884 2097 1940 videbant
2136 1892 2317 1936 autem
2352 1897 2458 1936 non
2486 1889 2547 1934 ut
2578 1879 2847 1935 homines.
2900 1877 3031 1944 Quae
3089 1892 3218 1947 ergo
3258 1877 3433 1933 oculis

133 2000 240 2040 non
272 1998 519 2056 praesens
547 1983 857 2057 conspexit.
915 1978 984 2033 Et
1016 1990 1263 2050 quatuor,
1309 1977 1507 2046 inquit,
1549 1991 1735 2029 ascen-

134 2079 329 2132 debant
360 2076 491 2147 ferte
528 2078 591 2129 de
636 2076 776 2128 mari
806 2075 852 2107 ⁸⁵
884 2092 896 2127 :
931 2074 1014 2127 lea
1054 2087 1123 2126 ex
1166 2070 1324 2137 mari,
1354 2079 1411 2123 et
1458 2084 1620 2124 ursus
1664 2082 1731 2122 ex

135 2171 299 2236 mari,
333 2179 390 2224 et
414 2168 617 2239 pardus
638 2183 705 2222 ex
732 2166 893 2221 mari.
921 2165 1151 2219 intueris
1168 2162 1295 2232 quia
1313 2163 1427 2232 ipsa
1451 2160 1730 2230 Scriptura

138 2276 234 2329 per
279 2276 345 2315 ea
380 2274 504 2330 quze
535 2260 752 2315 videtur
804 2258 1010 2328 ligare,
1072 2271 1171 2326 per
1217 2254 1407 2310 eadem
1454 2264 1509 2309 et
1548 2253 1728 2309 solvit.

140 2352 286 2409 Mare
328 2354 383 2407 in
419 2352 524 2407 illis
555 2366 661 2406 non
696 2350 1001 2415 eratlocis,
1052 2350 1141 2403 ubi
1174 2356 1293 2404 erat
1342 2347 1549 2403 Daniel.
1596 2346 1730 2402 Puta

139 2446 265 2516 quia
302 2453 428 2501 erat
475 2444 577 2509 lea,
620 2452 675 2498 et
700 2457 859 2497 ursus
901 2451 957 2496 et
999 2440 1203 2509 pardus
1232 2448 1288 2496 et
1340 2454 1539 2493 novum
1596 2439 1725 2493 illud

140 2538 343 2593 animal
376 2556 392 2593 :
422 2552 490 2593 ex
521 2537 659 2592 mari
682 2534 958 2607 quomodo
982 2533 1331 2589 ascendunt?
1364 2532 1523 2589 Venti
1554 2544 1731 2586 autem

143 2630 419 2701 quomodo
473 2630 767 2685 videntur?
833 2629 971 2685 Puta
1036 2628 1162 2698 quia
1238 2628 1354 2681 visa
1418 2634 1546 2679 sunt
1607 2624 1729 2679 ista.

142 2723 407 2780 Ascendit
434 2723 520 2778 lea
545 2739 613 2778 ex
640 2724 799 2790 mari,
839 2723 1110 2793 quomodo
1138 2735 1361 2791 regnum
1391 2719 1446 2773 in
1478 2729 1641 2774 terra.
1674 2718 1734 2773 Si

144 2826 321 2870 autem
347 2831 573 2885 regnum
602 2816 653 2870 in
684 2825 828 2870 terra
866 2824 971 2879 est,
1008 2830 1112 2867 non
1155 2823 1237 2867 est
1276 2812 1389 2881 jam
1437 2811 1517 2865 lea
1547 2833 1558 2865 ;
1590 2810 1739 2879 quod

143 2906 288 2959 enim
314 2905 492 2960 visum
516 2912 599 2959 est
632 2903 773 2958 aliud
803 2913 946 2969 erat,
997 2904 1140 2973 quod
1178 2904 1357 2955 amem
1414 2901 1735 2970 interpreta-

148 3007 259 3053 tum
303 2998 472 3053 aliud.
528 2996 635 3051 Sed
688 3006 815 3067 puta
880 2996 1008 3066 quia
1056 2993 1315 3050 transfert
1352 3002 1408 3047 et
1467 2992 1604 3047 leam
1667 2993 1735 3047 ad

148 3102 371 3159 regnum
402 3106 417 3143 :
451 3090 843 3158 interpretatur
884 3090 1028 3144 enim
1065 3086 1290 3157 angelus
1316 3086 1365 3141 ei
1392 3086 1484 3156 qui
1528 3086 1737 3140 viderat

149 3194 200 3240 et
232 3184 473 3255 reliquas
502 3184 647 3239 feras
670 3182 1093 3253 unumquodque
1120 3182 1174 3235 in
1202 3196 1298 3235 sua
1323 3180 1731 3236 constitutione.

152 3273 208 3332 Si
236 3276 336 3331 ista
372 3276 520 3331 enim
551 3290 671 3346 quae
701 3277 841 3344 apud
886 3288 985 3328 nos
1024 3283 1151 3327 sunt
1183 3282 1239 3328 et
1266 3273 1498 3328 visibilia
1528 3272 1733 3327 haben-

156 3376 261 3432 tur,
305 3366 699 3422 transferamus
729 3367 798 3420 ad
846 3365 1161 3430 invisibilia,
1216 3374 1271 3420 et
1316 3366 1561 3422 dicamus
1607 3366 1734 3434 quia

153 3475 255 3514 non
300 3461 545 3524 aderant,
596 3459 690 3514 sed
726 3461 841 3514 visa
893 3469 1053 3525 sunt;
1083 3468 1139 3513 et
1178 3460 1315 3514 visio
1349 3468 1472 3525 est,
1513 3469 1570 3514 et
1629 3474 1734 3514 non

156 3562 356 3605 natura:
386 3550 691 3620 progenies.
733 3549 1102 3606 Transeamus
1135 3551 1200 3605 ad
1236 3551 1427 3614 Deum,
1459 3550 1547 3605 ubi
1580 3552 1736 3606 sedes

156 3650 277 3695 sunt
326 3642 549 3711 positas;
612 3651 667 3697 et
729 3644 839 3714 jam
907 3657 1013 3697 non
1073 3642 1318 3698 dicamus
1382 3643 1538 3697 sedes
1589 3642 1736 3696 aliud

158 3732 378 3803 aliquid,
429 3737 523 3791 sed
566 3736 711 3807 ipsas
750 3738 907 3792 sedes
940 3745 1033 3793 :et
1059 3750 1164 3791 non
1195 3736 1305 3805 jam
1336 3735 1580 3791 dicamus
1609 3735 1734 3804 quia

160 3825 303 3881 visus
327 3837 408 3881 est
432 3827 525 3896 qui
558 3842 663 3881 non
686 3837 769 3883 est
799 3829 1051 3893 visibilis,
1080 3829 1173 3883 sed
1196 3829 1331 3883 visio
1351 3838 1453 3882 est.
1487 3825 1734 3882 Iudicem

161 3906 495 3973 introducere
513 3918 711 3973 audeat
726 3918 817 3989 qui
840 3919 969 3986 vult,
996 3920 1075 3974 sic
1091 3918 1337 3974 concedit
1363 3919 1412 3973 ei
1435 3918 1733 3989 Scriptura.

165 4007 462 4066 Meminisse
514 4021 693 4065 autem
747 4020 959 4081 oportet
1001 4011 1125 4081 quia
1181 4012 1548 4081 suggessimus
1594 4012 1737 4080 quod

164 4103 395 4171 suggerit
428 4111 485 4157 et
518 4112 734 4167 natura,
780 4104 905 4172 quia
950 4102 1093 4159 oculi
1147 4101 1328 4157 futura
1375 4118 1483 4157 non
1528 4102 1735 4157 vident.

165 4186 341 4259 Neque
394 4202 520 4262 post
579 4193 857 4264 quodlibet
937 4204 1273 4250 momentum
1351 4193 1431 4248 lea
1500 4193 1736 4264 primum

169 4294 379 4350 regnum
413 4295 542 4342 tunc
579 4287 678 4342 sub
720 4285 946 4343 Daniele
997 4297 1135 4355 erat,
1163 4301 1429 4356 ursusque
1471 4284 1586 4355 ejus
1610 4300 1737 4341 suc-

169 4378 325 4432 cessit
372 4392 539 4449 regno
575 4382 818 4449 :pardus
854 4381 1077 4435 tertium
1123 4395 1367 4451 regnum.
1425 4380 1539 4435 Non
1591 4382 1737 4437 enim

169 4481 482 4540 unoquoque
526 4471 746 4526 animali
785 4486 1033 4541 regnum,
1090 4474 1186 4527 sed
1230 4488 1566 4543 unaquaque
1621 4474 1736 4530 fera

172 4571 381 4629 regnum
414 4571 500 4617 est
550 4562 755 4619 habens
797 4563 995 4618 multos
1036 4578 1211 4634 reges.
1266 4564 1407 4635 Ergo
1450 4580 1620 4635 usque
1670 4566 1738 4621 ad

173 4661 411 4715 quartum
436 4666 661 4723 regnum
702 4653 855 4708 multi
890 4667 1063 4724 reges.
1100 4652 1231 4709 Post
1272 4665 1523 4723 quartam
1556 4666 1733 4711 autem

174 4751 382 4808 regnum
429 4742 691 4811 judicium
742 4746 1027 4799 adversum
1090 4756 1344 4815 quatuor,
1410 4754 1465 4801 et
1507 4756 1738 4816 quatuor

174 4840 273 4885 Ion
305 4832 586 4890 adversum
620 4836 875 4905 primum.
914 4835 1101 4889 Daniel
1131 4846 1311 4891 autem
1351 4845 1407 4891 et
1448 4838 1644 4905 primo,
1684 4848 1739 4893 et

174 4922 416 4988 secundo,
466 4934 521 4980 et
566 4926 748 4993 tertio,
783 4934 837 4981 et
878 4935 1074 4996 quarto
1109 4942 1277 4997 regno
1306 4925 1572 4995 judicium
1612 4941 1736 5000 post

128 5042 131 5045 -
177 5012 510 5070 novissimum
532 5028 783 5087 quartum
808 5058 823 5084 ,
854 5019 905 5071 in
944 5033 1051 5073 uno
1084 5029 1358 5074 momento
1391 5020 1547 5075 vidit.
1586 5019 1736 5076 Nun-

179 5103 295 5171 quid
330 5117 548 5176 possunt
576 5108 804 5164 adunari
827 5124 889 5163 ea
920 5125 1040 5179 qua:
1071 5111 1231 5165 hodie
1260 5109 1401 5166 facta
1430 5122 1575 5180 sunt,
1609 5128 1733 5168 cum

180 5192 255 5248 his
272 5210 385 5265 qua
417 5201 657 5259 crastino
691 5200 843 5266 ilent,
888 5210 945 5257 et
990 5204 1151 5257 tertio
1188 5212 1245 5257 et
1283 5214 1480 5274 quarto
1508 5205 1631 5272 die,
1677 5213 1737 5261 ut

181 5284 479 5344 videantur?
509 5289 566 5347 Si
595 5292 759 5363 igitur
779 5306 843 5347 ea
870 5306 990 5362 qua:
1016 5293 1068 5346 in
1101 5302 1332 5363 quatuor
1360 5294 1555 5350 diebus
1577 5295 1733 5363 iiunt,

182 5377 241 5429 ad
275 5391 431 5436 unum
472 5386 805 5439 momentum
836 5384 1131 5440 convenire
1160 5400 1266 5441 non
1294 5396 1521 5457 possunt
1556 5402 1572 5439 :
1603 5401 1739 5457 quo-

184 5470 407 5529 modoea
430 5490 549 5546 qua
578 5475 637 5531 in
666 5487 902 5547 quatuor
929 5477 1111 5549 regnis
1146 5477 1287 5534 facta
1324 5487 1471 5545 sunt,
1512 5488 1567 5535 et
1605 5478 1739 5535 ﬂent

185 5558 232 5612 in
259 5565 411 5619 tantis
447 5567 661 5624 saeculis
705 5578 762 5625 et
798 5570 1159 5640 temporibus,
1213 5571 1267 5626 in
1308 5585 1418 5626 uno
1460 5581 1738 5627 momento

187 5650 341 5708 oculis
390 5656 551 5714 videri
608 5662 944 5730 potuerunt?
996 5660 1140 5733 Ergo
1189 5677 1313 5733 quas
1350 5662 1485 5717 vidit
1535 5661 1733 5718 Daniel

250 5852 293 5886 οδ
328 5856 454 5920 Dan.
496 5881 590 5933 νη.
629 5867 687 5923 2.
759 5868 804 5901 ιι
838 5868 967 5925 ibid.
1042 5868 1089 5901 ιι
1128 5868 1232 5925 Isa.
1273 5884 1385 5936 xu.
1425 5870 1486 5937 is
1529 5884 1652 5939 xm.
1698 5869 1751 5924 ιο

1835 1974 2117 2029 hominum
2152 1988 2255 2027 non
2287 1973 2563 2035 videntur,
2599 1985 2707 2025 non
2739 1978 2869 2023 sunt
2903 1969 3232 2038 corporalia.
3282 1966 3435 2023 Vidit

1836 2065 2024 2120 Daniel
2058 2084 2070 2119 :
2100 2065 2229 2135 quid
2255 2064 2426 2118 vidit?
2448 2065 2573 2134 quia
2605 2066 2751 2117 sedes
2775 2075 2896 2115 sunt
2916 2061 3123 2127 posite.
3160 2057 3432 2126 Quando?

1837 2156 1894 2212 Si
1939 2157 2083 2210 enim
2130 2154 2396 2225 judicium
2444 2155 2619 2219 vidit,
2662 2163 2790 2208 tunc
2834 2154 3021 2223 utique
3071 2168 3194 2207 cum
3247 2150 3429 2223 quarti

1837 2250 1987 2318 regni
2050 2248 2400 2318 interemptio
2450 2246 2630 2301 futura
2678 2255 2789 2303 est.
2839 2246 3037 2301 lterum
3082 2256 3261 2300 tamen
3305 2259 3433 2300 cum

1836 2341 1953 2396 haec
2001 2341 2240 2405 videret,
2299 2354 2405 2395 non
2454 2339 2657 2395 ﬁebant
2698 2354 2762 2395 ea
2816 2353 2939 2408 qua
3005 2338 3245 2393 videbat.
3322 2336 3434 2392 Cur

1836 2444 2017 2489 autem
2058 2445 2111 2490 et
2143 2434 2301 2489 sedes
2336 2433 2503 2498 videt,
2538 2432 2812 2486 Iudicium
2859 2431 3019 2493 sedit,
3050 2429 3186 2484 visio
3211 2428 3278 2483 ad
3314 2425 3433 2482 eli~

1836 2527 2093 2583 cientiam
2122 2527 2266 2581 facta
2304 2535 2388 2581 est
2419 2527 2517 2581 rei.
2575 2524 2710 2591 Quia
2744 2525 2888 2579 enim
2914 2522 3055 2593 apud
3086 2537 3185 2577 nos
3219 2520 3433 2590 judices

1837 2622 1890 2674 in
1923 2620 2050 2675 sede
2074 2620 2327 2675 sedentes
2358 2619 2606 2675 subditos
2635 2617 2738 2673 sibi
2765 2616 3040 2686 judicant,
3079 2614 3232 2679 dicit,
3265 2612 3431 2667 Sedes

1837 2724 1955 2767 sunt
1990 2715 2197 2783 posila’.
2236 2714 2303 2768 Et
2355 2724 2505 2769 certe
2551 2713 2597 2767 si
2654 2712 2775 2767 talis
2821 2720 2968 2767 esset
3009 2711 3151 2765 Deus
3204 2718 3427 2771 natura,

1839 2823 1945 2861 non
1981 2806 2169 2862 debuit
2202 2807 2409 2871 dicere,
2461 2807 2649 2875 posita:
2693 2812 2820 2859 sunt
2863 2804 3043 2870 sedes,
3092 2802 3211 2868 sed,
3248 2811 3428 2857 erant.

1838 2897 1895 2953 Si
1919 2908 2102 2953 autem
2120 2900 2308 2970 positae
2336 2910 2462 2955 sunt
2484 2913 2604 2969 qua:
2630 2914 2736 2953 non
2762 2907 2913 2953 erant
2942 2907 3102 2951 antea
3130 2894 3429 2958 collocata,

1839 2999 1891 3045 et
1924 2992 2067 3045 sedit
2096 2991 2187 3061 qui
2222 3001 2350 3047 ante
2388 3006 2493 3047 non
2527 2991 2785 3055 sedebat;
2807 3006 2939 3061 ergo
2963 3003 3063 3044 nec
3089 2998 3221 3043 tunc
3242 2986 3436 3058 posita:

1838 3092 1987 3149 sunt,
2015 3097 2116 3138 nec
2145 3094 2273 3140 tunc
2298 3087 2439 3140 sedit
2464 3102 2475 3138 :
2498 3087 2592 3141 sed
2618 3085 2857 3141 ostendit
2874 3098 2970 3153 per
2990 3098 3055 3137 ea
3076 3097 3195 3152 quae
3213 3080 3434 3150 cognita

1841 3185 1966 3229 sunt
2023 3175 2181 3231 nobis
2244 3176 2409 3231 verba
2462 3176 2810 3232 ellicientiam
2862 3175 2958 3229 Dei
3024 3175 3092 3229 ad
3145 3172 3433 3243 judicium.

1842 3269 2081 3338 Denique
2107 3280 2163 3324 et
2194 3270 2481 3340 descripsit
2515 3271 2625 3324 illic
2656 3270 2807 3325 albos
2852 3268 3097 3337 capillos,
3142 3267 3434 3323 candidam

1839 3370 2066 3429 vestem,
2109 3361 2286 3430 ignem
2333 3372 2463 3417 ante
2493 3363 2754 3432 judicem,
2815 3371 2871 3416 et
2918 3359 3141 3414 ﬂuvium
3188 3360 3430 3430 igneum.

1843 3456 2147 3511 Dicitenim
2172 3457 2298 3527 quia
2335 3456 2588 3512 Vetustas
2616 3459 2822 3518 dierum
2854 3458 3011 3511 sedit.
3045 3456 3154 3512 Cur
3178 3466 3428 3511 vetustus

1840 3548 2091 3601 dierum?
2141 3549 2208 3602 Et
2255 3558 2403 3603 certe
2433 3564 2503 3603 ne
2531 3548 2748 3617 quidem
2785 3550 2899 3603 dies
2932 3563 3068 3614 opus
3099 3559 3228 3603 sunt
3264 3549 3377 3603 Deo
3417 3567 3429 3601 :

1840 3640 1930 3694 sed
1963 3641 2088 3709 quia
2134 3641 2458 3696 resurrectio
2490 3641 2653 3696 [iebat
2689 3641 2741 3695 in
2772 3643 2919 3696 exitu
2956 3650 3176 3696 aetatum
3210 3657 3393 3711 regum
3417 3681 3433 3703 ,

1842 3732 2069 3786 multum
2108 3742 2319 3802 tempus
2352 3734 2722 3788 necessarium
2754 3734 3079 3789 habebatur.
3124 3733 3259 3801 Quia
3286 3736 3435 3789 enim

1840 3840 1936 3894 per
1965 3825 2163 3880 multos
2195 3826 2313 3881 dies
2356 3826 2749 3895 expediebatur
2794 3828 2961 3892 istud,
2992 3825 3278 3882 Vetustum
3319 3827 3437 3881 die-

1842 3916 1960 3970 runi
1996 3918 2245 3972 nominat
2278 3916 2542 3986 judicem.
2587 3917 2650 3971 Et
2679 3918 2804 3987 quia
2843 3919 3104 3974 mundum
3135 3927 3254 3974 erat
3286 3917 3438 3987 judi-

1840 4011 1983 4066 cium
2047 4020 2103 4065 et
2154 4012 2508 4080 purissimum
2543 4052 2558 4077 ,
2618 4021 2672 4065 et
2732 4010 3057 4079 inﬂexibile;
3094 4013 3205 4067 albi
3255 4013 3437 4084 capilli

1840 4105 2028 4159 mundi
2046 4100 2265 4173 judicis,
2302 4113 2358 4159 et
2387 4104 2619 4159 candida
2655 4106 2773 4175 ejus
2806 4106 3127 4162 vestimenta
3160 4115 3215 4161 el.
3238 4106 3438 4161 imma-

1840 4196 2017 4250 culata
2052 4195 2310 4251 dicuntur
2342 4212 2355 4247 :
2391 4195 2512 4250 ideo
2538 4205 2595 4250 et
2627 4194 2805 4265 capilli
2834 4195 2979 4262 albi,
3022 4196 3137 4252 sive
3186 4205 3435 4251 vetusta-

1844 4296 1949 4339 tem
1996 4287 2381 4341 annuntiantes
2435 4296 2495 4341 et
2533 4287 2673 4356 ipsi,
2721 4287 2835 4342 sive
2885 4287 3073 4357 judicii
3115 4289 3434 4357 puritatem.

1840 4377 1953 4447 Ego
1976 4387 2157 4432 autem
2188 4387 2243 4433 et
2275 4379 2593 4450 contingere
2628 4380 2942 4434 istiusmodi
2983 4380 3225 4435 habitum
3264 4379 3435 4451 pertio

1842 4484 2045 4523 mesco.
2098 4468 2156 4523 Si
2216 4480 2399 4525 autem
2449 4486 2556 4526 non
2614 4480 2736 4526 erat
2783 4471 2925 4540 quod
2966 4471 3257 4538 diceretur,
3288 4472 3436 4542 quod

1772 4595 1814 4649 Β
1844 4568 2027 4630 posset
2051 4561 2305 4616 omnibus
2333 4562 2503 4615 videri
2537 4566 2794 4616 recedere
2837 4562 2905 4616 ab
2931 4562 3233 4617 istiusmodi
3270 4577 3438 4618 sensu

1846 4661 2104 4707 tacerem.
2144 4648 2250 4705 Sed
2297 4652 2535 4719 timidos,
2566 4654 2761 4722 inquit,
2796 4653 2975 4709 facitis
3002 4654 3141 4709 iilios
3174 4653 3336 4721 Israel
3362 4654 3436 4711 ⁸⁷.

1843 4743 1957 4797 Cur
1982 4744 2162 4797 autem
2192 4752 2245 4796 et
2271 4740 2469 4797 ﬂuvius
2508 4742 2617 4797 illic
2661 4744 2849 4813 igneus
2891 4743 3102 4809 currit,
3139 4743 3268 4799 dicit
3306 4744 3437 4815 quia

1836 4834 2131 4891 interfecta
2168 4845 2250 4889 est
2278 4836 2475 4901 bestia,
2516 4844 2571 4890 et
2600 4850 2797 4904 corpus
2831 4835 2947 4903 ejus
2980 4834 3164 4890 datum
3203 4845 3289 4890 est
3324 4836 3436 4908 igni

1845 4926 1910 4981 ad
1939 4929 2301 4982 exurendum.
2335 4926 2453 4996 Qua
2492 4928 2637 4981 enim
2673 4929 2942 4982 sententia
2978 4929 3206 4983 bestiam
3249 4929 3438 4984 mitte-

1842 5020 1935 5073 bat
1984 5019 2038 5074 in
2078 5020 2282 5089 ignem,
2321 5021 2473 5090 prius
2510 5021 2834 5092 praeparavit
2883 5031 3291 5091 operamentum
3336 5036 3439 5091 per

1842 5111 1987 5179 quod
2023 5112 2265 5166 futurum
2295 5122 2413 5167 erat
2448 5112 2735 5182 judicium.
2796 5114 2871 5167 De
2912 5114 2999 5167 his
3038 5113 3205 5184 igitur
3228 5128 3348 5181 qua:
3376 5114 3435 5171 in

1842 5202 2065 5259 Daniele
2101 5215 2229 5260 sunt
2262 5206 2437 5275 posita
2466 5246 2481 5273 ,
2524 5220 2591 5260 ex
2638 5205 2831 5261 bestiis
2882 5207 2989 5262 illis
3046 5219 3269 5261 manent
3312 5223 3436 5277 qua

1844 5296 1977 5350 visat
2022 5306 2148 5349 sunt
2199 5294 2367 5362 forte,
2415 5312 2525 5353 non
2580 5308 2757 5353 autem
2805 5314 2925 5369 quae
2970 5299 3437 5356 annuntiabantur

1844 5401 2011 5459 regna
2040 5428 2058 5455 ,
2088 5398 2144 5442 et
2172 5403 2239 5445 ex
2276 5390 2610 5460 temporibus
2640 5406 2761 5461 qum
2794 5392 2997 5446 habent
3037 5391 3212 5461 spatia
3254 5405 3435 5446 sacu-

1844 5479 2045 5548 lorum,
2080 5496 2204 5552 qua:
2234 5481 2524 5551 conjuncta
2565 5495 2692 5539 sunt
2738 5500 2833 5555 per
2880 5484 3147 5539 visionem
3175 5482 3239 5537 ad
3266 5498 3436 5541 unum

1843 5584 2200 5639 momentum,
2233 5583 2291 5630 et
2314 5589 2382 5630 ex
2423 5590 2489 5631 eo
2525 5577 2668 5646 quod
2717 5577 2979 5648 judicium
3028 5592 3137 5631 non
3184 5585 3310 5631 tunc
3347 5584 3436 5633 est

1841 5664 2067 5734 factum,
2098 5668 2317 5738 quando
2344 5679 2402 5725 et
2427 5672 2602 5727 visum
2646 5680 2762 5739 est;
2810 5686 2916 5729 non
2948 5669 3121 5728 solum
3153 5669 3221 5725 ad
3249 5670 3433 5742 suspi-

1829 5869 1873 5905 "
1931 5870 2106 5927 Levit.
2161 5888 2255 5932 xv.
2304 5872 2399 5928 δι.
