4048 6322
653 397 782 457 1167

1313 386 1581 447 EUSEBII
1618 379 2091 441 CESARIENSIS
2128 375 2221 435 ΟΡ]

2322 375 2495 432 PARS
2529 373 2620 432 Π.
2657 403 2728 416 --
2765 367 3183 432 DOGIIATICA.

3755 365 3891 421 “68

653 519 875 576 calidum
911 513 1080 576 Deum
1108 528 1302 583 corpus
1345 525 1465 564 esse
1512 521 1617 560 non
1653 504 1834 560 debuit
1868 517 1972 559 non
2007 503 2206 567 sinere,
2238 503 2283 562 Α
2311 497 2480 552 medio
2509 511 2713 564 campo,
2759 505 2807 550 et
2840 493 3069 548 surrexit
3095 507 3240 547 meus
3264 491 3600 560 manipulus,
3635 497 3687 544 at
3725 497 3892 541 restas

651 612 741 674 sed
775 612 953 687 potius
993 609 1058 667 ad
1093 603 1514 661 satisfactionem
1563 597 1772 661 venire,
1801 594 1925 664 quia
1963 591 2211 661 incorpo-

653 681 792 766 ralis-
811 716 892 762 est
919 703 1080 756 Deus.
1131 699 1222 752 Est
1271 705 1447 748 autem
1499 689 1724 745 rationis
1766 697 1822 742 et
1874 686 1958 741 his
2012 681 2210 740 similia

651 800 869 855 addere.
911 795 1026 882 Ipsa
1075 793 1218 847 enim
1251 786 1388 842 visio
1421 783 1655 838 Dauielis
1698 795 1818 851 quin
1863 791 1960 882 per
2010 774 2214 830 bestias

651 892 788 948 facta
819 867 1111 952 est,‘sor0t
1158 890 1240 937 est
1279 880 1394 948 ejus
1419 891 1582 946 quam
1619 873 1755 928 vidit
1791 883 1889 941 per
1922 867 2210 938 imaginem

652 978 1165 1038 Nabuchodonosor,
1204 983 1259 1026 et
1303 969 1545 1024 salvstur
1586 980 1706 1018 cum
1745 959 2060 1031 paenitentia
2098 955 2211 1027 (79)

651 1077 1045 1142 comparantur,
1075 1075 1129 1120 et
1160 1078 1191 1118 e
1217 1070 1405 1117 contra
1442 1064 1716 1128 ponuntur
1739 1065 1803 1106 ea
1835 1063 1954 1121 qua
1994 1049 2046 1102 in
2082 1048 2211 1100 ima-

650 1140 901 1234 ginevisa
925 1169 1068 1222 sunt,
1101 1165 1154 1212 et
1176 1169 1238 1210 ea
1256 1167 1374 1223 quae
1395 1166 1490 1220 per
1513 1149 1773 1203 visionem
1793 1145 1951 1199 istam
1976 1140 2212 1196 ferarum

649 1231 862 1310 ostensa
923 1258 1236 1304 noscuntur.
1285 1244 1525 1310 Quatuor
1576 1239 1721 1294 enim
1771 1242 1929 1291 erant
1985 1241 2040 1286 et
2092 1231 2214 1286 istic

649 1349 776 1403 fer:
798 1347 1010 1400 diversa
1046 1351 1278 1403 natura;
1323 1344 1556 1407 quatuor
1592 1339 1771 1386 autem
1801 1338 1857 1384 et
1889 1328 1996 1384 illic
2043 1332 2214 1382 mate-

649 1441 745 1495 rie
771 1443 1102 1494 concurrunt
1135 1431 1199 1485 ad
1241 1425 1687 1496 compositionem
1731 1419 1889 1475 unius
1936 1416 2211 1488 imaginis,

646 1541 704 1588 et
741 1530 873 1585 nihil
903 1543 998 1582 nos
1027 1523 1271 1595 prohibet
1303 1534 1466 1572 unum
1491 1519 1558 1570 ad
1585 1529 1752 1571 unum
1782 1514 2116 1580 interrogate
2157 1515 2212 1561 et

648 1625 851 1680 videre.
881 1619 986 1675 Lea
1011 1629 1238 1687 regnans
1274 1612 1504 1668 habetur
1539 1609 1592 1663 in
1621 1607 1750 1662 feris
1776 1622 1789 1659 :
1815 1617 2004 1658 aurum
2032 1611 2212 1654 autem

648 1713 957 1786 praecedens
1003 1710 1052 1763 in
1093 1703 1393 1761 istiusmodi
1437 1699 1680 1757 materiis
1709 1716 1723 1751 :
1750 1695 1912 1766 fulget
1959 1694 2124 1755 enim,
2158 1697 2214 1744 et

647 1812 788 1866 sicut
817 1804 952 1875 ignis
995 1817 1048 1856 in
1091 1809 1284 1864 nocte,
1328 1797 1399 1850 ita
1442 1807 1632 1848 aurum
1681 1791 1822 1845 inter
1860 1795 2050 1842 cetera
2095 1797 2214 1853 quas

1443 1884 1605 1954 igitur
1633 1881 1702 1936 ab
1734 1878 1965 1949 imagine
1995 1851 2214 1946 quidem
2244 1851 2288 1907 Β

649 1966 807 2062 caput
853 1999 1110 2051 aureum;
1163 1998 1192 2036 a
1233 1980 1438 2034 visione
1491 1987 1671 2031 autem
1715 1973 1875 2028 istam
1925 1969 2087 2026 leam.
2147 1966 2216 2022 Et

648 2083 790 2139 forte
812 2081 932 2135 ideo
960 2087 1190 2144 utraque
1223 2071 1450 2128 femineo
1495 2067 1732 2130 nomine,
1781 2064 1906 2135 quia
1941 2070 1998 2116 et
2027 2074 2215 2130 regna.

651 2171 780 2228 inde
831 2170 1160 2225 accinlamus
1209 2171 1526 2234 argenteum
1579 2166 1793 2228 pectus,
1841 2162 1898 2210 et
1942 2152 2212 2209 brachia:

649 2271 771 2333 post
808 2273 1018 2320 aurum,
1043 2263 1326 2324 argentum
1351 2291 1366 2317 ,
1404 2257 1530 2320 post
1556 2246 1718 2308 leam,
1741 2258 1926 2322 ursum
1961 2258 1976 2296 :
2012 2250 2067 2296 et
2093 2239 2216 2304 tria,

652 2328 762 2408 illic
800 2355 1171 2409 ammentum,
1215 2341 1339 2397 istic
1384 2337 1656 2409 pardum;
1704 2331 2026 2390 subducitur
2073 2328 2216 2384 enim

649 2443 942 2502 secundum
975 2434 1352 2512 ptenitentiam
1388 2428 1502 2502 (80)
1542 2426 1895 2498 comparatio.
1945 2424 2074 2478 inde
2107 2426 2216 2492 jam

653 2535 971 2608 permistum
1019 2531 1218 2586 ferrum
1264 2540 1387 2582 cum
1428 2531 1609 2587 testa;
1669 2521 1795 2575 istic
1845 2517 2018 2573 bestia
2066 2515 2221 2584 cujus

653 2607 882 2699 iiguram
934 2632 1156 2696 propter
1193 2618 1509 2674 varietatem
1558 2629 1663 2670 non
1716 2608 2100 2666 manifestavit.
2155 2607 2222 2662 Et

653 2698 765 2776 illic
803 2717 940 2787 lapis
962 2711 1279 2771 comminuit
1318 2709 1647 2777 imaginem;
1679 2703 1799 2759 istic
1821 2701 1988 2772 judex
2013 2698 2220 2769 iudicat

655 2810 877 2867 bestias.
922 2806 980 2862 Si
1025 2804 1145 2876 quis
1193 2803 1358 2874 igitur
1407 2796 1780 2854 contentiosus
1824 2791 2056 2847 voluerit
2105 2790 2220 2845 haec

652 2900 880 2958 visbilia
909 2911 1061 2964 esse,
1097 2895 1241 2950 dicat
1272 2890 1427 2946 nobis
1454 2897 1631 2944 utrum
1673 2893 1836 2954 caput
1871 2891 1954 2940 est
1993 2894 2217 2936 aureum

655 2995 739 3050 lea
778 3011 792 3046 :
827 3001 1054 3058 utraque
1102 2977 1246 3040 enim
1299 2982 1368 3038 ad
1427 2981 1529 3036 hoc
1574 2978 1748 3048 ipsum
1779 2980 2130 3038 concurrunt,
2163 2980 2220 3028 et

655 3093 885 3152 utraque
927 3077 1028 3134 sibi
1068 3089 1173 3130 non
1225 3071 1447 3137 similia,
1497 3081 1672 3137 neque
1703 3067 1795 3137 qui
1843 3064 2215 3119 annuntiatur.

2313 589 2474 650 stetit,
2506 597 2555 640 et
2584 587 2814 640 conuersi
2845 583 3102 652 manipuli
3138 583 3292 637 uestri
3324 582 3682 636 adornarunt
3723 593 3892 630 meum

2310 677 2639 746 manipulum
2683 675 2752 732 ⁸³.
2791 675 2857 730 Et
2889 675 3279 743 interpretatur
3307 681 3461 742 pater
3480 712 3496 737 ,
3522 679 3579 725 et
3602 666 3894 737 suspican-

2316 782 2401 826 tur
2444 768 2664 831 fratres.
2713 767 2842 838 quia
2898 765 3120 835 incipiet
3184 778 3415 834 regnare
3475 776 3648 831 super
3703 758 3895 814 [mres

2313 879 2460 919 suos.
2485 861 2553 916 Et
2579 876 2722 915 nunc
2746 859 2967 930 quidem
3007 855 3262 927 manipuli
3290 871 3306 910 :
3338 857 3536 909 iterum
3559 863 3750 908 autem
3781 851 3896 919 ipse

2313 955 2479 1010 solem
2511 963 2565 1009 et
2605 952 2786 1006 lunam
2825 949 2972 1004 videt
3009 958 3067 1004 et
3103 947 3346 1003 undecim
3382 945 3584 1002 stellas.
3619 941 3820 998 Diﬂert
3843 943 3894 995 in

2313 1048 2478 1119 gloria
2511 1044 2688 1110 stella,
2731 1040 3039 1111 manipulus
3085 1054 3192 1094 non
3240 1035 3440 1092 diﬂ‘ert.
3505 1035 3617 1091 Sed
3671 1042 3897 1105 apparet

2313 1139 2438 1209 quia
2473 1137 2627 1193 stella
2668 1134 2943 1205 manipulo
2986 1134 3054 1188 ad
3091 1132 3232 1202 quod
3270 1139 3496 1201 accepta
3531 1137 3643 1194 est,
3676 1142 3788 1182 non
3817 1137 3896 1181 est

2314 1233 2523 1289 melior.
2556 1229 2694 1286 Cum
2731 1229 2878 1286 enim
2940 1234 3094 1296 pater
3127 1225 3336 1295 positus
3376 1230 3463 1278 est
3498 1222 3554 1276 in
3580 1219 3711 1276 loco
3747 1217 3897 1284 solis,

2312 1334 2487 1382 mater
2524 1331 2702 1378 autem
2749 1322 2804 1376 in
2856 1320 2975 1375 loco
3024 1318 3198 1379 luna.
3259 1315 3454 1369 fratres
3493 1322 3897 1381 consequenter

2312 1414 2682 1472 eiiiclebantur
2705 1413 2760 1469 in
2788 1412 2908 1468 loco
2933 1410 3209 1484 stellarum
3245 1425 3258 1462 :
3289 1407 3428 1462 forte
3449 1420 3635 1462 autem
3671 1421 3775 1460 nec
3796 1405 3895 1459 ista

2313 1507 2637 1579 simpliciter
2696 1505 2955 1561 debemus
3011 1501 3249 1557 transire
3295 1518 3310 1555 :
3349 1501 3446 1554 sed
3488 1499 3624 1568 quia
3689 1497 3900 1552 occasio

2315 1599 2654 1657 adorationis
2680 1597 2818 1651 facta
2841 1603 2927 1652 est
2952 1595 3221 1649 fructuum
3256 1591 3612 1656 abundantia,
3643 1589 3776 1645 ideo
3803 1603 3901 1642 non

2316 1693 2385 1747 ab
2418 1692 2522 1746 alia
2547 1687 2837 1746 occasione
2882 1685 3021 1740 vidit
3053 1686 3342 1740 adorantes
3381 1696 3444 1737 se
3483 1680 3720 1744 fratres,
3743 1693 3900 1748 quam

2318 1802 2347 1839 a
2387 1782 2677 1854 manipulis
2710 1779 2994 1834 messium.
3064 1776 3121 1831 Si
3165 1775 3288 1845 quis
3341 1783 3523 1830 autem
3563 1771 3809 1827 voluerit
3852 1779 3905 1827 et

2319 1877 2523 1942 stellas,
2552 1884 2611 1928 et
2633 1873 2840 1937 lunam,
2877 1863 2940 1926 et"
2959 1869 3132 1925 solem
3164 1867 3465 1938 requirere,
3495 1868 3566 1921 ad
3593 1866 3765 1920 istum
3788 1879 3900 1919 ser-

2320 1982 2533 2024 monem
2565 1963 2804 2020 inveniet
2837 1977 3190 2019 concurrere.
3231 1960 3364 2028 Quis
3405 1958 3552 2013 enim
3588 1957 3809 2027 ignorat
3840 1968 3901 2010 ex

2317 2061 2568 2117 omnibus
2590 2057 2759 2129 Moysi
2793 2069 2981 2111 vocem
3003 2097 3018 2121 ,
3044 2053 3170 2124 quia
3197 2068 3264 2107 ex
3293 2051 3537 2122 frugibus
3562 2065 3706 2120 quos
3739 2050 3904 2104 nutrit

2319 2153 2398 2209 sol
2439 2163 2492 2207 et
2523 2151 2649 2205 luna
2675 2191 2691 2214 ,
2731 2148 2873 2204 facta
2901 2149 3116 2203 occasio
3157 2154 3242 2201 est
3272 2145 3538 2199 visionis?
3593 2143 3743 2213 Ergo
3777 2142 3901 2211 quia

2319 2247 2589 2300 fructuum
2621 2251 2744 2298 erat
2767 2242 3006 2305 occasio,
3028 2254 3126 2310 per
3146 2253 3209 2293 ea
3235 2251 3356 2308 quae
3382 2236 3566 2307 fruges
3594 2237 3899 2303 enutriunt,

2321 2337 2464 2392 facta
2490 2345 2575 2392 est
2600 2345 2655 2390 et
2680 2334 2822 2390 visio
2852 2332 3070 2402 duplex.
3100 2330 3265 2386 Putas
3281 2344 3427 2401 ergo
3453 2330 3579 2400 quia
3605 2328 3813 2399 aliquis
3838 2344 3900 2385 ex

2322 2432 2406 2485 his
2427 2429 2521 2500 qui
2545 2428 2763 2492 adsunt,
2795 2425 3085 2497 invigilans
3111 2435 3168 2479 et
3195 2424 3427 2486 sobrius,
3465 2423 3734 2494 cogitavit
3759 2427 3895 2493 apud

2321 2538 2381 2577 se
2411 2531 2470 2576 ut
2502 2520 2740 2586 sobrius,
2771 2518 2900 2590 quia
2929 2519 3048 2574 ista:
3078 2517 3319 2574 visiones
3348 2529 3445 2585 per
3467 2517 3744 2571 insomnia
3769 2522 3890 2569 sunt

2323 2615 2498 2678 facta,
2540 2620 2596 2668 et
2641 2612 2779 2668 forte
2823 2610 3190 2681 suspicabitur
3221 2609 3332 2664 vim
3373 2608 3555 2664 facere
3589 2623 3694 2663 nos
3741 2617 3796 2664 et
3822 2608 3900 2662 his

2320 2704 2619 2760 visionibus
2655 2718 2776 2774 qua
2825 2717 2922 2772 per
2967 2701 3238 2757 insomnia
3281 2701 3437 2755 facta
3485 2710 3813 2764 noscuntur,
3847 2709 3898 2754 et

2321 2797 2388 2851 ad
2419 2795 2744 2852 solutionem
2766 2808 2859 2850 eas
2879 2793 3147 2863 accipere,
3168 2807 3289 2863 qua
3321 2791 3574 2848 videntur
3600 2805 3702 2861 per
3724 2789 3902 2845 oculis

2321 2886 2452 2941 visa:
2483 2883 2552 2940 ab
2576 2881 3002 2954 invigiiautibus.
3042 2880 3099 2938 Si
3126 2883 3274 2937 enim
3305 2882 3377 2936 ita
3416 2891 3586 2945 esset,
3619 2883 3902 2950 subripere

2321 2976 2599 3039 deberem,
2648 2981 2704 3028 et
2742 2972 2848 3028 hoc
2895 2971 3074 3042 ipsum
3127 2971 3359 3026 suadere
3399 2980 3453 3026 et
3491 2971 3685 3026 ludere
3722 2986 3735 3020 :
3769 2969 3904 3026 forte

2324 3076 2503 3122 autem
2531 3074 2586 3120 et
2612 3064 2658 3118 si
2696 3065 3005 3130 tacuissem,
3031 3063 3159 3134 quia
3191 3078 3290 3132 per
3319 3060 3582 3118 insomnia
3609 3061 3795 3117 factus
3825 3071 3906 3118 est

655 3174 792 3243 Quid
822 3171 966 3226 enim
990 3169 1056 3223 ad
1090 3167 1229 3222 leam
1259 3162 1489 3257 aurum?
1520 3159 1662 3228 Quid
1692 3169 1872 3214 autem
1899 3167 2130 3257 utraque
2153 3155 2220 3211 ad
2249 3195 2295 3257 ϐ
2326 3157 2459 3212 mihi
2485 3169 2689 3223 sermo,
2723 3154 2936 3209 viderer
2967 3153 3051 3208 his
3087 3154 3180 3224 qui
3215 3154 3392 3208 adhuc
3429 3154 3800 3218 somniantur,
3842 3163 3897 3209 et

657 3261 920 3336 regnum?
943 3272 998 3314 et
1024 3260 1097 3312 ita
1133 3270 1198 3312 ea
1227 3269 1347 3324 quin
1374 3253 1754 3322 insequuntur,
1773 3263 1892 3320 qua
1918 3249 2063 3303 etab
2090 3249 2224 3302 ima-

657 3356 783 3426 gine
811 3350 1182 3423 proferuntur,
1209 3357 1262 3402 et
1290 3360 1408 3416 qua:
1435 3359 1465 3397 a
1499 3343 1686 3397 bestiis
1730 3342 2130 3395 discernuntur.
2162 3338 2228 3394 Et

659 3448 768 3504 illic
804 3445 941 3514 lapis
967 3444 1086 3498 sine
1113 3440 1380 3504 manibus,
1413 3446 1473 3490 ut
1508 3449 1610 3489 non
1649 3433 1880 3489 hominis
1933 3431 2008 3486 sit
2051 3444 2223 3501 opus;

660 3540 780 3596 istic
824 3537 1006 3608 judex.
1056 3534 1120 3588 Et
1164 3532 1270 3587 illic
1292 3531 1416 3600 quia
1459 3526 1698 3582 malet-ite
1749 3531 1941 3592 erant,
1993 3522 2220 3579 commi~

659 3640 929 3694 nuuntur;
964 3626 1085 3682 istic
1120 3624 1245 3694 quia
1289 3621 1458 3677 beStia
1502 3627 1636 3683 erat,
1675 3617 1727 3670 in
1759 3616 1935 3686 ignem
1968 3614 2223 3671 mittitur.

660 3721 737 3776 Ita
767 3720 1026 3776 habemus
1055 3727 1108 3773 et
1136 3713 1432 3771 Pharaonis
1461 3710 1641 3780 spicas
1664 3749 1681 3775 ,
1717 3717 1772 3763 et
1802 3709 1967 3762 boves
1998 3715 2227 3777 septem,

663 3822 717 3866 et
749 3810 973 3881 pingues
1010 3817 1065 3863 et
1103 3805 1439 3862 macilentas.
1474 3801 1543 3856 Et
1585 3809 1845 3871 quantum
1874 3800 1942 3854 ad
1977 3808 2227 3853 naturam

661 3912 911 3972 spectat,
959 3901 1126 3955 boves
1174 3897 1387 3968 quidem
1429 3896 1610 3963 spicas
1660 3893 2020 3956 manducaut,
2069 3891 2234 3962 spicae

663 4006 842 4049 autem
873 4009 902 4047 a
945 3993 1114 4047 bubus
1160 3989 1538 4045 comeduntur.
1587 3985 1740 4052 Quod
1792 3994 1971 4039 autem
2023 3983 2234 4054 signiﬁ-

664 4096 820 4142 catur
871 4093 926 4140 et
973 4084 1040 4138 ab
1095 4083 1178 4136 his
1205 4081 1293 4149 qui
1331 4077 1744 4140 manducantur,
1800 4085 1854 4131 et
1907 4077 1974 4130 ab
2021 4076 2110 4131 his
2141 4074 2235 4145 qui

667 4177 1026 4239 manducant,
1084 4173 1254 4243 ipsam
1305 4171 1658 4238 eamdemque
1710 4167 1908 4222 habent
1951 4166 2232 4221 virtutem.

666 4270 746 4324 Ad
773 4266 915 4339 quod
939 4266 1080 4321 enim
1119 4264 1292 4317 fuerat
1331 4270 1609 4329 acceptum
1653 4273 1759 4314 non
1807 4258 2090 4326 dissentit,
2140 4257 2236 4312 sed

668 4373 725 4419 et
749 4350 1056 4418 necessaria
1082 4355 1218 4411 visio
1241 4362 1346 4410 est.
1379 4351 1517 4420 Quia
1552 4351 1695 4407 enim
1715 4350 1784 4406 de
1813 4350 1990 4416 annis,
2013 4359 2069 4405 et
2099 4348 2241 4404 nati-

2329 3247 2632 3304 iuuuditum
2682 3244 2896 3300 edicere
2929 3244 3060 3314 quid
3103 3251 3162 3298 et
3205 3243 3485 3299 exhibere.
3541 3242 3686 3307 Quia
3731 3253 3908 3300 autem

2329 3339 2578 3396 veritatis
2601 3346 2684 3393 est
2716 3337 2892 3404 locus,
2950 3344 3005 3392 et
3053 3351 3160 3390 non
3209 3351 3310 3392 nos
3359 3337 3624 3392 seducere
3674 3346 3911 3407 oportet.

2330 3448 2507 3505 neque
2559 3431 2801 3488 suasioni
2859 3440 3106 3502 captare,
3170 3431 3406 3486 sciamus
3450 3430 3579 3500 quia
3632 3431 3756 3484 haec
3795 3443 3912 3500 qua

2329 3525 2473 3582 dicta
2499 3533 2626 3580 sunt
2649 3522 2831 3578 omnia
2859 3537 2957 3593 per
2993 3521 3262 3577 insomnia
3287 3521 3403 3576 visa
3438 3530 3566 3576 sunt
3590 3535 3604 3572 :
3639 3520 3914 3590 siquidem

2328 3627 2385 3672 et
2422 3613 2922 3671 Nabuchodonosor
2965 3612 3236 3668 somnium
3277 3612 3433 3680 vidit,
3475 3622 3532 3667 et
3560 3611 3754 3668 Daniel
3788 3611 3913 3668 illud

2331 3708 2475 3779 quod
2520 3706 2755 3762 diximus
2792 3719 2889 3774 per
2942 3705 3214 3760 somnium
3265 3704 3424 3767 vidit,
3468 3714 3522 3759 et
3569 3702 3827 3769 Pharao,
3866 3714 3918 3759 et

2341 3800 2665 3870 Joseph-per
2689 3796 2961 3853 insomnia
2985 3797 3296 3852 habuerunt
3323 3796 3459 3852 istas
3485 3796 3752 3851 visiones.
3775 3795 3916 3853 Nihil

2332 3907 2463 3964 ergo
2497 3891 2696 3946 mirum
2750 3889 2796 3944 si
2846 3899 2901 3943 et
2949 3888 3109 3944 nobis
3156 3903 3253 3960 per
3297 3889 3567 3944 insomnia
3616 3899 3914 3960 appareant

2334 3986 2456 4055 quae
2490 3983 2766 4038 videntur.
2815 3980 2935 4036 Alia
2964 3981 3111 4036 enim
3153 3981 3220 4036 de
3246 3980 3370 4037 aliis
3411 3980 3733 4051 frequenter
3775 3983 3916 4037 vide-

2335 4092 2478 4141 mus,
2507 4083 2600 4129 aut
2645 4080 3017 4143 tempestatem
3043 4072 3235 4138 maris,
3265 4080 3360 4126 aut
3387 4072 3755 4143 nosmetipsos
3784 4074 3914 4127 trahi

2338 4183 2369 4223 a
2399 4166 2600 4232 ﬂuviis,
2627 4173 2921 4235 autprata,
2957 4174 3051 4220 aut
3081 4163 3325 4230 fructus;
3369 4173 3464 4219 aut
3501 4165 3628 4234 quia
3659 4167 3735 4220 de
3772 4167 3919 4222 tectis

2339 4259 2650 4329 dejicimur,
2677 4267 2775 4313 aut
2799 4258 2926 4327 quia
2957 4257 3240 4313 thesauros
3272 4253 3608 4322 invenimus,
3658 4269 3760 4312 aut
3799 4258 3913 4328 quia

2340 4350 2622 4405 amisimus
2637 4348 2863 4420 aliquid,
2885 4356 2978 4402 aut
3007 4348 3134 4418 quia
3159 4348 3546 4418 subingressus
3571 4358 3657 4404 est
3680 4350 3916 4418 quidam,

671 4455 863 4520 vitate,
892 4459 948 4507 et
979 4447 1247 4503 fructibus
1271 4455 1411 4508 erat,
1447 4443 1611 4513 spicae
1653 4452 1836 4497 autem
1878 4442 2073 4496 horum
2117 4448 2243 4495 sunt
2343 4449 2436 4495 aut
2466 4440 2595 4510 quia
2637 4440 2778 4497 alius
2809 4441 2998 4505 exivit,
3035 4448 3130 4494 aut
3171 4439 3300 4509 quia
3348 4439 3563 4494 locutus
3610 4449 3701 4495 est
3747 4443 3919 4496 nescio

673 4541 992 4614 genitrices;
1040 4552 1136 4608 per
1177 4535 1354 4605 spicas
1393 4534 1609 4602 quidem
1661 4531 1785 4584 anni
1827 4531 2235 4584 annuntiantur.
2271 4545 2318 4602 ι)
2345 4533 2489 4604 quis,
2526 4541 2619 4588 aut
2661 4532 2787 4602 quia
2818 4531 2969 4588 dedit
3015 4530 3233 4601 aliquis.
3287 4528 3457 4584 Erant
3505 4540 3696 4586 autem
3741 4546 3918 4586 omnes

674 4636 806 4702 Quia
841 4642 1139 4698 autemper
1167 4641 1330 4698 opera
1356 4627 1517 4681 boum
1542 4635 1840 4678 nascuntur
1865 4621 2049 4692 spicae,
2074 4619 2240 4675 boves
2346 4625 2464 4679 istae
2499 4624 2840 4687 ambitiones,
2890 4623 3037 4679 sicut
3068 4622 3201 4678 dicit
3247 4619 3414 4677 lsaias
3446 4636 3462 4674 :
3493 4618 3647 4677 Sicut
3678 4623 3775 4693 qui
3804 4623 3919 4678 sidit

673 4739 906 4798 quorum
927 4721 1170 4794 operatio
1191 4719 1379 4790 fruges
1405 4725 1553 4786 sunt,
1589 4725 1644 4771 et
1671 4716 1836 4786 spica:
1861 4714 2021 4770 boum
2047 4715 2241 4770 nativi-
2349 4718 2680 4785 semetipsum
2720 4717 3126 4770 manducantem
3150 4731 3241 4783 per
3261 4730 3498 4769 somnum
3520 4725 3614 4768 aut
3644 4713 3917 4779 bibentem,

677 4830 852 4885 tates;
910 4823 1127 4882 accepta
1183 4811 1400 4882 quidem
1448 4819 1574 4865 sunt
1618 4809 1803 4875 varie,
1854 4808 2244 4862 annuntiarunt
2349 4807 2602 4876 euigilans
2635 4817 2809 4860 autem
2853 4807 3028 4860 adhuc
3069 4806 3234 4860 esurit
3259 4815 3351 4859 aut
3382 4805 3493 4859 sitit
3524 4804 3596 4858 ⁸⁸.
3635 4804 3780 4861 Cum
3818 4821 3920 4862 ma-

678 4921 858 4967 autem
896 4906 1110 4962 el‘fectu.
1158 4903 1324 4958 Putas
1357 4917 1487 4971 ergo
1541 4900 1748 4955 fructus
1794 4900 1950 4955 bovis
1999 4907 2115 4966 est,
2153 4909 2246 4953 aut
2355 4898 2502 4951 xime
2534 4897 2633 4953 visi
2666 4913 2853 4954 sumus
2881 4897 3183 4952 exsolvisse
3209 4905 3264 4951 et
3294 4896 3396 4952 ista
3417 4937 3432 4962 ,
3463 4906 3518 4951 et
3558 4898 3921 4968 unusquisque

679 5002 842 5074 spicae
889 4997 1096 5053 annus?
1131 4994 1235 5049 Sed
1269 4995 1369 5048 alia
1415 4992 1630 5062 quidem
1667 5000 1790 5044 sunt
1822 5006 1942 5062 quae
1974 4989 2245 5056 videntur,
2358 4991 2827 5060 audientiumjam
2863 5006 3016 5047 suam
3050 4990 3318 5047 refecerat
3359 4999 3596 5045 mentem
3619 5030 3635 5057 ,
3677 5000 3917 5063 tanquam

686 5093 790 5148 alia
826 5098 1007 5146 autem
1037 5102 1156 5158 qua:
1181 5083 1596 5140 annuutiantur.
1624 5077 1823 5145 Joseph
1856 5087 2037 5132 autem
2075 5079 2249 5134 mani-
2360 5080 2633 5137 solutione
2662 5081 2884 5137 inventa
2912 5082 3346 5138 etsollicitudine
3374 5080 3581 5147 soluta;
3607 5080 3794 5137 subito
3818 5096 3919 5151 qua

684 5181 838 5253 pulos
881 5180 1008 5235 vidit
1047 5197 1060 5232 :
1098 5191 1276 5231 nonne
1327 5174 1587 5229 deberent
1629 5181 1685 5224 et
1742 5170 1864 5224 istic
1903 5168 2032 5223 anni
2082 5169 2250 5253 esse?
2361 5182 2558 5242 putata!
2585 5175 2972 5230 δυηιγίείοηεε
3006 5175 3234 5230 somnii,
3264 5171 3532 5238 revela'z’
3557 5173 3764 5228 imum
3785 5173 3920 5229 ποδί,

689 5275 795 5328 Sed
826 5273 902 5327 ait
934 5289 948 5326 :
981 5267 1268 5326 Somniauit
1304 5273 1477 5318 autem
1506 5262 1763 5314 somnium
1787 5257 2003 5329 Ioseph,
2029 5250 2086 5312 et
2109 5267 2252 5311 retu-
2360 5266 2805 5322 constrinxerunt
2873 5266 3088 5322 vincula
3144 5267 3500 5336 quaestionum
3531 5304 3549 5331 ,
3622 5275 3684 5320 et
3733 5275 3920 5336 tempus

690 5365 752 5418 lit
777 5364 1025 5435 fratribus
1063 5361 1195 5425 suis,
1238 5368 1287 5412 et
1312 5355 1446 5409 dixit
1472 5354 1547 5407 eis
1595 5351 1820 5405 :Audite
1851 5352 2113 5440 somnium
2156 5350 2252 5403 hoc
2363 5357 2717 5423 apprehendit
2742 5358 3151 5440 tpciturnitatis.
3203 5356 3365 5412 Forte
3407 5370 3512 5410 non
3561 5357 3918 5428 importunum

692 5455 828 5523 quod
860 5451 1135 5508 somniavi.
1178 5445 1444 5501 Putabam
1478 5459 1571 5496 nos
1607 5442 1826 5510 alligare
1862 5438 2156 5509 manipulos
2199 5441 2253 5492 in
2367 5455 2579 5515 tempus
2614 5438 2787 5519 neque,
2818 5449 3006 5504 inutile
3036 5458 3141 5504 est.
3185 5447 3240 5502 Si
3272 5446 3416 5502 enim
3460 5459 3516 5503 et
3540 5448 3770 5519 quidam
3801 5461 3918 5518 pr:-

764 5571 809 5603 ⁸⁸
833 5571 966 5625 Gen.
997 5583 1205 5629 xxxvii,
1234 5565 1285 5618 5.
1361 5563 1407 5595 ”
1437 5561 1536 5615 isa.
1567 5575 1716 5622 xxix,
1749 5559 1804 5612 8.

767 5691 878 5771 ('I_9)
909 5689 1036 5773 Cttm
1073 5687 1391 5773 panitentia.
1416 5682 1694 5773 ﬁliiLterpres
1723 5679 1935 5762 videtur
1971 5678 2221 5748 μετάνοια

2367 5697 2480 5773 ρεξτε
2519 5682 2704 5773 potius.
2726 5695 2887 5749 quam
2932 5682 3220 5752 μετάνοιαν
3253 5679 3609 5751 paenitentiam
3655 5676 3922 5749 legendum

697 5751 1050 5831 plenitentiam
1073 5751 1264 5831 legisse
1290 5752 1649 5831 pro_5:dv0iav
1677 5751 2060 5831 cogitationem.
2089 5821 2099 5831 α
2187 5823 2197 5831 .
2366 5751 2530 5808 fuisse
2567 5752 2795 5809 videtur,

775 5829 885 5901 (80)
918 5819 1303 5884 Paenitentiam:
1339 5823 1434 5879 Hic
1466 5836 1676 5893 qquue
1712 5819 1944 5875 διάνοιαν
1987 5821 2258 5890 cogitatio-
