4048 6322
174 353 319 411 ηυο

1533 349 1602 408 IN
1644 350 1907 409 IAT‘I'H.
1941 350 2012 420 Χ,
2046 351 2135 411 34.

3336 346 3473 402 “70

173 470 417 527 scntium
442 484 551 536 est,
584 474 674 543 qui
716 474 910 530 horum
942 473 1225 530 scientiam
1256 485 1357 542 per
1379 479 1596 528 noctem
1635 472 1780 528 acci-
1807 481 1855 538 Α
1884 475 1999 533 sive
2039 475 2185 530 enim
2215 476 2342 548 quis
2385 476 2609 545 cogitat,
2643 474 2758 528 sive
2781 471 2906 541 quis
2941 470 3180 525 intentus
3212 476 3316 535 est,
3355 467 3475 525 sive

174 578 304 633 pere
343 564 571 636 incipiet
598 576 837 623 tractans
865 578 921 624 et
967 565 1343 638 repercutiens
1388 564 1655 622 insomnia
1676 604 1691 630 ,
1720 573 1777 620 et

174 669 243 711 ne
288 657 520 728 quidem
564 658 669 730 ipsi
719 672 915 717 somno
954 659 1281 723 concedens,
1331 655 1473 712 forte
1524 664 1776 712 scrutans

174 764 270 821 per
295 760 518 807 noctem
545 767 670 808 cum
697 754 830 820 otio,
862 760 919 808 et
945 766 976 805 a
1008 750 1213 805 lumine
1242 759 1509 807 nocturno
1533 748 1776 815 fulgores

172 840 481 913 accipiens,
529 852 737 914 quaret
780 842 1123 898 vinculorum
1169 841 1364 897 borum
1426 841 1770 897 solutiones:

172 942 230 990 et
258 934 306 990 si
351 935 575 1004 quidem
610 935 879 993 invenerit
911 936 1155 992 lucratus
1192 943 1313 1001 est,
1360 941 1419 990 et
1456 948 1672 989 sursum
1718 940 1776 990 et

171 1026 435 1085 deorsum
471 1039 817 1095 convertens,
852 1038 911 1084 et
947 1042 1197 1097 quaerens
1235 1035 1293 1082 et
1345 1026 1618 1093 volutans,
1650 1041 1775 1098 per-

168 1117 319 1176 sistit
364 1121 423 1176 in
465 1120 703 1187 incerto,
752 1119 1041 1177 sollicitior
1085 1118 1233 1175 venit
1278 1118 1347 1175 ad
1402 1118 1771 1175 inventionem

172 1209 495 1269 solutionis.
552 1211 679 1269 Scio
728 1219 909 1267 autem
948 1211 1076 1283 quia
1130 1210 1508 1281 unusquisque
1550 1209 1644 1281 qui
1686 1208 1774 1264 hic

171 1303 409 1371 assistit,
446 1304 640 1360 exiens
670 1302 739 1359 de
770 1304 856 1359 liis
880 1302 1099 1373 quidem
1125 1303 1236 1359 erit
1265 1301 1554 1367 sollicitus,
1580 1315 1769 1355 curam

168 1396 380 1452 ventris
426 1410 533 1452 non
563 1396 769 1451 faciens
805 1410 821 1450 :
858 1396 999 1452 forte
1042 1405 1226 1452 autem
1269 1394 1494 1464 quidam
1536 1402 1592 1450 et
1629 1391 1771 1448 indi-

168 1499 457 1560 gnantur,
509 1491 637 1558 quia
693 1490 1079 1561 protendimus
1137 1503 1493 1555 sermonem;
1548 1488 1768 1559 plurimi

166 1581 312 1637 enim
345 1582 763 1640 obdormientes
806 1595 863 1640 et
904 1586 957 1641 in
1013 1584 1155 1641 facie
1194 1582 1383 1639 volunt
1425 1597 1495 1638 ex
1539 1580 1767 1637 aliorum

167 1671 451 1731 laboribus
476 1684 533 1731 et
559 1676 849 1733 sudoribus
872 1676 991 1732 sine
1019 1676 1210 1732 labore
1234 1683 1424 1746 parata
1451 1673 1765 1743 suscipere;

168 1765 424 1822 siautem
452 1774 509 1822 et
533 1768 895 1839 susceperint,
924 1768 1017 1838 qui
1063 1777 1246 1824 autem
1279 1766 1621 1823 adinveniant
1658 1781 1766 1822 non

1880 571 2003 638 quis
2034 570 2381 626 commodum
2415 566 2647 636 accepit,
2677 565 2795 622 sive
2824 562 2950 635 quis
2972 560 3246 618 convertit
3270 574 3474 632 oppro-

1878 660 2079 726 brium,
2111 659 2347 731 gaudeo.
2386 655 2445 713 Si
2489 666 2673 712 autem
2700 653 2981 726 negligant
3008 652 3103 724 qui
3132 651 3382 721 audiunt,
3414 657 3476 709 et

1877 752 2229 812 dissimulant
2259 752 2352 824 qui
2385 752 2673 816 docentur,
2703 763 2868 820 quam
2906 747 3172 802 rationem
3197 745 3351 801 dabit
3376 743 3470 816 qui

1876 845 2204 904 constitutus
2237 853 2325 901 est
2360 846 2642 915 magister,
2688 849 2745 897 et
2791 854 2898 895 non
2927 838 3282 910 quastiosum
3314 837 3470 902 dicit,

1874 938 1972 995 sed
1997 952 2121 1009 qua:
2158 936 2401 1006 impertit
2427 933 2577 1007 gregi
2612 931 2865 988 Domini?
2886 930 3225 1003 imprecatur
3246 926 3472 1000 quidem

1875 1029 1946 1086 ab
1969 1046 2037 1087 eo
2058 1044 2252 1086 omnes
2276 1027 2539 1085 sollicitos
2565 1040 2712 1090 esse,
2750 1034 2805 1080 et
2828 1022 3084 1089 scrutari,
3113 1030 3168 1078 et
3196 1032 3469 1093 qua-rere,

1874 1131 1932 1181 et
1960 1131 2168 1188 tenere,
2213 1129 2273 1178 et
2311 1120 2544 1183 discere,
2590 1126 2647 1175 et
2678 1114 3037 1174 fructiﬁcare.
3066 1113 3126 1170 Si
3177 1121 3363 1168 autem
3413 1116 3475 1169 es

1874 1215 2094 1287 quidam
2134 1214 2439 1287 negligunt,
2465 1210 2668 1285 quibus
2693 1222 2794 1264 nec
2830 1205 3129 1263 convenire
3156 1199 3472 1262 sollicitudo

1873 1316 1981 1375 est,
2016 1306 2152 1363 nihil
2194 1308 2299 1363 hoc
2332 1305 2400 1361 ad
2431 1319 2518 1360 me
2548 1321 2564 1356 :
2595 1312 2652 1359 et
2687 1311 2837 1356 certe
2864 1299 2933 1355 ad
2962 1312 3081 1365 me;
3121 1297 3295 1369 tangit
3320 1292 3471 1352 enim

1874 1414 1961 1455 me
1990 1407 2046 1455 et
2076 1399 2401 1465 contristat;
2436 1407 2619 1452 tamen
2654 1394 2771 1450 sive
2807 1392 2999 1464 paucis
3029 1390 3267 1447 eilicltur
3288 1400 3473 1445 sermo

1870 1493 1991 1550 sive
2018 1491 2229 1559 multis,
2257 1490 2376 1548 sive
2398 1484 2736 1561 negligentes
2776 1493 2905 1541 sunt
2942 1484 3059 1541 sive
3080 1482 3325 1547 solliciti,
3359 1493 3470 1537 non

1871 1584 2043 1642 debeo
2069 1593 2291 1655 propter
2318 1579 2704 1654 negligentiam
2750 1588 2805 1635 et
2844 1580 2963 1644 ipse
2999 1576 3279 1648 negligens
3315 1574 3470 1629 inve-

1871 1678 1998 1735 niri.
2048 1675 2215 1733 Forte
2268 1684 2452 1730 autem
2503 1671 2723 1743 quidam
2762 1679 2817 1727 et
2871 1668 3202 1727 contendent
3264 1679 3465 1737 expro-

1871 1771 2011 1829 brati
2056 1790 2070 1826 :
2113 1778 2171 1824 et
2229 1767 2279 1825 si
2328 1780 2438 1821 non
2489 1772 2716 1835 propter
2780 1775 3026 1818 amorem
3093 1757 3357 1815 doctrina:
3410 1764 3470 1811 et

168 1855 449 1915 laborant.
498 1858 557 1914 Si
578 1870 779 1916 autem
812 1869 868 1916 et
912 1860 1273 1930 suscipientes
1320 1859 1616 1915 servabunt
1668 1858 1763 1929 qui
1794 1853 1839 1915 Β
1866 1860 2129 1928 studium,
2148 1859 2342 1915 saltem
2360 1865 2584 1927 propter
2610 1854 2862 1911 ruborem
2881 1862 2936 1909 et
2955 1848 3330 1923 opprobrium,
3350 1855 3466 1908 etc.

167 1961 274 2004 non
320 1949 680 2018 sudaverunt,
730 1952 867 2007 nihil
920 1962 1099 2007 autem
1146 1951 1339 2007 horum
1388 1948 1757 2020 requirentes;

171 2094 3457 2125 Μ

1147 2268 1718 2388 EUSEBII
1801 2270 1969 2385 PA
1990 2269 2497 2384 MPHlLI

918 2512 1065 2603 DE
1140 2510 1299 2605 ΕΟ
1373 2510 1711 2620 QUOD
1787 2514 1996 2604 AIT
2068 2511 2719 2607 DOMINUS:

1164 2662 1310 2726 Non
1348 2663 1493 2725 ueni
1525 2680 1748 2743 pacem
1789 2663 2043 2725 mittere
2084 2664 2154 2724 in
2195 2675 2453 2729 terram.

1494 2788 1730 2849 LIBER
1772 2788 2104 2852 SEXTUS.

228 3088 296 3145 ει
322 3103 557 3161 sponsos
583 3090 674 3160 qui
707 3106 849 3147 nunc
886 3089 981 3146 ﬁlii
1008 3090 1302 3163 habentur,
1328 3103 1618 3163 parentum
1655 3094 1755 3150 de-
1784 3104 1831 3167 ο
1864 3094 2093 3167 ﬁguram
2143 3094 2345 3151 debent
2398 3095 2722 3150 assumere?
2770 3096 3016 3151 Sustinet
3062 3109 3198 3152 sane
3227 3108 3461 3167 sponsus

162 3180 418 3237 siderium
465 3181 651 3247 trahit,
711 3193 766 3239 et
816 3193 1113 3255 properant
1149 3185 1215 3239 ad
1247 3187 1520 3257 genitores
1546 3202 1758 3241 annun-

164 3273 295 3329 tiare
316 3289 531 3343 sponsa:
560 3274 899 3331 honestatem
927 3285 983 3330 et
1009 3277 1298 3348 colloquia.
1344 3280 1546 3349 quique
1572 3289 1628 3336 et
1653 3296 1755 3351 pa-

163 3364 406 3421 rentibus
434 3364 755 3421 manifestus
778 3378 862 3421 est
885 3383 1002 3422 mos
1036 3367 1182 3435 ejus,
1210 3380 1265 3423 et
1295 3369 1532 3437 habitus,
1552 3383 1608 3427 et
1633 3370 1757 3427 aﬁ‘e—

162 3462 295 3511 ctus.
328 3455 619 3511 Festinant
668 3467 849 3511 autem
899 3457 1092 3512 iterum
1131 3467 1186 3511 et
1219 3459 1286 3512 ad
1338 3476 1613 3530 sponsam,
1644 3478 1756 3518 me-

164 3561 340 3603 mores
392 3546 537 3602 illius
577 3550 645 3603 ab
687 3549 842 3604 initio
874 3552 1138 3615 mandati,
1183 3554 1276 3621 qui
1311 3553 1433 3607 ait:
1475 3552 1753 3625 Relinquet

161 3640 311 3695 homo
351 3651 558 3705 patrem
592 3651 642 3696 et
687 3654 927 3709 matrem,
970 3653 1019 3697 et
1055 3645 1405 3715 conjungetur
1437 3649 1674 3711 mulieri,
1704 3658 1753 3703 et

160 3744 306 3789 mut
332 3736 489 3788 ambo
526 3736 581 3789 in
612 3752 771 3789 carne
802 3753 910 3792 una
949 3738 1019 3793 ”.
1042 3737 1321 3794 Laztantur
1354 3750 1539 3796 autem
1562 3749 1618 3796 et
1656 3755 1755 3811 pa-

161 3831 340 3880 rentes
388 3826 641 3881 videntes
701 3826 843 3884 ﬁlios
880 3836 1084 3897 patres.
1140 3828 1209 3883 Et
1248 3832 1452 3887 scimus
1492 3847 1751 3900 sponsum

161 3927 341 3971 verum
382 3917 639 3973 Ecclesia:
654 3918 964 3975 Dominum.
1000 3920 1105 3977 Sed
1138 3922 1263 3992 quia
1295 3923 1475 3979 lumen
1508 3923 1637 3981 illud
1662 3942 1754 3981 ve—

162 4022 273 4060 rum
312 4008 606 4065 luminaria
638 4010 792 4077 facit,
840 4022 895 4068 et
945 4017 1203 4085 magister
1231 4015 1348 4085 ipse
1375 4017 1522 4074 solus
1556 4018 1609 4074 in
1642 4019 1750 4075 Ec-

158 4097 318 4155 clesia
351 4103 535 4170 posuit
564 4112 620 4158 et
652 4104 961 4174 magistros,
995 4115 1047 4161 et
1074 4116 1263 4177 pastor
1303 4108 1417 4179 ipse
1449 4110 1624 4168 bonus
1648 4127 1750 4182 pa-

157 4196 329 4247 stores
353 4194 664 4257 constituit,
694 4210 926 4267 sponsus
971 4199 1191 4267 quidem
1229 4200 1342 4267 ipse
1375 4216 1534 4255 verus
1550 4211 1656 4268 est,
1692 4211 1751 4257 ut

157 4289 239 4337 est
268 4298 522 4353 sponsus.
546 4283 681 4353 Quia
713 4297 891 4342 autem
929 4289 1259 4359 mysterialis
1298 4302 1401 4357 est,
1454 4294 1747 4365 mysteria-

157 4370 279 4430 litas
308 4375 410 4430 ista
437 4392 546 4430 non
595 4378 899 4433 maculatur
936 4395 1155 4450 sponsa,
1186 4380 1230 4436 si
1258 4391 1311 4437 et
1350 4398 1538 4440 servos
1569 4386 1622 4440 iu
1649 4385 1749 4442 ho-

158 4484 285 4525 nere
316 4472 583 4543 suscipiat
610 4474 814 4541 sponsi.
857 4473 1077 4529 Dicebat
1118 4478 1261 4530 enim
1294 4492 1527 4545 sponsus
1561 4476 1744 4533 Domi-
1779 4458 1827 4517 D

158 4575 276 4626 nus,
319 4574 380 4618 ut
413 4566 689 4623 audistis:
732 4567 839 4633 Qui
880 4584 967 4623 vos
1009 4570 1247 4636 suscipit,
1297 4587 1379 4625 me
1430 4572 1649 4643 suscipit
1678 4572 1747 4629 ⁹¹.

159 4652 391 4725 Apparet
420 4668 603 4712 autem
660 4669 921 4729 quantum
972 4660 1301 4729 sponsalitas
1331 4663 1445 4732 ipsa
1485 4665 1748 4730 emineat,

158 4746 224 4801 ab
246 4760 308 4801 ea
342 4764 463 4818 quas
493 4750 547 4805 in
577 4752 775 4808 mundo
810 4762 894 4809 est
914 4754 1251 4824 periculosa;
1287 4773 1390 4812 non
1417 4757 1561 4813 enim
1586 4758 1748 4815 istinc

160 4837 349 4895 mulier
403 4840 628 4909 adjuvat
657 4845 857 4911 virum,
887 4848 982 4901 sed
1021 4864 1253 4917 sponsus
1288 4864 1544 4919 sponsam
1582 4868 1597 4907 :
1640 4868 1747 4908 non

158 4944 346 4999 sponsa
378 4936 552 4990 servit
576 4935 714 5002 viro,
746 4938 838 4993 sed
874 4954 1107 5009 sponsus
1149 4943 1316 4996 servit
1342 4952 1396 4997 et
1428 4944 1593 4999 dicit:
1629 4943 1743 5016 Ego

160 5020 383 5079 libenter
412 5040 512 5095 pro
544 5028 742 5081 animis
761 5029 954 5083 vestris
974 5032 1260 5100 erogabor,
1282 5041 1337 5086 et
1365 5037 1743 5107 memetipsum

166 5115 389 5171 tradam.
419 5117 487 5172 Et
508 5118 713 5175 horum
739 5120 863 5188 quis
892 5132 974 5175 est
1014 5123 1244 5193 dignus?
1274 5125 1332 5181 Si
1358 5127 1504 5181 enim
1533 5127 1623 5183 ille
1647 5132 1739 5200 qui

163 5220 284 5265 vere
332 5221 418 5267 est
469 5213 705 5281 sponsus
737 5212 998 5269 Dominus
1053 5226 1109 5270 et
1158 5216 1302 5273 Deus
1349 5218 1443 5273 Dei
1476 5234 1582 5275 non
1635 5222 1746 5278 nati

163 5299 466 5371 unigenitus
484 5302 680 5368 Filius,
705 5305 795 5374 qui
827 5304 882 5359 in
918 5304 1087 5377 ﬁgura
1124 5308 1219 5363 Dei
1238 5311 1592 5378 constitutus,
1618 5331 1744 5385 pro-

162 5402 277 5460 pter
300 5395 625 5452 charitatem
661 5411 890 5466 sponsae,
940 5399 1169 5456 formam
1213 5405 1354 5458 servi
1381 5408 1591 5477 accepit
1627 5424 1640 5460 :
1700 5407 1744 5462 si

164 5482 413 5543 Dominus
465 5488 521 5543 in
566 5491 732 5561 ﬁgura
754 5492 898 5547 servi
938 5504 1161 5564 propter
1192 5495 1744 5570 dilectioncm‘spon-

163 5586 268 5639 sa;
328 5576 420 5647 qui
474 5588 668 5633 natura
754 5581 899 5636 servi
961 5592 1123 5651 sunt,
1187 5586 1314 5655 quid
1374 5598 1532 5657 putas
1581 5605 1742 5658 quam

226 5668 273 5703 ⁵⁸
303 5669 439 5729 Gen.
480 5689 543 5742 ιι,
570 5673 658 5730 24.
734 5676 779 5708 ’ί
811 5675 999 5733 Matth.
1032 5693 1087 5744 ι,
1128 5680 1218 5736 ιο.

230 5789 340 5866 (81)
360 5792 590 5864 Suscipit
602 5796 664 5851 is.
687 5795 868 5860 Forte,
888 5799 1181 5869 suscipiens

1859 3192 2066 3259 quanta
2095 3188 2163 3242 ad
2186 3188 2587 3245 correctionem
2617 3197 2746 3243 sunt
2780 3189 3089 3245 necessaria
3120 3198 3177 3247 et
3200 3200 3457 3246 ornatum

1856 3294 2091 3350 sponsae,
2146 3280 2354 3351 patitur
2394 3289 2449 3337 et
2494 3280 2711 3337 labores
2759 3289 2814 3337 et
2844 3280 3057 3352 vigilias
3099 3290 3156 3337 et
3190 3281 3459 3337 adiuven-

1856 3373 2076 3431 tiones:
2102 3372 2457 3444 vigilatenim
2488 3384 2548 3429 ut
2589 3373 2867 3429 reficietur
2901 3388 3123 3444 sponsa,
3162 3382 3218 3429 et
3246 3373 3462 3430 laborat

1857 3474 1916 3519 ut
1954 3467 2275 3533 adornctur,
2300 3477 2355 3521 et
2382 3465 2589 3521 invenit
2629 3477 2686 3521 ut
2710 3474 2987 3536 pascatur.
3021 3464 3193 3521 Natus
3221 3465 3368 3520 enim
3392 3462 3462 3519 il-

1855 3558 1962 3616 lius
2020 3558 2250 3616 efﬁcitur
2294 3576 2506 3631 sponsa:
2547 3572 2790 3616 ornatus.
2825 3560 2965 3628 Quid
3015 3570 3195 3615 autem
3227 3560 3349 3616 dico
3390 3558 3462 3618 de

1857 3651 1995 3707 Filio
2035 3651 2128 3721 qui
2157 3653 2224 3707 de
2257 3654 2396 3709 coelo
2427 3652 2730 3719 descendit,
2760 3663 2818 3707 ut
2851 3652 3121 3722 captivam
3152 3653 3255 3708 sibi
3304 3651 3459 3709 acci-

1856 3753 2009 3815 peret
2028 3758 2307 3814 sponsam,
2335 3743 2480 3797 illam
2503 3760 2624 3815 quae
2649 3754 2775 3799 aute
2794 3754 2912 3798 erat
2937 3743 3176 3808 sordida,
3202 3760 3323 3815 qua:
3339 3743 3461 3801 fue-

1854 3846 1938 3891 rat
1969 3834 2254 3899 foruieata,
2281 3850 2402 3905 quae
2436 3851 2624 3892 comas
2678 3837 2911 3891 habebat
2941 3840 3203 3908 impuras,
3249 3852 3371 3909 qua
3402 3845 3484 3895 et.

1855 3929 1924 3983 ab
1958 3928 2101 3983 intus
2133 3939 2189 3985 et
2222 3943 2251 3982 a
2288 3928 2421 3985 foris
2469 3944 2576 3985 non
2614 3939 2732 3986 erat
2772 3932 2934 3997 bona,
2974 3933 3025 3987 in
3062 3947 3225 4002 quam
3268 3930 3458 3987 illuse-

1855 4032 1983 4078 runt
2037 4022 2333 4089 daemones,
2380 4038 2501 4094 quae
2531 4023 2838 4081 fmdabatur
2870 4024 2923 4079 in
2971 4023 3269 4087 montibus,
3335 4038 3459 4093 qua

1855 4116 1996 4171 nuda
2024 4119 2297 4185 currebat,
2330 4133 2451 4188 quae
2478 4118 2739 4173 lectiones
2768 4119 3159 4174 daemoniorum
3193 4116 3456 4183 habebat,

1853 4222 1973 4277 qua:
1999 4208 2174 4277 turpia
2195 4210 2474 4278 cantabat,
2519 4211 2697 4282 turpia
2717 4210 2955 4276 ludebat,
2977 4211 3156 4281 turpia
3197 4210 3460 4283 loqueba-

1854 4306 1943 4352 tur
1975 4313 1987 4350 :
2021 4314 2143 4369 quas
2167 4315 2236 4355 ne
2270 4299 2489 4371 quidem
2531 4300 2585 4354 in
2625 4301 2819 4355 itinere
2844 4302 3153 4358 hominibus
3184 4302 3455 4359 concede-

1850 4387 1964 4454 bat,
2004 4406 2125 4460 quae
2158 4393 2409 4461 portabat
2437 4394 2661 4465 lapides,
2690 4405 2743 4450 et
2775 4394 3147 4451 foruicabatur
3180 4397 3247 4450 ad
3284 4396 3453 4467 ligna,

1853 4497 1975 4551 quae
2021 4483 2283 4557 fumigata
2325 4497 2464 4551 erat,
2510 4503 2632 4559 qure
2689 4488 2969 4544 redolebat
3006 4490 3196 4545 nidore
3239 4489 3454 4557 faetida,

1852 4588 1973 4643 quae
1995 4577 2125 4646 quid
2164 4594 2269 4634 non
2302 4580 2429 4634 mali
2470 4581 2745 4637 habebat?
2774 4582 2871 4638 Cui
2902 4583 3048 4639 enim
3081 4591 3137 4638 et
3163 4581 3271 4639 alio
3294 4580 3457 4640 dece-

1851 4668 1946 4724 bat
1990 4669 2149 4725 talem
2187 4672 2288 4727 sibi
2319 4672 2520 4745 eligere
2564 4691 2844 4745 Sponsam,
2888 4690 3051 4746 quam
3087 4674 3163 4731 illi
3192 4677 3284 4747 qui
3332 4686 3456 4732 erat

1852 4759 2168 4819 misericors
2200 4765 2475 4832 sponsus?
2515 4766 2649 4820 nihil
2682 4769 2828 4823 enim
2859 4767 3097 4823 habebat
3124 4769 3452 4823 hortamenti

1851 4853 1921 4908 ad
1958 4853 2307 4913 dilectionem
2343 4874 2461 4927 quae
2496 4869 2776 4928 assumpta
2813 4869 2918 4916 est.
2975 4860 3109 4927 Quia
3151 4875 3280 4929 ergo
3319 4859 3453 4914 nihil

1849 4956 1973 4999 erat
2006 4948 2075 5000 ab
2106 4948 2205 5002 ista
2242 4949 2737 5015 adhortameutum,
2788 4952 2909 5007 ideo
2960 4952 3100 5006 facta
3141 4959 3225 5006 est
3277 4951 3450 5021 gratia

1852 5035 1970 5105 ejus
1998 5040 2089 5110 qui
2122 5045 2336 5107 accepit
2374 5042 2533 5099 talem
2566 5062 2582 5096 :
2611 5058 2710 5112 pro
2751 5044 2876 5099 odio
2902 5044 3047 5099 enim
3083 5060 3190 5113 quo
3214 5052 3333 5099 erat
3372 5043 3449 5097 di-

1849 5145 1978 5199 gna,
2016 5130 2202 5187 dilexit
2230 5147 2385 5197 eam;
2418 5150 2515 5204 pro
2556 5148 2717 5203 pinna
2753 5136 3060 5200 honoravit,
3102 5151 3201 5207 pro
3230 5136 3448 5191 mortali

1853 5232 2098 5279 mortuus
2121 5234 2227 5289 est,
2261 5240 2359 5295 pro
2390 5226 2749 5282 condemnata
2790 5227 3185 5283 condemnatus
3210 5234 3314 5292 est,
3351 5239 3451 5296 pro

1852 5313 2107 5386 iniuriosa
2130 5317 2246 5389 ipse
2279 5334 2472 5389 passus
2509 5320 2761 5389 injuriam
2788 5329 2844 5377 et
2880 5321 3154 5390 accipiens
3185 5320 3450 5389 sputami-

1851 5422 1920 5462 na
1952 5409 2004 5464 in
2037 5420 2282 5467 sanetam
2310 5413 2527 5481 faciem,
2576 5425 2635 5471 ct
2666 5424 2793 5471 ante
2824 5414 3131 5485 sputamine
3158 5428 3277 5469 eam
3318 5426 3447 5469 sus-

1849 5498 2183 5571 cipitis(8l).
2210 5503 2316 5560 ista
2342 5506 2488 5560 enim
2514 5520 2736 5577 sponsa,
2770 5507 2964 5563 ancilla
2993 5522 3061 5562 ex
3083 5505 3260 5567 servis
3302 5513 3445 5569 erat,

1850 5608 1877 5646 a
1904 5606 2057 5663 patre
2097 5614 2205 5655 non
2252 5598 2415 5668 bono,
2452 5610 2507 5656 et
2541 5605 2715 5657 matre
2747 5615 2868 5674 qua:
2910 5611 3211 5669 erraverat,
3256 5607 3448 5659 contu-
