4048 6322
640 346 769 402 1171

1302 347 1570 405 EUSEBII
1609 349 2092 410 CESABIENSIS
2130 349 2280 408 OPP.
2323 351 2502 407 PARS
2543 351 2627 406 ιν.
2668 380 2738 395 -ι
2775 345 3192 404 DOGMATICA.

3750 340 3882 394 U71

636 478 757 516 max
798 480 825 516 a
876 464 1305 527 contumacibus,
1363 465 1415 522 in
1469 465 1635 521 multo
1685 475 1924 536 tempore
1972 467 2194 536 capillos
2223 472 2268 529 Α
2297 468 2350 522 in
2415 478 2554 522 terra
2587 482 2615 520 a
2646 464 2981 520 mortalibus.
3011 459 3147 527 Quia
3171 471 3298 528 ergo
3323 471 3433 511 non
3457 465 3542 510 est
3564 455 3754 510 idonea
3788 473 3882 510 nu-

639 553 843 606 habens
865 553 1104 620 captivos
1154 560 1206 606 et
1249 568 1475 622 ungues,
1505 565 1559 608 et
1594 556 1644 608 in
1683 558 1928 610 omnibus
1961 556 2195 612 sordida.

637 640 701 694 Et
728 641 867 709 quod
902 651 987 695 est
1031 643 1280 697 maxime
1308 645 1698 708 admirationis,
1726 645 1812 700 ille
1833 659 1951 701 erat
1985 658 2201 702 sanctus

635 731 688 785 'rn
721 730 923 786 sanctis
941 733 1209 794 habitans,
1234 735 1428 789 sedens
1453 736 1518 789 ad
1537 737 1808 791 dexteram
1829 735 2023 800 Patris,
2048 753 2203 790 mun-

633 825 733 875 dus
771 838 798 874 a
823 823 1022 877 mundo
1058 824 1372 891 procedens,
1407 826 1582 881 lumen
1620 844 1829 892 verum,
1857 828 2198 898 soljustitite;

633 913 720 967 ille
752 915 841 981 qui
873 915 940 968 ab
969 915 1173 982 angelis
1203 918 1543 980 adorabatur,
1575 933 1764 985 passus
1793 929 1872 973 est
1904 929 1961 972 ut
1990 920 2057 972 ab
2098 919 2200 974 ho-

635 1004 867 1059 minibus
923 1004 1252 1059 illuderetur.
1308 1006 1371 1060 Et
1403 1021 1501 1076 ego
1555 1009 1763 1077 quidem
1807 1010 1972 1062 miror
2020 1024 2119 1064 nos
2149 1019 2204 1064 et

632 1111 908 1164 sponsam,
946 1097 1069 1165 quia
1099 1113 1203 1152 non
1234 1101 1538 1168 stupuimus
1567 1101 1707 1154 illius
1733 1103 1823 1171 qui
1851 1102 2202 1170 advenitgra-

635 1188 785 1249 tiam,
817 1197 869 1242 et
899 1187 1041 1242 illius
1072 1188 1163 1258 qui
1193 1191 1336 1243 misit
1365 1191 1584 1255 donum,
1625 1200 1678 1245 et
1705 1207 1811 1245 non
1847 1193 2050 1256 statim,
2095 1208 2202 1247 non

635 1277 839 1330 insania
880 1278 1132 1346 quadam,
1170 1279 1263 1334 sed
1296 1281 1543 1349 religiosa
1590 1291 1766 1336 mente
1791 1290 1844 1336 et
1878 1283 2084 1336 tervido
2108 1284 2201 1338 de-

632 1369 831 1423 siderio
855 1369 1089 1439 spoliati,
1109 1384 1304 1440 corpus
1330 1380 1382 1426 et
1408 1371 1663 1435 animam,
1701 1382 1760 1426 ut
1790 1373 1861 1426 ita
1897 1373 2095 1440 dicam,
2121 1389 2204 1430 re-

634 1458 922 1516 tribuimus
973 1461 1080 1516 Deo
1127 1477 1224 1532 pro
1265 1465 1514 1520 omnibus
1557 1480 1678 1536 qua:
1728 1467 1886 1522 nobis
1930 1468 2199 1523 retribuit.

633 1548 774 1614 Quid
802 1561 981 1606 autem
1009 1561 1064 1606 et
1106 1553 1154 1607 ei
1195 1568 1481 1623 possumus
1524 1557 1862 1612 retribuere?
1914 1556 2204 1613 Moriemur

635 1656 734 1709 pro
776 1644 908 1713 ipso,
941 1645 1032 1699 sed
1062 1646 1178 1715 ipse
1203 1647 1406 1714 primus
1432 1663 1532 1718 pro
1554 1650 1707 1705 nobis
1741 1660 1986 1705 mortuus
2009 1659 2108 1704 est.
2139 1649 2203 1704 Et

637 1750 737 1791 nos
784 1736 997 1804 quidem
1052 1737 1096 1791 si
1129 1739 1442 1805 moriamur,
1505 1740 1828 1795 naturaliter
1878 1739 2200 1808 suscipimus

2306 571 2419 614 stra
2472 570 2660 613 natura
2713 557 2892 611 verbis
2933 554 3132 609 assumi
3177 553 3244 606 ad
3289 559 3498 604 tantum
3540 545 3636 602 Dei
3687 546 3880 602 Filim

2303 653 2494 717 Deum,
2523 652 2613 720 qui
2644 661 2700 704 ut
2727 665 2833 703 non
2857 648 3028 703 solum
3047 644 3228 698 verbis
3250 642 3527 704 edoceret,
3559 638 3658 693 sed
3681 647 3733 694 et
3758 651 3884 707 ope-

2301 744 2453 798 rilms
2488 742 2828 803 informaret,
2859 741 3001 794 venit
3033 736 3286 796 visibilis,
3323 744 3380 788 ut
3400 742 3456 789 et
3477 735 3607 788 dum
3641 731 3880 791 videtur,

2303 833 2612 890 ostenderet
2639 831 2978 885 invisibilcm.
2996 829 3058 884 Et
3085 829 3214 880 mihi
3240 826 3457 895 quidem
3490 826 3608 893 ipse
3625 833 3702 878 stt
3723 821 3876 877 testis

2304 926 2589 982 sermonis.
2632 925 2766 978 Cum
2796 925 2939 976 enim
2973 924 3176 975 lavat-et
3209 919 3468 973 Dominus
3503 919 3675 984 pedes
3704 928 3886 969 servo-

2305 1034 2445 1084 rum,
2477 1019 2734 1088 magister
2759 1015 3164 1084 discipulorum,
3199 1021 3254 1067 et
3282 1021 3583 1066 excusante
3612 1009 3780 1063 Petro
3801 1007 3884 1060 di-

2301 1111 2459 1166 cebat
2503 1109 2742 1164 formans
2771 1123 2866 1164 eos
2894 1116 2948 1163 et
2983 1108 3167 1162 dicens
3201 1126 3213 1158 :
3249 1104 3375 1159 Ηίεε
3419 1121 3511 1172 ego
3559 1102 3679 1155 ideo
3723 1100 3882 1170 facio,

2303 1208 2361 1253 ut
2390 1211 2436 1253 et
2469 1215 2554 1252 vos
2577 1198 2899 1252 edoceamini
2932 1198 3147 1250 invicem
3185 1196 3360 1248 eadem
3409 1194 3589 1261 facere
3614 1191 3687 1245 ".
3731 1190 3884 1244 Sicut

2304 1290 2468 1360 igitur
2499 1291 2548 1344 iu
2579 1289 2670 1342 illo
2711 1298 2835 1342 actu
2882 1287 3086 1342 dictum
3135 1297 3219 1341 est
3259 1285 3401 1355 quod
3437 1283 3758 1336 mandatum
3778 1293 3882 1341 est.

2303 1384 2428 1452 quia
2459 1383 2581 1438 ideo
2612 1381 2746 1435 facit
2781 1389 2840 1434 ut
2861 1380 3174 1435 ostenderet
3207 1387 3407 1440 totum;
3456 1376 3529 1427 ita
3572 1375 3703 1428 andi
3763 1371 3882 1442 qia

2301 1474 2701 1529 venitformare
2730 1473 2798 1527 ad
2823 1473 3080 1526 deitatem
3118 1469 3382 1524 homines.
3410 1465 3763 1520 Miserabiles
3786 1479 3882 1518 au-

2303 1573 2410 1616 tem
2442 1571 2567 1619 sunt
2587 1563 2679 1632 qui
2714 1576 2820 1616 non
2849 1558 3336 1630 inspiciunt;beati
3366 1572 3495 1612 vero
3522 1555 3668 1610 oculi
3695 1568 3882 1609 eorum

2307 1655 2398 1722 qui
2426 1653 2632 1709 vident.
2675 1655 2896 1708 Videtur
2919 1653 3066 1710 enim
3089 1663 3142 1707 ct
3176 1668 3322 1707 nunc
3353 1651 3616 1706 Dominus
3653 1651 3738 1706 :si
3765 1648 3884 1718 quis

2302 1750 2446 1801 enim
2473 1735 2634 1802 habet
2659 1747 2846 1802 oculos
2875 1746 3022 1800 videt
3047 1766 3059 1802 :
3092 1760 3364 1816 nunquam
3410 1744 3557 1798 enim
3587 1742 3682 1795 ille
3713 1740 3883 1796 disce-

637 1837 892 1893 mortem;
921 1827 1008 1881 ille
1046 1838 1224 1883 autem
1250 1839 1438 1885 contra
1474 1841 1718 1886 naturam
1763 1831 1974 1902 patiens
2004 1830 2103 1884 fuit
2130 1832 2197 1884 ad
2231 1821 2275 1879 Β
2303 1842 2399 1904 dii,
2425 1841 2564 1894 είευι
2586 1841 2698 1910 ipse
2727 1839 2856 1894 dicit
2887 1856 2898 1890 ε
2936 1837 3070 1892 Ecce
3112 1854 3204 1906 ερο
3233 1837 3495 1890 uobiscum
3532 1850 3676 1899 sum,
3722 1847 3882 1903 usqu

638 1927 887 1973 mortem.
924 1917 988 1972 Et
1027 1934 1126 1975 nos
1159 1919 1372 1988 quidem
1402 1920 1444 1974 si
1483 1919 1747 1975 fuerimus
1777 1919 1998 1984 mortui,
2023 1919 2199 1974 lucra-

637 2010 814 2064 bimur
847 2011 1202 2080 nosmetipsos
1239 2028 1252 2066 :
1290 2010 1377 2066 ille
1404 2019 1582 2067 autem
1621 2021 1865 2068 mortuus
1889 2019 2100 2067 estnon
2133 2012 2200 2066 ad

637 2099 920 2155 utilitatem
953 2101 1246 2170 propriam,
1274 2101 1368 2156 sed
1399 2109 1456 2155 ut
1491 2115 1589 2156 nos
1635 2100 1956 2156 lucraretur.
1990 2099 2056 2155 Et
2104 2114 2202 2156 nos

637 2193 899 2248 morimur
923 2197 988 2247 ad
1017 2207 1167 2263 spem
1202 2191 1326 2247 vita:
1357 2211 1372 2248 :
1409 2192 1498 2248 ille
1533 2202 1710 2248 autem
1739 2193 1848 2248 vita
1887 2201 1969 2247 est
1995 2191 2200 2246 vivens.

637 2283 702 2338 Et
726 2299 824 2338 nos
844 2285 895 2338 in
922 2285 1179 2355 martyrio
1198 2284 1456 2356 patimur,
1490 2294 1674 2340 utnon
1703 2299 1824 2339 cum
1851 2285 2051 2338 mundo
2071 2298 2204 2339 eon-

635 2376 972 2443 demnemur,
1002 2375 1267 2447 fugientes
1304 2391 1399 2448 per
1437 2387 1664 2432 mortem
1701 2377 2025 2447 gehennam,
2055 2385 2109 2432 et
2150 2375 2204 2432 in

637 2467 945 2522 haereditate
978 2467 1304 2539 accipientes
1333 2483 1495 2540 regna
1519 2469 1801 2524 calorum.
1835 2466 1943 2523 Nos
1970 2467 2038 2523 ad
2067 2481 2206 2522 mer-

635 2557 854 2622 cedem;
887 2558 972 2612 ille
1006 2568 1223 2626 propter
1252 2557 1594 2613 charitatem.
1629 2559 1686 2613 Si
1717 2563 1848 2636 quis
1868 2569 2047 2614 autem
2078 2574 2206 2615 con-

635 2649 757 2704 silio
785 2648 1011 2703 assentit
1041 2663 1180 2715 meo,
1228 2650 1297 2703 sit
1330 2649 1540 2718 quidem
1574 2663 1778 2706 merces
1826 2651 1894 2706 ab
1929 2652 2065 2721 ipso,
2100 2667 2205 2707 non

635 2743 706 2795 sit
753 2750 930 2795 autem
992 2740 1145 2795 nobis
1200 2756 1388 2796 cursus
1437 2741 1502 2796 ad
1535 2745 1883 2796 mercedem:
1924 2759 2028 2799 non
2062 2745 2204 2799 enim

635 2833 759 2902 quia
779 2834 1040 2901 promittit
1072 2833 1191 2888 ideo
1225 2832 1382 2888 debet
1408 2843 1462 2888 et
1483 2833 1653 2904 diligi,
1687 2834 1780 2889 sed
1811 2835 1935 2904 quia
1962 2837 2085 2890 talis
2107 2837 2204 2891 ha-

637 2923 817 2987 betur,
841 2931 894 2976 et
931 2921 1052 2977 talis
1071 2931 1153 2977 est
1181 2921 1351 2978 Filius
1382 2939 1519 2979 :non
1541 2926 1739 2995 quippe
1767 2925 2025 2996 diligatur
2051 2930 2120 2983 ob
2141 2942 2205 2983 ea

635 3029 756 3080 qua:
782 3014 968 3078 donat,
1001 3015 1093 3070 sed
1123 3025 1338 3086 propter
1391 3026 1640 3070 naturam
1666 3018 1749 3072 sui
1792 3026 1846 3071 et
1878 3026 2001 3072 ante
2032 3018 2206 3074 dona-

636 3107 830 3161 tiones.
870 3105 1144 3175 Siquidem
1180 3116 1234 3162 et
1265 3108 1367 3162 boc
1395 3108 1574 3163 lumen
1619 3108 1898 3172 sensibile,
1928 3124 2034 3164 non
2081 3109 2205 3179 quia

636 3197 808 3265 pascit
835 3197 1018 3253 oculos
1049 3209 1280 3263 amatur,
1308 3199 1399 3254 sed
1429 3199 1554 3269 quia
1568 3199 1928 3254 clarissimum
1960 3199 2203 3257 habetur.

637 3286 1034 3360 Nonnunquam
1067 3289 1212 3344 enim
1236 3299 1290 3342 et
1324 3289 1500 3344 fontes
1531 3288 1780 3344 videntes
1817 3291 2131 3360 perspicuos
2155 3300 2211 3346 et

639 3397 823 3447 puros,
875 3391 931 3435 ct
986 3382 1030 3436 si
1073 3397 1176 3435 non
1231 3381 1466 3436 admittit
1509 3390 1722 3450 tempus
1762 3383 1999 3448 bibendi,
2033 3394 2210 3438 tamen

641 3474 903 3527 miramur
928 3473 1402 3542 pulchritudinem,
1423 3474 1586 3528 etiam
1609 3489 1714 3528 non
1747 3475 2068 3530 adveniente
2087 3489 2206 3530 usu.

641 3565 707 3619 Et
757 3567 824 3620 ad
881 3565 1077 3620 cmlum
1134 3566 1487 3635 respicientes
1522 3566 1875 3632 delectamur,
1933 3584 2038 3624 non
2075 3572 2204 3638 quia

641 3655 1044 3710 manducamus.
1075 3653 1131 3709 Si
1158 3655 1323 3723 igitur
1352 3670 1514 3724 opera
1548 3655 1665 3726 ejus
1692 3657 1763 3711 ita
1802 3667 1928 3713 sunt
1964 3661 2123 3724 bona,
2154 3669 2209 3715 et

640 3755 769 3802 ante
791 3755 1003 3815 gustum
1035 3755 1090 3800 et
1117 3760 1297 3800 escam
1349 3748 1620 3803 delectant
1664 3765 1787 3804 cum
1841 3750 2110 3815 videntur,
2154 3759 2210 3807 et

639 3834 951 3892 coaﬂectari
976 3836 1213 3899 faciunt;
1249 3839 1362 3906 ipse
1383 3839 1473 3908 qui
1505 3853 1628 3895 vere
1651 3856 1814 3909 supra
1837 3856 2052 3897 omnem
2086 3842 2207 3913 pul-

642 3928 1002 3982 chritudinem
1063 3929 1312 3990 habetur,
1363 3940 1418 3982 et
1445 3945 1572 3985 vere
1623 3939 1706 3985 est
1759 3935 1952 3999 bonus,
1988 3950 2093 3990 non
2141 3949 2206 3991 ex

642 4022 889 4076 mercede
909 4023 1103 4076 habeat
1131 4022 1488 4085 dilectionem,
1518 4028 1610 4081 sed
1628 4041 1694 4081 ex
1726 4037 1916 4080 natura
1947 4043 2206 4086 amorem.
2242 4008 2246 4011 ⁸

641 4109 755 4178 Ego
788 4125 920 4166 sane
959 4125 1342 4183 nonnunquam
1377 4114 1428 4168 in
1463 4118 1701 4186 cogitatu
1739 4119 1842 4173 isto
1864 4118 2085 4184 adveni;
2117 4132 2210 4174 ve-

644 4202 755 4257 nite
807 4212 862 4257 et
889 4218 984 4258 vos
1037 4205 1106 4258 ad
1145 4205 1506 4273 suspicionem
1543 4206 1735 4262 bonam
1772 4224 1786 4261 :
1824 4223 1962 4277 saepe
1987 4211 2129 4265 enim
2178 4225 2208 4265 a

641 4295 845 4350 sanctis
872 4294 1174 4366 Evangeliis
1224 4307 1278 4350 et
1313 4312 1439 4354 vere
1486 4298 1684 4355 divinis
1723 4301 1790 4356 de
1821 4302 2044 4357 Domino
2083 4301 2206 4359 Jesu

642 4386 884 4445 audiens.
918 4386 1154 4440 auditum
1177 4389 1243 4442 ad
1277 4387 1451 4443 visum
1478 4391 1718 4445 converti
1753 4411 1765 4445 :
1792 4393 2039 4447 videbam
2064 4395 2207 4450 enim

2304 1931 2373 1983 ad
2399 1931 2892 1984 consummationem
2921 1928 3101 1982 τρίαιιί
3125 1927 3190 1980 ’⁸.
3218 1927 3381 1982 Adest
3411 1925 3678 1980 Dominus
3718 1923 3764 1978 si
3792 1922 3882 1976 Ila-

2304 2026 2398 2080 bes
2423 2024 2626 2088 oculos,
2653 2033 2708 2078 et
2734 2031 3024 2090 antequam
3061 2018 3250 2073 audias
3280 2018 3446 2072 vides.
3474 2014 3532 2069 Si
3564 2023 3752 2067 autem
3776 2025 3882 2067 non

2304 2115 2451 2169 vides
2478 2129 2508 2168 a
2548 2114 2852 2182 temetipso,
2905 2125 3125 2166 movere
3145 2123 3266 2163 cum
3296 2123 3361 2163 eo
3403 2105 3494 2176 qui
3531 2103 3801 2167 ostendit,
3831 2111 3884 2157 et

2303 2204 2529 2258 videbis.
2563 2201 2619 2258 Si
2651 2212 2831 2257 autem
2858 2211 2915 2256 et
2945 2215 3067 2254 cum
3098 2209 3374 2254 ostensum
3409 2194 3501 2250 tibi
3546 2192 3722 2265 fuerit
3771 2205 3880 2246 non

2304 2295 2475 2360 vides,
2540 2294 2836 2350 lamentare
2884 2291 3184 2347 cmcitatem
3233 2299 3377 2342 tuam
3429 2285 3681 2341 debebis.
3730 2281 3884 2337 Siet

2304 2385 2446 2439 enim
2475 2398 2581 2439 non
2607 2392 2783 2454 potest
2803 2380 2992 2439 oculus
3028 2382 3146 2435 sine
3176 2379 3379 2433 lumine
3405 2377 3612 2439 videre,
3645 2376 3726 2430 ita
3779 2387 3885 2428 non

2305 2486 2484 2547 potest
2515 2491 2613 2532 nec
2667 2489 2822 2530 mens
2848 2474 2966 2528 sine
3015 2472 3124 2527 Deo
3151 2472 3369 2535 vivere:
3404 2468 3642 2524 celerius
3687 2465 3883 2536 quippe

2307 2567 2607 2624 salvabitur
2637 2567 2806 2638 piscis
2834 2565 2952 2619 sine
2977 2577 3137 2633 aqua,
3167 2577 3327 2630 quam
3364 2560 3542 2614 anima
3572 2558 3694 2613 sine
3725 2555 3882 2611 Chri-

2305 2668 2407 2712 sto.
2427 2656 2566 2724 Quid
2594 2656 2768 2726 ergo?
2795 2653 2932 2708 Num
2959 2667 3063 2708 non
3113 2652 3299 2706 vivunt
3320 2650 3567 2723 gentiles,
3599 2658 3654 2703 et
3687 2644 3880 2708 Juda'i,

2306 2762 2358 2806 et
2384 2748 2662 2804 haeretici?
2690 2746 2963 2814 Permitte,
2989 2746 3187 2818 inquit,
3236 2751 3472 2798 mortuos
3501 2740 3726 2810 sepelire
3761 2753 3881 2792 suos

2305 2853 2537 2896 mortuos
2562 2843 2632 2893 ".
2666 2839 2822 2894 Venit
2855 2838 2993 2894 Deus
3017 2845 3311 2906 apportans
3350 2832 3685 2896 hominibus,
3746 2829 3880 2898 quod

2307 2933 2484 2989 nullus
2513 2933 2791 2988 hominum
2823 2929 3047 2985 adduxit
3072 2945 3086 2981 :
3116 2942 3223 2983 non
3262 2925 3404 2982 enim
3451 2931 3570 2979 erat
3599 2934 3878 2978 servorum

2308 3041 2501 3097 magna
2533 3029 2757 3089 donare,
2787 3023 2880 3078 sed
2911 3035 3190 3078 servorum
3239 3027 3359 3075 erat
3389 3016 3555 3088 Regis
3589 3015 3878 3072 adventum

2310 3117 2677 3173 auuuntiare:
2709 3115 2911 3171 donare
2938 3121 3121 3169 autem
3159 3111 3326 3182 ipsius
3371 3119 3490 3166 erat
3516 3107 3720 3179 Regis;
3764 3105 3880 3163 ideo

2309 3216 2363 3260 et
2391 3218 2756 3276 pmcursores
2780 3203 3032 3259 dicebant
3059 3219 3074 3256 :
3105 3201 3322 3257 Venia.
3345 3199 3459 3272 Ipse
3484 3207 3664 3254 autem
3684 3195 3780 3268 qui
3804 3195 3881 3252 lo-

2308 3297 2573 3367 quebatur
2628 3294 2922 3350 adveniens
2979 3293 3244 3349 donavit:
3301 3306 3400 3363 per
3464 3288 3688 3360 Moysen
3734 3286 3878 3344 enim

2307 3389 2430 3443 data
2453 3397 2535 3444 est
2564 3390 2670 3452 les,
2701 3385 2794 3441 sed
2835 3385 2969 3441 nihil
3013 3385 3218 3441 factum
3254 3395 3374 3451 est;
3407 3382 3581 3454 gratia
3611 3387 3797 3435 autem
3827 3385 3882 3435 et

2309 3481 2508 3536 veritas
2531 3495 2634 3535 non
2661 3479 2782 3535 data
2813 3487 2917 3544 est,
2941 3476 3034 3533 sed
3060 3477 3202 3532 facta
3227 3482 3328 3540 est,
3356 3482 3410 3530 et
3437 3472 3702 3530 correxit.
3731 3468 3880 3526 Sicut

2307 3573 2451 3628 enim
2486 3571 2676 3627 mulier
2705 3571 2792 3626 illa
2818 3585 2938 3641 qua
2977 3567 3181 3625 fontem
3237 3565 3515 3638 sanguinis
3563 3571 3762 3620 contra
3787 3574 3880 3616 na-

2309 3676 2484 3719 turam
2504 3665 2758 3730 habebat,
2775 3661 2998 3735 fatigata
3022 3672 3106 3718 est
3139 3659 3376 3716 medelas
3396 3657 3682 3714 hominum
3718 3655 3878 3711 sussi-

2309 3769 2475 3818 nens;
2509 3753 2712 3824 profuit
2739 3763 2924 3809 autem
2955 3752 3006 3808 ei
3032 3750 3192 3816 nihil,
3217 3748 3310 3805 sed
3357 3745 3735 3804 tantummodo
3756 3759 3878 3802 con-

2308 3857 2623 3901 sumebatur
2647 3855 2701 3900 et
2723 3857 2953 3916 corpore
2990 3851 3046 3900 et
3072 3838 3418 3898 facultatibus
3445 3857 3460 3893 :
3487 3838 3562 3892 ita
3578 3835 3874 3894 secundum

2309 3937 2538 3993 formam
2579 3937 2737 3993 istam
2767 3936 3002 3992 humana
3030 3943 3223 3997 natura
3251 3929 3525 4000 accipiens
3550 3925 3824 3983 medelam
3847 3937 3876 3978 ι

2307 4028 2586 4101 prephetis
2609 4039 2664 4084 et
2679 4028 3050 4083 sacerdotibus
3072 4032 3126 4081 et
3165 4039 3196 4080 a
3226 4023 3340 4094 lege
3374 4023 3512 4092 ipsa,
3545 4034 3654 4076 non
3678 4029 3766 4076 est
3787 4033 3877 4074 ett-

2309 4133 2462 4186 rata;
2495 4123 2590 4177 sed
2640 4121 2688 4176 is
2709 4121 2800 4192 qui
2831 4120 2949 4175 sine
2975 4118 3092 4190 lege
3123 4126 3243 4173 erat
3268 4115 3650 4186 subingressus
3673 4122 3784 4178 est,
3822 4119 3880 4166 at

2309 4212 2611 4268 abund-aret
2641 4221 2944 4282 peccatum.
2977 4208 3113 4276 Quia
3163 4207 3326 4280 igitur
3355 4220 3460 4261 non
3497 4214 3620 4261 erat
3646 4201 3880 4259 hominis

2308 4304 2578 4373 corrigere
2611 4301 2885 4356 hominum
2940 4300 3216 4369 passiones
3243 4305 3299 4353 et
3324 4296 3473 4359 vitia,
3501 4295 3646 4350 Deus
3671 4293 3879 4364 accepit

2311 4395 2522 4449 infirme
2549 4396 2648 4449 hoc
2683 4394 2854 4463 ipsqu
2879 4391 3022 4462 quod
3045 4391 3158 4462 jam
3180 4396 3298 4445 erat
3315 4397 3647 4452 emortuum,
3675 4395 3734 4441 et
3757 4386 3879 4441 sub-

642 4476 1049 4532 sdmirationem
1100 4494 1289 4534 novam
1341 4479 1455 4546 Dei,
1507 4481 1699 4537 Filium
1752 4483 1920 4539 Deum
1970 4485 2023 4540 in
2067 4495 2206 4542 terra
2238 4487 2557 4575 Dingressa
2600 4493 2686 4540 est
2717 4485 2844 4550 vita,
2885 4493 2944 4538 ut
2983 4481 3268 4553 praesentia
3320 4479 3533 4535 virtutis
3569 4484 3878 4547 repercute-

640 4581 834 4637 corpus
865 4568 1150 4627 habentem
1188 4588 1201 4624 :
1234 4579 1288 4625 et
1325 4581 1521 4640 putans
1545 4575 1734 4630 adesse
1755 4576 2117 4646 spectaculum
2133 4593 2201 4634 cx

641 4657 932 4728 Scripturis
964 4674 1096 4729 pene
1136 4671 1190 4715 et
1219 4672 1464 4730 porrecta
1514 4681 1673 4720 manu
1711 4668 2042 4737 apprehendi
2079 4668 2201 4724 lim-

638 4747 812 4804 briam
844 4752 1143 4807 vestimenti
1170 4753 1304 4824 ejus,
1347 4769 1412 4808 ne
1437 4755 1573 4812 forte
1607 4767 1660 4811 et
1681 4774 1713 4813 a
1741 4763 1979 4829 peccatis
2010 4760 2204 4818 libera-

639 4856 752 4896 rer.
801 4841 917 4898 Non
964 4843 1127 4913 igitur
1169 4844 1478 4902 fraudemus
1535 4850 1892 4918 nosmetipsos
1927 4868 1956 4905 a
1998 4853 2206 4910 visione

642 4934 736 4989 Dei
767 4936 1048 5006 unigeniti,
1077 4938 1165 5004 qui
1199 4953 1294 5007 pro
1326 4939 1479 4993 nobis
1507 4939 1573 4992 ad
1602 4956 1701 4996 nos
1731 4945 1876 4997 venit
1907 4961 1921 4996 :
1950 4960 2073 4999 nam
2102 4947 2206 5002 etsi

640 5027 695 5078 in
722 5039 947 5094 corpore
974 5027 1210 5091 advenit,
1241 5036 1419 5084 tamen
1453 5047 1554 5086 non
1585 5031 1742 5087 latuit
1769 5035 1908 5091 Deus
1931 5039 2071 5092 nube
2100 5037 2209 5093 cir-

639 5117 1017 5172 cumamictus.
1045 5117 1101 5172 Si
1124 5120 1267 5174 enim
1297 5132 1351 5175 et
1385 5123 1526 5192 apud
1569 5138 1666 5179 nos
1691 5126 1885 5181 anima:
1917 5137 2090 5184 status
2115 5129 2208 5186 da-

642 5218 729 5262 tur
747 5209 816 5265 ad
838 5210 1012 5266 visum
1037 5227 1132 5282 per
1174 5215 1382 5280 oculos,
1414 5230 1510 5286 per
1542 5216 1762 5281 faciem,
1797 5233 1893 5288 per
1928 5221 2204 5288 maxillas;

638 5294 851 5362 qualem
883 5309 1037 5367 putas
1064 5315 1185 5356 esse
1223 5303 1372 5357 illam
1401 5303 1614 5370 faciem,
1645 5307 1855 5377 qualem
1897 5309 2041 5364 illam
2070 5312 2205 5366 divi-

639 5399 764 5441 nam
802 5392 1265 5460 constitutionem,
1308 5394 1457 5450 illum
1489 5399 1836 5467 tranquillum
1871 5403 2108 5471 oculum,
2140 5405 2201 5459 il-

637 5475 746 5533 lam
793 5481 1073 5539 honestam
1114 5486 1352 5552 linguam
1386 5499 1442 5545 et
1469 5495 1708 5548 motum?
1735 5492 1912 5550 Unum
1948 5506 2030 5551 est
2058 5499 2200 5564 quod

637 5570 852 5628 confert
878 5574 993 5644 ejus
1025 5578 1306 5646 adventus,
1357 5593 1419 5640 ut
1461 5585 1787 5656 suscipiatur
1820 5589 1939 5645 talis
1973 5590 2191 5645 habitus

711 5754 755 5787 "
786 5751 940 5811 Joau.
979 5773 1095 5825 xm,
1131 5761 1216 5818 l5.
1292 5763 1336 5798 ”
1372 5764 1560 5824 Matth.
1597 5784 1788 5838 xxvnl,
1819 5769 1910 5826 20.

2313 4589 2463 4634 retur
2495 4574 2646 4632 virus
2679 4577 2971 4649 serpentis,
3017 4577 3148 4644 Quis
3177 4591 3282 4630 non
3311 4573 3547 4629 movebit
3576 4573 3645 4626 ad
3671 4570 3881 4627 deside-

2310 4671 2449 4724 rium
2482 4667 2720 4724 Christi?
2744 4667 3024 4738 Siquidem
3059 4667 3260 4724 Christi
3301 4664 3481 4737 Pater.
3505 4663 3585 4719 lili
3616 4664 3770 4718 enim
3793 4664 3879 4718 deb

2310 4773 2395 4818 cet
2420 4762 2540 4816 talis
2563 4772 2617 4815 et
2645 4771 2791 4816 tanta
2815 4760 3033 4831 largitio
3063 4779 3078 4816 :
3103 4759 3272 4814 Nemo
3308 4741 3467 4822 cnim,
3490 4755 3688 4826 inquit,
3717 4765 3879 4825 potest

2311 4856 2483 4910 venire
2509 4855 2578 4907 ad
2609 4870 2710 4917 me,
2736 4853 2836 4908 nisi
2879 4851 3039 4908 Patsr
3062 4867 3206 4907 meus
3247 4850 3525 4904 attraxerit
3549 4862 3670 4902 sunt
3700 4847 3880 4917 quiest

2311 4948 2368 5000 in
2395 4945 2538 5001 oculis
2567 4946 2635 4998 ”.
2661 4943 2916 5016 Nonquia
2936 4945 3041 5000 vim
3073 4943 3204 5000 facit
3225 4945 3386 5010 Deus,
3420 4943 3516 4998 sed
3543 4942 3670 5010 quia
3698 4941 3881 4994 domat

2310 5037 2556 5093 homines
2591 5037 2863 5102 mortales,
2901 5051 2998 5107 pro
3044 5037 3240 5107 quibus
3285 5045 3515 5091 mortem
3557 5030 3878 5088 immortalis

2309 5131 2565 5202 gustavit.
2604 5129 2778 5185 Nolite
2809 5132 2860 5186 in
2894 5145 3118 5186 vacuum
3155 5130 3384 5201 gratiam
3415 5141 3638 5197 ponere,
3677 5141 3790 5182 non
3828 5125 3876 5180 in

2305 5237 2498 5278 somno
2520 5219 2868 5293 Evangelium
2899 5239 2916 5276 :
2949 5222 3044 5278 sed
3067 5220 3388 5292 evigilantes
3405 5224 3720 5288 computate
3752 5215 3873 5286 quid

2307 5312 2507 5368 factum
2539 5321 2644 5378 est,
2703 5314 2829 5382 quid
2865 5323 3052 5368 natum
3102 5322 3208 5377 est,
3242 5311 3373 5382 quid
3405 5309 3684 5364 duuatnm.
3742 5308 3873 5363 Deus

2305 5404 2500 5460 Filium
2535 5418 2690 5459 suum
2722 5405 2910 5459 misit:
2951 5404 3042 5473 qui
3091 5419 3198 5459 non
3226 5401 3409 5458 obedit
3438 5399 3512 5465 ei,
3542 5397 3706 5454 habet
3740 5398 3872 5467 iudi-

2306 5496 2471 5552 cium.
2493 5494 2655 5562 Misit,
2686 5496 2925 5566 inquam,
2948 5494 3142 5550 Filium
3159 5509 3314 5550 suum
3338 5492 3498 5556 Deus,
3517 5492 3785 5562 justitiam
3812 5491 3869 5544 ad

2307 5589 2537 5659 iniquos,
2564 5603 2686 5644 eum
2724 5590 2814 5658 qui
2862 5589 2980 5644 sine
3025 5597 3247 5659 peccato
3274 5587 3339 5642 ad
3378 5593 3719 5656 peccatores,
3742 5584 3868 5640 obe-

2001 5771 2044 5804 ’δ
2071 5770 2262 5833 Matth.
2289 5788 2405 5842 vttt,
2433 5772 2524 5831 ‘22.
2600 5774 2644 5806 "
2669 5770 2826 5830 Joan.
2858 5787 2936 5841 vt,
2970 5773 3056 5829 ﬂ.
