4048 6322
197 402 340 459 ιιη

1542 379 1612 436 IN
1651 374 1914 433 ιθΙΑῪΤΠ.
1956 372 2031 439 X,
2064 373 2152 427 ὃὸ.

3326 362 3467 420 1174

194 523 437 574 dienteru
493 514 560 567 ad
620 519 994 571 contumaces,
1051 505 1348 578 gloriosum
1404 500 1469 555 ad
1502 497 1785 571 ignobiles.
1814 498 1860 554 Δ
1889 493 2033 547 enim
2074 489 2361 559 imaginem
2393 490 2572 554 Videt;
2618 503 2715 557 per
2746 486 3064 578 imaginem,
3114 482 3466 552 principalem

194 625 325 665 eum
355 607 443 677 qui
474 606 540 659 ad
570 605 851 660 dexteram
882 602 1057 656 Patris
1096 600 1160 653 ad
1186 612 1281 653 eos
1312 596 1401 665 qui
1433 595 1483 647 in
1513 603 1655 648 terra
1693 591 1779 661 ja-

194 702 419 761 eebant,
455 698 653 753 Filium
685 696 753 751 ad
807 709 1016 757 servos,
1037 692 1274 763 judicent
1306 684 1775 742 condenmandum

198 808 300 857 pro
353 793 435 845 his
475 790 566 858 qui
611 796 765 843 erant
810 785 1174 841 condemnati.
1204 782 1335 848 Quis
1368 795 1470 835 non
1521 777 1776 833 accenda-

201 884 329 938 tur?
364 883 493 949 Quis
543 898 647 937 non
680 882 927 945 stupent?
953 879 1084 945 Quis
1116 892 1219 930 non
1252 890 1283 929 e
1323 874 1534 927 ﬂamma
1560 874 1657 925 ista
1692 871 1773 924 vi-

202 990 365 1029 scera
392 976 652 1029 accendat
696 974 828 1027 sua?
861 972 919 1027 Si
948 987 1050 1025 non
1082 984 1270 1025 smnus
1304 966 1518 1035 lapidei.
1572 975 1628 1017 et
1652 973 1776 1016 ante

199 1080 486 1119 sermones
526 1081 631 1118 non
676 1075 917 1127 movent,
949 1061 1153 1116 deﬂere
1199 1074 1296 1113 nos
1320 1057 1593 1119 convenit,
1646 1054 1774 1123 quia

198 1166 455 1223 putantes
500 1171 599 1209 nos
642 1156 843 1218 vivere,
889 1153 1083 1207 mortui
1129 1166 1335 1205 sumus.
1376 1148 1578 1216 Quibus
1620 1144 1775 1201 Jcsus

198 1262 311 1301 non
337 1246 507 1315 placet
539 1247 701 1309 Deus,
736 1247 830 1299 hos
868 1258 1023 1313 putas
1045 1246 1172 1315 quid
1228 1241 1551 1298 delectabit?
1588 1239 1641 1293 Si
1675 1256 1771 1293 au-

196 1348 313 1392 tem
344 1340 686 1407 pulchritudo
719 1340 771 1393 in
807 1352 971 1393 carne
1004 1350 1271 1401 emortua,
1303 1345 1357 1391 et
1410 1337 1614 1405 lapides
1657 1348 1775 1402 pre-

198 1432 351 1496 tiosi,
379 1441 430 1484 et
476 1431 777 1502 margaritae
807 1431 1050 1493 claritas,
1084 1440 1262 1485 movet
1305 1428 1639 1482 alacritatem
1680 1428 1775 1481 lio-

198 1523 392 1586 minis;
422 1537 542 1577 cum
578 1525 713 1576 Deus
744 1523 912 1577 Filius
952 1523 1111 1578 fuerit
1146 1525 1318 1587 visus,
1349 1538 1378 1606 ξι
1409 1537 1515 1589 quo
1548 1530 1602 1574 et
1632 1521 1771 1574 bona

198 1615 303 1668 ista
336 1624 457 1666 sunt
482 1613 648 1676 facta,
685 1618 954 1683 quomodo
976 1631 1079 1670 non
1110 1622 1235 1669 vere
1274 1614 1452 1667 veniet
1485 1612 1769 1681 passioilla

199 1704 255 1754 in
310 1704 546 1766 homine,
578 1704 645 1757 de
680 1719 783 1773 qua
835 1705 1037 1759 dictum
1074 1714 1193 1760 est:
1246 1704 1444 1774 Diliges
1494 1703 1771 1755 Dominum

197 1791 367 1846 Deum
414 1803 559 1847 tuum
610 1811 675 1847 ea:
714 1796 855 1848 omni
885 1798 1060 1849 auium
1092 1806 1201 1862 tua,
1236 1807 1281 1850 et
1324 1813 1388 1850 ex
1412 1798 1553 1849 omni
1585 1798 1772 1849 virtute

192 1896 313 1948 tua,
346 1896 396 1939 et
416 1903 481 1940 ea:
508 1888 648 1940 οηιηὶ
670 1889 899 1955 polentia
925 1900 1035 1945 tim.
1058 1900 1105 1942 ct
1138 1901 1304 1943 urente
1328 1898 1374 1943 et
1403 1905 1556 1941 sensu
1586 1888 1771 1941 tuo“?

192 1978 505 2044 Apparente
535 1976 677 2030 enim
734 1975 959 2029 Domino
1011 1976 1160 2043 Jesu,
1218 1993 1323 2033 non
1378 1978 1769 2047 derelinquitur

189 2079 324 2133 pars
352 2066 529 2135 aliqua
556 2068 859 2122 dilectionis
886 2068 999 2131 ulli,
1042 2070 1166 2136 quia
1210 2086 1313 2122 non
1355 2069 1613 2123 dividitur
1638 2071 1769 2124 cha-

188 2154 331 2209 ritas
358 2156 424 2214 ad
456 2156 618 2210 Deum
650 2167 704 2209 et
737 2158 802 2210 ad
856 2158 1124 2221 homines,
1158 2169 1209 2213 et
1242 2160 1307 2213 ad
1340 2170 1583 2213 emortua
1648 2174 1768 2229 qnze

185 2246 247 2300 in
285 2254 428 2300 terra
466 2260 592 2300 sunt
633 2248 938 2302 :sed‘sicut
968 2259 1255 2318 antequam
1294 2260 1553 2319 appareat
1577 2252 1679 2315 sol,
1713 2262 1768 2307 et

186 2336 438 2392 lucernis
481 2337 731 2401 fruimur,
774 2350 825 2393 et
865 2341 1049 2394 stellas
1082 2344 1337 2411 patimur,
1370 2354 1421 2396 et
1461 2343 1583 2396 luna
1619 2343 1767 2399 dele-

182 2438 437 2497 ctamur;
470 2446 590 2486 cum
636 2442 816 2487 autem
855 2433 934 2487 sol
970 2433 1131 2487 fuerit
1172 2435 1341 2497 visus,
1378 2435 1621 2503 quaedam
1648 2435 1769 2506 qui-

186 2520 317 2573 dem
355 2536 456 2576 non
502 2533 711 2590 parent,
760 2524 1005 2591 quadam
1050 2536 1229 2578 autem
1283 2534 1337 2579 et
1402 2525 1765 2594 occultantur,

185 2626 386 2666 omnes
412 2621 591 2665 autem
622 2624 947 2669 convertunt
980 2614 1145 2670 facies
1189 2630 1318 2671 suas
1346 2616 1412 2671 ad
1460 2616 1660 2686 solem;
1714 2629 1767 2673 et

185 2717 317 2757 cum
340 2704 506 2759 multa
524 2705 634 2760 sint
663 2706 824 2772 bona,
852 2707 1036 2764 omnia
1065 2708 1210 2763 enim
1252 2709 1392 2764 bona
1422 2710 1616 2767 valde:
1643 2728 1765 2765 cum

184 2804 375 2849 autem
405 2800 711 2865 apparuerit
732 2800 779 2852 is
806 2814 902 2869 per
920 2814 1080 2870 quem
1105 2801 1206 2855 ista
1237 2799 1401 2865 bona,
1431 2805 1604 2869 bona;
1634 2805 1767 2859 nihil

184 2899 381 2941 eorum
418 2889 557 2958 quod
606 2891 805 2945 bonum
856 2902 940 2947 est
980 2893 1091 2963 jam
1126 2893 1397 2949 videbitur
1435 2896 1656 2952 bonum.
1709 2897 1765 2954 Si

185 2978 319 3046 quis
347 2979 482 3033 vidit
514 2978 740 3053 elligiem
787 2985 958 3048 audit,
995 2986 1039 3039 si
1082 2986 1204 3054 quis
1234 3002 1341 3042 non
1370 2988 1583 3043 videtur
1608 2998 1663 3045 et
1711 2999 1769 3044 ut

186 3069 396 3138 videat,
452 3084 505 3127 et
558 3075 861 3129 consentiat
898 3076 983 3131 his
1032 3093 1152 3147 quae
1206 3078 1500 3133 dicuntur:
1554 3094 1769 3136 amores

184 3160 338 3216 enim
373 3162 531 3217 clarae
547 3165 931 3233 pulchritudini
966 3169 1605 3238 contendunt;quantum
1624 3172 1766 3225 enim

186 3250 397 3307 bonum
420 3262 504 3308 est
532 3257 675 3323 quod
707 3256 971 3328 diligitur,
1006 3268 1151 3313 tanta
1168 3269 1223 3314 et
1252 3274 1503 3315 mensura
1533 3269 1615 3315 est
1640 3263 1768 3316 cha-

190 3341 395 3399 ritatis.
448 3343 504 3398 Si
556 3347 700 3401 enim
734 3348 874 3403 oculi
916 3348 1117 3405 fuerint
1169 3358 1220 3405 in
1256 3351 1397 3407 facie
1444 3354 1591 3415 boni,
1620 3363 1768 3409 tanta

190 3436 365 3490 motio
389 3436 641 3505 elIieitur,
658 3450 916 3509 quantum
939 3450 991 3495 et
1011 3442 1152 3496 oculi
1178 3442 1377 3497 fuerint
1400 3444 1530 3497 moti
1553 3460 1565 3494 :
1587 3446 1633 3498 ei
1656 3444 1769 3515 (δι’)

191 3538 377 3584 autem
411 3531 554 3585 aliud
596 3533 799 3602 aliquid
832 3534 883 3588 in
929 3535 1123 3601 oculis,
1165 3536 1469 3603 duplicatur
1496 3553 1647 3593 amor
1679 3557 1692 3592 :
1723 3541 1766 3592 si

189 3630 306 3674 tota
333 3620 497 3677 {acies
536 3622 698 3679 fuerit
720 3624 884 3689 bona,
910 3626 1073 3680 totius
1090 3626 1268 3681 vultus
1290 3626 1529 3682 Charitas
1548 3644 1767 3684 mensu-

189 3721 346 3766 ratur
378 3732 391 3765 :
429 3714 472 3767 si
497 3724 677 3769 autem
702 3725 757 3770 et
780 3715 884 3769 alia
906 3718 1145 3772 membra
1183 3716 1387 3773 fuerint
1416 3720 1576 3779 bona,
1615 3722 1769 3774 addi-

192 3810 249 3852 ta
268 3800 685 3869 pulchritudine,
718 3804 916 3859 crescit
938 3815 992 3859 et
1022 3805 1367 3861 desiderium.
1393 3805 1552 3863 Jesus
1590 3820 1768 3865 autem

192 3900 345 3945 totus
393 3902 477 3947 est
504 3895 699 3957 bonus,
744 3904 799 3949 et
848 3910 975 3951 vere
1006 3897 1199 3961 bonus,
1238 3898 1363 3951 boni
1405 3900 1546 3954 enim
1592 3898 1770 3955 Patris

189 3980 480 4049 progenies
510 3992 594 4035 est
628 3982 804 4047 bona;
861 3984 1014 4051 cujus
1060 3986 1517 4055 pulchritudinem
1568 3989 1769 4044 clamat

190 4069 393 4125 calum
431 4086 527 4139 per
549 4086 702 4126 suam
724 4074 1146 4143 speciositatem.
1195 4073 1360 4131 Istum
1402 4079 1673 4133 collaudat
1718 4094 1769 4135 et

190 4158 328 4212 solis
350 4160 621 4227 splendor,
649 4161 809 4215 istum
866 4164 1120 4231 pnedicat
1165 4164 1291 4220 luna
1320 4176 1375 4221 et
1401 4168 1687 4236 incipiens,
1715 4183 1769 4225 et

188 4252 373 4323 plena,
403 4263 457 4309 et
478 4254 753 4309 deﬁciens.
777 4256 1063 4311 Stellarum
1094 4269 1273 4313 autent
1301 4261 1449 4315 chori
1481 4263 1640 4316 istum
1674 4280 1764 4319 co-

190 4354 413 4421 ronant,
468 4346 561 4401 sed
598 4362 702 4401 non
746 4362 910 4416 opera
967 4351 1019 4401 in
1051 4349 1233 4413 istum,
1272 4360 1363 4404 aut
1394 4354 1461 4405 ab
1509 4354 1767 4421 operibus

186 4416 518 4507 gloria'ejus,
546 4437 639 4491 sed
676 4451 740 4492 ex
786 4439 867 4492 sui
911 4448 1120 4495 natura.
1153 4440 1301 4495 Mare
1326 4442 1487 4497 istum
1516 4444 1766 4501 ﬂuctibus

185 4529 431 4598 praefert,
459 4539 599 4585 terra
618 4544 739 4585 eum
764 4530 1271 4589 fructiliuscoronat
1304 4544 1356 4590 et
1379 4534 1622 4602 ﬂoribus,
1646 4540 1767 4593 eho-
1802 4561 1844 4615 υ
1874 4534 1995 4588 (iam
2044 4536 2489 4591 constitutionem
2532 4538 2613 4592 sui
2650 4538 2976 4595 invisibilem
3015 4542 3130 4598 ﬁeri

187 4636 282 4677 ros
305 4633 482 4677 autem
500 4625 548 4678 ei
576 4625 897 4679 etanimalia
917 4625 1041 4679 dum
1067 4628 1356 4695 exsultant,
1388 4629 1612 4685 faciunt.
1633 4630 1766 4686 Cum

186 4722 371 4769 autem
423 4719 577 4772 audis
625 4720 750 4788 quia
785 4720 1121 4789 glorificatur
1158 4720 1329 4776 Filius
1386 4724 1453 4777 ab
1493 4725 1766 4789 omnibus,

185 4807 300 4862 noli
324 4809 565 4864 oblivisci
586 4808 760 4869 Patris
776 4825 933 4879 quem
960 4812 1227 4881 gloriﬁcat
1254 4812 1445 4868 Filius.
1470 4814 1574 4869 Sed
1601 4818 1666 4870 de
1686 4818 1767 4870 ius

183 4901 480 4955 enarrabili
506 4911 688 4957 etnon
720 4914 844 4957 nata
878 4915 1068 4959 natura
1092 4905 1271 4960 Patris
1308 4907 1358 4959 in
1388 4910 1648 4963 memoria
1679 4926 1769 4965 ve-

183 4994 309 5045 nire
327 4992 486 5047 timor
518 5001 621 5047 est.
653 4993 789 5061 Quia
812 5010 942 5065 ergo
971 4995 1057 5051 ille
1091 4997 1413 5052 timorabilis
1436 5009 1518 5053 est
1549 5012 1768 5070 propter

182 5084 487 5139 bonitatem
507 5094 561 5138 et
585 5087 1082 5154 supereminenteui
1121 5089 1529 5158 benignitatem.
1560 5103 1612 5145 et
1642 5094 1766 5162 quia

185 5190 292 5231 nos
313 5192 417 5230 non
442 5191 727 5247 possumus
742 5180 808 5233 ad
824 5180 971 5234 illum
997 5195 1094 5235 nec
1110 5195 1228 5235 men
1238 5191 1287 5236 te
1314 5184 1615 5252 respicere;
1636 5185 1702 5237 im
1712 5200 1770 5238 a-

182 5268 366 5339 ginem
394 5266 511 5337 ejus
532 5269 937 5325 considerantes
974 5272 1234 5327 miramur
1272 5274 1599 5330 iudicibilem
1619 5275 1765 5330 illam

186 5362 442 5414 virtutem
474 5359 897 5417 Patris:etideo
938 5380 1058 5417 eum
1084 5366 1173 5434 qui
1213 5367 1278 5419 ad
1319 5381 1417 5420 nos
1450 5367 1593 5421 venit
1638 5382 1769 5422 con-

185 5453 526 5518 sideremus,
567 5465 622 5509 et
668 5456 985 5512 habebimus
1034 5460 1287 5513 fructum.
1337 5457 1478 5513 Dicit
1526 5462 1671 5514 enim
1713 5471 1767 5515 et

186 5548 304 5613 ipse
346 5544 450 5600 :Si
485 5547 603 5614 quis
656 5564 734 5602 me
788 5550 951 5616 videt,
1001 5550 1134 5605 ridet
1177 5562 1224 5605 ct
1276 5550 1484 5606 Patrem
1523 5554 1566 5585 ⁸⁷
1607 5571 1621 5609 :
1670 5553 1761 5622 qui

257 5655 306 5687 “
333 5656 486 5712 Deut.
509 5674 583 5722 vt,
614 5658 667 5712 5.
743 5661 787 5692 ³⁷
828 5659 982 5718 Joau.
1016 5680 1121 5731 xw,
1149 5665 1200 5719 9.

261 5818 379 5886 (82)
407 5817 494 5876 Ei.
526 5821 706 5884 Forte.
743 5830 807 5879 ai.

1884 582 2149 653 agnoscit.
2178 579 2352 636 Filius
2388 579 2553 650 igitur
2587 579 2651 632 ad
2688 592 2787 631 nos
2818 577 2983 640 venit,
3014 589 3121 627 non
3156 583 3334 627 tamen
3367 586 3468 627 nos

1886 675 1953 729 ad
1999 675 2212 743 ipsum;
2255 671 2335 727 vel
2371 685 2513 725 nunc
2556 680 2736 723 autem
2781 684 2878 722 nos
2910 667 2978 722 ad
3027 667 3201 737 ipsum
3241 664 3467 721 simus:

1888 765 2028 820 Dens
2055 774 2243 829 vocat;
2273 772 2326 819 et
2356 764 2442 817 his
2472 762 2699 831 quinon
2736 760 3049 821 adveniunt,
3080 755 3275 812 sufﬁcit
3303 770 3468 826 pcena

1884 858 2006 926 quia
2042 872 2146 910 non
2170 855 2445 910 obediunt.
2474 854 2643 908 Vocat
2672 854 2836 907 Deus.
2858 851 2939 904 Ad
2969 850 3121 919 quae?
3151 849 3229 902 Ad
3258 863 3319 903 ea
3345 862 3469 917 qua

1884 952 2075 1002 decent
2111 949 2297 1002 Deum.
2346 946 2412 1000 Et
2449 957 2596 999 certe
2642 944 2916 999 Abraham
2948 942 3165 995 vocavit
3204 939 3364 1003 Deus,
3412 950 3469 993 et

1885 1040 2141 1109 prmcepit
2175 1038 2507 1108 unigenitum
2559 1035 2750 1090 Filium
2796 1050 2952 1088 suum
2993 1031 3193 1089 offerre
3231 1030 3356 1088 sibi.
3400 1028 3469 1084 Et

1886 1135 2096 1187 videtur
2129 1131 2494 1201 perniciosum
2552 1132 2653 1184 hoc
2690 1144 2835 1192 esse,
2889 1128 3025 1182 forte
3058 1127 3194 1191 tibi,
3232 1140 3348 1179 non
3385 1134 3467 1179 ta-

1884 1237 2003 1275 men
2044 1220 2308 1286 Abrahae;
2345 1218 2615 1273 Abraham
2648 1219 2791 1271 enim
2843 1217 3051 1271 lucrum
3086 1215 3240 1270 duxit
3269 1238 3280 1270 :
3313 1214 3467 1269 vide-

1884 1316 2080 1368 bantur
2140 1311 2285 1367 enim
2332 1310 2538 1379 iurgari
2593 1311 2801 1363 viscera
2848 1316 2905 1363 et
2957 1306 3308 1376 religiositas.
3354 1302 3464 1359 Sed

1881 1406 2057 1457 aJh‘ue
2105 1402 2243 1470 apud
2278 1415 2375 1455 nos
2402 1400 2609 1471 jurgari
2648 1407 2907 1467 possunt;
2960 1397 3234 1451 Abraham
3281 1402 3462 1450 autem

1883 1510 1948 1546 ne
1978 1492 2196 1562 quidem
2233 1489 2498 1545 dubitatio
2548 1488 2677 1551 fuit,
2727 1502 2825 1541 nec
2872 1487 3163 1553 cogitatus,
3198 1500 3299 1541 nec
3331 1485 3466 1541 dila~

1883 1586 1999 1639 tio:
2036 1583 2128 1638 sed
2184 1582 2468 1637 laetabatur
2515 1579 2832 1643 Abraham,
2878 1579 3004 1647 quia
3052 1579 3299 1632 victurus
3345 1586 3467 1631 erat

1882 1677 2024 1729 titius
2050 1675 2165 1743 ejus
2202 1674 2417 1728 oblatus
2448 1690 2460 1727 :
2493 1686 2647 1726 amor
2684 1682 2768 1726 est
2810 1671 2953 1725 enim
3007 1670 3363 1738 religiositas,
3408 1669 3463 1722 in

1880 1784 1985 1838 qua
2030 1779 2085 1823 et
2118 1769 2360 1823 Charitas
2392 1774 2764 1828 mensuratur,
2793 1772 2851 1818 et
2890 1761 3121 1817 allectus
3166 1760 3462 1831 impletur:

1806 1854 1847 1911 Β
1875 1863 1919 1917 si
1970 1860 2113 1915 enim
2166 1859 2412 1914 charitas
2461 1872 2568 1911 non
2609 1856 2773 1913 fuerit
2826 1855 3036 1921 otiosa,
3082 1853 3265 1908 omnia
3304 1860 3468 1907 erunt

1873 1954 2090 2009 etiamsi
2126 1952 2475 2009 coal'lectatus
2508 1949 2708 2016 fueris;
2761 1958 2985 2018 propter
3034 1948 3283 2002 timorem
3316 1947 3465 2001 enim

1875 2047 1919 2101 si
1967 2047 2260 2110 obedieris,
2295 2046 2573 2116 perfectus
2618 2058 2723 2098 non
2770 2041 2914 2105 eris;
2966 2049 3187 2110 propter
3235 2041 3466 2095 commi—

1876 2138 2150 2193 nationeni
2203 2150 2385 2192 autem
2433 2139 2718 2207 gehennar,
2751 2136 2878 2190 mali
2910 2136 3052 2191 servi
3102 2133 3301 2187 malum
3334 2146 3464 2201 pro-

1876 2230 2109 2298 positum
2161 2229 2388 2285 habebis
2430 2247 2445 2282 :
2498 2238 2721 2299 propter
2765 2236 2944 2282 autem
2989 2242 3151 2299 regna
3198 2226 3463 2285 caelorum

1876 2327 2126 2382 voluntas
2174 2336 2261 2384 est
2313 2328 2657 2384 mercenarii.
2714 2327 2848 2394 Qua:
2898 2340 3081 2381 autem
3126 2327 3324 2383 decora
3378 2334 3466 2380 est

1877 2420 2003 2474 via?
2038 2430 2255 2489 stupere
2311 2421 2550 2485 bonum,
2602 2420 2793 2474 mirari
2853 2419 3216 2486 immensum,
3276 2432 3465 2475 amare

1879 2515 2067 2569 Deum.
2102 2512 2157 2568 Si
2200 2515 2346 2568 enim
2390 2516 2518 2578 scis,
2550 2529 2654 2568 non
2690 2526 2841 2584 potes
2878 2530 2983 2569 non
3014 2514 3268 2583 diligere;
3301 2512 3348 2567 si
3377 2514 3464 2567 vi-

1876 2608 2039 2673 disti,
2083 2621 2189 2661 non
2240 2617 2392 2675 potes
2439 2622 2544 2660 non
2605 2606 2940 2664 coalfectari.
3004 2605 3153 2661 Nihil
3200 2606 3348 2661 enim
3394 2620 3465 2660 ex

1875 2701 2127 2753 omnibus
2168 2714 2289 2767 qua:
2333 2709 2491 2763 sunt,
2550 2714 2727 2767 neque
2778 2700 2959 2754 omnia
3009 2697 3203 2766 simul,
3249 2706 3463 2752 tantum

1878 2790 2129 2852 illiciunt,
2160 2800 2427 2860 quantum
2459 2789 2693 2847 delectat
2724 2806 2865 2847 unus
2899 2792 3143 2846 omnium
3176 2790 3463 2846 Dominus.

1876 2883 1951 2937 lta
1992 2884 2148 2938 illicit
2186 2893 2241 2938 et
2287 2883 2448 2939 Pater
2486 2884 2528 2938 si
2570 2882 2737 2938 fuerit
2765 2884 2953 2940 visus:
2989 2893 3199 2939 tantum
3232 2884 3379 2939 enim
3414 2886 3464 2940 si

1876 2975 2222 3045 apparuerit,
2276 2975 2411 3029 nihil
2461 2974 2573 3042 jam
2625 2978 2749 3046 quis
2818 2976 3128 3032 sustinebit.
3180 2975 3465 3031 Videbitur

1878 3076 2057 3121 autem
2087 3068 2153 3121 ab
2183 3066 2266 3121 his
2297 3066 2387 3136 qui
2429 3068 2628 3123 mundo
2664 3078 2787 3123 sunt
2817 3067 3010 3131 corde;
3047 3069 3093 3123 si
3124 3068 3270 3123 enim
3300 3083 3462 3122 mun-

1876 3154 2003 3209 dum
2050 3154 2215 3209 fuerit
2254 3170 2370 3222 cor,
2411 3154 2631 3227 eﬂ‘ulget
2662 3157 2787 3212 inde
2838 3158 3057 3223 lumen,
3102 3168 3156 3213 et
3190 3158 3464 3215 videbitur

1874 3246 2015 3315 quod
2047 3244 2288 3316 elfulget,
2316 3258 2371 3301 et
2402 3248 2587 3302 statim
2623 3260 2916 3320 martyres,
2947 3250 3313 3317 confessores,
3343 3265 3464 3305 san-

1875 3338 2230 3405 ctimoniuni,
2281 3338 2601 3408 virginitas.
2656 3348 2851 3394 natura
2903 3351 3160 3404 mortua,
3208 3342 3453 3398 membra

1873 3426 2133 3483 crucifixa
2178 3446 2192 3483 :
2228 3430 2554 3485 desiderium
2620 3431 2762 3485 enim
2805 3430 2977 3487 fervet
3037 3432 3090 3487 in
3140 3432 3366 3500 animis,
3408 3444 3467 3490 et

1874 3522 2222 3593 cuiijungitur
2273 3523 2340 3577 ad
2390 3523 2757 3579 desideratum
2808 3543 2823 3579 :
2867 3540 2990 3580 cum
3047 3526 3193 3580 enim
3252 3526 3463 3582 aduna~

1875 3616 2015 3670 verit
2067 3616 2195 3686 quis
2247 3617 2513 3671 bonorum
2564 3626 2898 3683 conventus,
2946 3619 3070 3673 εαξη
3124 3620 3459 3687 magnitudi-

1877 3724 2023 3771 nem,
2065 3720 2119 3762 et
2146 3723 2208 3763 ea
2241 3724 2361 3778 qua:
2393 3708 2444 3763 in
2482 3709 2602 3778 ipso
2640 3719 2768 3764 sunt
2800 3720 2880 3766 est
2923 3710 3290 3781 pulchritudo,
3332 3712 3463 3767 solis

1875 3801 2184 3869 pnedictam
2218 3802 2545 3865 claritatem,
2572 3809 2626 3855 et
2656 3801 2884 3857 aliorum
2914 3804 3158 3857 omnium
3192 3818 3315 3872 qua:
3348 3805 3461 3861 illic

1872 3904 1999 3946 sunt
2033 3893 2210 3958 bona;
2246 3908 2345 3947 nec
2385 3910 2489 3948 non
2519 3903 2574 3948 et
2608 3908 2669 3948 ea
2701 3910 2823 3963 qua:
2854 3895 2907 3949 in
2946 3905 3089 3949 terra
3126 3898 3457 3967 germinant,

1873 3983 2088 4050 ﬂorent,
2129 3987 2529 4055 expauduntur,
2565 3988 2883 4057 procedunt,
2930 4000 3269 4058 nascuntur;
3313 4001 3367 4046 et
3394 4006 3459 4048 ea

1873 4093 1992 4145 qua:
2031 4079 2084 4131 in
2127 4092 2250 4132 aere
2287 4079 2490 4142 volant,
2533 4092 2589 4134 et
2624 4081 2675 4134 in
2709 4081 2866 4150 aquis
2909 4091 3135 4138 natant:
3169 4099 3293 4138 cum
3343 4086 3461 4141 hazc

1872 4170 2049 4222 omnia
2083 4170 2402 4223 adunaverit
2429 4179 2487 4223 ttt
2529 4186 2862 4239 componens
2903 4173 2957 4227 in
2995 4190 3193 4240 unum,
3240 4192 3305 4231 ne
3338 4180 3461 4248 qui—

1872 4261 1994 4315 dem
2044 4272 2192 4330 gutta
2248 4271 2307 4314 ut
2358 4263 2426 4317 ad
2468 4261 2610 4316 illam
2661 4264 3117 4332 pulchritudinem
3164 4279 3356 4335 erunt,
3402 4281 3463 4325 ut

1872 4352 2196 4407 desideriuu‘i
2228 4364 2449 4424 stupore
2484 4356 2655 4423 magis
2684 4357 2775 4422 sit,
2815 4367 2871 4411 et
2902 4358 3167 4427 eharitas,
3198 4371 3254 4416 et
3289 4362 3459 4418 admi-

1870 4445 2031 4509 ratio,
2079 4456 2137 4497 ut
2189 4446 2309 4500 talis
2348 4445 2462 4516 jam
2513 4446 2675 4502 homo
2720 4450 2995 4505 desideret
3028 4468 3225 4507 novam
3265 4468 3461 4524 quam-

3169 4559 3185 4598 :
3230 4543 3457 4600 allectus

1874 4625 2018 4677 enim
2060 4626 2127 4678 ad
2182 4627 2511 4682 iuvisibilem
2549 4629 2840 4684 invisibilis
2880 4631 3131 4699 habetur,
3173 4644 3230 4690 et
3262 4636 3458 4692 solitu-

1876 4718 2053 4771 dinem
2098 4721 2312 4787 quaerit.
2353 4720 2453 4787 Qui
2497 4731 2676 4777 autem
2709 4724 2777 4778 ad
2810 4725 2970 4779 istam
3015 4728 3456 4785 constitutionem

1874 4812 2196 4876 occurrerit,
2228 4814 2401 4867 nescit
2431 4814 2554 4883 quia
2599 4825 2653 4868 et
2691 4816 2889 4871 caelum
2914 4827 2967 4874 et
3005 4829 3200 4874 terran:
3228 4837 3333 4876 non
3380 4822 3459 4878 vi-

1877 4903 1995 4964 det,
2039 4921 2140 4958 nec
2174 4907 2324 4959 novit
2365 4906 2415 4960 in
2446 4921 2552 4975 quo
2580 4910 2630 4962 in
2678 4918 2821 4965 terra
2851 4923 2929 4966 est
2971 4917 3130 4969 loco:
3165 4916 3331 4971 maris
3361 4932 3458 4971 au-

1878 5004 1984 5048 tem
2029 5012 2098 5050 ne
2137 4999 2349 5065 quidem
2396 5017 2603 5055 memor
2652 5014 2771 5069 est,
2819 5015 2874 5059 et
2910 5005 3129 5062 ﬂumina
3177 5010 3455 5079 despicit:

1878 5089 2043 5143 solem
2078 5106 2183 5144 non
2220 5092 2397 5159 videt,
2443 5094 2624 5147 lunam
2662 5113 2765 5150 non
2800 5100 3127 5163 considerat,
3174 5103 3454 5158 stellarum

1874 5197 2084 5235 memor
2121 5199 2226 5238 non
2268 5194 2383 5252 est;
2419 5188 2646 5257 despicit
2680 5201 2860 5245 autem
2888 5202 2944 5247 et
2978 5195 3292 5263 angelorum
3325 5198 3454 5253 ch0-

1872 5290 2000 5329 ros:
2037 5292 2174 5331 unus
2216 5279 2358 5331 enim
2396 5279 2485 5334 ille
2531 5296 2636 5334 non
2686 5284 2948 5350 permittit
2983 5287 3149 5343 dividi
3192 5289 3455 5345 visionem

1870 5370 1936 5422 ad
1971 5369 2159 5427 multa.
2199 5370 2299 5439 Qui
2347 5372 2490 5425 enini
2526 5375 2578 5427 in
2630 5375 2723 5429 tali
2771 5379 3161 5435 constitutione
3200 5381 3451 5445 habetur,

1869 5460 2041 5515 nescit
2070 5462 2193 5530 quia
2217 5472 2271 5517 et
2292 5478 2510 5519 carnem
2545 5464 2727 5533 habet,
2753 5478 2808 5523 et
2839 5472 2981 5539 quod
3017 5482 3102 5527 est
3135 5475 3452 5537 maximum,

1868 5568 1966 5609 nec
2000 5555 2190 5610 animae
2221 5571 2331 5613 sua:
2371 5571 2579 5615 memor
2610 5570 2693 5615 est
2737 5579 2749 5615 :
2788 5570 2935 5617 totus
2978 5564 3120 5618 enini
3158 5574 3453 5625 evacuatus
