4048 6322
641 427 778 484 “75

1305 409 1572 472 ευεεειι
1611 398 2092 464 ωεειιιιιιῖιιειε
2131 396 2188 455 01

2323 393 2502 449 PARS
2537 391 2630 448 IV.
2666 419 2737 432 —
2773 381 3192 444 DOGIATICA.

3726 373 3861 428 “76

633 546 690 604 In
728 546 874 600 illum
923 547 1009 597 ut
1052 551 1211 608 quem
1246 532 1548 595 desiderat,
1589 536 1644 584 et
1676 525 1928 584 universa
1971 523 2019 579 ei
2061 529 2186 575 sunt
2214 523 2262 580 Α
2289 524 2393 570 tur.
2425 514 2565 569 Vere
2596 513 2755 567 beata
2792 517 2845 563 et
2879 503 3146 608 Petra,.in
3181 515 3302 604 qua.
3331 511 3523 608 ulmus
3657 491 3816 608 positi

631 646 872 692 emortua
886 672 902 698 ,

629 727 772 800 quod
804 726 879 782 ait
922 721 1209 796 Apostolus
1244 737 1259 774 :
1315 715 1438 771 Viro
1479 730 1611 784 ego,
1649 713 1768 782 jam
1810 724 1915 763 ιιοιι
1959 721 2074 776 ego,
2101 706 2190 758 sed

630 797 751 876 ἑιυιι
789 819 845 872 ιιι
878 833 960 871 ate
1005 812 1245 869 Christus
1265 810 1330 863 ".
1363 804 1644 863 Desiderio
1671 802 1815 856 enim
1857 808 1999 856 totus
2028 797 2182 852 devo-

630 922 779 968 ratus
820 918 876 965 et
916 923 946 962 a
979 905 1267 973 semetipso
1299 899 1611 961 discedens,
1657 895 1800 950 illius
1833 900 2013 947 autem
2059 889 2192 946 alis-

630 1014 778 1068 rtus;
821 1001 958 1056 bona
989 997 1204 1067 quidem
1243 1002 1420 1047 morte
1453 999 1539 1045 est
1573 994 1836 1050 mortuus,
1867 984 2065 1039 bonam
2095 997 2194 1037 au-

630 1103 739 1149 tem
767 1097 929 1146 vitam
962 1085 1310 1145 commutavit
1337 1093 1394 1137 ut
1417 1083 1562 1138 dicat
1593 1095 1607 1134 :
1647 1075 1772 1132 Viuo
1796 1078 1910 1147 jam
1943 1091 2048 1131 non
2073 1092 2188 1147 ego.

629 1184 688 1240 εἰ
714 1184 835 1255 quis
859 1180 1130 1237 unanimis
1154 1190 1203 1232 et
1239 1177 1406 1242 ipsius
1442 1175 1635 1242 linguae
1661 1184 1745 1227 est
1781 1169 1972 1234 Paulo,
2012 1170 2192 1226 audiet

628 1269 851 1325 Paulum
883 1269 1152 1323 dicentem
1181 1282 1194 1319 :
1234 1259 1381 1325 Vivo,
1401 1261 1517 1332 jaut
1543 1277 1646 1315 non
1673 1275 1784 1330 ego.
1806 1257 1914 1315 Sed
1941 1273 2062 1330 qua
2098 1266 2189 1312 tua

627 1375 712 1420 est
744 1362 872 1425 vita,
899 1375 932 1415 ο
959 1359 1164 1414 Paule?
1194 1356 1298 1412 Sed
1331 1355 1472 1417 uiuit,
1506 1352 1696 1422 inquit,
1732 1352 1785 1406 in
1815 1367 1894 1406 me
1925 1350 2186 1406 Christus.

628 1453 684 1511 In
708 1471 815 1525 quo
840 1455 974 1508 vivit
999 1449 1271 1512 Christus,
1298 1447 1570 1502 Christum
1607 1445 1827 1500 indutus
1854 1453 1935 1499 est
1960 1461 1974 1498 :
2005 1441 2189 1497 istius-

628 1545 769 1603 modi
815 1545 975 1600 homo
1003 1544 1092 1614 qui
1123 1541 1342 1597 Christo
1375 1538 1598 1594 indutus
1627 1547 1733 1601 est,
1775 1551 1880 1592 non
1918 1535 2188 1598 tunicam,

625 1637 722 1692 sed
763 1636 900 1692 sicut
933 1635 1131 1689 ferrum
1159 1633 1282 1701 igne
1324 1641 1467 1688 totus
1513 1646 1609 1700 per
1653 1638 1823 1684 totum
1870 1627 2186 1692 incanduit.

627 1735 773 1782 totus
811 1740 906 1796 per
940 1734 1107 1779 totum
1150 1721 1487 1777 illuminatus
1518 1728 1621 1786 est,
1653 1718 1830 1773 nullas
1869 1717 1918 1773 ei
1953 1715 2066 1784 iam
2101 1731 2184 1770 re-

627 1817 786 1874 lictus
822 1827 906 1872 est
954 1829 1061 1870 non
1101 1825 1311 1879 motus,
1361 1827 1466 1868 non
1515 1809 1746 1865 aﬂ‘ectio.
1795 1808 1902 1864 Sed
1950 1821 2048 1862 nos
2094 1807 2183 1876 qui

624 1909 820 1966 Christi
857 1922 1074 1965 sensum
1126 1905 1409 1970 habemus,
1457 1919 1559 1957 non
1592 1900 1796 1972 pigebit
1839 1914 1939 1953 nos
1981 1898 2183 1959 dicere,

625 2003 749 2072 quia
780 2000 901 2055 talis
929 1999 1090 2054 homo
1120 1996 1368 2052 Christus
1395 2003 1478 2049 est
1509 1995 1700 2048 factus.
1726 1988 2183 2058 Quemadmodum

625 2103 825 2156 autem,
854 2090 994 2146 sicut
1022 2088 1224 2144 dictum
1263 2097 1365 2150 est,
1399 2084 1659 2138 miscetur
1701 2080 1925 2136 allectus
1969 2078 2185 2134 deside-

626 2185 796 2248 ranti,
841 2191 894 2238 et
941 2179 1129 2237 oculus
1178 2178 1360 2233 lumen
1410 2175 1713 2242 suscipiens
1755 2172 1983 2228 edicitur
2027 2169 2185 2224 lumi-

627 2290 792 2332 nosus
822 2297 832 2329 :
863 2283 918 2329 et
950 2272 1182 2335 ferrum;
1228 2269 1427 2339 saepius
1473 2267 1617 2322 enim
1653 2273 1972 2336 repetuntur
2011 2264 2181 2326 bona;

624 2377 748 2421 ante
796 2366 972 2435 ignem
1021 2361 1238 2432 quidem
1283 2359 1482 2414 ferrum
1529 2366 1678 2423 erat,
1723 2357 1777 2412 in
1831 2356 1953 2426 igne
2005 2364 2182 2408 autem

624 2458 762 2524 lanis
793 2457 962 2527 magis
988 2470 1147 2523 quam
1179 2452 1379 2507 ferrum
1409 2459 1493 2505 est
1522 2447 1718 2503 factus.
1742 2447 1938 2502 Audite
1977 2445 2184 2500 deside-

622 2551 858 2606 rantium
895 2547 1053 2601 verba
1087 2559 1151 2599 ne
1181 2542 1322 2598 forte
1360 2551 1414 2596 et
1443 2555 1536 2596 vos
1571 2537 1892 2594 moveamini
1934 2537 1999 2591 ad
2039 2535 2184 2591 desi-

623 2642 856 2697 derium.
888 2638 1026 2694 Dicit
1056 2637 1159 2691 iste
1203 2635 1386 2689 ebrius
1431 2648 1536 2687 non
1575 2632 1720 2694 vino,
1749 2630 1841 2684 sed
1877 2643 2036 2698 quem
2071 2627 2187 2681 ine-

627 2731 823 2786 hriavit
862 2729 1107 2785 Christus
1146 2726 1452 2781 desiderio:
1485 2721 1619 2778 lilii
1662 2732 1837 2775 autem
1887 2721 2024 2774 absit
2068 2719 2184 2790 glo-

620 2824 750 2880 riari
780 2823 882 2877 nisi
913 2823 968 2874 in
1007 2835 1160 2873 cruce
1195 2815 1388 2872 Christi
1409 2817 1454 2848 ὀ
1484 2835 1496 2870 :
1534 2815 1586 2870 in
1620 2815 1814 2884 quibus
1847 2812 1922 2866 illi
1953 2811 2182 2866 confun-

569 2933 580 2942 ν
620 2915 837 2977 duntur,
879 2913 968 2967 alii
1002 2912 1340 2981 gloriantur:
1375 2910 1464 2978 qui
1500 2907 1642 2962 enim
1680 2907 1864 2961 ebrius
1889 2913 1970 2960 est
2012 2904 2185 2959 nescit

621 3003 862 3064 irrideri.
898 3003 988 3058 sed
1038 3001 1226 3058 irridet
1262 3000 1579 3064 irridentes,
1626 3008 1712 3054 est
1751 2998 1895 3053 enim
1951 3007 2092 3053 totus
2129 2996 2180 3050 in

619 3097 764 3151 vino.
808 3101 866 3152 Si
897 3106 1025 3167 ergo
1071 3095 1159 3165 qui
1205 3095 1258 3149 in
1289 3095 1414 3147 vino
1444 3102 1527 3147 est
1559 3107 1664 3146 non
1703 3091 1991 3155 irridetur;
2024 3099 2182 3159 putas

929 582 1643 688 ξῖἰιῖἶξιῖίι-ζιιῖί
1671 582 1757 675 est
1802 615 1933 672 illud
1980 613 2191 684 insigne
2293 606 2435 663 beati
2471 614 2526 660 et
2557 603 2724 659 maris
2760 599 2954 655 ﬂuctus
2987 595 3077 666 qui
3113 593 3340 664 vestigia
3370 589 3584 688 Domini
3620 582 3850 688 osculanti

2288 707 2447 756 sunt;
2489 706 2544 754 et
2581 696 2758 767 pisces
2799 691 2890 762 qui
2943 695 3214 759 praecepto
3257 682 3436 739 educti
3473 687 3624 737 sunt.
3655 677 3854 732 Beatus

2289 802 2346 849 et
2382 790 2470 846 ille
2507 789 2672 860 piscis
2696 785 2786 856 qui
2825 783 2969 840 dedit
3000 793 3099 850 pro
3137 777 3365 833 Domino
3408 785 3652 829 censum.

2291 891 2348 938 ει
2386 859 2529 936 terra
2581 887 2635 934 et
2684 891 2834 933 mare
2877 893 2891 930 :
2936 883 3164 942 utraque
3212 868 3357 925 enim
3408 879 3598 935 passus
3646 859 3861 917 Domini

2291 981 2662 1042 suscepean
2702 969 2899 1024 Beatus
2939 974 2996 1021 et
3037 961 3331 1019 Zacchasus
3367 957 3458 1030 qui
3497 955 3746 1014 cucurrit
3796 954 3862 1008 ad

2292 1067 2475 1132 ticum,
2500 1073 2556 1121 et
2591 1070 2816 1118 vocatus
2841 1061 2907 1114 ad
2936 1059 3156 1112 domum
3193 1062 3301 1109 est.
3333 1051 3402 1107 Et
3441 1045 3723 1120 peccatrix
3771 1043 3860 1099 illa

2291 1157 2507 1222 mulier,
2549 1170 2669 1225 qua
2711 1154 2850 1210 bona
2894 1145 3300 1222 importunitate
3344 1143 3585 1214 ingressa
3633 1148 3720 1196 est
3771 1151 3858 1193 re-

2287 1249 2702 1306 cumbentibus:
2738 1243 3106 1301 contaminata
3139 1238 3282 1295 enim
3315 1235 3580 1299 introivit,
3614 1242 3674 1288 et
3709 1243 3860 1286 muco

2288 1343 2412 1400 data
2451 1341 2636 1398 exivit.
2667 1338 2807 1409 Ergo
2834 1349 3022 1392 omnes
3061 1331 3202 1388 beati
3244 1344 3310 1384 ex
3351 1329 3586 1383 adventu
3628 1320 3860 1388 Christi,

2287 1447 2344 1492 et
2388 1433 2584 1490 mortui
2630 1431 2722 1504 qui
2759 1431 2867 1499 jam
2912 1443 3018 1483 non
3059 1423 3288 1486 mortui,
3326 1431 3380 1477 et
3419 1418 3554 1475 caeci
3591 1419 3706 1488 jam
3754 1428 3857 1468 non

2286 1529 2436 1592 caci,
2465 1537 2520 1581 et
2554 1523 2726 1580 claudi
2775 1521 3055 1578 salientes.
3081 1526 3136 1572 et
3165 1515 3296 1570 muti
3334 1511 3643 1574 laudantes,
3683 1516 3740 1562 et
3773 1505 3859 1560 ille

2287 1622 2376 1692 qui
2404 1617 2623 1676 sedebat
2661 1617 2726 1670 ad
2758 1616 2944 1686 pedes,
2983 1610 3075 1681 qui
3106 1617 3234 1663 ante
3273 1621 3302 1660 a
3347 1603 3559 1674 legione
3597 1596 3862 1668 impulsus

2287 1691 2560 1768 currebat.
2607 1707 2754 1762 Beati
2793 1705 2884 1776 qui
2927 1703 2980 1758 in
3019 1697 3223 1766 nuptiis
3263 1697 3514 1752 biberunt
3561 1691 3753 1746 vinum
3793 1703 3858 1742 ex

2289 1812 2575 1876 praecepto.
2603 1799 2742 1869 Quid
2787 1812 2917 1869 ergo
2955 1807 3143 1850 omnes
3185 1789 3366 1850 beati.
3409 1797 3502 1841 aut
3542 1781 3772 1854 quidam
3808 1787 3860 1834 ετ

2218 1878 2656 1954 ΒηιῑεεηιιίΙεεῖ
2699 1890 2866 1949 ludas
2915 1887 3058 1944 enim
3113 1883 3206 1955 qui
3258 1881 3463 1935 utinam
3520 1883 3690 1930 natus
3752 1884 3860 1924 non

2284 1989 2465 2048 esset!
2518 1998 2677 2060 putas
2735 1983 2861 2054 quia
2923 1979 3062 2050 apud
3117 1974 3465 2042 semetipsum
3517 1982 3631 2023 non
3683 1963 3856 2060 dixitf

2286 2052 2653 2140 Utinam-non
2689 2052 2961 2135 venisset,
3018 2078 3078 2125 nt
3117 2081 3220 2138 ego
3269 2079 3373 2119 non
3423 2052 3856 2116 condemnaret!

2282 2171 2446 2228 Putas
2486 2178 2543 2225 et
2594 2167 2762 2225 Judaei
2823 2165 2868 2219 si
2915 2161 3212 2218 voluissent
3275 2155 3503 2210 fuissent
3573 2149 3762 2212 beati,
3807 2157 3860 2201 et

2282 2261 2486 2334 primi?
2533 2258 2672 2326 Quid
2722 2255 2889 2327 ergo?
2933 2252 3073 2321 Quia
3122 2249 3412 2304 noluerunt
3450 2242 3622 2299 ,Ιυάπὶ
3662 2259 3687 2334 :7
3715 2237 3860 2294 Nam

2282 2333 2626 2409 incredulitas
2669 2363 2850 2404 eorum
2884 2359 2889 2370 ί
2911 2345 3072 2414 ﬁdem
3119 2340 3216 2396 Dei
3276 2335 3594 2394 evacuabit?
3635 2333 3778 2387 absit
3812 2334 3856 2387 '.

2281 2446 2379 2514 Qui
2409 2444 2554 2502 enim
2587 2441 2736 2497 venit
2768 2441 2834 2495 ad
2873 2435 3175 2493 faciendum
3214 2434 3373 2496 bene,
3399 2428 3550 2485 venit
3582 2425 3850 2496 siquidem

2281 2547 2338 2593 ει
2373 2537 2555 2592 lumen
2590 2534 2782 2596 oritur,
2820 2545 2928 2585 non
2975 2537 3036 2583 ut
3078 2527 3388 2582 occidamus
3433 2522 3670 2590 aliquem
3712 2534 3727 2572 :
3771 2515 3861 2570 ille

2280 2629 2423 2684 enim
2471 2626 2643 2680 malus
2687 2631 2802 2689 est,
2855 2621 2948 2692 qui
2996 2619 3141 2675 bono
3197 2616 3363 2671 utitur
3409 2612 3572 2667 male.
3615 2609 3757 2665 Nam
3807 2617 3859 2663 et

2283 2725 2485 2780 ferrum
2530 2722 2714 2777 datum
2761 2729 2845 2775 est
2885 2717 2951 2773 ad
2994 2716 3219 2772 culturae
3278 2711 3538 2768 medelam
3579 2727 3593 2762 :
3640 2708 3689 2761 si
3735 2707 3858 2778 quis

2282 2828 2460 2872 autem
2491 2813 2637 2870 ferro
2671 2828 2798 2867 usus
2827 2809 3109 2874 occiderit,
3144 2824 3246 2862 non
3289 2815 3374 2860 est
3409 2803 3718 2873 culpandus
3763 2800 3856 2871 qui

2281 2907 2525 2965 donavit.
2564 2905 2844 2976 Siquidem
2874 2911 2930 2959 et
2962 2901 3100 2972 ignis
3133 2901 3198 2954 ad
3227 2912 3407 2962 curas,
3438 2895 3506 2950 ad
3535 2891 3855 2956 luminaria,

2281 3004 2349 3060 ad
2377 3001 2731 3057 excoctiones
2760 2999 2915 3052 datus
2947 3002 3030 3050 est
3063 2993 3216 3049 nobis
3254 3010 3268 3045 :
3311 2991 3355 3045 si
3401 2989 3534 3061 quis.
3569 2996 3758 3042 autem
3800 2996 3863 3038 an

2282 3096 2350 3152 ad
2391 3093 2779 3150 incendendam
2823 3087 3054 3156 proximi
3097 3087 3315 3140 domum
3359 3083 3521 3138 fuerit
3565 3094 3740 3145 usus,
3779 3076 3864 3131 ille

621 3189 711 3258 qui
741 3190 793 3244 in
829 3188 1044 3244 Christo
1081 3195 1163 3242 est
1191 3185 1290 3240 scit
1314 3185 1440 3255 quid
1472 3193 1553 3239 est
1592 3182 1874 3239 confusio?
1907 3197 2010 3236 non
2039 3181 2178 3235 enim
2207 3219 2251 3274 ο
2285 3185 2458 3240 malus
2493 3193 2576 3238 est
2604 3182 2694 3252 qui
2738 3181 2907 3235 utitur
2947 3177 3108 3234 male.
3149 3176 3335 3246 Neque
3377 3189 3514 3243 aqua
3552 3172 3699 3228 maia
3738 3172 3862 3241 quia

623 3281 698 3334 ita
731 3280 901 3349 tangit
928 3279 1107 3332 vinum
1145 3277 1436 3340 hominem,
1466 3285 1728 3345 quantum
1762 3274 1933 3342 tangit
1965 3271 2177 3325 virtus:

621 3386 796 3441 neque
836 3371 906 3424 ita
944 3370 1110 3438 tangit
1160 3369 1298 3438 ignis
1351 3381 1412 3419 ea
1460 3381 1579 3435 quae
1618 3366 1670 3418 in
1721 3367 1894 3434 ipsum
1940 3378 2188 3418 Incurre-

622 3463 762 3528 rint,
801 3472 1058 3530 quantum
1105 3459 1370 3513 illuminat
1405 3456 1572 3511 Filius
1607 3472 1702 3512 eos
1752 3457 1842 3525 qui
1886 3471 1945 3510 se
1990 3454 2189 3509 fuerint

623 3551 814 3606 induti.
843 3550 975 3617 Quis
1015 3561 1169 3618 putas
1201 3549 1363 3604 habet
1408 3547 1681 3602 Christum
1712 3549 1803 3616 quj
1841 3547 2185 3616 praedicatur,

626 3650 685 3694 ut
713 3652 899 3695 noscat
937 3656 998 3696 ea
1045 3656 1162 3709 quae
1198 3640 1484 3701 dicuntur?
1509 3655 1631 3694 cuin
1676 3640 1821 3694 enim
1872 3657 1978 3695 non
2029 3641 2192 3696 fuerit

627 3732 955 3786 conscientia
986 3731 1127 3786 intus
1159 3746 1276 3800 qua!
1306 3731 1546 3787 sermoni
1587 3739 1837 3792 testetur,
1868 3733 2042 3785 otiosa
2071 3733 2190 3802 ejus

2288 3275 2652 3347 praeforantnr
2681 3272 2897 3344 quidam
2926 3289 2940 3325 :
2971 3272 3016 3327 si
3053 3271 3200 3326 enim
3233 3270 3403 3340 ipsam
3449 3281 3570 3336 quae
3603 3267 3671 3319 ad
3709 3277 3862 3318 nsum

2287 3368 2574 3438 plurimum
2616 3377 2668 3422 et
2699 3367 2766 3419 ad
2804 3364 3153 3420 refectionem
3191 3363 3314 3417 data
3343 3369 3460 3426 est,
3504 3361 3705 3413 bonam
3747 3355 3864 3423 qui-

2287 3463 2430 3524 dem.
2469 3461 2608 3514 male
2653 3462 2718 3514 ad
2766 3455 3203 3513 interﬁciendum
3254 3463 3501 3517 utuntur,
3537 3450 3640 3520 ipsi
3688 3447 3864 3519 potius

2287 3551 2574 3620 perniciosi
2607 3560 2766 3612 sunt,
2801 3565 2960 3619 quam
3006 3547 3304 3617 opificium.
3348 3545 3414 3601 Et
3453 3544 3592 3614 lapis
3625 3542 3693 3596 ad
3734 3555 3863 3596 con-

2287 3643 2636 3698 structionem
2654 3650 2735 3697 est
2759 3644 2929 3706 datus,
2966 3638 3099 3696 Cain
3118 3650 3298 3694 autem
3333 3653 3398 3692 eo
3427 3637 3494 3691 ad
3530 3633 3864 3690 interfectio-

2289 3751 2411 3792 nem
2434 3735 2618 3789 fratris
2641 3741 2725 3790 est
2745 3749 2902 3789 usus:
2927 3741 3132 3788 tantum
3152 3731 3294 3788 enim
3315 3729 3434 3784 mali
3459 3740 3587 3784 sunt
3616 3726 3709 3796 qui
3742 3732 3864 3780 sunt

624 3823 714 3892 qui
758 3823 998 3893 loquitur
1045 3824 1206 3879 verba
1262 3825 1622 3888 habebuntur,
1665 3835 1724 3879 et
1765 3823 2048 3889 eliicietur,
2097 3827 2187 3893 qui
2294 3824 2444 3889 mali,
2474 3825 2598 3893 quia
2639 3823 2842 3878 bonum
2872 3822 2943 3876 ad
2978 3821 3174 3876 malum
3207 3827 3548 3874 convertunt.
3576 3814 3737 3871 Iesus
3765 3827 3862 3884 pax

626 3915 879 3984 loquitur,
910 3915 1169 3970 barbarus
1199 3917 1265 3971 iis
1295 3918 1385 3986 qui
1431 3931 1536 3970 non
1568 3916 1812 3971 audiunt.
1843 3915 1975 3971 Cum
2007 3927 2188 3972 autem
2289 3926 2410 3980 est,
2452 3926 2506 3970 et
2541 3917 2688 3971 venit
2733 3913 3021 3984 paciﬁcare
3078 3928 3198 3982 qna:
3248 3913 3298 3965 in
3347 3909 3485 3966 coelo
3543 3917 3670 3962 sunt
3712 3914 3768 3960 et
3814 3905 3866 3959 in

626 4005 959 4075 praveniens
997 4007 1173 4060 anima
1209 4007 1566 4062 recondiderit
1598 4007 1724 4070 sibi.
1759 4017 1814 4062 et
1845 4006 1992 4061 finita
2030 4008 2193 4062 fuerit
2294 4017 2461 4063 terra.
2494 4007 2550 4063 Si
2577 4008 2694 4062 haec
2730 4021 2859 4062 vera
2891 4016 3037 4071 sunt,
3075 4005 3214 4059 sicut
3239 4018 3403 4067 vera;
3431 4001 3560 4071 quid
3601 3998 3864 4053 faciemus

627 4098 926 4163 desiderio;
963 4097 1104 4153 forte
1132 4109 1185 4153 et
1225 4099 1476 4154 irascitur
1511 4099 1578 4153 ad
1614 4099 1902 4162 dicentem,
1931 4101 2055 4168 quia
2085 4115 2190 4156 non
2293 4099 2378 4153 his
2409 4115 2529 4168 qua:
2575 4098 2714 4154 lecta
2744 4107 2871 4153 sunt
2904 4097 3098 4153 hodie?
3131 4096 3269 4150 Dicit
3297 4097 3441 4151 enim
3474 4095 3591 4162 ipse
3619 4089 3864 4146 Salvator

631 4197 778 4244 tanta
808 4189 1194 4258 interpretatur
1227 4199 1425 4260 quanta
1458 4191 1629 4259 ipsam
1663 4200 1898 4245 movent.
1928 4191 2032 4247 Sed
2064 4207 2193 4247 con-
2296 4191 2350 4245 in
2392 4191 2718 4261 Evangelio:
2760 4190 2944 4244 Nolite
2976 4199 3159 4256 putare
3204 4188 3328 4257 quia
3371 4187 3484 4239 veni
3531 4187 3738 4237 mittere
3774 4197 3863 4247 pa-

635 4279 816 4335 ndite
863 4279 1172 4348 quicunque
1217 4279 1288 4331 ita
1347 4280 1744 4349 praposuistis;
1805 4279 2193 4350 ininterpreta-
2298 4298 2404 4336 cem
2456 4283 2513 4335 in
2551 4292 2745 4335 terram
2773 4281 2815 4339 ³.
2864 4279 3117 4349 Nunquid
3173 4279 3258 4331 nix
3309 4276 3610 4331 calefacere
3654 4280 3864 4343 potest.

627 4371 750 4426 bilis
793 4370 935 4426 enim
985 4381 1069 4426 est
1098 4372 1188 4440 qui
1233 4371 1590 4427 desideratur.
1639 4372 1751 4442 Ego
1805 4385 1937 4426 sane
1982 4371 2192 4428 beatam
2298 4382 2391 4428 aut
2435 4373 2574 4444 ignis
2621 4373 2746 4429 dare
2783 4371 3080 4443 frigorem?
3119 4369 3369 4438 Nunquid
3403 4384 3502 4438 pax
3542 4373 3724 4434 potest
3765 4377 3865 4418 non

630 4464 749 4518 dico
778 4463 959 4524 illam.
1004 4480 1122 4532 qua:
1157 4464 1314 4531 digna
1357 4461 1595 4530 iudicata
1647 4473 1730 4518 est
1765 4461 1931 4517 Deum
1980 4472 2195 4531 portare
2304 4468 2516 4522 mittere
2580 4467 2810 4536 pacem?
2861 4469 3142 4534 Quomodo
3196 4480 3326 4538 ergo
3381 4463 3494 4529 ipse
3535 4475 3639 4529 pax
3698 4457 3864 4513 dicit:

629 4557 684 4609 in
730 4565 908 4610 utero.
953 4555 1064 4625 Ego
1116 4566 1168 4611 et
1214 4556 1532 4626 praesepium
1587 4554 1714 4608 illud
1761 4555 1955 4624 diligo,
1995 4555 2049 4607 in
2091 4568 2188 4622 quo

2303 4558 2487 4613 Nolite
2525 4569 2709 4629 putare
2741 4560 2867 4630 quia
2913 4560 3030 4614 veni
3075 4573 3253 4628 pacem
3299 4555 3505 4609 mittere
3537 4551 3589 4604 in
3636 4547 3867 4603 terram?

629 4648 755 4702 vita:
785 4648 1014 4717 positum
1046 4658 1127 4702 est
1159 4648 1510 4702 medicamen.
1538 4645 1604 4700 Et
1634 4660 1818 4715 magos
1860 4647 2046 4700 beatos
2076 4646 2196 4699 dico
2294 4652 2364 4706 de
2394 4666 2500 4722 qua
2540 4666 2670 4706 sane
2716 4653 2916 4707 dictum
2950 4661 3063 4715 εει,
3103 4660 3157 4706 εί
3185 4649 3251 4703 de
3284 4662 3411 4718 quo,
3443 4644 3565 4714 quia
3610 4641 3750 4696 venit
3781 4655 3865 4708 pa-

626 4739 698 4794 ob
736 4739 1159 4794 immutationem
1207 4740 1360 4795 artis.
1407 4738 1573 4794 Beata
1601 4749 1655 4793 et
1702 4737 1958 4798 Rachael,
1989 4747 2042 4788 et
2083 4737 2196 4806 jam

627 4845 732 4885 non
789 4831 1001 4900 ploret,
1048 4832 1172 4900 quia
1227 4831 1344 4898 ejus
1393 4829 1487 4884 lilii
1537 4839 1805 4899 martyres
1874 4828 2201 4882 exstiterunt

627 4923 850 4978 Christi.
901 4921 1115 4977 Simeon
1165 4931 1344 4977 autem
1391 4921 1481 4976 ille
1527 4929 1580 4974 et
1623 4923 1778 4974 Anna
1825 4919 1945 4974 ideo
1993 4918 2196 4987 gratias

636 5015 887 5082 agebant,
917 5016 1039 5084 quia
1086 5016 1230 5083 digni
1259 5013 1485 5084 iudicati
1532 5023 1654 5067 sunt
1690 5013 1871 5066 videre
1915 5026 2072 5078 quem
2103 5010 2196 5065 de-

633 5106 944 5161 siderabant
1009 5108 1161 5161 multi
1227 5107 1485 5176 quidem,
1541 5107 1791 5160 viderunt
1851 5113 2031 5159 autem
2090 5118 2195 5157 non

630 5211 840 5252 omnes.
867 5198 1101 5254 Joannes
1142 5210 1320 5254 autem
1355 5198 1441 5253 ille
1475 5199 1566 5269 qui
1601 5199 1653 5251 in
1694 5208 1912 5268 pectore
1951 5196 2199 5252 recubuit

650 5287 884 5355 Domini,
914 5291 1036 5346 inde
1067 5292 1324 5346 hauriens
1352 5291 1510 5346 nobis
1540 5289 1810 5358 loquitur:
1843 5289 1911 5344 In
1941 5289 2199 5358 principio

629 5388 742 5433 erat
803 5379 1026 5435 Verbum
1083 5385 1120 5436 ¹.
1182 5382 1375 5439 Petrus
1422 5397 1552 5437 vero
1593 5383 1682 5452 qni
1732 5398 1760 5436 a
1809 5379 1970 5436 Patre
2009 5382 2200 5450 dignus

628 5465 898 5533 indicatus
958 5469 1338 5525 revelationem
1409 5470 1674 5538 accipere,
1723 5479 1777 5524 et
1833 5468 2015 5523 videre
2077 5483 2198 5522 eum

632 5568 788 5624 quem
835 5575 937 5612 non
973 5561 1214 5621 videbat,
1265 5571 1318 5614 et
1351 5574 1574 5615 noscere
1601 5574 1722 5616 eum
1755 5560 1845 5627 qui
1890 5560 2202 5617 «comtaba-

2297 4741 2514 4809 eiﬁcare
2551 4757 2669 4811 quae
2696 4743 2750 4796 in
2785 4741 2913 4796 creto
2948 4751 3067 4796 sunt
3106 4750 3152 4794 et
3183 4738 3239 4792 in
3273 4748 3413 4791 terra
3438 4736 3480 4789 δ.
3511 4732 3794 4803 Siquidem
3821 4740 3867 4784 et

2297 4831 2422 4887 alibi
2459 4831 2588 4887 dicit
2616 4831 2962 4900 Evangelium
2991 4848 3007 4886 :
3057 4829 3226 4893 Venit,
3256 4845 3359 4884 non
3387 4828 3462 4881 uti
3487 4825 3695 4896 judicet
3726 4839 3868 4878 nunc

2295 4923 2457 4988 dum,
2501 4923 2592 4978 sed
2633 4933 2688 4977 ut
2735 4925 2962 4977 mundus
3004 4921 3180 4976 saltus
3219 4922 3312 4991 fiat
3359 4935 3453 4990 per
3497 4919 3664 4982 ipsam
3689 4917 3735 4972 '.
3776 4915 3869 4982 Qui

2296 5016 2471 5071 credit
2499 5015 2739 5071 salvatur
2763 5033 2777 5070 :
2810 5017 2897 5086 qui
2924 5025 3103 5071 autem
3131 5029 3236 5069 non
3264 5012 3438 5068 credit
3466 5009 3745 5081 judicatus
3771 5015 3869 5062 est.

2299 5109 2367 5163 Et
2409 5109 2645 5164 iterum:
2691 5107 2811 5163 Non
2847 5110 2962 5162 aeni
3001 5109 3102 5163 nisi
3148 5107 3217 5161 ad
3251 5121 3368 5160 oues
3417 5104 3650 5174 perditas
3690 5104 3872 5154 domas

2309 5199 2476 5254 israel
2514 5199 2535 5232 '
2563 5222 2575 5256 :
2607 5211 2659 5255 et
2703 5212 2852 5257 certe
2893 5201 3061 5270 magis
3099 5198 3394 5270 perierunt.
3431 5194 3570 5261 Quid
3609 5207 3742 5265 ergo
3775 5192 3870 5247 ista

2306 5293 2583 5373 contraria
2627 5293 2797 5348 sunt?
2845 5291 2982 5346 Num
3029 5301 3089 5346 nt
3139 5288 3472 5352 dividantur,
3514 5285 3723 5340 veritas
3772 5297 3872 5339 non

2307 5385 2608 5440 consentiet
2672 5385 2809 5441 sibi?
2857 5383 2912 5438 Si
2969 5384 3135 5456 igitur
3182 5381 3385 5438 veritas
3434 5377 3754 5434 discesserit
3801 5377 3872 5432 si-

2306 5475 2360 5532 bi
2389 5474 2528 5548 (83),
2565 5477 2752 5546 perdet
2774 5487 2830 5534 et
2863 5487 3149 5543 naturam;
3181 5474 3446 5532 mendacii
3493 5473 3641 5529 enim
3680 5481 3869 5526 natura

2309 5565 2361 5620 in
2392 5567 2728 5624 dissensione
2754 5578 2858 5631 est,
2885 5575 3131 5624 veritatis
3157 5575 3340 5622 autem
3369 5573 3561 5620 natura
3589 5561 3870 5620 consemio

701 5671 1112 5749 "-_Gal.‘tt_,_%0_.
1187 5674 1234 5707 ”
1266 5673 1389 5749 G_a_l.
1417 5690 1492 5742 Vt,
1525 5675 1612 5730 Η.
1687 5675 1703 5708 ¹
1742 5672 1898 5732 Joan.
1929 5690 1967 5737 ι.
2002 5675 2052 5730 ι.
2130 5677 2149 5707 ²
2187 5725 2188 5729 η

2288 5693 2340 5733 ιι.
2370 5679 2529 5748 nt,5.
2605 5682 2627 5714 ³
2665 5681 2852 5738 Matth.
2886 5696 2939 5749 ι,
2962 5681 3050 5738 34.
3131 5681 3151 5712 ⁸
3187 5680 3391 5738 Coloss.
3421 5695 3460 5742 i,
3491 5677 3584 5734 90.
3662 5677 3684 5711 '
3722 5676 3867 5736 Jone-

635 5752 716 5804 ιιι,
747 5741 830 5793 l7.
908 5744 926 5774 ‘
963 5744 1147 5800 Matth.
1174 5761 1264 5806 xv.
1289 5744 1389 5800 ει..

701 5851 816 5917 (85)
857 5852 978 5920 Ms.,
1008 5857 1309 5916 dissenserit
1347 5858 1468 5914 sibi.
