4048 6322
209 356 349 413 1177

1570 356 1639 413 ιδ
1682 353 1947 411 MATTH.
1989 353 2057 418 Χ,
2094 353 2186 412 34.

3354 355 3494 412 H78

212 482 316 528 est.
347 470 633 540 Quomodo
658 485 791 541 ergo
820 471 922 526 ista
956 470 1059 527 sibi
1089 472 1474 528 consentient?
1505 471 1662 527 Jesus
1703 487 1803 542 pax
1835 477 1883 535 Α
1910 472 1963 526 in
2017 471 2157 527 rosis
2193 469 2425 526 habetur
2475 468 2800 535 diversitas,
2845 467 2901 524 in
2952 468 3137 525 colore
3182 466 3389 525 scilicet
3434 474 3496 527 et

215 574 322 630 est,
351 573 406 620 et
445 563 560 626 ipse
599 562 730 618 dicit
768 578 783 618 :
824 560 1003 617 Nolite
1059 574 1247 633 putare
1286 566 1415 635 quia
1466 581 1647 633 pacem
1689 565 1801 619 ueni

216 659 422 712 mittere
462 657 517 709 in
560 663 773 710 terram.
806 653 1015 709 Dictum
1065 665 1245 710 autem
1290 656 1444 711 deeo
1486 666 1610 710 est-z
1646 653 1799 709 Venit

214 749 497 818 paeificare
536 763 598 802 ea
647 764 764 817 qua:
815 750 869 801 in
924 749 1065 803 catis
1099 759 1217 803 sunt
1256 758 1303 803 et
1348 748 1405 803 in
1457 758 1617 803 terra.
1652 747 1798 814 Quo.

213 842 381 896 modo
410 854 542 910 ergo
572 854 681 895 non
710 841 855 895 venit
890 854 1077 909 pacem
1113 841 1165 894 in
1203 850 1402 895 terram
1444 840 1677 903 mittere,
1708 839 1798 907 qui

213 930 344 986 ideo
383 930 549 998 venit,
576 938 637 984 ut
673 941 727 985 et
757 944 820 984 ea
860 944 982 999 qua:
1032 929 1086 983 in
1133 928 1291 985 cmlis
1316 938 1371 984 et
1402 929 1456 983 in
1493 939 1633 983 terra
1679 938 1804 983 sunt

212 1021 548 1092 paciﬁcaret,
577 1030 633 1077 et
661 1021 727 1075 ad
755 1036 885 1077 oves
927 1021 1164 1090 perditas
1198 1021 1390 1075 domus
1419 1018 1590 1075 Israel
1626 1021 1796 1087 venit,

210 1121 276 1167 et
306 1113 535 1167 inventa
570 1123 699 1166 sunt
746 1112 1073 1180 pereuntes?
1120 1111 1236 1167 Non
1282 1120 1369 1167 est
1417 1112 1615 1165 missus
1650 1111 1798 1182 judi-

211 1218 365 1269 care,
409 1213 465 1260 et
512 1204 785 1258 invenitur
825 1204 1210 1259 condemnare.
1259 1200 1315 1258 Si
1358 1202 1482 1273 quis
1526 1202 1803 1257 desiderat

213 1308 284 1350 ea
323 1308 445 1364 qua:
492 1304 620 1351 sunt
664 1294 877 1350 Domini
927 1295 1181 1358 edoceri,
1219 1294 1474 1364 projiciat
1518 1293 1699 1353 omnia
1732 1308 1801 1348 ex

213 1388 383 1443 corde
416 1402 536 1451 suo,
562 1395 619 1444 et
647 1388 851 1443 mundo
889 1388 1048 1443 oculo
1079 1389 1275 1442 mentis
1310 1388 1573 1443 intendat.
1602 1386 1802 1456 Propo-

212 1480 380 1535 situm
412 1479 629 1550 quidem
660 1481 752 1537 Dei
777 1481 866 1550 qui
915 1480 1061 1534 misit
1093 1479 1285 1535 Filium
1321 1496 1478 1534 suum
1512 1478 1621 1534 tale
1650 1486 1800 1544 erat,

212 1579 280 1626 ut
326 1569 667 1625 solverentur
710 1572 977 1627 homines.
998 1568 1316 1627 Obedieutia
1364 1582 1545 1627 autem
1567 1569 1685 1640 ejus
1706 1570 1797 1641 qui

217 1662 423 1717 missus
460 1672 543 1717 est
585 1677 684 1740 ea,
726 1673 785 1717 ut
818 1678 919 1731 pax
951 1672 1099 1719 esset
1143 1663 1197 1717 in
1246 1662 1401 1718 caelis
1440 1672 1494 1718 et
1532 1663 1585 1717 in
1630 1672 1797 1717 terra.

219 1752 377 1810 Unde
405 1767 537 1824 ergo
566 1769 673 1807 non
708 1752 848 1821 pax?
874 1754 955 1807 Ab
989 1752 1302 1807 inﬁrmitate
1341 1751 1540 1823 quippe
1585 1766 1797 1816 eorum,

1902 564 2111 619 odore:
2155 572 2212 617 et
2254 562 2308 616 in
2345 560 2614 617 fructibus
2655 567 2744 615 est
2776 559 3035 625 varietas,
3078 566 3136 613 et
3167 558 3495 629 magnitudi-

1904 656 2010 721 nis,
2036 661 2092 709 et
2129 651 2351 718 coloris,
2381 658 2437 708 et
2484 660 2700 722 gustus,
2741 658 2799 705 et
2826 656 3046 706 tactus:
3082 657 3143 705 et
3185 649 3373 704 vinum
3422 664 3492 704 ex

1900 748 2013 801 vite
2042 753 2125 800 est
2168 757 2349 811 omne,
2388 742 2484 798 sed
2518 749 2711 812 gustus
2735 739 2937 796 diversi
2969 757 2985 794 :
3022 748 3077 795 et
3108 739 3242 797 olea:
3277 740 3488 795 fructus

1900 836 2274 893 variticantur.
2302 833 2411 890 Sed
2433 833 2627 889 borum
2643 830 2886 888 omnium
2912 831 3170 899 varietas,
3196 840 3252 885 et
3283 832 3494 885 anima-

1900 927 2055 996 lium,
2081 936 2344 983 eteorum
2371 926 2463 997 qui
2491 940 2560 981 ex
2592 924 2705 995 ipsa
2732 931 2859 979 sunt
2886 924 3107 995 specie:
3139 937 3313 993 equus
3341 922 3488 979 enim

1900 1035 2043 1090 equo
2074 1018 2334 1083 velocior,
2371 1026 2427 1073 et
2462 1032 2568 1073 non
2608 1024 2842 1080 tantum,
2882 1022 3149 1084 quantum
3185 1014 3349 1070 homo
3392 1014 3493 1070 ho-

1904 1112 2031 1167 mini
2070 1134 2083 1167 :
2118 1110 2295 1166 nullus
2340 1111 2485 1165 enim
2532 1123 2710 1181 equus
2758 1108 2935 1169 currit
2987 1116 3292 1163 retrorsum
3333 1123 3350 1162 :
3391 1107 3495 1163 bo-

1902 1205 2077 1259 mines
2116 1213 2295 1260 antem
2326 1202 2547 1273 quidam
2576 1209 2708 1257 sunt
2746 1199 3012 1269 religiosi,
3044 1199 3268 1269 quidam
3311 1197 3493 1256 sacri-

1900 1296 2028 1367 legi,
2061 1295 2150 1350 alii
2186 1296 2388 1365 pudici,
2419 1294 2508 1349 alii
2539 1294 2833 1358 luxuriosi,
2864 1293 2956 1349 alii
2986 1292 3250 1363 diripiunt
3280 1291 3488 1361 aliena,

1901 1389 1989 1444 alii
2034 1395 2296 1459 spargunt
2342 1401 2474 1449 sua,
2524 1385 2616 1439 alii
2661 1392 2983 1455 stuprantur
3019 1396 3125 1437 non
3179 1395 3314 1437 suas
3366 1396 3492 1437 mu-

1898 1480 2083 1547 lieres,
2110 1480 2200 1535 alii
2242 1495 2322 1534 ne.
2352 1478 2569 1547 quidem
2618 1492 2749 1533 suas
2783 1475 3129 1545 contingunt.
3184 1471 3305 1528 Non
3340 1472 3490 1528 enim

1901 1583 2048 1629 tanta
2089 1574 2384 1628 diversitas
2429 1578 2514 1624 est
2548 1580 2724 1633 terrae,
2766 1576 2968 1638 quanta
3006 1568 3244 1621 varietas
3282 1567 3493 1620 anima-

1902 1681 2020 1719 rum
2048 1683 2062 1720 :
2098 1664 2185 1720 ille
2216 1664 2363 1718 enim
2396 1670 2604 1733 martyr
2634 1663 2868 1727 exsistit,
2908 1661 3049 1716 alius
3096 1658 3487 1730 persequitur;

1900 1767 1955 1811 et
1994 1767 2185 1819 natura
2231 1753 2449 1824 quidem
2500 1752 2619 1824 ipsa
2665 1760 2781 1819 est,
2832 1752 3089 1806 voluntas
3145 1758 3326 1805 autem
3391 1748 3492 1804 ad-

212 1846 307 1916 qui
357 1860 462 1899 non
512 1854 801 1914 potuerunt
847 1846 1127 1913 suscipere
1188 1843 1532 1913 splendorem
1582 1842 1801 1898 luminis
1832 1834 1874 1889 Β
1906 1863 2059 1904 versa
2097 1848 2231 1919 (84).
2276 1846 2405 1902 lude
2436 1853 2522 1901 est
2562 1854 2621 1899 ut
2664 1845 2754 1900 ille
2802 1843 3022 1912 quidem
3072 1842 3139 1898 ad
3190 1840 3492 1897 Ecclesiam

212 1936 355 1991 veri.
386 1934 505 2004 Ipse
549 1937 694 1990 enim
732 1948 919 2003 pacem
969 1934 1263 2004 praedicat,
1307 1944 1362 1989 et
1394 1933 1514 1988 ideo
1547 1934 1798 1988 hortatur

213 2026 321 2082 hoc
366 2025 567 2082 Paulus
613 2026 905 2095 apostolus,
943 2036 999 2081 et
1044 2026 1214 2081 dicit:
1248 2024 1369 2095 Ipse
1400 2033 1476 2079 est
1517 2025 1655 2079 enim
1692 2039 1801 2094 paz

209 2130 397 2174 nostra
423 2121 464 2172 ⁷.
505 2119 706 2174 Eorum
738 2118 946 2174 scilicet
972 2118 1063 2188 qui
1111 2118 1343 2173 credunt
1374 2126 1431 2172 et
1472 2116 1797 2186 suscipiunt,

207 2225 317 2282 pax
364 2219 473 2267 est.
516 2209 796 2277 Quomodo
831 2224 962 2280 ergo
1009 2224 1115 2263 non
1162 2222 1348 2279 parem
1393 2208 1559 2263 mittit
1595 2210 1647 2262 in
1692 2217 1800 2262 ter-

208 2300 520 2356 ram?Filia
550 2302 803 2366 credidit,
832 2310 996 2372 pater
1015 2301 1325 2356 incredulus
1354 2301 1634 2356 remansit.
1663 2300 1796 2366 Qua:

204 2395 618 2448 communicatio
650 2404 727 2448 est
770 2394 915 2463 ﬁdeli
946 2394 1015 2447 ad
1056 2392 1403 2462 inﬁdelem‘?
1460 2396 1610 2462 pacis
1652 2394 1797 2447 enim

206 2484 523 2555 praedicatio
553 2484 870 2539 divisionem
901 2493 1176 2553 operatur.
1209 2482 1379 2538 Filius
1406 2483 1606 2546 ﬁdelis.
1639 2492 1797 2554 pater

208 2575 525 2632 incredulus
563 2594 576 2631 :
607 2591 673 2631 ex
715 2576 1041 2631 necessitate
1078 2576 1145 2629 lis
1177 2585 1297 2640 est;
1340 2584 1397 2629 et
1441 2590 1563 2646 qua:
1596 2576 1797 2646 praedi-

206 2677 368 2723 catur
394 2685 521 2740 pax,
552 2679 772 2739 operata
805 2679 889 2723 est
915 2669 1255 2731 divisionem,
1279 2681 1334 2723 et
1358 2670 1554 2724 bonam
1576 2670 1798 2724 divisio-

207 2774 369 2826 nem;
410 2760 462 2814 in
496 2775 628 2831 pace
654 2770 835 2815 autem
876 2761 1066 2816 salvati
1111 2775 1316 2816 sumus.
1357 2758 1425 2815 Ut
1456 2776 1562 2816 non
1611 2773 1792 2817 autem

205 2863 313 2919 ego
339 2848 482 2905 illius
511 2850 869 2920 interpreter;
903 2852 1034 2906 nihil
1066 2852 1210 2905 enim
1242 2860 1326 2907 est
1353 2852 1497 2922 quod
1527 2868 1638 2907 non
1674 2852 1793 2921 ejus

208 2940 503 2996 debeamus
531 2942 758 2997 audire:
792 2942 904 3010 ipse
949 2941 1080 2996 dicit
1108 2960 1121 2996 :
1166 2939 1250 2996 Ne
1282 2944 1476 3012 putetis
1519 2944 1647 3013 quia
1678 2942 1792 2997 veni

206 3048 391 3103 pacem
442 3034 651 3089 mittere
698 3035 753 3088 in
803 3042 1018 3088 terram.
1068 3033 1137 3089 Et
1187 3035 1365 3090 adhuc
1418 3035 1791 3090 vehementius

204 3122 361 3178 addit
384 3140 395 3177 :
428 3120 551 3176 Non
577 3125 689 3177 ueni
711 3140 892 3193 parent
916 3127 1140 3190 mittere,
1163 3127 1253 3178 sed
1278 3123 1513 3194 gladium
1532 3125 1572 3178 ’.
1598 3126 1791 3191 Quent-

1904 1949 2087 1995 currat
2120 1940 2418 2004 manicans,
2465 1937 2606 1992 alius
2652 1938 2718 1991 ad
2770 1936 2980 2007 lapides
3021 1931 3263 1991 oll'endat
3298 1947 3495 1989 exsur-

1904 2045 2035 2101 gens
2073 2030 2139 2085 ad
2184 2029 2384 2083 hnuen.
2427 2027 2554 2082 Inde
2592 2036 2677 2083 est
2726 2038 2783 2081 ut
2832 2026 2919 2080 ille
2969 2027 3182 2080 lmtetur
3218 2025 3363 2095 quod
3406 2032 3495 2079 est

1904 2121 2155 2190 pudicus,
2184 2117 2324 2173 alius
2374 2118 2608 2188 gaudeat
2650 2116 2795 2186 quod
2832 2117 2886 2169 in
2934 2114 3248 2170 libidinibus
3278 2113 3494 2169 voluta-

1904 2221 2009 2267 tur.
2051 2211 2292 2283 lnde_est
2326 2212 2385 2263 ut
2418 2207 2506 2262 ille
2549 2208 2602 2261 in
2647 2206 2763 2262 foro
2793 2206 2993 2261 vendat
3030 2216 3087 2261 et
3120 2204 3490 2271 distrahatur,

1901 2305 2041 2361 alius
2078 2304 2145 2359 ad
2191 2301 2488 2358 Ecclesium
2537 2300 2764 2357 veniens
2812 2300 3163 2369 semetipsum
3221 2298 3490 2353 lucretur.

1898 2396 2030 2453 lude
2058 2406 2141 2453 est
2171 2405 2231 2450 ut
2265 2395 2352 2451 ille
2382 2394 2553 2449 aliena
2586 2393 2749 2459 colat,
2795 2393 2933 2449 alius
2975 2393 3079 2448 sibi
3113 2402 3319 2461 parcat.
3349 2391 3483 2445 Inde

1901 2498 1988 2544 est
2021 2498 2079 2542 ut
2117 2487 2207 2541 ille
2256 2485 2463 2555 lapides
2506 2483 2763 2547 aediﬁcet,
2794 2483 2932 2537 alius
2963 2482 3190 2536 virtutes
3226 2492 3493 2550 superpo-

1902 2588 2013 2633 nat.
2042 2576 2171 2631 lude
2206 2586 2288 2632 est
2326 2584 2383 2630 ut
2412 2575 2499 2629 ille
2535 2589 2733 2645 corpus
2766 2574 3033 2645 detergat,
3072 2572 3212 2627 alius
3246 2571 3489 2626 animam

1899 2669 2109 2739 perdat.
2142 2668 2242 2723 Ista
2271 2680 2357 2723 est
2391 2685 2495 2722 non
2532 2684 2657 2739 pax,
2703 2668 2799 2723 sed
2842 2666 3149 2733 dissensio;
3186 2665 3313 2737 quia
3353 2664 3494 2720 alius

1898 2757 2060 2813 aliter
2092 2759 2279 2823 sentit,
2322 2768 2377 2813 et
2415 2757 2559 2813 alius
2595 2758 2756 2812 aliter
2804 2758 2968 2828 sapit.
3010 2756 3123 2813 Nec
3171 2758 3319 2813 enim
3363 2770 3491 2811 cum

1896 2862 2074 2905 ortum
2105 2851 2210 2905 hoc
2250 2849 2506 2905 sensibile
2548 2849 2711 2904 fuerit
2744 2850 2953 2914 lumen,
2997 2864 3191 2906 omnes
3240 2848 3494 2905 similiter

1897 2942 2218 3012 suscipiunt.
2250 2942 2357 2997 Sed
2401 2941 2474 2996 illi
2510 2942 2727 3009 quidem
2770 2941 2863 3012 qui
2906 2956 3070 2997 sanos
3106 2941 3313 2997 habent
3358 2955 3491 2996 ocu-

1899 3034 1998 3098 los,
2035 3042 2092 3089 et
2135 3042 2460 3097 occurrunt,
2510 3042 2566 3087 et
2613 3035 2936 3097 attendunt,
2979 3041 3033 3087 et
3068 3031 3363 3088 fruuntur:
3395 3032 3489 3103 qui

1899 3135 2076 3181 autem
2128 3125 2472 3182 iuﬁrmantur
2515 3124 2713 3191 oculis,
2746 3125 3030 3195 corrigunt
3066 3140 3147 3190 se,
3194 3133 3249 3180 et
3281 3124 3487 3188 vitant,

206 3216 496 3269 admodum
528 3230 633 3270 non
678 3190 890 3284 pacem,
931 3226 986 3270 et
1015 3190 1471 3285 quemadmodum
1520 3216 1794 3286 gladium?
1822 3190 1867 3251 δ
1901 3228 1955 3275 et
1997 3218 2229 3289 fugiunt.
2277 3216 2410 3271 Nam
2459 3227 2515 3271 et
2572 3190 2878 3272 latronibus
2900 3190 3218 3273 vonerosum
3268 3226 3353 3273 est
3401 3216 3490 3271 lu-

219 3300 350 3357 Vent
412 3305 551 3358 enim
626 3304 857 3358 incidere
929 3307 1191 3359 hominem
1276 3308 1525 3362 adversus
1590 3318 1793 3376 patrem

200 3388 474 3445 suum“:
522 3390 727 3459 accipio
762 3391 907 3444 enim
972 3390 1138 3444 ﬁlium
1191 3392 1340 3462 ejus,
1385 3404 1439 3447 et
1488 3409 1594 3447 nou
1646 3394 1792 3446 dele-

200 3488 392 3537 ctatur
418 3489 590 3551 pater.
628 3482 863 3536 Adverte
893 3492 1069 3537 autem
1098 3494 1153 3538 et
1182 3483 1416 3554 ipsorum
1448 3483 1791 3539 elIieientiam

202 3585 556 3635 sermonum;
587 3573 711 3642 quia
754 3575 897 3627 enim
948 3577 1087 3629 dixit
1130 3576 1363 3645 gladium
1408 3576 1667 3641 incidere,
1698 3578 1793 3630 ad-

203 3663 320 3719 dit:
344 3660 519 3717 Nolite
550 3675 734 3732 putare
761 3667 882 3734 quia
917 3667 1031 3719 veni
1058 3683 1237 3737 pacem
1267 3668 1469 3720 mittere
1496 3668 1547 3720 in
1573 3677 1789 3721 terram.

202 3754 325 3809 Non
360 3757 592 3825 suscipit
626 3768 795 3811 terra.
841 3757 957 3812 Non
1009 3760 1130 3813 veni
1167 3774 1355 3829 pacem
1392 3761 1608 3813 mittere
1639 3779 1651 3813 :
1693 3760 1794 3813 ite-

207 3865 331 3903 rum
366 3850 487 3902 audi
524 3850 575 3903 in
609 3860 806 3903 terram
836 3868 848 3903 :
880 3849 990 3918 Ego
1019 3852 1187 3917 enim,
1216 3852 1406 3921 inquit,
1442 3867 1627 3921 parem
1662 3869 1793 3920 pra:-

203 3942 348 4003 th'co,
380 3942 472 3995 sed
523 3951 664 4011 terra
699 3958 802 3995 non
845 3944 1092 4012 suscipit.
1136 3942 1249 3998 Non
1296 3960 1426 4014 ergo
1472 3945 1790 4000 seminantis

202 4034 541 4102 prepositum
571 4050 583 4085 :
617 4033 735 4101 ipse
761 4036 907 4088 enim
939 4035 1202 4089 sustinuit
1236 4048 1293 4089 ut
1324 4036 1566 4091 facerent
1601 4053 1783 4098 uvam,

198 4125 449 4181 fecerunt
492 4136 674 4179 autem
708 4128 911 4195 spinas.
958 4127 1140 4197 Neque
1176 4130 1222 4183 is
1260 4129 1311 4182 in
1350 4146 1514 4183 causa
1552 4141 1658 4197 est,
1693 4132 1781 4200 qui

194 4215 473 4273 benelecit
503 4218 675 4272 vineae
703 4237 715 4273 :
764 4218 885 4272 Veni
918 4220 1083 4287 enim,
1118 4221 1313 4289 inquit,
1361 4222 1587 4275 incidere
1621 4224 1790 4275 homi-

200 4324 322 4363 nem
362 4309 611 4364 adversus
645 4323 850 4378 patrem
879 4328 1062 4376 suum,
1104 4323 1152 4365 et
1191 4329 1380 4366 nurum
1411 4316 1661 4370 adversus
1704 4332 1790 4369 so-

197 4418 352 4456 crum
388 4418 563 4457 suam.
618 4401 709 4457 lsti
744 4392 1039 4463 !sermnnes
1084 4407 1244 4460 rebus
1292 4408 1422 4474 ipsis
1476 4409 1782 4463 ﬁrmantur.

1901 3326 2044 3374 men,
2093 3321 2149 3367 et
2179 3307 2407 3364 furibus
2442 3326 2551 3367 non
2586 3310 2867 3375 dilectum,
2915 3317 2971 3363 et
3022 3309 3291 3364 adulteris
3334 3307 3490 3365 odio—

1899 3420 2039 3457 sum.
2069 3403 2308 3471 Denique
2336 3410 2391 3456 et
2430 3416 2493 3455 ea
2526 3416 2645 3470 quae
2691 3408 2884 3470 repunt
2914 3399 3157 3470 fugiunt;
3186 3409 3366 3455 ortum
3402 3408 3491 3455 est

1896 3496 2042 3550 enim
2087 3494 2302 3559 lumen;
2344 3503 2401 3549 et
2441 3495 2533 3564 qui
2579 3503 2706 3547 sunt
2750 3492 2888 3547 ebrii
2920 3507 3027 3547 non
3073 3491 3307 3547 libenter
3344 3510 3487 3565 aect-

1896 3586 2068 3655 piunt,
2096 3585 2224 3654 quia
2262 3592 2418 3650 urget
2442 3597 2536 3637 eos
2566 3583 2746 3637 lumen
2769 3596 3084 3651 exsurgere.
3115 3582 3255 3637 Sunt
3281 3597 3413 3637 sane
3434 3592 3489 3636 et

1895 3676 2140 3745 quamam
2182 3675 2434 3729 animalia
2474 3673 2881 3743 versipelliones
2910 3682 2965 3728 et
2995 3670 3213 3738 bellum,
3242 3681 3298 3728 et
3332 3686 3487 3743 qun--

1896 3781 2109 3835 cunque
2145 3767 2301 3821 istius
2333 3766 2550 3831 generis
2593 3766 2883 3826 habentur,
2922 3778 3042 3834 qua
3078 3764 3130 3819 in
3164 3771 3336 3818 totum
3378 3776 3484 3817 non

1895 3860 2169 3914 sustinent
2222 3859 2443 3914 luminis
2478 3859 2681 3913 radios.
2726 3856 2864 3910 Sunt
2906 3864 3086 3911 autem
3122 3865 3179 3911 et
3205 3854 3485 3911 hominum

1896 3950 2048 4005 multi
2086 3950 2519 4020 versipelliones,
2549 3962 2603 4002 et
2626 3948 3101 4020 versipellionibus
3132 3948 3369 4017 pejores,
3405 3948 3486 4002 vi.

1893 4058 2036 4113 perte
2064 4044 2238 4113 magis
2259 4058 2419 4114 quam
2452 4044 2728 4107 homines,
2757 4040 3166 4106 amari,invidi,
3200 4040 3481 4106 malitiosi,

1893 4151 2029 4206 quos
2061 4150 2253 4189 omnes
2290 4136 2438 4201 fugat
2471 4134 2650 4187 lumen
2680 4148 2802 4186 cum
2839 4131 3002 4186 fuerit
3042 4142 3246 4187 ortum.
3278 4131 3479 4187 lterum

1892 4240 2076 4283 autem
2110 4241 2294 4280 sermo
2335 4226 2570 4280 recurrit
2599 4225 2663 4275 ad
2692 4225 2867 4295 ipsum
2894 4232 3198 4287 certamen,
3226 4222 3312 4277 his
3362 4238 3482 4292 quae

1894 4322 2008 4376 heri
2045 4332 2173 4375 sunt
2210 4320 2377 4374 dicta.
2415 4318 2615 4371 lterum
2652 4317 2795 4370 enim
2826 4316 3139 4385 propositus
3162 4326 3247 4369 est
3298 4314 3482 4369 Domi-

1894 4431 1995 4470 nus
2025 4414 2207 4474 Jesus,
2240 4422 2294 4466 et
2324 4409 2601 4481 preposita
2634 4418 2759 4463 sunt
2798 4406 2900 4460 alia
2942 4406 3132 4461 multa.
3167 4405 3332 4461 Pater
3364 4404 3478 4460 liti--

197 4492 565 4575 Quantienim
590 4512 655 4549 ex
677 4497 758 4550 his
775 4497 864 4565 qui
889 4498 973 4549 hic
997 4512 1138 4551 nunc
1170 4509 1553 4563 convenerunt,
1590 4500 1786 4556 habent
1818 4531 1861 4585 υ
1894 4524 2050 4578 guns,
2082 4514 2261 4560 mater
2310 4502 2712 4565 contradicens,
2742 4515 2899 4555 soror
2938 4499 3253 4570 increpans,
3308 4498 3481 4555 frater

198 4599 390 4640 eorum
458 4602 578 4655 qua:
636 4589 889 4642 dicuntur
948 4590 1437 4658 experimentum?
1487 4593 1584 4646 Est
1637 4596 1781 4648 enim

195 4684 356 4746 pater
393 4676 677 4747 increpans
714 4678 855 4732 ﬁlios
889 4680 959 4733 ob
1002 4680 1400 4746 credulitatem,
1427 4690 1483 4736 et
1530 4684 1624 4737 lilii
1669 4699 1783 4739 mo-

194 4778 392 4823 nentes
429 4779 613 4838 patres
656 4772 720 4823 ad
773 4770 966 4835 tidem,
1011 4781 1066 4824 et
1109 4772 1231 4827 ﬁliae
1264 4774 1521 4829 docentes
1555 4786 1777 4832 matres.

197 4862 258 4915 Si
292 4863 439 4916 enim
482 4873 537 4917 et
575 4878 643 4916 ex
692 4865 805 4932 ipsa
841 4872 1030 4917 natura
1062 4879 1272 4929 omnes,
1318 4869 1411 4920 sed
1454 4884 1557 4921 non
1590 4885 1655 4922 ex
1687 4884 1780 4924 eo-

196 4954 323 5010 dem
376 4957 671 5025 proposito.
739 4957 978 5026 Denique
1023 4966 1078 5011 et
1115 4975 1181 5013 ex
1234 4960 1620 5029 conspersione
1671 4978 1777 5016 una

191 5042 457 5116 pollinis,
505 5044 750 5114 quaedam
792 5046 1009 5113 quidem
1073 5062 1196 5115 quae
1250 5049 1301 5102 in
1349 5049 1614 5105 fermento
1654 5064 1779 5107 sunt

194 5135 588 5202 dissolvuntur,
625 5138 869 5209 quaedam
914 5146 1093 5191 autem
1123 5154 1242 5208 qua:
1280 5140 1605 5195 fermentata
1651 5154 1779 5199 sunt

194 5227 541 5282 continentur
579 5244 592 5281 :
627 5239 681 5282 et
714 5243 906 5283 carnes
952 5229 1111 5284 aliter
1149 5241 1397 5285 tenentur
1443 5250 1563 5302 quae
1608 5236 1773 5291 salem

196 5318 433 5383 habent,
475 5320 631 5373 aliter
674 5335 795 5389 qua:
824 5320 940 5374 sine
989 5320 1101 5376 sale
1146 5335 1587 5392 corrumpuntur.
1638 5326 1772 5381 Nam

191 5410 298 5466 etsi
318 5409 430 5481 ipsa
460 5420 651 5464 natura
675 5413 747 5465 sit
766 5414 970 5479 carnis,
1000 5427 1104 5466 non
1133 5422 1309 5468 tamen
1336 5416 1446 5484 ipsa
1470 5418 1771 5485 permistio.

194 5502 353 5557 Aliud
384 5502 569 5556 vinum
604 5511 689 5558 est
720 5503 838 5558 sine
871 5520 1027 5575 aqua,
1057 5515 1111 5560 et
1152 5506 1295 5561 aliud
1336 5524 1459 5562 cum
1513 5523 1673 5579 aqua.
1710 5511 1775 5566 Et

194 5594 483 5667 ﬁgulorum
518 5596 584 5650 ad
634 5599 1014 5666 permistiunes
1076 5601 1365 5664 diversitas
1412 5604 1643 5659 habetur
1672 5622 1687 5663 :
1721 5618 1775 5662 et

271 5713 292 5737 '
333 5711 532 5782 Ephes.
559 5728 621 5777 ll,
652 5713 742 5768 id.
816 5714 839 5747 ⁸
876 5713 896 5767 l
925 5714 1050 5769 Cur.
1082 5733 1154 5786 vt,
1186 5720 1270 5775 15.
1348 5722 1369 5752 ’
1410 5720 1599 5780 Matth.
1631 5740 1684 5791 ι,
1716 5726 1804 5781 53.

275 5805 386 5878 (ει)
425 5807 679 5865 Adversa.
712 5809 795 5863 An
822 5810 1069 5877 diversa}

1890 4600 2252 4671 exprobrans,
2275 4597 2415 4653 servi
2437 4604 2810 4665 exsurgentes,
2830 4593 3041 4649 ancillte
3061 4601 3477 4665 exaggerantes.

1892 4692 2279 4761 Unusquisque
2324 4690 2468 4745 enim
2500 4704 2653 4743 suam
2690 4688 3026 4743 voluntatem
3063 4696 3189 4742 ante
3243 4686 3475 4743 salutem

1890 4783 2123 4837 ﬁliorum
2163 4794 2507 4851 praeponens,
2572 4778 2744 4833 trahit
2805 4780 2871 4832 ad
2929 4793 3086 4833 suum
3135 4777 3473 4848 pr0positum

1889 4877 2148 4945 ignorans
2178 4875 2569 4944 proditionem.
2601 4872 2915 4927 Certamina
2967 4886 3098 4942 ergo
3127 4886 3225 4941 pro
3255 4871 3476 4927 Christo

1888 4967 2043 5021 nobis
2075 4976 2207 5021 sunt
2243 4984 2255 5020 :
2289 4964 2540 5021 Christus
2573 4972 2782 5018 tantum
2812 4965 3022 5018 lucrum
3050 4973 3171 5018 est:
3204 4962 3294 5017 ille
3325 4964 3473 5017 enim

1884 5062 2031 5112 venit
2060 5058 2127 5113 ad
2154 5057 2473 5123 Ecclesiam,
2500 5055 2640 5110 alius
2695 5054 2954 5110 distrahit
3001 5064 3056 5109 et
3101 5054 3235 5110 emit
3270 5055 3474 5111 oblitus

1885 5150 2089 5205 Christi
2129 5164 2143 5202 :
2178 5150 2271 5204 ille
2292 5149 2445 5203 audit
2475 5148 2751 5205 Christum
2778 5164 2877 5217 per
2909 5148 3201 5218 Evangelia
3238 5148 3471 5218 loquen-

1887 5252 2016 5311 tem,
2045 5243 2182 5298 alius
2220 5254 2274 5298 et
2304 5242 2719 5313 adestpedibus,
2755 5253 2811 5298 et
2836 5251 3014 5297 mente
3046 5241 3195 5297 foras
3222 5252 3468 5313 vagatur.

1884 5335 1976 5389 Ille
2008 5337 2149 5401 patri
2184 5335 2351 5390 donat
2383 5335 2739 5405 perditionem
2767 5351 2941 5399 suam,
2969 5334 3107 5389 alius
3143 5334 3304 5389 matri
3333 5350 3469 5390 con-

1884 5429 2053 5482 sentit
2085 5438 2143 5481 ut
2174 5443 2281 5483 non
2323 5426 2434 5484 Deo
2462 5428 2605 5497 quod
2632 5428 2887 5484 convenit
2915 5429 3189 5485 restituat.
3221 5429 3304 5484 Ad
3330 5428 3471 5483 mul-

1886 5528 1969 5574 tos
2006 5519 2175 5589 igitur
2200 5521 2451 5575 convenit
2474 5518 2713 5592 .jurgari,
2753 5529 2811 5577 ut
2843 5521 3027 5577 multa:
3052 5519 3359 5578 elﬁciantur
3376 5536 3471 5579 co-

1886 5626 2055 5667 ronm.
2092 5612 2174 5666 Ad
2205 5612 2475 5671 diabolum
2520 5615 2719 5685 quippe
2766 5622 2820 5671 et
2850 5613 3053 5672 milites
3106 5613 3262 5685 eius:
3314 5614 3468 5671 multi

1884 5729 1928 5761 "
1963 5729 2092 5787 ibid.
2127 5729 2215 5787 53.
