4048 6322
637 370 773 426 “79

1299 360 1566 418 EUSElle
1604 356 2082 416 CxESAlilENSlS‘
2113 355 2262 412 OPP.
2306 349 2485 407 PARS
2525 349 2615 404 iV.
2654 379 2722 390 —
2761 345 3157 403 DOGMATICA

3730 346 3865 400 H80

638 498 815 537 autent
846 492 971 536 sunt
999 489 1053 533 et
1090 480 1196 534 isti.
1225 476 1452 546 Urgetur
1474 491 1603 528 Sane
1633 485 1687 529 et
1711 485 1884 542 pater,
1918 483 1971 528 et
2000 482 2190 533 mater,

2300 467 2372 520 dit
2398 483 2412 519 :
2453 475 2697 518 mortuus
2728 464 2872 518 euiut
2903 474 3008 516 est.
3029 460 3204 516 Timet
3235 470 3412 515 autem
3436 476 3503 516 ne
3523 463 3647 531 quis
3669 463 3862 517 malat-

638 587 691 631 et
712 573 928 634 fratres,
951 582 1006 625 et
1033 571 1268 640 cognati,
1295 579 1348 621 et
1374 568 1554 629 amici,
1583 576 1637 621 et
1669 569 1833 631 servi,
1865 577 1916 620 et
1954 564 2192 629 ancilla;

637 683 702 721 ex
742 667 925 719 multis
951 664 1091 716 enim
1119 660 1334 714 tristitia
1356 670 1458 723 est,
1503 659 1622 713 ideo
1653 667 1711 712 ut
1734 667 1791 712 et
1816 668 1960 711 tanta
1993 656 2192 711 habea-

640 771 726 812 tur
762 758 966 820 laetitia,
1015 763 1069 809 et
1116 755 1384 808 addantur
1434 753 1653 819 nuptiae,
1709 762 1765 805 et
1810 750 2198 819 promissiones

637 867 797 919 opunt
831 850 1103 910 mortales,
1130 847 1224 900 sed
1249 859 1345 898 nec
1369 857 1594 898 mortuae
1625 864 1635 898 :
1684 858 1803 912 quae
1862 843 2006 896 enim
2053 859 2194 896 nun-

640 956 797 1007 quatn
835 943 1102 998 vixerunt,
1140 950 1206 988 ne
1235 937 1454 1003 quidem
1506 947 1713 988 mortua
1765 943 2048 998 vocentur,
2099 934 2196 988 sed

641 1033 740 1084 alia
771 1032 933 1098 pejori
968 1030 1379 1096 nuncupatione.
1414 1032 1516 1082 Sed
1539 1031 1589 1080 iu
1617 1030 1694 1081 Itis
1720 1027 1982 1093 omnibus,
2023 1029 2196 1095 inquit

639 1121 945 1190 Apostolus,
991 1122 1401 1185 superrtncimus
1451 1129 1660 1186 propter
1691 1135 1806 1170 eum
1842 1119 1930 1184 qui
1977 1134 2069 1170 nos
2103 1133 2195 1170 su-

639 1211 919 1280 perditexit
957 1212 1020 1265 ".
1046 1211 1178 1264 Etsi
1229 1212 1345 1280 quis
1379 1209 1612 1278 Apostoli
1659 1209 1898 1262 imitator
1926 1218 2007 1262 est
2037 1225 2052 1274 ;
2104 1211 2194 1277 qui

637 1303 782 1355 enim
817 1302 1054 1354 imitatur
1088 1316 1232 1362 eunt,
1276 1300 1514 1351 imitatur
1550 1298 1826 1354 Christum
1857 1317 1872 1366 ;
1909 1301 2100 1353 transit
2130 1299 2197 1353 ab

640 1391 943 1446 imitatione
1003 1390 1068 1444 ad
1125 1390 1492 1459 principalem.
1545 1390 1834 1458 Jurgentur
1901 1392 2079 1445 omnia
2138 1400 2197 1446 ut

639 1500 1000 1549 coronemur;
1037 1485 1087 1536 in
1121 1484 1367 1537 omnibus
1401 1485 1471 1536 sit
1506 1483 1741 1552 jurgimn
1786 1486 1850 1536 ad
1899 1484 2196 1552 pulchritu-

638 1578 841 1642 dinem,
873 1579 939 1630 ad
966 1578 1358 1646 possessiones,
1388 1577 1454 1630 ad
1481 1577 1719 1640 divitias,
1773 1577 1839 1628 ad
1895 1585 2153 1646 cognatos
2176 1615 2194 1644 ,

639 1670 708 1722 ad
741 1680 969 1736 patrem,
1001 1670 1064 1721 ad
1102 1669 1435 1729 matrem,ad
1464 1670 1656 1722 fratres
1679 1709 1692 1729 ,
1726 1669 1792 1720 ad
1839 1683 2026 1724 servos
2065 1686 2081 1734 ;
2142 1677 2197 1724 et

642 1761 802 1814 vicini
832 1761 1232 1828 impugnatores
1265 1762 1527 1814 exsistant
1557 1779 1570 1813 :
1608 1759 1802 1814 sufﬁcit
1824 1760 1970 1814 enim
2017 1762 2200 1817 chari-

642 1861 724 1907 tas
770 1853 929 1908 unius
975 1862 1032 1906 ut
1081 1853 1508 1922 superetomnia.
1542 1851 1651 1918 Ego
1678 1862 1854 1906 autem
1891 1861 1946 1906 et
1975 1853 2188 1906 tnisera‘

640 1941 772 1996 biles
795 1950 941 2010 puto,
971 1942 1059 2010 qui
1093 1957 1196 1995 non
1227 1951 1351 1994 sunt
1403 1943 1608 2010 experti
1663 1943 1960 1996 istiusmodi
2015 1944 2199 1997 turbeo

642 2033 720 2088 las
750 2044 966 2103 propter
1000 2034 1282 2089 Dominum
1311 2033 1514 2086 Jesum.
1543 2033 1651 2088 Illis
1695 2043 1874 2086 autem
1909 2043 2199 2100 congratu—

640 2123 724 2179 lor
754 2127 842 2193 qui
877 2126 1068 2180 habent
1093 2126 1146 2178 in
1191 2135 1368 2178 tuente
1417 2135 1471 2176 et
1503 2125 1838 2177 conscientia
1863 2139 1959 2177 sua
1989 2123 2194 2179 dicere.

641 2215 782 2270 Ecce
813 2214 1092 2269 Dominum
1132 2217 1207 2269 tui
1243 2225 1463 2284 propter
1502 2214 1613 2286 (85)
1648 2216 1899 2270 Inimicus
1933 2227 2017 2271 est
2070 2217 2199 2270 Inibi

642 2313 793 2375 pater
820 2320 989 2371 meus,
1015 2307 1372 2376 expugnatrix
1390 2316 1581 2370 mater,
1614 2305 1782 2363 frater
1813 2307 2038 2372 insistit,
2057 2308 2200 2362 servi

639 2398 1006 2461 contristant,
1073 2397 1284 2453 ancilla
1314 2397 1627 2467 jurgautur,
1683 2408 1737 2452 et
1795 2399 1973 2453 nullus
2009 2399 2200 2452 borum

648 2491 780 2546 mihi
815 2499 873 2544 ut
900 2472 1148 2544 inimicus
1177 2498 1260 2543 est
1292 2499 1509 2558 propter
1536 2499 1680 2542 luant
1708 2489 2076 2543 dilectionem.
2114 2487 2204 2542 Si-

646 2583 862 2653 quidem
893 2583 1028 2638 etin
1062 2581 1218 2637 bellis
1251 2581 1450 2636 milites
1475 2591 1707 2650 quantas
1739 2581 1922 2651 plagas
1948 2581 2019 2636 ob
2046 2597 2198 2635 amo-

645 2687 760 2727 rem
793 2674 932 2740 regis
965 2671 1270 2741 accipiunt?
1295 2686 1675 2740 nonnunquam
1712 2673 1854 2726 enim
1881 2683 1936 2727 et
1966 2672 2201 2743 gauden-

643 2774 724 2819 tes
751 2763 1038 2819 ostendunt
1075 2773 1132 2820 et
1182 2765 1497 2835 sanguiuum
1540 2763 1750 2828 fluxus,
1807 2775 1864 2820 et
1923 2765 2200 2836 plagarum

641 2857 944 2920 cicatrices,
973 2870 1071 2926 per
1093 2870 1213 2923 qua
1234 2856 1598 2923 experimenta
1627 2856 1832 2924 fulgent
1866 2871 2081 2912 amores
2103 2859 2196 2924 qui

643 2947 709 3002 ad
745 2961 922 3018 regem
945 2955 1068 3001 sunt
1090 2945 1283 3000 habiti.
1307 2945 1373 3000 Et
1399 2956 1546 3000 certe
1569 2955 1778 3014 querat
1809 2947 2199 3016 unusquisque,

641 3050 697 3095 et
726 3040 905 3110 pigeat
941 3053 1401 3108 unumquemque,
1439 3047 1500 3092 ut
1530 3039 1668 3094 alius
1700 3049 1956 3109 acceptus
1980 3040 2072 3096 sit.
2109 3037 2201 3094 llle

2298 558 2463 612 vitam
2489 559 2639 610 vivat
2666 574 2680 610 :
2711 555 2906 610 mortui
2936 555 3075 608 enim
3106 568 3315 607 sumus.
3348 551 3483 607 Nam
3515 563 3570 607 et
3598 553 3690 622 qui
3723 569 3866 607 mor-

2298 651 2403 703 tuis
2427 649 2652 717 sepultis
2674 661 2890 702 mensas
2917 655 3192 716 apponunt
3223 655 3277 698 et
3308 661 3485 707 escas,
3516 645 3769 701 delirant.
3806 644 3864 700 Si

2297 739 2459 808 igitur
2484 752 2702 793 mensas
2732 751 3002 806 apponere
3029 737 3256 790 mortuis
3305 736 3723 792 deliramentum
3755 748 3860 801 est,

2295 837 2350 882 et
2373 828 2687 881 comminari
2709 827 2934 881 mortuis
2956 827 3137 882 irrisio
3157 838 3241 882 est
3267 845 3281 884 ε
3312 839 3368 882 et
3394 837 3542 884 certe
3572 829 3866 883 adveniant

2295 925 2345 971 et
2381 918 2558 979 utinm,
2591 928 2859 970 acuantur
2892 917 3076 986 gladii,
3100 928 3155 971 et
3189 920 3483 984 exercitus,
3511 927 3568 972 et
3618 919 3785 988 leges,
3812 928 3865 972 et

2296 1007 2607 1061 civitatibus
2639 1016 2898 1076 appareat
2933 1005 3061 1062 Jesu
3090 1007 3294 1062 Christi
3345 1009 3556 1064 Domini
3588 1011 3782 1073 virtus,
3809 1019 3864 1064 et

2297 1116 2451 1154 amor
2501 1110 2556 1153 et
2608 1100 2842 1154 flamma.
2889 1100 3089 1156 Audite
3145 1102 3306 1170 igitur
3356 1100 3449 1170 qui
3489 1101 3704 1155 Domini
3734 1100 3860 1156 Jesu

2297 1192 2586 1260 participes
2613 1192 2991 1261 mysteriorum
3019 1203 3151 1246 estis
3181 1192 3396 1246 :audite
3417 1192 3713 1259 Christum,
3743 1194 3859 1248 cul-

2299 1293 2443 1335 tores
2467 1283 2603 1349 ejus.
2630 1284 2768 1348 Quid
2793 1284 2923 1338 dicit
2962 1284 3140 1338 lumen
3187 1285 3412 1338 verum?
3435 1285 3567 1353 quid
3623 1284 3862 1354 loquitur

2298 1374 2424 1427 via?
2454 1375 2584 1444 quid
2611 1375 2984 1444 cla'matjanua
3010 1376 3034 1429 ?
3061 1377 3186 1445 quid
3213 1375 3542 1431 vociferatur
3579 1377 3731 1430 vita?
3759 1377 3860 1442 Qui

2296 1467 2490 1536 diligit,
2523 1467 2718 1537 inquit,
2745 1478 2942 1532 patrem
2972 1478 3062 1519 aut
3091 1479 3308 1521 matrem
3335 1484 3493 1536 super
3521 1484 3622 1532 me,
3663 1482 3764 1520 non
3786 1477 3862 1521 est

2297 1573 2379 1610 me
2405 1559 2591 1628 dignus
2615 1558 2680 1610 “.
2712 1559 2776 1612 Et
2809 1573 2916 1611 non
2943 1556 3133 1612 sufﬁcit
3156 1558 3281 1612 hoc.
3306 1557 3501 1613 lterum
3533 1559 3678 1612 enim
3703 1557 3860 1612 dicit:

2300 1648 2370 1702 Et
2395 1651 2484 1719 qui
2507 1667 2614 1704 non
2651 1650 2836 1716 accipit
2870 1667 3078 1703 erucem
3100 1666 3273 1715 suam,
3310 1659 3358 1703 et
3377 1650 3612 1714 sequitur
3632 1665 3734 1714 me,
3759 1666 3864 1703 uolt

2299 1753 2372 1794 est
2407 1757 2488 1794 me
2521 1743 2710 1811 dignus
2743 1741 2810 1794 ¹³.
2842 1743 2944 1796 Ista
2972 1752 3058 1796 est
3087 1746 3295 1796 vocatio
3337 1755 3527 1795 eorum
3586 1741 3680 1810 qui
3728 1741 3867 1794 mili-

2306 1842 2421 1885 tare
2460 1834 2772 1887 desiderant
2809 1833 3052 1888 Christo.
3088 1831 3145 1886 Si
3177 1833 3297 1900 quis
3339 1834 3501 1903 igitur
3530 1841 3756 1902 paratus
3787 1843 3869 1886 est

2303 1921 2564 1989 crucitigi,
2595 1921 2812 1975 veniat:
2852 1921 2896 1976 si
2920 1923 3043 1992 quis
3069 1922 3250 1975 alacer
3287 1933 3372 1976 est
3417 1924 3482 1976 ad
3512 1929 3770 1986 mortem,
3821 1923 3866 1976 si

2302 2012 2422 2079 quis
2451 2022 2625 2080 potest
2649 2013 2716 2066 ad
2744 2013 3001 2082 gladium,
3029 2013 3075 2067 si
3110 2014 3234 2082 quis
3262 2013 3330 2067 ad
3361 2011 3655 2077 ﬂammam,
3684 2013 3730 2067 si
3749 2012 3872 2082 quis

2302 2104 2368 2157 ad
2397 2105 2596 2172 ignem,
2624 2105 2670 2158 si
2701 2107 2824 2175 quis
2866 2105 2932 2159 ad
2963 2107 3257 2170 exercitus,
3282 2104 3327 2160 si
3355 2105 3477 2173 quis
3504 2106 3574 2158 ad
3614 2103 3870 2173 concupi-

2303 2197 2561 2264 scentias,
2593 2197 2639 2250 si
2672 2198 2795 2267 quis
2820 2198 2885 2250 ad
2938 2197 3212 2262 libidines,
3263 2198 3306 2252 si
3336 2199 3458 2267 quis
3499 2196 3571 2250 ad
3616 2197 3783 2262 iram,
3825 2195 3874 2251 si

2302 2287 2424 2354 quis
2448 2289 2513 2339 ad
2539 2288 2986 2358 indignationem,
3016 2289 3062 2344 si
3095 2289 3217 2359 quis
3243 2290 3307 2342 ad
3338 2304 3467 2358 opes
3512 2299 3573 2343 et
3608 2289 3833 2343 divitias
3853 2326 3872 2353 ,

2305 2387 2358 2429 et
2391 2379 2778 2445 possessiones,
2818 2390 2873 2435 et
2903 2380 3154 2443 aedilicia,
3197 2389 3250 2433 et
3275 2390 3630 2445 mercaturas,
3699 2389 3756 2433 et
3805 2379 3871 2432 ad

2313 2469 2646 2536 principatus
2677 2479 2728 2523 et
2755 2479 3074 2538 potestates,
3115 2470 3179 2524 ad
3211 2470 3451 2524 visibiles
3483 2481 3539 2523 et
3571 2470 3875 2525 invisibiles

2301 2559 2574 2621 inimicos,
2603 2561 2669 2614 ad
2698 2561 2922 2630 spiritus
2960 2575 3221 2630 nequam,
3248 2561 3316 2616 ad
3353 2574 3600 2626 carnem,
3631 2563 3702 2616 ad
3727 2563 3871 2630 cosio

2304 2656 2474 2702 totum
2511 2651 2727 2714 animat,
2757 2652 2824 2704 ad
2852 2659 3150 2703 nocturnas
3184 2651 3533 2714 ambitiones,
3573 2652 3642 2704 ad
3691 2663 3872 2706 metus

2303 2740 2652 2808 meridianos,
2687 2742 2753 2795 ad
2801 2740 3104 2809 juventutis
3133 2739 3423 2810 fervorem,
3463 2742 3529 2795 ad
3561 2739 3829 2810 impetum
3853 2782 3870 2808 ,

2307 2832 2374 2885 ad
2399 2830 2594 2885 famem
2631 2841 2685 2886 et
2713 2833 2887 2897 sitim,
2919 2831 2987 2887 ad
3020 2833 3292 2898 homines,
3324 2833 3391 2888 ad
3414 2832 3715 2903 languores
3740 2874 3757 2900 ,
3806 2832 3873 2886 ad

2303 2924 2591 2988 sanitates,
2623 2926 2690 2978 ad
2715 2924 2949 2978 divitias.
2984 2923 3088 2979 Per
3114 2925 3227 2980 htec
3245 2925 3388 2978 enim
3417 2925 3602 2979 omnia
3631 2926 3872 2979 vincitur

2305 3013 2633 3070 desiderium
2666 3033 2680 3070 :
2712 3017 2895 3090 magis
2919 3023 3098 3070 autem
3127 3016 3457 3072 desiderium
3488 3033 3668 3087 neque
3701 3019 3870 3073 vinci-

642 3133 860 3200 quidem
885 3131 957 3184 ita
1005 3132 1303 3200 proposuit,
1355 3129 1494 3185 alius
1521 3130 1679 3185 aliter
1731 3131 1913 3186 alacer
1963 3130 2082 3185 fuit.
2131 3129 2200 3185 Ut
2227 3150 2271 3207 ο
2307 3138 2414 3195 tur,
2447 3142 2620 3196 neque
2657 3127 2984 3193 deflectitur,
3023 3128 3118 3184 sed
3148 3142 3246 3199 per
3281 3129 3388 3183 ista
3439 3130 3621 3183 omnia
3656 3130 3866 3193 vincit,

644 3221 981 3275 dinumcrem
1013 3219 1245 3289 singula,
1279 3219 1406 3288 quid
1454 3220 1599 3273 enim
1652 3227 1706 3273 et
1738 3219 1913 3275 habeo
1946 3220 2198 3275 dinume-

644 3327 767 3366 rare
795 3323 1016 3381 propter
1049 3313 1217 3365 eum?
1246 3310 1379 3378 Quis
1430 3313 1574 3366 enim
1623 3326 1708 3365 me
1740 3326 1964 3366 exosum
2014 3310 2203 3366 habuit

642 3415 866 3476 propter
888 3403 1199 3460 Christum?
1225 3401 1355 3468 Quis
1388 3418 1472 3456 me
1502 3402 1786 3470 castigavit
1813 3411 2031 3472 propter
2055 3400 2203 3455 eum?

643 3499 775 3565 Quis
808 3512 895 3552 me
924 3507 1078 3566 pater
1132 3494 1434 3550 abdicavit?
1459 3495 1588 3561 Quae
1619 3504 1792 3548 mater
1841 3495 2068 3548 adversa
2113 3504 2201 3545 me

642 3589 774 3647 est?
808 3589 939 3656 Quis
981 3588 1151 3643 frater
1183 3587 1469 3642 adversum
1503 3599 1588 3639 me
1627 3581 1981 3638 exsurrexit?
2023 3580 2067 3637 0
2095 3581 2197 3635 mi-

637 3681 944 3740 serabilitas
971 3693 1156 3733 eorum
1190 3677 1282 3747 qui
1313 3693 1417 3732 non
1447 3675 1644 3730 habent
1673 3675 1806 3729 ista!
1839 3673 1990 3728 Alius
2018 3681 2198 3727 autem

641 3774 792 3828 dives
819 3779 874 3828 et
899 3771 1105 3842 spissus
1139 3770 1190 3823 in
1216 3768 1430 3838 opibus,
1465 3767 1620 3820 laetus
1654 3775 1738 3821 est
1766 3775 1968 3829 mente,
2006 3764 2131 3834 quia
2167 3778 2198 3817 a

638 3864 952 3920 civitatibus
977 3871 1031 3916 et
1061 3861 1368 3915 nationibus
1403 3860 1746 3922 decantatur,
1778 3857 1902 3925 quia
1929 3855 2198 3910 theatrum

640 3963 725 4010 est
754 3953 930 4009 factus
947 3961 1003 4007 et
1030 3951 1238 4022 angelis
1259 3959 1314 4004 et
1350 3949 1675 4004 hominibus.
1701 3947 1923 4015 Dignus-
1939 3947 2084 4000 enim
2115 3956 2200 4002 est

639 4047 730 4117 qui
755 4047 1110 4109 desideratur,
1143 4053 1199 4098 et
1229 4043 1354 4112 quia
1409 4041 1718 4110 increpatur
1744 4047 1798 4094 et
1832 4038 2034 4106 oditur,
2073 4037 2196 4107 quia

637 4138 844 4195 inimici
870 4137 1103 4193 hominis
1128 4125 1414 4189 domestici
1455 4131 1592 4200 ejus,
1614 4139 1668 4186 et
1691 4131 1817 4200 quia
1850 4129 2091 4184 abscisus
2115 4137 2200 4185 est

638 4230 708 4287 ab
735 4245 800 4285 eo
822 4238 997 4300 pater,
1027 4237 1084 4284 et
1115 4243 1219 4282 non
1244 4227 1519 4281 consentit
1552 4234 1742 4290 mater,
1770 4223 1898 4294 quia
1949 4223 2198 4279 noctibus

635 4332 995 4393 expugnatur,
1030 4329 1083 4376 et
1106 4334 1202 4390 per
1223 4319 1338 4374 dies
1384 4326 1698 4380 coronatur,
1730 4319 1860 4375 mihi
1882 4328 1937 4374 et
1962 4319 2095 4373 meis
2114 4317 2197 4372 νίς

637 4414 879 4470 scerihus
932 4421 987 4468 et
1037 4411 1178 4466 ossis
1208 4411 1344 4466 bella
1395 4424 1513 4478 qua:
1550 4423 1646 4478 pro
1676 4409 1894 4470 Christo
1933 4414 2076 4466 sunt.
2130 4408 2196 4464 Et

637 4504 782 4559 unde
813 4503 944 4557 mihi
979 4503 1079 4559 hoc
1104 4518 1265 4573 supra
1293 4502 1610 4570 dignitatem
1648 4509 1728 4555 est
1785 4515 1980 4567 meam,
2025 4510 2084 4556 ut
2112 4500 2193 4556 vel
2227 4480 2271 4536 Ῑ)

639 4595 892 4665 injuriam
922 4610 1021 4666 pro
1056 4594 1274 4651 Christo
1305 4592 1600 4649 sustineam
1626 4592 1650 4645 ἲ
1695 4591 1853 4648 Cruci
1887 4601 2068 4648 autem
2098 4593 2191 4665 figi

637 4696 695 4742 et
718 4687 935 4742 inverso
962 4687 1157 4755 capite,
1175 4685 1319 4741 Petri
1339 4685 1508 4754 magis
1533 4695 1616 4740 est
1642 4700 1801 4755 quam
1834 4685 2058 4741 aliorum
2100 4686 2194 4742 ho-

638 4777 867 4832 minum.
904 4777 1173 4833 Ehrietate
1200 4793 1334 4848 opus
1357 4786 1440 4833 est
1463 4787 1516 4832 et
1537 4777 1773 4839 fervore,
1802 4776 2062 4833 ebrietate
2087 4795 2192 4834 non

638 4885 673 4926 a
699 4871 841 4936 vino,
868 4872 960 4925 sed
993 4886 1055 4927 ea
1083 4886 1200 4940 qua:
1226 4870 1293 4925 ob
1309 4884 1543 4924 amorem
1565 4879 1648 4924 est
1669 4867 1889 4926 Christi.
1915 4869 2015 4936 Qui
2047 4872 2192 4926 enim

639 4973 842 5027 amant,
866 4961 996 5017 nihil
1016 4963 1199 5018 vident
1226 4962 1328 5018 nisi
1343 4977 1465 5018 eum
1498 4976 1657 5031 quem
1677 4961 1922 5031 diligunt.
1943 4960 2199 5018 Nesciunt

638 5053 766 5125 quia
795 5062 878 5109 est
903 5054 1040 5110 alius
1074 5055 1126 5109 in
1159 5063 1350 5110 terra-:
1385 5054 1474 5108 ub‘i
1503 5054 1646 5108 enim
1696 5054 1983 5131 thesaurus
2034 5052 2197 5109 fuerit

641 5145 858 5209 mentis,
895 5143 1005 5199 illic
1034 5155 1089 5199 et
1118 5146 1297 5199 anima
1328 5144 1593 5211 habetur;
1625 5144 1728 5198 alia
1775 5151 1953 5197 autem
1990 5153 2196 5198 mortua

641 5244 762 5288 sunt
775 5235 844 5289 ei.
865 5232 921 5300 Si
952 5236 1212 5306 inerepas,
1232 5251 1409 5292 nonne
1424 5252 1543 5291 eum
1557 5237 1646 5307 qui
1670 5236 1847 5290 audit?
1867 5236 1922 5292 Si
1943 5237 2190 5308 casugas,

641 5337 816 5380 nonne
831 5342 951 5381 eum
979 5330 1066 5398 qui
1095 5330 1290 5384 sentit?
1305 5329 1404 5397 Qui
1417 5329 1611 5387 Chrisu
1629 5331 1770 5386 enim
1789 5342 1935 5397 sunt,
1950 5333 2190 5389 crucifixi

642 5414 923 5471 habentur.
956 5417 1096 5484 Quid
1123 5419 1239 5474 sine
1264 5435 1426 5475 causa
1459 5420 1708 5475 laboras?
1745 5432 1988 5478 mortuus
2015 5423 2058 5478 si
2085 5434 2192 5480 tor-

642 5518 867 5574 queatur
895 5524 998 5565 nou
1031 5511 1215 5578 sentit,
1251 5511 1412 5565 etiam
1462 5511 1507 5566 si
1559 5512 1923 5584 increpaveris
1957 5529 2061 5570 non
2088 5531 2182 5569 au-

717 5586 755 5630 "
783 5600 934 5658 Rom.
965 5620 1082 5669 vm,
1107 5605 1197 5659 57.
1277 5605 1529 5661 “Matth.
1581 5622 1634 5673 x,
1694 5609 1778 5666 57.
1857 5610 1901 5642 ⁸³
1933 5609 2062 5666 ibid.
2089 5612 2177 5667 38.
2257 5586 2313 5645 ί(
2329 5586 2457 5671 ibid.

2302 3219 2575 3272 et‘iternm
2601 3215 2888 3270 abundans
2917 3216 2969 3269 in
2994 3217 3375 3287 praedicatione
3413 3227 3517 3273 est.
3567 3217 3690 3274 Non
3721 3221 3861 3272 enim

2305 3318 2445 3362 tacet
2473 3306 2730 3372 Verbum,
2763 3305 2998 3361 Verbum
3022 3308 3197 3373 Deus;
3225 3324 3330 3363 non
3366 3320 3546 3365 tamen
3600 3325 3707 3365 vox
3739 3311 3870 3366 Ver-

2302 3401 2450 3466 bum,
2479 3399 2608 3467 quia
2645 3414 2743 3469 nec
2772 3396 3011 3455 Joannes
3038 3402 3131 3472 qui
3168 3412 3393 3457 vocatus
3439 3413 3522 3458 est
3581 3419 3711 3470 vox,
3770 3419 3870 3460 vox

2299 3501 2443 3556 erat,
2479 3493 2572 3545 sed
2604 3491 2860 3547 Joannes.
2902 3492 3043 3560 Quid
3071 3507 3251 3548 autem
3284 3496 3412 3550 dicit
3439 3499 3528 3566 qui
3570 3497 3719 3551 venit
3766 3499 3870 3551 sal.

2300 3596 2428 3639 vare
2448 3585 2472 3638 ?
2503 3585 2605 3650 Qui
2628 3586 2815 3639 invenit
2840 3586 3072 3639 animum
3092 3602 3264 3652 suam,
3281 3589 3461 3656 perdet
3487 3605 3607 3643 eam
3627 3589 3691 3646 ιδ.
3708 3588 3870 3646 Forte

2299 3678 2588 3733 obscurum
2621 3679 2715 3733 tibi
2746 3678 2961 3734 videtur
2994 3678 3147 3750 quod
3173 3679 3375 3734 dictum
3399 3691 3483 3736 est
3513 3698 3528 3734 :
3562 3682 3694 3751 quia
3725 3684 3865 3737 enim

2301 3785 2406 3824 non
2439 3770 2608 3825 habes
2632 3781 3054 3839 sacramentum,
3085 3787 3257 3842 neque
3277 3787 3466 3828 omnes
3498 3776 3680 3830 omnia
3716 3776 3868 3830 intel-

2304 3862 2548 3932 ligimus,
2584 3878 2761 3933 neque
2786 3879 2978 3920 omnes
3006 3865 3075 3920 ab
3106 3864 3356 3920 omnibus
3388 3881 3693 3932 movemur,
3749 3869 3867 3924 ideo

2297 3963 2453 4022 putas
2468 3957 2631 4008 obscu
2640 3971 2694 4009 ra
2713 3954 2836 4020 τρυε
2851 3956 3038 4011 invenit
3056 3958 3286 4011 animum
3300 3974 3470 4024 suam,
3488 3961 3665 4028 perdet
3682 3964 3866 4028 eaut",

2299 4045 2402 4100 hoc
2428 4055 2533 4109 est,
2569 4047 2794 4117 quivult
2834 4049 3080 4105 invenire
3129 4052 3334 4120 perdet.
3387 4051 3714 4118 Quomodo?
3743 4054 3866 4122 Qua

2299 4137 2536 4194 inventio
2552 4149 2654 4206 est,
2677 4153 2732 4194 et
2752 4155 2871 4212 qua
2895 4141 3158 4197 amissio?
3187 4142 3261 4197 De
3281 4146 3396 4212 lpsa
3419 4145 3722 4215 eademque
3750 4147 3864 4200 aui-

2299 4247 2383 4285 tna
2421 4232 2510 4300 qui
2541 4234 2858 4304 martyrium
2889 4236 3116 4304 patitur,
3173 4235 3316 4290 tollit
3372 4235 3708 4304 hominibus,
3761 4240 3864 4294 Deo

2297 4334 2477 4378 autem
2512 4324 2734 4378 invenit.
2768 4325 2873 4392 Qui
2912 4327 3198 4394 perdiderit
3223 4327 3453 4380 animum
3484 4344 3635 4382 satam
3657 4344 3866 4399 propter

2299 4432 2404 4482 me,
2460 4417 2685 4471 inveniet
2730 4435 2846 4472 eam
2874 4419 2938 4473 ⁸⁸.
2999 4419 3454 4488 Interpretatione
3511 4435 3619 4476 non
3662 4422 3864 4494 indiget

2303 4523 2522 4575 sermo;
2553 4509 2642 4577 qui
2665 4508 2936 4566 desiderat
2961 4510 3073 4578 jam
3106 4511 3331 4565 audivit.
3371 4511 3481 4582 Ego
3506 4523 3690 4568 autem
3716 4529 3863 4569 com-

2302 4601 2480 4669 patior
2513 4610 2710 4664 uestra:
2743 4612 2973 4668 naturae,
3009 4604 3102 4674 qui
3135 4603 3205 4658 ita
3242 4619 3429 4659 sumus
3459 4605 3640 4675 egi-ni,
3675 4617 3859 4662 utnon

2302 4679 2576 4761 possimus
2602 4693 2834 4750 invicem
2871 4705 3061 4751 nostro
3093 4695 3278 4752 debito
3304 4699 3434 4752 dare
3473 4699 3696 4769 aliquid.
3726 4701 3859 4768 Quid

2303 4793 2482 4837 autem
2541 4794 2597 4839 et
2643 4800 2927 4854 possumus
2970 4786 3266 4842 retribuere
3311 4786 3529 4844 Christo
3582 4790 3857 4846 Domino?

2301 4875 2548 4927 Animam
2574 4890 2736 4945 quam
2774 4876 3000 4942 creavit,
3033 4893 3229 4947 corpus
3254 4880 3398 4948 quod
3453 4879 3735 4950 figuravit,
3767 4898 3859 4953 pu-

2304 4967 2541 5021 dicitiam
2580 4982 2674 5036 per
2702 4985 2865 5039 quant
2910 4970 3230 5026 beneficium
3279 4971 3488 5039 tribuit,
3541 4976 3860 5046 martyrium

2304 5074 2401 5128 per
2430 5061 2569 5128 quod
2593 5061 2915 5127 sanctificat,
2951 5061 3220 5130 justitiam
3268 5080 3363 5133 per
3410 5080 3574 5134 quam
3613 5066 3856 5123 honorat.

2300 5152 2430 5221 Quae
2456 5154 2698 5209 videmur
2719 5158 2768 5210 ei
2791 5158 3036 5223 reddere,
3065 5160 3236 5228 magis
3253 5161 3570 5227 accipimus.
3598 5164 3858 5220 Adveuiat

2301 5245 2462 5317 igitur
2485 5246 2696 5304 flamma
2714 5253 2778 5304 ad
2805 5251 3085 5314 medullas,
3109 5259 3351 5322 penetret
3367 5253 3506 5324 ignis
3530 5257 3601 5310 ad
3628 5258 3853 5322 viscera,

2297 5347 2350 5392 et
2375 5339 2700 5394 accendatur
2715 5342 2896 5394 anima
2915 5342 2980 5395 ad
3000 5341 3339 5410 martyrium,
3355 5342 3421 5396 ad
3437 5341 3856 5414 confessionem,

2299 5428 2366 5482 ad
2393 5430 2730 5499 pudicitiam,
2763 5437 2829 5487 ad
2854 5432 3142 5500 justitiam,
3186 5433 3253 5486 ad
3288 5434 3745 5500 misericordiam,
3787 5438 3848 5493 ad

2295 5523 2498 5592 jejunia
2530 5539 2545 5588 ;
2589 5535 2646 5579 ut
2675 5536 2728 5580 et
2761 5525 3004 5581 diabolus
3028 5538 3328 5595 superetur,
3356 5536 3412 5580 et
3457 5525 3732 5585 daemones
3761 5532 3845 5583 de-

2680 5620 2722 5650 "
2753 5620 2881 5673 ibid.

851 5694 1005 5788 life:
1021 5697 1295 5788 [fortinqu
1324 5701 1400 5759 tui
1431 5711 1660 5773 propter,
1695 5711 1798 5761 etc.
1835 5703 2054 5762 Videtur
2089 5707 2224 5764 verti
2261 5710 2510 5768 debuisse
2560 5710 2722 5780 Ecce,
2767 5710 3009 5782 Domine,
3040 5723 3246 5783 propter
3302 5722 3372 5777 te.
3405 5725 3539 5782 etc.,
3590 5718 3732 5788 quod
3772 5724 3839 5771 esi

640 5765 681 5818 C
693 5778 824 5818 mre
851 5766 876 5817 ἱ
893 5781 932 5817 ιε
941 5783 1007 5818 κα
1036 5767 1147 5821 σοῦ.
