4048 6322
181 377 316 431 1181

180 501 494 560 struantur,
533 502 589 550 et
628 494 791 549 homo
816 508 915 565 pro
947 494 1169 551 Christo
1202 492 1481 558 salvetur;
1523 504 1578 549 et
1628 510 1771 549 scm-

180 604 286 655 per
311 590 521 660 gratias
550 596 675 660 agat
707 587 818 643 Deo
845 588 992 643 Patri
1029 604 1125 660 per
1154 588 1501 658 unigenitum
1548 587 1665 656 ejus
1687 586 1778 641 Fi-

181 677 342 745 lium,
371 691 467 749 per
494 692 655 749 quem
682 688 765 735 est
794 680 843 735 ei
867 679 1061 749 gloria,
1085 679 1280 745 honor,
1315 680 1621 748 imperium,
1652 695 1772 735 ma-
1834 756 1835 759 η

1535 374 1602 430 ΙΝ
1639 374 1898 431 MATTH.
1946 376 2010 441 Χ,
2051 377 2143 432 27.

3337 379 3475 433 “8!

1898 497 2084 567 Iesus,
2113 512 2233 552 cum
2270 496 2472 568 Spiritu
2503 508 2713 563 sancto,
2744 507 2799 553 et
2837 513 3005 565 nunc,
3038 507 3093 556 et
3127 512 3366 571 semper,
3422 510 3474 555 et

1887 604 1985 659 per
2016 591 2197 644 omnia
2228 590 2426 645 saecula
2454 590 2799 646 saeculorum.
2825 592 3022 647 Amen.

1168 980 1729 1097 EUSEBII
1813 981 2500 1094 PAMPHILI

744 1225 890 1312 DE
964 1217 1550 1312 MANDATO
1631 1217 2143 1341 DOMINI,
2220 1217 2558 1325 QUOD
2632 1218 2918 1309 AIT:

936 1409 1123 1485 Quod
1163 1410 1305 1473 dico
1352 1408 1530 1471 vobis
1572 1408 1641 1469 in
1677 1425 1867 1481 aure,
1911 1424 2109 1486 supra
2152 1417 2316 1471 tecta
2350 1409 2733 1489 pmdicate,

1492 1572 1729 1633 LIBER
1773 1571 2191 1635 SEPTIMUS.

267 1898 446 1955 Verba
478 1898 593 1953 hzec
625 1913 745 1969 qua
774 1897 911 1953 lecta
936 1905 1089 1961 sunt,
1126 1896 1343 1951 Domini
1371 1906 1643 1968 martyres
1665 1911 1792 1963 pro-
1826 1900 1868 1958 Β
1904 1898 2019 1967 ipse
2054 1900 2275 1968 quidem
2307 1909 2616 1970 Opportune
2645 1910 2808 1968 tacet,
2832 1900 3112 1971 discipulis
3135 1912 3317 1958 autem
3338 1902 3487 1976 loqui

192 1995 478 2050 duxerunt
512 1996 579 2048 ad
619 1995 971 2064 passionem;
1036 2008 1135 2063 per
1177 1994 1276 2049 hos
1326 1993 1469 2048 enim
1504 2005 1787 2047 sermones

193 2086 477 2143 ﬂammam
516 2088 570 2141 in
610 2103 799 2142 eorum
856 2086 1175 2157 praecordiis
1227 2086 1620 2139 accenderunt.
1684 2084 1787 2139 Per

203 2181 371 2236 Istam
396 2180 697 2235 doctrinam
722 2179 896 2233 erexit
952 2194 1066 2244 eos,
1100 2189 1159 2233 ut
1204 2187 1619 2234 contemnerent
1653 2192 1793 2247 pne-

201 2271 407 2336 sentia,
438 2280 822 2340 exspectarent
854 2280 1031 2325 autem
1052 2269 1254 2325 futura.
1278 2269 1382 2324 Per
1422 2270 1579 2325 istam
1611 2270 1794 2347 erudi-

196 2366 408 2418 tionem
433 2364 667 2419 armavit
695 2378 790 2419 eos
815 2364 883 2419 ad
909 2374 1163 2419 mortem.
1190 2361 1372 2419 Utitur
1397 2372 1583 2419 autem
1609 2374 1663 2417 et
1687 2362 1792 2417 hoc

205 2454 408 2510 ordine
435 2469 662 2511 servans
678 2454 948 2509 otiicium:
982 2453 1239 2523 praecedit
1265 2463 1445 2507 autem
1484 2452 1791 2521 passionem

200 2557 513 2620 martyrum
550 2546 852 2603 constantia
879 2562 895 2601 :
925 2547 1016 2616 qui
1054 2546 1200 2601 enim
1229 2560 1337 2599 non
1380 2545 1663 2615 praedicat,
1691 2559 1794 2599 nec

200 2641 524 2707 tenebitur;
561 2641 651 2711 qui
681 2658 787 2695 non
813 2656 940 2695 cum
975 2640 1169 2694 iiducia
1203 2638 1364 2694 fuerit
1410 2639 1646 2702 locutus,
1692 2652 1795 2693 nec

203 2734 469 2798 tristabit,
495 2734 590 2789 sed
626 2734 880 2801 prmcedit
907 2732 1236 2788 constantia
1270 2732 1603 2800 passionem.
1656 2729 1793 2784 Cum

200 2824 356 2880 enim
381 2824 559 2878 anima
590 2822 658 2877 de
684 2822 921 2877 adventu
981 2820 1075 2876 Dei
1131 2831 1217 2876 sat
1271 2820 1563 2887 habuerit,
1616 2819 1797 2873 aderit

203 2916 357 2974 enim
388 2915 980 2983 Densinanima,qua:
1030 2914 1160 2968 dum
1188 2913 1368 2979 capiet
1418 2913 1628 2977 omnia,
1687 2926 1794 2967 non

202 3016 394 3078 potest
421 3006 752 3062 desiderium
778 3015 959 3062 tacere
992 3021 1172 3073 suum,
1204 3006 1298 3061 sed
1328 3006 1493 3061 sentit
1516 3004 1663 3075 quod
1693 3004 1794 3058 ha-

203 3101 325 3165 bet,
354 3100 607 3171 quodque
662 3113 770 3152 non
803 3097 989 3159 habet,
1037 3097 1130 3168 qui
1173 3111 1296 3152 sese
1335 3096 1737 3151 fraudaverunt
1765 3109 1795 3148 a

208 3194 381 3250 bono.
406 3191 497 3247 Ille
528 3201 715 3246 autem
734 3190 826 3261 qui
852 3199 1066 3244 amator
1096 3188 1188 3245 Dei
1214 3199 1298 3244 est
1345 3190 1693 3251 constitutus,
1743 3193 1799 3241 et

210 3283 612 3339 humanitatem
645 3288 849 3343 servat,
882 3279 1063 3333 statim
1088 3290 1311 3349 propter
1356 3277 1525 3333 Deum
1574 3275 1795 3347 quidem

206 3374 454 3438 letatur,
476 3382 699 3443 propter
722 3371 1112 3426 humanitatem
1142 3379 1323 3424 autem
1352 3384 1458 3424 non
1484 3378 1628 3423 tacet
1660 3385 1674 3423 :
1702 3368 1800 3425 bo-

208 3467 391 3524 rnines
424 3475 605 3522 autem
622 3465 943 3520 beneﬁcium
970 3478 1077 3519 non
1102 3463 1362 3529 ferentes,
1389 3462 1640 3534 ignorant
1671 3463 1800 3533 quis

210 3561 487 3616 inhabitat
533 3560 587 3613 in
634 3559 912 3627 loquente,
974 3571 1083 3611 non
1118 3554 1304 3612 ferunt
1351 3571 1485 3612 sane
1529 3572 1633 3611 nec.
1659 3571 1796 3612 con-

209 3653 493 3709 stantiam.
523 3650 631 3707 Sed
654 3652 795 3706 sicut
823 3646 994 3704 Judazi
1023 3649 1300 3720 Stephano
1324 3649 1501 3718 primo
1529 3649 1673 3704 inter
1697 3648 1797 3704 ho-

212 3746 394 3800 mines
416 3753 658 3814 martyre
684 3740 885 3797 Christi
918 3740 1174 3811 loquente
1197 3742 1592 3796 obstruxerunt
1630 3755 1795 3797 aures

215 3851 371 3901 suas,
395 3849 462 3890 ne
492 3834 868 3904 ingrederetur
899 3834 1080 3899 Deus;
1134 3832 1207 3888 ita
1236 3842 1291 3888 et
1326 3833 1574 3888 nonnulli
1616 3833 1796 3888 homi-

213 3945 352 3984 num
377 3946 391 3983 :
420 3929 549 3999 quia
574 3927 719 3983 enim
745 3928 1053 3983 constantia
1117 3926 1394 3982 antecedit
1444 3927 1753 3998 passionem
1783 3968 1800 3994 ,

216 4022 367 4079 unde
394 4022 618 4077 deberet
646 4020 809 4077 istinc
835 4029 892 4075 et
929 4020 1122 4091 incipit
1173 4021 1455 4085 Dominus,
1480 4020 1572 4087 qui
1604 4020 1807 4091 produ-

214 4117 298 4171 cit
328 4124 599 4187 martyres
622 4115 688 4169 ad
720 4116 1047 4184 passionem.
1094 4113 1237 4169 Dicit
1266 4114 1411 4168 enim
1438 4131 1452 4168 :
1480 4113 1635 4199 Quod
1684 4114 1803 4168 dico

218 4208 367 4263 vobis
388 4208 441 4261 in
469 4207 723 4270 tenebris,
757 4208 815 4261 in
850 4207 1051 4261 lumine
1078 4207 1239 4259 dicite
1262 4246 1277 4269 ,
1315 4215 1360 4259 et
1408 4206 1547 4275 quod
1591 4208 1645 4260 in
1677 4222 1806 4260 aure

220 4300 477 4366 audistis,
502 4302 559 4355 iu
594 4303 741 4355 tectis
766 4303 1052 4371 prtedicute
1084 4302 1148 4357 ¹⁸.
1203 4302 1481 4356 Assnmile
1509 4343 1525 4369 ,
1586 4302 1805 4372 inquit,

216 4395 610 4459 constantiam,
632 4402 829 4447 exeant
848 4392 1014 4447 verba
1040 4405 1221 4448 vestra
1250 4408 1422 4461 usque
1451 4393 1518 4447 ad
1542 4394 1805 4451 terminos

217 4494 383 4541 terra
409 4503 425 4538 :
460 4500 528 4540 ne
564 4486 788 4541 taceatis
820 4486 871 4540 id
903 4486 969 4541 de
998 4500 1105 4556 quo
1136 4486 1234 4556 ipsi
1258 4484 1397 4543 certi
1421 4487 1556 4543 estis
1585 4486 1800 4543 effecti:

1893 2004 1957 2045 ea
1989 2000 2049 2045 et
2075 1990 2319 2046 clamare
2346 1992 2643 2061 praecepit;
2675 2007 2784 2047 non
2839 1993 3039 2057 timens
3088 1994 3326 2065 quippe;
3386 1997 3489 2054 hoc

1894 2082 2046 2137 enim
2084 2082 2453 2153 ignorantium
2488 2083 2771 2139 hominum
2809 2092 2891 2140 est
2919 2086 3241 2155 dignitatem
3267 2088 3484 2144 Domini

1892 2173 2017 2230 Jesu
2043 2213 2060 2240 ,
2102 2174 2198 2229 sed
2227 2176 2570 2245 dispensans,
2593 2185 2651 2229 ut
2678 2176 2795 2245 ipse
2824 2176 3041 2247 quidem
3072 2187 3251 2234 taceat
3280 2180 3333 2234 in
3353 2189 3490 2235 tem-

1896 2282 2051 2337 pore,
2089 2266 2347 2337 loquatur
2379 2278 2561 2322 autem
2591 2268 2643 2323 in
2672 2278 2939 2339 tempore.
2977 2267 3167 2339 Neque
3190 2270 3338 2326 enim
3390 2286 3490 2342 per

1894 2357 2077 2413 omnia
2105 2362 2273 2412 tacuit
2307 2358 2612 2424 Dominus;
2648 2375 2716 2414 ne
2738 2368 3064 2428 putarentur
3090 2361 3264 2418 aliena
3297 2362 3482 2432 aliqua

1907 2465 1938 2504 a
1962 2464 2023 2504 se
2055 2449 2267 2505 discere
2299 2450 2550 2520 discipuli
2579 2465 2594 2515 ;
2629 2465 2806 2520 neque
2852 2467 3073 2523 semper
3115 2452 3330 2512 locutus
3374 2466 3484 2525 est,

1896 2554 1965 2595 ne
1992 2550 2276 2610 putaretur
2305 2543 2448 2612 quod
2493 2542 2563 2598 de
2616 2557 2675 2598 se
2722 2544 2839 2613 ipse
2866 2552 3114 2600 testatur.
3167 2544 3307 2613 Quid
3339 2548 3490 2606 enim

1902 2640 2024 2689 erat
2055 2647 2279 2688 necesse
2306 2645 2360 2689 et
2388 2632 2599 2689 Joanne
2629 2637 3019 2705 praecursore?
3060 2636 3176 2709 Ego
3203 2680 3220 2707 ,
3270 2640 3446 2709 inquit
3470 2678 3490 2706 ,

1898 2742 2002 2779 non
2032 2725 2095 2780 ab
2130 2725 2339 2781 homine
2378 2727 2583 2795 accipio
2634 2729 3001 2793 testimonium
3028 2746 3229 2796 meum,
3258 2734 3349 2787 sed
3385 2732 3492 2789 Ita-

1897 2820 1988 2874 beo
2010 2820 2369 2874 testimonium
2392 2820 2567 2891 majus
2592 2838 2623 2875 a
2640 2820 2853 2877 Joanne
2883 2823 2947 2878 ¹⁶.
2967 2820 3085 2878 Non
3114 2826 3259 2879 enim
3282 2840 3490 2896 quaero,

1897 2912 2094 2982 inquit,
2124 2913 2583 2981 quemadmodum
2616 2928 2718 2984 ego
2746 2915 3012 2979 suadear,
3061 2915 3158 2970 sed
3215 2916 3493 2985 quomodo

1896 3020 1995 3059 vos
2027 3021 2132 3059 non
2164 3005 2288 3060 sitis
2315 3004 2595 3076 religiosi;
2633 3007 2906 3076 siquidem
2960 3022 3068 3062 nou
3128 3007 3353 3064 lucerna
3397 3009 3493 3066 de-

1899 3096 1991 3151 bet
2021 3095 2210 3149 testari
2246 3095 2312 3151 de
2348 3095 2483 3161 sole,
2514 3096 2608 3151 sed
2638 3096 2716 3150 sol
2742 3095 2964 3153 iirmare
2991 3097 3293 3155 lucernam.
3327 3099 3395 3156 Et
3422 3114 3494 3157 ne

1907 3187 2030 3257 quis
2060 3187 2306 3253 miretur,
2340 3198 2501 3257 putas
2557 3188 2903 3246 obscuriores
2933 3190 3073 3247 eﬂici
3128 3192 3379 3249 lucernas
3422 3210 3494 3249 ex

1903 3278 2135 3332 adventu
2161 3278 2338 3334 solis?
2366 3276 2486 3334 Non
2516 3279 2664 3334 enim
2694 3282 2838 3351 quod
2862 3291 3119 3353 putamus
3148 3283 3251 3339 hoc
3277 3295 3331 3340 et
3366 3299 3495 3355 pro-

1902 3371 2072 3435 venit,
2106 3370 2201 3427 sed
2234 3373 2337 3427 hoc
2366 3371 2509 3441 quod
2540 3386 2649 3427 non
2685 3371 2964 3428 intuemur
2996 3384 3262 3444 superat:
3310 3375 3493 3432 lumen

1901 3463 2051 3517 enim
2091 3462 2325 3518 minusa
2353 3462 2546 3531 majori
2596 3463 2822 3531 lumine,
2857 3480 2965 3519 non
3015 3469 3195 3523 minus
3242 3468 3496 3525 dulcibus

1904 3555 2209 3609 immissum
2241 3554 2439 3609 minuit
2477 3555 2823 3613 dulcedinem
2860 3573 3097 3614 eorum:
3145 3573 3323 3630 neque
3364 3576 3493 3616 cum

1903 3646 2073 3703 Stella:
2111 3660 2218 3700 non
2247 3655 2459 3716 parent,
2487 3656 2744 3718 tanquam
2768 3650 3075 3705 obscurata:
3106 3666 3137 3705 a
3164 3649 3369 3705 lumine
3386 3665 3496 3708 non

1905 3739 2197 3805 videntur;
2244 3738 2341 3795 sed
2374 3741 2426 3793 in
2465 3738 2659 3809 pelago
2685 3740 2910 3797 luminis
2956 3743 3165 3813 positae,
3202 3743 3498 3799 discretio-

1904 3844 2028 3885 nem
2052 3844 2158 3885 non
2183 3831 2443 3901 prtebent.
2468 3831 2587 3888 Non
2623 3833 2903 3904 indigebat
2952 3834 3119 3906 igitur
3145 3834 3227 3891 sol
3263 3835 3496 3905 justiti:

1906 3925 2126 3980 lucerna
2158 3928 2226 3981 ad
2266 3926 2673 3994 testimonium;
2726 3928 2859 3983 dicit
2879 3930 3024 3984 enim
3063 3927 3346 3985 Joannes:
3382 3927 3499 3999 Ego

1907 4037 1938 4073 a
1964 4030 2015 4075 te
2042 4019 2212 4073 debeo
2242 4018 2507 4090 baptizari
2524 4036 2544 4086 ;
2571 4021 2664 4075 sed
2696 4021 2976 4089 indigebat
3018 4022 3240 4093 quidem
3273 4022 3365 4078 ille
3403 4024 3499 4094 qui

1907 4111 2129 4167 lucerna
2159 4121 2279 4167 erat
2303 4114 2501 4168 ardens
2532 4131 2546 4167 :
2598 4112 2823 4169 lucerna
2873 4116 3179 4171 immissum
3211 4116 3378 4171 habet
3413 4114 3501 4170 lu-

1909 4221 2065 4273 men;
2099 4222 2205 4261 non
2239 4215 2416 4262 tamen
2445 4208 2513 4263 ab
2550 4207 2696 4261 intus
2738 4207 3084 4263 efﬁcientiam
3109 4210 3251 4265 sicut
3294 4208 3377 4265 sol
3426 4210 3495 4265 ".

1914 4298 2042 4363 Vos,
2082 4300 2279 4370 inquit,
2303 4301 2516 4357 modice
2545 4302 2794 4359 voluistis
2839 4302 3064 4375 gloriari
3089 4302 3143 4358 in
3176 4301 3385 4359 lumine
3410 4302 3501 4357 luc

1909 4402 2110 4455 cernae,
2136 4389 2290 4444 vobis
2318 4390 2540 4445 lucerna
2567 4401 2651 4448 est
2674 4392 2828 4449 utilis
2862 4411 2877 4449 :
2915 4392 2992 4447 illi
3024 4403 3206 4449 autem
3238 4394 3314 4449 ita
3342 4402 3502 4451 erant

1909 4481 2063 4546 caeci,
2092 4492 2150 4536 ut
2172 4496 2241 4537 ne
2271 4482 2489 4554 quidem
2509 4483 2743 4539 lucerna:
2773 4484 3018 4540 viderent
3041 4484 3209 4555 viam,
3233 4501 3412 4558 neque
3441 4486 3499 4543 in

218 4574 395 4631 nolite
444 4576 779 4632 abscondere
835 4578 1136 4643 talentum;
1194 4578 1394 4633 mittite
1438 4581 1699 4649 pecunias
1750 4580 1799 4635 in

1912 4572 2119 4629 lumine
2174 4575 2515 4631 ambularent
2563 4587 2713 4634 recte
2738 4578 2827 4633 “:
2880 4580 3035 4647 Quod
3099 4580 3218 4635 dico
3246 4580 3391 4636 vobis
3440 4581 3499 4636 in

222 4669 433 4725 mensis
462 4686 476 4723 ε
511 4669 726 4740 exigam
759 4670 904 4726 enim
941 4684 1059 4725 mea
1091 4670 1156 4723 ad
1182 4670 1417 4725 salutem
1459 4670 1678 4727 illorum
1713 4670 1805 4740 qui

220 4758 434 4815 fuerint
460 4758 691 4826 operati.
727 4757 833 4814 Sed
860 4758 1005 4813 dicet
1033 4759 1155 4828 quis
1187 4774 1203 4813 :
1232 4758 1276 4813 si
1303 4758 1501 4813 bonum
1526 4767 1611 4814 est
1640 4758 1693 4813 in
1729 4757 1811 4811 lu-

226 4852 381 4907 mine
404 4850 610 4916 dicere,
646 4865 743 4905 cur
772 4851 887 4920 ipse
918 4850 970 4904 in
1006 4850 1249 4905 tenebris
1282 4858 1366 4905 est
1386 4850 1636 4905 locutus?
1686 4857 1743 4904 et
1762 4849 1808 4904 si

222 4951 431 5007 bonum
455 4960 539 5005 est
560 4965 725 5021 supra
756 4959 895 5005 tecta
942 4950 1258 5019 praedicare,
1301 4965 1400 5003 cur
1431 4950 1543 5019 ipse
1591 4950 1643 5002 in
1680 4964 1812 5005 aure

224 5046 445 5100 locutus
469 5043 596 5099 est?
619 5042 675 5098 Si
698 5044 842 5097 enim
866 5044 981 5112 ipse
1006 5044 1071 5097 de
1096 5044 1391 5113 semetipso
1411 5043 1592 5098 dicere
1614 5044 1801 5097 frau...

225 5141 278 5193 is
308 5137 496 5206 utique
525 5134 639 5207 (86)
667 5150 787 5205 quae
817 5134 931 5203 jam
956 5136 1143 5190 dixere
1166 5136 1362 5198 induti,
1399 5133 1477 5190 Tu
1523 5137 1586 5191 de
1622 5146 1807 5192 temet-

224 5234 345 5299 ipso
366 5230 688 5299 testiﬁcaris,
709 5238 758 5283 et
780 5230 1132 5283 testimonium
1151 5240 1298 5284 tuum
1326 5246 1428 5284 non
1451 5238 1523 5285 est
1548 5246 1723 5284 verum
1744 5230 1809 5283 ".

226 5322 311 5379 Ne
334 5324 497 5394 igitur
527 5324 641 5392 ipse
682 5322 960 5376 videretur
990 5322 1247 5375 honorem
1281 5322 1382 5376 sibi
1417 5321 1705 5376 vendicare
1755 5330 1813 5376 et

227 5430 341 5470 non
372 5415 621 5471 veritatis
652 5427 814 5469 causa
851 5413 998 5482 loqui
1023 5454 1037 5473 .
1082 5424 1139 5468 et
1173 5428 1239 5467 ne
1292 5413 1654 5481 prtevenirent
1699 5423 1811 5467 sta-

228 5515 402 5563 tutam
426 5522 457 5562 a
488 5505 651 5563 Patre
670 5506 975 5577 passionem
998 5504 1167 5561 Judaei
1197 5506 1288 5577 qui
1314 5507 1493 5561 omnia
1513 5506 1808 5572 suutausi;

1914 4667 2163 4729 tenebris,
2197 4667 2355 4722 dicite
2404 4672 2460 4723 in
2502 4670 2741 4736 lumine;
2774 4671 2879 4727 hoc
2919 4680 3025 4738 est,
3077 4671 3346 4728 absconsa
3378 4687 3503 4741 qua

1912 4761 2167 4814 dicuntur
2198 4760 2431 4815 clamate
2462 4779 2477 4815 :
2517 4760 2585 4815 Et
2615 4764 2828 4832 quodin
2858 4780 2988 4818 aure
3021 4766 3269 4829 audistis,
3305 4766 3504 4834 praedi-

1916 4867 2031 4908 cate
2060 4856 2115 4908 in
2138 4856 2331 4920 tectis;
2371 4858 2636 4912 assumite
2674 4858 2998 4912 constantiae
3032 4858 3306 4913 ﬁduciam.
3333 4859 3505 4914 Assu-

1931 4960 2144 4999 mamus
2174 4956 2228 5000 et
2260 4962 2358 5000 nos
2386 4948 2772 5002 constantiam.
2804 4948 2910 5002 Sed
2962 4949 3091 5018 quid
3136 4957 3220 5003 est
3244 4949 3387 5017 quod
3421 4948 3505 5004 in-

1917 5036 2207 5107 sequitur?
2266 5036 2548 5093 Timemus
2576 5037 2641 5093 ad
2680 5037 3060 5106 insequentem
3112 5038 3505 5108 suspicionem.

1918 5130 2025 5185 Sed
2064 5131 2141 5184 ait
2185 5130 2445 5184 Dominus
2473 5172 2489 5197 ,
2531 5128 2715 5185 Nolite
2760 5130 2945 5184 timere
2980 5128 3047 5184 “.
3084 5128 3199 5183 Non
3233 5129 3398 5200 igitur
3442 5128 3506 5184 ti-

1920 5238 2165 5278 meamus
2187 5238 2313 5277 cum
2348 5222 2709 5277 interficimur
2742 5240 2757 5276 :
2786 5223 2900 5293 ipse
2933 5224 3077 5278 enim
3130 5221 3392 5276 Dominus
3419 5221 3505 5275 di-

1919 5315 1995 5369 cit
2034 5335 2046 5369 :
2086 5312 2274 5368 Nolite
2301 5314 2485 5367 timere
2513 5330 2599 5369 eos
2625 5315 2717 5385 qui
2743 5314 2985 5369 occidunt
3018 5330 3230 5384 corpus,
3271 5317 3507 5369 animum

1918 5419 2092 5462 autem
2112 5425 2215 5463 non
2236 5418 2454 5477 possunt
2477 5410 2711 5465 occidere
2728 5411 2796 5465 ¹¹.
2819 5409 3010 5465 Divisit
3037 5411 3319 5473 timorem;
3340 5417 3396 5464 et
3421 5412 3507 5464 bo-

1922 5504 2157 5558 minihus
2186 5504 2405 5574 quidem
2434 5503 2584 5559 dedit
2604 5512 2928 5575 potestatem
2962 5504 3248 5559 adversum
3286 5517 3506 5573 corpus,

302 5623 350 5655 ⁸⁶
378 5622 567 5679 Matth.
603 5640 658 5690 ι,
688 5623 778 5678 27.
841 5624 883 5654 ’⁷
909 5620 1067 5678 Joan.
1102 5638 1220 5694 vni,
1245 5624 1332 5681 i3.
1395 5625 1435 5656 "
1469 5622 1622 5681 Joan.
1651 5639 1705 5693 v,
1734 5621 1799 5680 3i

1906 5622 1939 5677 ἲ.
1988 5621 2028 5654 "
2056 5621 2244 5678 Matth.
2287 5637 2373 5691 III,
2408 5620 2492 5678 14.
2543 5620 2588 5653 ⁸⁸
2622 5618 2776 5678 Joan.
2798 5619 2961 5689 v.35.
3035 5622 3077 5653 "
3110 5618 3300 5677 “sub.
3330 5635 3384 5689 ι,
3413 5617 3505 5674 υ.

232 5695 284 5727 ³⁸
327 5694 459 5749 ibid.
493 5694 587 5750 28.

306 5812 422 5887 (86)
448 5814 548 5872 Is.
578 5817 727 5884 fraus
750 5826 877 5873 esset
914 5818 1111 5886 utique.
