4048 6322
1279 347 1547 406 ευεῑβιι
1585 347 2065 407 CESARIENSIS
2103 345 2180 405 01⁵

2295 347 2478 406 PARS
2516 348 2606 406 IV.
2645 380 2713 392 —
2751 348 3174 408 DOGIIATICA.

3719 353 3856 409 HM

613 467 809 525 asbent
839 472 1024 524 enim:
1075 468 1186 534 D90
1236 479 1416 524 autem
1467 469 1751 538 conjunxit
1778 471 2057 536 virtutem,
2105 470 2174 525 tl-
2201 473 2250 532 Δ
2279 485 2488 539 passer,
2522 483 2584 528 ut
2618 474 2760 543 quod
2803 472 2984 528 minus
3024 481 3144 537 est,
3191 488 3256 529 ex
3293 475 3472 545 pretio
3517 475 3853 532 ostendenh

612 574 763 616 more
808 559 1052 624 timorem
1073 559 1321 631 ejiciens,
1357 571 1415 618 et
1445 561 1636 630 majori
1670 571 1816 618 metu
1866 562 2013 633 quod
2056 571 2174 619 erat

610 654 786 710 minus
817 656 1164 725 repercussit.
1197 655 1254 709 Si
1284 656 1456 722 enim,
1490 655 1685 722 inquit,
1718 655 1908 710 umore
1933 662 2173 727 oportet,

609 759 713 800 non
749 745 1059 812 hominem;
1087 744 1261 813 major
1287 747 1432 801 enim
1459 757 1544 802 est
1568 745 1710 802 Deus
1743 763 1758 800 :
1803 746 1900 801 sed
1956 759 2174 815 paruam

608 835 798 890 mortis
819 834 1103 890 advenam
1133 851 1334 907 corpus
1387 838 1547 893 times
1577 855 1592 894 :
1632 836 1832 892 Timete
1857 839 2050 910 magis,
2090 839 2175 894 in-

607 927 746 998 quit,
784 942 904 981 euut
929 928 1022 996 qui
1053 938 1220 997 potest
1245 939 1295 983 et
1324 931 1555 984 animum
1578 940 1626 984 et
1652 946 1841 999 corpus
1871 933 2088 1000 perdere
2118 931 2177 989 in

608 1018 896 1090 gehennam
931 1019 1015 1072 "z
1067 1021 1378 1077 hominibus
1405 1023 1549 1077 enim
1595 1033 1834 1094 potestas
1883 1024 2173 1081 adversum

607 1125 827 1181 corpus,
861 1121 913 1164 et
942 1112 1044 1167 hoc
1067 1113 1252 1178 semel,
1282 1122 1364 1169 est
1396 1115 1516 1169 data
1543 1128 1559 1168 :
1591 1114 1699 1171 Deo
1721 1127 1901 1172 autem
1939 1127 2176 1186 potestas

606 1211 692 1256 est
716 1212 770 1255 et
796 1203 1082 1258 advenam
1113 1219 1308 1274 corpus
1333 1205 1474 1275 quod
1501 1206 1772 1278 ﬁguravit,
1804 1217 1860 1263 et
1886 1208 2174 1267 adversum

608 1293 846 1347 animam
881 1310 1043 1364 quam
1069 1297 1310 1361 creavit,
1344 1307 1401 1352 et
1443 1297 1670 1370 perdere
1699 1314 1804 1354 non
1831 1300 2171 1371 simpliciter,

607 1384 703 1439 sed
733 1385 786 1438 in
815 1386 1078 1454 gehenna.
1136 1386 1306 1455 Major
1345 1390 1489 1444 enim
1526 1390 1687 1445 tlmor
1739 1399 1824 1446 est
1873 1396 2132 1462 gebennz
2156 1433 2172 1458 ,

609 1490 772 1545 quam
805 1479 1010 1534 mortis.
1045 1479 1154 1535 Cur
1183 1481 1396 1549 major?
1433 1482 1558 1553 quia
1589 1484 1782 1553 duplex
1816 1494 1899 1540 est
1921 1487 2174 1556 perditio,

602 1566 804 1622 anima.-
838 1578 894 1623 et
926 1570 1168 1636 corporis
1197 1589 1209 1626 :
1242 1571 1472 1642 simplex
1497 1583 1677 1628 autem
1734 1584 1788 1630 et
1833 1576 2130 1643 corporalis
2156 1618 2172 1642 ,

609 1674 732 1729 qua:
763 1661 814 1714 in
844 1671 1014 1716 morte
1041 1661 1288 1718 habetur.
1317 1663 1503 1720 Prlm'o
1533 1667 1677 1722 enim
1708 1677 1766 1722 et
1814 1669 1860 1724 si
1903 1671 2176 1726 dividatur

611 1750 934 1818 periculum,
971 1762 1025 1807 et
1063 1754 1312 1811 homines
1338 1755 1556 1827 quidem
1595 1773 1822 1827 corpus,
1878 1760 2020 1817 Deus
2077 1778 2175 1816 su-

2277 557 2410 629 Quze
2447 562 2593 618 enim
2625 563 2863 633 pretiosa
2907 571 3075 630 sunt,
3105 563 3161 618 in
3199 563 3552 620 distractione
3597 580 3764 622 unum
3794 577 3853 623 et

2276 666 2445 706 unum
2483 652 2755 718 venditur,
2807 663 2865 710 et
2915 652 3181 723 ampliore
3230 654 3404 726 pretio
3447 671 3466 709 :
3510 668 3854 726 quacunque

2273 751 2454 798 autem
2486 743 2676 802 frivola
2704 755 2798 800 aut
2826 744 2941 816 (87)
2978 745 3124 801 olera
3158 746 3423 802 habentur
3449 786 3468 813 ,
3491 747 3661 802 multa
3692 747 3852 804 simul

2283 832 2490 888 assarlo
2518 835 2924 892 venundantur.
2959 833 3158 892 Veiens
3188 850 3317 908 ergo
3346 835 3569 893 frivolos
3598 853 3855 907 passeres

2275 924 2582 990 mandem,
2621 925 2865 991 Assario,
2895 929 3089 998 inquit,
3115 942 3222 983 uno
3241 929 3348 983 duo
3373 943 3626 1000 passeres
3652 929 3858 984 distra-

2279 1014 2505 1070 huntur.
2535 1017 2761 1088 Accepit
2788 1019 2931 1089 quod
2963 1029 3080 1074 erat
3110 1018 3414 1085 minimum,
3446 1031 3506 1074 ut
3537 1019 3856 1075 hortaretur

2279 1107 2496 1177 eosqui
2541 1107 2595 1163 in
2633 1107 2838 1164 honore
2879 1108 3213 1166 habebantur
3258 1128 3272 1165 :
3307 1107 3372 1164 Et
3413 1126 3551 1164 unus
3595 1125 3666 1165 ea:
3703 1111 3853 1180 ipsis,

2276 1201 2384 1265 ait,
2422 1217 2526 1256 non
2553 1201 2694 1256 cedit
2721 1201 2776 1256 in
2808 1211 3004 1256 terram
3033 1203 3148 1258 sine
3172 1201 3336 1257 Patre
3359 1211 3530 1257 sestro
3559 1201 3651 1272 qui
3677 1211 3757 1257 est
3797 1202 3854 1258 in

2278 1291 2420 1346 curiis
2444 1292 2513 1348 “.
2549 1291 2608 1347 Si
2641 1292 2805 1363 igitur
2831 1307 3084 1363 passeres
3117 1296 3209 1365 qui
3238 1309 3406 1365 parvo
3432 1295 3610 1365 pretio
3653 1293 3854 1350 distra-

2277 1384 2498 1448 huntur,
2539 1387 2765 1453 umbrae,
2811 1395 2869 1440 ut
2896 1385 2975 1440 ita
3012 1386 3210 1451 dicam,
3242 1397 3298 1442 et
3343 1401 3446 1442 nec
3492 1386 3620 1442 dum
3656 1400 3854 1442 carnea

2278 1491 2384 1531 non
2428 1477 2720 1548 capiuntur
2768 1493 2945 1548 neque
2981 1479 3342 1549 accipiuntur,
3394 1494 3501 1535 non
3555 1480 3699 1535 dixit
3731 1479 3853 1538 sine

2279 1567 2408 1631 Deo,
2432 1567 2525 1622 sed
2555 1566 2672 1623 siue
2693 1565 2854 1622 Patre
2882 1577 3085 1632 vestro,
3117 1569 3309 1638 inquit,
3342 1577 3399 1623 ut
3432 1570 3739 1640 propositio
3759 1585 3854 1641 pa-

2279 1666 2444 1712 ternas
2471 1657 2773 1713 dilectionis
2807 1658 3154 1728 protenderet
3187 1657 3583 1722 defensionem,
3613 1670 3674 1714 et
3695 1660 3852 1715 radi-

2278 1758 2430 1804 caret
2459 1749 2912 1805 adhortationem.
2953 1749 3028 1804 Ita
3070 1751 3210 1806 etin
3248 1750 3354 1806 alio
3386 1749 3506 1806 loco
3549 1751 3853 1807 adhortans

612 1845 718 1892 tem
751 1849 804 1894 et
833 1842 1108 1906 animam;
1140 1860 1314 1914 neque
1356 1821 1440 1901 iis
1487 1821 1712 1917 εφαιῑᾷ
1738 1821 1823 1907 egi
1861 1853 2043 1919 umor,
2077 1856 2172 1909 ,θαι
2211 1821 2250 1876 Β
2280 1839 2666 1911 frugalitatem,
2698 1852 2754 1896 et
2781 1842 3010 1911 cupiens
3044 1843 3346 1913 superﬂuas
3382 1843 3673 1899 sublevare
3701 1842 3851 1900 solli-

607 1940 871 1998 qaantum
910 1932 1091 1988 anima
1120 1934 1490 1993 honorabilior
1545 1949 1650 2007 est,
1689 1949 1896 1996 tantum
1952 1952 2010 1997 et
2059 1959 2175 1999 nia-

603 2018 691 2089 ]or
717 2021 879 2077 timor
911 2033 992 2078 est
1036 2039 1064 2077 a
1101 2025 1317 2084 timore.
1347 2027 1486 2095 Quia
1509 2029 1653 2086 enim
1709 2041 1765 2086 et
1816 2046 2034 2104 corpus.
2081 2036 2176 2088 ad-

609 2126 823 2168 versum
863 2116 1004 2185 quod
1037 2108 1281 2175 homines
1345 2121 1544 2176 habent
1598 2132 1919 2192 potestatem
1948 2166 1966 2190 ,
2025 2141 2176 2182 com-

608 2206 932 2272 prehensum
960 2215 1076 2276 est;
1102 2209 1282 2267 ethoc
1307 2212 1360 2267 in
1387 2213 1635 2270 manibus
1658 2213 1750 2268 Dei
1786 2227 1890 2280 est,
1920 2227 1974 2272 et
1997 2217 2176 2274 anima

607 2311 768 2366 quam
818 2298 1066 2356 homines
1109 2302 1323 2358 etiamsi
1369 2303 1563 2360 vellent
1605 2308 1858 2362 occidere
1897 2324 2002 2364 non
2049 2325 2176 2380 pos.

605 2397 747 2456 sent,
775 2399 830 2445 et
857 2401 1085 2462 utraque
1115 2393 1231 2448 hac
1262 2409 1368 2449 non
1390 2395 1458 2450 ad
1487 2407 1739 2464 mortem,
1763 2399 1857 2454 sed
1883 2400 1950 2454 ad
1971 2401 2176 2472 gehen-

609 2493 732 2534 nam
771 2481 1027 2538 dicuntur
1057 2485 1228 2542 abire.
1266 2485 1645 2558 luitiplicatus
1676 2490 1839 2560 igitur
1875 2492 2038 2549 timor
2057 2503 2178 2560 est,

606 2580 663 2626 et
696 2571 1040 2630 multitudine
1079 2583 1136 2631 et
1165 2579 1568 2648 magnitudine,
1604 2581 1727 2638 ideo
1762 2597 1892 2655 ergo
1918 2585 2080 2643 timor
2113 2588 2180 2642 ti-

605 2677 811 2718 morem
842 2666 1028 2721 vincit.
1062 2664 1167 2723 Sed
1199 2668 1349 2725 dices
1379 2686 1394 2726 :
1430 2670 1892 2738 Quemadmodum
1923 2678 2180 2748 possibile

604 2768 688 2815 est
711 2759 888 2829 perire
927 2762 1162 2818 animam
1190 2763 1242 2819 in
1286 2766 1574 2837 gehennai
1602 2769 1660 2825 Si
1689 2770 1832 2826 enim
1864 2773 2024 2842 perit,
2060 2788 2179 2828 cor-

606 2851 872 2923 rumpitur
911 2854 1028 2923 ejus
1064 2857 1460 2915 immortalitas.
1494 2860 1962 2930 Quemadmodum
1997 2876 2176 2921 autem

605 2950 661 2998 et
686 2945 918 3015 corpus?
947 2945 1002 3000 Si
1045 2948 1190 3003 enim
1221 2965 1430 3007 vermes
1459 2952 1569 3009 illic
1601 2963 1659 3009 et
1700 2956 1903 3012 stridor
1937 2955 2176 3012 dentium

609 3035 868 3102 habetur;
903 3053 1008 3093 non
1049 3039 1222 3096 solum
1272 3042 1450 3098 anima
1494 3045 1817 3104 immortalis
1863 3064 1969 3104 non
2015 3051 2177 3120 perit,

607 3127 702 3184 sed
740 3143 840 3184 nec
878 3145 1108 3200 corpus;
1149 3133 1389 3192 induitur
1429 3140 1572 3194 enim
1620 3142 2080 3199 immortalitatem
2123 3154 2178 3200 et
2204 3161 2247 3219 ς

607 3233 828 3289 corpus.
873 3220 931 3277 Si
967 3223 1082 3278 haec
1119 3225 1336 3295 quidem
1376 3241 1659 3298 quarunt,
1691 3233 1881 3289 intenti
1925 3249 2048 3289 esse
2085 3234 2178 3289 de-

611 3310 739 3366 bent
764 3311 831 3366 sd
862 3315 1126 3369 sermonis
1151 3315 1420 3378 virtutem.
1452 3318 1575 3388 quia
1605 3320 1747 3389 quod
1769 3335 1911 3377 nunc
1951 3323 2028 3376 ait
2059 3336 2179 3392 per-

610 3401 758 3467 dere,
788 3418 886 3473 pro
915 3420 980 3460 eo
1009 3415 1066 3460 ut
1093 3406 1238 3462 dicat
1260 3411 1474 3478 punire,
1507 3421 1785 3481 acceptum
1817 3423 1936 3479 est;
1964 3414 2010 3468 si
2035 3414 2177 3468 enim

609 3496 830 3564 periret,
882 3512 985 3550 non
1020 3507 1164 3553 esset
1214 3499 1268 3553 in
1312 3502 1578 3570 gehenna.
1617 3503 1876 3560 Gehenna
1913 3507 2058 3561 enim
2099 3508 2178 3560 vi-

609 3585 848 3639 ventium
879 3600 1036 3655 poena
1066 3597 1168 3653 est,
1194 3604 1298 3644 non
1339 3601 1516 3645 tamen
1549 3592 1893 3664 interemptio
1936 3595 2179 3665 perdito-

613 3688 752 3728 rum.
793 3673 926 3742 Quia
959 3677 1103 3730 enim
1144 3680 1501 3747 perditionem
1535 3682 1796 3739 timebant
1827 3685 1918 3754 qui
1950 3695 2178 3741 mortem

614 3763 888 3820 hominum
919 3768 1391 3838 pertimescebant,
1419 3773 1539 3828 ideo
1562 3774 1675 3843 ipso
1700 3776 1908 3830 timoris
1932 3791 2182 3833 sermone

615 3856 785 3914 utitur
817 3857 1092 3923 Dominus,
1128 3869 1183 3914 et
1225 3862 1400 3918 dicit:
1458 3863 1653 3918 Timete
1707 3875 1883 3920 autem
1932 3885 2045 3921 eum
2093 3870 2182 3938 qui

615 3953 783 4012 potest
818 3953 871 4000 et
910 3948 1142 4002 animam
1173 3961 1224 4003 et
1267 3967 1454 4021 corpus
1492 3954 1707 4018 perdere
1753 3956 1810 4010 in
1856 3957 2085 4026 geltenna
2113 3960 2180 4018 ".

616 4030 802 4102 Neque
821 4035 962 4088 enim
987 4039 1317 4093 convertitur
1337 4041 1512 4095 anima
1537 4045 1602 4096 ad
1625 4045 2001 4101 mortalitatem
2028 4063 2044 4114 ;
2067 4049 2185 4104 sine

617 4122 936 4192 paenitentia
970 4126 1114 4180 enim
1158 4138 1284 4184 sunt
1327 4129 1418 4185 Dei
1451 4133 1610 4190 dona.
1653 4132 1838 4206 Neque
1871 4137 2063 4193 iterum
2100 4154 2182 4195 re-

619 4217 972 4273 surrectionis
1009 4221 1367 4289 promissione
1416 4224 1748 4295 infringitur,
1787 4231 1882 4285 sed
1915 4231 2057 4286 sicut
2089 4246 2186 4302 per

616 4306 792 4382 Adam
811 4323 1002 4366 omnes
1025 4313 1311 4379 morimur,
1338 4315 1407 4368 ita
1431 4325 1486 4371 et
1511 4332 1604 4385 per
1627 4318 1910 4376 Dominum
1943 4333 2183 4379 nostrum

619 4398 892 4454 Christum
910 4416 1098 4458 omnes
1121 4405 1468 4476 resurgimus.
1487 4408 1836 4466 Communem
1861 4413 2002 4467 enim
2027 4414 2184 4469 istam

2279 1932 2569 1998 citudines,
2616 1931 2738 1987 ait:
2777 1932 2842 1988 Si
2878 1931 3056 2001 fenum
3099 1936 3218 2006 agri
3266 1935 3408 2006 quod
3453 1935 3611 1990 hodie
3653 1944 3758 2001 est,
3804 1946 3851 1991 et

2276 2023 2504 2078 crastino
2538 2024 2595 2078 in
2622 2023 2884 2078 clibanum
2914 2026 3160 2091 mittitur,
3187 2025 3327 2081 Dens
3353 2026 3427 2081 ita
3456 2029 3630 2092 vestit,
3654 2039 3854 2097 quanto

2276 2119 2444 2188 magis
2478 2133 2583 2186 eos,
2612 2117 2833 2173 modica
2853 2117 2977 2186 ﬁdei
2999 2118 3087 2173 υτ
3111 2117 3157 2173 Δ
3187 2118 3423 2174 minimis
3450 2119 3711 2175 admouet
3737 2133 3854 2187 eos,

2276 2211 2367 2280 qui
2401 2209 2609 2266 meliori
2637 2220 2766 2265 sunt
2794 2211 3057 2281 dignitate
3085 2223 3102 2264 :
3133 2210 3205 2283 ita
3237 2219 3295 2266 et
3321 2226 3468 2266 nunc
3495 2212 3625 2282 quia
3652 2211 3858 2270 nullius

2277 2302 2433 2372 pretii
2476 2311 2602 2359 sunt
2630 2316 2903 2373 passeres,
2951 2311 3216 2373 quantum
3268 2302 3336 2358 ad
3386 2303 3854 2374 comparationem

2277 2393 2592 2458 hominum;
2645 2407 2813 2463 parvo
2861 2401 3046 2448 autem
3090 2391 3300 2462 pretio,
3331 2401 3392 2448 ut
3439 2391 3643 2448 nullius
3697 2393 3855 2463 pretii

2275 2483 2682 2550 distrahuntur;
2726 2483 2948 2554 cupiens
2995 2497 3093 2537 nos
3121 2481 3414 2538 admonere
3439 2480 3727 2552 dignitatis
3756 2496 3856 2537 no-

2275 2583 2428 2634 stne,
2460 2574 3044 2643 produciteonstantes
3071 2573 3188 2628 ileri
3231 2572 3452 2629 debere.
3486 2572 3686 2628 None
3725 2575 3854 2640 duo,

2278 2666 2480 2735 inquit,
2524 2681 2757 2734 passeres
2798 2666 3005 2720 essurio
3045 2664 3439 2731 distrahantur,
3483 2674 3532 2719 et
3573 2680 3747 2719 unum
3791 2681 3855 2721 ea

2277 2759 2403 2827 ipsis
2423 2798 2438 2822 ,
2468 2773 2573 2812 non
2609 2760 2714 2813 duo
2743 2757 2927 2825 simul,
2960 2756 3057 2813 sed
3081 2772 3247 2812 unum
3275 2771 3343 2811 ex
3377 2756 3536 2826 ipsis,
3565 2773 3672 2811 non
3709 2757 3853 2812 cedit

2279 2851 2334 2902 in
2367 2849 2604 2905 terrain?
2629 2847 2858 2919 Propter
2885 2848 3121 2903 volatum
3158 2848 3256 2913 ait,
3283 2863 3382 2917 pro
3412 2861 3479 2904 eo
3522 2857 3584 2902 ut
3623 2847 3852 2913 diceret,

2280 2959 2384 2998 non
2417 2943 2659 3012 capietur
2712 2945 2829 2997 sine
2878 2940 3041 2995 Patre
3078 2950 3280 2996 vestro.
3317 2939 3375 2995 Si
3411 2940 3578 3011 igitur
3618 2953 3848 3009 quorum

2279 3052 2387 3092 non
2429 3046 2516 3092 est
2552 3035 2735 3100 Pater,
2778 3050 2880 3089 nec
2915 3033 3198 3088 minimum
3243 3033 3493 3103 proditur
3531 3033 3652 3087 sine
3695 3032 3846 3101 ipso;

2281 3127 2451 3182 multo
2488 3127 2656 3198 magis
2683 3125 2832 3180 vobis
2861 3140 3092 3196 quorum
3133 3132 3220 3179 est
3242 3123 3428 3189 Pater,
3467 3123 3734 3192 prebebit
3756 3125 3849 3179 de-

2279 3220 2598 3276 fensionem.
2655 3219 2821 3274 Vestri
2869 3229 3076 3284 autem,
3127 3217 3334 3288 inquit,
3366 3226 3419 3272 et
3447 3215 3627 3283 capilli
3661 3215 3850 3287 capitis

2280 3313 2544 3367 numerati
2578 3323 2697 3366 sunt
2716 3313 2782 3366 ’⁸.
2819 3311 3005 3366 Timor
3025 3312 3090 3366 de
3114 3311 3289 3366 anima
3322 3320 3474 3374 erat,
3501 3317 3596 3363 aut
3624 3310 3694 3366 de
3733 3323 3850 3366 eor-

2279 3404 2453 3474 poret
2502 3403 2606 3460 Sed
2650 3404 2716 3459 de
2755 3405 2954 3467 anima,
3000 3402 3197 3473 inquit,
3237 3401 3404 3458 nolite
3442 3402 3634 3457 timere
3683 3417 3699 3456 :
3747 3413 3850 3456 non

2283 3506 2535 3566 pcterunt
2565 3497 2735 3562 enim,
2769 3497 2866 3560 ait,
2896 3512 2969 3552 ne
2994 3496 3211 3566 quidem
3239 3495 3332 3563 qui
3367 3493 3669 3558 voluerint,
3707 3495 3849 3549 occi-

2281 3588 2409 3642 dere
2455 3587 2712 3642 aniinam.
2749 3587 2853 3643 Sed
2891 3586 2960 3643 de
2988 3601 3215 3657 corpore
3245 3585 3487 3641 timetis?
3513 3585 3623 3642 Nec
3658 3586 3729 3642 de
3761 3601 3853 3642 ca-

2283 3680 2429 3748 pillis
2467 3681 2662 3750 capitis
2690 3682 2852 3735 vestri
2899 3682 3091 3736 timere
3128 3678 3364 3745 debetis;
3397 3679 3663 3733 numerati
3704 3688 3846 3734 sunt.

2291 3770 2538 3843 Siigitur
2560 3789 2734 3844 neque
2759 3774 2826 3828 de
2853 3773 3055 3838 anima,
3101 3785 3276 3842 neque
3305 3772 3371 3826 de
3399 3785 3630 3840 corpore
3654 3771 3848 3827 timere

2287 3876 2533 3937 oportet;
2576 3876 2836 3935 quantum
2885 3868 2951 3919 ad
2997 3879 3095 3920 nos
3139 3872 3365 3934 spectat,
3401 3862 3612 3917 ablatus
3655 3871 3744 3917 est
3783 3861 3848 3917 ti-

2292 3972 2413 4012 mor
2445 3975 2460 4014 :
2496 3955 2666 4010 Vestri
2687 3957 2845 4020 enim,
2879 3957 3074 4026 inquit,
3099 3966 3150 4010 et
3177 3954 3358 4021 capilli
3377 3955 3564 4020 capitis
3594 3957 3851 4009 numerati

2283 4061 2430 4106 sunt.
2485 4047 2623 4104 Num
2676 4051 2848 4104 nostri
2892 4058 3098 4104 tantum
3144 4048 3358 4119 capilli?
3407 4047 3662 4102 Sabulum
3708 4048 3850 4102 enim

2291 4131 2630 4197 maris‘atet
2663 4140 2945 4196 scientiam
2975 4139 3114 4196 Dei?
3145 4151 3240 4196 aut
3280 4141 3425 4196 enim
3473 4141 3680 4197 semina
3722 4139 3850 4207 feni,

2292 4242 2387 4287 aut
2415 4247 2607 4302 pennae
2631 4247 2910 4302 passerum
2939 4233 3295 4305 ignorantur?
3321 4219 3762 4300 Quantum‘enim
3786 4235 3849 4290 ad

2289 4340 2594 4382 sermonem
2646 4336 2884 4397 spectat,
2930 4326 3144 4382 videtur
3195 4326 3404 4392 dicere,
3457 4328 3587 4396 quia
3643 4335 3852 4384 vestros

2288 4416 2455 4471 etiam
2481 4415 2704 4484 capillos
2730 4417 2877 4471 novit
2906 4417 3070 4472 Deus.
3096 4416 3217 4471 Alia
3247 4425 3426 4472 autem
3455 4431 3575 4487 quae
3597 4426 3851 4488 putantur

623 4505 852 4547 mortem
876 4493 1047 4547 Adam
1076 4495 1371 4553 introduxit
1411 4500 1481 4554 ob
1513 4513 1790 4570 peccatum
1831 4522 1843 4558 :
1883 4507 2059 4561 erexit
2088 4523 2184 4562 au-
2217 4501 2262 4557 D
2293 4508 2719 4578 contemptibilis
2745 4523 2868 4566 esse
2892 4525 2999 4564 non
3031 4509 3348 4575 contemnit,
3375 4509 3470 4564 sed
3496 4509 3660 4565 habet
3679 4510 3853 4565 scien-

621 4587 730 4635 tem
759 4579 805 4636 is
831 4581 922 4652 qui
947 4585 1237 4656 assumpsit
1263 4587 1435 4642 Adam
1475 4589 1542 4644 ad
1573 4593 2044 4651 resurrectionem.
2091 4595 2184 4652 llle

621 4670 763 4726 enim
792 4674 882 4743 qui
914 4674 980 4728 de
1015 4684 1160 4732 terra
1189 4688 1304 4744 est,
1337 4679 1634 4736 introduxit
1667 4693 1929 4752 mortem;
1963 4687 2052 4757 qui
2089 4703 2185 4741 au-

2290 4602 2420 4656 tiam
2445 4601 2709 4657 omnium.
2745 4601 2879 4657 Nam
2908 4611 2966 4657 et
2995 4601 3124 4657 illud
3148 4603 3289 4673 quod
3315 4601 3513 4658 dicitur
3541 4603 3596 4658 iu
3620 4601 3856 4672 Scriptu-

2291 4697 2390 4762 ris,
2418 4693 2612 4750 Omnia
2637 4698 2687 4750 ei
2719 4706 2842 4750 nata
2869 4707 2990 4751 sunt
3017 4711 3036 4751 :
3073 4711 3179 4750 non
3217 4695 3406 4751 frivole
3435 4696 3654 4767 quippe,
3684 4710 3854 4766 neque

623 4771 732 4817 tem
761 4758 1043 4819 desursqu
1078 4764 1248 4832 venit,
1281 4770 1581 4827 introduxit
1613 4777 2085 4835 resurrectionem.
2119 4780 2188 4836 Et
2294 4758 2419 4842 cum
2469 4786 2671 4852 labore,
2711 4797 2807 4841 aut
2859 4803 2984 4842 cum
3034 4788 3241 4854 dolore,
3291 4789 3387 4844 sed
3421 4758 3853 4847 inenarrabiliter

621 4856 948 4911 resurrectio
989 4859 1201 4928 quidem
1253 4865 1553 4919 communis
1585 4875 1670 4921 est
1703 4867 1983 4934 omnibus;
2018 4872 2187 4928 haere-

623 4945 765 5002 ditas
809 4959 990 5004 autem
1040 4966 1226 5007 eorum
1265 4955 1355 5023 qui
1401 4969 1464 5010 ex
1505 4958 1719 5016 viaticis
1764 4960 1966 5032 aliquid
2000 4964 2184 5034 profe-

622 5047 748 5094 runt
797 5041 928 5110 suis.
967 5039 1326 5100 Praecesserat
1358 5047 1519 5116 igitur
1555 5051 1838 5119 adventus,
1879 5056 1973 5110 sed
2005 5072 2186 5127 reper-

622 5131 792 5186 cussit
834 5147 955 5188 cum
992 5135 1184 5202 timor;
1217 5138 1430 5194 solutus
1459 5150 1544 5195 est
1579 5143 1739 5199 timor
1768 5159 1798 5198 a
1835 5145 2050 5206 timore.
2084 5148 2187 5204 Ne-

622 5223 857 5278 cessaria
896 5237 1074 5281 autem
1110 5241 1227 5284 erat
1281 5242 1334 5286 et
1384 5226 1704 5294 adhortatio.
1743 5237 1872 5306 Quae
1900 5218 1904 5223 l
1929 5242 2183 5296 adhorta-

628 5313 736 5367 tio?
765 5314 906 5372 Dicit
945 5319 1201 5378 Dominus
1248 5342 1260 5376 :
1313 5322 1505 5381 Nonne
1530 5327 1642 5382 duo
1668 5347 1944 5400 passeres;
1992 5335 2099 5390 duo
2132 5345 2187 5391 et

625 5418 730 5461 non
765 5409 914 5463 multi
953 5430 967 5465 :
999 5421 1052 5467 et
1082 5429 1350 5484 passeres,
1381 5429 1436 5474 et
1471 5434 1576 5475 non
1615 5423 1846 5494 majores
1881 5440 2047 5493 aves;
2081 5444 2185 5482 uno

626 5499 828 5553 essurio
882 5501 1251 5561 distrahuntur
1281 5507 1369 5561 ἐἳ
1408 5525 1582 5582 neque
1628 5524 1734 5569 uno
1779 5516 1989 5572 assario
2041 5534 2203 5575 unus

2290 4877 2473 4932 omnia
2506 4881 2763 4948 pravenit
2804 4879 3052 4935 scientia.
3094 4878 3232 4947 Quid
3263 4895 3393 4951 ergo
3425 4890 3513 4936 est
3536 4883 3679 4952 quod
3703 4898 3854 4940 acoe-

2296 4969 2373 5038 pit
2399 4968 2585 5024 dicens
2615 4987 2630 5024 :
2673 4969 2838 5025 Vestri
2866 4981 3039 5026 autem
3073 4983 3120 5026 et
3155 4973 3330 5043 capilli
3375 4975 3563 5044 capitis
3594 4977 3852 5032 meti

2293 5063 2454 5115 sunt!
2481 5063 2605 5133 quia
2642 5065 2886 5133 provisor
2914 5076 2996 5120 est
3015 5067 3185 5123 vostri
3213 5081 3384 5138 usque
3429 5068 3498 5124 ad
3527 5070 3772 5140 capillos.
3799 5069 3853 5127 Si

2293 5153 2457 5223 igitur
2491 5156 2723 5210 animam
2749 5157 2861 5227 jam
2906 5160 3136 5214 armavit
3174 5158 3599 5230 immortalitate,
3639 5178 3852 5219 carnem

2293 5257 2472 5302 autem
2511 5264 2577 5304 ex
2615 5265 2680 5303 eo
2721 5252 2864 5320 quod
2909 5253 3189 5322 provideat
3214 5263 3270 5308 et
3303 5253 3556 5309 defendat
3585 5270 3761 5327 usque
3790 5257 3852 5312 sd

2291 5339 2548 5407 capillos;
2578 5342 2708 5410 quid
2749 5343 3070 5414 relinquitur
3101 5346 3170 5400 ad
3201 5345 3494 5403 timorem?
3523 5349 3657 5418 quid
3693 5351 3764 5406 ad
3793 5351 3854 5405 ti-

2293 5428 2893 5506 morem‘relinquitur,
2949 5445 3007 5491 ut
3058 5437 3366 5494 hominibus
3418 5452 3616 5507 casus,
3675 5451 3853 5514 utpote

2287 5538 2474 5596 opum,
2498 5526 2828 5595 divitiarum,
2851 5529 3173 5596 amicorum,
3197 5539 3508 5603 parentum,
3530 5532 3849 5604 propinquo-

697 5634 742 5667 η
773 5633 958 5692 Matth.
992 5643 1163 5708 1,28.
1239 5646 1285 5678 ιι
1309 5647 1437 5704 ibid.
1514 5610 1838 5711 "niues.
1915 5657 1959 5689 ι·
1989 5657 2118 5714 ibid.
2197 5658 2647 5729 "Matth.\'l,30.
2727 5661 3168 5731 "multum.

698 5755 963 5850 (smul.
986 5781 1171 5853 Forte,
1203 5795 1280 5841 ut.

3117 5856 3202 5879 ‘\
