4048 6322
206 326 346 382 H85

1578 322 1642 375 ΙΝ
1689 320 1953 381 ΜΑΤἸἪ.
1989 323 2057 389 Χ,
2092 326 2183 387 27,.

3386 324 3525 379 illiti

201 456 324 495 rum
347 482 363 504 ,
406 442 614 512 patriai
640 442 754 511 ipse
790 438 1051 496 allectus?
1080 440 1206 496 Inde
1244 450 1329 496 est
1372 448 1432 493 ut
1470 440 1617 495 dicat
1651 459 1665 495 :
1720 440 1813 507 Qu:

1932 458 2060 501 ante
2087 449 2192 505 sibi
2230 461 2458 519 parcere
2502 446 2811 503 noluerunt.
2842 443 2983 513 Quid
3014 443 3162 499 enim
3198 443 3373 499 defuit
3413 444 3528 501 illic

198 531 384 602 diligit
412 542 634 600 patrem
662 547 752 587 aut
785 544 1006 587 matrem
1038 550 1200 602 supra
1240 550 1342 599 me,
1372 549 1477 587 non
1506 544 1586 589 est
1620 550 1703 589 me
1730 536 1818 588 di-

199 629 430 694 gnus”.
467 626 608 683 Tria
640 629 783 683 enim
832 629 932 683 ista
974 639 1102 683 sunt
1145 642 1267 699 quas
1309 628 1455 682 circa
1502 641 1625 692 nos,
1672 637 1727 681 et
1765 629 1819 682 in

200 718 363 776 nobis
387 728 448 775 et
483 731 681 776 nostra
707 731 876 775 sunt:
908 722 1051 791 quod
1085 720 1231 775 enim
1258 734 1471 787 sumus,
1502 719 1687 775 anima
1723 734 1807 773 su~

200 828 352 869 mus.
389 813 453 867 Si
499 813 631 889 quis
658 823 838 868 autem
868 826 923 868 et
954 813 1308 883 semetipsum
1348 812 1599 880 agnoscit
1639 812 1819 865 inten-

199 905 335 973 tius,
368 914 429 961 et
462 906 640 961 veluti
680 907 733 961 in
775 907 1016 962 secundo
1038 905 1182 970 loco,
1229 919 1330 959 nos
1362 919 1562 975 corpus
1594 916 1819 968 sumus;

201 998 312 1054 tria
338 1013 487 1069 ergo
517 1009 647 1055 sunt
679 1013 802 1069 quae
832 1000 885 1053 in
922 999 1077 1054 nobis
1103 1005 1229 1053 sunt
1263 1015 1277 1052 :
1308 1012 1430 1067 quae
1457 1006 1638 1052 autem
1674 996 1819 1051 circa

199 1104 328 1155 nos,
353 1092 770 1161 possessiones,
797 1092 983 1156 amici,
1016 1100 1268 1162 parentes
1297 1100 1354 1145 et
1386 1091 1585 1162 patria.
1616 1088 1723 1144 Sed
1756 1090 1823 1143 de

200 1182 393 1238 anima
447 1185 637 1242 nullus
687 1187 851 1241 timor
891 1193 1007 1249 est,
1048 1185 1174 1253 quia
1224 1182 1551 1245 immortalis
1583 1192 1691 1237 est.
1742 1181 1817 1236 De

199 1290 453 1344 corpore
487 1278 707 1333 ablatus
743 1286 830 1333 est
858 1277 1042 1343 timor,
1071 1276 1203 1345 quia
1232 1286 1287 1329 et
1332 1274 1511 1343 capilli
1551 1273 1821 1327 numerati

200 1378 358 1425 sunt.
396 1369 482 1425 De
517 1372 603 1427 his
640 1380 825 1425 autem
849 1384 969 1440 qua
989 1378 1146 1424 extra
1174 1378 1322 1434 sunt,
1351 1368 1481 1421 dicit
1506 1364 1772 1419 Dominus
1799 1383 1812 1419 :

202 1460 268 1518 Si
298 1465 429 1533 quis
464 1463 736 1534 reliquerit
776 1472 986 1533 propter
1018 1478 1101 1517 me
1132 1472 1181 1517 et
1225 1478 1384 1532 regna
1414 1458 1663 1514 calorum
1684 1497 1699 1523 ,
1727 1472 1825 1525 pa-

202 1564 366 1619 trem,
408 1566 510 1607 aut
556 1566 799 1618 matrem,
824 1563 917 1608 aut
957 1553 1172 1620 fratres,
1201 1564 1294 1607 aut
1330 1552 1503 1620 ﬁlios,
1552 1559 1644 1604 aut
1687 1566 1821 1603 uxo-

201 1661 343 1713 rem,
396 1657 502 1700 aut
551 1658 828 1717 cognatos,
878 1656 971 1700 aut
1019 1646 1259 1710 domum,
1292 1646 1501 1697 habebit
1538 1652 1586 1696 et
1620 1642 1676 1695 in
1726 1641 1823 1694 hoc

202 1740 416 1792 mundo
480 1738 820 1807 centuplum;
869 1740 925 1793 in
990 1738 1166 1809 futuro
1231 1748 1410 1791 autem
1462 1738 1623 1790 uitam
1672 1743 1824 1790 aler-

1920 541 1987 596 ad
2034 540 2353 601 patientiam
2398 538 2534 595 Dei?
2578 537 2771 594 Nonne
2825 552 3134 608 praeconem
3182 536 3524 607 pcenitentiae

1920 632 2207 690 constituit
2236 633 2319 689 eis
2354 631 2468 689 Noe
2509 646 2609 701 per
2636 645 2811 686 annos
2841 641 3085 695 centum,
3110 640 3379 701 quantum
3418 645 3521 685 au-

1923 737 2030 781 tem
2066 726 2135 780 ad
2165 740 2319 781 suam
2373 723 2793 794 promissionem
2842 736 2943 793 per
2984 719 3128 777 cxx?
3166 720 3359 776 Nonne
3389 736 3518 777 arca

1922 818 2107 882 (iebat,
2132 818 2251 886 ipso
2276 832 2449 886 opere
2472 814 2539 871 ad
2568 815 2955 885 ptettitentiam
2980 815 3211 869 hortans
3230 812 3524 870 homines!

1921 918 2016 964 aut
2065 909 2339 963 modicum
2398 916 2519 963 erat
2573 922 2705 973 vas,
2763 906 2911 977 quod
2964 917 3149 976 posset
3196 908 3362 961 etiam
3418 907 3524 962 sub

1923 1010 2070 1057 tecto
2107 999 2408 1055 fabricari?
2467 998 2663 1055 Nonne
2710 1009 2877 1054 tanta:
2922 1000 3143 1063 quidem
3192 998 3521 1065 altitudinis,

1924 1102 2092 1149 tanta:
2124 1097 2306 1147 autem
2358 1092 2719 1163 longitudinis
2752 1100 2808 1148 et
2854 1090 3162 1145 latitudinis
3215 1091 3522 1147 secundum

1923 1183 2275 1239 mensuram?
2347 1182 2749 1239 Fabricabatur
2826 1191 3008 1235 autem
3081 1194 3209 1235 arca
3270 1189 3331 1235 ttt
3391 1185 3524 1236 tuba

1925 1275 2159 1329 maxima
2184 1315 2199 1337 ,
2223 1274 2335 1344 jam
2362 1274 2625 1329 diluvium
2665 1272 2971 1341 przedicans
3016 1270 3290 1335 futurum,
3317 1280 3371 1325 et
3395 1278 3525 1325 ante

1924 1368 2182 1423 diluvium
2212 1368 2589 1438 ptenitentiam
2620 1367 2887 1422 clamans.
2920 1366 2980 1421 Si
3015 1364 3181 1435 igitur
3205 1379 3310 1419 cxx
3365 1365 3525 1419 annis

1925 1461 2167 1517 revocati
2193 1476 2223 1515 a
2254 1461 2482 1515 malitiis
2514 1476 2621 1515 non
2649 1459 2966 1525 snntsuasi,
3003 1460 3105 1527 ipsi
3140 1459 3249 1511 vim
3279 1457 3524 1512 fecerunt

1926 1565 1987 1609 ut
2018 1570 2180 1625 supra
2206 1569 2302 1611 eos
2328 1552 2592 1609 diluvium
2619 1552 2925 1619 adveniret,
2961 1553 3053 1622 qui
3086 1550 3305 1607 suaderi
3336 1550 3526 1605 nolue-

1926 1647 2054 1702 rint.
2086 1645 2193 1701 Sed
2228 1644 2523 1701 Sodomam
2553 1645 2750 1699 evertit
2773 1642 2916 1699 Dens
2940 1686 2955 1710 ,
2984 1643 3115 1712 quia
3156 1642 3309 1713 prius
3355 1642 3524 1696 Sodo-

1927 1740 2073 1792 mita:
2103 1748 2355 1793 naturam
2387 1754 2542 1794 suam
2588 1746 2971 1809 corruperant.
3019 1734 3087 1789 Et
3119 1745 3272 1791 certe
3303 1750 3369 1789 ne
3403 1734 3525 1805 qui.

202 1846 334 1884 nam
360 1832 432 1884 ”.
469 1831 615 1901 Ergo
638 1804 787 1885 nulla
820 1804 1041 1885 occasio
1066 1830 1327 1885 derelicta
1370 1838 1455 1883 est
1501 1828 1707 1881 timori.
1746 1826 1822 1880 De
1856 1804 1898 1859 Β
1927 1830 2047 1885 dem
2090 1830 2213 1884 istic
2244 1830 2495 1901 despexit
2541 1830 2721 1896 Deus,
2755 1804 2849 1885 sed
2899 1843 3094 1899 passus
3133 1838 3223 1882 est
3264 1804 3431 1882 Loth,
3456 1826 3527 1881 ob

202 1924 395 1979 anima
424 1923 575 1979 enim
606 1924 801 1979 timere
828 1939 934 1979 non
963 1923 1131 1978 debes
1166 1921 1421 1975 timorem
1460 1920 1820 1982 insensatum,

202 2030 276 2071 ne
329 2018 553 2085 puteris
598 2015 886 2072 mortalem
938 2013 1125 2069 dicere
1164 2012 1555 2068 immortalem.
1602 2010 1710 2065 Sed
1753 2008 1823 2063 de

202 2120 453 2175 corpore
489 2104 651 2160 times
698 2123 712 2159 :
758 2114 989 2174 possunt
1032 2102 1180 2157 enim
1209 2102 1462 2157 occidere
1510 2115 1524 2152 :
1574 2098 1821 2154 defendit

204 2211 389 2266 usque
420 2196 493 2251 ad
524 2195 750 2266 capillos
785 2195 878 2265 qtti
921 2192 1154 2250 creavit.
1200 2191 1307 2246 Sed
1337 2190 1636 2245 amicitiam
1666 2204 1818 2259 qum-

205 2290 309 2357 ris,
339 2300 400 2346 et
442 2299 689 2360 patrem,
728 2298 783 2342 et
813 2299 1043 2341 matrem
1078 2302 1091 2339 :
1138 2294 1256 2339 esto
1301 2298 1513 2338 memor
1566 2283 1684 2351 ejus
1725 2281 1818 2351 qui

205 2381 288 2436 ait
321 2398 336 2435 :
376 2380 488 2447 Qui
527 2380 701 2451 diligit
744 2389 947 2443 patrem
986 2386 1075 2430 aut
1116 2385 1338 2429 matrem
1369 2390 1536 2453 supra
1566 2388 1667 2437 me,
1713 2389 1819 2427 non

206 2485 286 2528 est
315 2490 403 2527 me
438 2474 630 2543 dignus
654 2472 722 2525 ³³.
751 2471 860 2525 Sed
890 2469 1129 2531 divitias,
1164 2476 1218 2522 et
1244 2482 1365 2537 quae
1388 2468 1472 2521 bis
1505 2477 1634 2521 sunt
1661 2465 1813 2520 simi-

208 2564 280 2619 lia
313 2563 983 2634 desideras.-Quicunque
1022 2560 1303 2629 reliquerit
1336 2568 1547 2629 patrem
1578 2568 1672 2612 aut
1699 2572 1816 2611 ma-

210 2666 381 2722 trem,
415 2667 509 2711 aut
532 2659 777 2723 domum,
810 2664 905 2709 aut
945 2666 1284 2724 quaecunque
1328 2658 1458 2706 sunt
1504 2664 1670 2720 supra
1704 2658 1815 2705 ter-

209 2762 333 2803 ram
383 2758 609 2820 propter
636 2760 723 2802 me
755 2755 811 2802 et
854 2760 1021 2815 regna
1052 2743 1340 2809 ctelorum,
1369 2742 1682 2811 centuplum
1716 2740 1814 2795 ha-

208 2836 368 2893 bebit
398 2854 414 2891 :
446 2839 589 2892 sicut
628 2836 683 2892 hi
724 2837 818 2905 qui
861 2835 1137 2890 seminant
1172 2834 1224 2887 in
1257 2832 1455 2887 bonam
1485 2841 1706 2895 terram,
1760 2831 1813 2885 in

212 2932 321 2985 isto
351 2930 573 3001 quidem
616 2928 819 2985 saeculo
850 2926 1183 2997 centuplum,
1214 2926 1267 2979 in
1311 2923 1495 2979 futuro
1522 2933 1705 2978 autem
1733 2924 1815 2978 vi-

211 3031 325 3075 tam
375 3031 663 3076 aeternam.
718 3018 897 3074 Nolite
938 3033 1069 3085 ergo
1112 3016 1326 3071 timere.
1373 3015 1430 3070 Si
1474 3016 1623 3069 enim
1672 3029 1813 3070 unus

210 3130 411 3183 passer
440 3129 549 3170 non
574 3112 722 3168 cadit
750 3113 804 3167 in
832 3121 1033 3167 terram
1062 3109 1182 3164 sine
1214 3117 1370 3177 patre
1401 3116 1587 3162 vestro
1609 3108 1701 3176 qui
1730 3116 1815 3162 est

212 3206 266 3261 in
305 3207 491 3271 oculis,
528 3204 821 3260 multorum
868 3209 1052 3257 autem
1097 3212 1381 3269 passerum
1426 3210 1522 3250 vos
1560 3196 1815 3252 meliores

210 3300 387 3367 estis;
427 3314 537 3354 non
571 3297 737 3352 habet
780 3295 965 3350 locum
997 3292 1183 3347 timor.
1229 3288 1365 3357 Quia
1415 3289 1579 3358 igitur
1606 3288 1814 3343 intere-

214 3392 317 3448 mit
349 3392 624 3456 timorem,
650 3388 855 3459 reperit
887 3385 1002 3458 (88)
1031 3382 1357 3440 constantiae
1390 3380 1648 3436 ﬁduciam
1688 3394 1813 3435 cum

210 3482 586 3548 confessione,
622 3489 679 3537 et
709 3481 841 3537 dicit
886 3496 901 3534 :
934 3477 1121 3533 Omnis
1146 3475 1444 3545 quicunque
1485 3490 1568 3527 me
1600 3472 1809 3541 confes-

211 3592 303 3631 stts
337 3578 496 3647 fuerit
528 3585 651 3629 ante
689 3574 962 3639 homines,
993 3570 1084 3626 isti
1130 3570 1275 3624 enim
1314 3577 1439 3623 sunt
1478 3568 1569 3636 qui
1610 3580 1809 3637 perse-

212 3680 477 3737 quuntur,
511 3668 797 3737 conﬁtebor
824 3675 873 3719 et
912 3681 1004 3734 ego
1038 3678 1158 3717 eum
1205 3670 1325 3714 ante
1365 3657 1585 3712 Patrem
1629 3674 1808 3713 meum

212 3761 305 3829 qui
328 3772 404 3816 est
436 3761 494 3813 in
516 3760 658 3814 caelis
691 3758 757 3812 ".
789 3758 852 3814 Et
881 3759 1057 3829 primo
1084 3753 1306 3825 quidem
1337 3752 1614 3821 intercipit
1650 3752 1815 3807 timo-

216 3866 357 3919 rem,
393 3853 633 3913 secundo
660 3860 841 3907 autem
871 3850 1118 3905 immittit
1149 3862 1299 3917 spem
1329 3864 1342 3900 :
1374 3846 1697 3915 Quicunque
1726 3858 1813 3899 me

214 3946 504 4002 confessus
543 3945 709 4000 fuerit
755 3953 884 3998 ante
929 3943 1197 4007 homines,
1246 3939 1553 3995 conittehor
1602 3949 1657 3993 et
1710 3953 1811 4009 ego

214 4050 388 4093 eum:
439 4047 569 4106 puta
614 4036 741 4107 quia
768 4034 1083 4090 hominibus
1125 4033 1454 4088 conveniens
1496 4042 1582 4087 est
1634 4030 1805 4086 Deum

215 4130 492 4195 conﬁteri,
526 4130 694 4185 Deum
727 4129 979 4183 homines
1022 4127 1304 4197 quomodo
1342 4126 1599 4181 convenit
1642 4124 1813 4179 conii-

218 4221 361 4276 teri‘l
390 4219 466 4275 De
494 4220 807 4276 hominibus
836 4230 895 4274 ut
920 4234 1027 4275 non
1057 4220 1205 4274 dicat
1234 4218 1304 4274 ad
1329 4234 1425 4275 eos
1461 4238 1477 4273 :
1507 4218 1755 4274 Recedite
1780 4238 1811 4274 a

215 4326 319 4377 me,
351 4314 526 4367 nescio
566 4328 654 4367 vos
676 4313 753 4380 ³³;
787 4312 883 4367 sed
922 4322 984 4365 ut
1022 4313 1199 4382 magis
1228 4312 1375 4367 dicat
1405 4315 1471 4367 ad
1505 4328 1599 4368 eos
1635 4331 1648 4365 :
1695 4308 1799 4366 Ve-

217 4405 346 4470 nite,
380 4405 637 4459 benedicti
670 4404 852 4459 Patris
886 4406 989 4459 mei
1014 4404 1079 4458 ".
1121 4404 1352 4461 intueris
1394 4408 1809 4476 abnegationem

1927 1922 2338 1977 contentionem
2413 1933 2692 1992 pastorum
2769 1923 2838 1976 ab
2919 1920 3199 1974 Abraham
3257 1918 3526 1988 separari.

1926 2014 2089 2069 Forte
2138 2023 2319 2071 autem
2368 2024 2423 2069 et
2463 2014 2815 2071 continentia:
2854 2012 2997 2068 sales
3048 2012 3201 2067 misit
3242 2011 3312 2065 ad
3354 2009 3527 2065 Sodo-

1923 2120 2069 2159 mam
2115 2104 2256 2161 Loth
2279 2106 2345 2172 ",
2394 2115 2458 2160 ut
2499 2104 2619 2174 ejus
2648 2094 2859 2175 justitia
2912 2103 3354 2159 continerentur.
3385 2111 3445 2155 ut
3492 2115 3524 2155 a

1920 2196 2055 2265 sale,
2103 2208 2159 2252 et
2206 2213 2312 2253 non
2360 2207 2869 2267 corrumperentur.
2911 2196 2991 2251 Illi
3043 2204 3227 2251 autem
3279 2204 3336 2250 et
3381 2193 3527 2249 sales

1922 2290 2295 2357 calcaverunt,
2328 2300 2385 2347 et
2410 2291 2669 2347 dixerunt
2697 2295 2766 2346 ad
2805 2305 2935 2345 eum
2964 2290 3058 2360 qui
3091 2288 3383 2352 insalabat,
3413 2288 3523 2341 lla-

1921 2383 2097 2438 hitare
2128 2384 2353 2448 venisti,
2393 2399 2499 2439 non
2538 2394 2810 2439 tamenet
2848 2384 3117 2454 judicium
3147 2381 3420 2451 judicare.
3456 2380 3525 2437 Et

1922 2476 2039 2531 haec
2066 2477 2313 2532 dicentes
2340 2476 2547 2544 justum
2584 2477 2875 2531 adversum
2910 2490 2968 2529 se
2993 2475 3262 2543 judicium
3308 2474 3520 2529 excita-

1920 2578 2072 2635 runt,
2098 2569 2193 2639 qui
2234 2584 2340 2623 non
2374 2568 2528 2624 luere
2568 2568 2815 2624 contenti
2855 2569 3123 2621 adversus
3149 2566 3401 2622 homines
3435 2565 3522 2619 in-

1918 2662 2101 2732 digna,
2141 2662 2238 2718 sed
2283 2670 2339 2716 et
2386 2660 2737 2716 insanierunt
2778 2660 3045 2714 adversus
3097 2660 3248 2729 ipsus
3300 2670 3527 2715 sanctos

1916 2756 2160 2825 angelos,
2196 2754 2288 2825 qui
2329 2764 2595 2809 venerant
2626 2754 2910 2808 vindicare
2946 2751 3203 2819 iniuriam
3236 2751 3521 2806 hominum

1916 2849 1985 2904 ab
2012 2849 2220 2904 eisdem
2257 2848 2580 2903 admissam.
2616 2845 2725 2901 Sed
2754 2859 2934 2917 neque
2958 2845 3071 2899 Noe
3097 2844 3347 2914 despexit
3375 2844 3525 2900 Dens

1916 2941 1972 2997 in
2014 2940 2255 3005 diluvio;
2304 2939 2574 2995 numerati
2613 2940 2764 2993 enim
2800 2946 2961 2992 erant
3004 2936 3126 3005 ejus
3156 2935 3383 3005 capilli:
3429 2949 3527 2991 ne-

1917 3042 2023 3105 que
2063 3032 2203 3089 Loth
2250 3033 2392 3103 apud
2444 3031 2762 3087 Sodomam.
2810 3031 2918 3087 Alii
2968 3039 3151 3086 autem
3195 3031 3366 3086 Deum
3409 3044 3520 3085 non

1841 3148 1885 3208 ο
1918 3136 2103 3184 tamen
2132 3126 2384 3182 homines
2416 3124 2803 3193 offenderunt,
2834 3124 2925 3194 qui
2962 3125 3391 3179 immutaverunt
3424 3123 3525 3177 hu-

1920 3233 2141 3272 manam
2185 3228 2461 3272 naturam.
2505 3214 2621 3270 Non
2656 3225 2743 3271 est
2771 3228 2902 3285 ergo
2951 3213 3349 3283 increpandutn
3382 3212 3519 3277 Deo,

1920 3311 2048 3381 quia
2088 3324 2190 3366 nec
2225 3308 2270 3364 si
2303 3307 2445 3362 tauri
2490 3306 2818 3362 occiduntur
2856 3306 2924 3360 ad
2956 3320 3147 3370 usum,
3180 3318 3358 3375 neque
3395 3305 3524 3373 quia

1918 3419 2047 3461 oves
2075 3413 2131 3459 et
2159 3401 2463 3468 columba;
2502 3399 2848 3455 variiicatum
2883 3398 3033 3454 enim
3065 3407 3149 3453 est
3194 3412 3359 3453 omne
3394 3396 3521 3464 hoc,

1916 3506 1974 3553 et
2017 3495 2353 3552 abundantia
2402 3503 2489 3549 est
2536 3492 2743 3557 multa,
2790 3500 2845 3546 et
2889 3490 2993 3545 alia
3039 3490 3162 3544 aliis
3206 3489 3521 3545 necessaria

1917 3598 2073 3655 sunt,
2123 3596 2178 3641 et
2212 3586 2315 3641 alia
2353 3585 2517 3641 aliter
2568 3596 2753 3639 creata
2802 3593 2950 3639 sunt.
3001 3582 3154 3637 Sicut
3199 3581 3367 3653 igitur
3421 3598 3522 3652 pro

1920 3682 2090 3737 tauris
2111 3681 2205 3750 qui
2229 3678 2559 3735 occiduntur
2588 3678 2653 3732 ad
2684 3692 2841 3732 usum
2866 3692 2971 3731 non
2998 3678 3314 3744 increpatur
3339 3674 3518 3742 Deus;

1916 3778 1971 3822 et
2004 3778 2152 3822 certe
2183 3768 2323 3821 tauri
2354 3781 2462 3821 non
2496 3775 2763 3837 peccant,
2796 3780 2981 3834 neque
3012 3776 3097 3819 est
3128 3766 3515 3837 irreligiositas

1916 3859 1971 3913 in
2004 3859 2208 3923 tauris;
2243 3872 2349 3913 non
2392 3858 2568 3911 solum
2603 3870 2713 3911 non
2741 3865 2823 3910 est
2862 3856 3254 3925 increpandutn
3287 3856 3355 3909 de
3386 3871 3517 3926 per-

1915 3950 2188 4019 emptione
2227 3948 2658 4019 irreligiosorutn
2680 3987 2694 4011 ,
2729 3949 2825 4003 sed
2861 3961 2913 4002 et
2949 3948 3283 4003 mirandum.
3342 3948 3520 4003 Debet

1915 4038 2059 4093 enim
2107 4039 2315 4094 laudari
2371 4040 2537 4106 Deus,
2596 4040 2727 4111 quia
2793 4052 2995 4095 terram
3053 4038 3213 4109 aquis
3266 4038 3438 4093 abluit
3488 4054 3522 4095 a

1916 4133 2196 4203 spurcitiis
2247 4132 2615 4189 habitantium
2676 4152 2689 4189 :
2746 4135 2908 4189 debet
2951 4134 3196 4203 probari.
3244 4133 3371 4203 quia
3423 4148 3523 4203 per

1917 4226 2096 4297 ignem
2146 4224 2405 4281 conﬂavit
2459 4236 2706 4282 nostram
2756 4236 3010 4280 naturam
3039 4266 3053 4292 ,
3104 4236 3160 4279 ut
3195 4235 3521 4281 evocaretur

1917 4328 2105 4374 nostra
2160 4318 2428 4389 legitima.
2482 4319 2562 4374 Ita
2618 4319 2795 4375 nescit
2851 4319 2994 4375 Deus
3047 4336 3184 4391 quos
3236 4336 3346 4376 non
3401 4322 3523 4376 vult

1918 4426 2113 4477 nosse,
2151 4412 2222 4465 ita
2267 4410 2543 4479 ignoravit
2574 4426 2669 4467 eos
2699 4411 2793 4483 qui
2827 4413 2933 4468 sub
2968 4412 3112 4479 Noe;
3167 4414 3239 4468 ita
3285 4414 3519 4469 nescivit

215 4493 340 4550 Filii
365 4496 431 4552 de
458 4498 792 4566 hominibus,
831 4508 887 4553 et
919 4497 1322 4554 confessionem
1351 4500 1442 4554 Dei
1474 4500 1541 4555 de
1579 4500 1812 4555 homini-
1843 4530 1887 4586 Β
1916 4516 2009 4555 eos
2039 4501 2129 4570 qui
2169 4500 2270 4557 sub
2306 4500 2470 4568 Loth,
2508 4510 2565 4557 et
2597 4516 2692 4557 eos
2726 4503 2818 4572 qui
2850 4515 3189 4572 negaverunt
3219 4520 3344 4559 eum
3389 4515 3518 4561 ante

216 4588 359 4644 hnsl
398 4589 538 4644 Num
580 4590 839 4659 possibile
865 4598 950 4645 est
986 4590 1037 4646 ei
1080 4590 1295 4657 dicere,
1326 4593 1511 4647 nescio
1542 4590 1807 4646 Patrem?

217 4678 337 4737 Scit
359 4681 558 4752 quippe
592 4689 646 4737 et
680 4682 952 4749 homines,
980 4692 1035 4737 et
1069 4683 1169 4738 hos
1200 4694 1518 4753 peccatores
1546 4685 1758 4753 ignorat
1793 4704 1805 4739 :

214 4772 649 4829 additamentum
717 4775 863 4829 enim
922 4775 1025 4829 hoc
1092 4775 1419 4830 solutionem
1483 4775 1807 4847 quaestionis

212 4861 455 4933 praebet;
482 4863 610 4933 quia
642 4864 787 4919 enim
817 4872 1135 4933 peccatores
1161 4867 1330 4936 ignoti
1360 4877 1508 4935 sunt,
1542 4883 1649 4922 non
1679 4866 1805 4936 quia

214 4955 560 5025 ignorantur,
606 4956 701 5011 sed
729 4958 856 5027 quia
898 4973 1004 5012 non
1051 4958 1118 5013 ab
1162 4973 1226 5014 eo
1269 4962 1605 5016 conlitentur
1654 4982 1666 5016 :
1709 4978 1806 5019 eos

212 5050 359 5105 enim
413 5050 503 5119 qui
553 5050 712 5106 malae
757 5060 886 5106 sunt
938 5052 1061 5108 vitae
1111 5054 1291 5109 nescit
1346 5054 1526 5109 sciens
1573 5071 1670 5112 eos
1713 5058 1804 5126 qui

213 5145 349 5197 sint.
391 5142 447 5198 Si
492 5143 637 5198 enim
664 5155 1115 5213 computarentur
1164 5146 1308 5201 inter
1330 5147 1482 5201 vivos
1512 5148 1664 5212 mali,
1697 5164 1802 5203 non

214 5233 451 5288 venisset
477 5233 738 5289 diluvium
772 5238 872 5290 sub
908 5235 1022 5291 Noe
1057 5257 1070 5291 :
1102 5247 1157 5292 et
1186 5238 1321 5292 alios
1348 5239 1565 5309 quidem
1598 5254 1805 5294 connu-

214 5325 449 5381 meravit
490 5341 627 5395 quos
656 5327 853 5393 salvat,
886 5345 1025 5399 quos
1058 5340 1241 5385 autem
1282 5332 1480 5396 nescit,
1523 5331 1700 5401 perdit
1745 5343 1805 5387 ut

214 5426 412 5489 purget
456 5426 680 5473 terram.
720 5417 838 5474 Non
890 5437 1017 5490 ergo
1064 5421 1253 5477 debuit
1297 5425 1377 5478 eis
1422 5437 1672 5493 parcere,
1706 5423 1799 5495 qui

290 5559 336 5641 ’ξ
358 5559 543 5615 Matth.
572 5562 775 5641 χλΣὸἸ.υ
800 5563 854 5641 _’_°
882 5562 1191 5641 Mattlt.xt_x_.
1218 5564 1308 5622 29.
1386 5565 1427 5597 ³¹
1466 5564 1654 5621 Matth.
1688 5580 1779 5634 xv,
1804 5566 1894 5622 37.
1972 5567 2017 5600 ³⁸
2052 5567 2248 5627 Matth.
2271 5570 2439 5639 x,5£.
2517 5572 2563 5605 ³³
2590 5570 2781 5632 Matth.
2819 5590 2949 5641 xxv,
2984 5572 3073 5629 i2.

217 5630 263 5663 ⁸⁸
289 5629 425 5687 Gen.
457 5648 572 5696 xtx,
602 5632 656 5687 9.
732 5634 777 5665 ³⁸
798 5632 985 5688 Matth.
1029 5651 1084 5700 x,
1117 5636 1205 5692 55.

290 5767 402 5838 (88)
429 5767 653 5831 ﬂeverit.
678 5771 860 5838 Forte,
893 5772 1100 5839 repetit.

1916 4594 2191 4662 homines,
2219 4595 2286 4650 de
2319 4595 2517 4663 quibus
2549 4607 2603 4650 et
2633 4594 2765 4649 dicit
2798 4612 2811 4649 :
2847 4594 3163 4667 Quicunque
3190 4613 3268 4652 me
3298 4615 3523 4668 negare-

1909 4688 1976 4739 rit
2004 4704 2179 4740 coram
2202 4687 2523 4752 hominibus,
2549 4686 2749 4756 negabo
2785 4696 2835 4741 et
2860 4704 2954 4757 ego
2982 4704 3099 4743 eum
3123 4706 3303 4743 coram
3345 4687 3509 4744 Patre

1908 4795 2023 4832 meo
2048 4780 2139 4849 qui
2165 4788 2242 4833 est
2275 4780 2330 4834 in
2362 4780 2505 4835 caelis
2532 4781 2602 4835 “.
2634 4780 2847 4851 Negant
2880 4792 3060 4837 autem
3092 4782 3371 4837 Christum
3404 4797 3513 4837 non

1908 4869 2084 4923 solum
2118 4870 2172 4924 hi
2209 4873 2301 4941 qui
2337 4872 2390 4926 in
2425 4873 2811 4943 persecutione
2845 4883 3067 4947 negant,
3106 4875 3377 4945 siquidem
3410 4892 3512 4932 nec

1915 4961 2005 5032 qui
2029 4962 2360 5019 confitentur
2385 4965 2439 5019 in
2472 4966 2971 5034 persecutionihus,
3010 4968 3111 5039 ipsi
3136 4968 3234 5023 soli
3266 4977 3393 5023 sunt
3418 4971 3512 5037 qui

1916 5054 2289 5111 conﬁtentur:
2340 5058 2435 5112 sed
2479 5059 2877 5115 descendamus
2919 5060 2987 5115 ad
3033 5062 3275 5131 negotia,
3315 5072 3373 5114 et
3424 5062 3515 5115 ln-

1915 5148 2125 5217 giamus
2156 5149 2640 5220 irreligiositalem.
2680 5152 2780 5219 Qui
2830 5163 2959 5208 sunt
3003 5167 3134 5223 ergo
3181 5156 3273 5223 qui
3310 5165 3516 5224 negant

1914 5240 2131 5307 Filium,
2165 5252 2220 5297 et
2252 5244 2365 5308 ubi,
2394 5255 2449 5299 et
2482 5246 2537 5300 itt
2566 5246 2788 5316 quibus,
2816 5246 3189 5305 advertamus.
3222 5245 3357 5303 Cum
3390 5247 3513 5316 quis

1916 5332 2220 5402 ingreditur
2256 5335 2532 5392 civitatem
2570 5338 2855 5409 gentilium
2880 5378 2897 5406 ,
2946 5350 3001 5397 et
3029 5340 3294 5411 religione
3338 5353 3510 5407 espo-

1915 5433 2101 5481 scente
2145 5420 2309 5483 fronti
2340 5429 2623 5501 imponere
2664 5433 3003 5506 signaculum
3036 5434 3216 5489 crucis
3248 5430 3513 5487 confusus

3172 5570 3219 5605 “
3244 5570 3376 5629 ibid.
3414 5569 3507 5626 54.
