4048 6322
631 358 766 412 H87

1291 357 1554 415 EUSEBll
1592 357 2070 416 CxESARlENSIS
2105 359 2256 417 OPP.
2299 360 2480 418 PARS
2518 363 2604 421 iV.
2642 394 2712 407 —
2747 362 3170 422 DOGMATICA.

3733 367 3864 424 “88

637 457 834 540 fuerit;
862 476 950 544 qui
995 474 1294 544 ingreditur
1333 491 1484 530 suam
1520 476 1968 546 glorillcationem
2001 486 2056 534 et
2088 479 2192 532 vir-
2221 486 2268 542 Α
2294 482 2433 550 atqui
2480 481 2704 548 judicii;
2754 481 3192 552 concupiscentia
3235 491 3418 540 autem
3455 497 3685 544 cmnosa
3722 489 3861 559 turpi

629 573 796 618 tutem
843 565 1020 619 crucis
1063 566 1115 619 in
1150 565 1325 621 fronte
1357 581 1460 620 non
1510 568 1832 633 ostenderit,
1882 570 1984 624 iste
2027 571 2188 624 etiam

626 657 744 709 sine
787 667 1056 710 tormento
1097 659 1310 726 negabit
1353 669 1407 712 et
1445 659 1794 714 sacriﬁcabit.
1830 661 1962 725 Quis
2003 669 2188 714 autem

623 756 678 800 et
721 745 858 800 alius
911 747 1127 816 negabit
1179 748 1495 804 Christum?
1539 748 1670 804 Cum
1719 751 1915 820 aliquis
1958 761 2186 806 vocatus

624 836 786 892 fuerit
818 840 883 893 ad
907 854 1115 893 caenam
1157 843 1458 908 gentilium,
1497 853 1548 896 et
1579 843 1879 911 perrexerit
1912 859 1926 898 :
1960 844 2187 897 necdum

623 931 766 984 enim
805 931 906 986 hoc
936 941 1017 985 est
1057 933 1419 1001 prohibitum;
1466 934 1646 987 vinum
1693 943 1869 988 autem
1924 935 2118 989 viderit
2158 949 2186 986 a

622 1030 870 1075 «mante
920 1022 972 1075 in
1021 1031 1226 1076 terram
1278 1022 1475 1077 eﬂ'undi
1530 1033 1584 1076 et
1613 1024 1809 1088 libari,
1859 1033 1913 1079 et
1963 1039 2188 1080 accenso

623 1112 954 1182 blasphemio
984 1112 1049 1166 ab
1081 1111 1168 1166 his
1195 1114 1287 1182 qui
1315 1126 1376 1170 ea
1408 1127 1527 1182 quae
1559 1123 1686 1167 sunt
1724 1112 1938 1167 Domini
1979 1115 2188 1184 ingrate

624 1205 988 1265 manducant,
1023 1203 1286 1271 coeperint
1323 1202 1700 1270 blasphemare
1739 1203 1788 1254 in
1835 1200 2001 1256 Deum
2051 1219 2064 1256 :
2101 1202 2187 1256 ille

621 1302 797 1347 autem
827 1302 882 1344 ut
913 1292 1156 1347 Herodes
1192 1302 1409 1362 prOpter
1433 1293 1832 1347 discumbentes
1860 1293 2022 1347 fuerit
2052 1309 2182 1347 con-

620 1379 770 1435 fusus
815 1391 869 1436 et
917 1383 1168 1445 tacuerit,
1227 1397 1330 1434 non
1387 1396 1592 1449 ponens
1645 1393 1769 1436 ante
1816 1383 2001 1436 oculos
2061 1397 2186 1436 suos

619 1472 940 1535 Christum,
989 1482 1142 1540 negat
1195 1471 1437 1540 profecto
1482 1488 1638 1537 quem
1694 1489 1796 1526 nou
1853 1471 2184 1540 respondens

619 1559 926 1616 conﬁtetur.
965 1560 1026 1612 Et
1069 1561 1187 1612 ideo
1232 1561 1357 1614 dicit
1390 1560 1644 1614 Dmninus
1685 1583 1696 1614 :
1735 1563 2041 1631 Quicunque
2088 1579 2179 1615 ne-

619 1649 818 1716 gaverit
847 1665 925 1702 me
948 1664 1123 1700 coram
1150 1648 1450 1700 hominibus
1474 1649 1710 1716 ,vnegabo
1738 1660 1784 1700 et
1809 1665 1899 1716 ego
1922 1665 2037 1700 eum
2062 1657 2181 1701 ante

621 1737 834 1792 Patrem
860 1755 1023 1792 meum
1056 1739 1146 1805 qui
1186 1752 1257 1792 est
1285 1742 1335 1790 in
1365 1741 1525 1792 cmlis.
1554 1739 1718 1809 Negat
1742 1741 1881 1792 enim
1913 1755 2034 1794 eum
2062 1756 2178 1794 om-

2293 581 2469 626 meatu
2509 571 2776 643 jurgetur,
2823 584 2880 627 et
2929 573 3151 641 incipiat
3203 589 3496 644 suggerere
3542 585 3597 632 et
3652 577 3858 645 dicere,

2291 661 2516 728 Quando
2556 664 2662 717 erit
2685 662 2982 731 judicium?
3019 664 3241 732 quando
3285 665 3525 720 futurum
3570 667 3696 722 est?
3738 684 3862 723 nuta

2289 753 2396 808 hoc
2425 754 2661 823 pertinet
2705 755 2771 810 ad
2815 753 3022 808 Deum?
3065 754 3170 810 Iste
3205 755 3422 826 reliquit
3461 758 3684 825 celum,
3716 773 3770 815 et
3802 777 3860 815 ea

2289 859 2409 913 qua:
2437 845 2579 898 circa
2609 859 2696 900 me
2725 854 2854 899 sunt
2885 846 3064 900 videt?
3101 845 3354 917 Suggerit
3383 849 3528 903 enim
3572 851 3703 905 talia
3731 867 3863 907 cono

2289 937 2621 1006 cupiscentia
2663 955 2677 993 :
2728 939 2822 1009 qui
2874 940 3042 1009 igitur
3089 941 3436 996 consentiunt
3485 943 3612 1009 bis,
3669 956 3864 1016 negant

2288 1025 2477 1084 Deum.
2518 1028 2655 1094 Quid
2709 1039 2888 1084 autem
2938 1031 2992 1085 bi
3043 1033 3134 1101 qui
3177 1034 3504 1102 perjurant?
3545 1034 3664 1091 Non
3720 1040 3859 1091 enim

2287 1127 2495 1173 tantum
2514 1129 2736 1187 peccant
2754 1120 2806 1174 in
2833 1121 3104 1178 hominem
3122 1137 3278 1192 quem
3297 1135 3579 1193 spernunt,
3605 1138 3859 1196 quantum

2288 1209 2340 1263 in
2374 1209 2538 1264 Deum
2567 1226 2726 1281 quem
2758 1221 3114 1268 contemnunt
3148 1233 3161 1267 :
3189 1216 3280 1283 qui
3308 1216 3451 1269 enim
3491 1216 3858 1284 juramentum

2285 1303 2602 1370 contemnit,
2642 1304 2807 1358 Deum
2832 1314 3010 1374 negat.
3041 1305 3195 1360 Unde
3220 1315 3275 1361 et
3298 1321 3527 1376 parcens
3559 1310 3720 1364 nobis
3746 1310 3859 1363 Sal-

2287 1404 2459 1460 vator,
2489 1396 2552 1448 de
2579 1394 2700 1450 aliis
2746 1397 2957 1464 quidem
2987 1399 3223 1465 mandat,
3258 1408 3513 1469 quantum
3547 1410 3604 1454 et
3637 1401 3856 1455 deberet

2285 1485 2559 1540 mandare.
2600 1487 2678 1538 Ad
2699 1484 3061 1553 juramenlum
3090 1489 3307 1543 veniens
3325 1491 3393 1543 ob
3419 1489 3630 1544 facilem
3662 1491 3854 1562 lingua

2284 1574 2512 1645 lapsum,
2543 1590 2647 1631 non
2676 1577 2828 1640 dixit,
2853 1576 2990 1632 Vere
3009 1577 3208 1646 jurate.
3239 1578 3331 1634 sed
3358 1580 3412 1633 in
3442 1590 3614 1635 totum
3637 1583 3739 1644 ait,
3763 1582 3857 1635 Ja-

2283 1684 2402 1721 rare
2431 1669 2631 1732 nolite;
2665 1683 2731 1722 ne
2775 1668 2912 1723 forte
2961 1669 3138 1740 lingua
3169 1673 3468 1726 assuefacta
3498 1687 3630 1726 vere
3652 1671 3855 1740 jnrare,

2282 1759 2351 1811 ob
2391 1758 2599 1812 facilem
2651 1759 2862 1828 lapsum
2912 1761 2996 1814 sui
3040 1762 3303 1816 oberrans
3345 1762 3766 1832 periclitaretur,
3805 1773 3857 1818 et

620 1829 703 1882 nis
734 1830 1039 1898 quicunque
1073 1829 1306 1881 audierit
1344 1829 1786 1894 blaSphetnantes
1818 1838 1872 1883 et
1907 1832 2179 1882 tacuerit:
2216 1825 2256 1880 Β
2287 1825 2733 1917 ξηειξείοείιειεπίι
2769 1848 3090 1904 incurreret.
3131 1825 3443 1905 cenam'ina
3475 1852 3640 1921 igitur
3682 1855 3856 1924 quo“,

619 1926 778 1986 negat
805 1919 979 1971 omuis
1010 1919 1318 1986 quicunque
1363 1920 1593 1972 audierit
1641 1935 1857 1973 crucem
1880 1959 1893 1982 ,
1925 1929 1982 1972 et
2012 1921 2177 1988 depo-

617 2008 788 2061 suerit
836 2008 1050 2060 oculum
1101 2023 1254 2062 suum
1288 2011 1664 2064 erubescens:
1717 2012 1808 2078 qui
1856 2011 2072 2075 dicunt,
2109 2010 2177 2065 ad

620 2112 755 2163 quos
788 2096 972 2150 dicunt
1006 2111 1036 2150 a
1081 2098 1392 2167 parentibus
1426 2100 1631 2168 accepi,
1667 2108 1922 2167 tanquam
1966 2098 2180 2168 propel-

617 2187 786 2242 lentes
832 2202 861 2240 a
904 2203 962 2242 se
1005 2189 1222 2252 bonum,
1259 2199 1316 2243 et
1365 2200 1422 2243 ut
1471 2192 1522 2243 in
1576 2190 1771 2244 malum
1810 2191 2176 2245 hasreditatem

617 2279 946 2344 incidentes;
999 2281 1088 2348 qui
1134 2289 1424 2335 occurrunt
1474 2282 1790 2351 quibusdam
1841 2282 2178 2336 venientibus

615 2371 681 2423 ad
706 2369 1021 2436 Ecclesiam,
1056 2380 1110 2423 et
1144 2372 1410 2439 trepidant
1445 2373 1688 2442 pedibus,
1716 2372 1840 2442 quia
1871 2381 1924 2425 et
1967 2383 2174 2438 mente;

613 2459 705 2527 qui
753 2460 1025 2514 occultant
1071 2459 1337 2530 jejunium
1381 2470 1633 2531 tanquam
1679 2465 1746 2515 ad
1793 2462 2171 2531 opprobrium;

613 2551 706 2617 qui
739 2548 1140 2610 confunduntur
1180 2552 1330 2606 exire
1375 2552 1442 2605 ad
1482 2562 1771 2622 martyres,
1809 2554 1931 2621 quia
1983 2554 2172 2608 audie-

613 2650 739 2694 runt
786 2643 1042 2709 quosdam
1097 2641 1337 2696 dicentes
1391 2642 1512 2707 sibi,
1566 2643 1861 2697 debuerant
1915 2644 2169 2712 adjuvare

611 2741 877 2802 martyres
910 2732 1108 2786 Christi
1141 2751 1154 2785 :
1195 2731 1285 2800 qui
1326 2731 1516 2786 nolunt
1561 2733 1774 2788 irrideri
1818 2736 1885 2788 ab
1937 2736 2170 2788 homini-

612 2823 734 2884 bus,
781 2821 1107 2875 sustinentes
1153 2831 1338 2892 utpote
1383 2821 1510 2875 illud
1542 2821 1682 2890 quod
1730 2822 1808 2875 ait
1852 2824 2110 2890 propheta
2147 2841 2161 2878 :

613 2909 716 2977 Qui
743 2911 938 2965 habitat
981 2928 1035 2964 ιη
1077 2912 1218 2965 caelis
1261 2912 1496 2966 irridebit
1526 2929 1611 2966 eos
1637 2912 1700 2966 ".
1730 2914 1953 2983 Semper
1982 2929 2165 2983 perse-

607 3002 753 3055 cutio
787 3011 890 3068 est,
933 3016 1143 3071 semper
1177 3002 1445 3058 invisibile
1484 3003 1681 3056 bellum
1722 3005 1969 3070 habetur,
2024 3021 2166 3060 sem-

606 3106 706 3160 per
744 3107 977 3157 coronae,
1015 3107 1230 3161 semper
1275 3094 1580 3164 abnegatio.
1624 3095 1797 3149 Vultis
1829 3097 2018 3151 videre
2051 3111 2168 3151 cer-

2284 1939 2440 1992 diaua
2466 1951 2589 1993 sunt
2612 1941 2736 2003 ista,
2766 1956 2886 2011 qua:
2913 1957 3014 2010 per
3042 1943 3160 1998 dies
3202 1959 3265 1998 ac
3290 1955 3473 2000 noctes
3501 1958 3629 2000 sunt
3662 1949 3851 2003 nobis;

2281 2029 2623 2098 pulchritudo
2647 2032 2788 2086 enim
2821 2033 3095 2102 proposita
3119 2044 3201 2089 est
3224 2037 3484 2102 mulieris,
3511 2049 3568 2093 et
3596 2039 3855 2112 eﬂulgeus

2281 2116 2477 2189 efﬁgies
2502 2118 2647 2175 Jesu.
2708 2121 2776 2177 Et
2835 2124 2924 2178 ille
2973 2127 3190 2195 quidem
3227 2129 3472 2184 deorsum
3529 2131 3767 2200 inspexit
3805 2144 3854 2188 et

2281 2208 2450 2277 perit;
2505 2211 2641 2265 alius
2674 2222 2847 2267 autem
2877 2229 3088 2271 sursum
3120 2220 3385 2289 respexit,
3415 2231 3472 2275 et
3493 2233 3805 2292 assumptus
3836 2243 3846 2278 :

2280 2297 2368 2353 ubi
2412 2302 2555 2355 enim
2591 2317 2704 2368 cor,
2737 2303 2845 2360 illic
2895 2318 2949 2361 et
2978 2309 3165 2365 oculus
3217 2301 3465 2366 habetur.
3499 2311 3846 2383 Propositum

2278 2401 2360 2445 est
2389 2407 2518 2448 sane
2556 2405 2608 2449 et
2635 2410 2824 2451 aurum
2859 2407 2913 2452 et
2939 2397 3117 2468 Jesns,
3150 2412 3202 2456 et
3247 2419 3349 2458 non
3378 2415 3461 2459 est
3488 2407 3709 2476 quidem
3734 2423 3851 2476 pro-

2275 2478 2472 2546 positio
2528 2485 2767 2550 aequalis.
2834 2483 2978 2551 Quid
3038 2500 3240 2554 autem,
3305 2493 3433 2562 quia
3494 2509 3598 2548 nec
3659 2499 3848 2566 aequali

2277 2571 2498 2636 utimur,
2556 2575 2648 2628 sed
2695 2575 3010 2633 decliviores
3049 2578 3310 2636 efficimur
3376 2584 3442 2637 ad
3505 2585 3745 2654 minora,
3799 2598 3848 2643 et

2274 2661 2409 2714 adeo
2437 2660 2744 2719 fraudamur
2777 2668 2846 2722 ob
2897 2682 2960 2722 ea
2988 2685 3108 2739 qua
3159 2687 3263 2727 non
3290 2674 3496 2729 vivunt.
3524 2675 3583 2730 In
3615 2693 3848 2748 unoquo-

2273 2765 2378 2821 que
2435 2755 2594 2826 igitur
2648 2758 2947 2816 istiusmodi
3005 2772 3126 2817 actu
3160 2767 3456 2820 certamina
3496 2776 3623 2823 sunt
3653 2771 3847 2837 posita,

2272 2851 2326 2897 et
2388 2851 2682 2901 certamina
2741 2849 3053 2919 domestica,
3125 2854 3251 2924 quia
3313 2856 3379 2910 ab
3442 2856 3588 2911 intus
3655 2858 3846 2914 mulier

2273 2933 2499 3002 videtur,
2535 2949 2587 2992 et
2632 2939 2970 3009 pulchritudo
3021 2958 3086 2998 ex
3132 2947 3567 3015 concupiscentia
3620 2950 3844 3005 exarde-

2272 3026 2392 3090 scit,
2439 3037 2495 3080 et
2526 3042 2622 3082 nos
2671 3042 2944 3100 provocat,
2993 3044 3045 3087 et
3090 3036 3314 3091 ambitio
3344 3037 3598 3104 delectat,
3647 3051 3706 3096 et
3732 3057 3844 3098 ser-

2274 3131 2366 3172 mo
2417 3121 2679 3185 hortatur,
2734 3133 2786 3176 et
2835 3122 2898 3178 lis
2944 3135 2997 3178 et
3039 3125 3349 3182 colluctatio
3395 3144 3463 3185 ex
3513 3131 3631 3186 rixa
3687 3133 3842 3190 elﬁci-

611 3182 811 3292 ltaminja
865 3184 1268 3292 religiositatis?
1315 3182 1704 3292 Nonnunquam
1765 3185 2014 3240 eﬂerbuit
2053 3189 2173 3256 quis
2201 3194 2241 3251 C
2278 3217 2384 3273 ειη⁹
2431 3221 2486 3265 ει
2513 3225 2615 3265 non
2643 3182 2904 3269 adversus
2953 3220 3270 3288 sanguine",
3299 3182 3842 3292 ςηίρΡε-έξξπῑῶ,

606 3271 688 3328 ira
726 3274 1010 3329 adversum
1057 3275 1328 3329 subditum
1365 3277 1500 3341 sibi;
1554 3291 1947 3332 rememoratus
1985 3288 2165 3334 autem

609 3364 838 3428 Domini,
871 3365 1118 3434 deposuit
1146 3367 1494 3420 acerbitatem
1537 3385 1551 3420 :
1587 3367 1738 3436 pejus
1766 3371 1908 3423 enim
1943 3380 2024 3424 est
2055 3370 2165 3425 fer-

604 3457 720 3511 vori
775 3457 1007 3511 incensae
1062 3458 1154 3512 irin
1205 3459 1480 3521 resistere,
1530 3475 1692 3526 quam
1740 3459 1968 3516 flamma:
2021 3463 2159 3530 ignis

603 3560 776 3616 quina
818 3545 948 3599 foris
995 3545 1242 3600 habetur.
1283 3545 1415 3612 Quia
1466 3547 1627 3615 igitur
1680 3558 1883 3618 martyr
1933 3559 2014 3604 est
2051 3553 2145 3619 qui

601 3647 816 3708 propter
875 3636 1044 3691 Deum
1091 3640 1161 3691 ad
1211 3639 1535 3692 exteriorem
1581 3637 1853 3694 flammam
1894 3641 2099 3695 resistit
2145 3656 2158 3693 :

602 3753 808 3814 martyr
845 3751 900 3797 et
927 3743 1079 3797 valde
1106 3754 1334 3814 martyr,
1375 3745 1464 3814 qui
1499 3747 1792 3816 exstinguit
1817 3749 2042 3804 interius
2078 3749 2161 3805 in-

599 3835 845 3888 cendium
878 3834 1089 3888 invidia:
1115 3847 1330 3904 propter
1357 3835 1635 3891 Dominum
1661 3836 1879 3906 Jesum;
1910 3857 2157 3896 nonnun-

599 3938 760 3992 quam
797 3926 942 3978 enim
987 3925 1196 3980 videtur
1225 3927 1425 3996 aliquid
1458 3930 1658 3983 bonum
1709 3941 1799 3986 aut
1839 3933 2058 4000 malum,
2103 3946 2158 3991 et

597 4018 840 4085 exsurgit
880 4018 1098 4083 invidia,
1133 4033 1185 4073 et
1215 4034 1370 4074 nemo
1410 4021 1587 4087 videt;
1637 4022 1806 4078 latent
1850 4026 1994 4080 enim
2039 4042 2157 4096 qua:

599 4112 744 4161 intus
770 4117 916 4162 sunt.
960 4109 1095 4176 Quia
1127 4119 1302 4164 autem
1339 4120 1566 4166 testatur
1599 4113 1738 4168 Deus
1763 4116 2046 4171 adversum
2072 4119 2156 4172 in-

599 4198 793 4252 vidiam
844 4201 912 4254 ad
964 4201 1110 4254 illum
1158 4202 1484 4270 respiciens,
1532 4206 1670 4259 sicut
1707 4205 2010 4279 Joses(88‘)
2045 4225 2150 4265 non

599 4289 816 4344 vidente
877 4290 1097 4346 Domino
1125 4290 1234 4364 (89)
1273 4296 1504 4363 quierat
1535 4298 1585 4350 in
1612 4305 1778 4362 terra,
1807 4301 1872 4353 ad
1915 4302 2156 4356 invisibi-

596 4379 700 4435 lem
729 4384 997 4451 respexit,
1033 4394 1088 4437 et
1126 4386 1426 4440 mercedem
1468 4390 1727 4457 propositi
1761 4393 2009 4457 sumpsit.
2043 4391 2151 4450 lte-

595 4485 714 4526 rum
749 4474 839 4542 qui
873 4472 1110 4527 refrenat
1160 4475 1416 4530 invidiam
1462 4491 1670 4549 martyr
1705 4482 1934 4548 exsistit,
1981 4492 2035 4539 et
2060 4485 2150 4555 qui

2275 3303 2367 3357 sed
2395 3305 2676 3360 adversum
2715 3308 3010 3365 invisibiles
3046 3309 3300 3368 inimicos
3330 3313 3758 3373 invisibiliteret
3792 3320 3849 3373 in

2272 3391 2357 3445 his
2397 3394 2648 3448 omnibus
2678 3399 2974 3452 certamina
3007 3411 3130 3454 sunt
3178 3410 3233 3456 et
3261 3416 3481 3472 agones.
3537 3405 3674 3460 Cum
3701 3405 3836 3477 jeju-

2271 3484 2416 3539 nium
2448 3495 2502 3540 et
2525 3500 2648 3542 esca
2676 3493 3010 3559 prOponitur,
3041 3509 3161 3546 cum
3185 3495 3304 3550 sitis
3330 3508 3384 3550 et
3405 3495 3696 3566 jejunium,
3721 3516 3839 3554 cum

2268 3579 2520 3646 pudicitia
2552 3591 2608 3635 et
2653 3580 2838 3645 libido,
2885 3599 3005 3638 cum
3055 3585 3298 3642 Ecclesia
3337 3601 3395 3645 et
3445 3591 3684 3657 theatra,
3722 3609 3840 3648 cum

2268 3669 2382 3724 dies
2404 3671 2610 3740 Domini
2629 3685 2682 3729 et
2706 3674 2818 3730 dies
2845 3676 3245 3746 dmmoniorum,
3273 3696 3393 3735 cum
3415 3681 3639 3739 aﬂ‘ectus
3655 3684 3724 3738 ad
3744 3687 3837 3740 ho~

2267 3763 2438 3819 mines
2466 3773 2519 3818 et
2549 3765 2782 3821 cbaritas
2807 3769 2873 3823 ad
2906 3770 3093 3824 Deum.
3127 3772 3192 3826 Et
3232 3774 3284 3826 in
3311 3774 3398 3828 his
3431 3777 3687 3832 omnibus
3719 3776 3838 3847 qni-

2265 3854 2390 3909 dant
2423 3857 2637 3925 quidem
2673 3869 2894 3928 negant,
2941 3861 3158 3931 quidam
3185 3875 3362 3919 autem
3397 3865 3760 3933 confitentur;
3785 3878 3837 3927 et

2267 3949 2632 4018 unusquisque
2663 3951 2763 4006 sibi
2802 3963 3064 4021 procurat
3095 3953 3292 4008 bonum
3326 3965 3421 4011 ant
3448 3958 3673 4025 malum,
3693 3958 3836 4028 judi-

2263 4037 2410 4092 cium
2441 4047 2533 4093 aut
2587 4040 2848 4109 requiem,
2879 4043 3180 4112 gehennam
3227 4054 3319 4100 aut
3352 4061 3515 4117 regna
3553 4051 3836 4106 calorum.

2263 4127 2401 4194 Quid
2433 4139 2610 4186 autem
2653 4132 2704 4186 hi
2763 4135 2852 4202 qui
2889 4136 3209 4203 sortiuntur,
3261 4139 3352 4207 qui
3381 4140 3447 4194 ad
3477 4151 3630 4196 vates
3665 4143 3835 4199 idolo-

2262 4236 2378 4302 rum
2407 4223 2673 4292 pergunt?
2709 4223 2801 4279 lsti
2838 4227 3047 4282 occulte
3081 4228 3390 4287 sacrificant
3436 4231 3613 4294 idolis,
3649 4243 3708 4288 et
3739 4251 3834 4290 ne—

2261 4309 2607 4381 gantDeum.
2648 4313 2784 4382 Quid
2827 4315 2880 4370 hi
2933 4317 3028 4386 qui
3054 4323 3282 4373 credunt
3318 4322 3444 4389 quia
3473 4336 3501 4376 a
3550 4323 3724 4378 stellis
3755 4328 3832 4380 eis

2259 4403 2398 4458 mala
2432 4406 2775 4475 proveniunt,
2829 4418 2885 4463 et
2936 4408 3106 4463 fatum
3146 4425 3267 4466 esse
3294 4410 3576 4468 fatentur!
3605 4414 3744 4482 Quid
3777 4418 3828 4472 hi

2258 4495 2349 4563 qui
2375 4496 2745 4564 auspicantur,
2773 4501 2864 4566 qui
2897 4499 3015 4554 dies
3036 4508 3092 4554 et
3119 4514 3280 4555 voces
3301 4512 3356 4556 et
3375 4517 3570 4572 passus
3597 4505 3827 4561 vitantes

595 4561 875 4617 alacritate
897 4563 1218 4634 judicavcrit
1247 4566 1386 4620 male
1413 4567 1480 4622 de
1521 4570 1685 4624 fratre
1729 4571 1892 4640 loqui,
1923 4585 1974 4628 et
2001 4544 2138 4631 mea-
2181 4544 2232 4602 υ
2258 4544 2601 4639 gustoditrmt?
2628 4544 2864 4642 Autnjou
2908 4588 3078 4658 plenae
3107 4599 3234 4644 sunt
3265 4592 3350 4645 his
3375 4544 3568 4647 lomnes
3595 4594 3825 4648 maxime

596 4659 708 4704 tum
751 4666 919 4720 usque
959 4653 1025 4706 ad
1074 4652 1308 4722 linguam
1341 4658 1647 4726 protulerit,
1688 4677 1748 4718 os
1783 4675 1959 4721 autem
1992 4682 2149 4724 suum

2276 4675 2519 4729 nulieres
2541 4652 3099 4733 observantes'talia?
3147 4679 3281 4747 Quis
3312 4681 3524 4736 locutus
3561 4681 3684 4737 est?
3707 4682 3823 4753 quis

594 4750 816 4844 ᾓτορίθτ
845 4739 939 4844 ξεί
973 4742 1217 4844 “mtrem
1265 4761 1370 4844 “gn
1408 4754 1704 4819 δρετυθτίιο
1755 4755 1863 4811 iste
1900 4760 2150 4815 lnvisibi-
2249 4783 2346 4840 per
2390 4781 2550 4822 nares
2579 4768 2828 4839 spiritum
2877 4739 3290 4843 pmtulithuis
3336 4783 3515 4828 motus
3554 4774 3674 4828 est?

595 4829 718 4884 liter
745 4831 1037 4934 conﬁtetur
1077 4833 1371 4934 Deum.
1408 4843 1494 4894 cui
1532 4843 1739 4898 licitum
1789 4857 1873 4902 est
1899 4847 2154 4907 fraudare
2245 4829 2363 4916 avis
2396 4829 2626 4926 volavit:
2649 4873 2706 4916 et
2755 4829 2921 4928 unde,
2976 4872 3070 4917 aut
3094 4829 3387 4934 qudmodo,
3435 4875 3529 4919 aut
3555 4829 3817 4934 qualiter!

591 4931 657 5023 et.
675 4937 779 4975 non
813 4923 1057 4991 fraudat;
1084 4927 1252 5023 et‘cui‘
1285 4926 1490 4984 licitum
1518 4944 1601 4988 est
1634 4936 1804 4993 furari
1845 4939 2150 5012 conjugium
2244 4952 2370 5022 quis
2401 4923 2668 5006 ululavit!
2718 4923 2916 5008 canes-
2947 4923 3208 5009 debemus
3251 4923 3532 5011 recludere
3572 4923 3721 5023 istas,
3751 4970 3815 5011 ne

591 5010 860 5115 ιιίεῐξξιξξξν
913 5023 970 5069 οι
1016 5017 1190 5115 Par-cit
1239 5017 1316 5115 i0_
1345 5023 1597 5115 οιιιιιίιξυε
1650 5026 1735 5080 his
1791 5042 1911 5097 quae
1962 5010 2150 5086 οέυιιιε
2244 5010 2540 5112 prowdant
2568 5056 2598 5097 e
2627 5041 2897 5098 domibus.
2922 5041 3064 5099 Fieri
3088 5045 3231 5100 enim
3258 5059 3364 5099 non
3395 5010 3594 5115 potest,
3629 5010 3812 5101 non

590 5103 857 5205 sensibilis
907 5120 1012 5160 non
1047 5108 1250 5205 fidet,
1301 5109 1586 5169 invisibilis
1641 5130 1823 5171 autem
1877 5119 2144 5190 intuetur,
2244 5103 2451 5203 “aliquid
2480 5131 2588 5187 tate
2613 5141 2885 5205 occurrat.
2915 5132 3287 5205 vosmetipsos
3324 5103 3653 5204 primum};
3681 5137 3812 5192 vide-

590 5195 850 5298 martyria
866 5196 1307 5298 «confessiones
1326 5204 1612 5261 habentur.
1630 5205 1838 5280 Negant
1865 5223 2046 5266 autem
2087 5225 2145 5267 re
2240 5195 2370 5277 bitis
2403 5224 2614 5292 quoties
2639 5202 2713 5278 ad
2743 5223 3050 5281 istiusmodi
3087 5195 3343 5281 certastis
3389 5195 3649 5298 auspicia,
3678 5242 3807 5297 quo-

589 5287 704 5357 ipsa
744 5296 800 5343 et
837 5303 999 5358 opere
1030 5290 1129 5356 illi,
1161 5308 1296 5364 quos
1334 5311 1459 5353 cum
1493 5302 1727 5357 tenuerit
1762 5305 2146 5374 concupiscen-
2243 5311 2346 5368 ties
2377 5287 2521 5367 mota
2552 5323 2639 5369 est
2667 5314 3127 5386 concupiscentia,
3170 5318 3267 5372 sed
3295 5325 3350 5371 et
3371 5287 3754 5373 memoriaDei
3785 5333 3802 5370 :

589 5381 697 5477 tia‘,
749 5390 804 5437 et
851 5391 972 5477 post
1037 5385 1152 5442 hac
1213 5389 1423 5446 venerit
1493 5391 1794 5464 Scriptura
1847 5397 2146 5464 memoria,
2241 5411 2299 5459 et
2322 5411 2442 5459 erat
2464 5413 2760 5474 certamen,
2783 5381 3152 5477 et—contentio,
3177 5417 3233 5466 et
3251 5422 3462 5464 cursus.
3497 5408 3562 5465 Et
3587 5408 3724 5466 sicut
3751 5409 3800 5465 in

589 5470 712 5540 quia
763 5481 852 5529 est
900 5473 1042 5534 Deus
1091 5479 1182 5551 qui
1233 5480 1382 5538 videt
1420 5488 1476 5540 et
1519 5484 1750 5557 judicat,
1784 5497 1836 5547 et
1891 5489 2017 5560 quia
2067 5498 2150 5548 est
2244 5491 2514 5564 palcstris
2543 5493 2684 5550 alius
2710 5470 3004 5567 aliquando
3055 5470 3305 5570 superior
3331 5495 3561 5555 emeitnr
3603 5499 3802 5567 alio,et

653 5606 696 5638 ’τ
719 5604 863 5664 Psal.
888 5625 952 5679 tt,
976 5612 1030 5669 ι.

652 5759 788 5833 (λε’)
832 5763 1003 5823 Ῐοκεο
1031 5765 1213 5840 Forte,
1249 5754 1439 5829 tam.
2301 5780 2413 5854 (89)
2442 5779 2545 5839 Is.
2567 5782 2701 5839 sicut
2726 5779 2922 5856 Ioseph
2946 5799 3049 5840 non
3073 5785 3270 5841 vidente
3287 5784 3534 5840 Domino.
