4048 6322
143 386 278 442 1189

1200 372 1289 431 DE
1328 368 1673 429 OPERIBUS
1712 366 1913 422 BONIS
1952 365 2040 421 ET
2081 364 2310 423 MALIS.

3280 369 3422 425 “90

146 503 432 575 aliquando
454 499 677 557 inferior
699 496 869 565 iacet,
895 505 949 551 et
979 496 1032 550 in
1060 494 1177 564 ipsa
1206 490 1599 549 colluctatione
1622 488 1733 543 ire-
1762 493 1807 548 Α
1837 486 1924 539 nia
1992 484 2341 575 dispendium,
2377 480 2782 575 obumbratum.
2839 480 2951 575 Ubi
2995 490 3081 537 est
3129 482 3426 541 hesternas

144 606 366 668 quenter
411 592 698 649 conversio
753 598 837 645 est
880 587 1053 653 facta;
1107 588 1179 641 ita
1210 593 1264 640 et
1300 599 1495 639 sensus
1530 581 1727 649 saepius

143 703 261 744 cum
290 684 733 752 concupiscentia
763 681 1000 735 luctatus
1037 685 1125 732 est.
1152 676 1207 731 in
1234 674 1467 739 lectulis,
1500 673 1553 727 in
1588 672 1725 736 foro,

147 777 195 830 in
223 776 408 841 domo,
446 774 498 828 in
532 774 783 837 theatris,
817 772 870 826 in
916 768 1289 838 lupanaribus.
1334 766 1399 820 Et
1428 766 1543 821 haec
1595 763 1729 817 facit

146 882 261 938 qua
304 875 361 921 et
402 864 581 920 oculis
616 864 860 918 videmus
894 862 1183 915 visibiliter
1212 878 1225 913 :
1262 859 1434 911 tenuit
1464 854 1726 924 concupi-

144 959 373 1021 scentia,
410 965 469 1010 et
503 953 707 1026 pepulit
737 970 977 1017 sensum,
1012 962 1066 1006 et
1102 950 1302 1005 occidit
1344 947 1637 1017 cogitatus,
1674 952 1730 1000 et

145 1049 491 1121 superposuit
547 1062 607 1103 se
645 1048 1100 1115 concupiscentia.
1153 1046 1348 1100 lterum
1395 1051 1577 1095 autem
1623 1039 1726 1091 vim

144 1140 350 1195 faciens
396 1152 597 1192 sensus
641 1145 920 1191 correctus
975 1143 1075 1193 est.
1140 1142 1190 1187 et
1236 1131 1520 1201 superbior
1553 1126 1729 1180 factus

144 1241 246 1296 est,
278 1230 558 1301 superavit
590 1226 915 1283 desiderium
959 1224 1303 1280 libidinosum
1338 1236 1351 1274 :
1388 1222 1579 1274 horum
1613 1232 1730 1270 om-

144 1325 289 1378 nium
317 1322 755 1392 experimentum
785 1319 923 1387 apud
951 1332 1049 1371 vos
1080 1324 1187 1371 est.
1220 1314 1385 1368 Scitis
1414 1312 1558 1366 enim
1590 1324 1728 1377 quo-

147 1413 247 1468 lies
296 1414 363 1467 ad
408 1410 932 1481 concupiscentiam,
964 1407 1175 1477 quoties
1216 1405 1283 1459 ad
1312 1404 1586 1457 libidinem
1614 1401 1731 1454 ille—

145 1506 213 1560 cti
247 1506 407 1568 estis,
435 1506 649 1573 quoties
680 1502 745 1554 ad
774 1500 1084 1565 avaritiam,
1114 1496 1332 1567 quoties
1357 1496 1423 1549 ad
1454 1494 1725 1558 fraudem,

145 1598 357 1667 quoties
385 1596 455 1650 ad
491 1596 652 1661 iram,
686 1594 897 1663 quoties
934 1591 999 1645 ad
1048 1589 1471 1657 indignationem
1509 1603 1522 1639 :
1560 1584 1728 1639 decli-

145 1690 227 1744 vis
246 1691 393 1744 enim
420 1704 549 1744 caro
583 1687 648 1741 ad
682 1688 782 1740 ista
808 1694 889 1739 est
920 1685 1070 1748 vitia,
1096 1694 1146 1737 et
1182 1682 1347 1752 ipsius
1368 1680 1551 1734 carnis
1583 1692 1729 1733 mea-

147 1789 251 1836 tus.
279 1779 464 1835 Vincit
506 1788 683 1835 autem
713 1778 827 1832 haec
855 1777 1125 1846 cogitatus
1152 1775 1455 1830 colluctans
1487 1786 1583 1841 per
1616 1770 1729 1840 spi-

1833 576 1971 642 dies,
2028 586 2084 629 ut
2114 576 2189 629 sis
2229 574 2493 630 sollicitus
2538 574 2605 627 de
2658 574 2962 629 hodierno?
2996 575 3083 629 ubi
3141 586 3268 631 sunt
3303 592 3428 647 qua

1833 665 1950 719 beri
2000 664 2052 719 in
2107 673 2349 719 ventrem
2384 664 2549 717 missa
2600 673 2747 729 sunt,
2794 673 2853 717 ut
2907 665 3100 719 iterum
3153 682 3427 737 praepares

1835 756 2041 811 multa?
2066 754 2258 825 Figura
2291 762 2373 810 est
2399 769 2639 824 praesens
2668 756 2947 821 saeculum,
2978 766 3033 811 et
3060 772 3163 811 non
3188 761 3422 817 veritas:

1836 851 2042 903 umbrae
2086 848 2330 902 volantes
2375 858 2520 901 sunt.
2564 846 2702 913 Quid
2764 848 3006 903 velocius
3056 850 3169 905 sole
3227 852 3281 906 in
3318 868 3426 923 quo

1837 950 2181 994 mensuratur
2212 939 2319 993 vita
2345 938 2368 992 ?
2398 939 2679 1008 Evigilate,
2714 939 2857 1007 iusti,
2885 948 2940 993 et
2980 940 3145 995 nolite
3172 957 3421 1009 peccare.

1836 1032 2121 1087 Peccatum
2176 1039 2360 1085 autem
2408 1031 2637 1086 ellicitur
2676 1032 2746 1086 ob
2793 1034 3156 1101 ignorantiam
3192 1034 3307 1089 Dei.
3366 1035 3423 1089 Si

1835 1123 1981 1175 enim
2039 1122 2255 1191 agnitus
2288 1122 2456 1176 fuerit.
2508 1122 2648 1177 Deus
2682 1124 2773 1192 qui
2808 1124 2990 1177 omnia
3035 1125 3296 1190 intuetur,
3337 1142 3423 1182 re-

1836 1213 2140 1281 percutitur
2170 1227 2333 1268 omne
2377 1223 2683 1281 peccatum.
2743 1216 2850 1269 Deo
2880 1216 3026 1269 enim
3064 1228 3330 1283 praesente
3372 1229 3424 1274 et

1836 1306 2056 1359 vidente
2085 1306 2207 1374 quis
2232 1305 2363 1361 velit
2412 1305 2579 1359 furari
2600 1308 2623 1359 τ
2648 1305 2749 1372 Qui
2781 1316 2961 1363 autem
2994 1309 3236 1377 furatur,
3274 1313 3425 1380 prius

1838 1398 2305 1468 irreligiositatem
2340 1399 2598 1465 admittit,
2631 1407 2685 1453 et
2729 1400 2803 1453 ita
2853 1412 3033 1455 nocet.
3073 1401 3131 1457 Si
3162 1404 3307 1457 enim
3338 1420 3425 1460 co-

1835 1491 2063 1561 gitasset
2110 1491 2242 1546 Cain
2286 1492 2412 1561 quia
2443 1493 2592 1547 videt
2621 1495 2785 1557 Deus,
2830 1509 3105 1565 nunquam
3134 1495 3425 1550 occidisset

1835 1580 1990 1645 Abel,
2022 1596 2183 1651 quem
2230 1593 2285 1637 et
2318 1583 2609 1652 abnegavit
2657 1584 2902 1640 fratrem.
2930 1584 2987 1639 Si
3016 1585 3279 1641 vidissent
3314 1587 3425 1641 Eva

1836 1682 1892 1727 et
1935 1672 2107 1727 Adam
2138 1672 2327 1737 Deum,
2381 1689 2485 1731 nou
2532 1676 2797 1730 vidissent
2859 1678 3131 1733 arborem.
3173 1677 3425 1746 Nunquid

1840 1778 2129 1834 possumus
2176 1766 2230 1821 in
2258 1768 2393 1822 duas
2415 1766 2582 1821 facies
2617 1770 2777 1822 simul
2817 1770 2988 1823 visum
3016 1771 3297 1826 intendere
3328 1786 3427 1824 no-

149 1874 331 1928 ritum.
365 1872 443 1926 Ita
484 1883 868 1938 nonnunquam
904 1869 1152 1921 videmus
1179 1878 1470 1937 pauperem
1501 1882 1512 1916 :
1550 1871 1607 1917 e1.
1634 1863 1731 1915 mi-
1766 1856 1809 1910 Β
1834 1859 2053 1913 stram?
2083 1860 2189 1915 Sed
2216 1876 2322 1916 non
2346 1861 2571 1929 suscipit
2593 1861 2801 1915 oculus.
2834 1861 2951 1915 Non
2991 1878 3273 1930 possumus
3295 1878 3427 1932 ergo

147 1963 441 2018 scricordia
478 1948 691 2031 quidem
740 1958 933 2022 ﬂectit,
964 1958 1190 2012 avaritia
1240 1966 1420 2010 autem
1474 1964 1728 2018 revocat;

148 2057 200 2102 et
226 2049 476 2104 volumus
493 2058 847 2117 agnoscentes
872 2061 993 2101 cum
1018 2060 1185 2115 gener
1202 2055 1287 2100 est
1307 2045 1554 2100 misereri
1580 2044 1691 2115 (90)
1711 2060 1727 2108 ;

150 2142 201 2195 id
231 2150 418 2195 autem
456 2140 601 2208 quod
648 2139 883 2193 alienum
914 2149 998 2193 est
1030 2153 1137 2192 non
1167 2138 1316 2191 sinit.
1348 2137 1426 2190 lta
1450 2146 1731 2191 certamen

150 2239 228 2284 est
259 2230 557 2283 maximum
584 2230 633 2282 in
665 2229 965 2283 istiusmodi
990 2228 1236 2293 actibus;
1270 2226 1336 2279 de
1367 2228 1477 2280 Deo
1504 2224 1650 2279 enim
1679 2233 1735 2280 et

151 2322 215 2376 de
247 2335 559 2377 mammona
614 2329 885 2375 certamen
925 2319 1176 2380 habetur,
1210 2317 1335 2385 quia
1376 2324 1431 2369 et
1476 2313 1735 2369 Dominus

153 2414 265 2482 ipse
294 2413 431 2467 dicit
463 2436 475 2469 :
520 2410 689 2465 Nemo
724 2421 885 2478 potest
932 2412 1133 2487 duobus
1178 2410 1406 2462 dominis
1439 2408 1629 2461 servire
1653 2406 1733 2473 ⁸⁸;

150 2513 205 2559 et
233 2504 466 2574 opponit
500 2518 863 2557 mammonam
898 2502 1091 2556 anima:
1120 2500 1175 2554 in
1216 2499 1326 2554 Deo
1355 2500 1593 2564 viventi;
1628 2516 1734 2555 non

151 2597 275 2665 quia
303 2594 731 2651 commutatione
761 2593 959 2663 aliqua,
992 2593 1089 2647 sed
1119 2593 1242 2660 quia
1267 2591 1495 2646 eiilcitur
1516 2592 1569 2646 id
1593 2594 1735 2662 quod

152 2687 267 2742 ﬁeri
299 2702 406 2743 non
436 2686 675 2741 deberet.
709 2686 848 2757 Ergo
879 2694 1145 2756 martyres
1186 2684 1487 2739 eﬂiciamur
1526 2683 1642 2749 Dei,
1680 2692 1736 2739 et

155 2792 258 2831 non
290 2792 482 2846 parum
515 2788 763 2844 putemus
784 2779 924 2845 quod
950 2778 1026 2829 ait
1055 2793 1069 2829 :
1095 2776 1395 2843 Conﬁtebor
1420 2783 1470 2829 et
1494 2791 1587 2844 ego
1617 2791 1736 2828 eum

154 2882 329 2919 coram
363 2866 525 2921 Patre
555 2883 667 2920 meo
697 2869 786 2936 qui
824 2881 898 2921 est
927 2868 978 2920 in
1011 2867 1153 2921 ariis
1177 2867 1242 2920 ".
1296 2866 1400 2921 ista
1440 2868 1583 2921 enim
1618 2881 1737 2935 quae

154 2960 244 3013 hic
282 2970 431 3023 sunt,
460 2961 740 3019 nobiscum
788 2976 893 3015 non
918 2970 1176 3029 pergent;
1220 2960 1267 3015 si
1298 2970 1478 3014 autem
1512 2960 1735 3025 vadunt,

154 3051 515 3111 convincatur
542 3066 757 3118 sermo;
800 3067 987 3107 verum
1021 3053 1182 3108 isthic
1215 3062 1463 3120 manent;
1495 3068 1614 3122 qua
1638 3067 1736 3106 au-

153 3152 264 3198 tem
311 3158 380 3197 ex
428 3144 561 3212 ipsis
609 3152 735 3199 sunt
778 3156 1025 3213 peccata,
1076 3145 1354 3199 nobiscum
1379 3154 1435 3199 et
1486 3156 1613 3199 ante
1639 3159 1739 3199 nos

1838 1950 1892 2004 in
1924 1950 2092 2005 Deum
2121 1960 2176 2006 et
2208 1953 2261 2005 in
2303 1953 2585 2007 mulierem
2626 1954 2786 2008 simul
2830 1954 3057 2009 videre:
3092 1956 3233 2009 sicut
3278 1956 3424 2010 enim

1838 2058 1997 2098 nemo
2023 2051 2201 2113 potest
2231 2044 2443 2101 duobus
2479 2045 2717 2102 dominis
2758 2048 2987 2112 servire,
3031 2048 3105 2101 ita
3136 2064 3296 2103 nemo
3331 2063 3427 2118 po-

1837 2144 1945 2189 test
1979 2137 2111 2191 duos
2140 2136 2319 2190 vultus
2357 2136 2517 2191 simul
2556 2137 2845 2206 inspicere.
2877 2137 3112 2193 Tantum
3154 2156 3425 2210 propona-

1834 2236 1924 2282 tur
1942 2234 2070 2281 ante
2092 2226 2281 2282 oculos
2306 2226 2466 2293 Deus,
2494 2236 2548 2282 et
2565 2228 2745 2282 omnia
2772 2231 2823 2282 in
2855 2229 3245 2299 tranquillitate
3261 2240 3419 2297 sunt;

1836 2320 1931 2375 sed
1972 2335 2074 2374 nec
2135 2319 2322 2375 labore
2363 2330 2449 2375 est
2482 2334 2639 2390 opus,
2680 2319 2874 2375 suﬂicit
2920 2322 3063 2375 enim
3108 2322 3200 2391 qui
3244 2324 3421 2377 adest.

1837 2408 1937 2475 Qui
1973 2410 2197 2479 respicit
2233 2408 2301 2463 ad
2328 2410 2518 2475 Deum,
2564 2413 2796 2481 primum
2832 2411 3049 2479 quidem
3081 2412 3243 2466 habet
3270 2413 3425 2481 adju-

1838 2499 2035 2553 torium
2082 2513 2111 2551 a
2149 2507 2451 2568 praesente;
2502 2501 2742 2571 posthaec
2784 2514 2967 2556 autem
3002 2513 3058 2557 et
3104 2504 3425 2574 possibilem

1837 2592 1941 2647 sibi
1972 2592 2331 2647 imitationem
2362 2602 2418 2647 et
2446 2593 2694 2647 timorem
2746 2593 2909 2661 boni;
2942 2607 2998 2650 et
3040 2596 3093 2651 in
3124 2597 3289 2651 tutela
3313 2607 3421 2660 est,

1838 2693 1893 2739 et
1920 2699 2037 2740 non
2064 2683 2276 2738 accedit
2308 2696 2589 2755 peccatum
2628 2688 2679 2743 in
2711 2688 2834 2743 isto.
2882 2687 3057 2743 Unum
3087 2704 3157 2745 ex
3180 2690 3265 2743 his
3289 2704 3430 2761 opus

1838 2784 1938 2839 est,
1984 2786 2041 2829 ut
2071 2785 2326 2830 creaatur
2369 2778 2495 2847 quia
2525 2788 2610 2835 est
2662 2778 2822 2847 Deus,
2852 2793 2907 2836 et
2938 2782 3093 2837 adest
3120 2790 3175 2836 et
3194 2781 3340 2837 videt
3372 2790 3431 2839 et

1838 2877 2114 2924 scrutatur
2141 2884 2203 2924 et
2252 2867 2384 2921 nihil
2412 2876 2495 2922 est
2530 2870 2675 2937 quod
2724 2884 2847 2923 eum
2896 2870 3068 2938 possit
3121 2868 3329 2937 latere;
3373 2878 3429 2923 et

1838 2958 2021 3013 omnia
2066 2958 2248 3014 facilia
2284 2966 2465 3014 erunt.
2508 2958 2567 3013 Sl
2620 2970 2801 3015 autem
2852 2961 3181 3017 subduxeris
3231 2961 3428 3015 l‘unda-

1841 3059 2106 3117 mentum,
2149 3051 2287 3105 nihil
2328 3050 2491 3107 stabit
2532 3066 2600 3106 ex
2635 3052 2719 3107 bis
2755 3066 2877 3121 quae
2908 3054 3250 3123 superposita
3279 3063 3426 3110 sunt.

1843 3139 1899 3195 Si
1932 3141 2057 3209 quis
2090 3156 2227 3211 ergo
2253 3141 2557 3213 irreligioso
2583 3144 2865 3211 preposito
2893 3144 3212 3200 subduxerit
3234 3146 3430 3213 Deum,

147 3246 405 3305 pergunt.
450 3235 592 3302 Quid
623 3238 691 3290 ad
723 3236 919 3290 damna
958 3237 1357 3306 properamus?
1391 3235 1651 3291 Venimus
1680 3235 1735 3290 in
1765 3231 1808 3251 “
1835 3231 1944 3301 jam
1976 3241 2035 3286 ut
2060 3235 2179 3287 sine
2216 3234 2421 3287 lumine
2459 3248 2624 3302 agens
2656 3235 2857 3303 ubique
2895 3235 3139 3289 oﬂ'endit.
3177 3236 3283 3291 Sed
3306 3251 3428 3306 nos,

158 3331 295 3382 hanc
326 3327 531 3393 vitam;
586 3337 797 3382 utamur
856 3328 1076 3381 lumine.
1113 3327 1252 3395 Quid
1312 3338 1491 3382 autem
1536 3328 1739 3395 praebet

156 3416 335 3473 lumen
368 3420 455 3475 his
495 3420 585 3489 qui
624 3422 824 3475 habent
852 3418 1081 3473 oculos?
1132 3420 1520 3474 Discretionem
1554 3420 1740 3486 utique

158 3510 521 3581 negotiorum.
561 3509 616 3565 Si
644 3511 774 3581 quid
820 3510 984 3580 igitur
1028 3512 1313 3566 honestum
1353 3520 1459 3575 est,
1505 3526 1625 3565 cum
1659 3510 1739 3567 l‘e-

156 3601 451 3657 stinatione
502 3609 752 3670 petatur;
801 3618 907 3657 non
943 3602 1088 3657 enim
1138 3611 1198 3656 ut
1240 3601 1575 3669 decipiemus
1618 3616 1736 3666 vos,

158 3694 540 3763 praesidemus;
591 3709 697 3749 non
726 3698 786 3748 ut
821 3707 1085 3764 pauperes
1118 3707 1213 3747 vos
1242 3691 1523 3756 faciamus,
1552 3705 1738 3745 mone-

156 3796 295 3847 mus,
329 3784 428 3838 sed
458 3784 651 3839 divites
686 3783 866 3853 potius
914 3782 969 3836 in
996 3795 1164 3851 regno
1211 3780 1489 3836 cmlorum.
1524 3778 1641 3834 Non
1680 3788 1740 3834 ut

158 3873 479 3942 dejiciamus
502 3889 700 3945 corpus
724 3884 959 3931 vestrum
984 3874 1226 3944 jejuniis,
1250 3874 1345 3929 sed
1374 3882 1434 3927 ut
1452 3872 1741 3927 induamus
1780 3874 1783 3877 ’

158 3978 253 4020 vos
282 3965 733 4033 immortalitate;
770 3980 877 4020 non
911 3974 970 4018 ut
1000 3964 1316 4019 occidamus
1358 3963 1414 4017 in
1448 3962 1737 4033 martyrio,

157 4060 253 4111 sed
303 4067 363 4112 ut
412 4072 521 4112 non
566 4058 704 4111 eatis
741 4058 794 4112 in
831 4060 1130 4127 gehennam
1179 4070 1406 4126 corpore
1434 4064 1492 4110 et
1535 4056 1739 4109 anima.

160 4145 273 4202 Non
298 4163 492 4203 sumus
526 4148 691 4217 igitur
718 4148 922 4202 inimici
957 4147 1157 4213 vestri;
1191 4162 1295 4201 non
1321 4148 1466 4201 enim
1498 4156 1558 4201 ut
1590 4145 1743 4201 frau-

161 4238 352 4294 demus
380 4254 482 4293 vos
508 4240 752 4308 patribus
783 4250 841 4293 et
868 4238 1057 4292 amicis
1094 4241 1209 4293 haec
1237 4239 1528 4307 loquimur,
1561 4241 1657 4293 sed
1684 4248 1741 4294 ut

161 4345 271 4385 non
294 4331 607 4387 excidatisa
638 4330 745 4385 Deo
766 4329 947 4393 Patre,
979 4330 1263 4385 lucremini
1296 4339 1476 4386 autem
1505 4340 1741 4385 vosmet-

164 4421 307 4492 ipsos
334 4442 348 4478 :
381 4424 491 4478 hoc
530 4423 673 4477 enim
697 4424 867 4479 solum
902 4433 985 4477 est
1015 4423 1249 4489 lucrum,
1275 4423 1380 4479 alia
1406 4433 1586 4479 autem
1617 4439 1737 4478 om-

1770 4296 1817 4355 D

1839 3324 2059 3390 fratres,
2094 3324 2163 3379 ad
2196 3326 2368 3380 Deum
2396 3325 2689 3391 viventem,
2714 3327 2781 3379 ad
2810 3341 2933 3381 eum
2965 3327 3057 3397 qui
3094 3338 3199 3391 est,
3233 3331 3325 3400 qui
3348 3329 3433 3386 le-

1841 3416 1915 3470 cit
1954 3416 2161 3479 on‘i'ﬁ'i'a,
2205 3417 2297 3484 qui
2332 3414 2510 3470 salvat
2552 3418 2825 3481 universa,
2870 3430 3288 3489 convertamur;
3324 3425 3431 3480 alia

1838 3505 1983 3560 enim
2012 3506 2189 3559 omnia
2211 3505 2419 3559 vanitas
2452 3507 2740 3561 sanitatum
2762 3519 2883 3563 sunt
2913 3507 2961 3542 ⁸ο
2991 3526 3005 3563 :
3036 3512 3254 3581 sapiens
3281 3515 3428 3571 enim

1844 3606 1980 3661 erat,
2026 3599 2118 3668 qui
2140 3599 2255 3652 hcc
2288 3598 2719 3669 proclamaverat
2750 3620 2765 3654 :
2798 3601 2867 3654 Et
2892 3612 3068 3657 omnia
3100 3608 3326 3675 vanitas,
3373 3619 3432 3664 et

1845 3702 2017 3742 unum
2049 3697 2133 3743 est
2166 3702 2378 3743 Verum.
2433 3688 2547 3743 Non
2577 3690 2743 3758 igitur
2787 3692 2909 3748 sine
2946 3708 3107 3749 causa
3139 3710 3431 3766 erogemus

1845 3788 2088 3835 nostram
2118 3782 2283 3834 vitam
2317 3799 2330 3835 :
2384 3781 2486 3836 erit
2517 3782 2660 3837 enim
2710 3792 2924 3852 tempus
2964 3801 3087 3841 cum
3120 3802 3433 3857 quaeremus

1847 3872 1965 3927 dles
2004 3871 2128 3939 hos,
2160 3872 2217 3928 iu
2248 3872 2447 3943 quibus
2478 3874 2586 3928 Deo
2622 3875 2903 3931 debuimus
2937 3880 3141 3933 vivere.
3185 3880 3301 3949 ipse
3335 3897 3432 3939 au-

1850 3974 1955 4019 tem
2003 3965 2097 4035 qui
2141 3965 2314 4021 bonus
2347 3976 2432 4022 est
2477 3966 2641 4031 Deus.
2690 3968 2931 4023 omnium
2965 3982 3204 4027 vestrum
3256 3976 3433 4045 erigat

1846 4060 2059 4114 animas
2096 4060 2165 4115 ad
2201 4060 2533 4129 agnitionem
2578 4077 2768 4126 suam;
2807 4064 2893 4123 cui
2940 4075 3024 4120 est
3061 4082 3159 4135 per
3187 4066 3434 4138 unigeni-

1846 4159 1958 4203 tum
1987 4164 2147 4205 suum
2178 4150 2395 4215 Filium,
2438 4151 2633 4222 gloria,
2678 4155 2872 4221 honor,
2911 4156 3220 4225 imperium,
3260 4161 3434 4230 maje-

1843 4251 1957 4297 stas
1982 4257 2103 4299 cum
2134 4241 2341 4311 Spiritu
2372 4253 2586 4310 sancto,
2616 4255 2673 4300 et
2702 4262 2865 4316 nunc,
2896 4257 2951 4303 et
2983 4262 3219 4321 semper,
3246 4261 3301 4305 et
3333 4266 3433 4322 per

1846 4334 2027 4389 omnia
2048 4333 2249 4389 mula
2279 4335 2627 4393 seculorum.
2657 4337 2854 4393 Amen.

171 4580 3397 4611 ww

1134 4752 1704 4868 EUSEBII
1788 4752 2476 4867 PAMPHILI

807 4996 955 5086 DE
1031 4991 2072 5094 OPERIBUSBONIS
2142 4996 2294 5085 ET
2366 4995 2781 5125 MALIS,

1456 5185 1693 5248 LIBER
1736 5186 2125 5250 OCTAVUS.

232 5488 525 5548 ιυιωηω
558 5486 839 5543 hominum
862 5490 973 5541 vita
1004 5486 1057 5541 in
1094 5495 1239 5541 terra
1270 5496 1354 5541 est
1377 5487 1588 5557 posita;
1615 5486 1745 5542 eda-

166 5584 423 5638 eitatibus
450 5580 595 5647 enim
622 5589 679 5635 et
698 5579 1012 5634 libidinibus
1044 5587 1099 5635 et
1130 5580 1587 5650 concupiscentiis
1616 5595 1742 5650 gra-

238 5695 281 5729 ⁸⁸
308 5696 504 5751 Matth.
523 5691 709 5757 πάι.
784 5693 829 5725 ³⁹
854 5692 1045 5748 Matth.
1074 5708 1131 5757 ι,
1164 5691 1253 5747 52.
1330 5692 1376 5724 ⁸⁸
1405 5692 1580 5747 Eccle.
1619 5708 1658 5759 t,
1696 5694 1751 5750 1.

235 5810 350 5884 (90)
379 5811 506 5873 lls.,
544 5818 907 5880 cognoscentes
944 5824 1282 5877 congensrent
1307 5808 1568 5864 misereri.

1856 5490 1986 5555 vati,
2022 5468 2197 5560 neque
2227 5490 2499 5563 respicere
2526 5504 2741 5546 sursum
2766 5492 2834 5545 ad
2860 5488 3027 5546 Deum
3056 5498 3278 5559 possunt
3308 5492 3431 5560 quia

1851 5583 2060 5651 nolunt.
2099 5582 2461 5657 neque‘Opera
2504 5581 2622 5653 ejus
2647 5584 2851 5650 videre,
2885 5597 3063 5655 neque
3083 5598 3150 5639 ex
3177 5584 3434 5653 operibus
