4048 6322
1281 317 1552 378 EUSEBII
1587 313 2062 376 ελεωιιειηειε
2092 309 2205 372 ονι

2306 312 2468 371 PARS
2499 312 2592 372 IV.
2631 343 2702 358 —
2739 311 3161 372 DOGIATICA.

613 435 866 507 optleem
889 444 1183 503 agnoscere
1207 448 1221 485 :
1244 431 1334 485 ubi
1363 431 1507 484 enim
1533 428 1760 485 declivis
1787 427 1954 484 fuerit
1981 427 2184 488 anima,
2215 430 2263 486 Δ
2287 424 2537 482 diabolus
2563 438 2669 480 non
2712 440 2835 480 cum
2885 432 3046 480 noeet
3091 434 3218 479 tunc
3251 420 3428 479 solum
3462 431 3522 480 et
3561 423 3736 481 maias
3765 439 3878 482 eet-

616 528 766 592 iliuc,
798 535 858 580 ut
888 525 961 579 ita
995 523 1190 585 dicam,
1219 529 1277 576 et
1299 517 1533 576 edicitur
1555 519 1701 591 quod
1725 518 2019 574 desiderat.
2043 516 2196 573 Sicut

614 618 759 675 enim
786 629 852 670 ea
877 627 1000 684 qum
1027 611 1096 666 ab
1129 611 1253 680 igne
1281 607 1556 674 caleilunt,
1583 605 1908 671 eliciuntur,
1933 617 1992 660 ut
2017 605 2089 659 ita
2115 606 2196 659 di-

616 723 762 773 cam,
793 706 966 778 ignis;
997 713 1052 760 et
1078 717 1198 772 qua:
1225 700 1468 757 odoratis
1488 699 1677 768 juncta
1708 697 1927 760 fuerint,
1953 695 2196 753 eﬂlciun—

618 809 729 864 tur,
756 798 1014 862 odorata;
1056 803 1113 849 et
1145 808 1268 863 qua
1317 790 1631 856 contrariis,
1672 788 1944 844 contraria
1987 807 2001 842 :
2040 788 2113 842 ita
2142 795 2197 840 et

617 892 799 948 anima
829 889 919 946 ubi
963 887 1186 944 declivis
1224 883 1522 948 exstiterit,
1572 881 1640 935 ad
1692 880 1794 935 hoc
1825 879 2108 935 deducitur
2140 887 2196 933 et

619 994 834 1040 natura.
862 980 1108 1052 ‘l'ingitur
1159 977 1302 1033 enim
1333 973 1727 1038 alacritatibus,
1759 979 1814 1026 et
1855 969 2047 1026 similis
2078 983 2195 1023 mo-

621 1075 858 1131 tionibus
883 1073 1112 1127 edicitur
1161 1069 1295 1134 suis,
1327 1076 1382 1123 et
1415 1065 1733 1137 dignitatem
1774 1072 1959 1132 utpote
1990 1070 2196 1116 natura

619 1182 729 1224 non
760 1165 997 1228 aalvans,
1026 1164 1080 1218 in
1116 1162 1273 1217 malis
1306 1158 1540 1214 elllcitur
1594 1155 1759 1212 mala.
1797 1156 1854 1211 Si
1899 1165 2080 1208 autem
2125 1151 2194 1207 ad

619 1273 683 1316 ea
736 1272 860 1328 quc
903 1269 1066 1327 supra
1112 1259 1320 1308 sesunt
1366 1250 1685 1318 respexerit,
1735 1261 1948 1304 sursum
1979 1242 2192 1306 electa,

619 1350 975 1409 constituitur
1027 1347 1094 1401 ad
1126 1360 1187 1401 ea
1223 1357 1340 1413 qu:e
1375 1352 1432 1398 et
1474 1340 1802 1398 desideravit
1839 1355 1852 1393 :
1902 1336 2192 1391 multorum

621 1448 766 1502 enim
794 1442 1136 1501 conversatio
1182 1455 1290 1496 non
1320 1437 1622 1500 hominum,
1663 1435 1757 1490 sed
1795 1446 2049 1504 pecorum
2089 1437 2190 1483 est.

622 1536 768 1594 Nihil
801 1537 944 1592 enim
987 1533 1128 1590 aliud
1176 1532 1439 1602 cogitant,
1488 1527 1589 1583 nisi
1625 1537 1684 1581 ut
1715 1525 2062 1584 manducent,
2099 1531 2193 1575 aut

622 1628 834 1694 bibant,
862 1632 955 1682 aut
978 1625 1214 1694 rapiant,
1251 1631 1344 1676 aut
1372 1620 1729 1683 fraudantur;
1775 1617 1826 1670 in
1859 1617 1942 1670 his
1971 1615 2116 1669 enim
2139 1622 2194 1668 et

623 1723 831 1781 vivunt,
857 1720 902 1774 si
951 1726 1130 1772 tamen
1181 1722 1236 1770 et
1265 1715 1429 1768 vitam
1466 1713 1624 1766 istam
1663 1718 1876 1779 oportet
1895 1708 2008 1777 jam
2034 1707 2137 1762 dici
2173 1724 2187 1759 :

624 1827 733 1870 non
757 1809 1084 1866 sollicientes
1124 1805 1270 1862 enim
1317 1804 1474 1859 malis
1525 1804 1608 1858 his
1643 1817 1763 1871 quae
1810 1815 1839 1854 a
1883 1799 2018 1855 foris
2045 1808 2194 1864 sunt,
2225 1785 2269 1840 Β

622 1902 731 1974 jam
759 1911 815 1958 et
841 1913 1059 1955 carnem
1091 1912 1244 1954 suam
1277 1896 1650 1952 contaminare
1679 1892 1929 1960 student;
1961 1891 2042 1948 sic
2067 1905 2198 1963 gau-

623 1994 751 2048 dent
782 1989 929 2046 enim
963 1989 1016 2043 in
1053 1987 1231 2052 malis,
1259 1993 1320 2040 ut
1374 1983 1576 2040 inimici
1622 1983 1726 2037 sibi
1753 1999 1767 2047 ;
1800 1992 2003 2036 etcum
2030 1981 2198 2035 debe-

625 2090 748 2136 rent
775 2079 980 2150 lugere,
1015 2076 1141 2148 quia
1173 2089 1280 2130 non
1311 2075 1447 2130 bene
1473 2074 1682 2139 vivunt,
1719 2071 1970 2128 ictantur
2002 2070 2055 2146 in
2081 2082 2200 2125 ma-

626 2171 693 2227 lis
721 2179 778 2226 et
809 2171 1093 2225 tristantur
1123 2168 1179 2223 in
1219 2167 1376 2222 bonis
1403 2183 1418 2222 :
1449 2166 1716 2237 duplicem
1752 2174 1935 2234 utpote
1977 2163 2197 2219 caelia-

626 2272 736 2317 tem
775 2262 1058 2324 habentes,
1106 2268 1164 2314 et
1213 2257 1354 2328 quod
1402 2258 1672 2313 malorum
1729 2271 1837 2310 non
1892 2253 2199 2324 intelligunt

627 2350 910 2415 malitiam,
940 2360 996 2404 et
1035 2348 1180 2420 quod
1215 2348 1482 2402 bonorum
1523 2361 1628 2401 non
1674 2353 1959 2400 assumunt
1984 2341 2200 2398 iruitio-

627 2458 788 2506 nem;
819 2450 1154 2498 concurrunt
1177 2440 1322 2494 enim
1347 2438 1637 2493 adversum
1661 2451 1746 2503 se,
1771 2445 1824 2490 et
1852 2435 1952 2490 sibi
1982 2447 2199 2492 contra-

627 2535 709 2590 ria
750 2541 1063 2603 operantur.
1105 2530 1332 2587 Plurimi
1380 2529 1525 2584 enim
1582 2542 1965 2596 nonnunquam
2017 2541 2201 2597 proce-

625 2627 766 2682 dunt
791 2623 924 2692 icti,
963 2624 1090 2694 quia
1116 2630 1362 2677 ventrem
1401 2616 1678 2688 replerunt
1717 2632 1895 2681 suum.
1929 2628 1984 2673 et
2021 2627 2200 2672 mente

625 2717 880 2773 exierunt
905 2727 1004 2770 sua
1043 2712 1156 2786 (9i)
1195 2722 1292 2768 :et
1323 2711 1539 2767 beatum
1583 2710 1725 2765 diem
1773 2710 1960 2765 dicunt
2001 2711 2056 2766 in
2089 2725 2201 2780 quo

628 2821 737 2863 non
769 2807 1044 2861 vixerunt.
1095 2803 1214 2858 Vita
1244 2803 1388 2859 enim
1442 2801 1724 2856 hominum
1753 2801 1857 2856 ista
1881 2811 1972 2856 est
2011 2808 2071 2856 ut
2112 2817 2201 2856 ra-

630 2901 779 2956 tione
823 2907 1070 2962 utantur,
1113 2896 1240 2966 quia
1282 2905 1339 2951 et
1363 2893 1711 2950 rationabiles
1751 2893 2032 2950 habentur.
2064 2893 2200 2950 Cum

629 2999 810 3046 autem
841 2990 1070 3045 obrutus
1121 2986 1285 3044 fuerit
1329 2999 1545 3049 sensus,
1595 2985 1812 3040 transiit
1864 2985 1986 3042 sine
2035 2998 2200 3040 causa

2294 514 2390 572 sed
2416 515 2542 578 quia
2573 517 2856 586 proposuit
2891 530 3109 583 nocere,
3151 515 3315 572 habet
3340 515 3604 572 malitiam
3636 529 3696 572 et
3721 527 3879 576 ante-

2295 620 2458 678 quam
2497 604 2713 662 eﬂciat.
2760 603 2830 661 Et
2876 605 3113 675 maligno
3156 602 3356 661 sullcit
3383 605 3590 663 aiitia
3627 620 3752 662 sua.
3786 606 3878 664 Si-

2293 699 2510 770 quidem
2539 709 2596 753 et
2642 711 2922 770 agrotans.
2952 697 3167 753 etiamsi
3201 712 3308 752 non
3345 699 3664 769 castigetur,
3692 709 3880 757 tamen

2297 792 2459 846 habet
2483 789 2684 845 malum
2715 789 3072 860 languorem:
3105 789 3176 843 ita
3206 799 3260 845 et
3283 790 3376 860 qui
3409 792 3628 860 languet
3652 789 3840 845 anima
3861 833 3878 856 ,

2293 881 2507 938 etiamsi
2543 895 2650 936 non
2684 881 2882 937 missus
2905 881 3072 936 fuerit
3100 881 3154 936 in
3192 882 3520 952 gehennam,
3548 893 3734 937 tamen
3749 896 3878 953 pro-

2294 982 2450 1028 curet
2475 971 2577 1027 sibi
2602 971 2828 1027 malum.
2859 969 2997 1039 Quis
3041 981 3222 1028 autem
3256 979 3312 1026 et
3347 970 3712 1027 exhortatur?
3733 969 3879 1027 Tan-

2297 1071 2406 1118 tum
2427 1069 2513 1118 est
2536 1063 2685 1119 enim
2725 1062 2928 1118 malum
2959 1063 3182 1130 malum,
3230 1063 3382 1134 cujus
3417 1070 3754 1118 tentamenta
3786 1075 3878 1132 ge-

2296 1155 2529 1210 hennam
2565 1163 2785 1226 parant.
2811 1153 2879 1209 Et
2900 1170 3026 1210 cum
3049 1155 3165 1211 hac
3203 1156 3279 1211 ita
3313 1157 3449 1222 sint,
3475 1169 3577 1211 nos
3605 1162 3880 1212 tameu'nt

2295 1246 2500 1302 inimici
2535 1247 2764 1317 proprii,
2807 1247 2879 1300 ita
2919 1246 3168 1301 videmur
3190 1246 3392 1302 vivere.
3433 1245 3527 1300 ille
3556 1246 3708 1301 enim
3733 1241 3884 1300 icta-

2294 1346 2404 1402 tur,
2433 1337 2558 1406 quia
2593 1337 2850 1392 mentitus
2883 1336 3068 1400 latuit;
3111 1338 3248 1392 alius
3286 1337 3504 1408 gaudet,
3531 1337 3665 1406 quia
3688 1345 3881 1406 prove-

2294 1431 2376 1486 nit
2403 1431 2456 1488 ei
2491 1431 2768 1502 decipere.
2817 1429 2884 1485 Et
2920 1430 3145 1485 avaritia
3170 1430 3378 1486 lucrum
3412 1438 3602 1500 putata
3633 1436 3723 1483 est
3754 1441 3878 1482 eum

2293 1523 2366 1578 sit
2391 1523 2682 1589 damnum;
2713 1530 2768 1577 et
2808 1520 2974 1576 libido
3001 1521 3270 1592 voluptas,
3304 1535 3427 1576 cum
3476 1520 3550 1575 sit
3582 1518 3770 1574 luctus
3796 1516 3881 1572 δὴ

2291 1615 2386 1685 qui
2437 1616 2656 1684 sapiunt
2689 1614 2844 1670 bene.
2900 1613 2968 1668 Et
2998 1626 3259 1669 conversa
3309 1620 3439 1668 sunt
3480 1611 3643 1667 nobis
3669 1612 3878 1675 omnia.

2292 1708 2419 1776 quia
2448 1704 2892 1776 circumscriptus
2936 1719 2967 1759 a
2998 1704 3158 1759 nobis
3182 1711 3267 1759 est
3289 1704 3579 1774 cogitatus.
3634 1703 3708 1758 Et
3735 1713 3881 1759 certe

2298 1797 2441 1869 cogit
2465 1806 2521 1853 et
2543 1797 2822 1852 contendit
2843 1810 3060 1863 sensus,
3100 1806 3292 1851 utnon
3315 1795 3567 1864 ejiciatur
3592 1807 3624 1849 a
3659 1808 3880 1865 posses.

2298 1893 2449 1946 sione
2479 1905 2598 1946 sua.
2637 1889 2771 1945 Nam
2801 1889 2903 1945 etsi
2940 1889 3600 1960 unusquisque‘nostrum
3627 1887 3881 1942 obruitur

2299 1997 2328 2038 a
2356 1981 2702 2053 pastionibus
2728 1981 3005 2047 vitiorum,
3033 1990 3210 2036 tamen
3239 1980 3307 2035 ad
3353 1978 3459 2034 alia
3485 1992 3686 2034 sensus
3709 1977 3883 2046 digni-

2302 2083 2464 2129 tatem
2502 2086 2659 2128 suam
2691 2072 2972 2128 vindicans
3002 2081 3225 2142 apparet
3256 2093 3268 2126 :
3306 2081 3364 2126 ut
3383 2080 3539 2140 puta,
3585 2084 3697 2125 non
3722 2067 3882 2124 video

2300 2180 2418 2220 mea
2459 2163 2626 2228 mala,
2664 2165 2758 2217 sed
2789 2162 2967 2216 aliena
3004 2160 3146 2216 mala
3195 2162 3436 2217 irascens
3465 2157 3758 2216 consentio
3801 2158 3880 2213 ia-

2301 2255 2486 2312 teriori
2522 2255 2750 2323 homini,
2797 2255 2897 2326 legi
2925 2263 3109 2325 utpote
3153 2253 3267 2309 Dei.
3303 2253 3368 2308 Et
3395 2252 3523 2323 quia
3575 2253 3762 2306 anima
3787 2263 3883 2305 na-

2301 2360 2420 2405 tura
2443 2349 2615 2418 magis
2646 2347 2832 2418 juncta
2859 2354 2944 2402 est
2973 2347 3150 2414 bonis,
3181 2345 3307 2416 quia
3334 2345 3450 2401 odit
3478 2343 3657 2399 malos
3677 2353 3738 2398 et
3762 2341 3880 2398 lau-

2299 2447 2389 2498 dat
2430 2441 2625 2506 bonos,
2670 2439 2862 2512 duplex
2890 2439 3259 2496 testimonium
3299 2441 3462 2495 habet
3487 2439 3558 2494 ad
3585 2449 3882 2507 utrumque

2297 2545 2354 2590 et
2413 2533 2677 2590 malorum
2725 2542 2780 2588 et
2826 2531 3113 2587 bonorum.
3160 2530 3364 2602 Duplex
3414 2530 3538 2585 ideo
3586 2529 3720 2599 quia
3749 2527 3879 2597 odit,

2297 2626 2509 2682 etiamsi
2543 2625 2658 2696 ipsa
2687 2637 2795 2681 non
2827 2622 3170 2679 commodum
3193 2636 3350 2678 suum
3373 2628 3560 2688 amat;
3588 2629 3646 2676 et
3669 2634 3742 2676 ex
3781 2620 3880 2676 hoc

2297 2718 2536 2774 ostendit
2566 2717 2694 2788 quia
2723 2730 2828 2772 non
2856 2715 3161 2772 delectatur
3189 2723 3382 2770 natura
3406 2710 3526 2783 ejus
3553 2712 3622 2768 ad
3657 2711 3876 2769 malum.

2301 2807 2358 2864 Si
2386 2809 2549 2880 igitur
2591 2807 2794 2874 anima,
2837 2815 2900 2861 ut
2932 2814 3218 2864 ostensum
3244 2811 3350 2869 est,
3399 2803 3470 2858 ad
3515 2800 3726 2858 bonum
3761 2816 3880 2873 pro-

2300 2899 2496 2955 clivior
2519 2907 2622 2964 est,
2653 2911 2751 2954 cur
2783 2910 2890 2952 non
2928 2895 2983 2951 in
3022 2895 3138 2952 suis
3166 2894 3386 2951 manet?
3405 2904 3629 2966 propter
3661 2895 3881 2965 placibi-

2301 2993 2508 3048 iitatem
2539 2992 2738 3062 quippe
2759 2989 2842 3046 sui
2875 3006 2890 3044 :
2924 2986 3026 3044 sibi
3057 2988 3203 3043 enim
3230 2987 3468 3058 placere,
3500 2987 3743 3044 tenebrz
3762 2998 3882 3044 sunt

629 3082 767 3148 dies,
795 3089 851 3138 et
873 3096 982 3178 non
1007 3080 1170 3178 debet
1196 3078 1500 3178 computari
1530 3079 1584 3178 in
1611 3078 1742 3145 vita,
1794 3077 1848 3132 in
1873 3090 1980 3149 quo
2009 3091 2202 3178 sensus
2227 3118 2272 3178 ϐ
2303 3086 2531 3151 annuae;
2569 3083 2664 3140 sed
2709 3095 2831 3154 qua
2879 3081 3021 3152 apud
3047 3079 3298 3136 homines
3339 3081 3604 3152 putantur
3649 3081 3880 3150 placida,

631 3187 740 3231 nou
772 3173 1012 3244 respexit
1049 3172 1117 3228 ad
1167 3186 1426 3243 superna.
1459 3168 1674 3225 Utinam
1727 3178 1909 3225 autem
1938 3183 2112 3239 neque
2134 3170 2201 3224 ad

631 3265 825 3328 vitam,
848 3278 1025 3332 neque
1046 3263 1112 3318 ad
1145 3261 1347 3318 malam
1377 3261 1590 3316 videret
1617 3257 1757 3332 (9i).
1782 3259 1940 3314 Aliud
1956 3269 2038 3314 est
2058 3259 2202 3313 enim

632 3355 869 3411 otiosum
899 3365 1022 3408 esse
1049 3367 1080 3406 a
1103 3350 1250 3407 male
1273 3359 1328 3406 et
1356 3351 1519 3416 bono,
1555 3359 1753 3404 etesse
1787 3358 2043 3418 tanquam
2075 3349 2206 3403 dor-

636 3447 892 3500 mientem
916 3453 1012 3498 aut
1031 3453 1341 3510 mortuum;
1374 3451 1430 3498 et
1458 3442 1606 3498 aliud
1636 3440 1770 3499 bona
1808 3443 2018 3514 quidem
2043 3443 2201 3511 mori,

635 3537 779 3592 male
806 3545 984 3591 autem
1018 3535 1216 3590 vivere.
1256 3533 1321 3589 Et
1350 3548 1526 3604 neque
1571 3544 1763 3590 natura
1809 3535 2043 3593 hominis
2080 3550 2205 3594 sua-

634 3633 725 3687 det
748 3643 861 3690 eos.
893 3641 1068 3699 neque
1100 3627 1418 3698 Scriptura:
1449 3637 1504 3682 et
1529 3637 1749 3696 errant;
1777 3642 1951 3699 neque
1973 3644 2206 3700 praesen-

638 3724 734 3786 tla,
759 3736 933 3792 neque
957 3720 1134 3775 futura
1163 3721 1408 3775 suadent.
1439 3718 1692 3787 Quadam
1732 3721 1873 3776 enim
1915 3723 2206 3793 reprehen-

636 3819 846 3874 sionem
883 3815 1141 3886 prarbent,
1171 3815 1417 3884 qundam
1448 3821 1627 3868 autem
1664 3823 1882 3884 prepler
1909 3829 2057 3885 spem
2086 3831 2207 3871 sur-

638 3923 755 3965 sur‘
794 3907 1090 3961 adducunt.
1148 3903 1400 3960 Videmus
1428 3906 1571 3959 enim
1598 3914 1652 3959 et
1691 3909 2018 3973 morientes;
2061 3909 2212 3964 vide-

641 4014 760 4056 mus
797 4007 853 4054 et
875 3997 1114 4067 sepultos
1141 4008 1196 4050 et
1227 4009 1332 4052 non
1364 3999 1622 4069 sepultos,
1651 4011 1705 4054 et
1743 4013 1836 4054 eos
1864 4001 1954 4070 qui
1987 4000 2208 4066 deﬂent,

639 4100 696 4149 et
721 4090 925 4156 dolent,
953 4098 1010 4144 et
1037 4089 1404 4145 lamentantur
1423 4107 1437 4144 :
1455 4104 1580 4146 vere
1608 4090 1681 4145 ita
1702 4106 1888 4147 sumus
1909 4101 1968 4147 ut
1994 4107 2100 4148 non
2132 4093 2212 4148 vi-

640 4182 832 4240 dentes
862 4196 977 4237 eos.
1008 4179 1087 4235 ita
1129 4181 1272 4236 enim
1296 4190 1545 4253 putamus
1568 4183 1732 4237 vitam
1771 4197 1892 4239 esse
1916 4197 2059 4250 eam,
2092 4198 2214 4255 quae

642 4288 749 4329 non
779 4273 990 4328 estvita
1019 4289 1035 4327 :
1069 4288 1191 4326 nam
1230 4281 1286 4327 et
1318 4274 1704 4329 manducantes
1731 4273 1993 4342 laedimur,
2028 4284 2082 4331 et
2111 4276 2215 4332 ite-

644 4382 765 4422 rum
798 4366 1189 4422 desideramus.
1241 4367 1341 4433 Qui
1373 4366 1680 4423 libidinibus
1707 4382 1907 4439 corpus
1945 4370 2215 4426 maculant

2307 3173 2638 3233 contrariam
2692 3173 2896 3230 habent
2921 3171 3213 3236 virtutem;
3257 3170 3441 3226 odium
3486 3171 3635 3227 enim
3666 3179 3726 3227 et
3778 3186 3881 3228 non

2309 3268 2634 3341 placibilitas
2658 3279 2762 3323 est.
2797 3263 2858 3322 Si
2887 3265 3038 3322 enim
3070 3274 3199 3326 Vere
3229 3278 3494 3331 amemus,
3528 3277 3637 3318 non
3665 3274 3884 3320 contra-

2310 3363 2390 3417 ria
2418 3375 2538 3432 qua
2561 3374 2703 3415 nunc
2728 3359 2886 3416 nobis
2909 3357 3176 3413 donamus
3196 3358 3541 3412 donaremus.
3569 3353 3692 3413 Non
3719 3357 3887 3415 ebrio-

2312 3463 2475 3508 tatem
2503 3453 2724 3522 quippe.
2763 3449 2857 3506 sed
2890 3447 3157 3521 jejunium
3199 3466 3214 3504 :
3248 3462 3353 3504 non
3389 3449 3624 3516 theatra,
3662 3450 3764 3507 sed
3793 3464 3884 3507 ee-

2310 3546 2533 3603 clesiam
2581 3562 2596 3598 :
2645 3557 2754 3598 non
2797 3541 3020 3610 lapides,
3054 3541 3149 3596 sed
3185 3539 3349 3596 Deum
3403 3559 3424 3597 :
3471 3556 3579 3597 non
3611 3540 3762 3612 lites,
3797 3545 3887 3600 sed

2312 3654 2501 3712 pacem
2538 3655 2553 3694 :
2587 3650 2694 3692 non
2728 3632 3100 3700 homicidium,
3132 3632 3226 3689 sed
3257 3632 3476 3688 tutelam
3506 3632 3706 3690 salutis
3739 3653 3756 3691 :
3785 3649 3886 3691 non

2313 3732 2753 3794 fornicationem,
2782 3728 2879 3784 sed
2902 3720 3239 3798 pudicitiam.
3269 3721 3325 3780 Si
3357 3725 3500 3780 enim
3524 3727 3888 3797 nosmetipsos

2312 3836 2648 3886 amaremus,
2672 3835 2800 3877 vere
2829 3822 3158 3876 donaremus
3175 3818 3338 3876 nobis
3363 3817 3526 3875 bona.
3577 3817 3721 3886 Quia
3747 3819 3886 3874 enim

2313 3917 2549 3980 odimus,
2577 3915 2840 3968 donamus
2888 3919 2945 3966 et
2987 3924 3342 3980 procuramus
3391 3909 3549 3964 nobis
3588 3907 3757 3964 maia.
3789 3907 3886 3965 Sel

2316 4009 2460 4064 sicut
2486 4014 2708 4070 matres,
2741 4006 2812 4058 ita
2836 4012 2891 4059 et
2923 4017 3078 4058 mens
3093 4003 3339 4058 habetur.
3371 3999 3726 4071 Quacunque
3752 4003 3887 4057 eltim

2317 4110 2524 4156 matres
2554 4104 2778 4166 parcent
2809 4094 2924 4151 suis
2957 4093 3102 4162 (iliis,
3126 4108 3232 4150 non
3267 4093 3544 4149 mittentes
3568 4109 3665 4150 eos
3690 4094 3762 4149 ad
3785 4106 3888 4150 stn-

2319 4194 2441 4252 dia;
2493 4191 2561 4245 ad
2612 4189 2903 4244 utilitatem
2949 4188 3148 4259 quippe
3193 4187 3319 4241 dum
3353 4184 3613 4244 videntur
3668 4188 3888 4256 donare,

2319 4290 2520 4339 nocent
2557 4302 2570 4337 :
2610 4280 2682 4337 ita
2717 4288 2772 4336 et
2802 4293 2902 4336 nos
2930 4294 3027 4350 per
3052 4280 3351 4336 caecitatem
3402 4279 3602 4334 mentis
3639 4291 3888 4349 putantes

2323 4375 2528 4445 aliquid
2575 4371 2730 4426 nobis
2771 4370 2998 4434 donare,
3043 4370 3344 4440 decipimus
3383 4383 3484 4424 nos
3517 4379 3575 4424 et
3609 4384 3887 4425 uocemus.

640 4469 701 4515 et
731 4459 923 4513 animm
954 4467 1170 4522 nocent,
1207 4473 1313 4512 non
1349 4459 1606 4513 recedunt
1632 4472 1663 4512 a
1697 4473 1872 4526 noxa;
1917 4461 2011 4515 sed
2041 4470 2098 4516 et
2119 4477 2212 4518 aco
2243 4475 2292 4537 ι)
2319 4468 2386 4524 Ει
2413 4475 2562 4520 certe
2587 4464 2873 4518 incurrunt
2901 4462 3061 4517 nobis
3085 4469 3140 4516 et
3174 4461 3467 4516 adveniunt
3498 4476 3887 4534 nonnunquam

642 4552 866 4618 cedunt,
917 4559 978 4606 ut
1030 4565 1265 4620 aucupes
1304 4551 1590 4616 malorum,
1646 4551 1873 4606 multum
1929 4552 2216 4622 vigilantes

646 4655 744 4714 per
794 4651 1005 4696 noctem
1037 4641 1177 4696 male
1229 4658 1243 4695 :
1276 4652 1367 4695 aut
1406 4643 1548 4695 enim
1580 4640 1960 4699 ambitionibus
2009 4644 2218 4714 inquie-

649 4743 852 4799 tantur,
897 4743 990 4788 aut
1029 4747 1060 4787 a
1095 4733 1542 4803 concupiscentiis
1575 4733 1892 4800 illiciuntur,
1935 4743 2029 4790 aut
2053 4753 2082 4792 a
2119 4750 2216 4792 oo-

647 4826 998 4897 gitatlonibus
1028 4825 1186 4880 malis
1222 4826 1550 4880 excitantur.
1590 4825 1645 4879 Si
1672 4836 1853 4881 autem
1897 4837 1951 4882 et
2005 4837 2220 4898 oportet

649 4918 920 4986 cogitatus
950 4916 1156 4984 vocari,
1187 4922 1241 4970 et
1279 4915 1534 4969 meditata
1584 4926 1679 4984 per
1708 4925 1920 4972 noctein
1962 4916 2219 4974 festinant

651 5009 965 5081 procedere,
999 5017 1058 5062 ut
1090 5020 1153 5063 ea
1177 5021 1296 5077 qua:
1317 5020 1414 5076 per
1440 5015 1653 5065 noctem
1679 5008 1984 5079 cogitarunt
2014 5010 2216 5066 admit-

653 5108 768 5156 tant
799 5109 1053 5168 tanquatn
1108 5099 1419 5169 ignorantes
1457 5121 1470 5154 :
1513 5100 1646 5171 quia
1688 5103 1779 5170 qui
1813 5099 1942 5156 facit
1989 5102 2214 5169 malum,

651 5189 882 5258 amplius
911 5189 1072 5245 habet
1123 5189 1341 5254 malum,
1382 5204 1545 5260 quam
1590 5192 1636 5246 is
1687 5192 1781 5262 qui
1835 5207 1864 5246 a
1901 5208 1961 5249 se
2013 5195 2218 5265 patitur

656 5281 874 5339 malum.
916 5280 1069 5336 Sicut
1117 5283 1260 5336 enim
1298 5283 1436 5350 ignis
1464 5283 1568 5337 alia
1599 5283 1813 5354 quidem
1842 5286 2129 5350 comburit,
2161 5285 2216 5340 in

653 5370 946 5440 semetipso
997 5379 1175 5426 autem
1221 5373 1468 5427 ardorem
1523 5373 1758 5428 incendii
1797 5374 2003 5444 primus
2031 5375 2212 5443 habet,

659 5459 733 5516 ita
755 5469 811 5516 et
830 5460 1032 5516 malitia
1059 5462 1291 5532 primum
1321 5463 1658 5533 possidentes
1677 5475 1856 5519 nocet.
1899 5465 2138 5538 Denique
2161 5479 2216 5522 et

728 5683 840 5820 ξω)
870 5684 968 5741 iis.
993 5697 1158 5741 ments
1184 5687 1488 5743 exstiterunt
1511 5705 1628 5745 sua.

753 5755 844 5819 9!)
873 5755 968 5810 Is.
1002 5757 1070 5808 ad
1116 5761 1308 5811 malum
1352 5760 1531 5814 vitam.
1565 5758 1628 5817 Fc

818 5755 844 5831 fi)
873 5755 968 5810 Is.
1002 5757 1070 5808 ad
1116 5761 1308 5811 malum
1352 5760 1531 5814 vitam.
1565 5758 1725 5817 Forte
1771 5757 2054 5830 legendum
2097 5768 2207 5829 est.

2320 4567 2376 4616 et
2406 4556 2636 4627 vestigia
2674 4555 2963 4620 bonorum,
2989 4563 3046 4608 et
3085 4560 3368 4624 gustamus
3394 4551 3686 4624 aliquoties
3714 4564 3772 4610 et
3801 4571 3887 4611 nos

2318 4649 2729 4707 delectationem
2753 4659 2822 4703 es
2853 4643 3133 4717 pudicitia.
3179 4643 3237 4700 Si
3268 4653 3451 4701 autem
3479 4655 3533 4702 et
3562 4646 3886 4703 voluerimus

2316 4753 2668 4814 perseverare
2691 4739 2744 4793 in
2774 4743 2957 4810 gustu,
2985 4745 3041 4791 et
3063 4748 3398 4806 comparare,
3429 4746 3696 4807 quantum
3737 4739 3885 4795 γεδε-

2320 4833 2555 4890 mentior
2573 4839 2660 4886 est
2679 4832 2919 4886 suavitas
2946 4844 3013 4885 ex
3037 4831 3319 4904 pudicitia,
3341 4845 3501 4900 quam
3529 4844 3595 4885 ea
3624 4845 3748 4900 qua
3773 4845 3803 4884 a
3834 4828 3882 4886 ii-

2318 4925 2510 4981 bidine
2544 4923 2710 4979 venit.
2743 4922 3000 4978 Suavitas
3022 4924 3168 4978 enim
3193 4936 3265 4984 es
3290 4921 3546 4992 pudicitia
3575 4923 3697 4978 sine
3725 4923 3882 4994 pinni-

2319 5015 2488 5071 tentia
2506 5023 2613 5079 est,
2628 5013 2972 5069 immaculata
2989 5025 3093 5083 est,
3109 5013 3483 5081 immutabilis,
3501 5015 3726 5082 munda,
3743 5030 3883 5085 pura,

2317 5113 2528 5172 sancta,
2545 5115 2600 5161 et
2623 5107 2844 5160 nomine
2866 5117 2921 5160 et
2945 5121 3111 5176 opere
3131 5115 3187 5163 et
3205 5107 3440 5164 actibus.
3463 5106 3540 5162 Ex
3557 5105 3784 5164 libidine
3803 5123 3877 5162 auc

2325 5205 2430 5252 tem
2458 5210 2643 5262 suave,
2672 5206 2845 5266 turpe,
2874 5199 3273 5264 absconditum,
3307 5198 3427 5254 sine
3456 5198 3676 5265 ﬁducia,
3708 5210 3880 5255 conta-

2327 5291 2612 5352 minatum,
2637 5289 2907 5344 turbidum
2927 5299 2979 5345 et
2999 5305 3224 5360 corpore
3243 5299 3294 5346 et
3312 5292 3518 5354 anima.
3537 5306 3663 5346 cum
3687 5291 3881 5355 timore.

2323 5395 2445 5434 cum
2474 5382 2704 5448 turbela,
2735 5397 2854 5436 cum
2884 5382 3172 5453 sanguine,
3195 5397 3317 5437 cum
3343 5394 3576 5439 tremore
3605 5399 3772 5440 suave
3795 5393 3868 5439 est

2321 5468 2783 5533 Quemadmodum
2803 5489 2932 5544 ergo
2943 5489 3108 5530 suave
3120 5474 3144 5529 3
3159 5474 3219 5531 Si
3235 5476 3357 5546 quis
3369 5487 3551 5532 autem
3567 5477 3801 5532 suaviter
3814 5485 3870 5530 de

3106 5567 3132 5610 Ι

2313 5702 2519 5815 εἴη
2553 5701 2727 5746 autem
2765 5705 2927 5762 neque
2964 5704 3033 5744 eo
3060 5699 3263 5759 vinum,
3295 5705 3460 5762 neque
3493 5692 3561 5746 ad
3598 5693 3796 5746 metu
3820 5691 3876 5747 ri-
