4048 6322
193 327 342 387 “93

1310 329 1398 385 DE
1434 328 1775 386 OPERIBUS
1813 328 2011 385 BONIS
2050 327 2136 384 ET
2174 327 2403 385 HALIS.

3318 326 3457 389 Il”

192 451 390 508 lactari
424 454 603 524 cupit,
638 466 772 510 vers
799 454 1104 510 secundum
1158 453 1405 525 Apostoli
1444 468 1633 511 vocem
1692 455 1790 509 1η-
1817 457 1863 515 Α
1894 468 2022 507 num
2051 451 2319 517 mulieris,
2350 460 2407 508 et
2432 448 2700 520 decerpsit
2745 450 2815 507 de
2866 451 3060 507 arbore
3105 448 3364 512 fructum.
3398 459 3454 504 et

193 541 289 596 bet
321 544 499 597 viam.
531 543 712 598 Suave
746 538 834 599 est
865 545 1010 599 enim
1037 545 1084 601 si
1117 543 1386 600 liberetur
1423 544 1549 615 quis
1582 561 1613 599 a
1647 560 1785 600 con-

1892 546 1942 598 vi
1970 547 2028 599 in
2059 542 2178 611 eius
2198 557 2296 604 ore
2317 543 2575 611 imposuit
2599 561 2614 600 :
2643 541 2737 601 sed
2763 543 3025 612 scriptum
3051 552 3156 607 est,
3182 542 3305 611 quia
3336 556 3455 595 mu-

190 630 444 699 fusiese,
477 649 510 688 a
542 634 777 698 turbela,
815 651 847 689 a
880 638 1209 706 suspicione.
1266 636 1362 692 Isti
1407 640 1555 693 enim
1591 640 1786 695 oculus
1888 635 1989 690 lier
2032 648 2193 691 suasa
2243 632 2518 703 protendit
2560 646 2781 693 manum
2830 635 2897 687 ad
2950 635 3220 697 arborem,
3275 642 3333 689 et
3386 644 3453 688 os

188 738 303 779 non
332 723 505 785 Intus
529 734 634 791 est,
669 728 768 782 sed
799 728 1069 797 sapientia
1126 727 1393 798 gaudens,
1439 738 1497 783 et
1548 731 1696 784 visus
1732 739 1787 785 et
1887 724 2140 792 aperiens
2185 738 2365 788 suum,
2408 723 2636 780 immisit
2686 722 2944 782 fructum.
3001 722 3218 779 Utinam
3265 734 3448 780 autem

188 828 369 883 purus
420 824 484 871 et
526 817 781 879 mundus.
838 818 941 875 Ubi
984 827 1162 873 autem
1202 819 1541 876 conscientia
1593 822 1781 888 fuerit,

187 902 591 973 circumspicit
622 909 810 964 oculus
860 924 930 964 ne
965 909 1086 978 quis
1129 910 1307 965 vidit:
1356 910 1476 966 sitit
1507 928 1627 979 cor,
1656 929 1782 983 pro-

186 1000 315 1062 pter
369 991 496 1064 (93)
548 1008 615 1051 ea
662 1010 786 1067 qua
826 998 1158 1065 suspicatur,
1197 1009 1252 1054 et
1300 1002 1353 1054 in
1403 1002 1654 1071 plurimis
1694 1013 1783 1059 tu-

189 1081 301 1137 tela
340 1083 470 1156 (94)
505 1099 615 1153 est,
664 1098 722 1144 et
767 1104 875 1145 non
927 1102 1015 1145 est
1063 1091 1167 1146 iste
1224 1093 1515 1148 suavitatis
1563 1107 1779 1165 gustus.

187 1170 339 1239 Quid
369 1177 531 1232 enim
558 1192 724 1235 suave
753 1189 838 1235 est
864 1180 919 1235 in
945 1180 1023 1235 ira
1053 1181 1078 1236 τ
1121 1193 1177 1236 et
1211 1195 1363 1241 certe
1399 1186 1783 1242 contendimus

187 1256 249 1320 et
279 1266 385 1323 ire
424 1270 717 1326 adversum
742 1286 843 1327 nos
867 1274 1096 1330 donare.
1132 1274 1273 1342 Quid
1306 1292 1474 1333 suane
1504 1287 1589 1334 est
1624 1282 1675 1334 in
1704 1280 1783 1334 in-

188 1358 342 1414 vidia
381 1359 881 1431 (95)?Tabescunt
930 1364 1076 1421 enim
1116 1378 1171 1422 et
1219 1384 1367 1433 ossa,
1419 1380 1475 1425 et
1510 1386 1685 1435 mens,
1726 1380 1782 1425 et

187 1448 442 1504 medulla
484 1453 866 1510 invidentium.
897 1456 1007 1511 Sed
1046 1459 1093 1513 si
1137 1469 1466 1530 apparerent
1492 1463 1778 1532 passiones

187 1554 315 1598 enm
354 1541 580 1613 ﬂerent,
608 1561 718 1602 non
744 1556 933 1604 essem
962 1552 1268 1621 passiones.
1296 1552 1461 1608 Sicut
1479 1555 1625 1609 enim
1672 1557 1777 1609 do—

187 1632 313 1687 lens
351 1636 551 1692 oculus
582 1653 687 1693 non
724 1641 889 1705 videt,
931 1652 988 1696 et
1022 1644 1074 1698 in
1110 1652 1376 1714 quantum
1426 1643 1597 1710 dolet,
1652 1654 1777 1699 tan-

188 1736 307 1783 tum
339 1739 399 1785 et
434 1744 468 1785 a
494 1731 700 1787 visione
731 1733 1066 1802 impeditur:
1094 1734 1175 1788 ita
1203 1744 1260 1789 et
1288 1735 1471 1790 anima
1501 1750 1625 1805 qua:
1657 1750 1779 1804 pas-

186 1818 384 1877 siones
430 1822 687 1887 incurrit,
731 1837 844 1878 non
874 1825 1119 1879 intuetur
1164 1825 1515 1895 ignominiam
1569 1841 1773 1882 suam:

186 1912 477 1982 siquidem
513 1930 613 1970 nec
636 1913 820 1970 ebrius
849 1916 1016 1971 sentit
1040 1931 1163 1971 cum
1201 1918 1479 1974 irridetur.
1514 1918 1778 1990 Evigilate

187 2001 366 2071 igitur
418 2012 476 2057 et
529 2003 875 2073 resipiscite;
918 2007 1316 2062 confundimini
1365 2008 1491 2076 quia
1539 2011 1607 2063 ab
1654 2008 1777 2063 aliis

188 2091 466 2152 ediscitis.
507 2094 827 2165 Quicunque
851 2097 998 2153 enim
1026 2107 1158 2167 post
1190 2098 1501 2168 passionem
1545 2114 1774 2167 percus-

187 2195 392 2240 serunt
426 2201 521 2241 cor
542 2188 895 2258 pmniteutes,
925 2189 1139 2244 liberati
1170 2200 1320 2245 sunt.
1364 2190 1422 2243 Si
1454 2200 1634 2244 autem
1669 2205 1775 2243 non

189 2286 612 2342 percusserunt.
659 2280 889 2333 necdum
940 2279 1157 2334 liberati
1203 2282 1275 2335 ab
1326 2280 1593 2334 ebrietate
1625 2289 1773 2336 sunt.

189 2364 304 2419 Sed
329 2366 593 2422 illicimur.
620 2368 738 2423 visu
764 2369 831 2423 ad
866 2370 1322 2438 pulchritudinan
1344 2370 1611 2433 vultuum.
1632 2369 1776 2437 Quid

189 2457 335 2513 colo
369 2469 457 2514 est
486 2459 702 2525 melius,
729 2461 903 2531 quid?
948 2460 1142 2517 Melius
1170 2471 1255 2517 est
1282 2464 1511 2518 credere
1547 2462 1657 2517 Deo
1691 2463 1775 2516 di-

189 2550 340 2604 centi
379 2567 398 2606 :
430 2548 684 2621 Respicite
714 2554 770 2606 in
798 2553 964 2607 altum
988 2554 1163 2609 Deum
1190 2556 1363 2612 ocnus
1388 2556 1591 2620 uestris,
1614 2565 1669 2609 et
1701 2555 1776 2609 si-

188 2639 313 2697 dus
340 2642 464 2711 quis
496 2644 735 2697 condidit
769 2646 949 2699 omnia
980 2646 1085 2700 ista
1116 2646 1183 2699 ".
1209 2646 1350 2713 Quid
1384 2646 1455 2700 ita
1487 2646 1775 2716 pulchrum

190 2729 247 2784 in
276 2733 441 2789 oculo
460 2742 547 2788 est
576 2735 839 2799 mulieris,
869 2746 1133 2806 quantum
1162 2736 1244 2792 sol
1274 2736 1439 2793 habet
1464 2738 1517 2799 in
1552 2735 1774 2807 fulgori-

191 2822 484 2882 bussuisi
516 2826 654 2894 Quid
691 2829 762 2882 ita
802 2827 959 2884 lloret
985 2829 1035 2884 in
1067 2829 1251 2886 fronte
1300 2829 1542 2894 mortali,
1598 2844 1773 2899 quan-

195 2923 312 2970 tum
358 2918 412 2972 in
454 2920 601 2973 omni
646 2919 787 2975 cmlo
823 2920 1071 2989 splendet
1106 2921 1253 2991 quod
1280 2921 1532 2975 videtur?
1562 2920 1687 2989 quis
1720 2928 1776 2975 et

195 3005 324 3061 aliis
355 3007 597 3064 varietas
625 3008 913 3079 vestigium
960 3008 1118 3064 illicit
1169 3019 1228 3063 ut
1259 3008 1449 3064 stellae.
1501 3006 1607 3063 Sed
1635 3008 1774 3064 forte

1888 815 2076 872 fuisset
2097 816 2215 871 visl
2256 816 2339 871 vis
2388 816 2530 870 enim
2586 830 2695 872 non
2739 823 2999 885 procurat
3045 824 3298 882 martem,
3351 815 3447 870 sed

1888 910 1982 963 dat
2011 920 2069 965 ut
2094 910 2424 980 ignoscatur.
2458 908 2564 967 Sed
2594 908 3048 978 quemadmodum
3077 906 3337 976 scriptum
3361 914 3453 963 est

1884 1001 2179 1068 videamus,
2238 1011 2299 1056 ut
2338 992 2576 1061 edoceri
2637 1000 2910 1069 possimus
2955 1006 3216 1069 quantum
3270 1005 3449 1068 potest

1884 1093 2147 1149 diabolus.
2169 1094 2480 1153 Amicitiam
2508 1091 2684 1157 tinxit.
2708 1092 2949 1149 ostendit
2966 1090 3445 1160 pulchritudinem,

1882 1185 2071 1249 suasit,
2097 1186 2367 1253 promisit,
2400 1184 2521 1239 ideo
2554 1183 2676 1253 quia
2706 1184 2813 1239 vim
2838 1183 3022 1238 facere
3052 1197 3163 1237 non
3209 1178 3445 1239 valebat.

1881 1272 1949 1327 Et
1974 1289 2121 1327 nunc
2146 1272 2301 1329 multi
2338 1275 2567 1329 suadent
2591 1272 2718 1337 sibi,
2749 1273 2877 1343 quia
2930 1262 3231 1325 tr'abuntur
3254 1284 3287 1325 a
3320 1267 3445 1337 qui-

1880 1363 2125 1420 busdam.
2162 1363 2242 1418 Illi
2269 1364 2415 1419 enim
2440 1366 2535 1434 qui
2561 1363 2695 1419 foris
2720 1372 2869 1429 sunt,
2918 1362 3057 1418 forte
3108 1369 3284 1417 autem
3338 1360 3444 1414 ali-

1881 1457 1972 1526 qui
2002 1464 2059 1510 et
2084 1469 2155 1511 ex
2184 1456 2273 1512 liis
2296 1457 2390 1524 qui
2426 1456 2568 1510 intus
2595 1463 2741 1521 sunt,
2764 1465 2960 1523 putant
2981 1470 3040 1509 se
3084 1468 3112 1509 ι
3159 1452 3332 1510 stellis
3364 1461 3447 1508 at-

1880 1544 2046 1611 trahi,
2070 1544 2269 1599 mslum
2294 1542 2438 1597 malo
2463 1551 2718 1623 curantes
2742 1558 2757 1607 ;
2785 1552 2977 1598 etcum
3005 1544 3267 1599 deberent
3290 1557 3443 1599 suam

1882 1638 2141 1693 malitiam
2166 1635 2437 1699 conﬁteri,
2474 1633 2623 1693 διε-δ
2657 1637 2833 1707 majus
2881 1635 3080 1693 malum
3114 1633 3441 1705 medenti

1881 1729 2025 1784 malo
2052 1739 2446 1797 supraponunt.
2472 1727 2794 1784 Creaturam
2822 1728 3023 1797 quippe
3062 1726 3298 1797 propriis
3330 1740 3448 1782 ma-

1878 1818 1944 1873 lis
1972 1818 2425 1882 contaminantes,
2446 1817 2596 1875 aliud
2634 1826 2815 1873 autem
2842 1830 2965 1872 cum
2993 1816 3233 1885 superati
3258 1830 3288 1870 a
3314 1829 3446 1870 con-

1879 1910 2227 1979 cupiscentiis
2260 1910 2483 1976 fuerint,
2514 1909 2830 1967 remiserint
2856 1918 3035 1967 autem
3072 1906 3251 1967 fenum
3284 1908 3436 1976 cogi-

1881 2012 2024 2058 tatus
2047 2003 2156 2068 sui,
2180 2011 2375 2073 putant
2404 2000 2724 2057 inﬁrmitate
2748 1999 3065 2070 frequenter
3089 2014 3151 2055 se
3181 1999 3346 2065 vinci,
3389 2007 3449 2061 et

1878 2110 1984 2149 non
2025 2110 2124 2150 suo
2172 2095 2448 2165 proposito
2501 2092 2821 2164 negligenti.
2871 2091 3079 2161 Siquis
3108 2099 3287 2145 autem
3322 2089 3443 2146 vult

1880 2193 2126 2238 naturam
2154 2198 2468 2254 agnoscere,
2505 2200 2610 2239 non
2644 2184 2730 2240 his
2760 2198 2883 2255 qua
2916 2183 3222 2254 praescribit
3272 2199 3444 2254 agno-

1878 2266 2035 2339 scat;
2077 2274 2200 2343 quia
2239 2288 2337 2330 nec
2364 2274 2527 2331 debet
2576 2276 2817 2330 accusari
2851 2274 3046 2347 regalis
3081 2290 3334 2332 nummus
3373 2276 3446 2332 ab

1878 2366 2142 2421 adultero.
2198 2366 2350 2421 Illam
2390 2366 2767 2422 fortitudinem
2801 2377 3011 2423 natura
3046 2377 3101 2423 et
3142 2369 3438 2440 cogitatum

1877 2457 2079 2522 videat,
2116 2472 2240 2511 cum
2284 2458 2728 2528 concupiscentia
2780 2457 3053 2527 hortatur,
3100 2474 3223 2515 cum
3276 2460 3444 2515 libido

1879 2560 2053 2619 rogat,
2087 2557 2140 2603 et
2176 2564 2281 2609 nox
2311 2550 2655 2608 occasionem
2682 2549 2927 2619 prabet:
2975 2550 3249 2619 quomodo
3289 2551 3439 2620 cogi-

1878 2650 2026 2696 tatus
2056 2656 2087 2695 e
2111 2650 2300 2696 contra
2324 2641 2594 2696 obstruit:
2624 2640 2753 2711 quia
2777 2649 2831 2694 et
2852 2640 2904 2695 in
2932 2640 3274 2711 passionibus
3302 2656 3443 2697 mar-

1879 2743 2079 2803 tyrum,
2113 2747 2305 2788 manus
2330 2731 2543 2802 quidem
2577 2732 2804 2798 radunt,
2838 2732 2980 2788 oculi
3011 2741 3194 2787 autem
3226 2733 3441 2787 minan-

1876 2831 1984 2891 tur,
2015 2832 2071 2879 et
2103 2824 2293 2880 dentes
2322 2826 2449 2878 dum
2482 2822 2717 2879 strident
2760 2834 2986 2890 terrent,
3025 2833 3083 2881 et
3127 2826 3363 2897 tyranni,
3391 2840 3442 2886 et
3546 2878 3549 2879 ν

1874 2916 2057 2987 gladii,
2086 2925 2141 2971 et
2173 2917 2332 2986 ignis,
2358 2927 2412 2971 et
2440 2916 2587 2972 mille
2612 2919 2822 2989 species
2849 2919 3043 2973 mortis
3077 2927 3443 2988 apponuntur.

1874 3019 1931 3064 et
1954 3007 2227 3077 cogitatus
2252 3022 2358 3062 non
2398 3007 2657 3066 ﬂectitur.
2686 3009 2793 3066 Sed
2820 3009 2959 3064 alius
2996 3010 3174 3066 victus
3198 3020 3283 3066 est
3308 3028 3323 3065 :
3350 3012 3445 3066 sed

196 3097 240 3151 si
268 3108 462 3155 essem
490 3099 545 3153 iu
573 3099 773 3165 medio,
798 3109 857 3153 ut
885 3098 951 3153 ad
981 3099 1443 3168 comparationem
1481 3097 1623 3164 dico,
1676 3098 1775 3152 ali-
1801 3122 1843 3179 ο
1878 3104 1986 3154 non
2019 3114 2049 3154 a
2083 3099 2241 3154 victis
2278 3099 2475 3155 debent
2510 3102 2724 3169 agmina
2759 3100 3019 3156 militaria
3053 3102 3311 3172 iudicari.
3355 3102 3448 3159 Ille

197 3191 396 3245 munia:
421 3192 687 3257 diversae;
716 3200 768 3245 et
803 3191 847 3246 si
885 3189 1145 3261 possibile
1172 3200 1317 3247 esset
1342 3198 1395 3245 et
1430 3190 1629 3243 artium
1656 3191 1774 3259 pul-

197 3280 541 3338 chritudines
570 3282 721 3352 poni,
744 3284 1119 3337 adunarentur
1146 3291 1325 3336 autem
1355 3289 1411 3335 et
1438 3281 1621 3335 omnia
1654 3284 1773 3335 ani-

198 3372 387 3439 malia,
416 3383 470 3428 et
496 3384 894 3443 proponeretur
925 3373 1087 3429 lectio
1113 3372 1227 3445 (96)
1257 3390 1273 3429 :
1309 3372 1494 3429 statim
1522 3376 1673 3442 porci
1706 3374 1774 3428 ad

196 3474 410 3520 stercus
436 3473 743 3531 currerent,
772 3479 960 3519 mures
985 3464 1051 3518 ad
1077 3463 1182 3518 alia
1214 3463 1519 3519 istiusmodi
1572 3478 1773 3537 conve-

197 3557 406 3613 nientia
434 3559 535 3613 sibi
565 3568 621 3613 et
643 3559 819 3613 amica
852 3575 867 3612 :
901 3557 1038 3613 asini
1087 3566 1292 3623 autem,
1327 3566 1383 3611 et
1412 3556 1517 3610 alia
1552 3572 1671 3624 quita:
1699 3557 1772 3611 ita

198 3659 328 3704 sunt
355 3649 506 3705 tarda
540 3649 818 3716 animalia,
874 3649 964 3704 illa
1013 3651 1233 3719 quidem
1279 3648 1463 3702 fenum
1503 3658 1770 3716 peterent,

197 3741 304 3795 alia
329 3743 399 3797 ad
431 3757 497 3799 ea
531 3756 655 3813 quae
692 3750 1019 3798 consuerunt
1052 3755 1114 3796 se
1132 3738 1441 3809 iungerent.
1474 3738 1645 3794 Homo
1675 3756 1771 3792 au-

197 3839 307 3888 tem
341 3834 656 3905 dignitatem
698 3834 937 3889 hominis
956 3833 1183 3888 salvans
1213 3831 1283 3887 ad
1311 3841 1457 3888 artes
1502 3842 1769 3894 curreret,

194 3936 249 3980 et
278 3928 346 3981 ad
374 3923 685 3995 spectacula
712 3924 911 3978 artium
939 3932 1277 3993 properaret.
1332 3920 1390 3976 Si
1442 3921 1561 3990 quis
1590 3932 1771 3974 autem

197 4028 344 4074 esset
388 4020 553 4074 homo
593 4032 721 4072 vere
768 4026 823 4071 et
870 4018 1110 4071 hominis
1134 4016 1354 4071 salvatus
1385 4029 1645 4081 sensum;
1675 4019 1769 4069 de-

198 4111 432 4179 spiciens
462 4123 518 4165 et
534 4111 799 4166 derideus
827 4110 1167 4179 relinqueret
1204 4110 1394 4179 utique
1444 4106 1769 4162 sollicitudi-

197 4216 320 4256 nem
343 4204 717 4273 propositam;
751 4200 1051 4269 respiceret
1089 4206 1273 4253 autem
1304 4212 1523 4251 sursum
1561 4196 1626 4250 ad
1653 4209 1769 4250 coe-

200 4291 332 4357 lum,
356 4301 412 4346 et
440 4291 646 4345 videret
672 4305 793 4360 quae
824 4291 877 4345 in
906 4288 1050 4345 caelo
1090 4298 1145 4344 et
1196 4288 1453 4357 superius
1490 4288 1632 4342 cmlo
1674 4288 1771 4341 ha-

196 4381 415 4447 bentur,
466 4398 579 4437 non
630 4382 802 4437 oculis
844 4382 937 4439 sed
991 4391 1195 4446 mente,
1242 4388 1298 4433 et
1337 4394 1445 4434 non
1496 4387 1771 4446 pateretur

198 4477 451 4532 deorsum
508 4477 560 4530 iu
605 4488 765 4530 coeno
812 4474 1068 4528 volutari.
1107 4471 1214 4527 Sed
1266 4470 1395 4540 quid
1453 4470 1715 4525 faciemus
1746 4470 1769 4521 τ
1802 4456 1845 4510 Ῑ)

200 4568 340 4626 Dens
369 4569 615 4639 superius
640 4566 779 4623 coelo
806 4576 889 4620 est
933 4574 987 4620 et
1036 4562 1258 4633 ubique.
1294 4562 1543 4619 Mortalia
1591 4573 1770 4616 autem

198 4660 341 4716 circa
375 4661 516 4715 latus
545 4658 801 4725 illiciunt,
834 4668 889 4712 et
917 4671 1092 4727 neque
1125 4657 1391 4717 dicentes,
1446 4667 1622 4722 neque
1674 4669 1771 4705 au-

199 4752 412 4809 dientes
454 4751 760 4808 excitamur
804 4765 835 4803 a
880 4762 1072 4804 somno
1114 4764 1131 4813 ;
1185 4749 1280 4802 sed
1325 4745 1465 4801 sicut
1513 4760 1636 4799 cera
1682 4753 1775 4797 aut

198 4846 476 4914 plumbum
506 4843 742 4899 infusum
772 4844 995 4897 auribus
1033 4840 1233 4895 nostris
1258 4838 1477 4893 obturat
1504 4838 1776 4893 sermonis

202 4940 528 5009 ingressum,
551 4947 605 4990 et
634 4936 938 4991 clamamus
976 4934 1097 4987 sine
1129 4946 1293 4987 causa
1323 4948 1337 4984 :
1372 4930 1594 4984 trahunt
1627 4930 1770 4983 enim

201 5045 321 5098 qttaz
352 5033 634 5085 attrahunt
662 5044 766 5083 non
798 5042 921 5082 cum
952 5027 1026 5090 vi,
1059 5025 1327 5093 siquidem
1385 5016 1484 5076 nec
1540 5023 1714 5091 pisces
1741 5037 1770 5074 a

200 5120 409 5196 laqueis
454 5137 577 5177 cum
612 5122 664 5176 vi
697 5121 994 5175 trahuntur
1044 5117 1283 5186 quandiu
1331 5124 1387 5169 et
1432 5115 1769 5181 capiuntur:

200 5229 371 5285 neque
400 5214 645 5269 diabolus
678 5219 784 5268 vim
816 5214 947 5267 facit
976 5208 1310 5273 hominibus,
1348 5206 1440 5261 sed
1498 5206 1767 5258 hortatur.

198 5302 311 5365 Non
338 5310 482 5363 enim
507 5307 769 5375 scriptum
805 5314 909 5369 est,
960 5306 1082 5371 quia
1118 5301 1328 5368 accepit
1364 5296 1608 5353 diabolus
1650 5310 1768 5351 ma-

265 5427 309 5461 “
337 5426 442 5483 in.
468 5444 557 5493 XL,
582 5429 671 5481 26.
750 5426 794 5457 “
820 5426 921 5481 lea.
949 5440 1004 5487 v,
1040 5423 1093 5475 4.
1172 5420 1219 5451 ⁵³
1245 5419 1375 5473 ibid.
1489 5471 1493 5475 .

266 5520 379 5593 (95)
401 5522 526 5593 ξι,
708 5538 798 5575 cor
830 5532 1062 5593 propter.

267 5589 378 5661 (9‘)
410 5591 615 5661 Triuia.
642 5591 826 5655 Forte,
855 5589 1078 5661 turbela.

264 5655 378 5734 l95)
407 5660 536 5725 Ms.,
564 5663 690 5727 quid
717 5678 874 5715 suave
900 5669 975 5713 est
1000 5660 1056 5711 in
1082 5655 1324 5711 invidis?

516 5759 790 5817 l’srnOL.
842 5756 957 5815 Gn.
1008 5750 1237 5815 XXIV.

1878 3192 2023 3246 enim
2057 3192 2148 3260 qui
2184 3192 2358 3246 victus
2388 3202 2489 3258 est,
2518 3193 2725 3249 ordinis
2750 3194 2923 3249 aciem
2974 3194 3221 3259 dimisit;
3263 3196 3333 3251 ab
3363 3196 3448 3250 his

1878 3294 2059 3337 autem
2089 3282 2180 3350 qui
2221 3292 2496 3352 superant,
2529 3283 2726 3341 debent
2770 3284 2990 3352 agnosci
3026 3287 3268 3353 agmines
3301 3286 3445 3340 mili-

1879 3384 2042 3429 tares.
2070 3374 2204 3441 Quia
2238 3388 2412 3445 neque
2438 3390 2466 3428 a
2502 3375 2661 3431 caecis
2688 3374 2880 3431 oculus
2916 3376 3223 3446 iudicatur,
3271 3392 3446 3448 neque

1876 3479 1906 3517 a
1940 3464 2119 3521 surdis
2152 3466 2323 3531 auris,
2354 3477 2531 3537 neque
2562 3467 2630 3522 ab
2655 3468 3047 3538 aegrotantibus
3093 3477 3309 3535 natura,
3344 3486 3446 3525 nec

1877 3558 1946 3612 ab
1972 3557 2330 3615 infructuosis
2373 3559 2661 3618 arboribus
2701 3560 2858 3631 culpa
2891 3570 3099 3616 natura:
3146 3562 3307 3617 debet
3350 3578 3440 3617 as-

1877 3648 2010 3702 cribi
2042 3667 2056 3701 :
2090 3650 2217 3719 quia
2251 3665 2354 3705 nec
2384 3650 2583 3705 mortui
2612 3651 2857 3706 homines
2883 3651 3132 3706 homines
3160 3661 3311 3715 sunt,
3345 3667 3445 3707 uec

1876 3739 1929 3793 in
1968 3741 2105 3796 vivis
2134 3741 2421 3811 irreligiosi
2449 3752 2505 3796 et
2532 3742 2701 3811 impii,
2731 3758 2907 3813 neque
2944 3753 3227 3814 assumpta
3292 3744 3442 3799 dele-

1876 3832 2042 3887 ctatio
2086 3832 2390 3889 libidinosis
2436 3843 2739 3904 reputatur.
2791 3833 2915 3890 Haec
2956 3835 3099 3889 etiim
3151 3845 3237 3892 est
3278 3852 3441 3892 noxa.

1874 3921 1942 3977 Et
1971 3924 2174 3980 utinam
2198 3926 2475 3997 expediret
2504 3926 2703 3996 aliquid
2728 3940 2927 3989 sermo,
2963 3936 3094 3981 utet
3127 3928 3322 3982 iterum
3346 3929 3444 3983 ﬂe-

1874 4024 1976 4070 ret.
2030 4015 2169 4083 Quia
2220 4017 2365 4072 enim
2422 4021 2808 4086 nonnunquam
2856 4026 3117 4087 putantur
3166 4032 3445 4075 sermones

1874 4108 2179 4162 contrarios
2233 4109 2303 4163 ob
2363 4110 2755 4178 spectationem
2804 4108 2917 4181 (97)
2968 4099 3175 4165 fructus
3223 4112 3444 4175 aﬂ‘erre.

1876 4200 2015 4254 sicut
2063 4198 2204 4255 Deus
2246 4201 2413 4255 Israel
2438 4201 2659 4271 culpaus
2699 4201 2870 4255 dicit:
2903 4199 3144 4256 Sustinui
3168 4210 3225 4256 ut
3253 4203 3445 4271 faceret

1874 4306 2049 4357 uvam,
2108 4292 2228 4360 fecit
2276 4301 2454 4348 autem
2486 4292 2666 4360 spinas
2706 4292 2793 4356 ἠς
2834 4296 3143 4347 exhortatio
3198 4296 3444 4364 quaedam

1874 4382 2109 4438 edicitur
2151 4384 2217 4437 ad
2275 4383 2600 4449 docendum,
2652 4398 2717 4438 eo
2766 4386 2912 4454 quod
2966 4401 3071 4439 non
3118 4386 3447 4442 fructificant

1876 4476 2059 4530 verba.
2096 4474 2375 4545 Siquidem
2395 4484 2450 4529 et
2474 4474 2585 4529 illic
2611 4476 2741 4533 dicit
2772 4477 2911 4529 Deus
2938 4493 2953 4531 :
2982 4477 3174 4531 Omnia
3201 4494 3447 4547 quacun-

1876 4582 1974 4637 que
2003 4566 2155 4619 debui
2178 4566 2349 4636 facere
2377 4567 2479 4636 feci
2514 4567 2675 4619 vincte
2709 4582 2838 4620 mete
2868 4564 2934 4620 ".
2970 4566 3104 4633 Quia
3143 4568 3289 4621 enim
3318 4583 3449 4621 con-

1879 4660 2075 4714 trarius
2102 4660 2490 4727 exspectationi
2523 4660 2699 4713 attulit
2728 4658 2958 4724 fructus,
2990 4660 3086 4724 ait,
3134 4658 3445 4714 Subducatn

1876 4750 2103 4805 imbrem
2134 4750 2201 4803 ab
2217 4765 2281 4803 ea
2308 4767 2322 4804 :
2354 4749 2539 4818 utquid
2571 4749 2715 4802 enim
2735 4748 2944 4819 pluvias
2974 4749 3024 4803 ei
3051 4749 3218 4803 vineae
3258 4748 3309 4801 in
3338 4764 3444 4818 qua

1880 4856 1985 4895 non
2018 4850 2316 4911 exsurgunt
2339 4840 2584 4895 fructus?
2617 4840 2683 4895 Et
2707 4839 2835 4904 alia,
2868 4842 3063 4911 inquit,
3091 4840 3273 4894 omnia
3304 4856 3451 4909 quasi

1879 4947 2091 5002 cunque
2118 4931 2220 4986 feci
2253 4932 2319 4985 ad
2346 4930 2822 4986 fructiﬁcationem
2853 4930 2988 4997 ejus,
3022 4932 3269 5001 quaedam
3317 4932 3441 4999 qui-

1880 5024 2000 5078 dem
2036 5021 2299 5088 auferam,
2331 5023 2575 5091 quaadam
2610 5032 2790 5076 autem
2824 5010 3097 5084 evertam;
3121 5030 3179 5074 ut
3219 5035 3321 5075 non
3348 5037 3439 5075 cu-

1878 5112 2091 5167 stodita
2137 5114 2306 5181 spinae
2347 5122 2402 5166 et
2446 5112 2616 5166 imbre
2649 5110 2835 5181 rigata:
2884 5109 3170 5166 ﬂorescant
3208 5128 3222 5166 :
3255 5121 3349 5165 aut
3377 5125 3447 5165 ex

1879 5204 2114 5276 negetiis
2144 5216 2236 5257 aut
2262 5218 2329 5259 ex
2362 5198 2661 5271 Scripturis
2708 5204 3088 5258 condiscamus
3122 5203 3445 5273 religiosita-

1880 5306 2007 5352 tem.
2045 5297 2089 5350 Α
2132 5297 2361 5367 negotiis
2393 5296 2609 5365 quidem
2637 5296 2914 5351 videamus
2937 5295 3184 5350 mortalia
3219 5308 3275 5349 ut
3306 5309 3449 5351 mor-

1948 5503 2061 5572 (96)
2094 5501 2283 5555 Lectio.
2352 5501 2512 5556 Forte
2539 5502 2736 5556 electio-

1949 5567 2064 5641 (97)
2121 5573 2307 5627 Gncce
2354 5572 2518 5627 fuisse
2587 5574 2817 5637 videtur,
2880 5570 3031 5641 παρὰ
3095 5567 3453 5641 προσδοκίαν,

1878 5654 2065 5717 prater
2089 5646 2547 5713 exspectationem.
