4048 6322
1251 338 1529 400 EUSEBII
1565 338 2039 399 CESARIENSIS
2075 340 2168 397 0P1

2271 341 2450 398 PARS
2486 340 2575 397 IV.
2607 373 2676 386 —
2711 339 3133 400 DOGIATICA.

3705 343 3847 402 ιικ

599 460 748 524 talia,
785 456 1120 514 transeuntla
1145 461 1555 516 attranseuntia
1602 481 1614 516 :
1665 477 1768 517 non
1806 462 1957 519 vides
1990 462 2160 520 hone-
2185 473 2234 530 Α
2260 464 2437 520 visio!
2474 465 2565 520 ubi
2616 473 2742 521 sunt
2779 464 2970 520 oculi?
3005 479 3039 520 o
3081 465 3240 520 bona
3289 461 3691 519 adhortationis
3718 477 3849 520 aan-

597 562 680 606 sta
727 561 824 605 aut
872 549 1178 617 inhonesta,
1213 550 1294 606 vel
1326 567 1358 607 a
1392 555 1619 622 negotiis
1662 565 1720 609 et
1752 553 2014 620 alitteris
2046 554 2160 626 (98)

597 641 914 707 vida.,Deus
946 650 1169 710 propter
1199 645 1625 700 misericordiam
1656 646 1740 699 sui
1769 645 1961 702 scribit
1985 647 2162 703 homio

598 747 698 787 nes
726 732 1097 788 lnobedientes
1118 747 1243 788 esse
1272 750 1378 790 non
1407 737 1630 791 debere.
1669 733 1837 790 Putas
1866 733 2164 807 fatigantur

599 823 818 892 quidam
849 837 970 878 esse
990 825 1214 894 pudici?
1245 825 1361 882 Non
1390 829 1583 882 mirum
1608 837 1788 881 autem
1819 827 1863 881 si
1889 826 2162 882 libidinosi

603 931 712 974 non
744 917 928 974 satiati
954 920 1066 988 jam
1103 932 1341 978 cessant.
1381 921 1439 977 Si
1475 922 1618 977 enim
1643 922 1726 976 his
1747 921 1840 990 qui
1874 922 2009 978 bene
2035 937 2163 978 cur-

601 1023 732 1067 runt
774 1013 927 1074 labor
968 1023 1074 1078 est,
1124 1015 1208 1071 bis
1241 1017 1331 1086 qui
1370 1014 1509 1069 male
1538 1024 1766 1069 currunt
1812 1027 1909 1069 cur
1937 1013 2165 1070 satietas

600 1119 707 1158 non
757 1104 1034 1160 habetur?
1081 1104 1359 1178 Fatigatur
1390 1104 1512 1174 quis
1560 1102 1768 1160 faciens
1798 1105 1978 1172 bene;
2024 1103 2166 1160 male

599 1205 778 1248 autem
808 1194 1017 1250 faciens
1057 1210 1163 1250 non
1186 1194 1460 1249 satiatur?
1513 1193 1696 1262 Equus
1732 1195 1786 1249 in
1826 1209 1992 1249 cursu
2044 1191 2161 1249 em-

599 1283 741 1337 citur
771 1285 973 1339 sudans
999 1301 1015 1352 ;
1047 1294 1102 1340 et
1122 1283 1295 1338 malus
1327 1298 1556 1338 currens
1585 1293 1744 1353 putas
1769 1298 1874 1338 non
1905 1283 2166 1354 fatigatur

601 1375 658 1428 in
677 1375 872 1430 sudore
887 1375 910 1429 τ
927 1375 1042 1430 Non
1066 1377 1207 1431 enim
1233 1383 1438 1428 tantum
1457 1374 1921 1444 exprimitcursus
1941 1388 2164 1443 equum,

600 1476 860 1534 quantum
887 1480 980 1521 eos
1013 1465 1104 1534 qui
1153 1463 1358 1518 malitia
1407 1473 1656 1519 utuntur.
1700 1463 1920 1520 Cessate
1950 1480 1981 1518 a
2013 1464 2169 1519 mali-

601 1556 693 1610 tiis
736 1557 956 1620 vestris,
1011 1562 1065 1608 et
1116 1555 1312 1609 iterum
1358 1555 1607 1611 odientcs
1652 1555 1852 1611 malum
1874 1554 2166 1626 jungimini

599 1647 763 1700 bono.
804 1643 919 1699 Non
952 1643 1170 1712 prodest
1203 1644 1411 1700 malitia
1438 1646 1619 1710 malo;
1654 1645 1854 1700 malum
1878 1645 2022 1700 enim
2045 1657 2163 1708 est,

599 1737 811 1792 etiamsi
839 1737 1136 1792 sentiamus
1174 1747 1268 1791 aut
1295 1753 1402 1792 non
1433 1739 1757 1792 sentiamus.
1790 1737 1959 1808 Magis
1983 1746 2162 1792 autem

2261 571 2354 612 sus
2377 558 2392 612 l
2427 556 2520 612 ubi
2545 571 2739 613 sensus
2760 557 2785 612 ι
2808 556 2900 612 ubi
2935 556 3204 626 cogitatus
3223 547 3274 608 τ’
3297 551 3442 622 Quid
3480 552 3850 623 reprehendi-

2267 649 2339 704 sti
2372 647 2460 701 illa
2488 647 2512 702 τ
2542 648 2672 718 quid
2707 647 2975 717 agnovisti
3012 645 3208 700 in-istis
3230 644 3256 698 ἲ
3288 645 3378 700 ubi
3403 645 3698 699 annotinos
3712 658 3848 701 enr-

2263 753 2380 802 sus,
2408 748 2469 793 ut
2500 748 2556 794 et
2577 752 2892 808 perseveres
2924 737 2977 792 in
3021 737 3272 806 prasenti
3317 750 3462 790 anno
3500 737 3556 791 in
3591 749 3756 790 cono
3788 745 3848 792 te

2263 831 2486 886 volvens
2531 830 2557 886 2
2611 830 2700 886 ubi
2750 840 2878 884 aunt
2929 844 3051 899 qua
3105 828 3438 884 manducasti
3500 837 3630 882 ante
3677 827 3847 882 istum

2265 923 2428 987 diem,
2463 931 2524 976 ut
2573 919 2798 978 festines
2843 918 2959 993 (99)
3009 929 3065 974 et
3103 919 3310 974 hodie?
3337 934 3496 990 quem
3528 918 3772 973 fructum
3812 932 3850 974 a

2265 1012 2493 1068 libidine
2545 1013 2829 1085 accepisti,
2885 1022 2944 1067 ut
3001 1011 3200 1066 iterum
3250 1010 3318 1064 ad
3372 1010 3544 1078 ipsam
3581 1008 3852 1076 iniuriam

2265 1102 2499 1159 curras?
2549 1103 2608 1158 8i
2663 1113 2840 1158 autem
2899 1117 2999 1158 nos
3048 1101 3258 1156 hortari
3307 1110 3486 1155 vestra
3533 1099 3849 1155 obedientia

2265 1194 2451 1262 vultis,
2481 1193 2773 1248 ostendere
2801 1193 2880 1265 (ι)
2908 1195 3024 1262 ipso
3065 1205 3231 1261 opere
3284 1189 3494 1244 fructus
3546 1188 3850 1242 sermonis.

2265 1283 2420 1340 Nunc
2449 1296 2628 1338 autem
2667 1293 2724 1339 et
2753 1298 2849 1338 vos
2890 1281 3251 1337 adhortamiui
3297 1297 3312 1334 :
3342 1280 3438 1335 sed
3486 1290 3705 1348 tempus
3739 1291 3849 1332 non

2267 1376 2554 1448 permittit.
2603 1373 2746 1430 Deus
2773 1384 2954 1429 autem
2999 1373 3192 1428 liberet
3215 1386 3310 1427 vos
3336 1371 3405 1426 ab
3434 1371 3583 1425 omni
3618 1370 3848 1434 malitia,

2267 1474 2323 1520 et
2370 1463 2576 1534 repleat
2625 1476 2724 1518 vos
2777 1463 2890 1517 suis
2935 1461 3117 1526 bonis,
3152 1472 3212 1517 ut
3242 1459 3481 1516 aﬂ‘eratis
3526 1457 3770 1515 fructum
3795 1458 3851 1511 in

2266 1556 2565 1612 centesimo
2593 1562 2650 1610 et
2677 1551 3014 1622 sexagesimo
3048 1562 3106 1608 et
3139 1552 3414 1616 tricesimo
3441 1565 3698 1612 numero.
3750 1563 3851 1620 per

2266 1646 2546 1702 Christum
2604 1642 2745 1712 ejus,
2798 1656 2896 1713 Per
2944 1654 3105 1710 quem
3152 1650 3240 1696 est
3284 1641 3398 1696 Deo
3438 1638 3594 1695 Patri
3645 1639 3841 1711 gloria,

2267 1740 2463 1803 honor,
2516 1735 2826 1805 imperium,
2881 1734 3164 1804 maiestas,
3211 1748 3335 1789 eum
3378 1731 3588 1801 Spiritu
3627 1741 3847 1798 saeuo,

602 1829 962 1883 sentientibus
1003 1829 1232 1898 simplex
1277 1837 1382 1892 est,
1435 1842 1540 1882 non
1576 1828 1938 1882 sentientibus
1984 1836 2162 1882 autem
2197 1809 2236 1864 Β
2269 1838 2324 1885 et
2357 1842 2503 1883 nunc
2547 1835 2603 1882 et
2641 1838 2878 1896 semper,
2915 1836 2970 1882 et
3009 1840 3104 1896 per
3148 1825 3333 1881 omnia
3385 1823 3586 1879 secula
3619 1821 3848 1879 scelio-

599 1919 816 1989 duplex.
853 1917 1111 1988 Respicite
1151 1921 1206 1972 in
1245 1919 1415 1974 altum
1454 1919 1626 1972 oculis
1665 1918 1870 1983 uestris,
1899 1928 1949 1972 et
1993 1918 2165 1973 ridete

597 2010 714 2079 quis
752 2011 1021 2066 constituit
1051 2011 1225 2064 omnia
1261 2011 1362 2064 ista
1397 2009 1462 2064 “.
1489 2009 1533 2065 0
1571 2011 1725 2065 bona:
1763 2009 2156 2066 adhortationis

2271 1933 2412 1975 rum.
2437 1917 2631 1972 Amen.

629 2147 3836 2191 Μ

1572 2358 2128 2476 EUSEBII
2202 2355 2895 2472 PAMPHILI

1383 2597 1562 2685 DE
1666 2594 2481 2688 OPERIBUS
2586 2593 3073 2689 BONIS

1484 2785 1592 2850 Ea:
1620 2783 1912 2864 Epistola
1942 2782 2132 2845 Pauli
2158 2783 2239 2846 ad
2267 2783 2634 2847 Corinthios
2660 2784 2958 2860 secunda,

1944 2950 2181 3014 LIBER
2223 2949 2506 3012 NONUS.

665 3247 1143 3307 Resurrectionem
1198 3247 1412 3304 Domini
1463 3254 1520 3302 et
1562 3257 1871 3316 regressum
1919 3244 2038 3312 ejus
2095 3243 2162 3300 ad
2191 3251 2233 3310 c
2269 3253 2434 3299 tutem
2465 3254 2730 3315 quantum
2763 3246 2830 3301 ad
2857 3259 2982 3302 eum
3018 3245 3111 3318 qui
3147 3244 3455 3302 videbatur.
3489 3243 3560 3302 Et
3588 3260 3701 3302 xxx
3723 3245 3847 3303 totis

594 3341 762 3396 caelos
795 3340 926 3410 ipsis
955 3336 1126 3393 oculis
1181 3336 1427 3390 videntes
1473 3333 1726 3405 apostoli,
1771 3333 2164 3388 dubitationem

595 3447 756 3504 quam
812 3430 1292 3501 ante-passionem
1345 3428 1619 3483 habebant
1674 3427 2064 3495 deposuerunt,
2113 3432 2168 3478 et

594 3538 809 3578 omnem
847 3521 1290 3577 incredulitatem
1327 3535 1356 3572 ει
1391 3533 1452 3573 se
1479 3518 1822 3588 pepulerunt.
1862 3514 1983 3586 Ipso
2020 3517 2167 3571 enim

595 3618 714 3670 visu
747 3614 850 3670 sibi
882 3614 1016 3668 satis
1052 3611 1316 3666 facientes
1353 3609 1477 3678 quia
1503 3609 1803 3664 resurrexit
1853 3617 1910 3664 et
1957 3623 2170 3664 assum-

593 3717 718 3776 ptus
743 3706 810 3760 ad
843 3705 1010 3760 caelos
1036 3711 1120 3758 est
1159 3702 1440 3767 Dominus,
1471 3699 1561 3753 alii
1591 3714 1689 3768 pro
1713 3700 1833 3753 aliis
1859 3697 2036 3754 eﬂ’ecti
2063 3715 2167 3754 no-

594 3805 840 3850 scuntur.
872 3793 1066 3849 Petrus
1087 3791 1233 3846 enim
1268 3805 1364 3862 pro
1387 3791 1718 3858 juramentis
1760 3799 1816 3845 et
1846 3789 2166 3860 abnegatio-

596 3888 776 3949 nibus,
816 3898 996 3954 prteco
1048 3881 1230 3937 mundi
1281 3877 1504 3935 eﬂ'éctns
1529 3889 1630 3936 est.
1684 3878 1833 3934 Yisio
1864 3879 2007 3935 enim
2042 3893 2167 3934 eum

598 3978 964 4033 firmissimam
999 3985 1208 4045 petram
1235 3971 1434 4038 ederit,
1471 3973 1543 4026 ita
1578 3981 1638 4026 ut
1665 3971 1719 4025 in
1747 3986 1868 4026 eum
1898 3984 1952 4026 et
1978 3971 2169 4026 Eccle-

603 4073 682 4124 sia
714 4069 1096 4130 adiﬁcaretur,
1126 4076 1180 4121 et
1206 4067 1321 4136 ipse
1349 4073 1557 4134 martyr
1601 4064 1894 4118 exsisteret
1935 4061 2162 4118 Christi.

605 4161 845 4215 Thomas
883 4172 1117 4228 quoque,
1154 4157 1241 4225 qui
1279 4164 1334 4210 et
1383 4165 1506 4223 post
1555 4157 2037 4222 resurrectionem,
2067 4169 2167 4208 an-

600 4265 816 4322 tequam
848 4252 1275 4320 experimentum
1310 4249 1603 4314 acciperet,
1637 4245 1834 4301 dubius
1870 4256 2012 4316 erat,
2043 4245 2168 4317 quia

604 4343 753 4398 misit
783 4342 978 4413 digitos
1007 4354 1133 4395 suos
1167 4340 1218 4392 in
1265 4336 1623 4392 foraminibus
1654 4336 1958 4400 clavorum,
1994 4346 2051 4392 et
2087 4336 2167 4392 si-

592 4435 760 4488 bimet
795 4433 896 4504 ipsi
932 4431 1068 4486 satis
1096 4429 1243 4496 fecit,
1277 4430 1559 4482 Dominum
1587 4442 1710 4481 eum
1741 4435 1796 4481 et
1830 4426 1996 4482 Deum
2033 4441 2168 4482 con-

594 4525 776 4580 fessus
829 4532 931 4578 est.
983 4523 1114 4577 Erat
1163 4522 1308 4576 enim
1353 4519 1668 4575 incredibile
1693 4519 1858 4574 Deum
1887 4519 2172 4576 advenisse

595 4620 647 4672 in
675 4631 922 4688 corpore,
953 4625 1007 4671 et
1029 4617 1305 4671 hominem
1335 4614 1503 4668 videri
1539 4612 1819 4669 ctelestem
1849 4629 1864 4665 :
1890 4620 2008 4666 erat
2061 4627 2168 4667 non
2202 4607 2246 4661 D

593 4711 945 4775 credendum,
979 4711 1104 4780 quia
1131 4725 1197 4764 ex
1227 4709 1436 4779 virgine
1485 4716 1604 4761 erat
1641 4703 1896 4759 nativitas
1927 4704 2044 4773 ejus
2081 4719 2170 4761 se-

591 4807 825 4862 cundum
846 4819 1087 4860 carnem.
1103 4805 1196 4860 lsti
1217 4806 1362 4858 enim
1381 4799 1727 4858 conscientiae
1745 4797 2168 4854 satisfactionem

593 4895 707 4950 sola
757 4894 993 4949 habebat
1020 4908 1139 4963 quae
1169 4891 1651 4962 pepereratvirgo.
1695 4888 1938 4944 Necdum
1990 4897 2169 4944 autem

594 4998 790 5042 natura
837 4983 1161 5048 testabatur,
1217 4998 1392 5052 neque
1443 4991 1618 5036 mater
1672 4981 1910 5035 habebat
1965 4976 2169 5048 aliquid

591 5079 698 5132 tale
747 5077 1057 5145 semetipsa,
1108 5089 1282 5144 neque
1329 5074 1394 5127 de
1440 5073 1525 5130 bis
1563 5087 1684 5142 qua:
1731 5073 2010 5134 deorsum,
2073 5069 2169 5126 sed

588 5171 777 5225 omnia
807 5179 963 5224 erant
989 5167 1353 5224 incredibilia.
1386 5166 1575 5221 Gratia
1601 5165 1746 5221 enim
1778 5174 1898 5221 erat
1948 5166 2170 5220 inenar-

589 5259 801 5323 rabilis,
831 5269 885 5313 et
917 5257 1251 5329 indulgentia
1282 5254 1641 5311 incredibilis.
1687 5254 1805 5308 Alia
1836 5254 1979 5309 enim
2010 5259 2172 5307 erant

589 5368 712 5422 quae
736 5351 1098 5406 videbantur:
1149 5349 1242 5421 qui
1291 5349 1435 5403 enim
1489 5348 1792 5415 videbatur,
1827 5359 1953 5402 vere
1983 5355 2037 5399 et
2068 5345 2168 5401 ho-

590 5448 794 5501 minem
849 5444 1193 5500 ostendebat.
1243 5441 1387 5497 Nihil
1436 5444 1581 5498 enim
1635 5440 1921 5498 dilferebat
1967 5440 2034 5495 ab
2062 5439 2169 5494 alio

585 5539 813 5594 homine
848 5547 1112 5608 quantum
1142 5536 1208 5589 ad
1236 5537 1409 5590 visum
1436 5554 1448 5589 :
1481 5537 1607 5606 quia
1646 5533 1965 5592 continebat
1997 5533 2172 5588 virtu-

659 5632 706 5662 “
744 5632 844 5686 lsa.
877 5647 968 5693 ιι,
1007 5630 1097 5684 26.

660 5723 774 5793 (98)
802 5724 1056 5795 Γραφῶν,
1090 5723 1402 5795 scripturis.

661 5792 772 5864 (99)
801 5792 858 5849 ld
896 5792 1000 5858 est,
1030 5794 1274 5862 epit/eris.
1310 5792 1423 5849 Vox
1453 5793 1706 5849 barbara.

2269 3331 2427 3387 annis
2458 3347 2567 3388 non
2604 3331 2809 3389 fecerat
2841 3335 3076 3406 signum,
3120 3345 3181 3390 ut
3229 3335 3406 3406 primo
3453 3334 3713 3392 suaderet
3740 3351 3838 3391 no-

2269 3423 2352 3478 bis
2389 3424 2516 3493 quia
2567 3439 2795 3481 carnem
2855 3427 3171 3497 assumpsit,
3219 3435 3288 3482 et
3320 3428 3648 3483 concederet
3693 3427 3840 3483 carni

2269 3515 2529 3584 proiicere
2558 3517 2612 3570 in
2642 3516 2826 3582 astate,
2854 3525 2910 3572 et
2932 3533 3037 3572 non
3082 3519 3148 3572 de
3196 3532 3256 3573 se
3306 3518 3574 3587 suspicari
3604 3518 3752 3589 quod
3789 3528 3842 3573 et

2269 3609 2612 3675 suspicavere
2639 3608 2855 3679 quidam
2888 3609 3130 3665 haeretici
3161 3625 3176 3664 :
3203 3619 3258 3664 et
3299 3611 3402 3665 ista
3428 3610 3839 3679 dispensatione

2270 3701 2410 3755 facta
2448 3691 2721 3771 praebebat
2749 3712 2804 3757 et
2850 3703 2954 3757 hoc
2998 3702 3460 3759 incredulitatem.
3499 3701 3649 3758 Nihil
3696 3704 3842 3759 enim

2273 3793 2505 3864 amplius
2552 3794 2845 3862 putabatur
2879 3809 3020 3860 esse,
3073 3811 3238 3866 quam
3293 3795 3340 3850 is
3384 3795 3479 3865 qui
3537 3796 3841 3851 videbatur.

2269 3885 2407 3942 Nam
2460 3894 2514 3941 et
2577 3887 2646 3943 ad
2695 3887 3025 3957 baptismum
3069 3884 3296 3942 Joannis
3339 3886 3594 3941 veniebat
3624 3905 3638 3941 :
3668 3886 3850 3955 bapti-

2271 3994 2445 4035 smum
2485 3987 2664 4034 autem
2700 3992 2804 4032 non
2849 3987 2970 4033 erat
3006 3977 3232 4048 simplex
3274 3995 3289 4032 :
3327 3978 3661 4048 ptenitentize
3705 3977 3847 4032 enim

2271 4079 2392 4126 erat
2411 4070 2760 4138 baptismum,
2783 4069 3036 4139 quodque
3062 4068 3240 4124 adhuc
3265 4068 3435 4137 magis
3457 4067 3735 4123 hominem
3761 4083 3850 4122 os-

2272 4163 2545 4225 tendebat,
2582 4176 2745 4233 quam
2782 4175 2906 4216 eum
2939 4161 3033 4229 qui
3064 4158 3449 4215 occultabatur
3495 4158 3551 4212 in
3599 4158 3840 4213 homine.

2275 4258 2444 4313 Erant
2478 4257 2644 4328 igitur
2671 4259 2774 4312 ista
2817 4258 3210 4328 impedimenta
3243 4255 3390 4320 fidei,
3420 4269 3541 4324 qua
3581 4254 3844 4309 videban-

2276 4360 2384 4413 tur,
2419 4364 2538 4420 quae
2567 4349 2792 4414 ﬂebant,
2819 4363 2968 4416 esca,
3016 4361 3266 4414 somnus,
3317 4347 3602 4417 provectio
3648 4347 3843 4411 aetatis,

2273 4441 2328 4495 in
2363 4450 2503 4495 terra
2531 4439 2917 4496 deambulatio.
2964 4439 3021 4496 Si
3061 4449 3242 4495 autem
3267 4438 3428 4494 vellet
3455 4448 3510 4494 et
3535 4435 3712 4491 Mater
3763 4439 3842 4491 di-

2274 4546 2417 4598 cere,
2449 4532 2586 4599 Quia
2612 4534 2766 4601 virgo
2799 4548 3026 4588 manens
3073 4546 3200 4586 eum
3246 4532 3409 4586 enixa
3467 4545 3588 4585 sum
3623 4549 3638 4596 ;
3685 4531 3841 4584 unius

2280 4624 2525 4680 mulieris
2555 4635 2744 4679 contra
2775 4635 3028 4683 naturam
3081 4624 3448 4680 testimonium
3480 4622 3665 4677 minus
3709 4621 3848 4676 vale-

2279 4726 2382 4782 ret,
2408 4726 2463 4771 et
2490 4717 2724 4770 maxime
2757 4717 2899 4787 apud
2934 4715 3172 4772 Judazos.
3217 4714 3313 4770 His
3341 4715 3508 4785 igitur
3545 4713 3718 4767 tantis
3753 4715 3848 4767 im-

2279 4806 2608 4876 pedimentis
2637 4807 2949 4862 constitutis
2988 4807 3054 4860 ad
3085 4806 3268 4873 fidem,
3296 4806 3536 4860 arduum
3596 4812 3720 4857 erat
3767 4818 3849 4856 su-

2278 4898 2410 4966 scipi
2439 4898 2874 4966 praedicationem
2901 4916 2917 4954 :
2947 4905 3002 4952 et
3033 4897 3269 4952 maxime
3298 4896 3424 4966 quia
3441 4897 3532 4964 qui
3567 4895 3850 4948 videbatur

2278 5003 2385 5042 non
2412 4997 2528 5042 erat
2557 4989 2652 5058 qui
2687 4997 2743 5043 et
2767 4989 3082 5043 dicebatur:
3111 4988 3553 5059 praedicationem
3580 4985 3850 5056 prabebat

2278 5081 2414 5134 nihil
2447 5083 2644 5153 suscipi
2682 5081 2881 5137 debere
2908 5098 3032 5153 qua
3077 5081 3403 5137 videbantur
3441 5097 3455 5135 :
3495 5078 3723 5134 erodere
3758 5093 3849 5130 au-

2280 5183 2388 5226 tem
2437 5172 2563 5241 quia
2616 5172 2669 5226 in
2719 5171 2989 5243 principio
3045 5181 3165 5226 erat
3207 5167 3472 5234 Verbum,
3516 5179 3572 5223 et
3616 5167 3846 5224 Verbum

2277 5273 2397 5317 erat
2442 5264 2656 5325 vivens.
2708 5275 2764 5319 et
2813 5263 2956 5319 Deus
3003 5273 3121 5319 erat
3168 5259 3456 5326 Verbum;
3489 5260 3607 5316 haec
3653 5258 3723 5314 ad
3766 5259 3847 5312 illa

2275 5339 2396 5423 (μιίέ
2423 5353 2872 5422 inspiciebantur,
2909 5352 3110 5408 nullam
3141 5349 3466 5408 videbantur
3491 5350 3697 5405 habere
3724 5362 3844 5402 con-

2277 5445 2608 5500 sensionem.
2659 5444 3128 5512 Quemadmoda
3160 5455 3300 5517 ergo
3338 5443 3392 5498 id
3437 5443 3585 5512 quod
3616 5440 3840 5497 incredi-

2279 5536 2385 5591 bile
2423 5546 2506 5592 est
2534 5535 2766 5593 eilicitur
2793 5535 3078 5607 credibile,
3123 5533 3241 5610 Ipse
3285 5535 3420 5592 dicit
3459 5533 3721 5591 Dominus
3753 5529 3841 5588 κεί

2353 5721 2430 5792 ιι)
2461 5719 2671 5789 Melius,
2694 5721 2968 5776 ostendite.
