4048 6322
186 396 322 451 H97

1505 390 1594 447 DE
1630 387 1974 447 OPERIBUS
2014 385 2144 443 BON
2151 385 2230 442 IS.

183 529 343 582 opere
376 529 478 568 non
512 513 656 581 facio
692 529 807 583 qum
836 510 1017 565 nullus
1046 511 1186 564 alius
1211 511 1366 579 facit,
1387 510 1548 565 nolite
1571 508 1781 563 credere
1810 514 1858 566 Α
1884 503 1981 575 qui
2010 501 2177 559 etiam
2208 497 2502 555 mandabat
2531 496 2737 551 curatis
2776 508 2843 550 ne
2879 492 3122 551 dicerent
3155 491 3318 548 alicui
3345 505 3470 561 qua

182 608 316 661 mihi
353 608 423 662 ".
464 606 622 663 Sicut
675 608 821 661 enim
874 605 1019 675 quod
1063 604 1356 659 videbatur
1397 604 1563 659 dabat
1613 601 1773 656 ﬁdem

181 699 309 769 quia
365 698 531 753 homo
586 706 731 760 erat.
790 696 862 750 ita
920 699 1048 749 dum
1096 702 1445 765 operaretur,
1500 693 1777 765 praebebat

179 792 520 863 agnitionem
574 793 703 864 quia
761 791 923 846 Deus.
974 790 1311 856 Dormiebat,
1355 788 1776 844 describebatur

179 883 351 940 homo
378 904 395 951 ;
430 884 704 939 suscitans
722 895 902 937 autem
930 892 1199 948 mortuos,
1225 881 1557 937 ostendebat
1578 880 1769 935 Deum.

178 976 301 1033 Non
338 979 488 1033 enim
520 992 746 1033 somnus
777 976 996 1045 quidem
1029 977 1358 1046 suggerebat
1405 972 1641 1029 hominis
1677 985 1775 1025 na-

177 1078 391 1135 turam,
419 1070 751 1125 resurrectio
780 1076 961 1123 autem
994 1077 1333 1129 mortuorum
1374 1080 1483 1121 non
1516 1064 1775 1118 ostende-

181 1165 275 1215 hat
314 1162 487 1217 Deum
512 1162 691 1215 vivum
712 1177 777 1216 ex
804 1162 1025 1215 vivente
1050 1160 1159 1215 Deo
1186 1179 1197 1213 :
1236 1173 1410 1227 neque
1434 1157 1774 1212 manducans

179 1255 407 1321 quidem
453 1253 745 1308 exhibebat
797 1254 1096 1317 hominem,
1159 1268 1225 1307 ex
1277 1252 1470 1321 paucis
1516 1252 1661 1305 enim
1694 1247 1773 1319 (2)

179 1341 423 1409 panibus
471 1356 701 1410 pascens
750 1341 916 1395 millia
992 1342 1272 1395 hominum
1321 1356 1427 1394 non
1478 1339 1777 1394 exhibebat

184 1433 357 1487 Deum
403 1450 415 1485 :
469 1448 645 1503 neque
696 1435 817 1488 navi
872 1434 1091 1505 quidem
1138 1435 1398 1503 navigare
1452 1432 1777 1489 ostendebat

178 1525 505 1591 hominem;
564 1526 615 1579 in
655 1526 886 1582 summis
938 1536 1116 1581 autem
1169 1527 1427 1581 ﬂuctibus
1470 1524 1772 1591 ambulare,

179 1630 293 1669 non
347 1616 667 1671 ostendebat
711 1617 878 1671 Deum
940 1618 1125 1672 maris.
1181 1618 1302 1673 Sed'
1337 1620 1479 1674 sicut
1523 1618 1777 1673 humanae

182 1716 401 1761 natura
437 1704 775 1761 formabant:
809 1718 870 1763 ut
893 1708 1174 1763 diceretur
1218 1708 1404 1773 homo,
1456 1709 1528 1763 ita
1576 1708 1777 1762 divini-

184 1798 318 1853 tatis
352 1799 469 1865 ejus
496 1814 660 1869 opera
691 1800 1098 1856 abscondebam
1122 1810 1176 1857 et
1198 1784 1500 1858 hominem.
1535 1801 1641 1857 Sed
1676 1803 1773 1855 ad-

183 1878 463 1943 mirabilia
500 1890 717 1958 quidem
744 1906 866 1961 que
893 1902 1026 1946 ante
1055 1892 1366 1960 passionem
1404 1906 1557 1947 suam
1604 1890 1772 1946 facie-

181 1980 300 2046 bat,
335 1981 660 2037 ostendebat
692 1982 820 2051 quia
864 1983 1065 2039 divina:
1099 1985 1321 2040 virtutis
1365 1996 1509 2040 esset
1567 1986 1770 2041 adven-

184 2082 273 2128 tus
313 2092 328 2127 :
371 2074 439 2129 de
469 2076 869 2131 resurrectione
925 2091 1104 2133 autem
1141 2077 1257 2145 ejus
1290 2078 1439 2150 signa
1484 2094 1605 2149 qua
1634 2094 1773 2150 pra:-

182 2172 493 2231 cesserant,
528 2181 633 2220 non
664 2165 920 2222 omnibus
959 2168 1293 2223 exhibebant
1344 2170 1602 2223 virtutem
1632 2176 1687 2223 et
1712 2167 1775 2223 ﬁ-

185 2256 310 2310 dem
350 2258 771 2313 resurrectionis
793 2258 934 2335 ejus,
964 2258 1059 2314 sed
1093 2274 1231 2329 opus
1263 2268 1387 2314 erat
1431 2260 1556 2315 aliis
1605 2260 1775 2329 signis

184 2364 309 2419 qua
347 2364 409 2406 ea
443 2349 729 2405 ﬁrmarent
771 2370 784 2403 :
840 2350 969 2420 quia
996 2366 1106 2405 non
1134 2350 1310 2406 solum
1356 2365 1594 2422 presens
1620 2362 1775 2407 ante-

183 2457 353 2513 quam
387 2451 669 2512 pateretur
690 2451 951 2513 operatus
984 2450 1069 2498 est
1094 2443 1369 2499 mirabilia
1396 2459 1411 2497 :
1439 2444 1535 2499 sed
1567 2444 1695 2514 quia
1720 2452 1775 2499 et

180 2545 431 2589 mortuos
471 2535 779 2600 suscitavit,
826 2543 881 2591 et
930 2536 1047 2605 ipse
1103 2550 1395 2606 resurgens
1426 2536 1770 2592 miriﬁcatur.

181 2624 292 2681 \thi
315 2639 449 2697 ergo
479 2626 580 2680 ista
612 2634 738 2680 sunt
766 2626 1038 2681 mirabilia
1080 2640 1201 2697 qua:
1252 2634 1374 2695 post
1414 2631 1776 2685 resurrectio-

181 2733 310 2774 nem
376 2728 536 2774 erant
596 2719 848 2775 facienda
895 2720 918 2775 ?
975 2734 1153 2790 neque
1224 2720 1368 2775 enim
1422 2721 1773 2793 semetipsum

181 2810 389 2866 mundo
433 2812 696 2875 ostendit.
746 2826 923 2883 neque
956 2810 1183 2867 Iudaeis.
1241 2810 1301 2868 Si
1349 2812 1517 2881 igitur
1543 2826 1650 2868 non
1679 2827 1773 2870 os—

186 2903 360 2958 tendit
388 2905 771 2973 semetipsum,
797 2902 1073 2974 quomodo
1091 2913 1271 2974 potest
1291 2904 1415 2974 quis
1438 2904 1623 2961 dicere
1646 2905 1773 2975 quia

187 2994 396 3049 faciens
434 2995 705 3051 mirabilia
756 2996 1075 3053 credibilem
1132 2995 1265 3052 fecit
1306 2996 1772 3052 resurrectionem

184 3100 339 3141 suam
365 3087 390 3141 !
419 3086 620 3144 intimis
652 3090 798 3145 enim
823 3090 1176 3159 semetipsum
1209 3104 1314 3145 non
1355 3090 1769 3157 demonstravit,

1879 595 2022 666 passi
2059 593 2289 649 fuissent
2316 590 2455 647 bene
2488 590 2590 660 (ὅ).
2618 588 2994 645 Conservabat
3037 584 3183 641 enim
3232 584 3467 655 dignitao

1877 695 1987 741 tem
2019 681 2460 746 resurrectionis,
2501 689 2556 737 et
2586 678 2947 752 regressionis
2978 690 3093 734 sua:
3123 678 3191 732 ad
3220 675 3468 739 Patrem.

1878 787 1933 833 et
1959 777 2227 832 adventus
2254 773 2488 845 Spiritus
2510 773 2708 829 sancti.
2747 770 2890 839 Quid
2928 770 3075 826 enim
3117 770 3294 841 magis
3334 783 3469 824 sua-

1878 869 2042 924 debat
2070 865 2366 937 discipulos
2403 865 2546 935 ejus,
2585 864 2631 919 si
2666 863 2782 933 ipse
2824 860 3030 917 faceret
3065 860 3245 932 signa,
3286 868 3383 915 aut
3420 858 3469 916 ai

1877 973 1941 1014 ex
1978 956 2111 1029 ipsis
2134 957 2402 1025 prmberet
2424 956 2680 1009 virtutem
2704 951 2884 1008 facere
2911 952 3119 1023 majora
3149 965 3316 1022 quam
3350 950 3472 1020 ipse

1878 1050 2147 1106 faciebat?
2175 1050 2353 1120 Ipsum
2382 1048 2527 1103 enim
2573 1046 2759 1103 facere
2792 1046 2967 1116 signa,
3002 1054 3062 1101 ut
3095 1054 3225 1115 puta
3267 1044 3471 1117 ejicere

1878 1142 2145 1199 daemonia
2178 1157 2207 1195 a
2236 1141 2564 1211 corporibus
2606 1138 2898 1209 possessis,
2942 1146 3258 1208 suspectum
3305 1151 3335 1191 a
3367 1133 3473 1191 Ju-

1879 1236 2009 1291 daeis
2029 1234 2258 1303 estquia
2292 1233 2345 1287 in
2381 1231 2687 1288 Beelzebub
2714 1232 2817 1286 hoc
2843 1229 2993 1285 facit.
3020 1230 3257 1300 Cupiens
3280 1239 3467 1284 autem

1879 1342 2106 1400 arguere
2134 1327 2257 1396 quia
2288 1326 2381 1380 Dei
2408 1338 2571 1393 opera
2598 1322 2832 1394 principi
2865 1322 3259 1376 daemoniorum
3287 1320 3469 1376 ascri-

1878 1421 2012 1475 bunt
2045 1420 2239 1485 Judaei,
2290 1428 2345 1475 et
2390 1416 2631 1472 maxime
2670 1430 2734 1470 ea
2784 1429 2907 1483 quae
2952 1414 3245 1470 adversum
3284 1413 3466 1483 ipsum

1876 1513 2176 1583 principem
2216 1511 2608 1567 daemoniorum
2637 1515 2693 1562 et
2720 1506 2842 1575 ejus
2876 1506 3180 1562 exercitum
3223 1504 3451 1571 ﬁebant,

1878 1606 2104 1661 adduxit
2134 1605 2185 1658 in
2220 1603 2457 1659 medium
2494 1602 2564 1655 de
2595 1598 2877 1669 discipulis
2917 1598 3053 1661 suis,
3098 1605 3155 1652 et
3190 1595 3329 1657 dixit
3359 1612 3374 1650 :
3408 1595 3474 1652 Si

1876 1716 1971 1768 ego
2000 1698 2055 1753 in
2095 1695 2382 1751 Beelzebub
2414 1695 2571 1766 ejiei.
2604 1691 2894 1756 dwmom’a,
2938 1690 3041 1759 ﬁlii
3083 1690 3242 1745 vestri
3278 1690 3333 1744 in
3367 1703 3475 1759 quo

1878 1791 2093 1861 ejicisnt
2132 1789 2215 1843 “‘9
2247 1788 2361 1845 Hoc
2390 1796 2495 1855 est,
2529 1787 2617 1842 isti
2653 1787 2759 1841 mei
2808 1783 3058 1855 discipuli
3080 1784 3175 1852 qui
3211 1797 3282 1838 ex
3315 1783 3475 1839 vobis

1877 1895 2026 1951 sunt,
2059 1884 2111 1937 in
2140 1898 2248 1953 quo
2286 1880 2548 1950 ejiciunt‘l
2577 1878 2712 1947 Quia
2750 1877 2919 1949 igitur
2957 1891 3020 1933 ea
3066 1890 3190 1953 qua
3234 1874 3303 1930 ab
3349 1876 3475 1945 ipso

1879 1978 2100 2038 ﬁebant,
2137 1983 2361 2046 propter
2404 1973 2674 2027 malitiam
2723 1968 3143 2041 suscipientium
3190 1967 3469 2024 aliis.ha-

1878 2064 2081 2118 hebant
2120 2062 2493 2133 suspiciones:
2532 2060 2814 2130 discipulis
2856 2060 2970 2115 suis
3021 2060 3205 2115 omnia
3249 2071 3476 2113 conser-

1878 2155 2061 2219 vabat,
2095 2162 2155 2208 ut
2208 2166 2488 2224 praecones
2535 2151 2958 2208 resurrectionis
3000 2160 3248 2207 mortuos
3294 2149 3475 2207 susci-

1880 2257 2075 2314 tantes,
2122 2263 2294 2304 caacos
2340 2247 2606 2304 facientes
2659 2247 2882 2316 videre,
2938 2247 3149 2304 claudis
3199 2248 3474 2304 donantes

1878 2340 2181 2406 ambulare,
2205 2350 2259 2395 et
2284 2340 2525 2411 leprosos
2550 2340 2933 2409 emundantes,
2955 2354 3273 2397 sermonum
3294 2340 3476 2413 digni-

1879 2442 2041 2488 tatem
2094 2449 2192 2504 per
2245 2432 2515 2488 mirabilia
2566 2434 2943 2489 ostenderent.
3003 2434 3145 2500 Quid
3194 2434 3341 2490 enim
3393 2434 3473 2490 ita

1877 2534 2089 2595 poterat
2110 2523 2351 2579 Lazarus
2383 2533 2506 2595 post
2532 2532 2769 2593 quatuor
2790 2524 2907 2581 dies
2948 2539 3243 2595 resurgens
3264 2539 3296 2579 a
3322 2538 3475 2580 mor-

1881 2622 1989 2678 tuis
2024 2622 2266 2693 prabere
2296 2621 2364 2677 ad
2389 2619 2549 2675 ﬁdem
2584 2619 2671 2676 his
2697 2619 2788 2690 qui
2818 2618 3093 2686 viderant,
3114 2634 3281 2691 quam
3320 2627 3382 2675 ut
3417 2632 3477 2675 et

1879 2719 1982 2791 ipsi
2009 2716 2256 2789 discipuli
2294 2731 2418 2772 cum
2459 2716 2598 2771 alios
2630 2715 2968 2772 suscitarent
3010 2729 3109 2787 per
3148 2715 3477 2783 semetipsos

1880 2819 2126 2868 mortuos
2167 2807 2519 2880 prahebantt
2543 2806 2624 2863 'Et
2664 2809 2794 2879 quid
2845 2808 2951 2864 tale
2979 2810 3045 2863 ad
3086 2807 3249 2864 ﬁdem
3277 2808 3474 2871 valuit.

1881 2910 1940 2957 ut
1978 2901 2240 2958 Dominus
2266 2915 2371 2956 non
2415 2898 2643 2957 edoctus
2688 2900 2904 2957 litteras
2941 2900 3170 2972 legeret,
3206 2911 3477 2971 quantum

1882 2994 2075 3051 Petrus
2104 3010 2212 3050 non
2248 2994 2475 3051 edoctus
2496 2994 2736 3067 linguam
2768 2994 2953 3059 ullam,
2990 2994 3131 3050 forte
3156 3009 3224 3048 ne
3254 2994 3478 3064 quidem

1876 3088 2214 3160 etpatriam,
2262 3088 2401 3144 bene
2442 3088 2592 3145 omni
2646 3088 2965 3158 loqueretur
3006 3088 3211 3160 lingua,
3257 3097 3315 3143 et
3352 3103 3477 3141 om-

186 3195 255 3235 ne
287 3180 481 3253 duplex
518 3184 585 3237 ab
617 3182 696 3238 eis
722 3182 1103 3254 irreligiositas
1138 3190 1464 3238 tentaretur.
1517 3181 1627 3237 Sed
1664 3196 1769 3235 non
1800 3211 1843 3269 ο
1879 3196 2004 3238 nem
2039 3180 2290 3237 audiret?
2324 3181 2483 3239 Unde
2508 3190 2564 3238 et
2592 3182 2804 3237 Lazaro
2855 3192 3197 3252 resurgente,
3247 3190 3303 3236 et
3351 3180 3474 3234 aliis

186 3282 442 3341 poterant
474 3275 693 3330 nolente
723 3274 857 3340 Deo,
892 3284 947 3330 et
971 3290 1075 3329 non
1101 3274 1431 3329 concedente
1457 3272 1767 3343 Unigenito,

187 3364 428 3421 secundo
468 3382 591 3423 eum
618 3365 835 3437 afﬁgere
862 3367 1011 3422 cruci
1039 3386 1053 3422 :
1080 3366 1350 3436 siquidem
1386 3379 1489 3421 nec
1539 3364 1772 3434 primam

186 3457 473 3513 audaciam
509 3459 886 3530 perfecissent.
932 3459 1034 3514 nisi
1083 3457 1250 3514 Pater
1291 3458 1676 3522 concessisset,
1719 3469 1773 3514 et

185 3549 357 3605 Filius
398 3552 759 3622 permisisset.
804 3552 909 3606 Sed
962 3551 1178 3606 interim
1208 3550 1466 3606 alacritas
1510 3550 1647 3605 mala
1676 3552 1773 3605 du-

187 3640 311 3711 plex
350 3640 636 3698 habuisset
666 3642 891 3696 malitia:
938 3641 1175 3696 fructum
1215 3660 1228 3695 :
1267 3640 1381 3696 sive
1415 3642 1560 3695 enim
1591 3640 1773 3713 allige-

189 3745 314 3787 rent
349 3733 571 3799 iterum,
601 3733 718 3788 sive
751 3748 861 3787 non
892 3731 1195 3803 alligarent,
1218 3732 1419 3787 vellent
1447 3741 1663 3796 autem;
1693 3732 1775 3785 in-

190 3827 349 3882 terim
378 3826 479 3897 ipsi
514 3826 782 3896 duplicent
810 3827 1075 3882 haberent
1110 3825 1477 3895 iniquitatem.
1509 3824 1644 3880 Erat
1675 3840 1774 3880 au-

190 3927 299 3975 tem
321 3920 539 3991 etquod
566 3919 727 3974 ﬁebat
759 3919 1001 3975 secundo
1023 3916 1356 3989 superﬂuum
1380 3936 1392 3971 :
1422 3917 1591 3973 semel
1615 3918 1762 3973 enim

190 4013 529 4069 reconditum
560 4020 679 4069 erat
708 4022 769 4067 ut
792 4012 1130 4082 dispensatio
1147 4010 1517 4081 compleretur
1546 4010 1626 4066 :si
1652 4010 1773 4081 qui-

190 4111 313 4163 dem
344 4121 444 4163 nec
483 4106 741 4177 possibile
774 4113 892 4160 erat
915 4113 1038 4176 post
1067 4103 1527 4160 resurrectionem
1572 4118 1774 4173 corpus

192 4202 340 4270 quod
361 4200 475 4269 jam
506 4198 971 4255 immortalitatem
1021 4197 1200 4253 fuerat
1247 4198 1529 4266 adeptum,
1567 4197 1769 4251 iterum

196 4294 482 4348 incurrere
509 4303 761 4347 mortem.
796 4289 903 4347 Sed
938 4291 1081 4346 sicut
1105 4289 1342 4345 animam
1384 4290 1565 4346 nullus
1595 4299 1777 4360 potest

186 4386 440 4442 occidere
471 4385 596 4454 quia
626 4393 711 4440 est
734 4384 1077 4448 immortalis,
1102 4383 1179 4438 ita
1211 4393 1265 4439 et
1282 4398 1502 4454 corpus,
1532 4399 1656 4439 cum
1689 4384 1773 4438 in-

185 4479 381 4535 dutum
452 4476 615 4533 fuerit
688 4476 1133 4542 immortalitate,
1193 4476 1353 4532 istam
1407 4476 1776 4548 habetjpost

1881 3273 2175 3345 aliquantis
2226 3274 2459 3331 mortuis
2497 3273 2779 3330 suscitatis
2830 3272 2995 3330 etiam
3033 3273 3193 3329 caecis
3239 3272 3474 3329 videnti-

1881 3368 2005 3432 bus,
2042 3368 2138 3423 sed
2164 3376 2219 3421 et
2250 3365 2341 3421 illo
2372 3365 2467 3438 qui
2514 3366 2587 3421 ita
2629 3364 2812 3422 fuerat
2861 3380 3025 3421 natus
3072 3363 3368 3436 recipiente
3396 3363 3477 3417 vi-

1883 3471 2023 3525 sum,
2049 3456 2161 3512 imo
2191 3456 2495 3526 accipiente
2516 3498 2531 3525 ,
2576 3458 2886 3513 emundatis
2920 3458 3088 3513 etiam
3122 3455 3372 3527 pturimia
3398 3454 3477 3508 le-

1881 3551 2082 3618 prosis,
2140 3560 2197 3607 et
2257 3549 2464 3605 sanatis
2526 3548 2771 3607 millibus
2842 3550 3160 3618 hominum,
3243 3548 3481 3619 negabat

1884 3642 2099 3711 Petrus,
2121 3655 2178 3700 et
2204 3644 2425 3713 jurabat
2453 3659 2521 3701 ne
2544 3642 2763 3715 quidem
2806 3652 2865 3697 ut
2897 3643 3174 3698 hominem
3215 3656 3274 3697 se
3304 3642 3476 3696 scire.

1884 3737 2020 3806 Quia
2054 3749 2236 3795 autem
2265 3742 2416 3796 venit
2468 3739 2710 3812 Spiritus
2752 3746 2976 3794 sanctus
3016 3738 3215 3793 missus
3252 3752 3279 3789 a
3314 3735 3475 3800 Filio.

1884 3844 1940 3887 et
1962 3832 2212 3889 coeﬁ’ecit
2257 3834 2403 3889 intus
2436 3832 2789 3889 sanctiﬁcans
2818 3832 3031 3897 virtus,
3068 3830 3206 3887 alius
3239 3846 3340 3901 pro
3371 3830 3480 3886 alia

1886 3925 2060 3981 factus
2100 3926 2316 3993 Petrus,
2364 3937 2420 3983 et
2457 3928 2571 3997 jam
2619 3924 2825 3994 Spiritu
2875 3925 3205 3995 baptizatus,
3241 3939 3347 3979 non
3391 3938 3481 3979 so-

1884 4018 1996 4073 lum
2027 4034 2131 4073 non
2159 4028 2321 4089 negat
2350 4020 2417 4074 ad
2435 4034 2621 4075 vocem
2644 4018 2857 4090 puellm,
2881 4020 2975 4075 sed
3012 4026 3069 4071 et
3104 4017 3253 4072 omni
3286 4017 3483 4087 popqu

1884 4108 2095 4165 resistit
2135 4128 2147 4164 :
2182 4118 2237 4166 et
2266 4110 2357 4179 qui
2405 4120 2565 4167 antea
2620 4126 2679 4166 se
2728 4110 3121 4175 abscondehat,
3172 4124 3316 4165 nunc
3356 4124 3483 4165 cum

1885 4200 2083 4256 ﬁducia
2115 4201 2182 4255 ad
2220 4201 2483 4258 terminos
2516 4218 2690 4274 usque
2722 4212 2883 4258 terra
2923 4201 3208 4272 praedicat,
3235 4210 3292 4255 et
3319 4203 3484 4257 docet

1885 4294 2191 4350 universos.
2224 4293 2304 4350 Ita
2336 4295 2606 4352 adventus
2637 4294 2877 4367 Spiritus
2901 4297 3104 4363 sancti,
3134 4296 3229 4366 qui
3266 4294 3483 4365 ingres-

1888 4396 1983 4439 sus
2030 4385 2205 4441 estin
2264 4386 2580 4456 discipulos,
2634 4396 2691 4443 et
2735 4385 2950 4453 eﬁecit,
3006 4386 3476 4443 resurrectionem

1888 4475 2105 4534 Domini
2130 4487 2187 4533 et
2214 4480 2644 4549 assuntptionent
2688 4480 2862 4537 visam
2911 4480 3251 4552 praedicavit,
3284 4491 3340 4536 et
3365 4480 3486 4551 ejus

188 4572 647 4628 resurrectionem
670 4569 1105 4641 promissionem.
1129 4567 1283 4636 Quod
1304 4569 1448 4623 enim
1468 4568 1778 4624 immortale
1811 4587 1856 4644 ο
1886 4570 2144 4627 virtutem
2184 4574 2549 4628 annuntiavit.
2594 4573 2729 4630 Cum
2762 4574 2907 4628 enim
2944 4574 3193 4631 coeﬁ‘ecit
3218 4573 3482 4644 Spiritus,

187 4663 524 4734 indulgentia
553 4663 759 4719 factum
786 4672 891 4727 est,
921 4678 1025 4718 non
1056 4664 1367 4733 potestiam
1400 4664 1777 4733 interentptio-

188 4771 312 4811 nem
345 4756 414 4810 ab
433 4756 743 4810 hominibus
772 4752 1124 4825 patiJudaeis
1166 4753 1333 4824 igitur
1358 4764 1482 4826 post
1529 4769 1778 4810 resurre-

186 4849 393 4904 tionem
434 4862 542 4902 non
589 4861 649 4902 se
688 4848 975 4901 ostendere
1014 4847 1328 4911 Dominum,
1383 4847 1658 4917 parcentis
1692 4854 1779 4902 est

182 4942 390 4999 ludatis
416 4959 430 4997 :
460 4941 553 5011 qui
593 4942 735 4996 enim
787 4940 1217 5011 Hierosolymam
1261 4938 1499 5005 deﬂevit,
1543 4955 1775 5010 procur-

184 5051 312 5092 rere
364 5034 597 5106 duplicia
630 5035 806 5097 mala;
852 5051 960 5089 nor.
1002 5036 1184 5091 facere
1229 5041 1412 5089 autem
1461 5034 1637 5105 signa,
1686 5042 1782 5089 aut

184 5126 462 5183 modicum
492 5127 620 5196 quid
659 5126 939 5198 discipulis
964 5126 1273 5189 ostendere,
1299 5135 1358 5179 ut
1384 5133 1510 5195 puta
1542 5124 1775 5195 piscium

184 5215 373 5271 subito
394 5215 795 5293 multitudinem
821 5226 1057 5287 captam,
1083 5226 1177 5271 aut
1208 5216 1357 5271 aliud
1388 5216 1592 5287 aliquid
1627 5218 1769 5283 tale;

182 5325 295 5365 non
335 5318 456 5364 erat
498 5309 881 5365 ostentationis
919 5318 1151 5379 tempus,
1196 5323 1371 5379 neque
1418 5308 1773 5379 semetipsum

181 5399 546 5455 ostendentis.
582 5397 767 5469 Neque
794 5401 941 5455 enim
977 5415 1101 5454 cum
1140 5399 1347 5454 faceret
1394 5407 1521 5454 ante
1563 5402 1773 5468 passio-

183 5504 312 5547 nem
367 5490 638 5548 mirabilia
694 5493 987 5557 Dominus,
1042 5501 1327 5546 ostentans
1382 5506 1441 5546 se
1500 5491 1773 5559 faciebat,

254 5674 301 5706 ⁵⁸
326 5673 483 5730 Joan.
508 5690 564 5739 x,
590 5676 693 5741 '57;
727 5692 815 5742 xv,
842 5675 930 5729 25.
1008 5676 1053 5706 “
1086 5674 1217 5732 Luc.
1249 5691 1326 5743 XI,
1363 5676 1443 5731 t9.

260 5794 339 5865 (Ξ)
378 5795 556 5851 Enim.
593 5796 781 5860 Forte,
808 5807 1003 5851 autem.

1889 4672 2288 4721 transmutatus
2323 4675 2409 4721 est
2448 4666 2639 4722 Petrus
2676 4685 2691 4721 :
2737 4676 2883 4723 totus
2928 4668 3151 4734 clamat,
3200 4666 3314 4737 jam
3374 4683 3482 4723 non

1888 4772 2113 4829 negans,
2151 4759 2245 4814 sed
2287 4759 2590 4829 prmdicans
2634 4758 2999 4817 Salvatorem.
3036 4761 3353 4832 Stephanus
3383 4777 3483 4817 au-

1891 4858 2079 4905 temet
2109 4849 2225 4921 ipse
2268 4850 2395 4906 silet
2428 4852 2495 4907 ad
2540 4853 2763 4924 lapides.
2818 4864 2875 4909 et
2925 4853 3215 4910 Dominum
3267 4870 3487 4913 annun-

1889 4941 2009 5007 tiat,
2038 4956 2200 5011 quem
2250 4944 2317 4999 ad
2351 4945 2634 5000 dexteram
2676 4945 2857 5001 Patris
2895 4954 3133 5002 stantem
3179 4960 3489 5016 conspexe-

1882 5043 1969 5087 rat
2016 5050 2030 5086 :
2087 5042 2144 5089 et
2193 5034 2333 5091 alius
2387 5036 2531 5092 aliud
2589 5038 2969 5107 eloquebatur,
3005 5050 3062 5095 et
3105 5039 3227 5096 sine
3276 5039 3483 5096 solatio

1882 5133 2041 5179 erant
2076 5129 2285 5197 negotia
2331 5127 2671 5186 Judzeorum.
2734 5131 2892 5186 Sicut
2962 5136 3109 5187 enim
3172 5133 3227 5188 in
3279 5133 3489 5188 diluvio

1886 5217 2107 5272 interim
2150 5220 2369 5287 quidem
2418 5221 2529 5278 Noe
2571 5238 2676 5277 non
2723 5226 3053 5293 credebatur
3094 5226 3223 5281 dum
3282 5224 3492 5281 laceret

1887 5324 2074 5365 arcam
2110 5334 2122 5367 :
2155 5329 2277 5367 cum
2310 5324 2492 5370 autent
2526 5316 2711 5373 subito
2740 5326 2913 5374 totum
2959 5319 3159 5375 cmlum
3206 5319 3488 5374 emitteret

1889 5402 2101 5470 ﬂuvios,
2136 5415 2281 5462 terra
2318 5416 2499 5465 autem
2536 5422 2819 5470 eructaret
2839 5427 3033 5485 aquas,
3056 5423 3111 5468 et
3138 5412 3265 5469 inde
3298 5419 3486 5467 arcta-

1894 5506 2048 5553 retur
2077 5499 2433 5560 incredulitas
2482 5513 2539 5562 et
2575 5507 2641 5563 de
2670 5506 2812 5566 caelo
2843 5516 2897 5563 et
2930 5506 2996 5563 de
3036 5515 3181 5561 terra
3220 5506 3289 5561 ab
3329 5502 3491 5575 aquis

258 5867 339 5941 (ὅ)
381 5866 603 5925 Phrasis
640 5867 853 5935 Gnera,
896 5870 1054 5923 ἅτινα
1086 5870 1145 5924 εὖ
1186 5870 1249 5925 ἂν
1296 5870 1517 5936 ἔπαθον,
1549 5885 1672 5944 qua
1705 5872 1773 5933 bc

1881 5871 1969 5930 :cin
1994 5871 2351 5944 accepissent.
