4048 6322
599 425 735 482 im

592 556 652 599 ut
689 537 1073 611 prmfocaretr
1113 547 1130 586 :
1176 530 1251 592 ita
1290 536 1346 583 et
1402 540 1498 594 per
1527 521 1803 592 apostolos
1834 518 2003 574 Judmi
2063 533 2158 572 au-

590 609 961 706 gustiahantur
1017 638 1136 680 non.
1173 619 1480 680 credentes,
1535 623 1592 671 et
1648 609 1986 670 admirabilia
2024 610 2162 664 indi-

589 705 814 796 gnantes
837 736 856 775 :
891 716 1134 772 videntes
1160 713 1303 768 enim
1345 711 1433 766 isti
1457 723 1525 765 ne
1548 707 1628 778 (ι)
1653 705 1871 777 quidem
1920 711 2161 757 mortuos

588 813 880 872 suscitatus
943 809 1011 864 ab
1066 805 1328 878 Apostolo
1381 809 1768 872 exsurgentes,
1827 812 1927 868 per
1997 797 2159 851 alium

587 902 813 962 claudos
849 897 1209 962 ambulantes,
1251 908 1348 966 per
1391 892 1618 950 alterum
1651 890 1755 944 alia
1805 888 1954 958 signa
2009 901 2161 942 com-

590 995 763 1068 pleta,
793 1001 850 1050 et
870 1005 970 1064 per
999 990 1165 1045 alium
1200 985 1415 1057 linguas
1451 983 1732 1040 audientes
1767 980 2164 1051 plnrirnas;ar-

589 1090 722 1144 ctati
753 1086 1018 1144 meatibus
1042 1081 1349 1140 istiusmodi
1379 1079 1816 1151 slgnorum,qu:e
1853 1073 1919 1130 de
1948 1086 2160 1129 sursum

591 1178 855 1252 apostolis
876 1177 1092 1233 fuerant
1111 1175 1334 1238 donata,
1360 1171 1547 1226 eadem
1573 1184 1692 1240 qua
1715 1169 1769 1222 in
1799 1176 1942 1222 terra
1974 1165 2163 1218 viden-

591 1283 674 1328 tes
707 1268 994 1336 mirabilia,
1044 1267 1134 1337 qui
1167 1263 1282 1320 ausi
1327 1261 1545 1316 fuerant
1587 1257 1902 1330 magistrum
1947 1253 2162 1327 angere

590 1365 762 1429 cruci,
801 1360 995 1418 incerti
1027 1367 1180 1416 erant
1224 1357 1354 1428 quid
1393 1353 1638 1409 facerent
1693 1348 1973 1420 discipulis
2014 1349 2158 1417 ejus.

591 1459 705 1527 Qua
733 1458 902 1528 igitur
936 1454 1002 1511 de
1028 1464 1212 1510 caua.
1242 1448 1342 1505 sub
1365 1444 1656 1518 praemia
1680 1441 1894 1513 quidem
1926 1438 2158 1504 Domini,

587 1561 644 1605 et
675 1547 906 1620 apostoli
937 1546 1247 1601 dubitantes
1269 1539 1473 1596 fuerint
1498 1535 1789 1605 aliquoties
1811 1532 2026 1588 oblatos
2050 1529 2156 1584 sibi

591 1657 696 1696 non
751 1638 990 1710 potuisse
1033 1647 1259 1697 curare;
1307 1637 1431 1701 post
1473 1624 1930 1684 resurrectionem
1980 1630 2159 1674 autem

590 1744 647 1788 et
706 1731 911 1802 majora
961 1742 1122 1799 quam
1185 1725 1443 1780 Dominus
1480 1719 1626 1776 fecit
1671 1717 1823 1786 signa
1877 1712 2055 1768 facere
2082 1710 2160 1782 (5)

592 1823 882 1896 discipuli?
911 1822 1012 1878 sub
1043 1820 1158 1890 ejus
1174 1821 1318 1874 enim
1347 1813 1639 1887 praesentia
1668 1811 1789 1866 ideo
1820 1805 1952 1864 nihil
1981 1805 2160 1860 facere

591 1924 905 1990 potuerunt,
941 1914 1067 1984 quia
1093 1913 1382 1983 oportebat
1407 1905 1664 1976 ampliora
1707 1903 1862 1972 signa
1891 1898 1958 1954 ad
1995 1899 2160 1990 satis-
2184 1919 2232 1974 Β

587 1987 881 2065 factionem
935 2000 1350 2063 resurrectionis
1395 1996 1621 2052 servari.
1676 1993 1732 2047 Si
1769 1992 1914 2046 enim
1965 1987 2159 2044 antici-

586 2078 782 2174 pantcs
806 2099 910 2154 sub
948 2094 1233 2168 prasentia
1283 2089 1495 2145 Domini
1539 2086 1831 2151 fecissent;
1873 2097 1995 2174 quae
2035 2091 2159 2152 post

591 2173 1041 2249 resurrectionem
1093 2185 1210 2252 eius
1253 2182 1448 2239 fecisse
1496 2179 1772 2243 videntur,
1809 2173 2082 2231 habebant
2102 2183 2160 2229 et

590 2286 695 2342 ista
733 2285 1014 2340 destruere
1042 2277 1235 2341 iudzei,
1276 2283 1535 2345 quantum
1559 2271 1626 2327 ad
1657 2272 1802 2341 ipsos
1843 2279 1898 2324 et
1931 2267 2048 2322 aliis
2093 2281 2156 2322 ea

586 2376 771 2433 valere
800 2369 1218 2444 suspicionibus.
1249 2366 1408 2423 Nunc
1429 2376 1608 2421 autem
1640 2379 1746 2418 non
1776 2371 2022 2432 possunt.
2045 2358 2160 2415 Sub

585 2467 872 2541 pmsentia
903 2465 1046 2520 enim
1075 2460 1287 2518 Domini
1313 2473 1479 2514 unum
1505 2459 1802 2513 dcmonem
1829 2455 2027 2525 ejicere
2051 2466 2157 2506 non

586 2571 839 2634 poterant
871 2555 1096 2626 apostoli
1136 2571 1152 2609 :
1183 2562 1304 2624 post
1335 2548 1772 2608 resurrectionen
1801 2555 1980 2601 autem
2015 2543 2155 2614 eius,

587 2669 696 2710 non
724 2651 896 2710 solum
914 2649 1012 2714 illi,
1038 2647 1130 2702 sed
1158 2645 1286 2700 ethi
1311 2644 1403 2715 qui
1433 2643 1502 2698 ab
1529 2641 1636 2698 illis
1657 2640 1812 2695 istius
1835 2638 2048 2694 virtutis
2073 2653 2158 2693 se-

585 2759 712 2817 mesi
743 2749 1084 2812 acceperunt,
1104 2738 1344 2808 ejiciunt.
1360 2735 1418 2790 Si
1441 2734 1587 2790 enim
1608 2732 1840 2788 ctdnbia
1863 2737 2024 2788 erant
2039 2745 2158 2798 quae

583 2847 715 2896 ante
775 2833 1084 2908 passionem
1119 2828 1575 2901 pradicabantnr,
1636 2825 2042 2900 prosensionem
2077 2821 2155 2894 (6)

583 2927 776 2982 nahuit
808 2924 1155 2981 incredulitas
1184 2917 1444 2988 majorem
1467 2926 1588 2986 post
1608 2918 1940 2988 passionem.
1973 2914 2154 2970 Incre-

589 3020 897 3078 dibilissimi
923 3019 1068 3076 enim
1096 3015 1292 3079 Judaei,
1314 3021 1577 3084 ponentes
1611 3011 1712 3067 sibi
1748 3009 2061 3067 scandalum
2095 3009 2150 3062 in

1254 405 1523 466 EUSEBII
1563 403 1674 460 (ΣᾸΞ
1684 398 2039 457 SAlllENSlS
2071 396 2158 454 01³

2265 394 2444 450 PARS
2483 393 2568 446 IV.
2609 418 2672 430 —
2713 387 3128 445 DOGIHTICA.

3705 385 3837 441 ηιιο

2260 511 2375 568 Non
2398 511 2542 566 enim
2578 508 2844 564 insomnia
2874 516 3032 562 erant
3065 502 3216 573 regni
3248 516 3372 571 spes
3405 521 3420 556 ε
3463 502 3556 558 scd
3588 513 3835 574 suspecta

2264 602 2460 656 fuisset
2507 599 2845 669 praedicatio,
2899 597 2944 652 si
2996 608 3158 664 regna
3217 593 3435 663 quidem
3481 593 3837 663 praedicarent

2262 696 2521 760 caelestia,
2545 694 2613 749 de
2659 694 2743 749 his
2781 701 2960 747 autem
3006 704 3186 746 essent
3239 689 3453 744 solliciti
3497 704 3619 754 quas
3653 689 3709 744 in
3738 689 3839 744 hac

2261 791 2370 846 vita
2402 790 2674 844 habentur
2717 803 2733 842 :
2770 788 2864 843 sed
2895 786 3080 842 statim
3130 784 3383 855 operibus
3428 783 3734 840 formantes
3758 784 3836 853 {9)

2262 883 2593 945 suasionem,
2624 880 2862 948 undique
2901 879 2967 933 ad
3008 892 3169 932 unam
3197 877 3548 934 concordiam
3593 873 3838 931 conlise-

2261 975 2414 1031 bant.
2447 971 2689 1042 Apostoli
2721 971 2940 1041 quidem
2967 984 3062 1040 per
3095 967 3362 1024 mirabilia
3391 968 3688 1024 tlrmabant
3704 982 3840 1036 prat-

2261 1065 2585 1120 dicationem
2617 1082 2633 1118 :
2656 1063 2940 1119 credentes
2960 1046 3185 1127 autem,
3214 1076 3281 1117 es
3303 1076 3371 1118 eo
3398 1061 3542 1130 quod
3575 1057 3838 1115 distrahe-

2260 1157 2390 1212 bant
2416 1171 2508 1210 sua
2533 1196 2550 1221 ,
2581 1169 2647 1210 ex
2691 1168 2757 1210 eo
2795 1154 2938 1224 quod
2965 1153 3148 1208 omnia
3180 1152 3378 1225 dabant
3416 1150 3742 1219 praetia,
3771 1165 3836 1206 ex

2261 1264 2326 1304 eo
2367 1250 2510 1318 quod
2557 1249 2739 1305 omnia
2774 1248 2841 1312 ad
2882 1260 3045 1318 regna
3097 1244 3362 1300 calorum
3395 1242 3834 1308 transferebant;

2261 1351 2390 1395 autc
2419 1341 2709 1396 adventum
2741 1338 2909 1408 ipsius
2938 1336 3088 1407 regni
3118 1334 3478 1390 testabantur.
3513 1333 3612 1389 ﬂia
3654 1334 3836 1404 itaque

2259 1431 2430 1502 gestis
2476 1440 2786 1502 repetamus
2840 1444 3082 1495 sensum,
3127 1436 3184 1482 et
3237 1426 3519 1481 videamus
3571 1427 3667 1497 qui
3719 1435 3835 1482 erat

2264 1535 2393 1578 tunc
2418 1522 2557 1591 apud
2587 1519 3019 1591 Hierosolymam
3053 1525 3254 1581 status,
3279 1532 3399 1589 qna:
3446 1515 3683 1581 turbela,
3719 1517 3837 1585 quis

2261 1615 2443 1669 fervor
2474 1612 2854 1667 insanientium
2877 1608 3186 1665 Judzornm
3213 1626 3229 1662 :
3261 1607 3531 1678 siquidem
3575 1617 3634 1662 et
3678 1606 3772 1662 filii
3805 1621 3835 1661 a

2261 1707 2505 1776 patribus
2552 1703 2868 1758 recedentes
2929 1701 3148 1756 sibilant
3199 1700 3267 1755 ad
3317 1699 3502 1765 tidem,
3542 1707 3599 1754 et
3647 1699 3771 1754 illi:
3805 1714 3836 1754 e

2266 1798 2476 1852 sinibus
2506 1805 2739 1850 matrum
2774 1794 2841 1848 ad
2873 1792 3030 1848 tidem
3061 1791 3356 1847 currebant
3384 1789 3613 1853 Christi,
3641 1800 3702 1845 et
3724 1799 3835 1844 tur-

2260 1889 2377 1944 bela
2401 1895 2522 1943 erat
2546 1886 2687 1958 apud
2712 1885 2958 1940 inﬁdeles
2985 1883 3207 1954 ubique.
3248 1881 3344 1938 ille
3389 1883 3536 1938 enim
3563 1883 3836 1940 irasceba-

2265 1992 2350 2036 tur
2389 1979 2519 2040 tllio.
2563 1978 2686 2047 quia
2745 1976 3041 2047 sapientior
3089 1975 3233 2045 patri
3281 1989 3381 2031 suo
3421 1974 3717 2046 apparuit:
3749 1974 3834 2030 illa

2260 2083 2438 2128 autem
2480 2070 2769 2137 abjiciebat
2821 2068 3010 2135 lilium,
3059 2067 3187 2138 quia
3236 2067 3428 2123 matris
3478 2065 3836 2123 incredulitas

2261 2179 2367 2220 non
2419 2163 2794 2221 conscntiebat
2844 2160 3003 2226 ﬁdei;
3072 2168 3130 2217 et
3159 2160 3328 2216 frater
3358 2160 3676 2216 minabatur
3723 2159 3834 2214 fra-

2261 2266 2367 2323 trt;
2391 2257 2502 2328 jam
2553 2268 2822 2312 autemet
2848 2255 3101 2312 doininus
3155 2268 3336 2310 servo.
3371 2253 3512 2323 Ignis
3555 2252 3704 2307 enim
3750 2250 3836 2306 ille

2259 2365 2418 2421 quem
2446 2350 2598 2405 misit
2618 2349 2879 2404 Dominus
2899 2347 3085 2415 Jesus,
3129 2348 3342 2418 aliqdos
3382 2345 3604 2416 quidem
3635 2345 3835 2414 tetigit,

2260 2442 2471 2512 aliquos
2504 2451 2684 2495 autem
2713 2440 2981 2510 despexit,
3007 2450 3065 2496 et
3089 2439 3336 2508 implevit
3370 2436 3581 2493 turbela
3633 2437 3830 2492 civita-

2263 2547 2391 2600 tem,
2424 2533 2597 2599 vicos,
2624 2534 2874 2606 regiones
2906 2541 2962 2588 et
2994 2533 3202 2588 domos.
3234 2531 3366 2586 Erat
3406 2539 3587 2586 autem
3625 2529 3835 2586 turbela

2257 2624 2576 2695 quibusdam
2611 2625 2826 2694 quidem
2859 2623 2928 2679 ad
2951 2624 3176 2686 bonum,
3202 2621 3528 2693 quibusdam
3561 2628 3747 2676 autem
3771 2621 3836 2675 ad

2257 2717 2455 2785 duplex
2480 2715 2700 2771 malum.
2735 2713 2812 2770 illi
2833 2716 2978 2769 enim
3015 2714 3107 2785 qui
3149 2713 3541 2783 tignrabautur,
3578 2718 3837 2776 etperse-

2257 2812 2526 2866 cutionem
2551 2808 2908 2871 sustinebant,
2934 2815 3123 2864 etcum
3169 2805 3352 2860 laetitia
3389 2807 3572 2860 omnia
3593 2805 3666 2861 ob
3687 2819 3836 2875 spem

2257 2903 2409 2974 regni
2437 2900 2678 2958 celestis
2702 2899 3078 2970 patiebantur;
3103 2898 3240 2952 mala
3270 2912 3388 2969 qua
3403 2897 3758 2966 putabantur,
3786 2896 3836 2951 in

2254 2993 2416 3050 bonis
2450 2981 2562 3053 sibi
2601 2991 2872 3046 thesauris
2913 2989 3294 3045 recondebam.
3337 2987 3662 3058 Quicunque
3694 2986 3835 3042 cni

2256 3084 2579 3142 videbantur
2603 3082 2774 3155 legem
2815 3082 3095 3138 vindicare
3138 3079 3365 3150 loysei,
3393 3078 3525 3149 legis
3557 3091 3839 3132 sermones

587 3114 704 3185 ipsa
732 3112 981 3183 passione
1005 3109 1236 3172 Domini,
1265 3107 1519 3163 dicebant
1550 3121 1566 3157 :
1611 3101 1672 3160 Si
1707 3100 1884 3156 Filius
1920 3100 2017 3155 Dei
2054 3109 2153 3166 est,

2257 3176 2574 3247 ignorantes
2605 3175 2878 3230 contraria
2919 3173 3019 3244 legi
3051 3171 3430 3240 operabantur.
3461 3169 3567 3225 Per
3587 3183 3654 3225 ea
3692 3167 3836 3223 enim

587 3204 865 3260 descendat
898 3217 1035 3256 nunc
1053 3201 1117 3255 de
1137 3214 1289 3253 cruce
1311 3198 1379 3252 ".
1415 3197 1472 3252 Si
1497 3197 1640 3252 enim
1663 3205 1772 3250 non
1793 3191 2153 3268 descenderit,

594 3295 688 3350 sed
716 3301 961 3348 mortuus
989 3289 1170 3353 tiuerit,
1197 3287 1466 3358 inquiunt,
1491 3295 1702 3341 mortua
1739 3264 1849 3338 erit
1867 3289 1924 3337 et
1950 3283 2149 3337 virtus.

2263 3284 2377 3339 quae
2403 3267 2900 3341 gloriabantur,per
2920 3268 3034 3338 ipsa
3055 3269 3503 3338 etarguebantur.
3523 3265 3656 3319 Erat
3674 3264 3834 3335 igitur

587 3387 729 3456 Quia
762 3398 894 3455 ergo
923 3382 1105 3452 passio
1137 3355 1402 3450 protendit
1445 3376 1523 3448 (7)
1559 3391 1746 3431 eorum
1797 3373 2152 3437 incredulita-
2256 3358 2457 3456 ξυάείι
2491 3361 2605 3429 ἱνα
2641 3359 2846 3456 Veritas
2888 3372 3023 3456 μοις
3061 3356 3464 3456 interfecerunt
3482 3357 3714 3456 alim-et
3745 3355 3838 3412 ob-

593 3447 726 3542 tem,
752 3447 962 3544 maiora
998 3447 1175 3527 autem
1209 3471 1363 3540 signa
1398 3447 1704 3524 cilicinntur
1729 3481 1828 3536 per
1863 3463 2158 3541 discipulos

2263 3453 2563 3525 iurgarunt,
2594 3458 2647 3507 et
2673 3448 3022 3507 descendenti
3043 3447 3112 3505 de
3137 3462 3302 3505 cruce
3325 3447 3583 3502 dixerunt
3607 3447 3681 3506 ei.
3735 3460 3838 3502 non

591 3569 659 3624 ad
693 3539 1157 3624 conﬁrmationem
1185 3539 1448 3619 adventus
1481 3561 1604 3630 eius
1626 3578 1644 3627 ;
1670 3560 1844 3630 magis
1878 3539 2057 3616 ..ηοω
2090 3561 2159 3616 ια
2258 3546 2558 3603 descendit.
2602 3544 2891 3600 Descendit
2935 3552 3118 3599 autem
3149 3541 3218 3596 ad
3261 3539 3489 3607 inferos,
3522 3550 3584 3595 et
3630 3541 3838 3611 majora

591 3659 1054 3716 conﬁrmationem
1121 3649 1456 3711 incredibiiis
1496 3651 1965 3720 resurrectionis,
2019 3651 2161 3707 neci.
2257 3649 2344 3696 est
2393 3646 2670 3710 operatus.
2751 3635 2808 3692 Si
2874 3635 3021 3691 enim
3083 3634 3460 3690 descendisset
3522 3634 3592 3688 de
3655 3647 3838 3695 cruce,

594 3753 805 3822 pientes
837 3747 1261 3804 satisfactionem
1307 3759 1372 3800 es
1422 3745 1656 3800 adventu
1693 3736 1936 3815 Spiritus
1959 3743 2158 3807 sancti,
2258 3738 2517 3802 poterant
2544 3730 2726 3784 dicere
2749 3726 3206 3822 Quiamoriturus
3235 3737 3324 3822 est
3362 3725 3414 3780 in
3451 3740 3520 3822 eo
3545 3722 3684 3822 (l0),
3717 3739 3836 3778 cum

592 3817 650 3898 et
686 3840 911 3913 apostoli
955 3839 1164 3894 fuerant
1222 3838 1420 3901 vocati,
1472 3837 1660 3893 statim
1702 3835 1960 3905 operibus
2018 3835 2158 3904 ipsis
2261 3839 2367 3879 non
2403 3827 2547 3878 8³εεί
2585 3831 2854 3877 morum:-
2893 3819 3155 3876 Ialitiose
3173 3820 3318 3874 enim
3353 3827 3409 3874 et
3443 3817 3689 3874 Iudaica
3730 3833 3840 3872 ma—

593 3910 950 3990 ostendebant
1004 3939 1264 4001 quantum
1324 3937 1507 3999 posset
1563 3929 1853 3998 praemia
1927 3927 2162 3998 Spiritus

2263 3915 2596 3971 chinationis
2621 3925 2738 3970 erat
2767 3913 3058 3986 suspicari,
3091 3922 3150 3967 ut
3177 3912 3340 3967 etiam
3366 3913 3481 3981 haec
3499 3910 3771 3980 ﬁngerent
3789 3917 3840 3964 et

593 4023 796 4079 sancti.
826 4003 1013 4076 l’rimo
1029 3999 1249 4089 quidem
1272 4017 1556 4089 quintium
1577 4025 1765 4072 essent
1797 4015 1974 4083 multi,
1998 4033 2161 4072 unum

2263 4008 2532 4063 audirent.
2563 4004 2714 4059 Nunc
2741 4014 2923 4060 autem
2965 4003 3096 4074 quia
3139 4015 3318 4072 neque
3357 3999 3577 4056 diabolo
3633 4015 3838 4072 propo’

591 4122 750 4167 erant
779 4111 970 4181 spiritu
1020 4117 1076 4184 et
1113 4109 1301 4163 anima
1342 4124 1354 4159 :
1400 4107 1530 4178 quia
1577 4121 1717 4162 unus
1753 4115 1810 4161 et
1859 4107 2021 4162 idem-
2049 4117 2165 4163 erat
2263 4099 2413 4153 neuti
2461 4096 2738 4166 possibilia
2779 4096 3062 4158 obedient,
3110 4107 3286 4165 neque
3309 4091 3426 4161 eius
3468 4092 3595 4147 ﬁliis
3633 4095 3727 4162 qui
3757 4105 3842 4146 vo-

595 4203 852 4273 Spiritus,
883 4201 972 4272 qui
1010 4203 1106 4255 has
1130 4199 1450 4255 et'llcientias
1490 4199 1790 4254 dividebat.
1826 4197 1980 4254 Sicut
2019 4200 2162 4254 enim
2264 4190 2471 4244 lunlate
2501 4187 2621 4258 eius
2651 4187 2744 4242 ﬁlii
2800 4187 3163 4255 habebantur.
3199 4184 3443 4257 praebuit
3476 4185 3622 4256 quod
3675 4184 3840 4241 locuti

596 4293 801 4361 lapides
835 4301 891 4346 et
934 4292 1131 4346 lateres
1160 4285 1309 4344 multi
1358 4289 1632 4356 conjuncti
1682 4296 1738 4343 et
1781 4289 2062 4360 compositi
2111 4290 2164 4344 in
2265 4293 2412 4338 sunt.
2444 4280 2579 4336 Cum
2611 4281 2754 4336 enim
2785 4288 2971 4350 posset
3005 4279 3358 4361 descendere,
3399 4292 3508 4333 non
3539 4277 3840 4343 descendit,

595 4357 894 4436 aediﬁcatus
927 4378 1006 4450 (8)
1043 4394 1208 4432 unum
1244 4388 1300 4432 et
1351 4378 1590 4433 membra
1661 4377 1816 4448 plura
1895 4357 2166 4448 pracepte
2266 4391 2337 4430 ne
2374 4374 2720 4430 intercideret
2768 4372 3192 4444 dispensationis
3241 4357 3452 4440 caram,
3492 4385 3668 4441 neque
3709 4386 3845 4441 prte-

601 4473 918 4529 mdiﬂcantis
947 4473 998 4526 in
1023 4486 1182 4525 unam
1217 4471 1590 4541 compaginem
1627 4471 1943 4525 adunantur
1976 4471 2169 4526 :itaet
2267 4467 2424 4523 heret
2472 4467 2672 4522 Iudaeis
2725 4476 2783 4521 ut
2817 4466 3006 4520 iisdem
3059 4464 3308 4522 obcdisse
3355 4465 3648 4520 videretur.
3707 4462 3844 4532 Quid

600 4563 829 4633 apostoli
870 4577 977 4617 uno
1024 4562 1279 4629 baptizati
1319 4559 1523 4630 Spiritu
1563 4561 1954 4630 separationem
1983 4561 2166 4616 multi-
2196 4621 2222 4633 __
2271 4561 2417 4615 enim
2447 4569 2566 4614 erat
2603 4557 2870 4613 diﬂicilius
2895 4572 2928 4613 e
2969 4571 3131 4613 cruce
3170 4557 3498 4614 descendere
3521 4555 3723 4624 Deum,
3748 4564 3839 4612 at

597 4631 807 4710 tudinis
841 4656 1225 4723 deposuerunt.
1273 4652 1671 4722 Coniunctieue
1712 4664 1890 4708 autem
1944 4653 2164 4723 spiritus
2199 4631 2243 4686 Ι)
2267 4651 2338 4707 ab
2379 4653 2572 4708 inieris
2620 4653 2912 4708 ascendere
2956 4651 3266 4708 viventem!
3297 4650 3438 4720 Ergo
3486 4664 3596 4706 non
3625 4661 3844 4721 propter

595 4745 818 4812 aretati,
856 4759 1021 4799 unum
1064 4752 1222 4800 erant
1255 4758 1446 4801 omnes
1473 4753 1532 4798 et
1565 4744 1760 4814 spiritu
1797 4753 1853 4799 et
1901 4745 2084 4799 anima
2112 4753 2168 4799 et

598 4835 958 4892 consensione
993 4845 1050 4891 et
1095 4835 1410 4907 concordia).
1466 4835 1534 4890 Et
1586 4850 1693 4891 non
1755 4835 1928 4891 solum
1978 4837 2035 4890 in
2084 4836 2169 4892 his

601 4943 722 4994 quae
748 4926 818 4984 ab
844 4928 988 4984 intus
1003 4935 1131 4984 sunt
1158 4942 1350 4995 unum,
1377 4928 1474 4985 sed
1498 4927 1661 4984 etiam
1691 4936 1746 4984 et
1773 4929 1841 4983 ab
1867 4929 1954 4983 liis
1982 4943 2103 4998 qua
2134 4943 2166 4984 a

601 5021 739 5076 t'oris
763 5029 913 5085 sunt,
943 5019 1340 5090 pradicabatur
1358 5033 1547 5076 eorum
1575 5001 1757 5074 anima
1777 5030 1831 5075 et
1851 5021 2167 5098 concordia,

601 5113 923 5183 Quicunque
941 5113 1111 5179 enim,
1136 5113 1340 5184 inquit,
1386 5127 1548 5190 agros
1583 5113 1878 5191 habebant.
1908 5122 2004 5172 aut
2035 5113 2169 5170 alias

599 5205 886 5288 opeskjam
912 5220 1019 5261 non
1061 5220 1160 5261 sua
1201 5205 1630 5283 putabqpt..g-ua3
1676 5205 1962 5276 aliquando
2012 5214 2168 5261 erant

605 5313 732 5364 sua;
760 5298 854 5353 sed
881 5298 937 5352 in
967 5311 1254 5352 commune
1278 5295 1640 5369 proferentes,
1665 5306 1720 5350 et
1752 5296 1884 5366 ipsis
1911 5295 2168 5366 operibus

605 5403 753 5456 spem
802 5388 1207 5452 contirmantes,
1265 5387 1638 5444 distrahebant
1675 5402 1857 5458 agros,
1893 5372 2171 5443 venunda-

605 5481 737 5537 hon't
781 5495 932 5550 opes,
986 5479 1359 5536 distrahebant
1400 5479 1580 5533 omnia
1626 5493 1745 5549 quae
1800 5479 2168 5551 possidebant.

677 5576 722 5607 δ’
755 5575 942 5630 Matth.
981 5590 1152 5640 sxvst,
1188 5574 1280 5629 ιο.

677 5666 755 5732 (ὁ)
784 5663 886 5722 Ns.
920 5661 1082 5720 Forte
1098 5683 1257 5721 nunc.

703 5733 756 5808 ξ)
791 5733 1017 5808 facere.
1039 5734 1222 5805 Forte,
1253 5737 1447 5808 facere.

699 5802 757 5868 θ)
792 5803 1088 5858 Ἐπίτασιν.

703 5737 756 5790 5i
791 5737 1017 5789 Fucerc.'.
1039 5737 1105 5791 l'c

699 5802 757 5868 θ)
792 5803 1088 5858 Ἐπίτασιν.

664 5737 758 5952 Ξῒ)
800 5869 1105 5928 Ἐπιτιῑνιι.

2267 4744 2762 4815 impossibilitatem
2795 4744 3076 4800 excusatio
3101 4744 3327 4807 exstitit,
3351 4743 3449 4800 sed
3487 4753 3708 4814 propter
3734 4743 3843 4798 dia-

2267 4838 2646 4908 pensationem
2671 4839 2961 4909 permissio
2995 4837 3157 4892 morti
3180 4837 3300 4900 fuit,
3334 4844 3394 4890 ut
3421 4837 3629 4907 majora
3658 4846 3842 4890 osten-

2270 4932 2424 4987 deret
2449 4945 2614 5003 quam
2646 4930 2718 4986 illi
2762 4931 2968 5002 precati
3015 4938 3160 4987 sunt.
3223 4929 3337 5002 Ego
3385 4938 3567 4985 autem
3612 4928 3843 4986 libenter

2271 5034 2457 5080 mente
2507 5037 2730 5079 recurro
2778 5023 2846 5078 ad
2893 5021 3047 5091 illud,
3093 5037 3215 5078 cum
3253 5021 3432 5078 adhuc
3481 5036 3673 5079 recens
3731 5033 3842 5079 erat

2271 5116 2458 5187 passio
2483 5115 2713 5180 Christi,
2744 5130 2938 5173 recens
2967 5115 3130 5172 etiam
3166 5123 3225 5171 et
3245 5112 3555 5171 Judaorum
3595 5117 3837 5172 audacia.

2273 5207 2472 5266 Petrus
2494 5208 2639 5265 enim
2667 5209 2989 5280 loquebatur
3016 5224 3122 5265 non
3152 5222 3218 5263 ea
3240 5222 3360 5277 quas
3382 5217 3514 5262 ante
3535 5207 3838 5277 passionem

2277 5301 2516 5366 dicebat,
2555 5308 2610 5356 et
2643 5299 2873 5370 apostoli
2905 5302 3267 5366 testabantur,
3296 5310 3353 5356 et
3372 5298 3541 5356 Judaei
3573 5300 3838 5364 dolebant,

2276 5401 2332 5446 et
2365 5391 2476 5460 jam
2525 5405 2634 5448 non
2684 5392 2954 5448 habebant
3005 5391 3094 5447 cui
3141 5398 3432 5462 erogat-ent
3479 5391 3754 5462 pecunias,
3789 5400 3843 5444 ut

2286 5481 2614 5537 resurrectio
2634 5483 3005 5539 occultaretur
3033 5500 3047 5538 :
3084 5482 3282 5540 milites
3307 5482 3450 5538 enim
3482 5483 3841 5540 custodientes

2347 5669 2424 5728 is;
2459 5667 2579 5737 Ms.,
2597 5667 2858 5737 adiﬁciis.

2345 5737 2421 5804 (9)
2453 5736 2575 5807 bis”
2603 5736 2891 5807 ﬁrmantes.

2344 5809 2456 5880 (i0)
2487 5806 2586 5864 Eo.
2607 5806 2783 5865 Forte
2810 5825 2892 5866 ea.
