4048 6322
203 372 336 427 i‘i'il

1531 358 1617 411 DE
1657 354 1951 413 OI‘ERIBU
1964 351 2003 409 S
2043 349 2265 407 BONIS.

3344 346 3488 404 ίετνε

202 493 533 553 acceperant
570 494 696 549 ista,
733 482 872 537 sicut
912 490 964 534 ct
1013 475 1254 551 proditor
1303 479 1491 534 Judas.
1528 476 1789 532 Sciebant
1814 479 1870 542 Α
1894 476 2155 534 cedonas.
2186 469 2318 539 Qua
2361 478 2545 525 autem
2572 466 2856 539 probatio?
2886 467 3013 538 quia
3069 465 3311 522 tribuisti
3363 480 3472 521 non

199 580 351 636 cnim
396 574 564 631 Judaei
586 576 874 629 adversum
900 587 959 627 se
994 572 1185 642 duplas
1220 573 1349 626 dare
1378 570 1653 641 pecunias.
1684 568 1786 624 De-

196 670 404 725 derunt
431 675 486 721 et
507 664 907 735 advnegandam
937 662 1353 719 resurrectionis
1380 661 1539 717 ﬁdem
1566 678 1579 715 :
1609 660 1786 716 sciunt

198 762 406 832 quippe
432 768 486 816 et
521 760 654 814 dare
701 756 865 823 male,
901 766 956 812 et
984 756 1237 824 accipere
1270 770 1377 810 non
1407 756 1567 811 bene.
1602 752 1786 822 Siqui-

198 854 324 911 dem
359 863 417 908 et
447 850 647 920 Ioseph
700 848 1067 905 distrahentes
1111 856 1439 917 acceperunt
1482 860 1589 901 non
1625 844 1783 911 bene,

193 956 251 1002 et
306 944 597 1000 Dominum
643 957 805 998 causa
843 941 1168 1013 proditionis
1221 950 1491 1004 emerunt,
1524 949 1583 994 et
1618 939 1787 994 abne-

195 1040 421 1107 gatione
469 1034 891 1090 resurrectionis
944 1034 1233 1088 adversum
1272 1046 1333 1088 se
1376 1040 1783 1099 compararunt.

192 1125 252 1183 In
286 1129 431 1183 mala
462 1130 606 1183 enim
636 1126 957 1182 mercatoria
980 1126 1246 1190 meditati,
1283 1125 1643 1195 perditionem
1680 1123 1785 1179 sibi
1828 1158 1829 1161 η

196 1230 566 1293 procurarunt
594 1229 930 1289 perpetuam.
961 1219 1068 1274 Sed
1096 1220 1162 1274 ad
1186 1217 1383 1273 Judam
1431 1218 1649 1289 quidem
1699 1218 1788 1272 fu-

197 1328 319 1369 rem
360 1314 469 1367 vim
527 1312 799 1367 habebant
849 1311 1127 1382 pecunia;
1182 1310 1251 1364 ad
1302 1324 1425 1364 eum
1480 1318 1658 1363 autem
1692 1309 1785 1376 qui

195 1406 434 1465 dicebat.
480 1403 721 1459 Pecunia
765 1414 820 1459 et
866 1417 1055 1456 aurum
1102 1416 1210 1457 non
1258 1409 1344 1457 est
1392 1400 1545 1465 mihi,
1583 1399 1784 1455 nullam

199 1498 442 1551 habebat
479 1495 683 1550 malitia
714 1494 1012 1559 virtutem,
1069 1495 1166 1547 sed
1228 1494 1661 1564 angustahantur
1691 1507 1782 1547 sa-

196 1588 455 1643 cerdotes
473 1585 797 1655 et-populus.
824 1593 879 1639 et
905 1582 1113 1637 turbela
1139 1592 1258 1637 erat
1282 1583 1567 1637 bonorum.
1598 1580 1786 1652 Neque

197 1680 347 1734 enim
378 1692 537 1746 quem
577 1675 1102 1745 comprehenderunt
1125 1676 1238 1741 jam
1270 1674 1570 1740 habebant,
1606 1689 1786 1744 neque

194 1785 361 1842 quem
382 1770 730 1824 detinuerunt
748 1785 761 1821 :
782 1768 1019 1836 undique
1050 1768 1196 1821 enim
1221 1767 1447 1837 spiritus
1477 1766 1785 1821 scaturiens

1888 575 2178 629 cesserunt
2214 561 2495 621 charitati.
2540 558 2642 627 Qui
2696 560 2843 615 enim
2891 572 2999 615 non
3056 558 3403 624 tribulatur,-
3433 559 3483 616 si

1891 657 2412 723 subministraverit,
2462 653 2659 711 similis
2698 664 2785 708 est
2812 650 2890 707 illi
2933 652 3029 722 qui
3064 652 3195 708 dum
3246 652 3485 707 mandu-

1888 765 2001 820 cat,
2031 767 2095 809 ea
2127 763 2248 822 quae
2289 744 2631 818 superaverit
2677 744 2862 800 donat.
2912 744 3015 813 Qui
3069 753 3251 800 autem
3307 744 3487 801 adhuc

1888 844 2061 905 esurit
2116 850 2172 898 et
2224 837 2552 909 compatitur
2588 851 2633 891 e.
2672 848 2814 905 pane
2857 849 2979 903 suo,
3029 833 3122 891 ille
3165 842 3250 890 est
3294 832 3486 889 fratris

1835 956 1849 971 ι
1888 944 2099 994 amator
2130 953 2143 989 :
2169 931 2435 1002 siquidem
2460 938 2516 985 et
2543 928 2646 983 sub
2678 927 2906 984 Domino
2928 924 3083 995 Iesu,
3110 942 3235 983 cum
3261 926 3483 997 quidam

1886 1032 2177 1087 mitterent
2208 1024 2377 1081 multa
2419 1023 2474 1078 in
2521 1022 2723 1093 templo
2768 1036 2837 1077 es
2884 1022 2971 1077 his
3004 1035 3127 1092 quae
3178 1020 3481 1086 habebant,

1890 1124 2051 1179 vidua
2089 1120 2207 1177 duo
2230 1118 2453 1173 mittens
2491 1114 2702 1170 minuta
2739 1128 2932 1170 omnes
2972 1113 3255 1183 superavit
3287 1112 3342 1166 in
3381 1110 3483 1167 do-

1890 1217 1996 1272 nis.
2031 1214 2097 1270 Et
2124 1220 2274 1269 certe
2308 1209 2437 1280 quid
2460 1216 2617 1264 erant
2648 1206 2738 1262 illa
2778 1206 2885 1261 duo
2913 1205 3121 1260 minuta
3162 1220 3284 1276 qua:
3317 1202 3484 1259 vidua

1888 1306 2083 1364 misit?
2110 1303 2382 1371 Quantum
2413 1298 2480 1355 ad
2509 1312 2624 1353 rem
2655 1296 2877 1369 quidem
2909 1298 3047 1353 satis
3074 1312 3242 1369 parva
3271 1315 3287 1351 :
3317 1310 3489 1365 quan-

1891 1410 2004 1456 tum
2042 1397 2107 1453 ad
2140 1395 2476 1450 alacritatem
2517 1399 2701 1447 autem
2745 1389 2903 1445 valde
2933 1405 3149 1461 magna.
3180 1389 3301 1445 Non
3332 1388 3485 1443 enim

1889 1491 1955 1546 ad
1997 1489 2051 1545 id
2113 1487 2384 1557 inspicere
2433 1484 2697 1539 debemus
2740 1482 2889 1553 quod
2940 1481 3127 1536 datum
3160 1490 3268 1547 est,
3304 1482 3398 1538 sed
3437 1483 3485 1537 si

1890 1582 2019 1653 quid
2047 1582 2225 1636 eidem
2273 1579 2591 1634 derelictum
2634 1584 2736 1633 est.
2783 1575 2851 1630 Et
2881 1574 2959 1628 ita
3002 1574 3343 1647 admirabilis
3394 1573 3487 1630 ille

1890 1675 1980 1743 qui
2012 1680 2255 1742 superat.
2284 1670 2404 1725 Non
2428 1669 2627 1739 quippe
2650 1665 3003 1737 querendum
3028 1674 3112 1719 est
3136 1666 3181 1720 si
3208 1665 3485 1721 modicum

1890 1774 1973 1821 est
2002 1766 2145 1836 quod
2175 1779 2206 1817 a
2243 1764 2408 1817 vidua
2438 1764 2621 1824 datur,
2654 1760 2749 1815 sed
2781 1760 2824 1813 si
2874 1757 3080 1827 aliquid
3118 1758 3169 1814 ei
3229 1758 3482 1814 relictum

195 1860 517 1917 fonticabat.
552 1858 617 1912 Et
641 1856 835 1912 Petrus
861 1858 1079 1927 quidem
1100 1857 1263 1912 istinc
1296 1856 1516 1910 aliunde
1542 1856 1704 1920 alius,
1730 1866 1784 1912 et
1817 1853 1860 1909 Β
1890 1866 1992 1911 est.
2036 1854 2095 1909 Si
2125 1853 2270 1909 enim
2305 1852 2446 1907 facta
2479 1852 2651 1905 fuerit
2676 1849 3020 1918 comparatio
3046 1848 3114 1903 de
3140 1847 3221 1902 eis
3239 1861 3362 1916 quae
3389 1862 3483 1901 re-

195 1954 341 2010 alter
372 1968 439 2007 es
466 1950 553 2005 illa
584 1958 760 2019 parte,
785 1959 835 2005 et
880 1950 970 2018 qui
1000 1952 1227 2003 necdum
1269 1948 1575 2003 crediderat
1603 1949 1783 2003 initia-

194 2046 290 2100 bat
317 2046 578 2101 clamare.
614 2045 681 2099 Et
701 2043 843 2099 illius
867 2042 1083 2111 quidem
1108 2039 1269 2103 ﬁlius,
1302 2038 1677 2102 alteriusﬁlia,
1710 2038 1786 2092 ala

196 2137 646 2206 terius‘conjux;
690 2146 738 2191 et
767 2135 912 2189 illius
946 2134 1139 2187 domus
1167 2132 1281 2201 ipse
1311 2131 1703 2198 paterfamilias
1733 2140 1787 2185 ct

196 2243 394 2285 servus
463 2240 517 2283 et
558 2227 759 2282 famula
819 2226 969 2296 (ll);
1011 2224 1248 2292 undique
1288 2220 1523 2292 Spiritus
1574 2221 1786 2275 fructus

194 2320 533 2377 scaturiebat
587 2335 739 2376 suus.
799 2317 915 2371 Non
976 2326 1186 2371 tantum
1239 2315 1383 2368 enim
1437 2315 1789 2383 permittebat

194 2410 403 2468 Judzeis
437 2412 729 2475 visionem,
759 2419 1025 2481 quantum
1065 2408 1425 2477 perditionem
1466 2422 1783 2475 agnoscere.

196 2501 328 2560 Haec
352 2518 475 2558 cum
522 2504 597 2557 ita
644 2501 838 2556 ﬁerent
886 2502 1028 2570 apud
1065 2500 1339 2563 Judzeam;
1384 2506 1604 2568 oportet
1639 2498 1785 2553 enim

195 2595 487 2653 ostendere
516 2608 616 2650 nos
654 2594 798 2647 unde
825 2594 893 2648 ad
932 2593 1034 2649 hos
1062 2607 1251 2647 sumus
1287 2592 1538 2646 conversi
1572 2606 1787 2646 sermo-

196 2703 329 2755 nes;
373 2689 485 2759 jam
536 2703 644 2743 non
690 2696 810 2741 erat
849 2685 1109 2755 possibile
1158 2685 1243 2740 his
1291 2685 1383 2754 qui
1440 2686 1786 2740 crediderant

196 2778 445 2842 Christo,
508 2778 649 2849 apud
700 2776 943 2833 Judaam
998 2777 1144 2847 pasci
1179 2798 1191 2831 :
1224 2776 1489 2845 siquidem
1546 2776 1591 2829 si
1642 2783 1788 2831 esset

197 2872 325 2941 quis
352 2871 517 2935 ﬁlius,
548 2870 874 2935 ejiciebatur
913 2883 945 2923 e
989 2870 1153 2924 domo
1202 2869 1331 2938 quia
1377 2867 1553 2923 factus
1611 2867 1789 2923 fuerat

199 2962 378 3019 ﬁdelis
418 2964 507 3019 :si
533 2963 726 3027 frater,
771 2978 879 3017 non
933 2962 1168 3018 habebat
1213 2964 1517 3032 portionem
1552 2961 1786 3016 haeredi-

202 3056 358 3120 tatis,
416 3055 542 3125 quia
593 3054 704 3122 jam
756 3054 991 3110 habebat
1042 3064 1253 3125 partem
1299 3054 1451 3125 regni
1498 3054 1785 3110 cmlestis:

196 3153 254 3201 et
319 3144 446 3201 ﬁlia:
500 3144 933 3209 abdicabantur,
987 3154 1043 3200 et
1106 3143 1251 3200 servi
1319 3145 1785 3211 emcndabantur,

1894 1950 2020 2004 ricta
2048 1955 2198 2014 sunt,
2238 1944 2488 2001 invenies
2534 1943 2731 1999 divites
2776 1943 2999 2013 quidem
3050 1940 3184 1996 nihil
3226 1941 3482 2007 dedisse;

1890 2041 2048 2107 plura
2083 2043 2230 2096 enim
2273 2048 2401 2095 sunt
2428 2052 2551 2108 qua:
2587 2038 2779 2093 relicta
2810 2043 2940 2091 sunt
2986 2035 3095 2100 eis;
3136 2034 3354 2089 viduam
3385 2048 3488 2088 au-

1892 2144 2000 2189 tem
2058 2142 2231 2189 totam
2290 2132 2616 2187 substantiae
2667 2128 2986 2185 facultatem
3043 2126 3281 2185 dedisse.
3340 2126 3485 2198 Ergo

1892 2225 2028 2281 nihil
2066 2227 2240 2297 magis
2275 2232 2379 2288 est,
2413 2225 2458 2280 si
2495 2224 2618 2294 quis
2645 2224 2856 2278 habens
2888 2223 3054 2277 donat
3086 2239 3104 2280 :
3142 2223 3236 2278 sed
3267 2221 3313 2278 si
3359 2220 3487 2292 quis

1892 2334 1998 2374 non
2049 2320 2235 2383 habet,
2276 2324 2435 2385 urget
2486 2316 2813 2371 charitatem
2862 2324 2923 2370 ut
2974 2315 3157 2369 faciat.
3200 2312 3277 2368 lla
3304 2324 3361 2369 et
3391 2312 3483 2367 illa

1888 2412 2073 2476 vidua,
2118 2423 2239 2478 quae
2271 2406 2511 2476 suscepit
2545 2406 2715 2460 Eliam
2744 2404 2999 2459 infamem
3041 2404 3181 2477 (15),
3218 2419 3248 2458 s
3280 2402 3485 2475 pugilio

1891 2506 2111 2578 pollinis
2143 2503 2416 2574 primitias
2454 2501 2688 2556 offerens
2726 2501 3027 2569 prophetae,
3071 2508 3127 2555 et
3172 2500 3289 2570 ipsa
3328 2509 3484 2570 pasta

1889 2607 1970 2653 est
1999 2606 2053 2652 et
2083 2595 2204 2667 plus
2232 2593 2447 2649 ceteris
2474 2592 2681 2646 habuit.
2708 2590 2784 2645 Ita
2820 2599 2876 2646 et
2910 2589 3258 2655 Macedones,
3290 2590 3386 2659 qui
3422 2588 3481 2644 in

1888 2688 2060 2743 multo
2102 2687 2475 2753 experimento
2513 2682 2881 2738 tribulationis
2914 2680 3081 2751 :quia
3123 2680 3273 2737 enim
3310 2680 3485 2737 multa

1890 2786 2010 2835 erat
2030 2778 2171 2848 apud
2199 2777 2317 2831 illos
2341 2775 2621 2830 tribulatio
2654 2774 2959 2829 inediarum
2983 2790 2999 2839 ;
3024 2773 3313 2828 incurrunt
3332 2771 3482 2827 enim

1889 2882 2281 2938 nonnunquam
2330 2866 2464 2920 tales
2504 2864 2818 2919 hominibus
2859 2861 3276 2926 tribulationes;
3324 2858 3484 2915 altis-

1889 2962 2026 3017 sima
2049 2959 2328 3016 tribulatio
2361 2972 2631 3013 summam
2664 2955 2990 3011 charitatem
3023 2952 3263 3009 ostendit
3290 2972 3305 3009 :
3353 2953 3485 3022 quia

1888 3053 1946 3106 in
1976 3049 2142 3105 multo
2168 3048 2547 3118 experimenta,
2581 3046 2785 3115 inquit,
2814 3044 3187 3099 tribulationis
3203 3042 3491 3099 abundan-

1893 3146 1967 3197 tia
1984 3142 2169 3213 gaudii
2190 3157 2369 3196 eorum
2389 3140 2458 3193 ⁸ο.
2499 3138 2776 3205 Quantum
2811 3136 2965 3194 enim
2986 3136 3057 3192 ad
3091 3150 3226 3206 opes
3248 3143 3485 3205 spectat,

196 3236 532 3294 sustinentes
609 3250 801 3307 ptenas
861 3235 990 3306 quia
1058 3235 1266 3291 fideles.
1328 3234 1454 3291 Haec
1514 3250 1637 3289 cum
1703 3236 1781 3290 ita
1810 3230 1856 3290 (ἶ
1894 3232 2173 3289 tribulatio
2204 3233 2427 3287 erateis
2463 3249 2478 3285 :
2509 3239 2775 3300 quantum
2807 3239 3003 3287 autem.
3030 3229 3098 3283 ad
3128 3228 3493 3293 cbaritatem,

196 3337 512 3395 agerentur,
548 3338 602 3384 et
624 3326 737 3395 jam
767 3342 875 3383 non
915 3324 1229 3382 suﬁieerent
1266 3326 1453 3383 ﬁdeles
1500 3327 1641 3396 apud
1682 3325 1781 3381 Ju-

196 3422 369 3474 daeam
422 3433 649 3488 pascere
700 3416 1104 3472 multitudinem
1153 3417 1492 3471 credentium
1527 3416 1779 3480 Christo;

198 3508 425 3580 apostoli
459 3509 818 3579 praedicantes
838 3510 1083 3580 gentium
1113 3508 1564 3579 complacuerunt
1589 3517 1647 3564 et
1679 3508 1785 3563 hoc

201 3603 408 3657 donare
442 3602 689 3657 ﬁdelibus
706 3602 801 3671 qui
830 3603 885 3656 in
907 3600 1160 3673 gentibus
1190 3602 1561 3667 habebantur,
1590 3610 1649 3656 ut
1673 3601 1783 3657 col-

200 3693 432 3766 ligerent
466 3695 732 3764 quasdam
766 3694 1022 3764 pecunias
1048 3702 1105 3749 et
1146 3707 1297 3762 opes,
1321 3702 1376 3748 et
1403 3694 1683 3748 mitteaent
1716 3695 1785 3749 ad

194 3784 439 3841 Iudaeam
487 3786 842 3841 credentibus
873 3784 1093 3841 Christo
1124 3804 1138 3839 :
1170 3796 1230 3841 ut
1264 3800 1358 3841 eos
1398 3800 1535 3855 quos
1561 3785 1785 3840 abdica—

198 3888 392 3933 verant
426 3886 683 3947 parentes
712 3877 784 3932 ob
806 3875 990 3943 ﬁdem,
1027 3893 1123 3932 eos
1160 3888 1450 3947 pascerent
1476 3887 1664 3947 gentes
1691 3892 1789 3933 ne-

195 3968 442 4027 cessaria
461 3968 822 4027 destinantes.
848 3968 916 4023 Et
941 3968 1270 4041 colligebant
1304 3972 1568 4040 pecunias
1592 3971 1687 4041 qui
1714 3986 1785 4026 ex

198 4062 451 4131 gentibus
474 4062 544 4118 ob
573 4061 865 4117 aiimonias
892 4062 1103 4116 scilicet
1139 4072 1457 4116 sanctorum
1507 4064 1603 4132 qui
1639 4062 1787 4133 apud

196 4152 632 4224 Hierosolymam
659 4154 1034 4207 morabantur.
1078 4153 1149 4209 Et
1185 4154 1290 4209 ista
1331 4168 1479 4208 nunc
1524 4170 1650 4224 pars
1702 4163 1788 4209 est

195 4260 321 4314 qua:
367 4246 527 4301 hodie
579 4244 719 4300 lecta
764 4245 819 4300 in
869 4245 1113 4315 Epistula
1160 4244 1338 4311 Pauli,
1382 4246 1640 4301 videtur:
1675 4262 1785 4301 non

195 4337 355 4393 valde
408 4352 537 4393 cara
600 4337 759 4408 (l2),
821 4338 965 4392 sicut
1046 4338 1192 4393 facta
1268 4348 1399 4395 sunt
1463 4356 1584 4410 qua:
1660 4349 1788 4396 ante

195 4429 485 4497 praedicata
534 4440 681 4483 sunt.
737 4428 1132 4499 Evangelizans
1161 4429 1326 4499 igitur
1355 4432 1650 4501 Apostolus
1680 4432 1787 4495 Cp-

196 4524 429 4579 :inthios
486 4540 582 4593 per
648 4523 878 4578 aliorum
954 4521 1410 4585 sollicitudinem,
1470 4537 1673 4593 eosque
1717 4522 1785 4577 ad

194 4611 431 4666 similem
486 4611 847 4665 imitationem
897 4610 1216 4677 adhortans,
1280 4620 1339 4665 ut
1384 4611 1639 4667 alacriter
1677 4614 1785 4667 im-
1816 4584 1864 4641 Β

194 4705 468 4773 pertirent
540 4704 793 4758 ﬁdelibus
870 4705 961 4773 qui
1034 4705 1177 4772 apud
1255 4700 1502 4759 Judmm
1587 4715 1783 4774 erant,

194 4796 399 4866 quique
469 4796 703 4851 abdicati
771 4810 803 4849 a
868 4795 985 4849 suis
1048 4796 1373 4851 necessariis
1445 4796 1784 4869 indigebant,

194 4902 298 4943 nec
348 4887 486 4957 ullas
544 4888 939 4957 promissiones
981 4886 1238 4943 Judaicas
1283 4900 1377 4944 aut
1433 4890 1785 4949 hatreditates

194 4978 471 5035 habebant
507 4997 521 5031 :
562 4978 683 5032 ideo
716 4979 964 5033 scribens
996 4978 1063 5033 ad
1098 4994 1193 5033 eos
1238 4978 1437 5032 Paulus
1474 4982 1544 5034 ita
1594 4982 1724 5036 dicit
1764 5001 1776 5037 :

196 5070 397 5127 Notam
426 5082 600 5125 autem
636 5072 776 5124 vobis
817 5072 976 5141 facio,
1013 5073 1227 5140 fratres,
1263 5074 1490 5140 gratiam
1529 5072 1625 5127 Dei
1666 5091 1783 5143 qua:

192 5167 321 5219 data
350 5175 425 5219 est
459 5168 512 5218 in
546 5163 798 5218 Ecclesiis
831 5162 1183 5231 Macedonitc,
1228 5165 1354 5234 quia
1396 5165 1451 5217 in
1488 5166 1650 5219 multo
1692 5182 1783 5219 ea:-

192 5261 483 5324 perimento
513 5257 869 5309 tribulationis
900 5256 1229 5311 abundantia
1264 5258 1445 5327 gaudii
1492 5273 1696 5323 eorum,
1732 5266 1783 5311 et

192 5350 461 5403 altissima
484 5359 765 5418 paupertas
801 5364 983 5401 eorum
1016 5348 1303 5403 abundavit
1332 5352 1387 5402 in
1416 5348 1630 5403 divitias
1656 5351 1783 5403 sim—

193 5439 445 5508 plicitatis
479 5458 660 5495 eorum
688 5441 755 5498 “.
793 5441 1051 5499 Scribetts
1090 5442 1386 5498 Corinthiis
1426 5444 1619 5511 probat
1665 5442 1780 5497 Ma-

266 5581 312 5613 “
336 5578 376 5633 ll
403 5579 529 5635 Cor.
568 5596 684 5645 vm,
711 5583 821 5649 ΗΞ.
900 5584 944 5616 ’⁵⁸
977 5583 1103 5639 ibid.
1133 5584 1186 5638 2.
1264 5583 1309 5616 ⁵⁸
1337 5583 1468 5640 ibid.
1546 5585 1587 5617 "
1618 5584 1743 5641 ibid.
1776 5584 1826 5642 4.

264 5723 313 5795 (Ι
332 5722 379 5776 ii
410 5722 532 5795 Ms"
570 5726 796 5792 familia.

268 5794 383 5863 (12)
416 5794 574 5851 Cut'tt.
616 5796 794 5860 ωηεν,

831 5799 931 5849 ιἰἰιο
950 5816 997 5847 (ιη

1886 3328 2165 3399 gaudium.
2202 3326 2342 3381 Dare
2383 3327 2529 3382 enim
2560 3341 2629 3380 ex
2661 3325 2747 3380 his
2775 3340 2897 3396 qua
2925 3325 3043 3394 ipse
3073 3337 3179 3379 non
3210 3323 3395 3387 habet,
3428 3334 3485 3377 et

1888 3437 2010 3477 cum
2034 3422 2232 3492 gaudio
2256 3422 2409 3487 dare,
2437 3423 2553 3477 haec
2590 3430 2675 3476 est
2698 3436 2911 3476 summa
2950 3418 3247 3476 credulitas
3274 3419 3341 3474 de
3364 3432 3482 3475 co-

1888 3510 2120 3568 lestibus
2157 3512 2363 3583 regnis.
2414 3512 2653 3582 Cupiens
2682 3526 2815 3584 ergo
2850 3512 3142 3567 ostendere
3188 3510 3488 3580 Apostolus

1888 3611 2093 3673 quanta
2140 3603 2221 3658 eis
2260 3611 2379 3658 erat
2430 3603 2721 3673 angustia,
2773 3611 2829 3657 et
2874 3612 3139 3673 quantum
3175 3600 3485 3671 gaudebant

1888 3696 2082 3751 dantes
2132 3710 2199 3751 ex
2234 3708 2299 3751 eo
2328 3694 2470 3763 quod
2524 3709 2631 3749 non
2658 3692 2977 3758 habebant;
3031 3693 3087 3747 in
3134 3692 3305 3746 nmlto
3350 3691 3487 3747 dicit

1888 3788 2263 3859 experimento
2294 3786 2665 3843 tribulationis
2694 3786 3033 3842 abundantia
3057 3786 3241 3857 gaudii
3266 3799 3482 3846 eorum.

1890 3889 1946 3935 et
1975 3880 2241 3935 altissima
2290 3888 2587 3949 paupertas
2614 3893 2836 3935 eorum.
2872 3877 3154 3934 Altissima
3188 3888 3485 3947 paupertas

1891 3972 2154 4027 radicitus
2184 3987 2280 4027 eos
2313 3972 2446 4025 nihil
2470 3972 2676 4027 habere
2702 3971 2998 4040 signiﬁcat.
3045 3971 3370 4033 Abundauit,
3396 3970 3486 4024 in-

1892 4066 2033 4135 quit,
2066 4067 2120 4119 in
2149 4066 2348 4120 diuitiis
2385 4066 2751 4136 simplicitatis
2798 4080 3001 4120 eorum.
3031 4063 3198 4119 Multa
3234 4062 3487 4133 probatio

1894 4157 2260 4214 tribulationis
2290 4175 2304 4211 :
2336 4158 2432 4213 sed
2482 4158 2768 4213 abundans
2791 4197 2807 4223 ,
2848 4157 3047 4227 inquit,
3079 4156 3337 4227 gaudiutn
3388 4170 3487 4211 eo-

1893 4259 2107 4316 rum,et
2136 4249 2401 4305 altissima
2438 4258 2732 4321 paupertas
2762 4263 2953 4304 eorum
2988 4267 3003 4303 :
3036 4257 3094 4303 et
3124 4246 3486 4312 abundantia,

1892 4343 2107 4413 inquit,
2143 4343 2459 4397 divitiarum
2492 4342 2863 4413 simplicitatis
2894 4356 3105 4396 eorum.
3132 4340 3214 4395 Ab
3241 4342 3489 4396 adversis

1893 4436 2103 4505 accepit
2146 4436 2629 4505 comparationem,
2679 4433 2975 4490 ostendens
3004 4433 3131 4504 quia
3166 4433 3331 4487 multa
3364 4433 3489 4502 qui-

1894 4526 2015 4582 dem
2045 4526 2329 4583 tribulatio
2351 4536 2474 4583 erat
2503 4526 2648 4597 apud
2689 4541 2786 4582 eos
2819 4525 3146 4588 inediarum,
3189 4538 3297 4579 non
3334 4534 3487 4577 tanta

1893 4630 2073 4674 autem
2106 4629 2372 4688 quantum
2422 4628 2479 4675 et
2525 4618 2805 4690 gaudium.
2857 4617 2926 4673 Et
2970 4616 3237 4672 altissima
3266 4616 3488 4685 quidem

1892 4724 2221 4784 paupertas,
2269 4714 2364 4769 sed
2392 4712 2596 4769 divitiae
2624 4710 3016 4780 simplicitatis,
3044 4711 3172 4777 quia
3196 4708 3488 4762 secundum

1893 4807 2141 4859 virtutem
2172 4815 2247 4859 tes
2266 4804 2542 4858 timoniutn
2568 4804 2838 4874 perhibeo,
2866 4811 2917 4855 et
2948 4818 3108 4869 super
3130 4801 3262 4854 vires
3287 4800 3355 4853 ".
3379 4801 3491 4855 “0t:

1893 4901 2041 4954 enim
2089 4909 2214 4964 est,
2263 4896 2698 4953 ettribulatione
2737 4894 3031 4950 voluntarii
3080 4894 3347 4948 fuerunt:
3384 4906 3489 4946 non

1891 4992 2001 5043 vim
2049 4990 2240 5059 passi,
2277 4990 2371 5043 sed
2401 5004 2524 5043 cum
2571 4986 2738 5042 multa
2773 4984 3165 5039 exhortatione
3192 4984 3493 5038 obsecran—

1892 5091 1997 5136 tes.
2029 5080 2147 5135 Non
2185 5081 2359 5135 solum
2392 5081 2542 5134 enim
2584 5094 2615 5134 a
2667 5078 2829 5133 nobis
2863 5092 2971 5132 non
3001 5084 3128 5131 sunt
3174 5072 3490 5136 obsecrati,

1894 5176 1987 5228 sed
2020 5184 2075 5229 et
2108 5174 2208 5244 ipsi
2235 5177 2619 5228 obsecrarunt.
2659 5170 2767 5225 Sed
2801 5186 2921 5221 cum
2954 5169 3146 5231 multa,
3170 5167 3367 5236 inquit,
3399 5181 3493 5218 ex-

1894 5266 2197 5319 hortatione
2244 5265 2575 5317 obsecrantes
2625 5272 2874 5332 rogantes
2907 5277 3000 5314 nos
3022 5260 3092 5313 ⁸¹.
3148 5258 3287 5325 Quia
3342 5257 3495 5311 euim

1892 5372 2019 5411 cum
2072 5356 2237 5411 multa
2282 5356 2662 5410 obsecratione
2698 5354 2947 5419 dictum,
2983 5352 3207 5406 dubium
3262 5349 3491 5402 videba-

1896 5458 2006 5515 tur,
2042 5456 2227 5503 utrum
2260 5448 2580 5503 Macedones
2612 5454 2899 5517 rogassent
2934 5443 3214 5515 apostolos
3241 5440 3505 5510 διιεεὶρέ-

1973 5728 2085 5797 (15)
2116 5726 2401 5795 Infamem.
2435 5726 2619 5796 Forte,
2654 5729 2704 5781 in
2736 5728 2898 5797 (nnis.
