4048 6322
1254 333 1519 392 EUSEBII
1561 333 2030 392 CESARIENSIS
2069 331 2219 391 OPP.
2260 331 2442 392 PARS
2479 331 2569 390 IV.
2609 363 2680 374 —
2717 330 3136 390 DOGIATICA.

3698 333 3833 394 1204

587 473 650 517 η
677 457 744 513 ab
771 454 903 527 ipsis
935 467 1053 525 qua:
1073 451 1396 518 oﬂ'erehant,
1431 459 1523 506 aut
1556 449 1782 522 apostoli
1809 449 2157 513 Iacedonas.
2193 453 2242 514 Α
2269 451 2628 517 manducans,
2647 449 2930 506 nobiseum
2947 449 3241 505 dormiens.
3258 447 3336 505 Es
3376 449 3538 507 nobis
3564 462 3828 523 sputatus.

586 559 648 606 ut
667 561 788 605 sese
808 533 1106 616 pandeteot
1134 544 1202 598 ad
1236 535 1632 609 dandum,‘ideo
1648 542 1806 598 dicit:
1832 541 1967 596 Cum
1989 541 2155 595 multa

584 638 951 697 exhortatione
994 637 1323 691 obsecrantes
1349 651 1464 698 nos,
1512 635 1787 703 offerentes
1813 632 2067 704 gaudium
2107 640 2156 686 et

583 729 1006 784 communionem
1057 725 1334 779 ministerii
1367 725 1506 795 quod
1535 725 1595 792 ﬁt
1644 725 1699 778 in
1745 734 1975 778 sanctos.
2037 721 2155 776 Non

583 820 728 874 enim
753 819 929 890 rogari
954 817 1078 888 quis
1108 816 1266 873 debet
1297 819 1364 871 ad
1398 815 1856 878 misericordiam,
1879 815 1973 871 scd
1999 829 2160 885 roga-

586 926 648 966 re
675 911 855 981 potius
883 917 943 964 ut
973 908 1339 964 communicet
1371 907 1494 962 aliis
1533 925 1546 960 :
1579 914 1630 962 et
1661 923 1765 961 non
1809 908 1944 961 sicut
1976 923 2159 977 spera-

584 1005 751 1056 vimus
775 1003 858 1066 ";
897 1008 1220 1070 superarunt
1256 999 1402 1054 enim
1433 1008 1489 1054 et
1517 1008 1759 1054 nostram
1791 999 2158 1069 exspectatio-

587 1108 732 1149 nem.
767 1092 905 1161 Quid
932 1107 1061 1165 ergo
1085 1092 1109 1146 τ
1137 1091 1438 1148 Senserunt
1469 1091 1698 1162 apostoli
1728 1090 1962 1161 inopiam
1980 1089 2160 1147 Iace-

589 1185 807 1252 donnm,
848 1194 901 1240 et
929 1185 1145 1254 pigebat
1176 1199 1270 1240 eos
1297 1184 1478 1239 dicere
1503 1182 1704 1254 aliquid
1729 1200 1744 1249 ;
1772 1182 2034 1252 apostolis
2056 1197 2157 1236 au-

592 1283 697 1329 tem
737 1275 1039 1330 tacentibus
1060 1289 1164 1328 non
1193 1273 1447 1329 tacebant
1469 1272 1560 1342 qui
1586 1273 2036 1339 obsecrabantur,
2067 1273 2158 1328 sed

588 1369 889 1437 semetipsos
912 1407 927 1429 ,
960 1367 1134 1436 inquit
1175 1405 1192 1431 ,
1235 1366 1490 1420 dederunt
1524 1366 1695 1434 primo
1751 1364 2007 1428 Domino,
2040 1365 2159 1419 dein

587 1468 637 1512 et
665 1458 810 1511 nobis
858 1473 950 1526 per
975 1457 1290 1511 voluntatem
1336 1455 1476 1511 Dei:
1509 1457 1614 1510 hoc
1661 1464 1782 1519 est,
1815 1457 2017 1511 donum
2063 1455 2157 1510 Dei

587 1549 738 1604 venit
765 1549 831 1604 ad
863 1563 975 1613 eos,
1005 1549 1227 1604 hortans
1269 1562 1365 1603 eos
1385 1548 1451 1602 ad
1483 1562 1647 1618 opera
1681 1549 1844 1614 bona,
1874 1558 1933 1602 at
1965 1548 2159 1603 esitar-

589 1649 759 1692 temur
786 1636 979 1702 Titum,
1009 1649 1064 1692 ut
1094 1639 1535 1708 quemadmodum
1552 1641 1730 1709 ctepit,
1752 1641 1829 1693 ita
1849 1647 1901 1693 et
1920 1639 2160 1708 perﬁciat

588 1731 642 1782 in
663 1746 750 1784 vos
789 1729 1014 1798 gratiam
1035 1731 1188 1784 istam
1213 1729 1280 1781 ⁸³.
1311 1730 1448 1796 Quid
1463 1729 1566 1785 sibi
1596 1731 1711 1785 vult
1741 1739 1797 1784 ut
1829 1731 2162 1784 exhortamur

2259 561 2290 600 a
2331 543 2487 600 nobis
2507 550 2593 598 est
2622 551 2825 605 tentus,
2867 555 2896 596 a
2927 540 3082 595 nobis
3124 540 3541 606 condemnatus,
3568 556 3827 613 quantum

2253 635 2322 690 ad
2354 642 2605 687 naturam
2652 630 2972 686 humanam.
3014 626 3271 684 Proilciat
3317 638 3503 685 autem
3553 635 3830 690 set-mead

2255 734 2475 781 cetera.
2506 721 2763 791 Iniuriam
2788 735 2982 790 passus
3007 729 3111 786 est,
3158 735 3331 775 casus
3355 731 3460 786 est,
3486 732 3708 792 sputum
3741 740 3831 780 ac-

2255 817 2640 890 cepit,-illusus
2663 824 2769 881 est,
2794 813 2985 870 aﬂisus
3005 823 3088 870 est
3113 815 3285 879 cruci,
3313 814 3385 870 fel
3416 826 3471 871 et
3501 827 3721 872 acetum
3753 816 3834 873 bi-

2258 912 2359 967 bit.
2389 909 2528 977 Quid
2546 909 2851 964 invenietur
2877 907 2932 962 in
2954 909 3378 962 commutatione
3407 918 3572 962 tanta
3601 904 3832 979 gratia?

2255 999 2422 1057 istam
2450 999 2616 1071 igitur
2644 997 2876 1070 gratiam
2917 1011 3018 1052 nos
3040 997 3335 1052 admonens
3365 997 3691 1068 Apostolus.
3710 1001 3834 1054 bor-

2258 1101 2405 1148 tatur
2449 1091 2517 1146 ad
2549 1103 2712 1160 opera
2757 1088 2922 1144 bona.
2958 1088 3121 1144 Scitis
3148 1089 3309 1152 enim,
3349 1090 3545 1159 inquit,
3601 1094 3831 1160 gratiam

2257 1182 2470 1237 Domini
2495 1181 2669 1236 nostri
2688 1179 2820 1235 Iesu
2849 1177 3073 1247 Christi,
3102 1182 3224 1250 quia
3263 1193 3479 1250 propter
3511 1199 3626 1248 eos,
3649 1195 3708 1238 et
3731 1201 3833 1240 non

2256 1285 2479 1345 prapter
2509 1288 2589 1339 se,
2621 1273 2772 1339 inops
2819 1270 2996 1341 factus
3040 1282 3114 1326 est
3150 1289 3268 1326 cum
3293 1285 3424 1328 esset
3461 1275 3633 1340 dines,
3669 1285 3726 1330 ut
3749 1293 3834 1332 τοι

2256 1365 2401 1420 illius
2434 1366 2616 1435 inopia
2640 1366 2827 1420 divites
2851 1364 3034 1418 essetis
3065 1365 3134 1418 ".
3154 1362 3213 1420 Si
3244 1365 3362 1421 haec
3392 1366 3519 1421 fecit
3551 1369 3833 1437 magister,

2259 1458 2362 1514 ista
2411 1457 2728 1513 condiscant
2763 1456 3056 1526 discipuli,
3095 1467 3144 1510 et
3188 1457 3490 1523 consilium,
3522 1458 3724 1528 inquit,
3786 1464 3836 1516 in

2259 1547 2358 1602 isto
2385 1548 2453 1600 do
2482 1547 2534 1580 ⁸⁸
2565 1566 2580 1601 :
2611 1546 2716 1602 hoc
2739 1555 2842 1609 est,
2874 1545 2942 1598 ad
2962 1544 3321 1599 imitationem
3343 1546 3554 1600 Christi
3581 1561 3834 1616 provoco.

2261 1642 2378 1698 Hoc
2405 1643 2544 1697 enim
2583 1641 2727 1696 vobis
2763 1650 2837 1694 est
2883 1639 3034 1694 utile.
3088 1638 3219 1691 Illud
3268 1639 3412 1691 enim
3459 1651 3567 1691 non
3625 1637 3838 1694 Christo

2261 1745 2380 1790 erat
2432 1732 2584 1796 utile,
2622 1733 2812 1802 quique
2847 1748 2951 1786 non
3004 1732 3176 1785 solum
3218 1729 3433 1798 facere,
3487 1735 3578 1784 sed
3619 1740 3671 1782 et
3717 1731 3840 1786 velis

591 1820 766 1876 Titum
797 1821 822 1873 .’
866 1821 1000 1888 Quia
1040 1822 1183 1877 enim
1213 1862 1227 1887 ,
1273 1823 1482 1892 inquit,
1527 1822 1762 1878 vidimus
1812 1821 2159 1878 Macedonum
2191 1810 2235 1868 Β
2263 1826 2488 1893 capiatis
2532 1826 2598 1878 ab
2635 1840 2776 1878 anno
2801 1824 2994 1893 priore.
3047 1822 3254 1877 Facere
3292 1836 3397 1875 non
3429 1831 3515 1875 est
3549 1821 3730 1891 majus
3752 1830 3839 1876 aut

590 1912 803 1966 divitias
835 1913 1238 1981 simplicitatis;
1271 1924 1329 1966 ut
1364 1929 1469 1969 non
1500 1914 1848 1969 vinceremini
1899 1913 1952 1968 in
1981 1911 2158 1978 bonis,

590 2004 899 2074 rogavimus
937 2003 1118 2059 Titum
1148 2005 1332 2060 venire
1381 2007 1448 2060 ad
1480 2019 1575 2060 vos
1599 2045 1614 2070 ,
1654 2015 1710 2061 et
1739 2021 1897 2075 pares
1923 2020 2018 2061 vos
2047 2003 2160 2059 elli-

589 2113 715 2153 eere
747 2097 812 2152 ad
846 2096 1192 2161 lacedonas,
1225 2106 1279 2150 et
1313 2098 1588 2152 exhortari
1623 2112 1690 2151 ne
1721 2097 2104 2167 relinquamini
2129 2112 2160 2151 a

589 2189 794 2245 divitiis
823 2190 1008 2260 gratiae
1060 2187 1360 2259 huiustEt
1401 2190 1540 2243 sicut
1587 2192 1641 2242 in
1686 2191 1830 2243 omni
1878 2190 2161 2244 abundatis

586 2282 716 2351 ﬁde,
741 2292 787 2335 et
811 2296 1066 2345 sermone,
1085 2293 1139 2334 et
1163 2281 1379 2335 scientia
1399 2323 1413 2347 ,
1441 2291 1488 2335 et
1514 2283 1656 2334 omni
1683 2281 2038 2335 sollicitudine
2061 2324 2076 2347 ,
2113 2293 2161 2335 et

587 2375 803 2442 insuper
828 2382 996 2428 vestra
1031 2375 1086 2426 in
1130 2390 1223 2428 nos
1252 2373 1528 2437 charitate,
1579 2383 1709 2426 utet
1762 2374 1816 2425 in
1856 2375 1956 2426 hac
1990 2375 2161 2443 gratia

591 2463 868 2519 abundetis
897 2465 965 2518 “.
998 2463 1052 2518 In
1084 2463 1227 2528 aliis,
1269 2465 1465 2533 inquit,
1507 2465 1760 2519 omnibus
1801 2464 2162 2519 circumveni-

592 2557 704 2612 tis:
739 2566 798 2610 ut
835 2571 942 2610 non
977 2564 1158 2610 autem
1191 2555 1679 2610 circumvenientes
1731 2555 1785 2608 in
1825 2555 1970 2618 aliis,
2004 2555 2161 2610 dere-

591 2647 909 2718 linquamini
945 2646 998 2700 in
1035 2646 1382 2714 quibusdam,
1411 2645 1783 2710 etesuatnini,
1829 2646 2011 2714 rogavi
2065 2646 2160 2701 Ti-

595 2750 729 2805 tum,
761 2739 899 2793 utin
931 2738 1187 2793 omnibus
1230 2737 1521 2807 primatum
1557 2739 1785 2794 teneatis
1815 2758 1829 2793 :
1867 2738 1988 2793 Non
2009 2739 2161 2808 quasi

591 2832 854 2898 imperans
880 2830 1020 2896 dico,
1047 2830 1138 2884 sed
1162 2841 1372 2898 propter
1404 2830 1632 2883 aliorum
1658 2830 2072 2886 sollicitudinem
2088 2832 2160 2896 ⁸⁸,

595 2924 698 2978 hoc
727 2932 808 2977 est
847 2920 1197 2976 lacedonum
1243 2921 1478 2976 alienum
1510 2937 1525 2975 :
1557 2923 1603 2976 si
1650 2923 1945 2978 secundum
1987 2924 2160 2993 impe-

595 3012 734 3069 rium
766 3011 919 3083 ﬂuuit,
951 3013 1274 3069 videbuntur
1307 3028 1371 3067 ex
1425 3013 1746 3067 necessitate
1775 3012 1889 3066 lleri
1914 3053 1929 3076 .
1957 3023 2011 3068 ct
2055 3029 2160 3068 non

597 3105 800 3161 habent
839 3106 1072 3163 fructum
1125 3125 1136 3159 :
1185 3106 1277 3160 sed
1308 3115 1524 3174 propter
1573 3103 1797 3158 aliorum
1837 3104 2161 3161 sollicitudi-

593 3213 717 3254 nem
746 3239 761 3264 ,
787 3208 834 3252 et
865 3208 1049 3253 vestrm
1076 3197 1350 3251 citaritatis
1393 3197 1661 3265 ingenium
1699 3197 1979 3267 probamus
2015 3212 2031 3249 .'
2060 3198 2163 3252 hoc

592 3298 710 3351 est.
743 3289 1094 3343 admonemus
1126 3302 1223 3342 vos
1274 3287 1626 3342 Macedonum
1677 3289 1980 3343 claritatem
2023 3287 2161 3358 (lt),

597 3388 657 3434 ut
683 3379 963 3434 audientes
991 3380 1057 3433 ad
1085 3378 1325 3433 similem
1373 3380 1607 3433 veniatis
1635 3380 1830 3433 zelum.
1865 3379 2000 3446 Quia
2032 3395 2163 3451 ergo

598 3469 664 3524 do
693 3467 934 3538 pecuniis
963 3465 1259 3538 propositio
1301 3478 1418 3522 erat
1442 3508 1456 3532 ,
1493 3479 1547 3522 et
1579 3470 1644 3523 de
1687 3470 1941 3539 operibus
1967 3471 2158 3536 bonis;

596 3561 822 3629 cupiens
862 3574 957 3614 eos
994 3560 1189 3616 docere
1217 3561 1506 3628 Apostolus
1553 3562 1678 3632 quia
1713 3563 1844 3617 nihil
1879 3563 2024 3631 digni
2078 3573 2162 3616 at-

593 3665 700 3718 que
729 3649 842 3721 (i5)
881 3651 1149 3720 recepturi
1200 3653 1332 3706 estis
1356 3695 1371 3718 ,
1409 3663 1463 3707 et
1511 3654 1635 3722 quia
1684 3655 1736 3708 in
1786 3653 1871 3708 his
1908 3653 2163 3709 Dominus

592 3742 740 3809 prior
770 3742 935 3811 cmpit
959 3781 974 3806 ,
1003 3751 1058 3797 et
1089 3742 1330 3798 debitum
1375 3744 1648 3800 reddimus
1699 3754 1755 3798 et
1791 3760 1893 3800 non
1929 3746 2161 3816 gratiam

593 3832 1060 3901 prcseminamus,
1091 3832 1222 3888 dicit
1256 3850 1269 3885 :
1302 3833 1468 3888 Scitis
1507 3830 1646 3889 enim
1671 3837 1900 3905 gratiam
1946 3835 2160 3892 Domini

595 3924 761 3980 nostri
801 3923 931 3979 Iesu
975 3923 1211 3992 Christi,
1243 3927 1369 3996 quia
1418 3937 1635 3995 propter
1681 3944 1776 3983 nos
1805 3928 1954 3997 inops
1991 3929 2163 3998 factus

593 4023 693 4081 est,
717 4030 834 4068 cuin
861 4015 1003 4069 dives
1029 4024 1157 4070 esset
1190 4015 1257 4072 “.
1282 4015 1419 4083 Quia
1446 4018 1588 4072 enim
1611 4019 1677 4074 de
1705 4021 1952 4090 pecuniis
1975 4022 2165 4079 dandis

591 4115 713 4161 erat
741 4106 792 4160 ei
826 4121 1005 4162 sermo
1029 4147 1044 4170 ,
1078 4107 1294 4178 pigebat
1329 4118 1504 4166 autem
1546 4111 1742 4167 divites
1787 4109 1905 4182 (l6)
1931 4113 2162 4182 aperiri;

591 4197 840 4265 opposuit
867 4196 1178 4264 Dominum,
1204 4200 1296 4268 qui
1329 4215 1457 4256 vero
1489 4202 1657 4265 dives,
1691 4204 1847 4273 inops
1875 4219 1974 4274 pro
2007 4206 2164 4262 nobis

593 4286 772 4344 iactus
807 4300 913 4356 est,
938 4300 999 4345 ut
1031 4291 1097 4346 ad
1131 4292 1486 4348 imitationem
1540 4294 1631 4348 Dei
1666 4298 1957 4353 suscitaret
1985 4299 2162 4353 homi-

594 4397 713 4437 nes.
737 4381 901 4439 Scitis
924 4386 1081 4452 enim,
1109 4386 1303 4457 inquit,
1340 4389 1572 4458 gratiam
1607 4387 1821 4442 Domini
1847 4392 2011 4444 nostri
2037 4390 2166 4446 Iesu

2261 1920 2399 1976 velle
2430 1918 2540 1991 (l8)
2572 1917 2706 1973 illle
2729 1927 2911 1972 autem
2935 1916 3109 1984 majus
3141 1929 3264 1970 esse
3289 1915 3476 1970 dicens
3501 1914 3645 1970 velle
3677 1931 3835 1984 quam

2258 2012 2460 2072 facere.
2501 2011 2576 2071 ita
2603 2025 2727 2066 cum
2785 2008 2867 2064 eis
2921 2007 3163 2076 loquitur
3193 2022 3292 2076 per
3338 2006 3655 2076 epistolam.
3708 2007 3837 2074 Quid

2257 2108 2340 2154 est
2363 2114 2492 2169 ergo
2519 2097 2664 2168 quod
2689 2095 2885 2151 dicitur
2906 2095 2973 2149 ad
3000 2110 3118 2159 eos,
3150 2110 3286 2164 quos
3306 2095 3559 2150 hortatur
3581 2097 3654 2148 ad
3682 2111 3838 2164 opera

2222 2251 2227 2258 ,
2259 2190 2440 2247 bona?
2487 2190 2624 2257 Quia
2667 2187 2812 2253 enim
2841 2185 3117 2242 faciebant
3151 2188 3394 2256 quidem,
3427 2203 3533 2242 non
3564 2187 3840 2242 habebant

2260 2291 2438 2336 autem
2463 2295 2495 2335 e
2534 2295 2628 2335 sua
2680 2279 2945 2336 electione
2975 2290 3035 2336 ut
3083 2280 3225 2337 ultro
3261 2279 3539 2347 lacerent;
3589 2281 3840 2334 hortator

2259 2386 2351 2428 eos
2386 2382 2445 2426 ut
2478 2371 2622 2427 ultro
2667 2382 3056 2442 proponerent,
3091 2372 3192 2428 hoc
3233 2384 3318 2430 est
3350 2382 3410 2427 ut
3442 2388 3551 2429 non
3580 2374 3840 2429 admone-

2260 2473 2466 2530 rentur,
2499 2466 2591 2520 sed
2623 2473 2681 2520 ut
2701 2465 2847 2520 ultro
2897 2465 3261 2534 complerent.
3287 2465 3393 2532 Qui
3423 2482 3528 2520 non
3559 2466 3736 2519 solum
3763 2466 3838 2533 {a-

2259 2572 2391 2620 cere,
2418 2557 2610 2626 inquit,
2639 2557 2730 2610 sed
2754 2567 2802 2611 et
2827 2556 2954 2612 uelle
2993 2557 3228 2626 ctepistis
3262 2557 3327 2611 ab
3371 2574 3514 2612 anno
3543 2558 3726 2627 priore
3751 2558 3838 2608 ’νε

2263 2647 2420 2703 Nunc
2467 2663 2592 2701 vero
2644 2658 2693 2702 et
2744 2648 2887 2717 facta
2922 2649 3156 2718 perﬁcite
3208 2667 3228 2704 :
3282 2661 3340 2702 ut
3393 2650 3836 2721 quemadmodum

2260 2748 2531 2807 promptus
2559 2740 2767 2793 animus
2797 2751 2872 2794 est
2898 2741 3181 2795 uoluntatis
3209 2781 3227 2805 ,
3272 2743 3349 2794 ita
3375 2753 3425 2796 et
3450 2741 3723 2809 perﬁciati
3781 2755 3838 2794 sx

2262 2845 2322 2883 eo
2363 2830 2503 2899 quod
2528 2829 2727 2884 habetis
2758 2831 2827 2883 ‘°.
2857 2830 3130 2886 Praecedit
3150 2841 3434 2902 promptus
3457 2834 3686 2887 animus
3719 2847 3836 2903 per-

2263 2922 2577 2979 fectionem.
2608 2923 2710 2990 Qui
2759 2924 2904 2979 enim
2936 2923 3154 2979 nolebat
3192 2925 3323 2979 dare
3368 2937 3465 2978 sua
3497 2965 3512 2984 .
3543 2924 3836 2978 necessita-

2267 3027 2374 3072 tem
2415 3032 2520 3071 non
2550 3015 2786 3072 habebat
2839 3017 3229 3088 compulsionis
3258 3017 3568 3086 :siquidem
3603 3032 3715 3072 non
3746 3032 3838 3071 ex-

2267 3110 2408 3163 actio
2433 3109 2526 3164 sed
2561 3109 2858 3164 admonitio
2889 3118 3029 3172 erat,
3059 3119 3118 3163 ut
3143 3109 3600 3179 quemadmodum
3659 3123 3834 3178 prom-

2266 3214 2389 3272 ptus
2423 3203 2634 3257 animus
2668 3212 2752 3257 est
2781 3201 3101 3264 voluntatis,
3153 3202 3226 3256 ita
3255 3211 3309 3257 et
3341 3200 3641 3272 perﬁciatis
3671 3214 3738 3257 ea
3780 3218 3839 3258 es

2265 3293 2406 3363 quod
2439 3294 2668 3348 habetis.
2710 3292 2864 3361 Quod
2893 3293 3036 3349 enim
3076 3293 3121 3348 si
3155 3303 3436 3362 promptus
3475 3293 3838 3363 estquidem,

2264 3399 2368 3439 non
2402 3385 2599 3440 habeat
2631 3394 2836 3450 autem,
2860 3394 2916 3440 et
2950 3383 3126 3440 defuit
3149 3395 3210 3439 ut
3246 3384 3569 3454 perliceret;
3604 3399 3716 3439 non
3747 3385 3840 3441 de-

2264 3479 2453 3534 relicta
2499 3489 2584 3534 est
2624 3479 2742 3550 ejus
2770 3479 3044 3534 voluntas.
3099 3477 3374 3545 Quaeritur
3411 3478 3559 3532 enim
3591 3493 3702 3532 non
3727 3479 3843 3548 quis

2264 3571 2392 3640 quid
2426 3571 2646 3639 habeat,
2676 3570 2772 3626 sed
2799 3571 2922 3641 quis
2950 3569 3077 3638 quid
3105 3569 3257 3624 velit.
3288 3569 3425 3637 Quid
3448 3577 3634 3624 autem
3663 3571 3712 3625 si
3741 3586 3839 3624 non

2265 3663 2424 3718 habet
2452 3663 2596 3732 quis,
2621 3663 2962 3732 descripserit
2987 3672 3167 3718 autem
3210 3663 3312 3718 sibi
3338 3673 3390 3717 et
3437 3663 3663 3730 dixerit,
3699 3664 3842 3734 quia,

2265 3755 2310 3812 si
2335 3755 2664 3826 possiderem
2702 3763 2909 3810 tantum
2934 3793 2952 3820 ,
2987 3761 3162 3810 totum
3213 3755 3399 3810 darem
3456 3756 3791 3828 pauperibus
3821 3757 3850 3810 ?

2265 3856 2526 3918 quantum
2557 3847 2626 3901 ad
2654 3844 2990 3903 alacritatem
3035 3846 3252 3915 quidem
3283 3857 3489 3917 spectat
3517 3891 3534 3916 ,
3581 3859 3639 3904 et
3671 3850 3842 3919 possi-

2266 3939 2358 3993 det
2381 3946 2439 3992 et
2486 3937 2652 3994 dedit.
2703 3935 2893 3994 Omnis
2924 3938 3068 3993 enim
3094 3939 3302 3994 fructus
3331 3939 3385 3994 in
3416 3939 3707 3995 alacritate
3767 3951 3843 3995 est

2265 4030 2494 4100 positus.
2529 4029 2924 4100 Nonnunquam
2983 4031 3126 4086 enim
3179 4033 3272 4103 qui
3305 4030 3479 4100 dant,
3533 4034 3848 4088 mercedem

2267 4134 2374 4174 non
2404 4120 2649 4188 habent,
2699 4128 2955 4192 tanquam
2985 4122 3234 4177 dederint
3267 4143 3278 4178 :
3309 4124 3401 4197 qui
3431 4134 3609 4178 autem
3646 4139 3843 4192 propo-

2267 4219 2518 4276 suerunt,
2547 4226 2710 4280 super
2737 4213 2948 4268 dantes.
2977 4213 3118 4281 Quid
3145 4214 3290 4270 enim
3333 4214 3378 4269 si
3429 4215 3522 4269 dat
3546 4216 3746 4287 aliquis
3794 4228 3842 4271 et

2267 4303 2624 4358 murmurat?
2659 4303 2786 4372 quid
2861 4304 2907 4358 si
2955 4305 3200 4373 praebet,
3249 4305 3451 4379 pigrior
3483 4317 3666 4360 autem
3718 4305 3848 4360 est?

2267 4391 2406 4459 Quid
2441 4403 2622 4448 autem
2654 4395 2698 4450 si
2753 4410 2861 4450 non
2921 4396 3090 4450 habet
3140 4395 3303 4465 quis,
3355 4396 3469 4452 vult
3521 4398 3754 4453 tamen?
3791 4408 3843 4452 ut

594 4473 812 4540 Cltristi,
833 4478 960 4545 quia
1001 4488 1212 4546 propter
1242 4495 1334 4534 nos
1359 4479 1508 4547 inops
1541 4479 1711 4548 [actus
1748 4490 1822 4534 est
1857 4499 1974 4536 cum
2024 4493 2162 4537 esset
2197 4507 2241 4563 υ
2267 4485 2725 4553 quemadmodum
2762 4498 3045 4557 promptus
3092 4497 3178 4542 est
3200 4530 3217 4554 ,
3254 4487 3469 4558 inquit,
3501 4490 3723 4544 animus
3752 4503 3844 4543 vo-

597 4566 757 4631 dives,
789 4577 846 4619 ut
876 4565 1223 4637 illiusinopia
1245 4585 1330 4624 eos
1353 4570 1537 4624 divites
1557 4572 1754 4625 essetis.
1787 4571 1843 4626 Si
1882 4573 1996 4628 haec
2030 4573 2168 4631 Deus

596 4668 816 4725 pr0pter
845 4657 1112 4726 homines,
1139 4675 1241 4715 nec
1265 4660 1522 4729 :equalia;
1566 4662 1610 4716 si
1641 4672 1818 4718 tamen
1855 4674 1942 4719 est
1969 4665 2172 4734 aliquid

595 4748 824 4818 aequale.
860 4749 993 4817 Quis
1017 4753 1161 4806 enim
1191 4761 1432 4806 nostrum
1464 4764 1640 4825 potest
1672 4771 1700 4809 a
1726 4756 1835 4812 Deo
1870 4757 1982 4828 (l7)
2012 4760 2173 4816 homo

595 4841 711 4894 Iieri
740 4840 766 4896 ἲ
796 4841 872 4896 ita
902 4842 1045 4897 enim
1075 4841 1231 4898 tieret
1268 4844 1492 4912 aequale,
1544 4848 1587 4901 si
1627 4857 1805 4904 tamen
1835 4859 1890 4904 et
1919 4865 2054 4905 crux
2084 4867 2172 4907 se-

595 4941 856 5000 queretur
912 4933 1002 4987 tali
1045 4942 1258 4989 natura.
1313 4935 1380 4990 Et
1430 4938 1601 4994 teneri
1633 4941 1774 4994 enim
1806 4980 1822 5006 ,
1853 4951 1906 4996 et
1953 4952 2168 5012 sputum

597 5021 865 5091 accipere.
890 5031 945 5076 et
976 5022 1148 5090 illudi,
1179 5035 1234 5080 et
1262 5026 1639 5096 condemnari,
1664 5040 1720 5085 et
1737 5033 1897 5095 mori,
1929 5033 2168 5088 debitum

594 5113 815 5180 quidem
851 5122 1061 5170 tantum
1114 5126 1330 5186 paterat
1384 5129 1558 5176 esse:
1601 5120 1715 5177 haec
1768 5131 1948 5178 autem
1993 5126 2173 5180 dimit-

598 5214 739 5268 tens,
770 5213 826 5259 et
876 5215 1030 5262 suam
1062 5207 1287 5279 gloriam
1329 5211 1666 5268 abscondens
1693 5255 1708 5278 ,
1733 5219 2029 5288 assumpsit
2073 5235 2174 5274 no-

597 5302 765 5350 stram
797 5296 1218 5369 ignobilitatem,
1247 5302 1532 5359 nobiscum
1555 5305 1865 5376 ambulans,
1894 5310 2174 5366 nobiscum

668 5479 713 5556 '_’_
738 5480 922 5556 μεως.
955 5499 1070 5552 vni,
1090 5485 1144 5540 5.
1207 5487 1256 5520 "
1298 5489 1429 5544 ibid.
1456 5488 1508 5544 6.
1585 5492 1632 5524 “
1658 5492 1785 5552 ibid.
1807 5495 1858 5551 7.
1923 5499 1967 5532 "
1988 5498 2114 5555 ibid.
2135 5500 2188 5556 8.

600 5545 644 5579 ⁸⁸
679 5549 809 5606 ibid.
848 5552 935 5608 i2.

697 5639 784 5704 ιι)
814 5641 1136 5700 Claritatetn.
1167 5648 1332 5707 Forte
1353 5651 1685 5708 charitatem.

697 5710 785 5776 15)
813 5713 994 5781 Atque.
1026 5715 1186 5772 Forte
1215 5721 1283 5772 ad
1310 5737 1372 5776 ea
1396 5738 1537 5781 qua.

705 5781 786 5852 l6)
811 5782 1152 5856 Λνοξγεσθαὶ,
1183 5790 1235 5846 id
1266 5801 1368 5858 est,
1400 5781 1601 5850 iontlos
1632 5796 1859 5866 aperire-
1963 5834 1965 5837 -

2272 4568 2534 4644 luntatis',
2582 4578 2657 4633 ita
2691 4588 2748 4634 et
2778 4578 3079 4650 perﬁciatis
3110 4593 3177 4633 ea
3216 4594 3283 4635 eo
3331 4582 3474 4648 quod
3523 4582 3758 4636 habetis.
3791 4578 3846 4636 Si

2271 4669 2409 4722 enim
2457 4669 2708 4724 alacritas
2737 4673 3009 4741 preposita
3039 4679 3156 4737 est;
3205 4682 3262 4724 ut
3307 4667 3376 4726 ea:
3413 4689 3474 4727 eo
3520 4676 3663 4743 quod
3699 4676 3844 4730 habet

2274 4760 2383 4826 det,
2410 4773 2622 4833 accepta
2648 4773 2723 4817 est
2750 4763 2795 4795 “
2824 4781 2840 4818 :
2867 4774 3077 4819 tantum
3124 4773 3403 4834 promptus
3433 4768 3649 4822 anin’ins
3671 4768 3764 4830 sit,
3796 4765 3848 4823 et

2275 4860 2469 4907 caetera
2499 4862 2798 4923 sequuntur
2824 4869 2931 4908 non
2958 4868 3027 4910 ex
3054 4870 3120 4910 eo
3150 4860 3292 4925 quod
3328 4857 3647 4912 nonehabet.
3685 4859 3848 4914 Nemo

2276 4944 2440 5013 enim,
2497 4944 2694 5015 inquit,
2727 4947 2925 5016 quarit
2952 4948 3095 5017 quod
3142 4964 3248 5004 non
3295 4949 3503 5014 babes,
3566 4949 3662 5004 sed
3691 4966 3757 5005 es
3789 4965 3852 5006 eo

2277 5039 2419 5106 quod
2447 5039 2639 5096 babes.
2670 5037 2786 5095 Non
2820 5042 2963 5095 enim
2985 5040 3090 5097 hoc
3109 5052 3215 5107 est,
3250 5042 3445 5112 inquit,
3475 5042 3620 5112 quod
3652 5046 3850 5114 quieri-

2254 5137 2368 5209 gtur
2388 5146 2418 5186 a
2456 5131 2633 5199 nobis,
2664 5143 2726 5186 ut
2751 5146 2852 5188 vos
2888 5133 3106 5203 quidem
3133 5134 3494 5199 evacuemini,
3527 5134 3618 5188 alii
3673 5147 3851 5191 autem

2278 5221 2540 5278 ditentur.
2567 5222 2693 5277 Non
2711 5223 2852 5280 enim
2880 5237 2937 5279 ut
2971 5227 3093 5281 aliis
3121 5227 3490 5297 refrigerium,
3507 5227 3652 5281 nobis
3681 5239 3853 5281 autem

2279 5314 2551 5369 tribulatio
2584 5313 2652 5370 sit
2680 5329 2700 5368 :
2728 5317 2821 5370 sed
2853 5317 3141 5372 secundum
3164 5316 3546 5388 «qualitatem,
3580 5318 3779 5387 inquit,
3799 5320 3855 5372 iu

2264 5502 2309 5538 '-'
2342 5497 2473 5554 ibid.
2501 5498 2556 5554 9.
2632 5496 2677 5530 "
2706 5498 2838 5554 ibid.
2896 5498 2944 5531 ⁸⁸
2974 5496 3103 5552 ibid.
3132 5496 3218 5551 l0.
3271 5494 3316 5527 ⁵³
3351 5494 3482 5550 ibid.
3526 5496 3573 5528 ⁸⁸
3607 5497 3736 5551 ibid.
3765 5494 3854 5552 11.

2360 5658 2473 5729 (l7)
2504 5658 2561 5715 id
2582 5668 2684 5725 est,
2712 5673 2775 5715 es
2813 5661 2943 5726 Deo,
2975 5660 3085 5714 ἀπὸ
3119 5660 3278 5715 Θεοῦ.

2360 5730 2472 5803 (18)
2507 5731 2611 5787 Aut
2635 5729 2782 5789 velle.
2813 5730 2977 5790 Forte
3007 5747 3165 5800 quam
3193 5730 3340 5802 relic,
3370 5730 3406 5802 ἦ
3429 5729 3626 5789 θέλλιν.
