4048 6322
188 369 323 427 1Ξοίῖ

1426 356 1516 413 DE
1554 353 1903 414 OPERIBUS
1941 353 2165 413 BONiS.

3330 348 3471 407 1206

182 480 426 555 ρταιεηιὶ
453 490 683 547 tempore
713 478 779 531 ".
821 474 934 530 Non
965 515 981 540 ,
1034 474 1211 543 inquit
1242 512 1257 538 ,
1290 472 1396 528 hoc
1432 472 1556 529 dico
1580 512 1597 538 ,
1632 473 1770 526 Date
1801 474 1847 532 Α
1876 470 2056 523 dinem
2086 477 2328 523 nostram
2352 466 2420 521 ".
2444 464 2502 521 ln
2547 478 2662 535 qua‘
2684 478 2743 520 re
2767 464 2849 520 sic
2875 478 2974 520 nos
3001 463 3354 530 arctavimus,
3388 480 3460 520 ne

182 578 364 633 omnia
391 588 513 643 qua
544 572 756 628 habetis
782 609 799 636 ,
845 580 899 625 et
927 584 1024 623 vos
1054 568 1329 623 elﬁcimini
1367 581 1638 636 pauperes
1664 606 1681 628 ,
1720 575 1776 621 et

185 669 320 725 alios
345 670 534 723 ditate.
574 664 681 720 Sed
721 667 852 734 quid
884 664 1018 721 aio?
1048 664 1146 729 Qui
1177 662 1341 715 habet
1373 662 1507 715 duas
1528 659 1773 724 tunicas,

185 766 381 820 habeat
430 777 593 818 unam
621 802 636 828 ,
664 760 755 814 det
788 768 968 812 autem
1003 774 1109 811 non
1147 755 1369 810 habenti
1415 768 1601 815 unam,
1637 763 1688 807 et
1717 750 1778 805 lit

184 856 486 925 aquatius.
546 852 649 907 Sed
680 868 745 905 ex
784 851 1110 919 aequalitate,
1152 848 1367 916 inquit,
1420 846 1476 899 in
1528 842 1776 912 presenti

185 955 436 1013 tempore.
491 943 548 999 In
611 942 887 1012 praesenti,
948 941 1139 1007 inquit,
1174 940 1279 994 vita
1321 948 1499 992 vestra
1535 935 1778 989 abundat

185 1038 252 1094 ad
283 1038 497 1093 illorum
532 1036 792 1105 inopiam.
819 1034 920 1101 Qui
955 1032 1139 1097 habet,
1190 1032 1405 1102 inquit,
1457 1030 1590 1083 duas
1623 1027 1773 1081 tuni-

186 1148 300 1200 cas,
325 1149 489 1189 unam
536 1131 864 1202 superﬂuam
886 1172 902 1196 ,
948 1130 996 1184 is
1026 1130 1117 1198 qui
1154 1144 1253 1183 nec
1284 1142 1445 1182 unam
1477 1127 1639 1181 habet
1668 1142 1775 1181 mm

188 1224 437 1287 lraudet;
468 1236 524 1277 ut
556 1240 661 1277 una
702 1234 790 1277 tua
841 1221 1111 1291 superﬂua
1164 1238 1268 1275 non
1308 1221 1381 1276 sit
1410 1219 1506 1273 tibi
1551 1218 1775 1283 inutilis,

186 1314 281 1371 sed
319 1315 409 1369 ﬁat
440 1315 549 1369 alio
580 1314 742 1369 utilis.
767 1312 865 1368 Sea
892 1330 955 1367 ea:
973 1313 1272 1383 trqualitate
1304 1313 1358 1365 in
1380 1312 1624 1379 pra'senti
1655 1322 1781 1365 tem-

187 1422 315 1475 pore
338 1415 511 1461 vestra
555 1407 883 1459 abundantia
905 1404 1142 1473 suppleat
1184 1404 1398 1456 illorum
1434 1404 1663 1471 inopiam
1698 1404 1782 1455 ηε

189 1497 295 1552 hoc
324 1508 410 1551 est
435 1537 449 1561 ,
488 1498 727 1551 abundat
772 1497 855 1550 his
889 1498 978 1565 qui
1011 1511 1076 1549 ex
1105 1496 1359 1567 gentibus
1386 1506 1513 1551 sunt
1550 1514 1562 1549 :
1598 1495 1781 1549 mitta-

189 1600 279 1644 tur
312 1590 399 1645 his
423 1590 514 1658 qui
556 1599 684 1644 sunt
728 1589 870 1658 apud
900 1587 1143 1643 Iudaeam
1170 1630 1186 1653 ,
1219 1590 1309 1659 qui
1357 1600 1585 1659 propter
1610 1588 1773 1644 Chri-

189 1691 331 1737 stum
366 1682 797 1752 persecutionem
827 1681 1098 1735 sustinent
1127 1703 1136 1734 :
1173 1692 1227 1734 ut
1277 1692 1325 1735 et
1363 1682 1578 1736 illorum
1613 1683 1781 1735 abun-

189 1774 401 1838 dantia,
431 1774 657 1843 spiritus
690 1783 880 1841 utpote
910 1774 1104 1845 gratia,
1137 1774 1207 1826 sit
1229 1774 1295 1827 ad
1324 1784 1519 1827 vestrm
1542 1772 1777 1841 inopiam

1880 560 2010 629 quis
2044 573 2144 615 nos
2176 559 2453 624 vituperet
2483 557 2537 611 in
2581 557 2685 612 hac
2727 555 3088 626 amplitudine
3135 569 3257 625 quae
3308 554 3473 609 mini—

1878 658 2089 706 stratur
2141 664 2239 720 per
2288 664 2411 705 nos.
2452 644 2596 716 Quia
2633 646 2779 701 enim
2840 646 3095 716 colligere
3144 644 3408 715 pecunias
3442 661 3475 700 a

1878 740 2143 796 fratribus
2164 750 2418 812 acceptas
2446 739 2736 794 videbatur
2752 736 2909 791 malis
2935 735 3304 806 suspicionem
3320 734 3473 799 dare,

1878 828 2015 883 dicit
2040 830 2162 883 ideo
2199 830 2323 896 quia
2355 828 2703 884 sollicitiores
2732 825 2997 895 eligentes
3027 826 3275 880 misimus
3301 842 3315 880 :
3347 826 3474 895 quia

1878 920 2263 990 circumspecti
2291 921 2495 975 luimus
2532 935 2598 974 ne
2636 918 2760 989 quis
2786 918 3213 986 reprehenderet
3246 916 3298 971 id
3329 918 3476 987 quod

1879 1016 2084 1079 liebat;
2125 1030 2195 1068 ne
2221 1015 2344 1083 quis
2367 1011 2536 1068 Judas
2560 1014 2819 1068 inventus
2843 1010 3143 1076 iuraretur,
3173 1018 3230 1064 et
3261 1011 3477 1080 vitupe-

1878 1118 2028 1164 raret
2076 1108 2437 1162 ministerium
2482 1116 2750 1161 nostrum.
2800 1103 3148 1159 Proridemus
3183 1102 3320 1155 enim
3354 1117 3476 1172 qua

1881 1202 2017 1255 bona
2046 1212 2192 1266 sunt,
2235 1216 2339 1254 non
2382 1211 2591 1253 tantum
2625 1215 2804 1254 coram
2860 1198 2971 1251 Deo
3019 1195 3108 1265 qui
3139 1195 3290 1249 novit
3342 1209 3477 1249 con-

1880 1297 2188 1361 scientiam,
2229 1294 2322 1349 sed
2363 1302 2411 1347 et
2438 1309 2621 1347 coram
2673 1291 2975 1346 hominibus
3006 1291 3052 1323 ⁸⁸
3086 1308 3101 1344 :
3136 1296 3194 1342 ut
3230 1302 3297 1341 ne
3328 1288 3475 1355 quis,

1882 1387 2078 1455 inquit,
2108 1388 2452 1440 occasionem
2496 1385 2775 1451 acciperet
2805 1380 3179 1449 vituperandi.
3226 1377 3477 1432 Misimus

1883 1489 2057 1532 autem
2099 1492 2219 1530 cum
2254 1475 2362 1529 illis
2394 1483 2441 1527 et
2477 1473 2701 1543 fratrem
2734 1485 3003 1535 nostrum,
3034 1488 3195 1541 quem
3228 1471 3481 1541 probavi-

1882 1589 1999 1627 mus
2026 1572 2081 1624 in
2113 1570 2295 1625 multis
2345 1587 2483 1641 sape
2527 1569 2821 1625 sollicitum
2853 1583 2966 1622 esse
2996 1567 3063 1620 ⁸⁸.
3096 1565 3292 1621 Statim
3328 1564 3476 1620 enim

1884 1662 1976 1730 qui
2022 1661 2260 1716 dedisset
2289 1661 2551 1730 pecunias
2589 1666 2804 1731 poterat
2863 1672 2985 1713 esse
3030 1666 3316 1726 suspectus
3348 1656 3478 1725 quia

1886 1755 1978 1823 qui
2013 1752 2211 1823 accipit
2244 1752 2510 1813 lucratur.
2539 1762 2594 1808 et
2621 1766 2727 1806 non
2764 1748 2972 1822 perfert
3004 1751 3070 1804 ad
3114 1765 3226 1804 rem
3259 1748 3326 1803 ad
3354 1764 3481 1818 qua

190 1865 339 1931 ﬁdei,
367 1874 427 1921 ιιι
453 1864 547 1920 na;
584 1865 867 1935 aquatius
894 1843 1033 1920 εξνοε
1062 1879 1128 1919 ει
1158 1865 1245 1919 ιηε
1274 1880 1394 1933 quae
1427 1865 1641 1943 habetis
1683 1878 1771 1931 ρο-
1814 1853 1857 1913 Β
1886 1848 2054 1913 dedit,
2078 1861 2133 1902 et
2161 1846 2367 1943 pigrior
2397 1845 2735 1901 efficiebatur
2757 1844 2822 1897 ad
2857 1844 3092 1943 dandum
3126 1860 3140 1897 :
3173 1843 3294 1897 ideo
3327 1857 3480 1898 com-

191 1962 390 2027 cuniis,
415 1962 489 2015 illi
520 1974 587 2014 ex
613 1961 815 2031 quibus
835 1958 1035 2014 habent
1065 1960 1243 2015 dOnis.
1269 1958 1333 2012 Et
1351 1959 1566 2013 illorum
1597 1958 1778 2029 inopia

190 2053 493 2123 replebitur
534 2060 714 2106 vestra
743 2052 1121 2118 abundantia;
1154 2062 1330 2106 vestra
1379 2062 1559 2107 autem
1597 2053 1779 2124 inopia

192 2140 523 2196 abundantia
566 2140 637 2195 sit
662 2141 903 2207 illorum,
938 2153 996 2194 ut
1032 2142 1124 2195 llat
1150 2140 1469 2211 aqualitas;
1523 2144 1783 2213 pecunia-

190 2249 315 2290 rum
348 2234 566 2304 quidem
595 2248 624 2287 a
664 2234 819 2289 vobis
848 2234 903 2288 in
932 2233 1070 2299 illos,
1104 2234 1461 2290 donationum
1504 2246 1683 2292 autem
1713 2238 1783 2293 ab

192 2320 301 2378 illis
336 2323 390 2377 in
424 2339 519 2377 vos
543 2364 559 2387 ,
597 2326 732 2377 sicut
787 2326 1039 2392 scriptum
1074 2336 1150 2379 est
1192 2340 1211 2380 :
1246 2324 1350 2392 Qui
1388 2327 1649 2393 multum,
1680 2345 1783 2383 non

194 2416 521 2476 abundavit;
562 2424 609 2468 et
638 2414 729 2483 qui
765 2415 1053 2477 modicum,
1086 2433 1190 2469 non
1221 2416 1393 2484 defuit
1417 2418 1498 2471 illi
1530 2418 1597 2472 “.
1636 2418 1785 2474 Scri-

194 2514 345 2575 ptum
380 2515 484 2569 est,
513 2508 635 2576 quia
674 2506 929 2575 populus,
964 2508 1091 2561 dum
1133 2508 1416 2562 transisset
1447 2524 1619 2573 mare,
1642 2519 1787 2565 esset

195 2594 251 2650 in
286 2597 548 2660 deserto,
595 2606 653 2650 et
701 2611 877 2665 neque
932 2596 1229 2650 seminaret
1286 2613 1466 2667 neque
1516 2608 1782 2666 meteret;

195 2685 344 2742 Deus
392 2688 624 2744 reddens
668 2690 837 2743 vicem
891 2688 1031 2759 patri
1079 2704 1267 2744 eorum
1301 2690 1579 2745 Abraham
1614 2732 1630 2757 ,
1686 2708 1786 2763 pro

196 2793 385 2834 mensa
416 2780 623 2835 scilicet
653 2780 743 2836 illa
784 2797 905 2851 quae
932 2792 1217 2853 susceptos
1244 2782 1467 2854 angelos
1493 2785 1657 2852 pavit.
1686 2800 1787 2855 pro

196 2885 339 2940 pane
381 2872 526 2941 quod
554 2874 757 2944 angelis
780 2873 1053 2943 apposuit,
1082 2888 1279 2944 panem
1311 2875 1626 2943 angelorum
1646 2892 1786 2947 prte-

201 2962 320 3017 buit
350 2964 473 3020 liliis
497 2956 734 3020 Abrahae
759 3007 775 3032 ,
812 2982 911 3036 pro
939 2980 1004 3020 eo
1033 2970 1177 3038 quod
1210 2970 1324 3039 ipse
1354 2970 1562 3039 angelis
1593 2986 1786 3039 panem

200 3057 480 3113 hominum
527 3060 583 3113 in
640 3063 987 3129 susceptione
1048 3072 1403 3131 opposuerat.
1465 3063 1570 3118 Isto
1624 3066 1791 3135 igitur

200 3147 380 3205 fructu
430 3166 639 3206 mannte
688 3152 999 3207 advenienti
1045 3152 1115 3207 de
1151 3153 1293 3209 casio
1337 3155 1525 3209 exibat
1558 3155 1788 3227 populus

1884 1940 2106 1993 mendat
2137 1952 2235 1993 eos
2259 1936 2351 2006 qui
2385 1937 2538 1992 missi
2561 1945 2709 2000 sunt,
2746 1944 2805 1989 ut
2840 1949 2945 1989 non
2971 1933 3347 1989 destrueretur
3378 1933 3479 1988 do-

1883 2030 2129 2086 nantium
2176 2029 2455 2085 alacritas.
2500 2028 2751 2082 Misimus
2802 2036 3021 2089 autem,
3066 2026 3186 2089 ait,
3214 2042 3336 2099 cum
3369 2026 3480 2080 illis

1884 2126 2102 2195 fratrem
2148 2134 2385 2177 nostrum
2425 2137 2580 2191 quem
2624 2120 2961 2189 probavimus
3016 2119 3071 2171 in
3123 2117 3303 2170 multis
3342 2132 3482 2183 saepe

1884 2215 2175 2269 sollicitum
2213 2229 2347 2277 esse,
2382 2228 2523 2265 nunc
2559 2222 2734 2263 autem
2762 2206 3130 2261 sollicitiorem
3160 2204 3483 2274 conﬁdentia

1886 2309 2053 2362 multa
2081 2309 2134 2361 in
2168 2324 2279 2371 vos,
2304 2306 2411 2361 sive
2434 2320 2528 2374 pro
2562 2302 2684 2357 Tito
2714 2303 2805 2366 qui
2829 2309 2908 2355 est
2944 2300 3122 2354 socius
3153 2314 3299 2352 meus
3346 2305 3395 2351 et
3427 2297 3482 2349 in

1886 2404 2027 2458 vobis
2058 2403 2274 2474 adjutor
2317 2402 2382 2455 ad
2424 2413 2663 2469 presens
2692 2398 3055 2453 ministerium
3083 2436 3098 2461 ,
3124 2397 3231 2450 sive
3286 2395 3484 2463 fratres

1888 2494 2054 2547 nostri
2086 2491 2308 2559 apostoli
2340 2488 2703 2544 Ecclesiarum
2728 2486 2916 2558 gloria
2952 2484 3175 2541 Christi.
3206 2484 3348 2554 Ergo
3373 2500 3482 2539 nan

1887 2603 1987 2643 vos
2013 2588 2191 2659 pigeat
2225 2586 2290 2641 ad
2316 2585 2763 2646 ostentationem,
2791 2597 2913 2651 quae
2932 2582 3005 2635 sit
3030 2579 3273 2636 cbaritas
3302 2588 3484 2634 vestra

1887 2689 1943 2735 et
1972 2689 2153 2734 nostra
2184 2677 2357 2746 gloria
2387 2692 2484 2747 pro
2530 2677 2706 2732 vobis.
2742 2673 3154 2729 Praevenientes
3186 2672 3357 2739 enim,
3399 2671 3486 2727 in—

1888 2773 2032 2842 quit,
2068 2770 2284 2841 gloriati
2333 2785 2526 2824 sumus
2560 2771 2613 2823 in
2647 2769 2770 2825 illos
2795 2770 3151 2823 ostendentes
3202 2767 3254 2820 in
3289 2763 3486 2819 faciem

1890 2864 2262 2936 Ecclesiarum
2306 2886 2316 2918 :
2343 2872 2399 2917 et
2430 2862 2678 2917 homines
2701 2862 2920 2931 quidem
2948 2859 3376 2916 commendavit.
3413 2856 3491 2912 De

1896 2956 2013 3023 ipso
2069 2963 2252 3009 autem
2306 2954 2525 3020 negotio
2555 2952 2853 3006 exhortans
2894 2965 2989 3004 eos
3018 2950 3192 3005 dicit:
3230 2949 3373 3004 Nam
3424 2949 3494 3002 de

1892 3045 2186 3098 ministerio
2216 3044 2357 3113 quod
2388 3044 2446 3112 fit
2481 3043 2537 3095 in
2580 3051 2795 3096 sanctos
2832 3041 2983 3109 ipsos
3017 3039 3110 3110 qui
3162 3048 3319 3093 erant
3349 3038 3491 3108 apud

1892 3135 2328 3206 Hierosolymam
2352 3175 2369 3201 ,
2400 3150 2467 3188 ca:
2496 3133 2793 3186 abundanti
2840 3142 2916 3185 est
2964 3131 3094 3184 mihi
3140 3132 3370 3185 scribere
3400 3145 3497 3183 uo-

200 3241 460 3313 colligens
480 3254 674 3313 parata
719 3259 817 3313 pro
849 3258 1012 3298 cursu
1037 3244 1271 3298 Abrahae
1301 3256 1355 3299 et
1374 3207 1589 3301 sudore.
1626 3207 1788 3302 (Zoili-

1893 3231 1973 3282 bis
2004 3227 2070 3283 "°.
2094 3227 2206 3283 Cur
2234 3242 2298 3280 ex
2336 3224 2681 3281 abundanti?
2716 3222 2843 3279 Scio
2879 3225 3017 3277 enim
3052 3234 3351 3290 promptum
3368 3225 3493 3277 ani-

199 3346 391 3404 gentes
420 3345 600 3390 autem
645 3345 703 3388 ut
729 3334 900 3391 Judaei
932 3350 1037 3389 non
1074 3334 1417 3391 suﬁiciebant
1448 3338 1501 3392 in
1534 3354 1788 3393 mensura

201 3437 324 3491 qua
375 3424 592 3479 fuerant
625 3437 897 3496 praecepta
925 3428 1185 3497 colligere
1213 3468 1228 3493 ,
1271 3430 1366 3482 sed
1421 3429 1641 3497 quidam
1670 3444 1789 3483 am-

203 3516 371 3585 plius,
398 3516 488 3570 alii
530 3519 711 3573 minus
737 3519 1067 3585 colligebant
1094 3534 1331 3587 manna;
1379 3521 1662 3575 venientes
1688 3537 1788 3575 au-

203 3617 311 3661 tem
335 3617 393 3661 ut
420 3621 821 3677 mensurarent,
854 3614 920 3666 ad
954 3612 1329 3681 aequalitatem
1374 3614 1793 3668 adducebantur

202 3697 381 3754 inviti.
415 3699 515 3767 Qui
550 3701 696 3755 enim
728 3706 881 3772 plura
915 3703 1209 3776 collegerat
1254 3705 1307 3759 in
1351 3722 1623 3769 mensura,
1670 3721 1790 3759 am—

204 3790 345 3860 plius
369 3807 473 3846 nou
505 3794 740 3850 habebat
768 3812 782 3861 ;
812 3800 903 3865 qui
949 3808 1131 3851 autem
1180 3798 1382 3862 minus,
1417 3797 1552 3852 nihil
1582 3798 1792 3852 minue-

202 3882 366 3938 batur
394 3900 515 3938 cum
554 3897 958 3942 mensurarent.
1019 3888 1125 3943 Ista
1180 3890 1345 3959 igitur
1379 3890 1794 3959 comparatione

201 3986 506 4046 opportune
534 3992 664 4032 usus
693 3988 779 4034 est
808 3978 1101 4049 Apostolus
1130 3979 1344 4045 dicens,
1374 3980 1510 4035 sicut
1538 3982 1795 4049 scriptum

201 4077 280 4124 est
310 4084 331 4123 .'
366 4066 472 4134 Qui
510 4070 758 4133 multum,
795 4088 898 4126 non
946 4074 1273 4138 abundavit;
1317 4085 1368 4127 et
1390 4075 1481 4143 qui
1506 4074 1793 4138 modicum,

202 4174 311 4215 non
352 4162 520 4231 defuit
554 4162 657 4216 illi.
687 4164 789 4229 Qui
841 4166 986 4219 enim
1039 4166 1266 4220 multum
1319 4165 1537 4235 collegit
1575 4180 1793 4230 manna,

204 4267 314 4309 non
352 4253 684 4320 abundavit;
720 4259 1086 4313 mensurando
1116 4260 1260 4313 enim
1316 4257 1383 4312 ad
1433 4256 1795 4327 aequalitatem

203 4346 358 4401 venit
392 4358 486 4402 :et
516 4348 608 4419 qui
658 4350 933 4404 modicum
988 4350 1251 4421 collegit,
1299 4365 1405 4405 non
1444 4348 1615 4404 deluit
1664 4348 1741 4403 illi
1777 4366 1794 4417 ;

205 4439 335 4496 dum
364 4452 777 4497 mensuraretur
803 4443 969 4506 enim,
996 4443 1308 4513 replebatur
1337 4445 1385 4498 ei
1415 4444 1559 4514 quod
1589 4443 1795 4498 deerat.

1892 3337 2036 3374 mum
2064 3332 2311 3375 vestrum.
2344 3318 2516 3385 Quem
2548 3333 2653 3372 non
2690 3314 2864 3371 solum
2894 3317 3028 3382 scio,
3062 3318 3156 3370 sed
3195 3327 3244 3369 et
3290 3320 3356 3368 de
3389 3330 3494 3383 quo

1892 3412 2093 3482 glorior
2110 3412 2174 3465 de
2192 3411 2333 3465 vobis
2358 3417 2499 3477 apud
2529 3407 2875 3470 Macedonas,
2897 3407 3025 3477 quia
3045 3406 3250 3460 Achaia
3276 3422 3495 3476 praepa-

1894 3516 2015 3558 rata
2040 3514 2115 3558 est
2145 3503 2209 3556 ab
2238 3518 2377 3556 anno
2407 3502 2605 3570 priore.
2642 3500 2710 3554 Et
2743 3514 2851 3553 non
2876 3499 3001 3553 dico
3030 3515 3157 3569 quia
3189 3497 3494 3552 secundum

1894 3597 2296 3651 cumulationem
2348 3577 2705 3649 Macedonum
2762 3594 2975 3648 debetis
3012 3607 3111 3645 vos
3160 3590 3495 3656 adhortari;

1896 3692 1990 3745 sed
2027 3688 2302 3743 wmulatio
2336 3698 2510 3741 vestra
2554 3696 2803 3754 provocat
2832 3686 3115 3753 plurimos.
3156 3681 3300 3749 Ergo
3328 3682 3499 3737 nolite

1899 3783 2013 3837 ﬁeri
2047 3780 2275 3836 secundi
2307 3780 2400 3835 sed
2436 3779 2599 3847 primi
2632 3819 2647 3843 ,
2699 3778 2964 3831 habentes
3004 3773 3383 3831 secundarios.
3438 3773 3499 3828 Si

1898 3876 2067 3945 igitur
2101 3888 2208 3929 non
2251 3881 2337 3927 est
2365 3885 2592 3926 necesse
2638 3870 2907 3934 scribere,
2943 3868 3073 3938 quid
3110 3866 3285 3921 mittis
3317 3866 3342 3920 ?
3374 3866 3501 3921 Misi

1900 3979 2075 4023 autem
2102 3967 2334 4035 fratres,
2365 3980 2428 4017 ne
2457 3964 2512 4017 in
2536 3979 2596 4017 eo
2619 3964 2758 4033 quod
2786 3962 3085 4032 gloriamur
3105 3959 3169 4012 de
3197 3958 3503 4020 vobis,eva-

1896 4072 2082 4115 cuetur
2107 4062 2161 4113 in
2191 4058 2290 4111 hac
2313 4065 2463 4125 parte
2485 4070 2506 4121 ,'
2537 4064 2616 4118 ut,
2639 4052 3088 4124 quemadmodum
3114 4051 3378 4118 dixeram,
3405 4067 3503 4120 pa-

1899 4155 2003 4209 rati
2028 4154 2141 4207 sitis
2162 4152 2229 4204 “.
2261 4150 2517 4205 Duhietas
2564 4149 2710 4203 enim
2744 4164 2759 4201 :
2790 4144 2894 4213 Ne,
2931 4147 2975 4199 si
2998 4146 3235 4199 venerint
3260 4184 3275 4208 ,
3303 4144 3502 4213 inquit,

1900 4264 2102 4303 mecum
2128 4243 2467 4309 Macedones,
2495 4254 2541 4297 et
2576 4244 2868 4297 invenerint
2901 4256 2992 4294 vos
3026 4241 3341 4308 imparatos,
3367 4254 3501 4292 con-

1904 4340 2193 4409 fundamur
2240 4353 2333 4391 nos
2360 4353 2378 4401 ;
2411 4336 2685 4405 quomodo
2720 4348 2820 4387 nos
2850 4334 2942 4403 qui
3000 4333 3167 4387 fuerit
3198 4330 3502 4401 gloriatus,

1901 4445 1994 4489 aut
2021 4435 2237 4490 dicatur
2264 4432 2337 4485 ita
2367 4441 2421 4485 ut
2449 4446 2554 4485 non
2581 4430 2824 4483 dicamus
2852 4443 2940 4481 vos
2976 4428 3032 4479 in
3065 4426 3363 4480 substantia
3396 4425 3504 4479 ista

205 4530 285 4587 lla
324 4541 381 4587 ει
428 4548 574 4588 nunc
602 4534 696 4588 liat
744 4534 1027 4605 aequalitas
1065 4552 1131 4590 cx
1164 4550 1359 4590 manna
1388 4536 1493 4591 isto
1531 4535 1653 4591 ﬁdei
1691 4556 1704 4590 ;
1741 4544 1798 4592 et
1829 4557 1874 4613 Β
1903 4526 2318 4599 gloriﬁcationis
2374 4524 2521 4579 dico.
2580 4520 2959 4575 Necessarium
3012 4535 3137 4586 ergo
3204 4518 3504 4572 existimavi

206 4623 409 4693 quibus
456 4625 734 4679 abundant
783 4640 914 4694 opes
945 4667 960 4690 ,
994 4626 1217 4679 mittant
1248 4626 1333 4681 his
1362 4627 1451 4695 qui
1502 4626 1747 4695 indigent
1780 4642 1795 4679 :

208 4714 407 4785 quibus
430 4726 610 4769 autem
639 4719 885 4772 abundat
916 4721 1115 4788 gratia,
1142 4718 1551 4774 communicent
1588 4718 1672 4773 his
1706 4718 1800 4787 qni

208 4824 317 4864 non
339 4810 537 4865 habent
553 4813 800 4881 gratiam.
827 4810 1045 4867 Gratias
1062 4822 1237 4867 autem
1258 4812 1364 4867 Deo
1389 4814 1480 4883 qui
1506 4805 1650 4865 dedit
1666 4828 1804 4866 eam-

209 4907 329 4957 dem
365 4903 775 4959 sollicitudinem
815 4922 911 4974 pro
943 4908 1085 4961 vobis
1123 4911 1175 4962 in
1206 4910 1362 4962 corde
1401 4906 1509 4960 Titi
1541 4906 1585 4937 “
1624 4924 1636 4958 :
1669 4922 1803 4971 quoa

210 4998 356 5050 niam
392 4997 806 5052 exhortationem
832 5000 1043 5070 quidem
1088 5001 1316 5069 suscepit
1340 5016 1359 5065 ;
1387 5000 1477 5054 sed
1507 5015 1624 5053 cum
1651 4992 1799 5052 solt!-

210 5088 372 5142 ritior
397 5101 528 5144 esset
568 5091 633 5144 de
668 5092 813 5146 vobis
835 5132 849 5157 ,
899 5093 1039 5146 ultro
1087 5094 1356 5163 profectus
1395 5107 1470 5146 est
1525 5092 1592 5143 ad
1624 5108 1711 5144 vos
1735 5090 1800 5143 ⁸⁸.

212 5177 407 5235 Omnia
448 5180 611 5245 ultro,
668 5181 993 5237 Macedones
1024 5183 1188 5249 ultro,
1221 5182 1376 5238 Titus
1412 5182 1575 5236 ultro.
1624 5178 1806 5235 ΕΠἱεὶ-

213 5271 372 5339 mini,
422 5271 620 5342 inquit,
650 5283 707 5330 et
743 5289 840 5330 vos
869 5274 1034 5330 ultro.
1075 5275 1208 5332 Post
1234 5277 1351 5332 htec
1375 5285 1557 5331 autem
1591 5274 1723 5329 dicit
1748 5282 1804 5329 et

213 5379 376 5431 quem
402 5380 526 5420 cum
573 5366 764 5422 eodem
800 5368 1035 5431 miserit,
1076 5378 1130 5425 et
1162 5367 1389 5425 laudans
1412 5384 1509 5424 eos
1557 5368 1805 5423 testimo-

215 5457 325 5510 niis
356 5462 744 5518 commendans
767 5480 907 5535 quos
940 5465 1187 5528 miserat,
1214 5465 1362 5520 addit
1396 5479 1411 5519 ε
1443 5463 1513 5517 In
1546 5464 1645 5516 hac
1680 5476 1806 5531 gra-

215 5551 295 5603 tia
327 5552 666 5609 ministratur
688 5575 781 5625 per
815 5575 910 5615 nos
940 5562 995 5615 in
1039 5561 1267 5633 gloriam
1290 5558 1413 5627 Dei,
1455 5568 1505 5613 et
1539 5556 1806 5612 sollicitu-

293 5768 339 5797 ι’
363 5764 695 5829 llCor.vm,
728 5767 815 5831 13,
851 5767 933 5822 ll.
1012 5766 1057 5798 ”
1100 5766 1229 5821 ibid.
1256 5764 1348 5821 2'2.
1454 5762 1499 5795 “
1533 5763 1661 5817 ibid.
1696 5762 1781 5818 15.

223 5836 271 5871 ⁸³
300 5838 431 5895 rhid.
467 5837 551 5892 Η.
630 5840 674 5871 ⁷ο
706 5837 747 5894 ll
798 5840 923 5897 Cor.
962 5853 1043 5907 ts,
1075 5836 1209 5908 l,2.
1284 5837 1329 5871 ἰ
1356 5835 1487 5895 ibid.
1533 5836 1586 5891 ἆ.

1906 4637 2095 4691 rogare
2120 4619 2311 4687 fratres
2336 4627 2391 4670 ut
2419 4627 2637 4685 pergant
2674 4614 2743 4667 ad
2771 4629 2882 4682 vos,
2936 4622 2983 4666 et
3030 4618 3331 4681 prteparent
3378 4618 3505 4662 ante

1907 4715 2223 4787 promissam
2282 4709 2695 4765 benedictionem
2754 4722 2859 4759 non
2908 4705 3061 4774 quasi
3119 4703 3401 4756 avaritiam
3432 4701 3502 4754 ⁷³.

1910 4809 2013 4876 Qui
2049 4807 2195 4864 enim
2233 4806 2349 4869 dat,
2392 4803 2591 4871 accipit
2620 4800 2829 4871 magis;
2865 4808 2917 4854 et
2963 4797 3055 4866 qui
3082 4796 3301 4850 videtur
3334 4794 3508 4849 dona-

1908 4918 1992 4968 re,
2025 4899 2388 4956 bencdicitur.
2418 4894 2787 4965 Pneparatam
2821 4901 3005 4945 autem
3031 4904 3173 4950 esse,
3208 4887 3407 4957 inquit,
3429 4887 3507 4941 ita
3584 4912 3589 4917 -

1908 5004 1968 5051 ut
1992 4992 2428 5050 benedictionem
2459 5005 2565 5045 non
2596 4988 2754 5058 quasi
2802 4986 3113 5039 avaritiam.
3142 4980 3221 5036 Ne
3257 4982 3381 5051 quis
3407 4994 3508 5049 pu-

1911 5095 2007 5155 tet,
2041 5087 2139 5151 ait,
2170 5084 2453 5139 avaritiam
2481 5096 2603 5137 esse
2626 5080 2766 5150 quod
2790 5079 3057 5148 accipitur
3096 5077 3162 5132 ad
3190 5075 3499 5130 necessita-

1916 5190 2024 5235 tem
2058 5187 2394 5233 sanctorum.
2427 5173 2545 5228 Hoc
2574 5184 2753 5228 autem
2784 5172 2904 5225 dico
2938 5170 3191 5241 quoniam
3215 5170 3304 5240 qui
3350 5182 3508 5237 parce

1915 5273 2161 5336 seminat,
2196 5285 2355 5339 parce
2378 5278 2428 5322 et
2447 5277 2644 5323 metet:
2682 5266 2773 5331 qui
2806 5265 3029 5319 seminat
3061 5261 3502 5320 benedictionem,

1914 5365 2325 5420 benedictionem
2365 5371 2413 5416 et
2446 5370 2622 5415 metet.
2654 5358 3026 5428 Unusquisque
3063 5357 3201 5410 sicut
3233 5353 3509 5423 proposuit

1917 5459 2075 5513 corde
2106 5456 2271 5527 faciat
2295 5454 2365 5509 ⁷³.
2420 5452 2537 5508 Non
2566 5453 2713 5508 enim
2743 5453 2917 5506 virtus
2965 5465 3102 5519 opus
3126 5458 3241 5514 est,
3270 5446 3365 5500 sed
3396 5444 3513 5499 aui-

1921 5567 2041 5608 mus
2097 5557 2405 5621 promptus.
2462 5544 2933 5613 Quemadmodum
2989 5557 3119 5613 ergo
3166 5541 3328 5596 debet
3386 5537 3513 5607 quis

1891 5761 2096 5817 “ibid.
2139 5760 2225 5816 l6.
2335 5761 2379 5791 εε
2422 5756 2664 5815 ibid.l7.
2742 5753 2945 5810 "ibid.
2986 5750 3066 5807 19.
3179 5746 3381 5805 "ibid.
3417 5746 3511 5802 Ξί-

1666 5837 1707 5867 "
1730 5832 1862 5891 ibid.
1898 5834 1953 5890 5.
2032 5833 2078 5865 "
2110 5832 2243 5890 ibid.
2275 5830 2329 5887 G.
