4090 6426
581 376 1178 387 --σ-ρῄ-ῇ-,ι-
1191 377 1213 384 .-

205 375 3480 431 W

1195 565 2515 740 ΕΥΣΕΒΙΟΥ

1400 866 1628 953 ΤΟΥ
1682 863 2286 952 ΠΑΜΦΙΛΟΥ

813 1065 1124 1194 ΕΙΣ
1235 1061 1768 1196 ΤΟΥΣ

1873 1058 2874 1198 ΨΑΛΜΟΥΣ

1514 1293 1652 1346 ΑΠΟ
1689 1293 1814 1347 ΡΙΘ¹
1854 1294 1980 1348 ΕΩΣ
2016 1295 2144 1349 PN.

953 1639 1712 1800 EUSEBII
1797 1639 2723 1798 PAMPHILI

555 1932 2075 2066 COMMENTARIORUM
2156 1939 2318 2063 IN
2399 1935 3124 2070 PSALMOS

1587 2195 1625 2233 Α
1671 2193 1828 2235 CXIX
1872 2193 1955 2235 ΔΙ)
1999 2193 2074 2235 Cl.

811 2337 1210 2411 RELIQUIIE
1251 2337 1783 2401 SUPERSTITES
1825 2338 1909 2399 ΙΝ
1953 2339 2372 2402 CODICIBUS
2417 2339 2869 2408 VATICANIS.

359 2501 471 2576 (Ex
500 2501 834 2558 Bibliotheca
859 2518 989 2557 noua
1016 2499 1242 2556 Patrum
1281 2498 1578 2557 cardinalis
1611 2499 1818 2572 Angelo
1862 2500 1992 2569 Mn,
2023 2512 2062 2556 t.
2109 2502 2198 2569 IV,
2241 2518 2295 2574 p.
2331 2503 2420 2559 67.
2450 2503 2580 2578 Ejus
2609 2506 2986 2577 pretationem
3024 2513 3294 2584 superiori

1539 2605 1685 2651 torno
1713 2598 2126 2668 prtemisimus.)

748 2889 1037 2946 ΨΔΛΜΟΣ
1075 2891 1224 2947 ΡΙΘ.

641 2981 781 3053 ᾯδὴ
811 2981 928 3036 τῶν
959 2982 1340 3053 ἀναϐαθμῶν.

256 3077 317 3130 υί
347 3075 762 3140 καταπεσόντες
793 3076 902 3130 ἀπὸ
946 3075 1055 3129 τῶν
1097 3075 1192 3129 τοῦ
1237 3075 1374 3129 Θεοῦ
1410 3074 1613 3139 καλῶν,
1643 3077 1778 3130 ἀνα-

191 3167 462 3223 ϐαίνουσιν
495 3168 590 3222 ἐπὶ
615 3166 808 3232 ταῦτα,
843 3167 1366 3239 παρασκευάσαντες
1399 3168 1479 3230 είς
1511 3168 1611 3238 τὴν
1645 3169 1780 3222 ἀνά-

191 3261 342 3317 εισιν
369 3261 598 3325 ἑαυτούς
615 3278 629 3292 ·
657 3261 754 3332 τὴν
781 3257 874 3315 οὖν
897 3260 1252 3333 παρασκευὴν
1279 3259 1479 3323 ίκανῶς
1507 3258 1782 3324 ἐπιδείξας

192 3353 224 3406 6
257 3355 570 3427 Ψαλμῳδὸς
616 3354 706 3407 διὰ
757 3351 854 3405 τοῦ
906 3351 1123 3424 πρώτου
1173 3349 1392 3421 ψαλμοῦ
1439 3351 1648 3420 εἰσάγει
1680 3351 1780 3422 τὴν

192 3447 452 3502 ἀνάδασιν
477 3447 579 3518 τὴν
607 3445 698 3500 διὰ
729 3445 836 3500 τῶν
862 3444 1112 3515 θλίψεων.

629 3629 770 3686 Ἀπὸ
808 3629 1096 3699 γλώσσης
1121 3627 1350 3696 Gallae.

264 3723 552 3778 Τωτέστιν
599 3722 708 3776 ἀπὸ
759 3722 941 3793 πάσης
989 3719 1335 3793 ψευδοδοξίας
1391 3717 1488 3773 καὶ
1529 3717 1777 3790 ἀπάτης⁶

194 3816 360 3884 δεῖται
421 3815 534 3888 γὰρ
584 3816 614 3867 ὁ
661 3816 720 3868 ὲν
751 3814 892 3885 ἀρχῇ
953 3814 1241 3885 προκοπῆς
1288 3811 1574 3882 τυγχάνων
1631 3812 1781 3875 ὅπως

200 3907 380 3978 μηδεὶς
412 3906 578 3963 αὑτὸν
613 3905 1050 3978 παραλογίζηται
1083 3906 1142 3959 ὲν
1179 3903 1548 3976 πιθανολογίᾳ.

620 4090 682 4144 Τί
718 4088 923 4157 δοθείη
962 4101 1102 4150 a’oc;
1129 4105 1183 4142 κ.
1216 4104 1268 4141 τ.
1300 4086 1352 4144 λ.

279 4185 610 4248 Ἐπακούσας
643 4186 672 4238 ὁ
695 4183 866 4252 Λόγος
894 4182 989 4236 τοῦ
1023 4181 1488 4254 προσευξαμένου,
1517 4180 1664 4236 κατὰ
1693 4179 1776 4246 τὸ,

196 4277 323 4331 Ἔτι
365 4275 708 4341 λαλοῦντός
756 4291 894 4338 σου,
942 4273 1073 4328 ἰδοὺ
1124 4269 1380 4344 πάρειμι,
1421 4273 1778 4347 ἀποκρίνεται

194 4369 341 4440 αὐτῷ
376 4369 468 4423 καί
499 4385 634 4438 φησι
653 4385 667 4398 ο
697 4366 920 4438 Θάρσει,
948 4358 994 4418 ὦ
1031 4356 1208 4429 οὗτος,
1243 4363 1399 4429 εἰδὼς
1419 4365 1502 4418 ὅτι
1538 4362 1780 4436 προστά-

192 4479 297 4533 την
318 4465 408 4517 καὶ
435 4464 757 4534 ὑπὲρμαχον
807 4461 949 4531 ἔχεις
989 4458 1243 4523 δυνατὸν,
1275 4459 1462 4524 ὅπλοις
1492 4458 1778 4531 χρώμενον

194 4554 331 4627 ὑπὲρ
358 4555 450 4609 σοῦ
478 4555 623 4608 κατὰ
654 4553 761 4607 τῶν
789 4553 898 4606 σῶν
931 4551 1208 4622 πολεμίων
1231 4569 1243 4582 ο
1277 4551 1404 4623 βέλη
1431 4569 1492 4605 τε
1515 4552 1626 4623 γὰρ
1648 4550 1777 4620 ἡκό-

191 4664 354 4716 νησεν
381 4650 496 4702 κατ’
523 4646 704 4700 αὐτῶν
725 4686 738 4709 ,
786 4645 881 4698 καὶ
924 4643 1202 4714 ἄνθρακας
1231 4645 1528 4714 ἡτοίμασεν
1573 4645 1777 4715 ἐρημο-

198 4742 379 4804 ποιοὺς
423 4742 502 4804 είς
546 4741 769 4803 αὐτοὺς,
819 4737 1200 4808 μετελεύσεται
1254 4739 1311 4790 ὲν
1344 4739 1465 4801 ταῖς
1510 4739 1633 4791 κατ’
1684 4737 1780 4789 αὺ-

196 4829 312 4882 τῶν
338 4830 652 4901 τιμωρίαις’
685 4829 738 4881 τί
779 4823 873 4881 οὖν
912 4827 1078 4880 πλέον
1113 4827 1282 4889 αἰτεῖς
1321 4824 1540 4896 δοθῆναί
1587 4841 1705 4888 σοι;
1742 4825 1775 4894 ἢ

196 4921 248 4974 τί
275 4921 429 4994 Θέλῃς
456 4921 809 4992 προστιθέναι
845 4937 925 4972 σοι
958 4917 1099 4990 μετὰ
1125 4917 1224 4987 τὴν
1251 4916 1520 4987 τοσαύτην
1555 4915 1650 4969 τοῦ
1680 4920 1779 4969 Δυ-

195 5012 361 5068 mox?
392 5014 527 5067 κατὰ
555 5012 664 5065 τῶν
691 5011 902 5065 ἀσεϐῶν
931 5009 1326 5081 παρασκευήν;

429 5104 588 5158 Μετὰ
611 5101 730 5156 τῶν
766 5101 1176 5171 σκηνωμάτων
1201 5098 1401 5169 Κηδάρ

261 5195 450 5265 Κηὸἁρ
479 5196 650 5264 πάγος
681 5195 876 5261 γενεᾶς
889 5194 1113 5247 δύναται
1132 5201 1226 5245 καί⁸
1251 5191 1592 5262 σκοτασμός·
1616 5191 1770 5244 Κατ-

185 5289 471 5356 εσκήνωσα
497 5283 608 5351 οὖν,
645 5287 800 5356 φησι,
834 5286 970 5356 μετὰ
997 5284 1108 5338 τῶν
1137 5285 1510 5355 σκηνωμάτων
1529 5282 1623 5335 τοῦ
1642 5299 1768 5334 σκο-

183 5377 418 5448 τασμοῦ,
452 5380 586 5449 ὅπερ
618 5380 734 5431 ἐστὶ
759 5376 854 5430 τοῦ
890 5376 1142 5445 σώματος
1171 5374 1265 5427 τοῦ
1306 5374 1536 5428 θανάτου
1556 5392 1570 5404 ·
1615 5374 1765 5444 καὶὴ

179 5470 332 5540 ψυχή
373 5488 463 5539 μου
493 5472 655 5542 αὐτὴ,
687 5471 846 5540 φησι,
884 5470 1052 5522 πολλὰ
1084 5467 1371 5531 πλεονάκις
1412 5467 1761 5541 παρῴκησεν.

255 5584 270 5611 ⁸
306 5581 412 5635 lsa.
445 5599 593 5647 um,
638 5584 672 5637 9

1811 2898 1858 2953 Δ

2408 2893 2732 2952 PSALMUS
2769 2894 2958 2954 CXIX.

2244 2987 2408 3045 Vnus.
2443 2989 2494 3043 l.
2523 2989 2803 3044 Canticum
2835 2990 3118 3060 graduum.

1957 3079 2062 3147 Qui
2097 3095 2126 3133 a
2157 3077 2251 3135 Del
2285 3083 2443 3137 bonis
2468 3082 2814 3147 exciderunt,
2840 3085 2907 3136 ad
2936 3083 3052 3139 hcc
3084 3084 3264 3142 denuo
3288 3099 3472 3142 aunr-

1882 3184 2038 3245 βοτη,
2097 3174 2142 3230 si
2195 3175 2261 3228 ad
2315 3175 2626 3246 bujusmodi
2685 3177 3059 3232 ascensionem
3110 3185 3282 3234 semet
3316 3193 3468 3235 com-

1882 3269 2222 3336 paraverint.
2297 3267 2449 3323 Hanc
2511 3284 2641 3340 ergo
2710 3269 3165 3339 praeparationem
3237 3285 3351 3340 prae
3411 3287 3472 3328 se

1885 3358 2070 3415 ferens
2127 3358 2453 3426 Psalmista,
2526 3363 2704 3433 primo
2771 3361 2875 3417 hoc
2935 3364 3202 3432 graduum
3260 3363 3473 3434 psalmo

1883 3451 2298 3515 ascensionem,
2373 3467 2494 3524 quae
2571 3468 2670 3523 per
2735 3453 3150 3510 tribulationem
3195 3451 3300 3520 ﬁt,
3367 3469 3469 3509 ex-

1883 3543 2056 3613 ponit.

2269 3631 2436 3687 Vztts.
2472 3631 2528 3686 Ξ.
2579 3634 2624 3688 Α
2660 3633 2842 3705 lingua
2869 3635 3079 3690 dolosa.

1953 3724 2009 3779 ιιι
2065 3735 2150 3782 est
2200 3724 2270 3779 ab
2320 3726 2469 3781 omni
2520 3725 2699 3782 fallaci
2745 3728 3015 3784 sententia
3041 3736 3098 3782 et
3123 3727 3465 3797 deceptione.

1883 3817 2112 3888 Oportet
2164 3816 2307 3872 enim
2367 3835 2492 3874 eum
2559 3821 2650 3888 qui
2716 3820 2932 3876 initium
2993 3819 3316 3890 proﬁciendi
3385 3819 3469 3873 fa-

1882 3911 2000 3977 cit,
2053 3925 2085 3965 a
2130 3910 2353 3966 nemine
2405 3910 2556 3966 falsis
2620 3911 3062 3982 persuasionibus
3113 3912 3166 3965 in
3220 3925 3465 3967 errorem

1882 4002 2097 4059 abduci.

2205 4092 2370 4147 Vnus.
2403 4093 2455 4147 5.
2503 4092 2643 4159 Quid
2676 4093 2832 4146 detur
2866 4092 3008 4147 tibi?
3034 4101 3145 4148 etc.

1952 4181 2155 4236 Audito
2175 4191 2369 4237 orante
2384 4182 2548 4246 Deus,
2565 4182 2730 4237 veluti
2751 4182 2905 4244 illud,
2920 4181 3104 4236 Adhuc
3128 4191 3176 4236 te
3202 4181 3465 4252 loquente,

1881 4291 1998 4330 ecce
2049 4276 2238 4330 adsum
2268 4275 2284 4306 ¹
2310 4317 2324 4340 ,
2358 4275 2656 4344 respondet
2679 4276 2751 4338 ei,
2790 4275 3029 4345 dicitque
3063 4295 3075 4330 :
3115 4276 3292 4333 Macte
3339 4277 3465 4332 ani-

1876 4383 1988 4433 mo,
2021 4382 2055 4422 o
2095 4367 2290 4431 homo;
2339 4369 2483 4422 nosti
2516 4367 2664 4422 enim
2708 4367 2946 4423 validum
2997 4377 3048 4424 te
3097 4379 3466 4438 protectorem

1875 4457 2324 4526 defensoremque
2353 4458 2576 4526 habere,
2611 4460 2779 4514 armis
2818 4475 2915 4527 pro
2944 4469 2996 4514 te
3043 4461 3309 4518 adversus
3359 4461 3465 4516 ho-

1874 4559 1986 4604 stes
2012 4549 2384 4604 decertantem
2413 4567 2428 4604 :
2471 4564 2596 4606 nam
2645 4551 2874 4620 sagittas
2899 4562 3086 4606 contra
3117 4554 3262 4621 ipsos
3295 4553 3464 4620 acuit,

1875 4641 2235 4696 desolatorios
2262 4642 2533 4696 carbones
2562 4642 2822 4698 adversus
2850 4657 2946 4697 eos
2983 4645 3232 4713 paravit,
3276 4654 3330 4698 et
3374 4643 3463 4698 in-

1877 4738 2118 4786 structus
2155 4731 2438 4800 suppliciis
2469 4744 2732 4789 venturus
2764 4743 2870 4790 est.
2895 4732 3035 4801 Quid
3079 4749 3209 4803 ergo
3243 4734 3465 4802 insuper

1879 4818 1974 4875 tibi
2018 4821 2136 4876 dari
2188 4821 2469 4891 postulas?
2519 4823 2606 4878 vel
2649 4824 2910 4894 quidnam
2968 4824 3063 4879 tibi
3125 4825 3246 4880 addi
3299 4824 3459 4890 velis,

1877 4918 1998 4977 post
2058 4920 2270 4968 tantum
2323 4914 2565 4981 potentis
2619 4911 2712 4968 Dei
2755 4923 2950 4968 contra
3001 4914 3198 4984 impios
3226 4929 3462 4986 appara-

1880 5009 1993 5056 tum
2017 5002 2041 5056 ?

2167 5095 2330 5150 Vens.
2359 5095 2412 5148 5.
2441 5094 2573 5148 Cum
2600 5096 2957 5151 tabernaculis
2983 5096 3173 5153 Cedar.

1951 5183 2126 5241 Cedar
2146 5188 2268 5256 gelu
2299 5189 2669 5256 generationis
2695 5197 2748 5244 et
2771 5188 3128 5244 obscuritatis
3159 5186 3459 5258 signiﬁcat.

1879 5271 2133 5331 Habitavi
2163 5279 2368 5347 itaque,
2400 5280 2494 5342 ait,
2523 5283 2573 5332 in
2604 5279 2969 5335 tabernaculis
2996 5281 3376 5342 obscuritatis.
3398 5279 3462 5336 id

1879 5379 1962 5422 est
1993 5370 2044 5424 in
2086 5372 2299 5424 mortali
2332 5386 2565 5440 corpore
2596 5389 2609 5424 :
2643 5386 2701 5428 et
2730 5375 2916 5428 anima
2957 5388 3076 5428 mea
3131 5374 3249 5444 ipsa
3290 5387 3456 5441 saepe,

1879 5461 2073 5532 inquit,
2105 5465 2303 5534 diuque
2330 5466 2505 5520 incola
2547 5467 2668 5522 fuit.

249 5698 334 5771 (Ι)
379 5699 533 5758 Recte
570 5702 699 5757 cod.
735 5701 801 5757 C.
838 5703 1210 5758 tantummodo
1256 5704 1376 5760 sic:
1436 5704 1495 5754 '0
1533 5701 1776 5763 Eum-£6th

1879 5699 2010 5770 ηδὰρ
2040 5700 2400 5772 ἑρμηνεύεται
2438 5700 2792 5767 σκοτασμόν
2831 5698 2882 5769 (:t
2909 5696 3060 5766 Tm).

548 5801 821 5861 Ριτιιοι..
858 5799 976 5860 Gn.
1023 5799 1257 5862 XXIV.

3112 5796 3141 5853 1
