4090 6474
691 416 760 473 {5
1385 408 1651 466 EUSEBII
1689 409 2153 467 CESARIENSIS
2191 411 2338 466 OPP.
2376 410 2558 469 PARS
2593 412 2682 469 Ill.
2719 444 2789 455 —
2826 412 3235 471 EXEGETICA.
3851 422 3907 476 l6

690 535 999 589 concinens.
1024 530 1195 587 Porro
1220 533 1292 586 ita
1323 533 1564 587 seniores
1583 532 1776 587 docent
1797 533 2214 587 adolescentulo:

2318 586 2322 595 ,
2350 533 2503 598 νέους
2526 536 2577 587 οί
2616 536 3001 606 γεγηρακότες,
3042 538 3135 589 καὶ
3166 537 3216 588 οἱ
3250 535 3488 606 μαθηταί⁵
3515 537 3902 591 ὑπακούουσιν

687 627 777 693 qui
819 624 1204 694 discipulorum
1237 623 1407 678 inStar
1438 625 1763 678 auscultant.
1806 623 1988 679 lsraeli
2037 635 2214 679 autem

2359 623 2573 695 Ἰσραὴλ
2609 625 2666 677 δὲ
2698 625 2791 678 τοῦ
2844 626 3057 696 ἔχοντος
3094 628 3152 679 ἐν
3192 628 3368 697 ἐαυτῷ
3408 627 3499 680 τὸν
3533 627 3685 689 θεὸν.
3720 630 3783 682 τὸ
3824 630 3905 683 δύ-

689 721 852 773 Dcum
900 718 1037 771 intra
1091 732 1150 771 se
1196 714 1514 785 possidenti,
1554 715 1733 769 dicere
1786 715 2079 786 congruit:
2120 714 2214 769 Nis

2343 712 2533 765 νασθαι
2557 712 2752 782 λέγειν’
2770 716 2839 767 El
2859 714 2945 783 μὴ
2974 714 3061 767 ὅτι
3087 716 3300 783 Κύριος
3325 713 3403 786 ἦν
3428 717 3498 770 ἐν
3517 718 3679 787 ἡμῖν.
3726 719 3906 773 Τοιοῦ-

684 809 941 862 Dominus
1014 808 1199 876 [uisset
1259 807 1313 859 in
1372 806 1540 861 nobis.
1610 804 1925 876 Hujusmodi
1974 815 2093 861 erat
2141 807 2214 861 sul

2339 818 2431 865 τος
2458 799 2526 872 ἦν
2559 806 2587 855 6
2625 804 2729 857 ὑπὸ
2772 806 3050 869 Μωῦσέως
3086 806 3377 875 γενόμενος
3434 806 3667 880 Ἰσραὴλ,
3708 802 3753 877 ᾧ
3800 810 3907 865 ἐλέ-

684 901 868 969 Moyse
943 898 1151 963 Israel,
1217 897 1301 951 cui
1372 898 1704 951 dicebatur:
1761 896 1893 963 Sile,
1944 907 1993 951 et
2062 898 2187 951 audi

2340 910 2464 962 γετο
2482 910 2495 923 ’
2527 894 2743 959 Σιώπα,
2767 897 2865 948 καὶ
2893 896 3095 959 ἄκουε,
3137 896 3404 964 Ἰσραήλ·
3436 899 3535 951 καί
3561 900 3779 967 Κύριος
3805 914 3906 953 πο-

684 989 876 1044 Israel.
925 990 1178 1046 Dominus
1237 1005 1330 1058 pro
1377 991 1518 1043 vobis
1567 991 1852 1061 pugnabit,
1891 1002 1937 1044 et
1994 1007 2077 1043 ws
2117 990 2214 1043 site

2338 981 2587 1053 λεμήσει
2619 984 2771 1051 ὑπὲρ
2796 984 2984 1054 ὑμῶν,
3021 983 3120 1039 καὶ
3149 985 3317 1055 ὑμεῖς
3348 981 3700 1056 σιῨήσεονθε.

684 1084 806 1136 bitis
839 1083 879 1134 ‘.

858 1174 1016 1229 Vens.
1043 1173 1098 1226 '5.
1132 1170 1381 1228 Fortasse
1406 1174 1544 1228 vivos
1566 1226 1567 1231 η
1589 1172 1926 1243 deglutissent
1954 1190 2067 1229 nos.

2622 1166 2761 1233 Ἄρα
2792 1162 3011 1230 ζῶντας
3036 1166 3113 1219 ἃν
3134 1166 3419 1219 κατέπιεν
3448 1165 3625 1235 ἡμᾶς.

2406 1253 2514 1306 Καὶ
2565 1255 2593 1305 6
2632 1255 3014 1325 περιστατικὸς
3054 1255 3111 1308 δὲ
3158 1254 3366 1327 καιρὸς,
3419 1258 3467 1308 εί
3511 1256 3606 1309 καὶ
3658 1254 3902 1329 σφοδρὸς,

2335 1346 2471 1399 ἀλλὰ
2500 1347 2798 1419 χειμάρρου
2832 1346 2985 1419 δίκην
3022 1349 3398 1419 ὀλιγοχρόνιος.

956 1442 1114 1497 Vens.
1147 1442 1196 1497 6.
1230 1442 1542 1497 Benedictus
1568 1442 1843 1509 Dominus,
1881 1452 1987 1501 etc.

2692 1439 3035 1508 Εὐλογητὸς
3061 1441 3295 1507 Κύριος,
3334 1457 3389 1495 κ.
3416 1457 3467 1493 τ.
3501 1440 3549 1493 λ.

747 1536 919 1603 Quem
945 1552 1075 1590 vero
1101 1536 1320 1590 laudare
1346 1537 1670 1605 hymnisque
1702 1538 1983 1593 celebrare
2023 1545 2214 1606 operte

2405 1527 2513 1579 Kal
2532 1529 2651 1581 τίνα
2681 1530 2923 1598 εὐλογεῖν
2958 1532 3050 1584 καὶ
3077 1532 3263 1601 ὑμνεῖν
3296 1531 3404 1583 ἔδει
3443 1532 3537 1584 ἐπὶ
3558 1531 3635 1602 τῷ
3662 1534 3736 1604 μὴ
3765 1533 3902 1588 ἀλῶ-

675 1627 788 1691 bat,
814 1635 1097 1697 propterea
1148 1626 1286 1691 quod
1309 1627 1500 1693 praeda:
1522 1642 1627 1681 non
1654 1625 1913 1683 fuerimus
1926 1628 2214 1684 hominibm

2332 1635 2418 1672 ναι
2454 1623 2567 1684 τοῖς
2627 1621 2972 1692 βουλομένοις
3019 1621 3226 1687 ζῶντας
3264 1627 3552 1677 καταπιεῖν
3600 1626 3748 1695 ἡμᾶς
3806 1628 3899 1681 ἀν-

675 1724 764 1789 qui
801 1722 1068 1789 dcglutire
1094 1735 1190 1773 nos
1214 1718 1489 1782 volebant,
1522 1719 1625 1773 nisi
1662 1719 1942 1774 Dominum
1969 1720 2059 1790 qui
2092 1736 2214 1789 aput

2332 1709 2589 1780 θρώποις,
2620 1713 2652 1782 ἢ
2683 1714 2771 1766 τὺν
2815 1714 3015 1785 Κύριον
3046 1715 3136 1767 τὸν
3164 1714 3291 1767 ὄντα
3316 1717 3373 1769 ὲν
3406 1717 3569 1787 ήμῖν;
3606 1718 3667 1769 Ol
3708 1716 3801 1769 ἐπὶ
3842 1718 3902 1771 τὸ

676 1825 775 1864 nos
808 1810 935 1865 est?
971 1809 1162 1879 Utique
1190 1807 1263 1862 illi
1294 1808 1361 1861 ad
1398 1817 1679 1877 capturam
1713 1821 1949 1864 nostram
1989 1823 2214 1866 ruentes,

2331 1800 2591 1873 θηρεῦσαι
2620 1803 2765 1872 ἡμᾶς
2793 1804 3155 1874 ὁρμήσαντες,
3188 1806 3273 1858 ἵνα
3310 1808 3697 1875 καταφάγωσιν
3731 1807 3897 1876 ἡμᾶς,

673 1910 730 1951 ιιι
759 1915 856 1953 nos
881 1898 1223 1960 devorarent,
1264 1896 1488 1951 consilia
1540 1911 1638 1951 sua
1690 1898 1917 1967 exsequi
1960 1899 2099 1951 haud
2137 1915 2214 1967 po

2328 1863 2417 1943 οὐ..
2429 1863 2758 1961 δεδύνηνται-
2770 1863 2845 1956 is;
2863 1863 3152 1947 ἓέπωδοῖ
3176 1896 3436 1949 διαθεῖναι
3454 1863 3475 1926 ο.
3510 1863 3900 1969 ἐξηγριωμένοι

676 1995 914 2042 luerunt.
964 1984 1284 2052 Exasperati
1333 1984 1476 2037 enim
1529 1986 1734 2039 crudeli
1782 1989 1963 2043 animo
2019 1989 2214 2054 leones,

2330 1984 2436 2055 γὰρ
2468 1986 2516 2036 οί
2540 1984 2819 2055 ῶμόθυμοι
2859 1985 3068 2049 λέοντες
3094 1990 3209 2050 τοῖς
3237 1987 3449 2040 ὀδοῦσιν
3485 1987 3663 2041 αὐτῶν
3701 1987 3898 2059 θηρεῦ-

670 2078 924 2132 dentibus
951 2078 1062 2131 suis
1089 2091 1185 2131 nos
1215 2090 1409 2145 capere
1438 2074 1705 2139 avebant;
1735 2077 1827 2131 sed
1861 2088 2038 2132 tamen
2064 2094 2214 2145 δουρί

2329 2091 2418 2128 σαι
2454 2077 2597 2146 ἡμᾶς
2637 2076 2939 2146 ἑγλίχοντο⁸
2986 2077 3101 2130 ἀλλ’
3139 2079 3239 2131 οὐκ
3283 2078 3546 2149 ἐπέτυχον
3594 2078 3687 2131 τοῦ
3731 2096 3899 2133 σπου-

670 2182 771 2221 suo
801 2166 962 2237 potiri
994 2166 1371 2235 nequiverunt,
1403 2165 1544 2218 haud
1568 2180 1665 2218 nos
1696 2166 1801 2220 illis
1833 2167 2079 2222 tradente
2122 2169 2214 2221 Do.

2327 2167 2642 2237 δαζομένου,
2684 2168 2758 2239 μὴ
2798 2168 2978 2231 δόντος
3011 2170 3159 2238 ἡμᾶς
3199 2168 3294 2221 τοῦ
3329 2170 3533 2240 Κυρίου
3555 2186 3568 2198 ·
3594 2167 3654 2221 6v
3684 2171 3778 2222 καὶ
3806 2170 3898 2223 εὑ-

670 2260 816 2313 mino
847 2276 862 2313 :
892 2258 976 2312 cui
1006 2260 1168 2311 etiam
1197 2256 1586 2319 benedicimus,
1615 2257 1704 2325 qui
1736 2272 1833 2312 nos
1863 2272 1891 2310 a
1925 2258 2214 2316 l’urentihut

2328 2257 2588 2327 λογοῦμεν
2641 2259 2945 2328 ῥυσάμενον
2990 2260 3138 2329 ἡμᾶς
3182 2260 3289 2311 ἀπὸ
3333 2258 3441 2311 τῶν
3495 2259 3729 2327 φονικῶν
3777 2258 3899 2312 καθ’

669 2350 915 2404 hostibus
938 2347 1193 2400 liberavit.

2327 2347 2482 2418 ἡμῶν
2506 2348 2876 2402 διατεθέντων.

1149 2437 1466 2493 PSALMUS
1502 2435 1738 2492 CXXIV.

2854 2441 3145 2493 ΨΑΛΜΟΣ
3174 2442 3341 2493 ΡΚΔ’.

948 2530 1107 2585 Vens.
1138 2530 1191 2583 Ξ.
1229 2529 1429 2584 Montes
1460 2531 1515 2582 in
1555 2532 1778 2583 circuitu
1808 2532 1942 2599 ejus.

2801 2533 2940 2599 Ὀρη
2972 2533 3174 2595 κύκλῳ
3198 2532 3410 2601 αὐτῆς.

735 2622 857 2678 llazc
890 2622 1044 2677 aiunt
1074 2624 1162 2691 qui
1206 2623 1360 2692 longa
1396 2636 1614 2675 emensa
1653 2623 1735 2674 via
1779 2624 1851 2676 ad
1885 2622 2214 2677 materialem

2392 2622 2578 2678 Ταῦτά
2618 2640 2784 2693 φασιν
2829 2625 2877 2675 οί
2923 2622 3067 2693 μετά
3112 2624 3210 2694 τὴν
3247 2624 3466 2695 μακρὰν
3512 2624 3899 2689 ἐπανελθόντες

661 2714 958 2770 Jerusalem
1000 2714 1200 2768 reversi
1247 2722 1404 2777 sunt,
1456 2727 1549 2766 ceu
1594 2711 1706 2777 jam
1749 2712 1800 2765 in
1852 2721 1966 2767 tuto
2010 2713 2214 2767 consti-

2319 2713 2626 2784 ὁδοιπορίαν
2673 2716 2764 2767 ἐπὶ
2794 2713 2891 2786 τὴν
2932 2714 3199 2785 αἰσθητὴν
3257 2716 3633 2787 Ἰερουσαλὴμ,
3680 2717 3758 2781 ὡς
3790 2718 3897 2789 ἤδη

663 2808 784 2874 tuti,
820 2821 917 2861 nec
947 2814 1052 2859 tam
1076 2807 1193 2859 loco
1221 2819 1380 2874 quam
1410 2803 1602 2858 ﬁducia
1634 2818 1759 2874 erga
1792 2802 2080 2858 Dominum
2105 2804 2214 2858 ala-

2320 2803 2503 2857 λοιπὸν
2546 2806 2605 2856 ὲν
2637 2804 2905 2876 ἀσφαλείᾳ
2953 2806 3254 2875 γενόμενοι,
3284 2808 3346 2859 οὐ
3396 2807 3475 2878 τῷ
3516 2812 3687 2878 τόπῳ,
3725 2812 3791 2879 τῇ
3836 2809 3896 2863 δὲ

661 2912 819 2962 crcs;
852 2896 995 2965 quod
1020 2911 1147 2949 sane
1175 2895 1370 2949 melius
1399 2903 1479 2949 est
1508 2909 1670 2964 quam
1703 2895 1852 2948 urbis
1883 2893 2214 2950 Hierusalem

2321 2895 2641 2966 πποιθήσει
2686 2895 2780 2949 τοῦ
2823 2896 3028 2968 Κυρίου
3082 2895 3431 2967 θαῤῥοῦντες’
3479 2898 3611 2971 ὃδὴ
3647 2902 3896 2971 κρεῖττον

661 2990 944 3044 incolatus.
970 2986 1238 3040 Praeterea
1274 2986 1492 3039 ubinam
1532 2985 1723 3038 melius
1754 2999 1818 3039 se
1863 2985 2088 3040 haberet
2123 3001 2214 3055 po—

2318 2989 2411 3041 τοῦ
2438 2993 2711 3042 κατοικεῖν
2762 2990 3148 3062 Ἰερουσαλήμ·
3185 2992 3281 3044 καὶ
3316 2992 3439 3044 ἐπεὶ
3496 2992 3657 3046 τοῦτο
3675 2993 3753 3063 (3)
3788 2993 3895 3047 ποῦ

660 3079 854 3148 palus?
895 3078 1027 3131 Nam
1063 3077 1236 3132 locum
1263 3078 1478 3146 quidem
1504 3076 1873 3131 circumstare
1894 3088 2102 3133 montes
2130 3079 2214 3133 bic

2320 3080 2582 3149 κρείττων
2630 3077 2698 3152 ἦν
2739 3082 2767 3133 6
2812 3080 2971 3146 λαός;
3014 3082 3105 3134 τοῦ
3159 3083 3256 3153 μὲν
3303 3082 3469 3136 τόπου
3521 3083 3622 3155 ὅρη
3676 3083 3896 3153 λέγεται

748 1262 1085 1317 Calamitatis
1121 1272 1353 1331 tempus,
1378 1263 1623 1331 quamvis
1648 1264 1720 1317 sit
1749 1263 2059 1325 vehemens,
2091 1262 2235 1316 nihi-

681 1354 913 1407 lominus
943 1354 1203 1405 torrentis
1237 1354 1408 1408 instar
1450 1353 1613 1408 breve
1642 1362 1745 1406 est.

659 3173 948 3237 dicuntur;
998 3170 1176 3240 populi
1220 3178 1422 3234 autem,
1470 3171 1623 3236 cujus
1649 3184 1811 3224 causa
1849 3171 2015 3224 etiam
2062 3172 2213 3227 locus

657 3263 978 3325 honoratur,
1013 3278 1133 3317 vere
1161 3260 1307 3316 Deus
1336 3270 1419 3316 est
1461 3272 1664 3326 custos,
1693 3262 1961 3332 simulque
2009 3264 2135 3331 loci,
2166 3269 2210 3320 si

657 3358 816 3410 motio
845 3355 1067 3423 populus
1096 3355 1287 3422 dignus
1318 3352 1497 3407 fuerit.

760 3446 915 3499 Vsus.
949 3443 1001 3499 5.
1047 3444 1277 3523 Abducet
1317 3442 1570 3523 Dominus
1610 3459 1727 3497 cum
1779 3449 2117 3514 operantibus

1259 3522 1605 3581 iniquitatem.

732 3601 965 3658 Verbum
996 3603 1213 3655 abducet
1240 3602 1331 3656 bic
1362 3603 1631 3671 signiﬁcat
1666 3604 1871 3671 tradet;
1902 3620 2094 3676 nempe
2121 3610 2214 3663 al)-

656 3696 816 3749 ducet
843 3695 893 3747 in
928 3693 1322 3747 immunditiam
1348 3708 1506 3762 quam
1537 3694 1642 3748 sibi
1678 3695 1975 3762 elegerunt,
2006 3697 2060 3751 in
2089 3713 2215 3768 pas-

652 3790 833 3842 siones
875 3786 1183 3857 ignominiz
1217 3788 1608 3856 reprobamque
1648 3797 1914 3852 mentem,
1947 3798 2007 3843 ut
2052 3801 2216 3860 agatit

655 3898 772 3953 qua:
803 3884 1021 3937 minime
1047 3892 1279 3952 oportet.

1145 3973 1265 4027 PSA
1278 3974 1461 4030 ωιυδ
1508 3975 1719 4032 CXXV.

659 4063 817 4119 Vens.
849 4065 899 4117 l.
925 4062 1054 4116 Cum
1086 4076 1396 4117 converteret
1426 4064 1675 4119 Dominus
1698 4067 2046 4133 captivitatem
2064 4064 2210 4120 Sion.

723 4156 965 4226 Apostoli
997 4157 1364 4209 vaticinantur
1391 4157 1504 4209 lucc
1537 4158 1605 4209 de
1636 4172 1695 4211 se
1725 4157 1927 4216 diutum
1964 4157 2029 4210 iri
2059 4166 2109 4213 et
2148 4159 2215 4209 de

651 4250 937 4318 gentibus;
990 4248 1182 4302 deinde
1232 4263 1321 4301 res
1352 4256 1639 4301 eventuras
1694 4248 1886 4301 semini
1936 4257 1989 4301 et
2030 4246 2212 4301 messi.

652 4340 811 4395 Certe
832 4339 1062 4393 'Davidis
1097 4348 1339 4407 tempore
1366 4337 1507 4392 nulla
1541 4337 1829 4407 captivitas
1852 4336 1988 4404 fuit;
2020 4352 2213 4407 quam-

655 4433 842 4486 obrem
876 4432 941 4485 de
978 4429 1205 4499 spiritali
1246 4428 1479 4481 fortasse
1525 4442 1705 4482 sermo
1740 4436 1845 4480 est.
1890 4428 2042 4481 Alius
2073 4428 2215 4483 dicet

2318 3174 2529 3245 κύκλῳ·
2574 3175 2672 3229 τοῦ
2705 3175 2762 3227 δὲ
2802 3174 2953 3241 λαοῦ,
2986 3175 3052 3228 δι’
3086 3175 3144 3227 ὃν
3178 3178 3272 3229 καὶ
3309 3178 3338 3228 6
3376 3176 3539 3240 τόπος
3580 3177 3893 3247 τετίμηται,

2313 3263 2482 3329 ὅντως
2515 3268 2543 3319 6
2568 3266 2719 3330 Θεὸς,
2758 3266 2787 3319 6
2820 3268 2914 3319 καὶ
2944 3264 3036 3319 τὸν
3067 3263 3230 3319 τόπον
3259 3264 3563 3335 φυλάττων,
3612 3266 3701 3319 ὅτε
3740 3266 3893 3334 ἄξιος

2314 3357 2342 3407 6
2374 3356 2518 3419 λαός.

2328 3408 2566 3511 Ἀπάὲει
2619 3408 2832 3513 Κύριος
2902 3446 3054 3569 petra
3116 3445 3240 3568 ἷῶν
3304 3445 3708 3516 ἐργαζομένων
3774 3448 3899 3517 τὴν

2999 3532 3112 3569 νοιι
3137 3532 3235 3568 ar.

2999 3532 3235 3583 νομιαν.

2386 3606 2460 3659 Τὸ
2501 3605 2736 3670 ἀπάξει,
2775 3606 2834 3658 τὸ
2856 3606 3194 3674 παραδώσει
3227 3607 3402 3679 δτιλοῦ
3423 3610 3501 3674 είς
3530 3609 3893 3683 τὴνάκαθαρι-

2317 3698 2436 3751 σίαν
2472 3700 2538 3767 ἢν
2572 3697 2792 3761 εἴλοντο,
2826 3700 2904 3761 εἰς
2957 3698 3104 3769 πάθη
3136 3716 3197 3752 τε
3241 3703 3465 3773 ἀτιμίας
3501 3705 3594 3757 καὶ⁸
3636 3704 3898 3775 ἀδόκιμον

2315 3787 2457 3849 νοῦν,
2493 3790 2663 3840 ποιεῖν
2697 3786 2765 3839 τὰ
2793 3788 2866 3857 μὴ
2896 3787 3225 3857 καθήκοντα.

2844 3966 3137 4019 ΨΑΛΜΟΣ
3169 3966 3343 4020 ΡΚΕ’.

2328 4058 2422 4109 Ἐν
2436 4054 2516 4121 τῷ
2536 4055 2890 4125 ἐπιστρέψαι
2912 4058 3132 4125 Κύριον
3149 4056 3263 4125 τὴν
3285 4061 3702 4128 αιχμαλωσίαν
3722 4061 3895 4117 Σιών.

2386 4149 2449 4199 Οἱ
2494 4148 2781 4201 ἀπόστολοι
2831 4148 3002 4202 ταῦτα
3048 4149 3481 4221 προφητεύονται
3530 4150 3706 4218 λέξειν
3761 4158 3898 4226 περὶ

2316 4240 2520 4293 ἑαυτῶν
2549 4243 2642 4294 καὶ
2665 4240 2774 4294 τῶν
2803 4242 2859 4294 ἐν
2890 4243 2999 4304 τοῖς
3030 4240 3229 4307 ἔθνεσι,
3265 4243 3360 4296 καὶ
3392 4244 3531 4313 μετά
3557 4244 3730 4299 ταῦτα
3756 4248 3901 4301 ἀπο-

2317 4331 2595 4397 φανεῖσθαι
2627 4335 2755 4405 περὶ
2784 4332 2986 4403 σπόρου
3019 4333 3112 4385 καὶ
3143 4332 3427 4403 θερισμοῦ·
3461 4334 3602 4388 κατὰ
3636 4338 3764 4401 τοὺς
3785 4314 3899 4391 ιτοῦ

2315 4424 2475 4477 saele
2503 4425 2725 4496 χρόνους
2758 4425 2859 4477 οὐκ
2883 4420 2950 4495 ἦν
2983 4428 3014 4496 ή
3050 4426 3394 4496 αίχμαλωσία
3417 4442 3431 4457 ο
3462 4426 3606 4496 τάχα
3637 4424 3731 4481 οὖν
3765 4432 3903 4503 περὶ

654 4527 766 4579 haec
797 4523 1109 4592 prophetice
1141 4520 1438 4588 signiﬁcari
1474 4518 1676 4572 futura.
1705 4516 1909 4585 Nempe
1942 4516 2211 4587 aliquanta

2318 4517 2416 4586 τῆς
2444 4517 2638 4588 νοητῆς
2660 4517 2838 4570 ταῦτὰ
2866 4533 3027 4587 φησιν
3048 4534 3060 4546 ·
3084 4520 3199 4588 ὲρεί
3215 4518 3271 4570 δὲ
3302 4517 3480 4581 ἀλλος,
3510 4519 3593 4571 ὅτι
3625 4537 3905 4592 προφητι-

651 4615 985 4685 captivorum
1022 4627 1146 4682 pars
1182 4610 1453 4680 Babylone
1503 4610 1698 4672 redux,
1763 4616 2078 4675 recuperata
2117 4605 2210 4661 Je-

654 4707 906 4770 rusalem,
947 4706 1013 4758 de
1060 4705 1127 4758 iis
1159 4704 1248 4773 qui
1282 4702 1550 4772 Babylone
1597 4707 1991 4764 remanserant,
2036 4700 2212 4754 canti-

650 4815 771 4853 cum
806 4801 905 4852 hoc
939 4812 1042 4850 non
1080 4798 1197 4850 sine
1226 4796 1363 4849 b0ua
1396 4791 1801 4860 exspectatione
1846 4791 1955 4845 Deo
1980 4791 2207 4847 extollit.

649 4892 812 4944 Aiunt
832 4905 958 4958 ergo
989 4887 1222 4941 nondum
1250 4900 1406 4939 suum
1433 4883 1687 4955 gaudium
1705 4897 1825 4937 esse
1851 4883 2210 4952 completum;

650 4986 765 5038 fore
798 4994 998 5045 autem,
1034 4995 1154 5033 cum
1186 4978 1435 5032 universa
1462 4978 1607 5031 natio
1646 4991 1713 5030 ex
1762 4975 1945 5031 hostili
1994 4975 2213 5043 regione

650 5080 716 5130 ad
750 5076 1022 5143 propriam
1068 5072 1306 5125 redierit.
1360 5068 1509 5122 Hanc
1549 5068 1804 5122 nimirum
1842 5067 1944 5122 loci
1992 5078 2210 5120 senten-

654 5169 778 5220 tiam
813 5166 1001 5234 reliqui
1028 5166 1346 5228 interpretes
1385 5162 1618 5214 sistunt:
1657 5174 1779 5212 nam
1806 5174 1927 5227 pro.
1959 5158 2086 5223 facti
2118 5172 2212 5207 su-

652 5279 764 5313 mus
788 5261 919 5313 sicut
960 5256 1248 5319 consolati,
1292 5252 1633 5309 concorditer
1664 5267 1851 5305 omnes
1891 5254 2076 5301 aiunt:
2124 5249 2211 5315 fo-

651 5353 721 5403 cti
744 5367 921 5403 sumus
961 5353 1103 5419 quasi
1136 5348 1487 5405 somniantes;
1528 5360 1628 5397 non
1662 5355 1839 5421 autem
1874 5356 1999 5394 vera
2048 5339 2210 5392 liber-

2318 4609 2427 4671 κῶς
2452 4609 2512 4662 τὸ
2546 4608 2735 4679 μέλλον
2769 4609 3020 4679 δηλοῦται
3050 4610 3166 4680 (5⁸).
3187 4641 3253 4649 -
3275 4607 3452 4680 Μέρος
3479 4625 3531 4661 τι
3560 4610 3661 4680 τῆς
3687 4613 3906 4683 αἰχμα-

2316 4700 2515 4765 λωσίας
2546 4701 2837 4754 ὲπανελθὸν
2859 4701 2970 4754 ἀπό
2995 4702 3095 4771 τῆς
3126 4702 3463 4768 Βαϐυλῶνος,
3496 4704 3588 4756 καὶ
3618 4705 3903 4758 ἀπολαϐὸν

2316 4798 2415 4867 τὴν
2453 4797 2825 4868 Ἰερουσαλὴμ,
2862 4797 2987 4866 περὶ
3020 4797 3127 4848 τῶν
3173 4797 3582 4867 ἀπομεινάντων
3625 4799 3682 4848 ὲν
3716 4798 3907 4851 Βαϐυ-

2319 4886 2445 4939 λῶνι
2472 4887 2569 4957 τὴν
2599 4889 2962 4958 προκειμένην
2991 4887 3131 4959 ᾠδὴν
3156 4888 3241 4940 ἐπ’
3274 4888 3503 4956 ἀγαθαῖς
3548 4888 3905 4959 προσδοκίαις

2320 4979 2669 5047 ἀναπέμπει·
2715 4980 2847 5045 φασὶ
2890 4979 2983 5041 δὲ,
3020 4981 3099 5032 ὅτι
3128 4978 3279 5031 οὔπω
3320 4980 3416 5049 μὲν
3446 4979 3665 5042 τελείως
3692 4980 3761 5031 τά
3791 4982 3903 5048 τῆς

2320 5070 2589 5140 ἡμετέρας
2620 5072 2796 5141 χαρᾶς
2834 5072 3216 5141 πεπλήρωται’
3252 5071 3404 5123 ἔσται
3434 5071 3489 5123 δὲ
3523 5070 3680 5123 τοῦτο
3713 5072 3801 5123 ὅτε
3836 5073 3906 5124 τὸ

2321 5161 2427 5211 πᾶν
2470 5158 2617 5222 ἔθνος
2657 5160 2769 5211 ἀπὸ
2810 5161 2904 5229 τῆς
2956 5160 3214 5229 πολεμίας
3259 5162 3348 5212 ἐπὶ
3396 5163 3493 5231 τὴν
3541 5160 3746 5213 οἰκείαν
3789 5163 3902 5231 γῆν

2318 5253 2583 5322 ἐπανέλθῃ
2604 5270 2615 5281 ·
2644 5253 2846 5325 ταύτην
2875 5254 2929 5307 δὲ
2959 5255 3055 5324 τὴν
3084 5255 3321 5306 διάνοιαν
3356 5254 3681 5323 παρίστησιν
3716 5254 3748 5322 ἡ
3782 5254 3904 5305 τῶν

2317 5344 2515 5396 λοιπῶν
2544 5346 2805 5415 ἑρμηνεία
2830 5364 2840 5374 ”
2862 5347 2980 5397 ἀντὶ
3007 5347 3112 5415 γὰρ
3142 5344 3253 5408 τοῦ,
3279 5344 3641 5414 ἐγενήθημεν
3677 5345 3755 5408 ὡς
3780 5362 3903 5413 :th-

650 5452 813 5497 tatem
878 5451 1115 5496 nostram
1163 5440 1369 5494 visione
1432 5446 1754 5505 spectantes.
1820 5432 1987 5486 Porro
2037 5432 2209 5483 instar

2318 5436 2757 5501 βακεκνιημένοι,
2780 5436 3079 5505 συμφώνως
3112 5439 3160 5487 οἱ
3184 5437 3379 5499 πάντες
3414 5436 3902 5505 φασὶν,ἐγενάοιρ-

651 5550 789 5587 veru:
819 5534 1219 5600 perspicuaeque
1245 5529 1464 5583 visionis
1487 5528 1587 5581 erit
1618 5527 1795 5579 lwtitia
1826 5534 2032 5587 nostra,
2061 5530 2205 5589 post--

734 5630 754 5659 ⁸
793 5628 956 5681 Exod.
991 5642 1101 5691 xw,
1144 5627 1229 5679 lt.

732 5796 739 5805 ο

655 5796 855 5863 τούτῳ,
907 5796 985 5847 vel
1033 5796 1122 5844 ἐπὶ
1174 5796 1418 5849 τούτοις,

662 5868 752 5918 LM
776 5886 817 5919 t.

724 5727 799 5790 (ὅ)
856 5723 1007 5775 Ἐπεὶ
1060 5722 1247 5773 τοῦτο.
1321 5720 1589 5785 lnterpres
1636 5717 1833 5788 legisse
1882 5717 2097 5769 videtur
2147 5716 2268 5766 ἐπὶ.

1252 5790 1418 5849 ἓτοις,
1469 5800 1522 5841 ιιι
1577 5797 1630 5841 ιιι
1684 5786 1947 5843 sententia
2007 5789 2238 5855 postulat
2340 5788 2664 5851 psalmorum
2725 5795 3002 5855 amtorem
3084 5786 3339 5841 llavidem
3411 5787 3895 5850 existimaverunt,

2311 5542 2422 5589 per
2450 5527 2527 5589 ὡς
2565 5530 3063 5596 ἐνικτνιαᾷζιιενοι,
3092 5528 3201 5581 ἀλλ’
3239 5530 3335 5597 οὐχ
3376 5528 3522 5597 ῦπαρ
3547 5527 3643 5598 τὴν
3672 5526 3897 5580 ἐλευθε-

2408 5716 2505 5785 (5')
2543 5713 2825 5767 Nonnullis
2860 5712 3141 5777 Patribus,
3181 5716 3271 5783 qui
3299 5715 3634 5784 gradualiutn
3665 5731 3888 5785 quoque

2349 5873 2486 5909 nunc
2524 5858 2750 5912 addatur
2780 5853 3059 5911 Eusebius.
