4090 6470
233 485 291 541 Π
1367 479 1811 538 οοΜΜεΝτΑω

1917 477 1984 534 IN
2023 474 2365 534 PSALMOS.
3442 470 3511 526 i8

231 606 338 673 ρίαν
364 605 540 677 ἡμῶν
589 605 1013 677 φανταζόμενοι·
1049 603 1203 658 ἔσται
1240 604 1294 658 δὲ
1336 604 1486 677 ὕπαρ
1519 605 1613 658 καὶ
1663 605 1811 673 εναρ-

1930 616 2094 670 quam
2131 597 2325 667 reliqui
2375 607 2594 667 quoque
2635 593 2834 648 fratres
2884 591 3055 648 nostri
3108 607 3138 647 a
3191 591 3513 663 captivitate

226 695 316 766 τὴς
332 695 493 766 ἡμῶν
519 696 562 766 ἠ
582 694 749 766 χαρὰ,
770 695 986 749 ἐπειδὰν
1013 695 1107 748 καὶ
1134 694 1184 747 oi
1212 693 1390 748 λοιποὶ
1414 696 1446 764 η
1456 693 1573 764 μῶν
1596 691 1818 762 ἀδελφοὶ

227 785 324 840 ἀπὺ
359 786 462 855 τῆς
509 786 896 858 αἰχμαλωσίας
947 783 1335 839 ἐπανέλθωσιν·
1391 785 1478 854 ἐφ’
1519 777 1565 852 ᾧ
1606 784 1703 838 καὶ
1746 783 1818 837 τά

228 876 339 948 ἔθνη
375 875 764 950 μακαριοῦσίν
798 878 963 948 ἡμᾶς,
989 876 1068 940 ὡς
1093 876 1203 930 ίόια
1227 875 1361 948 μέλη
1390 876 1813 949 κομισαμένους·

229 967 281 1022 ἓν
303 969 404 1040 γὰρ
431 968 502 1022 τὸ
529 968 702 1040 σῶμα
731 969 839 1024 τῶν
868 968 1213 1040 σωζομένων.

396 1058 549 1111 Τότε
580 1058 862 1126 ἐπλήσθη
893 1057 1084 1126 χαρᾶς
1111 1055 1178 1111 τὸ
1211 1057 1408 1126 στόμα
1444 1054 1634 1126 ἡμῶν.

287 1147 420 1209 Τοὺς
452 1147 734 1216 λέγοντας
764 1150 840 1222 (ὅ)
870 1150 940 1204 τὰ
979 1150 1100 1205 θεῖα
1146 1151 1233 1220 ἐφ’
1267 1146 1349 1214 οἷς
1394 1149 1610 1222 καρπός
1652 1149 1817 1205 πνεύ-

226 1251 402 1306 ματος,
444 1238 606 1310 χαρὰ
651 1242 763 1302 τοῖς
808 1241 1099 1294 ἀκούουσιν
1129 1241 1190 1294 τὸ
1239 1241 1339 1312 μὲν
1384 1240 1559 1313 στόμα
1605 1242 1817 1309 γίνεται

225 1330 308 1382 καὶ
347 1330 658 1404 ἐπληρώθη
709 1334 916 1404 χαρᾶς,
965 1335 998 1404 ἡ
1048 1333 1104 1387 δὲ
1153 1333 1376 1404 γλῶσσα
1415 1333 1815 1403 ἀγαλλιάσεως,

222 1421 305 1489 ἀφ’
329 1414 404 1474 ὧν
446 1425 537 1492 ῥεῖ
565 1423 714 1494 χαρά
739 1425 831 1476 καὶ
859 1424 1181 1493 ἀγαλλίασις
1199 1442 1212 1455 ·
1252 1425 1458 1479 τούτων
1489 1426 1548 1480 δὲ
1593 1426 1813 1498 γινομέ-

221 1530 335 1578 νων,
363 1515 413 1566 oi
452 1514 566 1567 ἀπὸ
599 1515 712 1568 τῶν
749 1514 919 1568 ἐθνῶν
951 1515 1326 1587 διδασκόμενοι
1359 1517 1815 1590 λέγουσιν-Ἐμε-

220 1605 401 1671 γάλυνε
457 1606 674 1679 Κύριος
714 1606 806 1660 τοῦ
848 1608 1074 1679 ποιῆσαι
1124 1611 1242 1680 μετ’
1278 1608 1490 1664 αὐτῶν·
1536 1610 1633 1664 καὶ
1684 1609 1815 1682 περὶ

219 1696 416 1751 ἑαυτῶν
454 1698 514 1752 δέ
539 1715 708 1768 φασιν
728 1699 1194 1772 εὐχαριστοῦντες
1213 1701 1578 1771 Ἔμετάλυνε
1596 1704 1814 1772 Κύριος

220 1787 320 1842 τοῦ
334 1788 598 1858 ποιῆσαι
619 1791 750 1860 μεθ’
767 1789 954 1860 ἡμῶν·
1002 1791 1341 1862 ἐγενήθημεν
1369 1793 1806 1865 εὐφραινόμενοι.

228 1880 354 1934 Ἐπί
378 1881 482 1952 μὲν
499 1880 626 1934 τῶν
649 1875 1312 1951 ποταμῶνᾟαόυλῶνος
1327 1883 1692 1954 ὲκαθίσαμεν
1711 1884 1812 1938 καὶ

1927 691 2129 748 fuerint
2175 689 2404 748 neversi.
2447 690 2623 756 Quam
2678 700 2793 740 rem
2842 694 3031 756 gentes
3083 697 3306 755 quoque
3352 681 3512 736 nobis

1923 784 2365 855 gratulabuntur,
2395 797 2494 838 ceu
2545 780 2638 851 qui
2680 780 2924 834 membra
2980 785 3166 831 nostra
3215 789 3509 844 recupera-

1923 879 2182 933 verimus.
2225 873 2408 932 Unum
2447 873 2650 946 quippe
2679 870 3016 929 salvatorum
3059 865 3341 922 hominum
3383 879 3510 922 cor-

1925 987 2024 1042 pus
2055 980 2161 1024 est.

1987 1059 2152 1115 Vens.
2191 1058 2248 1114 εὶ.
2281 1055 2428 1112 Tunc
2466 1056 2719 1127 repletum
2752 1065 2826 1109 est
2859 1052 3056 1124 gaudio
3093 1067 3150 1105 os
3183 1059 3442 1104 nostrum.

1996 1153 2222 1218 Eorum,
2253 1151 2345 1223 qui
2373 1151 2560 1206 divina
2584 1149 2940 1219 eloquuntur,
2979 1146 3030 1199 in
3057 1144 3258 1214 quibus
3285 1143 3507 1212 spiritus

1925 1250 2133 1305 fructus
2164 1255 2274 1312 est,
2302 1245 2559 1318 gaudium
2591 1242 2942 1298 audientibus
2967 1247 3119 1292 creat
3151 1252 3216 1292 ος
3247 1236 3506 1306 jucundi-

1927 1351 2037 1397 tate
2069 1339 2400 1402 redundans,
2433 1345 2490 1391 et
2524 1334 2705 1402 lingua
2737 1329 2932 1385 tliluuit
2959 1328 3346 1384 exsultatione.
3375 1324 3508 1393 Quae

1921 1446 2044 1486 cmn
2095 1429 2209 1484 lieri
2247 1436 2440 1498 gentes
2482 1431 2856 1496 cognoscunt,
2893 1421 3088 1474 aiunt:
3143 1418 3508 1489 Magniﬁcavit

1923 1520 2189 1575 Dominus
2237 1516 2421 1572 facere
2464 1529 2588 1569 cum
2620 1514 2722 1568 eis.
2759 1509 2873 1565 lmo
2913 1520 2969 1565 et
3011 1510 3077 1565 de
3119 1524 3181 1564 se
3209 1509 3341 1578 ipsis
3381 1524 3503 1564 cum

1921 1608 2221 1677 gratiarum
2285 1602 2502 1658 actione
2548 1601 2780 1656 dicunt:
2832 1599 3196 1670 Magni/iacvit
3247 1597 3506 1653 Dominus

1921 1700 2095 1770 facere
2137 1699 2447 1760 nobiscum;
2485 1695 2717 1764 ideoque
2765 1693 2930 1748 laetati
2978 1707 3188 1748 sumus.
3230 1689 3301 1746 Et
3347 1707 3506 1761 super

1919 1793 2144 1862 ﬂumina
2176 1791 2396 1860 quidem
2427 1788 2716 1860 Babylonis
2755 1785 2947 1856 (Judaei
2977 1785 3247 1856 inquiunt)
3275 1785 3504 1840 sedimus

1921 1899 1984 1937 ac
2013 1882 2254 1951 [terimus
2283 1883 2302 1914 '
2327 1897 2343 1947 ;
2379 1897 2505 1937 cum
2531 1889 2716 1937 autem
2751 1878 2897 1933 Deus
2927 1878 3173 1948 captivos
3203 1879 3502 1943 revocavit,

215 1970 605 2041 ἐκλαύσαμεν
626 1989 638 2002 ·
679 1973 739 2026 tv
786 1971 841 2026 δὲ
887 1972 964 2043 τῷ
989 1973 1316 2044 ἐπιπρέψαι
1348 1975 1441 2028 τὸν
1471 1974 1677 2047 Κύριον
1714 1976 1811 2047 τὴν

1918 1974 2172 2042 repletum
2203 1985 2281 2028 est
2315 1975 2513 2045 gaudio
2544 1989 2601 2027 os
2641 1984 2878 2026 nostrum
2902 1969 2942 2023 ⁸.
2976 1969 3194 2025 Similes
3222 1983 3385 2038 porro
3422 1969 3502 2023 lo-

215 2064 616 2134 αἰχμαλωσίαν,
646 2063 926 2133 ἐπλήσθη
961 2063 1150 2135 χαρᾶς
1199 2066 1262 2120 τὸ
1307 2068 1501 2137 στόμα

226 2155 416 2210 ἐπὰν
442 2155 800 2226 ποιήσωμεν
829 2154 910 2221 τῷ
947 2158 1197 2226 στόματι
1241 2157 1528 2227 φυλακήν
1547 2177 1562 2190 ο
1609 2161 1704 2213 καὶ
1729 2160 1811 2222 τὸ,

213 2247 406 2316 Στόμα
437 2246 683 2302 δικαίου
730 2245 960 2318 μελετᾷ
1007 2249 1268 2318 σοφίαν·
1327 2251 1422 2304 καὶ
1464 2251 1546 2313 τὺ,
1587 2252 1814 2321 Ἀνοιγε

210 2339 322 2391 σὺν
367 2342 595 2410 στόμα,
651 2339 814 2410 λέγει
873 2341 1050 2406 Θεός·
1098 2340 1192 2396 καὶ
1243 2342 1438 2412 ὃμοια·
1498 2342 1570 2398 Τὸ
1619 2346 1815 2413 στόμα

211 2427 375 2496 ἡμῶν
393 2431 632 2501 ἀνέῳγε
653 2431 807 2499 πρὸς
825 2429 1003 2501 ὑμᾶς,
1029 2433 1356 2501 Κορίνθιοι·
1383 2433 1504 2487 τότε
1525 2433 1816 2504 ἀληθεύον-

207 2536 295 2583 τες
320 2523 578 2593 φήσομεν
595 2539 609 2551 ·
635 2523 774 2576 Τότε
795 2521 1074 2592 ἐπλήσθη
1096 2523 1288 2593 χαρᾶς
1312 2524 1378 2578 τὸ
1401 2526 1596 2594 στόμα
1621 2524 1809 2595 ἡμῶν.

210 2613 316 2667 Καὶ
348 2616 470 2684 μετ’
506 2615 692 2683 όλίγα·
747 2614 918 2668 Ἒπάν
955 2615 1011 2669 δὲ
1068 2616 1395 2687 φυλάξωμεν
1417 2617 1516 2681 τάς
1543 2617 1695 2682 ὀδοὺς
1716 2618 1811 2670 τοῦ

210 2706 281 2773 μὴ
316 2706 690 2776 ἁμαρτάνειν,
717 2705 838 2759 τότε
886 2706 1366 2779 πληρωθήσεταιὴ
1400 2707 1624 2777 γλῶσσα
1653 2709 1812 2779 ἡμῶν

206 2795 628 2862 ἀγαλλιάσεως·
669 2795 914 2870 ἐπλήσθη
955 2797 1013 2850 δὲ
1065 2799 1244 2869 χαρᾶς
1295 2798 1389 2851 καὶ
1437 2798 1498 2851 τὸ
1543 2797 1810 2852 Φιλιππου

206 2889 402 2960 στόμα,
453 2890 548 2944 θτε
589 2889 811 2956 ἀνοίξας
854 2891 915 2943 τὸ
944 2891 1118 2962 στόμα
1150 2890 1338 2956 αὐτοῦ,
1375 2893 1469 2945 καὶ
1506 2892 1813 2964 ἀρξάμενος

205 2981 310 3035 ἀπὸ
332 2981 454 3047 τοῦ,
499 2982 602 3048 Ὠς
627 2983 926 3049 πρόϐατον
945 2982 1044 3036 ἐπὶ
1072 2982 1322 3052 σφαγὴν
1359 2983 1540 3052 ἤχθη,
1575 2984 1812 3054 εὐηγγε-

203 3073 392 3126 λίσατο
419 3074 514 3127 τὸν
559 3073 772 3144 ’ῐησοῦν
798 3073 878 3144 τῷ
905 3073 1144 3146 εὐνούχῳ
1172 3074 1410 3128 Αἰθίοπι.

305 3165 689 3237 Egerii/Iure
718 3167 931 3234 Κύριος
953 3166 1060 3221 τοῦ
1091 3166 1343 3236 ποιῆσαι
1361 3170 1492 3237 μεθ’
1523 3167 1712 3238 ἡμῶν.

283 3257 580 3328 ’Δνωτέρω
617 3257 718 3327 μὲν
741 3255 815 3320 ῶς
841 3256 939 3328 ἤδη
973 3257 1311 3330 ἐπιστροφῆς
1341 3257 1448 3311 ἀπὸ
1476 3258 1578 3329 τῆς
1608 3259 1811 3329 αίχμα-

1915 2070 2164 2123 cutiones
2198 2076 2360 2123 sunt:
2409 2065 2543 2122 Cum
2587 2083 2839 2137 ponemus
2889 2067 2971 2118 ori
3028 2065 3326 2119 custodiam
3348 2066 3391 2130 ';
3425 2075 3503 2129 et,

1918 2159 1992 2215 Os
2015 2160 2154 2229 justi
2180 2160 2468 2214 meditatur
2501 2159 2821 2226 sapientiam
2847 2158 2921 2210 “z
2946 2167 3023 2220 et,
3054 2157 3211 2224 Aperi
3246 2172 3304 2210 os
3333 2166 3501 2214 luunt.

1915 2251 2044 2304 dicit
2079 2250 2334 2304 Dominus
2358 2251 2432 2314 “;
2471 2251 2686 2318 aliaque
2711 2248 3016 2315 lmjnsmodi
3043 2265 3056 2300 :
3079 2247 3264 2312 veluti,
3306 2245 3378 2299 0s
3411 2262 3506 2298 nc-

1914 2355 2082 2396 strum
2112 2351 2254 2411 patet
2277 2343 2348 2396 ad
2377 2357 2488 2405 vos,
2513 2340 2777 2396 Corinthii
2802 2344 2867 2395 ¹¹.
2900 2342 3036 2396 Tum
3067 2355 3194 2395 vere
3220 2341 3500 2394 dicemus:

1918 2434 2065 2489 Tunc
2092 2436 2346 2502 repletum
2375 2444 2451 2488 est
2483 2435 2682 2504 gaudio
2717 2451 2775 2487 os
2805 2444 3062 2487 nostrum.
3099 2431 3166 2486 Et
3198 2431 3386 2501 paucis
3422 2432 3506 2483 in-

1917 2529 2164 2599 terjectis
2187 2548 2200 2583 :
2223 2527 2360 2584 Cum
2395 2525 2820 2582 custodierimus
2843 2528 2962 2580 vias
2997 2535 3236 2588 nostras,
3266 2539 3331 2578 ne
3365 2523 3508 2579 forte

1916 2635 2242 2690 peccemus,
2283 2630 2415 2675 tunc
2449 2620 2630 2690 lingua
2679 2629 2864 2673 nostra
2912 2617 3212 2690 replebitur
3259 2615 3503 2672 exsulta-

1917 2713 2086 2772 tione.
2116 2712 2329 2769 Gaudio
2365 2727 2583 2782 quoque
2614 2711 2848 2782 Philippi
2887 2725 2950 2766 os
2988 2709 3337 2772 redundavit,
3375 2723 3503 2763 cum

1913 2804 2044 2859 illud
2083 2805 2357 2874 aperiens,
2392 2804 2762 2873 incipiensque
2785 2817 2815 2857 ι
2843 2803 3026 2857 verbis
3061 2801 3190 2867 illis,
3226 2799 3503 2870 Tanquam

1915 2898 2022 2951 ovis
2076 2898 2146 2949 ad
2185 2897 2501 2951 occisionem
2546 2895 2738 2950 ductus
2794 2905 2872 2951 est
2920 2896 2982 2959 ",
3012 2893 3196 2949 Iesum.
3251 2885 3505 2948 eunucho

1914 2989 2155 3060 :Ethiopi
2177 2989 2570 3059 evangelizavit
2601 2988 2690 3041 ¹⁸”.

1950 3081 2119 3139 Vens.
2151 3081 2204 3135 3.
2247 3080 2614 3151 logniﬁcavit
2658 3079 2918 3134 Dominus
2953 3079 3127 3148 facere
3167 3079 3461 3132 nobiscum.

1986 3173 2250 3245 Superius
2294 3188 2396 3228 ceu
2436 3183 2561 3242 post
2604 3170 2836 3226 reditum
2891 3185 2921 3224 a
2965 3171 3319 3242 captivitate,
3369 3169 3499 3224 dicti

1921 3265 2072 3321 fuere
2113 3267 2222 3320 duo
2261 3264 2540 3320 versiculi.
2587 3263 2739 3319 Nunc
2772 3273 3028 3332 tanquam
3067 3262 3244 3317 adhuc
3294 3262 3350 3316 in
3406 3277 3500 3316 ca-

201 3346 411 3412 λωσίας
455 3347 784 3419 γινομένης,
840 3348 1084 3419 εἴρηνται
1125 3350 1174 3402 oi
1222 3348 1316 3402 δύο
1360 3349 1565 3421 στίχοι·
1625 3348 1722 3402 νῦν
1750 3349 1808 3402 δὲ

1921 3360 2173 3427 ptivitate
2198 3359 2474 3422 detentus.
2505 3358 2624 3413 haec
2650 3359 2724 3413 ait
2748 3355 3055 3427 Propheta;
3091 3367 3250 3410 antea
3279 3355 3500 3425 quidem

202 3439 278 3503 ὡς
310 3439 396 3492 ἔτι
423 3442 483 3493 ὲν
513 3438 870 3510 αἰχμαλωσίᾳ
893 3438 990 3501 ῶν,
1030 3438 1205 3494 ταῦτα
1231 3455 1398 3509 φησιν
1426 3441 1456 3493 ὁ
1491 3440 1807 3512 Προφήτης,

200 3530 260 3582 τὸ
289 3531 393 3600 μὲν
407 3531 683 3604 πρότερον
701 3530 1078 3600 προφητεύων,
1105 3527 1424 3602 οἶμαι,περὶ
1446 3531 1556 3585 τῶν
1584 3533 1812 3586 ἀποστό-

202 3619 334 3685 λων,
368 3621 434 3674 τὸ
462 3622 523 3676 δὲ
554 3620 816 3693 δεύτερον
844 3622 907 3674 ἐκ
935 3620 1230 3693 προσώπου
1257 3622 1430 3692 λέγων
1461 3623 1570 3676 τῶν
1604 3622 1774 3678 ἐθνῶν
1793 3643 1806 3655 ·

199 3711 311 3764 τῶν
327 3714 438 3786 γὰρ
457 3716 519 3768 ὲν
534 3715 653 3777 τοῖς
676 3712 887 3767 ἑθνεσίν
907 3714 1054 3768 ἑστιν
1081 3715 1150 3770 τὰ
1165 3715 1275 3769 ἀπὸ
1303 3713 1422 3779 τοῦ,
1454 3714 1812 3785 Ἐμετάλυνε

200 3806 421 3872 Κύριος
450 3805 564 3861 τοῦ
606 3805 863 3875 ποιῆσαι
898 3811 1026 3877 μεθ’
1051 3808 1243 3880 ἡμῶν,
1283 3811 1390 3875 ἕως
1435 3810 1553 3876 τοῦ,
1583 3812 1665 3878 ὼς
1691 3827 1812 3881 χει-

198 3896 470 3967 Move
501 3900 577 3954 ἐν
612 3898 700 3966 τῷ
731 3901 903 3968 νότῳ.

266 3989 702 4061 Ἑκίστρεψον,
733 3993 940 4059 Κύριε,
965 3992 1081 4062 τὴν
1107 3995 1528 4064 αίχμαλωσίαν
1565 3993 1751 4062 ἡμῶν.

286 4081 634 4145 ’Δκολούθως
661 4080 761 4134 καὶ
787 4079 960 4136 ταῦτα
990 4082 1343 4155 προσέθηκαν
1383 4087 1496 4147 τοῖς
1529 4081 1769 4154 πρώτοις
1793 4099 1805 4112 ·

202 4171 266 4226 οὐ
291 4171 406 4242 γὰρ
428 4171 920 4244 ἀναισθητοῦντες,
938 4175 1092 4244 φησὶ,
1110 4174 1209 4246 τῆς
1237 4177 1316 4239 είς
1344 4176 1492 4246 ἡμᾶς
1525 4174 1626 4246 ἤδη
1653 4191 1810 4242 γενο-

209 4263 383 4334 μένης
412 4264 764 4337 εὐεργεσίας,
807 4264 980 4322 ταῦτά
1011 4281 1214 4339 φαμεν,
1246 4264 1362 4319 ἀλλ’
1389 4263 1804 4335 ὁμολογοῦντες,

203 4354 286 4408 ὅτι
315 4356 533 4425 μεγάλα
583 4355 690 4427 μὲν
726 4354 948 4427 εποίησε
994 4356 1112 4428 μεθ’
1155 4355 1314 4429 ἡμῶν
1339 4356 1369 4408 ό
1401 4353 1557 4420 Θεὸς,
1588 4356 1681 4409 καὶ
1707 4355 1808 4428 ήδη

206 4448 512 4520 γεγόναμεν
564 4451 631 4502 εν
686 4449 1030 4523 εὐφροσύνῃ·
1073 4449 1216 4505 οὕτω
1260 4451 1320 4504 δὲ
1371 4451 1608 4522 ἔχοντες,
1660 4452 1811 4522 ὅμως

205 4537 351 4611 ὑπὲρ
384 4541 488 4593 τῶν
523 4539 886 4595 καταλοίπων
919 4540 1095 4612 μελῶν
1122 4541 1279 4613 ἡμῶν
1305 4541 1542 4614 δεόμεθα
1571 4542 1664 4596 καὶ
1699 4543 1811 4595 ίκε-

204 4630 436 4701 τεύομιν
460 4632 724 4701 λέγοντες
747 4649 761 4662 ·
810 4632 1226 4702 Ἐπίστρεψον,
1245 4634 1446 4702 Κύριεν
1466 4632 1582 4700 τὴν
1599 4635 1811 4703 αικμα·

202 4720 440 4773 ,ιωσιαν
471 4721 650 4792 ἡμῶν
672 4722 758 4788 ὡς
783 4721 1139 4792 χειμόρῤους
1169 4722 1242 4777 ἐν
1278 4721 1358 4788 τῷ
1387 4724 1544 4790 νότῳ
1562 4739 1575 4753 ·
1607 4723 1807 4777 ἀτοπον

205 4809 318 4884 γάρ
336 4814 463 4879 τοὺς
496 4815 603 4886 μὲν
630 4814 735 4885 τῆς
783 4812 933 4878 θείας
959 4814 1212 4884 γνώσεως
1257 4815 1678 4889 ἐστερημένους,
1706 4817 1808 4886 τὴν

202 4903 287 4967 si;
345 4905 491 4976 ἡμᾶς
553 4906 938 4977 γεγενημένην
988 4906 1400 4979 φιλανθρωπίαν
1457 4907 1801 4978 θαυμάζειν,

203 4994 358 5064 ἡμᾶς
379 4995 434 5050 δι
452 4997 584 5062 τοὺς
601 4997 709 5069 τῆς
727 4998 1007 5063 εὐσεϐείας
1049 5000 1436 5071 τετυχηκότας,
1479 4999 1804 5072 ἀχαριστίαν

203 5089 407 5142 νοσεῖν-

426 5181 490 5233 οε
520 5180 888 5250 σπείροντες
916 5182 986 5234 ἐν
1015 5181 1332 5251 δάκρυσιν,
1365 5199 1419 5236 κ.
1458 5199 1511 5235 τ.
1544 5181 1594 5234 λ.

287 5270 352 5322 '0
378 5272 623 5345 σπείρων
654 5275 718 5325 tv
745 5271 996 5344 δάκρυσι,
1026 5277 1107 5338 είς
1128 5275 1190 5329 τὸ
1214 5272 1433 5346 πνεῦμα
1455 5273 1670 5346 σπείρει
1695 5272 1804 5326 τῶν

203 5360 299 5413 ἐπὶ
347 5364 458 5427 τοῖς
504 5363 749 5435 δάκρυσι
783 5366 1230 5438 μακαριζομένων
1251 5385 1264 5397 ·
1297 5368 1355 5420 tv
1384 5367 1701 5436 ἀγαλλιάσει
1746 5367 1803 5420 δὲ

205 5451 416 5525 θερίζει
442 5455 590 5529 ζωὴν
616 5454 868 5521 αἰώνιον,
895 5461 924 5512 ό
951 5460 1236 5530 τυγγάνων
1275 5459 1376 5533 ἢδη
1407 5460 1501 5514 τοῦ
1531 5460 1698 5531 γελᾷν
1725 5459 1803 5530 τῷ

201 5544 500 5617 πνεύματι.
516 5580 585 5590 -
601 5547 736 5612 Τοῖς
761 5549 1016 5621 περὶτῶν
1037 5550 1241 5606 λοιπῶν
1267 5551 1625 5623 αἰχμαλώτων
1651 5553 1806 5622 αἰτή-

203 5653 337 5692 σασι
372 5639 431 5694 τὺ
448 5639 607 5696 Θείον
622 5642 983 5714 ἀποκρίνεται
999 5643 1080 5707 τὸ,
1095 5643 1384 5713 Μακάριοι
1407 5648 1461 5698 ot
1482 5645 1801 5709 κλαίοντες

271 5748 295 5820 Ϊ
351 5747 494 5806 Pal.
540 5766 794 5818 cunt,
831 5752 881 5808 1.
956 5754 978 5786 ⁸
1022 5753 1166 5812 Psal.
1218 5771 1397 5819 csxv,
1443 5755 1498 5810 2.
1593 5759 1614 5790 ⁸
1664 5755 1807 5810 Psal.
1844 5770 2078 5820 num,
2113 5755 2170 5808 2.

203 5815 316 5873 ι³11
353 5820 476 5874 ουτ.
520 5837 600 5888 vt,
638 5824 732 5878 Η.
781 5815 858 5856 ⁷⁸³
889 5823 993 5882 lsa.
1027 5840 1147 5891 LIII,
1183 5826 1236 5880 7.
1321 5815 1533 5884 ⁸³ίΑοι.
1579 5842 1708 5892 vttt,
1742 5825 1839 5881 55.

277 5936 367 6004 (AI)
400 5934 472 5993 Ita
497 5939 660 5997 codd.

1924 3452 1995 3507 de
2044 3451 2331 3519 apostolis,
2373 3463 2431 3506 ut
2480 3461 2633 3522 puto,
2669 3451 2975 3506 vaticinans
2999 3491 3014 3512 .
3038 3449 3232 3503 deinde
3271 3463 3399 3502 vero
3433 3460 3500 3501 ex

1917 3544 2262 3599 ethnicorum
2301 3557 2532 3614 persona
2576 3543 2823 3612 loquens.
2872 3541 3121 3612 Namque
3153 3541 3500 3596 ethnicorum

1914 3646 2039 3691 sunt
2059 3641 2246 3703 verba,
2267 3652 2295 3690 a
2332 3635 2695 3707 Magni/iuvit
2725 3637 2985 3692 Dominus
3000 3637 3176 3706 facere
3205 3634 3500 3696 nobiscum,

1914 3743 2087 3799 usque
2118 3729 2219 3796 ad,
2258 3729 2392 3783 sicut
2423 3740 2628 3785 torrens
2671 3733 2726 3784 in
2765 3738 2965 3784 austro.

1946 3998 2110 4052 Vens.
2141 3996 2195 4050 ι.
2233 3995 2508 4059 Converte,
2541 3995 2782 4061 Domine,
2812 3995 3168 4062 captivitatem
3205 4005 3462 4047 nostram.

1983 4090 2359 4144 Consentanea
2382 4086 2816 4158 precedentibus
2834 4088 2950 4142 haec
2965 4087 3321 4156 subiungunt.
3345 4083 3501 4140 llaud

1914 4180 2176 4251 equidem
2200 4179 2389 4237 collati
2431 4179 2589 4234 nobis
2616 4178 2868 4234 beneﬁcii
2897 4179 3243 4233 immemores
3274 4178 3387 4229 ltzec
3421 4176 3502 4228 tli-

1913 4279 2127 4341 citnus,
2164 4272 2258 4329 sed
2291 4273 2520 4343 grandia
2566 4273 2852 4328 nobiscum
2885 4269 3082 4326 fecisse
3110 4270 3280 4326 Deum
3327 4265 3502 4322 faten-

1915 4380 2018 4434 tes,
2047 4367 2246 4439 gauitio
2271 4363 2572 4420 eﬂ'erimur.
2616 4363 2803 4418 Nihilo
2839 4371 3023 4417 tamen
3054 4361 3238 4415 minus
3277 4373 3376 4429 pro
3411 4373 3501 4413 re-

1913 4460 2079 4531 liquis
2103 4455 2382 4514 imembris
2420 4454 2629 4509 nostris
2669 4467 2932 4520 oramus,
2989 4451 3376 4523 supplicesque
3417 4443 3512 4503 di?

1913 4555 2122 4609 cimus:
2151 4549 2428 4612 Converte,
2445 4545 2690 4611 Domine,
2713 4547 3074 4615 captivitatem
3104 4554 3364 4606 nostram,
3396 4543 3504 4596 sic-

1914 4654 1972 4699 ut
2002 4654 2206 4698 torrens
2236 4643 2292 4695 in
2321 4647 2531 4694 austro.
2559 4638 2873 4693 Absurdum
2911 4636 3058 4690 enim
3089 4635 3252 4700 foret,
3290 4635 3337 4690 si
3372 4635 3502 4689 dum

1915 4735 2121 4790 ethnici
2157 4734 2356 4788 divina:
2405 4731 2611 4786 notitia:
2644 4729 2855 4800 ignari,
2901 4727 3250 4783 clementiam
3298 4726 3353 4780 in
3405 4739 3505 4779 nos

1915 4827 2167 4882 collatam
2209 4825 2590 4885 admirantur,
2641 4836 2741 4876 nos
2779 4835 2968 4875 veram
3010 4818 3338 4888 religionem
3385 4832 3504 4872 sor-

1925 4917 2034 4982 titi,
2073 4915 2273 4988 ingrati
2301 4915 2468 4970 animi
2512 4912 2704 4968 morbo
2733 4910 3128 4965 laboraremus.

2081 5183 2248 5237 Vsns.
2285 5182 2341 5236 5.
2377 5181 2481 5246 Qui
2518 5177 2780 5232 seminant
2818 5178 2875 5230 in
2903 5174 3178 5244 lacrymis,
3221 5179 3324 5224 etc.

1985 5276 2088 5344 Qui
2117 5273 2353 5331 seminat
2384 5273 2437 5326 in
2468 5269 2748 5341 lacrymis,
2779 5267 3081 5324 secundum
3117 5264 3373 5332 spiritum
3411 5275 3502 5315 se-

1914 5368 2087 5423 minat
2119 5367 2336 5420 illorum
2359 5363 2452 5434 qui
2481 5363 2552 5418 ob
2579 5361 2850 5431 lacrymas
2875 5357 3018 5415 beati
3043 5357 3337 5418 dicuntur;
3370 5367 3497 5406 cum

1908 5460 2270 5516 exsultatione
2285 5465 2466 5513 autem
2489 5457 2655 5510 vitam
2677 5465 2936 5509 aeternam
2950 5451 3137 5518 metit;
3163 5446 3361 5516 quippe
3385 5447 3500 5514 qui,

1910 5561 1970 5607 ut
2014 5552 2208 5620 spiritu
2259 5551 2468 5615 rideat,
2499 5547 2612 5617 jam
2661 5555 2990 5602 consecutus
3037 5553 3142 5596 est.
3178 5567 3246 5581 —
3281 5537 3350 5591 lis
3409 5539 3500 5605 qui

1911 5657 2012 5712 pro
2047 5641 2274 5711 reliquis
2302 5640 2534 5710 captivis
2556 5647 2804 5700 orarunt,
2838 5638 2980 5692 Deus
3009 5630 3301 5701 respondet
3335 5626 3505 5682 eirato

2251 5756 2294 5786 '°
2329 5753 2474 5808 Psal.
2526 5767 2714 5816 xxxvr,
2765 5751 2853 5807 50.
2933 5748 2974 5780 ¹⁸
3011 5745 3157 5801 Psal.
3218 5745 3506 5806 undi.

1984 5937 2061 6010 (ὃ)
2096 5937 2259 5992 Deest
2297 5931 2523 6003 aliquid.
