4090 6468
241 453 306 511 ξε
1405 455 1912 513 εοειιιεΝτΑιιιΑ
1954 459 2020 515 ΙΝ
2059 461 2400 522 ΡεΑωιοε.
3479 481 3550 536 26

844 575 983 628 ‘FAA
991 575 1129 628 ΜΟΣ
1159 575 1286 627 PA'.

1926 619 1936 638 ι
2467 582 2796 641 PSALMUS
2834 586 3049 643 CXXX.

324 664 686 730 ’ἀκολούθως
713 668 746 737 ή
777 666 886 737 ᾠδὴ
918 669 951 738 ἡ
980 665 1229 738 παροῦσα
1255 665 1351 719 καὶ
1377 667 1410 736 ἠ
1445 667 1549 738 πρὸ
1575 667 1747 738 αὐτῆς
1769 683 1818 718 τι

2045 671 2298 744 Congrue
2343 689 2586 743 presens
2607 686 2735 741 oua,
2789 679 3025 748 itemque
3063 683 3398 752 praecedens,
3447 687 3549 740 tm-

239 757 297 808 ἐν
322 757 523 829 Κυρίῳ
553 758 984 828 τετελειωμένον
1022 757 1520 829 ταπεινοφροσύνης
1558 757 1744 827 φωνὰς
1769 775 1818 810 πε

1964 764 2130 819 minis
2185 766 2236 818 in
2294 764 2406 820 Deo
2468 767 2700 836 perfecti
2773 769 3004 824 humiles
3067 787 3228 827 voces
3283 778 3544 838 continet.

239 849 529 918 ριέχουσα,
571 848 677 902 καὶ
717 848 946 919 μάλιστα
988 847 1082 902 τοῦ
1114 848 1412 919 δυναμένου
1454 848 1659 917 λέγειν·
1700 848 1818 902 "Eri

1963 857 2346 926 pracipueque
2379 858 2498 926 ejus
2530 859 2622 928 qui
2648 861 2824 926 possit
2855 860 3069 917 dicere:
3108 863 3335 931 Propter
3358 885 3548 922 nomen

237 956 344 993 κεν
367 941 477 994 τοῦ
532 942 844 1008 ὀνόματός
877 957 994 995 σου
1027 939 1319 1010 ὑπέμεινὰ
1349 957 1443 1003 σε,
1475 941 1676 1008 Κύριε.
1717 940 1776 993 '0
1803 940 1818 992 l

1963 955 2114 998 tuum
2140 947 2373 1000 sustinui
2409 956 2480 1011 te,
2507 947 2730 1002 Domine
2764 949 2831 1004 ⁸⁸.
2875 951 3042 1006 David
3072 965 3256 1010 autem
3300 957 3543 1026 edoctus,

235 1033 402 1087 Δαυῖδ
433 1035 513 1098 ὡς
541 1035 703 1098 εἰκὸς
737 1035 1066 1105 μεμαθηκὼς
1105 1035 1214 1087 ἀπὸ
1237 1035 1345 1086 τῶν
1373 1033 1462 1086 τοῦ
1495 1035 1652 1101 ἁγίου
1685 1033 1818 1085 Πνεύ

1962 1046 2019 1089 ιιι
2053 1037 2313 1094 credibile
2364 1049 2467 1098 est.
2519 1055 2547 1093 a
2584 1042 2765 1096 sancti
2797 1041 3036 1112 Spiritus
3081 1048 3340 1115 oraculis,
3383 1053 3546 1104 mise~

237 1143 410 1195 ματος
448 1127 684 1195 φωνῶν,
703 1129 785 1181 ὅτι
806 1127 1118 1196 τιςὶλασμὸς
1139 1127 1289 1197 παρά
1311 1127 1389 1196 τῷ
1409 1126 1547 1196 Θεῷ,
1569 1127 1664 1178 καὶ
1687 1125 1855 1198 πολλὴ

235 1220 365 1290 παρ’
431 1219 598 1290 αὐτῷ
668 1219 937 1290 λύτρωσις
995 1219 1041 1270 εί
1095 1218 1459 1277 πιστεύσειεν,
1539 1217 1854 1285 ἀναγκαίως

234 1311 429 1364 ἑαυτὸν
451 1311 775 1382 προσφέρει
791 1309 869 1380 τῷ
886 1312 1170 1380 Λυτρωτῇ⁸
1195 1308 1278 1362 διδ
1308 1311 1400 1362 καὶ
1428 1309 1850 1379 ἐπιγέγραπταιο

237 1403 346 1456 Τοῦ
386 1402 588 1455 Δαυῒό
630 1406 722 1468 είς
763 1402 1132 1468 παραίτησιν
1163 1399 1712 1469 πλημμελημάτων,
1747 1401 1852 1466 τὰς

231 1495 389 1560 ἰδίας
460 1493 943 1562 ἐξαριθμοῦι-τος
1007 1492 1429 1560 ἀνδραγαθίας.
1477 1493 1552 1543 Ού
1629 1490 1818 1544 πώποτ

1954 1504 2131 1564 gestas
2173 1498 2512 1553 recenseatis.
2574 1495 2860 1570 Nunquam
2907 1502 3085 1566 enim,
3136 1504 3346 1576 inquit,
3401 1507 3542 1562 fastu

227 1586 360 1658 γὰρ,
394 1588 604 1657 φησὶν,
637 1583 891 1656 ἐπήρθην
921 1583 1103 1646 καθὼς
1131 1583 1315 1653 ἄρχων
1348 1583 1434 1634 ἐπ’
1465 1583 1615 1646 ἔθνος
1643 1581 1809 1636 αὑτοῦ

1954 1585 2136 1640 elatus
2171 1601 2312 1652 sum,
2346 1601 2442 1642 ceu
2485 1589 2665 1657 gentis
2699 1590 2996 1662 princeps;
3029 1607 3206 1663 neque
3241 1596 3315 1650 ita
3344 1612 3538 1668 super-

226 1677 350 1732 οὖτε
391 1681 509 1750 μὴν
552 1676 876 1748 ὲχαυνώθην
1132 1675 1238 1742 ἔξω
1267 1675 1422 1736 Θεοῦ,
1457 1677 1548 1728 καὶ
1587 1675 1686 1745 τῆς
1715 1675 1816 1746 πρὸ

1949 1676 2037 1730 bia
2074 1678 2244 1730 tumui
2279 1688 2338 1731 ut
2377 1679 2468 1733 Dei
2502 1682 2847 1748 praesentiam
2878 1698 2985 1737 non
3027 1695 3359 1755 spectarem,
3399 1700 3456 1743 et
3479 1689 3535 1744 in

226 1771 316 1823 τὸν
346 1769 527 1824 αὑτοῦ
567 1768 741 1838 φόόον
771 1767 1082 1830 συστάσεως
1115 1767 1409 1835 καθυφείςο
1443 1767 1566 1819 οὗτε
1601 1767 1761 1820 πάλιν
1789 1769 1818 1819 ὲκ

1949 1782 2015 1820 co
2056 1769 2298 1822 timendo
2320 1773 2692 1825 constantiam
2728 1774 3063 1831 omitterem.
3087 1774 3275 1848 Neque
3317 1781 3443 1834 item
3478 1781 3535 1835 in

1960 1129 2251 1183 ricordiam
2315 1132 2456 1199 apud
2493 1130 2660 1184 Deum
2716 1134 2948 1189 inveniri
3011 1139 3402 1210 copiosumque
3453 1158 3542 1197 re-

1958 1220 2343 1288 demptionem,
2380 1222 2426 1277 si
2460 1223 2626 1278 modo
2653 1225 2923 1291 crederet,
2961 1231 3276 1285 necessario
3305 1233 3541 1302 seipsum

1957 1312 2179 1366 exhibet
2208 1311 2579 1383 Redemptori.
2630 1314 2812 1381 Quare
2843 1325 2897 1372 et
2921 1319 3238 1375 inscribitur
3268 1341 3282 1377 :
3317 1321 3540 1380 Davidis

1956 1404 2025 1455 ad
2079 1404 2500 1473 deprecationem
2559 1418 2928 1476 peccatorum,
2985 1427 3068 1464 res
3125 1429 3158 1467 α
3222 1430 3276 1468 se
3336 1419 3542 1488 egregie

225 1865 414 1933 τρυφῇ
452 1861 739 1924 πλουσίως
789 1859 1034 1929 διεξῆγον
1076 1858 1166 1912 τὸν
1213 1858 1364 1928 βίονο
1414 1859 1532 1912 ούδέ
1566 1877 1617 1912 τι
1660 1861 1818 1929 μείζο

1950 1860 2164 1914 deliciis
2196 1861 2485 1916 atlluenter
2518 1863 2670 1929 vixi;
2706 1881 2887 1935 neque
2934 1868 3001 1922 de
3031 1884 3115 1924 me
3151 1873 3393 1940 meisque
3447 1889 3536 1928 re-

223 1918 538 2024 ἔξερδν-ῆσα,
572 1918 734 2022 φησὶ,
771 1918 900 2018 περί
925 1918 1183 2022 έμαυτού,
1213 1918 1323 2005 τῶν
1350 1918 1801 2021 προσόντωνεμοί

1950 1949 2050 2003 bus
2086 1960 2284 2019 praeter
2317 1918 2882 2012 modestiam'sens't;
2908 1918 3398 2029 -ᾗ

221 2045 402 2098 ὁποῖοί
450 2045 603 2107 τινές
662 2046 804 2096 είσιν
841 2044 889 2095 οἱ
942 2045 1152 2096 συνετοὶ
1198 2045 1330 2114 παρ’
1361 2045 1591 2108 ἑαυτοῖς,
1634 2047 1726 2096 καὶ
1759 2049 1818 2097 ὲν

1946 2039 2166 2093 sibimet
2197 2041 2296 2110 ipsi
2344 2042 2592 2098 videntur
2620 2046 2892 2116 ingeniosi
2935 2066 3000 2105 ac
3034 2053 3331 2122 sapientes.

220 2135 398 2191 ώπιον
434 2135 625 2190 αὐτῶν
651 2136 1032 2206 ἐπιστήμονες.

458 2227 814 2281 Ἔλπισάτω
853 2227 1090 2295 Ἰσραὴλ
1112 2228 1210 2281 ἐπὶ
1245 2227 1353 2281 τὸν
1384 2229 1604 2295 Κύριον

295 2321 520 2390 Ὥσπερ
551 2318 691 2388 ἐγὼ,
731 2321 893 2389 φησὶν
917 2321 945 2372 ὁ
975 2319 1227 2389 βασιλεὺς
1259 2319 1439 2381 Δαυῒδ,
1467 2319 1727 2384 τοσοῦτος
1759 2318 1836 2372 ὢν

219 2410 317 2464 καὶ
341 2411 600 2474 τοιοῦτος
629 2412 792 2483 ἀνὴρ,
828 2413 1083 2466 ταπεινὸν
1113 2413 1349 2482 ἐμαυτὸν
1379 2413 1712 2484 κατέστησα,
1743 2415 1837 2466 καὶ

219 2505 586 2573 προσήγαγον
619 2503 854 2573 ἐμαυτὸν
881 2502 958 2572 τῷ
982 2502 1192 2574 ἱλασμῷ
1225 2505 1320 2556 καὶ
1346 2503 1423 2574 τῷ
1457 2505 1717 2575 Δυτρωτῇ
1743 2505 1835 2556 καὶ

215 2594 462 2666 Σωτῆρι,
501 2593 686 2659 οὕτως
728 2596 822 2649 καὶ
852 2594 928 2666 τῷ
960 2594 1132 2665 λοιπῷ
1170 2595 1383 2666 Ἰσραὴλ
1427 2595 1831 2664 ἐπαγγέλλομαι

223 2683 587 2756 θαρσούντως
629 2685 916 2757 προσιέναι
955 2685 1034 2756 τῷ
1075 2685 1325 2756 ἰλασμῷο
1370 2685 1614 2757 ἀκριϐῶς
1653 2685 1830 2748 sla-bc,

219 2777 300 2830 ὃτι
333 2778 503 2842 αὐτὸς
531 2777 875 2849 λυτρὼσεται
899 2777 990 2831 τὸν
1026 2777 1261 2849 Ἰσραὴλ,
1296 2779 1345 2831 εί
1372 2778 1712 2851 προσδράμοι
1742 2780 1832 2832 αύ-

217 2870 317 2941 τῷ,
353 2872 420 2924 ὲκ
445 2869 648 2924 πασῶν
671 2868 780 2922 τῶν
804 2869 1043 2940 ἀνομιῶν
1072 2871 1262 2924 αὐτοῦ.

782 2960 1074 3017 ΨΑΛΜΟΣ
1108 2962 1188 3015 ΡΛ
1198 2963 1276 3015 A’.

460 3055 694 3119 Ὠμοσε
714 3053 925 3120 Κύριος
955 3051 1035 3118 τῷ
1072 3053 1252 3107 Δαυϊδ
1277 3055 1584 3120 ἀλήθειαν.

300 3144 667 3215 Ὀμωμοκότι
695 3143 753 3196 δὲ
781 3144 858 3214 τῷ
886 3143 1068 3207 Δαυτδ,
1111 3145 1470 3216 ἀντώμοσενὸ
1493 3145 1626 3210 Θεὸς
1661 3146 1826 3219 ζητηο

2222 2221 2384 2277 νειιε.
2415 2224 2469 2278 5.
2499 2225 2685 2294 Speret
2719 2226 2891 2283 Israel
2918 2234 2970 2284 in
3000 2230 3244 2287 Domino.

2025 2312 2180 2368 Sicut
2218 2317 2362 2369 enim
2395 2331 2516 2386 ego,
2575 2319 2652 2371 ait
2691 2335 2786 2374 rex
2842 2321 3034 2387 David,
3071 2324 3193 2378 talis
3234 2334 3528 2398 tantusque

1943 2407 2026 2460 vir
2058 2407 2316 2461 humilem
2348 2423 2433 2461 me
2475 2409 2598 2475 feci,
2649 2425 2845 2480 meque
2869 2414 3042 2468 obtuli
3098 2417 3524 2486 misericordiae,

1940 2497 2406 2568 Redemptorique
2443 2516 2508 2554 ac
2534 2499 2855 2568 Servatori;
2890 2505 2963 2558 ita
2997 2506 3207 2576 reliquo
3246 2511 3408 2563 etiam
3443 2509 3524 2567 ls-

1936 2591 2070 2645 raeli
2105 2591 2369 2646 denuntio
2414 2605 2473 2646 ut
2499 2593 2838 2650 conﬁdenter
2874 2599 2943 2651 ad
2975 2599 3406 2656 misericordiam
3435 2619 3522 2657 ac-

1934 2682 2114 2735 cedat.
2150 2681 2283 2735 Nam
2314 2682 2485 2750 probe
2517 2683 2653 2746 scio,
2714 2684 2832 2739 fore
2877 2696 2936 2739 ut
2968 2686 3109 2742 Deus
3145 2687 3398 2744 Israelem
3437 2704 3517 2744 re-

1933 2775 2125 2840 dimat,
2158 2774 2204 2829 si
2240 2776 2307 2828 ad
2346 2791 2470 2830 eum
2513 2776 2849 2838 conlurerit,
2875 2794 2943 2832 ex
2980 2781 3238 2836 omnibus
3263 2783 3521 2852 iniquita~

1934 2867 2076 2922 tibus
2123 2866 2260 2934 ejus.

2425 2957 2756 3016 PSALMUS
2795 2959 3036 3017 CXXXI.

2040 3048 2204 3103 Vens.
2244 3048 2334 3102 Η.
2363 3048 2575 3103 Juraoit
2611 3052 2865 3106 Dominus
2893 3053 3086 3106 ι)αυὶάὶ
3109 3055 3402 3112 ueritatem.

1999 3139 2215 3194 Juranti
2269 3141 2456 3196 Davidi
2493 3143 2730 3197 vicissim
2758 3144 2965 3212 juravit
3011 3144 3174 3209 Deus,
3220 3148 3267 3199 ei
3306 3148 3396 3215 qui
3436 3147 3515 3202 lo.

222 3252 373 3291 σαντι
405 3237 504 3290 τὸν
533 3236 705 3289 τόπον
745 3236 956 3308 μαθεῖν,
980 3236 1187 3308 δωρεὰν
1216 3237 1338 3302 δοὺς
1358 3239 1419 3292 τὸ
1445 3241 1538 3293 καὶ
1567 3239 1624 3306 ἐξ
1656 3240 1818 3294 αὐτοῦ

1927 3250 2049 3287 cum
2093 3248 2428 3304 cognoscere
2463 3237 2680 3299 avebat,
2716 3239 2956 3306 gratuito
2993 3239 3206 3292 donans
3240 3254 3511 3311 praeroga-

219 3328 526 3399 προελθεῖν·
550 3329 689 3383 Ἵνα
700 3327 797 3382 διὰ
811 3328 920 3384 δύο
937 3330 1296 3398 πραγμάτων
1310 3332 1818 3400 ἀμεταθέτων,ὡςδ

1933 3327 2100 3379 tivam
2121 3338 2178 3379 ut
2205 3335 2260 3381 et
2291 3327 2518 3396 ipsemet
2538 3327 2654 3394 ejus
2679 3330 2852 3397 stirpe
2869 3329 3149 3394 oriretur;
3171 3328 3240 3384 Ut
3265 3347 3356 3398 per
3377 3333 3514 3387 duas

223 3422 433 3485 Παῦλος
450 3439 645 3492 φησιν,
658 3421 729 3475 ἐν
743 3422 832 3486 οἷς
846 3421 1037 3476 ὠδύνα
1050 3439 1156 3476 τον
1169 3425 1516 3492 ψεύσασθαι
1531 3425 1637 3478 τὸν
1652 3425 1820 3491 Θεὸν,

222 3515 484 3584 ισχυρὰν
507 3512 920 3582 παράκλησιν,
951 3514 1078 3586 περὶ
1107 3507 1181 3568 ὧν
1211 3513 1428 3586 ηὔξατο,
1454 3515 1746 3584 λάϐωμεν.

233 3683 326 3738 Ἐκ
357 3683 602 3753 καρποῦ
646 3682 757 3752 τῆς
799 3686 1031 3751 κοιλίας
1075 3701 1192 3739 σου
1251 3687 1509 3756 θήσομαι
1554 3687 1653 3741 ἐπὶ
1713 3687 1820 3740 τοῦ

837 3756 1056 3823 θρόνου
1078 3772 1214 3810 σου.

303 3846 526 3916 Ἐπειδὴ
561 3847 654 3908 σὺ,
685 3846 868 3917 φησὶν,
903 3845 1047 3899 οὕτω
1079 3847 1377 3910 πιστεύσας
1417 3847 1641 3901 τοιαῦτα
1669 3848 1820 3920 ηὔξω

223 3939 446 4006 γνῶναι,
485 3937 816 4008 βουλόμενος
861 3937 1050 4008 μαθεῖν
1082 3941 1212 4011 περὶ
1264 3939 1358 3992 τοῦ
1390 3940 1556 3992 τόπου
1593 3940 1695 4009 τῆς
1739 3943 1819 4005 εἰς

221 4030 543 4102 ἀνθρώπους
583 4030 820 4098 ἀφίξεως
852 4029 948 4083 τοῦ
996 4031 1268 4102 Σωτῆρος,
1303 4030 1458 4101 δέχου
1497 4031 1561 4102 δὴ
1597 4031 1690 4084 καὶ
1723 4031 1820 4084 αύ-

221 4124 310 4187 τὸς
348 4124 450 4194 τὴν
487 4121 849 4190 ἐπαγγελίαν,
891 4122 987 4176 καὶ
1029 4121 1180 4190 γίνου
1223 4123 1468 4185 διάκονος
1494 4124 1592 4194 τῆς
1637 4141 1815 4195 σωτη-

224 4215 335 4285 ρίου
361 4215 661 4283 γενέσεως.
695 4213 792 4276 ὣς
812 4214 921 4284 γὰρ
949 4213 1100 4267 ἔσται
1134 4214 1343 4285 καρπὸς
1372 4215 1400 4266 ὁ
1431 4214 1812 4284 γενησόμενος,

222 4307 285 4358 ἐκ
310 4307 406 4374 σῆς
434 4303 696 4374 διαδοχῆς
720 4304 813 4357 καὶ
853 4305 916 4356 ὲκ
949 4303 1043 4356 σοῦ
1077 4304 1386 4374 σπέρματος
1419 4304 1815 4376 προελευσόμεο

223 4416 306 4460 νος
327 4418 339 4429 ·
367 4397 450 4451 διὸ
472 4397 570 4451 καὶ
604 4396 754 4467 αὐτῷ
777 4396 1060 4467 δοθήσεται
1085 4396 1218 4449 ὡσεὶ
1246 4398 1654 4468 ἐπηγγελμένας
1683 4397 1811 4471 θρό..

221 4505 324 4552 νος,
353 4489 444 4542 διὰ
476 4489 539 4541 τὸ
571 4487 775 4558 μηδένα
802 4489 986 4558 ’ἕτερον
1034 4489 1066 4560 ἢ
1103 4490 1261 4559 μόνον
1288 4488 1378 4542 τὸν
1419 4491 1484 4543 ὲκ
1530 4489 1623 4543 σοῦ
1678 4507 1811 4561 προ-

1932 3437 2014 3473 res
2055 3419 2376 3482 inmobiles,
2428 3431 2598 3490 prout
2651 3419 2858 3475 Paulus
2898 3422 2996 3483 ait,
3033 3423 3224 3488 quibus
3269 3424 3513 3492 impossi-

1925 3513 2025 3565 bile
2058 3522 2135 3565 est
2170 3513 2381 3564 mentiri
2415 3511 2606 3574 Deum,
2633 3513 2866 3565 validum
2897 3513 3148 3567 solatium
3171 3514 3233 3579 “,
3265 3517 3408 3570 circa
3439 3530 3507 3573 ea

1923 3620 2046 3672 qua:
2079 3605 2310 3673 quisque
2353 3607 2509 3674 petit,
2540 3606 2852 3660 habeamus.

1923 3695 2094 3750 Vens.
2135 3694 2222 3750 li.
2272 3693 2350 3750 De
2404 3698 2582 3767 [ructu
2614 3701 2810 3752 ventris
2853 3701 2929 3752 tui
2958 3715 3150 3768 ponam
3180 3715 3338 3768 super
3363 3702 3509 3754 thro-

2561 3785 2682 3821 num
2715 3781 2887 3824 tuum.

1991 3855 2259 3923 Quoniam
2327 3868 2410 3922 tu,
2470 3859 2674 3929 inquit,
2735 3860 2811 3914 ita
2874 3861 3129 3929 credens,
3175 3877 3509 3934 cognoscere

1921 3950 2036 4005 haec
2066 3952 2289 4018 optasti,
2331 3967 2530 4021 nempe
2556 3953 2735 4008 locum
2761 3969 2870 4024 quo
2905 3957 2972 4009 ad
3016 3955 3266 4010 homines
3313 3965 3507 4008 ventu-

1922 4059 2015 4098 rus
2072 4054 2155 4099 est
2197 4043 2469 4112 Salvator,
2531 4047 2719 4115 accipe
2769 4048 2909 4101 hanc
2962 4051 3239 4112 notitiam,
3289 4059 3350 4102 et
3387 4057 3506 4102 esto

1918 4136 2172 4190 salutaris
2223 4135 2341 4203 ejus
2385 4138 2690 4193 nativitatis
2742 4139 3016 4194 minister.
3076 4139 3313 4196 Fructus
3358 4141 3502 4193 enim

1923 4240 2046 4282 tuus
2074 4229 2177 4281 erit
2200 4229 2292 4297 qui
2328 4228 2544 4284 futurus
2570 4240 2679 4297 est,
2700 4245 2766 4284 ex
2799 4239 2888 4285 tua
2917 4233 3178 4302 progenie
3209 4246 3272 4285 ac
3297 4231 3505 4285 semine

1917 4331 2324 4388 proventurus:
2364 4321 2600 4391 ideoque
2633 4333 2688 4376 et
2729 4323 2832 4394 ipsi
2873 4324 3096 4378 dabitur
3124 4328 3355 4378 thronus
3388 4338 3507 4391 pro-

1916 4415 2136 4480 missus,
2180 4415 2309 4483 quia
2363 4431 2522 4471 nemo
2566 4427 2650 4472 est
2692 4419 2854 4482 alius,
2900 4428 3097 4487 praeter
3150 4417 3300 4470 illum
3346 4433 3411 4471 ex
3447 4427 3501 4472 te

1917 4507 2214 4573 oriturum,
2245 4508 2337 4576 qui
2371 4509 2427 4563 in
2462 4510 2738 4577 promisso
2763 4510 2962 4566 tbrOno
2985 4512 3177 4566 sedere
3201 4521 3499 4564 mereatur.

221 4581 594 4651 ιλευσόμενον,
627 4579 774 4646 ἀξιον
814 4577 949 4634 εἶναι
992 4580 1086 4633 τοῦ
1114 4581 1196 4634 σοὶ
1229 4582 1644 4652 ἐπηγγελμένον
1680 4581 1804 4654 θρό-

1926 4597 2092 4662 Quare
2127 4607 2182 4651 et
2233 4596 2454 4652 Gabriel
2488 4599 2669 4653 Maria:
2709 4601 2888 4654 dixit:
2929 4599 2997 4652 Et
3043 4599 3189 4652 dabit
3233 4597 3312 4650 illi
3359 4597 3500 4650 Deus

222 4689 327 4726 νου.
360 4671 666 4741 Τοιγαροῦν
695 4673 786 4725 καὶ
813 4675 840 4725 ὁ
872 4671 1112 4744 Γαϐριὴλ
1147 4674 1282 4744 πρὸς
1306 4675 1405 4745 τὴν
1439 4675 1673 4745 Μαριάμ
1702 4693 1804 4746 φη-

224 4782 304 4817 σι·
331 4766 437 4818 Καὶ
474 4763 658 4817 δώσει
680 4762 838 4829 αὐτῷ
863 4767 894 4818 ό
932 4764 1077 4830 Θεὸς
1111 4764 1220 4817 τὸν
1250 4765 1467 4832 θρόνον
1485 4765 1667 4820 Δαυῒδ
1698 4768 1804 4821 τοῦ

221 4859 435 4926 πατρὸς
454 4856 668 4920 αὑτοῦ,
699 4857 793 4911 καὶ
838 4857 1202 4922 βασιλεύσει
1237 4858 1336 4912 ἐπὶ
1360 4858 1467 4912 τὸν
1494 4855 1666 4912 οἷκον
1704 4861 1804 4912 Ἰα-

221 4948 336 5001 κὼϐ
359 4950 449 5014 είς
481 4947 589 5002 τὸν
619 4947 824 5001 αἰῶνα.

232 5040 359 5095 Ἐἀν
385 5040 772 5110 φυλάξωνται
803 5044 857 5096 οι
901 5042 1026 5096 υἱοί
1053 5058 1169 5097 σου
1189 5040 1304 5109 τὴν
1331 5041 1627 5112 διαθήκην
1658 5060 1796 5112 μου.

284 5131 731 5203 Καθεσθήσονται
763 5135 846 5186 ἐπ’
881 5134 1044 5188 αὑτὸν
1081 5134 1280 5206 δηλαδὴ
1318 5135 1406 5188 τὸν
1437 5134 1534 5188 τοῦ
1567 5134 1802 5207 Χριστοῦ

220 5225 398 5296 θρόνον
433 5227 484 5280 οἱ
521 5224 690 5278 αὐτοῦ
741 5227 977 5295 μαθηταὶ
1011 5228 1102 5280 καὶ
1132 5226 1394 5298 διάδοχοι·
1445 5226 1592 5300 πλὴν
1631 5227 1804 5291 οὐδεὶς

221 5317 406 5389 φθόνος
435 5320 532 5372 καὶ
563 5320 677 5380 τοῖς
708 5322 814 5382 σοῖς
842 5321 1000 5382 υἱοῖς.
1029 5313 1074 5372 ὧ
1106 5317 1284 5384 Δαυῒδ,
1318 5319 1571 5373 τουτέστι
1600 5322 1710 5382 τοῖς
1740 5321 1803 5371 ἐκ

221 5410 539 5481 περιτομῆς,
571 5409 666 5464 καὶ
703 5411 752 5462 εί
784 5409 1165 5481 παραδέξοιντο
1204 5409 1292 5462 τὸν
1327 5413 1594 5484 Χριστδν,
1632 5413 1725 5465 καὶ
1754 5413 1801 5465 εἰ

220 5503 534 5573 φυὶάξοιντο
563 5503 663 5574 τὴν
712 5502 972 5574 διαθήκην
1006 5520 1104 5573 μου
1133 5502 1224 5556 καὶ
1256 5503 1320 5556 τὰ
1347 5504 1642 5579 μαρτύριά
1673 5521 1797 5575 μου,

218 5597 275 5650 οὐ
309 5596 376 5650 τά
418 5595 511 5648 διὰ
552 5595 656 5665 τῆς
705 5594 922 5668 πρώτης
963 5594 1272 5665 νομοθεσίας
1315 5597 1612 5667 δεδομένα,
1661 5597 1797 5652 ἀλλὰ

215 5687 381 5742 ταῦτα
410 5687 447 5742 ἃ.
472 5687 670 5754 διδάξω
690 5688 900 5754 αὐτοὺς,
935 5686 1186 5758 μέλλοντα
1213 5689 1390 5754 αὐτοῖς
1423 5688 1665 5762 ὕστερον
1697 5708 1795 5743 πο-

216 5793 273 5832 τε
299 5778 775 5851 παραδοθήσεσθαι
819 5781 905 5833 διὰ
941 5779 1040 5848 τῆς
1064 5780 1251 5848 καινῆς
1285 5779 1585 5855 διαθήκης·
1619 5783 1667 5834 ei
1693 5781 1801 5852 γὰρ

285 5921 328 5952 ⁸³
352 5919 496 5975 Psal.
535 5937 721 5989 cmx,
750 5922 798 5978 ι.
873 5921 1092 5978 "llchr.
1126 5937 1198 5988 vi,
1229 5923 1318 5980 18.
1403 5928 1450 5958 ³⁸
1480 5927 1615 5983 an.
1662 5944 1695 5992 ι,
1727 5927 1814 5982 δὲ.

1913 4690 2159 4742 thronum
2199 4687 2417 4744 Dnoidis
2457 4693 2624 4759 patris
2657 4695 2795 4760 ejus,
2823 4692 3162 4764 regnabitque
3214 4706 3372 4760 super
3412 4693 3500 4743 ἄο-

1911 4799 2056 4835 mum
2099 4780 2268 4836 Iacob
2308 4785 2361 4837 in
2393 4795 2646 4839 a'ternum
2669 4784 2734 4838 ³³.

1913 5041 2082 5097 Vens.
2109 5043 2196 5098 12.
2221 5043 2277 5101 Si
2303 5047 2762 5117 custodierintﬁlii
2791 5049 2869 5103 tui
2894 5058 3258 5102 testamentum
3299 5064 3494 5106 meum.

1983 5133 2263 5192 Sedebunt
2319 5153 2485 5208 super
2547 5141 2667 5208 ipso
2730 5141 2985 5196 videlicet
3036 5139 3238 5194 Christi
3298 5143 3496 5194 throno

1913 5223 2166 5295 «iisetpuli
2213 5227 2333 5296 ejus
2359 5244 2424 5284 ac
2456 5244 2830 5286 successores.
2871 5229 3258 5284 Verumtamen
3310 5245 3378 5284 ne
3418 5230 3492 5283 tui

1913 5317 2132 5385 quidem
2171 5317 2289 5387 lilii,
2315 5336 2348 5376 ο
2388 5321 2580 5387 David,
2614 5321 2723 5376 ulla
2778 5338 2836 5376 re
2881 5319 3297 5385 fraudabuntur,
3331 5320 3381 5375 id
3412 5330 3495 5376 est

1910 5409 2356 5468 circumcisionis
2389 5414 2632 5477 asseclze,
2673 5416 2716 5469 si
2749 5417 2907 5469 modo
2946 5413 3224 5468 Christum
3275 5427 3495 5483 recepe-

1911 5501 2045 5568 rint,
2087 5513 2144 5558 et
2169 5516 2385 5574 pactum
2438 5521 2617 5562 meum
2665 5522 2732 5563 ac
2780 5505 3090 5562 testimonia
3129 5505 3490 5568 servaverint,

1909 5611 2015 5650 non
2046 5597 2138 5650 illa
2163 5599 2230 5654 ad
2257 5601 2498 5670 priorem
2553 5599 2955 5668 legislationem
2997 5596 3352 5668 pertinentia,
3394 5598 3489 5650 sed

1906 5704 1970 5744 ea
2008 5706 2128 5761 qua
2161 5693 2359 5748 deinde
2390 5694 2536 5764 ipsos
2565 5692 2797 5756 docebo,
2839 5705 3066 5763 quaeque
3103 5690 3223 5747 novi
3268 5687 3489 5742 lmderis

1913 5791 2157 5854 tempore
2213 5787 2470 5843 tradenda
2513 5793 2663 5844 sunt.
2701 5785 2938 5842 Omnino
2979 5785 3027 5841 si
3077 5785 3192 5840 haec.
3235 5791 3490 5837 servave-
