  <div class='ocr_page' id='page_1' title='image "/cluster/home/n/w/nwhite01/storage/ocr_20150623/24/uva.x004246623/029.png"; bbox 0 0 4090 6410; ppageno 0'>
   <div class='ocr_carea' id='block_1_1' title="bbox 611 369 2174 443">
    <p class='ocr_par' dir='ltr' id='par_1_1' title="bbox 611 374 2174 443">
     <span class='ocr_line' id='line_1_1' title="bbox 611 374 2174 443; baseline -0.012 6"><span class='ocrx_word' id='word_1_1' title='bbox 611 382 683 441; x_wconf 69' lang='grc' dir='ltr'>δι</span> <span class='ocrx_word' id='word_1_2' title='bbox 1282 384 1371 443; x_wconf 87' lang='lat' dir='ltr'><strong>EU</strong></span> <span class='ocrx_word' id='word_1_3' title='bbox 1380 383 1553 443; x_wconf 79' lang='lat' dir='ltr'><strong>SEBil</strong></span> <span class='ocrx_word' id='word_1_4' title='bbox 1587 376 2067 443; x_wconf 71' lang='lat' dir='ltr'><strong>CESARIENSIS</strong></span> <span class='ocrx_word' id='word_1_5' title='bbox 2103 374 2174 433; x_wconf 79' lang='grc'><strong>01</strong></span> 
     </span>
    </p>
   </div>
   <div class='ocr_carea' id='block_1_2' title="bbox 2273 369 3146 443">
    <p class='ocr_par' dir='ltr' id='par_1_2' title="bbox 2295 369 3146 429">
     <span class='ocr_line' id='line_1_2' title="bbox 2295 369 3146 429; baseline -0.005 0"><span class='ocrx_word' id='word_1_6' title='bbox 2295 371 2475 429; x_wconf 79' lang='lat' dir='ltr'><strong>PARS</strong></span> <span class='ocrx_word' id='word_1_7' title='bbox 2513 372 2601 429; x_wconf 82' lang='lat' dir='ltr'><strong>Ill.</strong></span> <span class='ocrx_word' id='word_1_8' title='bbox 2635 405 2703 417; x_wconf 74' lang='grc' dir='ltr'><strong>ι-</strong></span> <span class='ocrx_word' id='word_1_9' title='bbox 2739 369 3146 428; x_wconf 70' lang='lat' dir='ltr'><strong>EXEGETICA.</strong></span> 
     </span>
    </p>
   </div>
   <div class='ocr_carea' id='block_1_3' title="bbox 3792 366 3863 424">
    <p class='ocr_par' dir='ltr' id='par_1_3' title="bbox 3792 366 3863 424">
     <span class='ocr_line' id='line_1_3' title="bbox 3792 366 3863 424; baseline 0 -2"><span class='ocrx_word' id='word_1_10' title='bbox 3792 366 3863 424; x_wconf 71' lang='grc'><strong>62</strong></span> 
     </span>
    </p>
   </div>
   <div class='ocr_carea' id='block_1_4' title="bbox 614 484 2174 571">
    <p class='ocr_par' dir='ltr' id='par_1_4' title="bbox 614 497 2174 571">
     <span class='ocr_line' id='line_1_4' title="bbox 614 497 2174 571; baseline -0.002 -19"><span class='ocrx_word' id='word_1_11' title='bbox 614 499 756 552; x_wconf 88' lang='lat' dir='ltr'><strong>lente</strong></span> <span class='ocrx_word' id='word_1_12' title='bbox 784 498 893 552; x_wconf 85' lang='lat' dir='ltr'><strong>Deo</strong></span> <span class='ocrx_word' id='word_1_13' title='bbox 924 498 990 553; x_wconf 85' lang='lat' dir='ltr'><strong>ad</strong></span> <span class='ocrx_word' id='word_1_14' title='bbox 1018 498 1386 556; x_wconf 77' lang='lat' dir='ltr'><strong>exsistendum</strong></span> <span class='ocrx_word' id='word_1_15' title='bbox 1416 502 1697 571; x_wconf 87' lang='lat' dir='ltr'><strong>perducta.</strong></span> <span class='ocrx_word' id='word_1_16' title='bbox 1748 499 1805 554; x_wconf 91' lang='lat' dir='ltr'><strong>Si</strong></span> <span class='ocrx_word' id='word_1_17' title='bbox 1836 497 1965 569; x_wconf 83' lang='lat' dir='ltr'><strong>quid</strong></span> <span class='ocrx_word' id='word_1_18' title='bbox 1995 506 2174 550; x_wconf 87' lang='lat' dir='ltr'><strong>tamen</strong></span> 
     </span>
    </p>
   </div>
   <div class='ocr_carea' id='block_1_5' title="bbox 2273 484 3854 571">
    <p class='ocr_par' dir='ltr' id='par_1_5' title="bbox 2284 484 3854 563">
     <span class='ocr_line' id='line_1_5' title="bbox 2284 484 3854 563; baseline -0.005 -18"><span class='ocrx_word' id='word_1_19' title='bbox 2284 492 2549 563; x_wconf 85' lang='grc' dir='ltr'>θελήματι</span> <span class='ocrx_word' id='word_1_20' title='bbox 2563 490 2697 545; x_wconf 75' lang='grc' dir='ltr'>Θεοῦ</span> <span class='ocrx_word' id='word_1_21' title='bbox 2711 489 3051 561; x_wconf 78' lang='grc' dir='ltr'><strong>γεγενημένα</strong></span> <span class='ocrx_word' id='word_1_22' title='bbox 3070 506 3083 518; x_wconf 89' lang='grc'><strong>·</strong></span> <span class='ocrx_word' id='word_1_23' title='bbox 3114 489 3162 541; x_wconf 90' lang='grc' dir='ltr'><strong>εί</strong></span> <span class='ocrx_word' id='word_1_24' title='bbox 3194 486 3252 541; x_wconf 84' lang='grc' dir='ltr'><strong>δέ</strong></span> <span class='ocrx_word' id='word_1_25' title='bbox 3276 486 3329 540; x_wconf 88' lang='grc' dir='ltr'><strong>τί</strong></span> <span class='ocrx_word' id='word_1_26' title='bbox 3362 487 3509 539; x_wconf 82' lang='grc' dir='ltr'>ἐστιν</span> <span class='ocrx_word' id='word_1_27' title='bbox 3537 485 3595 537; x_wconf 88' lang='grc' dir='ltr'><strong>ἐν</strong></span> <span class='ocrx_word' id='word_1_28' title='bbox 3620 484 3854 556; x_wconf 73' lang='grc' dir='ltr'>οὐρανῷ,</span> 
     </span>
    </p>
   </div>
   <div class='ocr_carea' id='block_1_6' title="bbox 611 589 2186 661">
    <p class='ocr_par' dir='ltr' id='par_1_6' title="bbox 611 589 2186 661">
     <span class='ocr_line' id='line_1_6' title="bbox 611 589 2186 661; baseline -0.003 -17"><span class='ocrx_word' id='word_1_29' title='bbox 611 596 698 644; x_wconf 85' lang='lat' dir='ltr'><strong>est</strong></span> <span class='ocrx_word' id='word_1_30' title='bbox 737 590 789 643; x_wconf 92' lang='lat' dir='ltr'><strong>in</strong></span> <span class='ocrx_word' id='word_1_31' title='bbox 828 592 991 653; x_wconf 74' lang='lat' dir='ltr'><strong>cmlo,</strong></span> <span class='ocrx_word' id='word_1_32' title='bbox 1026 591 1184 645; x_wconf 90' lang='lat' dir='ltr'><strong>veluti</strong></span> <span class='ocrx_word' id='word_1_33' title='bbox 1212 592 1474 659; x_wconf 72' lang='lat' dir='ltr'><strong>spiritalia</strong></span> <span class='ocrx_word' id='word_1_34' title='bbox 1509 592 1784 661; x_wconf 60' lang='lat' dir='ltr'><strong>nequitiae,</strong></span> <span class='ocrx_word' id='word_1_35' title='bbox 1809 599 1906 643; x_wconf 84' lang='lat' dir='ltr'><strong>aut</strong></span> <span class='ocrx_word' id='word_1_36' title='bbox 1938 589 1992 643; x_wconf 89' lang='lat' dir='ltr'><strong>in</strong></span> <span class='ocrx_word' id='word_1_37' title='bbox 2021 595 2186 649; x_wconf 87' lang='lat' dir='ltr'><strong>terra,</strong></span> 
     </span>
    </p>
   </div>
   <div class='ocr_carea' id='block_1_7' title="bbox 2286 580 3857 652">
    <p class='ocr_par' dir='ltr' id='par_1_7' title="bbox 2286 580 3857 652">
     <span class='ocr_line' id='line_1_7' title="bbox 2286 580 3857 652; baseline -0.002 -15"><span class='ocrx_word' id='word_1_38' title='bbox 2286 585 2361 648; x_wconf 85' lang='grc' dir='ltr'>ὡς</span> <span class='ocrx_word' id='word_1_39' title='bbox 2398 586 2465 639; x_wconf 76' lang='grc' dir='ltr'>τὰ</span> <span class='ocrx_word' id='word_1_40' title='bbox 2498 582 2837 652; x_wconf 85' lang='grc' dir='ltr'>πνευματικὰ</span> <span class='ocrx_word' id='word_1_41' title='bbox 2867 582 2965 647; x_wconf 84' lang='grc' dir='ltr'>τῆς</span> <span class='ocrx_word' id='word_1_42' title='bbox 2998 580 3280 652; x_wconf 81' lang='grc' dir='ltr'><strong>πονηρίας,</strong></span> <span class='ocrx_word' id='word_1_43' title='bbox 3316 581 3349 650; x_wconf 79' lang='grc' dir='ltr'>ἦ</span> <span class='ocrx_word' id='word_1_44' title='bbox 3381 581 3439 633; x_wconf 85' lang='grc' dir='ltr'><strong>ἐν</strong></span> <span class='ocrx_word' id='word_1_45' title='bbox 3479 582 3546 651; x_wconf 75' lang='grc' dir='ltr'>τῇ</span> <span class='ocrx_word' id='word_1_46' title='bbox 3590 584 3660 651; x_wconf 78' lang='grc' dir='ltr'><strong>γῇ</strong></span> <span class='ocrx_word' id='word_1_47' title='bbox 3696 581 3772 644; x_wconf 88' lang='grc' dir='ltr'><strong>ὡς</strong></span> <span class='ocrx_word' id='word_1_48' title='bbox 3808 581 3857 634; x_wconf 75' lang='lat' dir='ltr'><strong>oi</strong></span> 
     </span>
    </p>
   </div>
   <div class='ocr_carea' id='block_1_8' title="bbox 613 672 2174 750">
    <p class='ocr_par' dir='ltr' id='par_1_8' title="bbox 613 679 2174 750">
     <span class='ocr_line' id='line_1_8' title="bbox 613 679 2174 750; baseline 0 -18"><span class='ocrx_word' id='word_1_49' title='bbox 613 680 778 734; x_wconf 88' lang='lat' dir='ltr'><strong>veluti</strong></span> <span class='ocrx_word' id='word_1_50' title='bbox 829 682 1077 736; x_wconf 77' lang='lat' dir='ltr'><strong>homines</strong></span> <span class='ocrx_word' id='word_1_51' title='bbox 1122 690 1451 750; x_wconf 88' lang='lat' dir='ltr'><strong>peccatores,</strong></span> <span class='ocrx_word' id='word_1_52' title='bbox 1504 691 1598 737; x_wconf 87' lang='lat' dir='ltr'><strong>aut</strong></span> <span class='ocrx_word' id='word_1_53' title='bbox 1645 683 1697 737; x_wconf 87' lang='lat' dir='ltr'><strong>in</strong></span> <span class='ocrx_word' id='word_1_54' title='bbox 1747 679 2009 744; x_wconf 87' lang='lat' dir='ltr'><strong>maribus,</strong></span> <span class='ocrx_word' id='word_1_55' title='bbox 2042 679 2174 735; x_wconf 72' lang='lat' dir='ltr'><strong>velut</strong></span> 
     </span>
    </p>
   </div>
   <div class='ocr_carea' id='block_1_9' title="bbox 2273 672 3857 750">
    <p class='ocr_par' dir='ltr' id='par_1_9' title="bbox 2286 672 3857 749">
     <span class='ocr_line' id='line_1_9' title="bbox 2286 672 3857 749; baseline -0.004 -17"><span class='ocrx_word' id='word_1_56' title='bbox 2286 676 2599 749; x_wconf 76' lang='grc' dir='ltr'>ἁμαρτωλοὶ</span> <span class='ocrx_word' id='word_1_57' title='bbox 2614 674 2959 747; x_wconf 78' lang='grc' dir='ltr'>άνθρωποι,ἧ</span> <span class='ocrx_word' id='word_1_58' title='bbox 2995 674 3052 725; x_wconf 91' lang='grc' dir='ltr'><strong>ἐν</strong></span> <span class='ocrx_word' id='word_1_59' title='bbox 3081 677 3201 735; x_wconf 84' lang='grc' dir='ltr'>ταῖς</span> <span class='ocrx_word' id='word_1_60' title='bbox 3242 672 3560 740; x_wconf 73' lang='grc' dir='ltr'>θαλάσσαις,</span> <span class='ocrx_word' id='word_1_61' title='bbox 3594 672 3671 736; x_wconf 85' lang='grc' dir='ltr'>ὡς</span> <span class='ocrx_word' id='word_1_62' title='bbox 3702 674 3736 743; x_wconf 85' lang='grc' dir='ltr'><strong>ἠ</strong></span> <span class='ocrx_word' id='word_1_63' title='bbox 3763 672 3857 725; x_wconf 79' lang='grc' dir='ltr'><strong>τοῦ</strong></span> 
     </span>
    </p>
   </div>
   <div class='ocr_carea' id='block_1_10' title="bbox 610 770 2185 845">
    <p class='ocr_par' dir='ltr' id='par_1_10' title="bbox 610 770 2185 845">
     <span class='ocr_line' id='line_1_10' title="bbox 610 770 2185 845; baseline 0.004 -24"><span class='ocrx_word' id='word_1_64' title='bbox 610 772 862 826; x_wconf 79' lang='lat' dir='ltr'><strong>draconis</strong></span> <span class='ocrx_word' id='word_1_65' title='bbox 905 770 1234 840; x_wconf 70' lang='lat' dir='ltr'><strong>improbitas,</strong></span> <span class='ocrx_word' id='word_1_66' title='bbox 1269 780 1361 827; x_wconf 87' lang='lat' dir='ltr'><strong>aut</strong></span> <span class='ocrx_word' id='word_1_67' title='bbox 1401 774 1451 826; x_wconf 94' lang='lat' dir='ltr'><strong>in</strong></span> <span class='ocrx_word' id='word_1_68' title='bbox 1492 774 1725 845; x_wconf 85' lang='lat' dir='ltr'><strong>abyssis,</strong></span> <span class='ocrx_word' id='word_1_69' title='bbox 1754 771 2185 841; x_wconf 79' lang='lat' dir='ltr'><strong>velutiniquitas</strong></span> 
     </span>
    </p>
   </div>
   <div class='ocr_carea' id='block_1_11' title="bbox 609 861 2182 934">
    <p class='ocr_par' dir='ltr' id='par_1_11' title="bbox 609 861 2182 934">
     <span class='ocr_line' id='line_1_11' title="bbox 609 861 2182 934; baseline -0.001 -16"><span class='ocrx_word' id='word_1_70' title='bbox 609 861 963 918; x_wconf 68' lang='lat' dir='ltr'><strong>Sceleslorum</strong></span> <span class='ocrx_word' id='word_1_71' title='bbox 1022 863 1253 927; x_wconf 88' lang='lat' dir='ltr'><strong>illorum,</strong></span> <span class='ocrx_word' id='word_1_72' title='bbox 1306 864 1399 934; x_wconf 85' lang='lat' dir='ltr'><strong>qui</strong></span> <span class='ocrx_word' id='word_1_73' title='bbox 1449 865 1573 920; x_wconf 88' lang='lat' dir='ltr'><strong>illuc</strong></span> <span class='ocrx_word' id='word_1_74' title='bbox 1626 866 1778 919; x_wconf 80' lang='lat' dir='ltr'><strong>abire</strong></span> <span class='ocrx_word' id='word_1_75' title='bbox 1816 864 1953 934; x_wconf 85' lang='lat' dir='ltr'><strong>jussi</strong></span> <span class='ocrx_word' id='word_1_76' title='bbox 2013 871 2182 927; x_wconf 87' lang='lat' dir='ltr'><strong>sunt;</strong></span> 
     </span>
    </p>
   </div>
   <div class='ocr_carea' id='block_1_12' title="bbox 611 953 2179 1025">
    <p class='ocr_par' dir='ltr' id='par_1_12' title="bbox 611 953 2179 1025">
     <span class='ocr_line' id='line_1_12' title="bbox 611 953 2179 1025; baseline 0.001 -17"><span class='ocrx_word' id='word_1_77' title='bbox 611 953 771 1021; x_wconf 65' lang='lat' dir='ltr'><strong>hac,</strong></span> <span class='ocrx_word' id='word_1_78' title='bbox 832 956 1084 1025; x_wconf 83' lang='lat' dir='ltr'><strong>inquam,</strong></span> <span class='ocrx_word' id='word_1_79' title='bbox 1132 956 1272 1011; x_wconf 88' lang='lat' dir='ltr'><strong>Deus</strong></span> <span class='ocrx_word' id='word_1_80' title='bbox 1325 972 1431 1012; x_wconf 92' lang='lat' dir='ltr'><strong>non</strong></span> <span class='ocrx_word' id='word_1_81' title='bbox 1485 956 1665 1013; x_wconf 73' lang='lat' dir='ltr'><strong>eﬂecit</strong></span> <span class='ocrx_word' id='word_1_82' title='bbox 1722 958 2003 1013; x_wconf 81' lang='lat' dir='ltr'><strong>voluntate</strong></span> <span class='ocrx_word' id='word_1_83' title='bbox 2060 970 2179 1010; x_wconf 82' lang='lat' dir='ltr'><strong>sua.</strong></span> 
     </span>
    </p>
   </div>
   <div class='ocr_carea' id='block_1_13' title="bbox 617 1044 2183 1120">
    <p class='ocr_par' dir='ltr' id='par_1_13' title="bbox 617 1044 2183 1120">
     <span class='ocr_line' id='line_1_13' title="bbox 617 1044 2183 1120; baseline -0.001 -20"><span class='ocrx_word' id='word_1_84' title='bbox 617 1045 857 1117; x_wconf 83' lang='lat' dir='ltr'><strong>Namque</strong></span> <span class='ocrx_word' id='word_1_85' title='bbox 885 1062 951 1101; x_wconf 82' lang='lat' dir='ltr'><strong>ex</strong></span> <span class='ocrx_word' id='word_1_86' title='bbox 985 1061 1082 1103; x_wconf 90' lang='lat' dir='ltr'><strong>ore</strong></span> <span class='ocrx_word' id='word_1_87' title='bbox 1110 1044 1322 1104; x_wconf 89' lang='lat' dir='ltr'><strong>Domini</strong></span> <span class='ocrx_word' id='word_1_88' title='bbox 1357 1050 1500 1105; x_wconf 85' lang='lat' dir='ltr'><strong>haud</strong></span> <span class='ocrx_word' id='word_1_89' title='bbox 1535 1048 1825 1120; x_wconf 88' lang='lat' dir='ltr'><strong>prodibunt</strong></span> <span class='ocrx_word' id='word_1_90' title='bbox 1852 1047 1989 1101; x_wconf 85' lang='lat' dir='ltr'><strong>mala</strong></span> <span class='ocrx_word' id='word_1_91' title='bbox 2023 1045 2183 1102; x_wconf 83' lang='lat' dir='ltr'><strong>simul</strong></span> 
     </span>
    </p>
   </div>
   <div class='ocr_carea' id='block_1_14' title="bbox 607 1140 1914 1197">
    <p class='ocr_par' dir='ltr' id='par_1_14' title="bbox 607 1140 1914 1197">
     <span class='ocr_line' id='line_1_14' title="bbox 607 1140 1914 1197; baseline 0 -4"><span class='ocrx_word' id='word_1_92' title='bbox 607 1148 665 1193; x_wconf 84' lang='lat' dir='ltr'><strong>et</strong></span> <span class='ocrx_word' id='word_1_93' title='bbox 717 1140 936 1197; x_wconf 87' lang='lat' dir='ltr'><strong>bonum.</strong></span> <span class='ocrx_word' id='word_1_94' title='bbox 1902 1142 1914 1154; x_wconf 86' lang='lat'><strong>‘</strong></span> 
     </span>
    </p>
   </div>
   <div class='ocr_carea' id='block_1_15' title="bbox 722 1229 2082 1299">
    <p class='ocr_par' dir='ltr' id='par_1_15' title="bbox 722 1229 2082 1299">
     <span class='ocr_line' id='line_1_15' title="bbox 722 1229 2082 1299; baseline 0.002 -18"><span class='ocrx_word' id='word_1_95' title='bbox 722 1229 885 1287; x_wconf 73' lang='lat' dir='ltr'><strong>Vens.</strong></span> <span class='ocrx_word' id='word_1_96' title='bbox 916 1233 973 1288; x_wconf 87' lang='grc'><strong>’1.</strong></span> <span class='ocrx_word' id='word_1_97' title='bbox 1010 1232 1114 1299; x_wconf 84' lang='lat' dir='ltr'><strong>Qui</strong></span> <span class='ocrx_word' id='word_1_98' title='bbox 1146 1234 1321 1289; x_wconf 79' lang='lat' dir='ltr'><strong>educit</strong></span> <span class='ocrx_word' id='word_1_99' title='bbox 1354 1240 1531 1288; x_wconf 74' lang='lat' dir='ltr'><strong>uentos</strong></span> <span class='ocrx_word' id='word_1_100' title='bbox 1558 1233 1623 1287; x_wconf 91' lang='lat' dir='ltr'><strong>de</strong></span> <span class='ocrx_word' id='word_1_101' title='bbox 1655 1234 1917 1287; x_wconf 74' lang='lat' dir='ltr'><strong>thesauris</strong></span> <span class='ocrx_word' id='word_1_102' title='bbox 1952 1232 2082 1286; x_wconf 87' lang='lat' dir='ltr'><strong>suis.</strong></span> 
     </span>
    </p>
   </div>
   <div class='ocr_carea' id='block_1_16' title="bbox 686 1324 2181 1393">
    <p class='ocr_par' dir='ltr' id='par_1_16' title="bbox 686 1324 2181 1393">
     <span class='ocr_line' id='line_1_16' title="bbox 686 1324 2181 1393; baseline 0.004 -17"><span class='ocrx_word' id='word_1_103' title='bbox 686 1324 817 1378; x_wconf 88' lang='lat' dir='ltr'><strong>Dum</strong></span> <span class='ocrx_word' id='word_1_104' title='bbox 867 1326 955 1382; x_wconf 91' lang='lat' dir='ltr'><strong>hic</strong></span> <span class='ocrx_word' id='word_1_105' title='bbox 1004 1327 1139 1383; x_wconf 89' lang='lat' dir='ltr'><strong>dicit</strong></span> <span class='ocrx_word' id='word_1_106' title='bbox 1198 1333 1522 1393; x_wconf 80' lang='lat' dir='ltr'><strong>thesauros.</strong></span> <span class='ocrx_word' id='word_1_107' title='bbox 1585 1329 1731 1384; x_wconf 85' lang='lat' dir='ltr'><strong>haud</strong></span> <span class='ocrx_word' id='word_1_108' title='bbox 1778 1344 1909 1383; x_wconf 87' lang='lat' dir='ltr'><strong>sane</strong></span> <span class='ocrx_word' id='word_1_109' title='bbox 1978 1330 2181 1383; x_wconf 80' lang='lat' dir='ltr'><strong>indicat</strong></span> 
     </span>
    </p>
   </div>
   <div class='ocr_carea' id='block_1_17' title="bbox 611 1417 2179 1487">
    <p class='ocr_par' dir='ltr' id='par_1_17' title="bbox 611 1417 2179 1487">
     <span class='ocr_line' id='line_1_17' title="bbox 611 1417 2179 1487; baseline 0.002 -18"><span class='ocrx_word' id='word_1_110' title='bbox 611 1418 871 1485; x_wconf 84' lang='lat' dir='ltr'><strong>quosdam</strong></span> <span class='ocrx_word' id='word_1_111' title='bbox 923 1434 1046 1475; x_wconf 86' lang='lat' dir='ltr'><strong>esse</strong></span> <span class='ocrx_word' id='word_1_112' title='bbox 1100 1427 1384 1474; x_wconf 85' lang='lat' dir='ltr'><strong>ventorum</strong></span> <span class='ocrx_word' id='word_1_113' title='bbox 1424 1419 1747 1486; x_wconf 81' lang='lat' dir='ltr'><strong>thesauros,</strong></span> <span class='ocrx_word' id='word_1_114' title='bbox 1795 1420 1889 1474; x_wconf 89' lang='lat' dir='ltr'><strong>sed</strong></span> <span class='ocrx_word' id='word_1_115' title='bbox 1936 1417 2179 1487; x_wconf 74' lang='lat' dir='ltr'><strong>iubentis</strong></span> 
     </span>
    </p>
   </div>
   <div class='ocr_carea' id='block_1_18' title="bbox 609 1508 2179 1581">
    <p class='ocr_par' dir='ltr' id='par_1_18' title="bbox 609 1508 2179 1581">
     <span class='ocr_line' id='line_1_18' title="bbox 609 1508 2179 1581; baseline -0.001 -18"><span class='ocrx_word' id='word_1_116' title='bbox 609 1509 790 1579; x_wconf 86' lang='lat' dir='ltr'><strong>potius</strong></span> <span class='ocrx_word' id='word_1_117' title='bbox 821 1510 1179 1573; x_wconf 85' lang='lat' dir='ltr'><strong>celeritatem,</strong></span> <span class='ocrx_word' id='word_1_118' title='bbox 1212 1520 1267 1564; x_wconf 86' lang='lat' dir='ltr'><strong>et</strong></span> <span class='ocrx_word' id='word_1_119' title='bbox 1300 1513 1378 1564; x_wconf 86' lang='lat' dir='ltr'><strong>rei</strong></span> <span class='ocrx_word' id='word_1_120' title='bbox 1422 1526 1688 1581; x_wconf 63' lang='lat' dir='ltr'><strong>possessas</strong></span> <span class='ocrx_word' id='word_1_121' title='bbox 1720 1519 1967 1581; x_wconf 81' lang='lat' dir='ltr'><strong>paratam</strong></span> <span class='ocrx_word' id='word_1_122' title='bbox 2006 1508 2179 1563; x_wconf 80' lang='lat' dir='ltr'><strong>facili-</strong></span> 
     </span>
    </p>
   </div>
   <div class='ocr_carea' id='block_1_19' title="bbox 610 1601 2173 1675">
    <p class='ocr_par' dir='ltr' id='par_1_19' title="bbox 610 1601 2173 1675">
     <span class='ocr_line' id='line_1_19' title="bbox 610 1601 2173 1675; baseline 0.001 -21"><span class='ocrx_word' id='word_1_123' title='bbox 610 1610 799 1657; x_wconf 84' lang='lat' dir='ltr'><strong>tatem.</strong></span> <span class='ocrx_word' id='word_1_124' title='bbox 842 1603 995 1659; x_wconf 90' lang='lat' dir='ltr'><strong>Sicut</strong></span> <span class='ocrx_word' id='word_1_125' title='bbox 1027 1604 1170 1659; x_wconf 89' lang='lat' dir='ltr'><strong>enim</strong></span> <span class='ocrx_word' id='word_1_126' title='bbox 1201 1604 1291 1673; x_wconf 89' lang='lat' dir='ltr'><strong>qui</strong></span> <span class='ocrx_word' id='word_1_127' title='bbox 1326 1604 1638 1659; x_wconf 78' lang='lat' dir='ltr'><strong>thesaurum</strong></span> <span class='ocrx_word' id='word_1_128' title='bbox 1690 1604 1831 1675; x_wconf 88' lang='lat' dir='ltr'><strong>apud</strong></span> <span class='ocrx_word' id='word_1_129' title='bbox 1877 1618 1937 1659; x_wconf 85' lang='lat' dir='ltr'><strong>se</strong></span> <span class='ocrx_word' id='word_1_130' title='bbox 1987 1601 2173 1667; x_wconf 86' lang='lat' dir='ltr'><strong>habet,</strong></span> 
     </span>
    </p>
   </div>
   <div class='ocr_carea' id='block_1_20' title="bbox 608 1692 2174 1765">
    <p class='ocr_par' dir='ltr' id='par_1_20' title="bbox 608 1692 2174 1765">
     <span class='ocr_line' id='line_1_20' title="bbox 608 1692 2174 1765; baseline 0.001 -21"><span class='ocrx_word' id='word_1_131' title='bbox 608 1692 860 1762; x_wconf 79' lang='lat' dir='ltr'><strong>expedite</strong></span> <span class='ocrx_word' id='word_1_132' title='bbox 912 1694 1235 1761; x_wconf 85' lang='lat' dir='ltr'><strong>admodum,</strong></span> <span class='ocrx_word' id='word_1_133' title='bbox 1288 1696 1718 1765; x_wconf 84' lang='lat' dir='ltr'><strong>quotiescunque</strong></span> <span class='ocrx_word' id='word_1_134' title='bbox 1781 1694 1927 1760; x_wconf 89' lang='lat' dir='ltr'><strong>vult,</strong></span> <span class='ocrx_word' id='word_1_135' title='bbox 1980 1702 2174 1747; x_wconf 87' lang='lat' dir='ltr'><strong>cuncta</strong></span> 
     </span>
    </p>
   </div>
   <div class='ocr_carea' id='block_1_21' title="bbox 2285 764 3860 841">
    <p class='ocr_par' dir='ltr' id='par_1_21' title="bbox 2285 764 3860 841">
     <span class='ocr_line' id='line_1_21' title="bbox 2285 764 3860 841; baseline -0.003 -18"><span class='ocrx_word' id='word_1_136' title='bbox 2285 770 2575 841; x_wconf 86' lang='grc' dir='ltr'>δράκοντος</span> <span class='ocrx_word' id='word_1_137' title='bbox 2604 766 2790 830; x_wconf 84' lang='grc' dir='ltr'>κακία,</span> <span class='ocrx_word' id='word_1_138' title='bbox 2822 767 2855 838; x_wconf 81' lang='grc' dir='ltr'>ἢ</span> <span class='ocrx_word' id='word_1_139' title='bbox 2892 768 2949 818; x_wconf 88' lang='grc' dir='ltr'><strong>ἐν</strong></span> <span class='ocrx_word' id='word_1_140' title='bbox 2999 767 3118 828; x_wconf 80' lang='grc' dir='ltr'>ταῖς</span> <span class='ocrx_word' id='word_1_141' title='bbox 3154 764 3416 828; x_wconf 77' lang='grc' dir='ltr'>ἀϐύσσοις</span> <span class='ocrx_word' id='word_1_142' title='bbox 3442 764 3519 827; x_wconf 84' lang='grc' dir='ltr'><strong>ὡς</strong></span> <span class='ocrx_word' id='word_1_143' title='bbox 3558 765 3592 834; x_wconf 82' lang='grc' dir='ltr'><strong>ή</strong></span> <span class='ocrx_word' id='word_1_144' title='bbox 3627 764 3860 834; x_wconf 77' lang='grc' dir='ltr'><strong>πονηρία</strong></span> 
     </span>
    </p>
   </div>
   <div class='ocr_carea' id='block_1_22' title="bbox 2282 852 3861 931">
    <p class='ocr_par' dir='ltr' id='par_1_22' title="bbox 2282 852 3861 931">
     <span class='ocr_line' id='line_1_22' title="bbox 2282 852 3861 931; baseline -0.004 -17"><span class='ocrx_word' id='word_1_145' title='bbox 2282 860 2391 915; x_wconf 85' lang='grc' dir='ltr'>τῶν</span> <span class='ocrx_word' id='word_1_146' title='bbox 2442 858 2937 931; x_wconf 84' lang='grc' dir='ltr'>προστασσομένων</span> <span class='ocrx_word' id='word_1_147' title='bbox 2976 857 3092 908; x_wconf 81' lang='grc' dir='ltr'>ἐκεῖ</span> <span class='ocrx_word' id='word_1_148' title='bbox 3137 854 3389 909; x_wconf 82' lang='grc' dir='ltr'><strong>ἀπελθεῖν</strong></span> <span class='ocrx_word' id='word_1_149' title='bbox 3443 852 3648 917; x_wconf 84' lang='grc' dir='ltr'>κακῶν,</span> <span class='ocrx_word' id='word_1_150' title='bbox 3703 853 3861 907; x_wconf 84' lang='grc' dir='ltr'>τοῦτο</span> 
     </span>
    </p>
   </div>
   <div class='ocr_carea' id='block_1_23' title="bbox 2282 944 3861 1021">
    <p class='ocr_par' dir='ltr' id='par_1_23' title="bbox 2282 944 3861 1021">
     <span class='ocr_line' id='line_1_23' title="bbox 2282 944 3861 1021; baseline -0.004 -17"><span class='ocrx_word' id='word_1_151' title='bbox 2282 952 2380 1021; x_wconf 81' lang='grc' dir='ltr'><strong>οὐχ</strong></span> <span class='ocrx_word' id='word_1_152' title='bbox 2406 952 2435 1003; x_wconf 86' lang='grc' dir='ltr'><strong>ό</strong></span> <span class='ocrx_word' id='word_1_153' title='bbox 2466 950 2597 1014; x_wconf 81' lang='grc' dir='ltr'><strong>Θεὸς</strong></span> <span class='ocrx_word' id='word_1_154' title='bbox 2624 948 2843 1020; x_wconf 82' lang='grc' dir='ltr'>ἐποίησε</span> <span class='ocrx_word' id='word_1_155' title='bbox 2872 946 2948 1017; x_wconf 85' lang='grc' dir='ltr'>τῷ</span> <span class='ocrx_word' id='word_1_156' title='bbox 2976 945 3241 1017; x_wconf 83' lang='grc' dir='ltr'><strong>θελήματι</strong></span> <span class='ocrx_word' id='word_1_157' title='bbox 3273 945 3437 1000; x_wconf 77' lang='grc' dir='ltr'>αὐτοῦ</span> <span class='ocrx_word' id='word_1_158' title='bbox 3461 963 3474 975; x_wconf 88' lang='grc'>·</span> <span class='ocrx_word' id='word_1_159' title='bbox 3508 948 3571 999; x_wconf 86' lang='grc' dir='ltr'><strong>ἐκ</strong></span> <span class='ocrx_word' id='word_1_160' title='bbox 3602 944 3712 1015; x_wconf 81' lang='grc' dir='ltr'><strong>γὰρ</strong></span> <span class='ocrx_word' id='word_1_161' title='bbox 3740 945 3861 998; x_wconf 83' lang='grc' dir='ltr'>στό-</span> 
     </span>
    </p>
   </div>
   <div class='ocr_carea' id='block_1_24' title="bbox 2285 1034 3859 1110">
    <p class='ocr_par' dir='ltr' id='par_1_24' title="bbox 2285 1034 3859 1110">
     <span class='ocr_line' id='line_1_24' title="bbox 2285 1034 3859 1110; baseline -0.001 -18"><span class='ocrx_word' id='word_1_162' title='bbox 2285 1056 2453 1109; x_wconf 87' lang='grc' dir='ltr'>ματος</span> <span class='ocrx_word' id='word_1_163' title='bbox 2496 1038 2699 1110; x_wconf 80' lang='grc' dir='ltr'><strong>Κυρίου</strong></span> <span class='ocrx_word' id='word_1_164' title='bbox 2750 1039 2849 1092; x_wconf 86' lang='grc' dir='ltr'>οὐκ</span> <span class='ocrx_word' id='word_1_165' title='bbox 2916 1036 3259 1104; x_wconf 75' lang='grc' dir='ltr'>ἐξελεύσεται</span> <span class='ocrx_word' id='word_1_166' title='bbox 3309 1047 3379 1091; x_wconf 85' lang='grc' dir='ltr'><strong>τα</strong></span> <span class='ocrx_word' id='word_1_167' title='bbox 3439 1036 3587 1090; x_wconf 86' lang='grc' dir='ltr'><strong>κακά</strong></span> <span class='ocrx_word' id='word_1_168' title='bbox 3642 1036 3740 1090; x_wconf 78' lang='grc' dir='ltr'>καὶ</span> <span class='ocrx_word' id='word_1_169' title='bbox 3794 1034 3859 1091; x_wconf 74' lang='grc' dir='ltr'>τὸ</span> 
     </span>
    </p>
   </div>
   <div class='ocr_carea' id='block_1_25' title="bbox 2280 1131 2504 1201">
    <p class='ocr_par' dir='ltr' id='par_1_25' title="bbox 2280 1131 2504 1201">
     <span class='ocr_line' id='line_1_25' title="bbox 2280 1131 2504 1201; baseline 0.004 -16"><span class='ocrx_word' id='word_1_170' title='bbox 2280 1131 2504 1201; x_wconf 84' lang='grc' dir='ltr'>ἀγαθόν.</span> 
     </span>
    </p>
   </div>
   <div class='ocr_carea' id='block_1_26' title="bbox 2432 1219 3714 1291">
    <p class='ocr_par' dir='ltr' id='par_1_26' title="bbox 2432 1219 3714 1291">
     <span class='ocr_line' id='line_1_26' title="bbox 2432 1219 3714 1291; baseline 0.001 -16"><span class='ocrx_word' id='word_1_171' title='bbox 2432 1225 2485 1275; x_wconf 88' lang='lat'><strong>&#39;0</strong></span> <span class='ocrx_word' id='word_1_172' title='bbox 2513 1221 2745 1291; x_wconf 77' lang='grc' dir='ltr'>ἐξάγων</span> <span class='ocrx_word' id='word_1_173' title='bbox 2774 1220 3031 1290; x_wconf 79' lang='grc' dir='ltr'><strong>ἀνέμους</strong></span> <span class='ocrx_word' id='word_1_174' title='bbox 3056 1221 3125 1274; x_wconf 80' lang='grc' dir='ltr'><strong>ἐκ</strong></span> <span class='ocrx_word' id='word_1_175' title='bbox 3157 1219 3476 1287; x_wconf 76' lang='grc' dir='ltr'><strong>θησαυρῶν</strong></span> <span class='ocrx_word' id='word_1_176' title='bbox 3506 1220 3714 1276; x_wconf 83' lang='grc' dir='ltr'>αὐτοῦ.</span> 
     </span>
    </p>
   </div>
   <div class='ocr_carea' id='block_1_27' title="bbox 2351 1310 3860 1387">
    <p class='ocr_par' dir='ltr' id='par_1_27' title="bbox 2351 1310 3860 1387">
     <span class='ocr_line' id='line_1_27' title="bbox 2351 1310 3860 1387; baseline 0 -22"><span class='ocrx_word' id='word_1_177' title='bbox 2351 1314 2423 1366; x_wconf 86' lang='grc' dir='ltr'><strong>Τὸ</strong></span> <span class='ocrx_word' id='word_1_178' title='bbox 2447 1315 2621 1366; x_wconf 76' lang='grc' dir='ltr'>εἰπεῖν</span> <span class='ocrx_word' id='word_1_179' title='bbox 2653 1314 2716 1367; x_wconf 81' lang='grc' dir='ltr'><strong>ἐκ</strong></span> <span class='ocrx_word' id='word_1_180' title='bbox 2747 1313 3067 1387; x_wconf 80' lang='grc' dir='ltr'>θησαυρῶν,</span> <span class='ocrx_word' id='word_1_181' title='bbox 3084 1312 3144 1364; x_wconf 83' lang='grc' dir='ltr'>οὐ</span> <span class='ocrx_word' id='word_1_182' title='bbox 3169 1310 3329 1364; x_wconf 82' lang='grc' dir='ltr'>τοῦτο</span> <span class='ocrx_word' id='word_1_183' title='bbox 3370 1310 3521 1381; x_wconf 88' lang='grc' dir='ltr'>δηλοῖ</span> <span class='ocrx_word' id='word_1_184' title='bbox 3547 1313 3629 1365; x_wconf 86' lang='grc' dir='ltr'><strong>ὃτι</strong></span> <span class='ocrx_word' id='word_1_185' title='bbox 3654 1312 3860 1383; x_wconf 90' lang='grc' dir='ltr'>θησαυ-</span> 
     </span>
    </p>
   </div>
   <div class='ocr_carea' id='block_1_28' title="bbox 2283 1401 3858 1474">
    <p class='ocr_par' dir='ltr' id='par_1_28' title="bbox 2283 1401 3858 1474">
     <span class='ocr_line' id='line_1_28' title="bbox 2283 1401 3858 1474; baseline 0 -19"><span class='ocrx_word' id='word_1_186' title='bbox 2283 1404 2363 1474; x_wconf 90' lang='grc' dir='ltr'><strong>ροί</strong></span> <span class='ocrx_word' id='word_1_187' title='bbox 2398 1405 2541 1467; x_wconf 87' lang='grc' dir='ltr'>τινές</span> <span class='ocrx_word' id='word_1_188' title='bbox 2573 1405 2679 1457; x_wconf 88' lang='grc' dir='ltr'>είσι</span> <span class='ocrx_word' id='word_1_189' title='bbox 2705 1403 2812 1457; x_wconf 84' lang='grc' dir='ltr'><strong>τῶν</strong></span> <span class='ocrx_word' id='word_1_190' title='bbox 2845 1403 3082 1474; x_wconf 87' lang='grc' dir='ltr'>ἀνέμων,</span> <span class='ocrx_word' id='word_1_191' title='bbox 3123 1402 3259 1456; x_wconf 86' lang='grc' dir='ltr'>ἀλλὰ</span> <span class='ocrx_word' id='word_1_192' title='bbox 3286 1402 3346 1454; x_wconf 85' lang='grc' dir='ltr'>τὸ</span> <span class='ocrx_word' id='word_1_193' title='bbox 3377 1401 3593 1471; x_wconf 69' lang='grc' dir='ltr'>ἕτοιμον</span> <span class='ocrx_word' id='word_1_194' title='bbox 3617 1402 3712 1455; x_wconf 82' lang='grc' dir='ltr'>τοῦ</span> <span class='ocrx_word' id='word_1_195' title='bbox 3738 1404 3858 1455; x_wconf 86' lang='grc' dir='ltr'>ἐπι-</span> 
     </span>
    </p>
   </div>
   <div class='ocr_carea' id='block_1_29' title="bbox 2276 1492 3857 1563">
    <p class='ocr_par' dir='ltr' id='par_1_29' title="bbox 2276 1492 3857 1563">
     <span class='ocr_line' id='line_1_29' title="bbox 2276 1492 3857 1563; baseline -0.001 -17"><span class='ocrx_word' id='word_1_196' title='bbox 2276 1495 2582 1557; x_wconf 83' lang='grc' dir='ltr'>τάττοντος,</span> <span class='ocrx_word' id='word_1_197' title='bbox 2616 1493 2675 1546; x_wconf 82' lang='grc' dir='ltr'>τὸ</span> <span class='ocrx_word' id='word_1_198' title='bbox 2707 1492 2929 1546; x_wconf 74' lang='grc' dir='ltr'>εὔκολον</span> <span class='ocrx_word' id='word_1_199' title='bbox 2966 1493 3066 1563; x_wconf 83' lang='grc' dir='ltr'>τῆς</span> <span class='ocrx_word' id='word_1_200' title='bbox 3116 1492 3361 1561; x_wconf 84' lang='grc' dir='ltr'>κτήσεως</span> <span class='ocrx_word' id='word_1_201' title='bbox 3407 1492 3857 1562; x_wconf 84' lang='grc' dir='ltr'>παρεσκευασμέ-</span> 
     </span>
    </p>
   </div>
   <div class='ocr_carea' id='block_1_30' title="bbox 2279 1580 3856 1656">
    <p class='ocr_par' dir='ltr' id='par_1_30' title="bbox 2279 1580 3856 1656">
     <span class='ocr_line' id='line_1_30' title="bbox 2279 1580 3856 1656; baseline -0.002 -19"><span class='ocrx_word' id='word_1_202' title='bbox 2279 1601 2400 1637; x_wconf 90' lang='grc' dir='ltr'>νον·</span> <span class='ocrx_word' id='word_1_203' title='bbox 2453 1583 2639 1656; x_wconf 83' lang='grc' dir='ltr'>ὥσπερ</span> <span class='ocrx_word' id='word_1_204' title='bbox 2686 1583 2750 1637; x_wconf 84' lang='grc' dir='ltr'><strong>ἂν</strong></span> <span class='ocrx_word' id='word_1_205' title='bbox 2804 1585 2831 1636; x_wconf 85' lang='grc' dir='ltr'><strong>ό</strong></span> <span class='ocrx_word' id='word_1_206' title='bbox 2885 1584 2941 1635; x_wconf 83' lang='grc' dir='ltr'><strong>ἐν</strong></span> <span class='ocrx_word' id='word_1_207' title='bbox 2990 1580 3251 1653; x_wconf 82' lang='grc' dir='ltr'>Θησαυρῷ</span> <span class='ocrx_word' id='word_1_208' title='bbox 3298 1581 3436 1651; x_wconf 77' lang='grc' dir='ltr'>ἔχων</span> <span class='ocrx_word' id='word_1_209' title='bbox 3488 1582 3627 1652; x_wconf 89' lang='grc' dir='ltr'><strong>μετά</strong></span> <span class='ocrx_word' id='word_1_210' title='bbox 3673 1580 3856 1645; x_wconf 84' lang='grc' dir='ltr'>ἀδείας</span> 
     </span>
    </p>
   </div>
   <div class='ocr_carea' id='block_1_31' title="bbox 2277 1669 3853 1743">
    <p class='ocr_par' dir='ltr' id='par_1_31' title="bbox 2277 1669 3853 1743">
     <span class='ocr_line' id='line_1_31' title="bbox 2277 1669 3853 1743; baseline -0.001 -17"><span class='ocrx_word' id='word_1_211' title='bbox 2277 1672 2459 1741; x_wconf 83' lang='grc' dir='ltr'>ἐξάγει</span> <span class='ocrx_word' id='word_1_212' title='bbox 2493 1674 2668 1726; x_wconf 86' lang='grc' dir='ltr'>πάντα</span> <span class='ocrx_word' id='word_1_213' title='bbox 2692 1672 2785 1725; x_wconf 76' lang='grc' dir='ltr'>καὶ</span> <span class='ocrx_word' id='word_1_214' title='bbox 2805 1674 2892 1725; x_wconf 86' lang='grc' dir='ltr'><strong>ὅτε</strong></span> <span class='ocrx_word' id='word_1_215' title='bbox 2921 1670 3191 1743; x_wconf 84' lang='grc' dir='ltr'>βούλεται,</span> <span class='ocrx_word' id='word_1_216' title='bbox 3221 1669 3394 1735; x_wconf 80' lang='grc' dir='ltr'>οὕτως</span> <span class='ocrx_word' id='word_1_217' title='bbox 3420 1672 3513 1724; x_wconf 84' lang='grc' dir='ltr'>καὶ</span> <span class='ocrx_word' id='word_1_218' title='bbox 3535 1672 3563 1723; x_wconf 88' lang='grc' dir='ltr'>ὁ</span> <span class='ocrx_word' id='word_1_219' title='bbox 3589 1671 3680 1724; x_wconf 78' lang='grc' dir='ltr'>τοῦ</span> <span class='ocrx_word' id='word_1_220' title='bbox 3713 1688 3853 1726; x_wconf 86' lang='grc' dir='ltr'>παν-</span> 
     </span>
    </p>
   </div>
   <div class='ocr_carea' id='block_1_32' title="bbox 612 1762 2174 1853">
    <p class='ocr_par' dir='ltr' id='par_1_32' title="bbox 612 1762 2174 1853">
     <span class='ocr_line' id='line_1_32' title="bbox 612 1762 2174 1853; baseline 0.001 -17"><span class='ocrx_word' id='word_1_221' title='bbox 612 1781 741 1836; x_wconf 86' lang='lat' dir='ltr'><strong>iude</strong></span> <span class='ocrx_word' id='word_1_222' title='bbox 777 1784 1017 1853; x_wconf 80' lang='lat' dir='ltr'><strong>profert;</strong></span> <span class='ocrx_word' id='word_1_223' title='bbox 1066 1785 1141 1839; x_wconf 87' lang='lat' dir='ltr'><strong>ita</strong></span> <span class='ocrx_word' id='word_1_224' title='bbox 1174 1793 1229 1838; x_wconf 90' lang='lat' dir='ltr'><strong>et</strong></span> <span class='ocrx_word' id='word_1_225' title='bbox 1250 1762 1487 1839; x_wconf 81' lang='lat' dir='ltr'><strong>omnium</strong></span> <span class='ocrx_word' id='word_1_226' title='bbox 1528 1762 1757 1840; x_wconf 79' lang='lat' dir='ltr'><strong>Creator</strong></span> <span class='ocrx_word' id='word_1_227' title='bbox 1786 1796 1976 1840; x_wconf 90' lang='lat' dir='ltr'><strong>cuncta</strong></span> <span class='ocrx_word' id='word_1_228' title='bbox 2020 1781 2174 1839; x_wconf 78' lang='lat' dir='ltr'><strong>facile</strong></span> 
     </span>
    </p>
   </div>
   <div class='ocr_carea' id='block_1_33' title="bbox 2273 1762 3853 1853">
    <p class='ocr_par' dir='ltr' id='par_1_33' title="bbox 2275 1762 3853 1837">
     <span class='ocr_line' id='line_1_33' title="bbox 2275 1762 3853 1837; baseline -0.002 -18"><span class='ocrx_word' id='word_1_229' title='bbox 2275 1766 2366 1830; x_wconf 71' lang='grc' dir='ltr'><strong>τὸς</strong></span> <span class='ocrx_word' id='word_1_230' title='bbox 2401 1766 2739 1837; x_wconf 83' lang='grc' dir='ltr'>Δημιουργὸς</span> <span class='ocrx_word' id='word_1_231' title='bbox 2774 1765 2948 1818; x_wconf 86' lang='grc' dir='ltr'>πάντα</span> <span class='ocrx_word' id='word_1_232' title='bbox 2974 1762 3207 1826; x_wconf 80' lang='grc' dir='ltr'><strong>εὐκόλως</strong></span> <span class='ocrx_word' id='word_1_233' title='bbox 3238 1763 3460 1834; x_wconf 80' lang='grc' dir='ltr'>ἐποίησε</span> <span class='ocrx_word' id='word_1_234' title='bbox 3490 1766 3581 1817; x_wconf 73' lang='grc' dir='ltr'><strong>καὶ</strong></span> <span class='ocrx_word' id='word_1_235' title='bbox 3603 1767 3669 1836; x_wconf 77' lang='grc' dir='ltr'><strong>τῇ</strong></span> <span class='ocrx_word' id='word_1_236' title='bbox 3695 1764 3853 1833; x_wconf 75' lang='grc' dir='ltr'>φύσει</span> 
     </span>
    </p>
   </div>
   <div class='ocr_carea' id='block_1_34' title="bbox 604 1870 1679 1944">
    <p class='ocr_par' dir='ltr' id='par_1_34' title="bbox 604 1870 1679 1944">
     <span class='ocr_line' id='line_1_34' title="bbox 604 1870 1679 1944; baseline 0.001 -18"><span class='ocrx_word' id='word_1_237' title='bbox 604 1870 803 1939; x_wconf 81' lang='lat' dir='ltr'><strong>eﬂ&#39;ecit,</strong></span> <span class='ocrx_word' id='word_1_238' title='bbox 834 1884 887 1927; x_wconf 86' lang='lat' dir='ltr'><strong>et</strong></span> <span class='ocrx_word' id='word_1_239' title='bbox 915 1875 981 1928; x_wconf 87' lang='lat' dir='ltr'><strong>ad</strong></span> <span class='ocrx_word' id='word_1_240' title='bbox 1008 1876 1386 1931; x_wconf 80' lang='lat' dir='ltr'><strong>exsistentiam</strong></span> <span class='ocrx_word' id='word_1_241' title='bbox 1413 1876 1679 1944; x_wconf 81' lang='lat' dir='ltr'><strong>perduxit.</strong></span> 
     </span>
    </p>
   </div>
   <div class='ocr_carea' id='block_1_35' title="bbox 714 1962 2067 2037">
    <p class='ocr_par' dir='ltr' id='par_1_35' title="bbox 714 1962 2067 2037">
     <span class='ocr_line' id='line_1_35' title="bbox 714 1962 2067 2037; baseline 0.002 -20"><span class='ocrx_word' id='word_1_242' title='bbox 714 1962 879 2018; x_wconf 71' lang='lat' dir='ltr'><strong>Vnus.</strong></span> <span class='ocrx_word' id='word_1_243' title='bbox 913 1964 967 2019; x_wconf 90' lang='lat'><strong>8.</strong></span> <span class='ocrx_word' id='word_1_244' title='bbox 1018 1965 1124 2029; x_wconf 79' lang='lat' dir='ltr'><strong>Qui</strong></span> <span class='ocrx_word' id='word_1_245' title='bbox 1162 1969 1419 2036; x_wconf 86' lang='lat' dir='ltr'><strong>percussit</strong></span> <span class='ocrx_word' id='word_1_246' title='bbox 1447 1967 1795 2037; x_wconf 78' lang='lat' dir='ltr'><strong>primogenita</strong></span> <span class='ocrx_word' id='word_1_247' title='bbox 1825 1964 2067 2037; x_wconf 51' lang='lat' dir='ltr'><strong>ngypti.</strong></span> 
     </span>
    </p>
   </div>
   <div class='ocr_carea' id='block_1_36' title="bbox 676 2056 2176 2123">
    <p class='ocr_par' dir='ltr' id='par_1_36' title="bbox 676 2056 2176 2123">
     <span class='ocr_line' id='line_1_36' title="bbox 676 2056 2176 2123; baseline 0.002 -13"><span class='ocrx_word' id='word_1_248' title='bbox 676 2056 813 2123; x_wconf 84' lang='lat' dir='ltr'><strong>Quia</strong></span> <span class='ocrx_word' id='word_1_249' title='bbox 846 2058 1085 2111; x_wconf 90' lang='lat' dir='ltr'><strong>nonnulli</strong></span> <span class='ocrx_word' id='word_1_250' title='bbox 1132 2059 1398 2113; x_wconf 88' lang='lat' dir='ltr'><strong>mundana</strong></span> <span class='ocrx_word' id='word_1_251' title='bbox 1433 2060 1801 2115; x_wconf 82' lang='lat' dir='ltr'><strong>tantummodo</strong></span> <span class='ocrx_word' id='word_1_252' title='bbox 1836 2074 1901 2115; x_wconf 88' lang='lat' dir='ltr'><strong>ac</strong></span> <span class='ocrx_word' id='word_1_253' title='bbox 1931 2058 2176 2114; x_wconf 64' lang='lat' dir='ltr'><strong>coelestia</strong></span> 
     </span>
    </p>
   </div>
   <div class='ocr_carea' id='block_1_37' title="bbox 602 2148 2178 2218">
    <p class='ocr_par' dir='ltr' id='par_1_37' title="bbox 602 2148 2178 2218">
     <span class='ocr_line' id='line_1_37' title="bbox 602 2148 2178 2218; baseline 0.001 -17"><span class='ocrx_word' id='word_1_254' title='bbox 602 2148 796 2204; x_wconf 87' lang='lat' dir='ltr'><strong>dicunt</strong></span> <span class='ocrx_word' id='word_1_255' title='bbox 835 2148 1174 2217; x_wconf 76' lang='lat' dir='ltr'><strong>providentia</strong></span> <span class='ocrx_word' id='word_1_256' title='bbox 1219 2150 1310 2205; x_wconf 89' lang='lat' dir='ltr'><strong>Dei</strong></span> <span class='ocrx_word' id='word_1_257' title='bbox 1359 2149 1673 2218; x_wconf 66' lang='grc' dir='ltr'><strong>κύδει-ηανξ,</strong></span> <span class='ocrx_word' id='word_1_258' title='bbox 1698 2150 2038 2205; x_wconf 88' lang='lat' dir='ltr'><strong>demonstrat</strong></span> <span class='ocrx_word' id='word_1_259' title='bbox 2084 2151 2178 2204; x_wconf 87' lang='lat' dir='ltr'><strong>hu-</strong></span> 
     </span>
    </p>
   </div>
   <div class='ocr_carea' id='block_1_38' title="bbox 608 2241 2176 2310">
    <p class='ocr_par' dir='ltr' id='par_1_38' title="bbox 608 2241 2176 2310">
     <span class='ocr_line' id='line_1_38' title="bbox 608 2241 2176 2310; baseline 0.001 -19"><span class='ocrx_word' id='word_1_260' title='bbox 608 2254 766 2293; x_wconf 81' lang='lat' dir='ltr'><strong>mana</strong></span> <span class='ocrx_word' id='word_1_261' title='bbox 799 2254 1013 2308; x_wconf 91' lang='lat' dir='ltr'><strong>quoque</strong></span> <span class='ocrx_word' id='word_1_262' title='bbox 1048 2255 1191 2295; x_wconf 74' lang='lat' dir='ltr'><strong>cura:</strong></span> <span class='ocrx_word' id='word_1_263' title='bbox 1225 2256 1345 2297; x_wconf 87' lang='lat' dir='ltr'><strong>esse</strong></span> <span class='ocrx_word' id='word_1_264' title='bbox 1371 2242 1570 2308; x_wconf 87' lang='lat' dir='ltr'><strong>eidem,</strong></span> <span class='ocrx_word' id='word_1_265' title='bbox 1609 2242 1700 2310; x_wconf 90' lang='lat' dir='ltr'><strong>qui</strong></span> <span class='ocrx_word' id='word_1_266' title='bbox 1728 2250 1784 2294; x_wconf 89' lang='lat' dir='ltr'><strong>et</strong></span> <span class='ocrx_word' id='word_1_267' title='bbox 1812 2255 1954 2295; x_wconf 91' lang='lat' dir='ltr'><strong>nunc</strong></span> <span class='ocrx_word' id='word_1_268' title='bbox 1984 2241 2176 2309; x_wconf 85' lang='lat' dir='ltr'><strong>impios</strong></span> 
     </span>
    </p>
   </div>
   <div class='ocr_carea' id='block_1_39' title="bbox 606 2328 2173 2410">
    <p class='ocr_par' dir='ltr' id='par_1_39' title="bbox 606 2328 2173 2410">
     <span class='ocr_line' id='line_1_39' title="bbox 606 2328 2173 2410; baseline 0.005 -34"><span class='ocrx_word' id='word_1_269' title='bbox 606 2328 782 2395; x_wconf 81' lang='lat' dir='ltr'><strong>punit,</strong></span> <span class='ocrx_word' id='word_1_270' title='bbox 829 2338 884 2382; x_wconf 89' lang='lat' dir='ltr'><strong>et</strong></span> <span class='ocrx_word' id='word_1_271' title='bbox 934 2329 1369 2410; x_wconf 44' lang='lat' dir='ltr'><strong>piorum‘genus</strong></span> <span class='ocrx_word' id='word_1_272' title='bbox 1414 2332 1671 2401; x_wconf 77' lang='lat' dir='ltr'><strong>protegit.</strong></span> <span class='ocrx_word' id='word_1_273' title='bbox 1720 2330 1824 2386; x_wconf 90' lang='lat' dir='ltr'><strong>Sed</strong></span> <span class='ocrx_word' id='word_1_274' title='bbox 1861 2332 2004 2386; x_wconf 89' lang='lat' dir='ltr'><strong>enim</strong></span> <span class='ocrx_word' id='word_1_275' title='bbox 2046 2331 2173 2385; x_wconf 86' lang='lat' dir='ltr'><strong>olim</strong></span> 
     </span>
    </p>
   </div>
   <div class='ocr_carea' id='block_1_40' title="bbox 606 2418 2175 2493">
    <p class='ocr_par' dir='ltr' id='par_1_40' title="bbox 606 2418 2175 2493">
     <span class='ocr_line' id='line_1_40' title="bbox 606 2418 2175 2493; baseline 0.006 -26"><span class='ocrx_word' id='word_1_276' title='bbox 606 2418 824 2484; x_wconf 81' lang='lat' dir='ltr'><strong>quidem</strong></span> <span class='ocrx_word' id='word_1_277' title='bbox 853 2419 1029 2488; x_wconf 90' lang='lat' dir='ltr'><strong>portio</strong></span> <span class='ocrx_word' id='word_1_278' title='bbox 1058 2429 1177 2475; x_wconf 89' lang='lat' dir='ltr'><strong>erat</strong></span> <span class='ocrx_word' id='word_1_279' title='bbox 1207 2422 1440 2488; x_wconf 89' lang='lat' dir='ltr'><strong>Domini,</strong></span> <span class='ocrx_word' id='word_1_280' title='bbox 1468 2423 1519 2476; x_wconf 90' lang='lat' dir='ltr'><strong>id</strong></span> <span class='ocrx_word' id='word_1_281' title='bbox 1552 2435 1636 2477; x_wconf 86' lang='lat' dir='ltr'><strong>est</strong></span> <span class='ocrx_word' id='word_1_282' title='bbox 1666 2423 1761 2478; x_wconf 86' lang='lat' dir='ltr'><strong>Dei</strong></span> <span class='ocrx_word' id='word_1_283' title='bbox 1794 2423 1975 2491; x_wconf 86' lang='lat' dir='ltr'><strong>Verbi,</strong></span> <span class='ocrx_word' id='word_1_284' title='bbox 2007 2438 2175 2493; x_wconf 86' lang='lat' dir='ltr'><strong>popu-</strong></span> 
     </span>
    </p>
   </div>
   <div class='ocr_carea' id='block_1_41' title="bbox 608 2508 2169 2585">
    <p class='ocr_par' dir='ltr' id='par_1_41' title="bbox 608 2508 2169 2585">
     <span class='ocr_line' id='line_1_41' title="bbox 608 2508 2169 2585; baseline 0.004 -23"><span class='ocrx_word' id='word_1_285' title='bbox 608 2510 693 2564; x_wconf 93' lang='lat' dir='ltr'><strong>Ius</strong></span> <span class='ocrx_word' id='word_1_286' title='bbox 737 2508 853 2576; x_wconf 84' lang='lat' dir='ltr'><strong>ejus</strong></span> <span class='ocrx_word' id='word_1_287' title='bbox 904 2508 1108 2575; x_wconf 82' lang='lat' dir='ltr'><strong>Jacob,</strong></span> <span class='ocrx_word' id='word_1_288' title='bbox 1151 2511 1421 2568; x_wconf 76' lang='lat' dir='ltr'><strong>funiculus</strong></span> <span class='ocrx_word' id='word_1_289' title='bbox 1460 2515 1794 2570; x_wconf 62' lang='lat' dir='ltr'><strong>hereditatis</strong></span> <span class='ocrx_word' id='word_1_290' title='bbox 1842 2515 1958 2585; x_wconf 85' lang='lat' dir='ltr'><strong>ejus</strong></span> <span class='ocrx_word' id='word_1_291' title='bbox 1987 2513 2169 2571; x_wconf 86' lang='lat' dir='ltr'><strong>Israel.</strong></span> 
     </span>
    </p>
   </div>
   <div class='ocr_carea' id='block_1_42' title="bbox 606 2596 2175 2675">
    <p class='ocr_par' dir='ltr' id='par_1_42' title="bbox 606 2596 2175 2675">
     <span class='ocr_line' id='line_1_42' title="bbox 606 2596 2175 2675; baseline 0.006 -25"><span class='ocrx_word' id='word_1_292' title='bbox 606 2596 898 2667; x_wconf 84' lang='lat' dir='ltr'><strong>Postquam</strong></span> <span class='ocrx_word' id='word_1_293' title='bbox 936 2614 1062 2655; x_wconf 87' lang='lat' dir='ltr'><strong>vero</strong></span> <span class='ocrx_word' id='word_1_294' title='bbox 1096 2601 1166 2656; x_wconf 94' lang='lat' dir='ltr'><strong>ob</strong></span> <span class='ocrx_word' id='word_1_295' title='bbox 1206 2618 1358 2656; x_wconf 90' lang='lat' dir='ltr'><strong>suam</strong></span> <span class='ocrx_word' id='word_1_296' title='bbox 1403 2603 1860 2675; x_wconf 72' lang='lat' dir='ltr'><strong>irreligiositalem</strong></span> <span class='ocrx_word' id='word_1_297' title='bbox 1915 2606 2002 2660; x_wconf 91' lang='lat' dir='ltr'><strong>ille</strong></span> <span class='ocrx_word' id='word_1_298' title='bbox 2050 2621 2175 2675; x_wconf 85' lang='lat' dir='ltr'><strong>pro-</strong></span> 
     </span>
    </p>
   </div>
   <div class='ocr_carea' id='block_1_43' title="bbox 603 2687 2171 2755">
    <p class='ocr_par' dir='ltr' id='par_1_43' title="bbox 603 2687 2171 2755">
     <span class='ocr_line' id='line_1_43' title="bbox 603 2687 2171 2755; baseline 0.007 -16"><span class='ocrx_word' id='word_1_299' title='bbox 603 2687 787 2755; x_wconf 64' lang='lat' dir='ltr'><strong>lapsus</strong></span> <span class='ocrx_word' id='word_1_300' title='bbox 830 2697 945 2753; x_wconf 90' lang='lat' dir='ltr'><strong>est,</strong></span> <span class='ocrx_word' id='word_1_301' title='bbox 997 2691 1198 2745; x_wconf 90' lang='lat' dir='ltr'><strong>dictum</strong></span> <span class='ocrx_word' id='word_1_302' title='bbox 1243 2692 1343 2746; x_wconf 80' lang='lat' dir='ltr'><strong>fuit</strong></span> <span class='ocrx_word' id='word_1_303' title='bbox 1391 2694 1683 2748; x_wconf 89' lang='lat' dir='ltr'><strong>bumanato</strong></span> <span class='ocrx_word' id='word_1_304' title='bbox 1714 2694 1894 2749; x_wconf 81' lang='lat' dir='ltr'><strong>Verbo</strong></span> <span class='ocrx_word' id='word_1_305' title='bbox 1932 2715 1945 2750; x_wconf 91' lang='lat'><strong>:</strong></span> <span class='ocrx_word' id='word_1_306' title='bbox 1985 2695 2109 2751; x_wconf 85' lang='lat' dir='ltr'><strong>Pete</strong></span> <span class='ocrx_word' id='word_1_307' title='bbox 2140 2714 2171 2750; x_wconf 89' lang='lat' dir='ltr'><strong>a</strong></span> 
     </span>
    </p>
   </div>
   <div class='ocr_carea' id='block_1_44' title="bbox 604 2780 1929 2851">
    <p class='ocr_par' dir='ltr' id='par_1_44' title="bbox 604 2780 1929 2851">
     <span class='ocr_line' id='line_1_44' title="bbox 604 2780 1929 2851; baseline 0.006 -19"><span class='ocrx_word' id='word_1_308' title='bbox 604 2794 705 2843; x_wconf 67' lang='lat' dir='ltr'><strong>me,</strong></span> <span class='ocrx_word' id='word_1_309' title='bbox 737 2788 784 2833; x_wconf 84' lang='lat' dir='ltr'><strong>et</strong></span> <span class='ocrx_word' id='word_1_310' title='bbox 817 2780 950 2834; x_wconf 82' lang='lat' dir='ltr'><strong>dabo</strong></span> <span class='ocrx_word' id='word_1_311' title='bbox 982 2782 1076 2833; x_wconf 85' lang='lat' dir='ltr'><strong>tibi</strong></span> <span class='ocrx_word' id='word_1_312' title='bbox 1104 2792 1279 2851; x_wconf 79' lang='lat' dir='ltr'><strong>gentes</strong></span> <span class='ocrx_word' id='word_1_313' title='bbox 1310 2782 1665 2840; x_wconf 61' lang='lat' dir='ltr'><strong>hereditatem</strong></span> <span class='ocrx_word' id='word_1_314' title='bbox 1697 2796 1841 2840; x_wconf 85' lang='lat' dir='ltr'><strong>tuam</strong></span> <span class='ocrx_word' id='word_1_315' title='bbox 1863 2787 1929 2840; x_wconf 82' lang='grc'><strong>⁸⁹.</strong></span> 
     </span>
    </p>
   </div>
   <div class='ocr_carea' id='block_1_45' title="bbox 712 2954 2065 3025">
    <p class='ocr_par' dir='ltr' id='par_1_45' title="bbox 712 2954 2065 3025">
     <span class='ocr_line' id='line_1_45' title="bbox 712 2954 2065 3025; baseline 0.007 -17"><span class='ocrx_word' id='word_1_316' title='bbox 712 2954 873 3010; x_wconf 76' lang='lat' dir='ltr'><strong>Vens.</strong></span> <span class='ocrx_word' id='word_1_317' title='bbox 907 2957 995 3012; x_wconf 74' lang='lat' dir='ltr'><strong>l5.</strong></span> <span class='ocrx_word' id='word_1_318' title='bbox 1024 2958 1266 3025; x_wconf 84' lang='lat' dir='ltr'><strong>Domine,</strong></span> <span class='ocrx_word' id='word_1_319' title='bbox 1298 2977 1484 3016; x_wconf 87' lang='lat' dir='ltr'><strong>nomen</strong></span> <span class='ocrx_word' id='word_1_320' title='bbox 1517 2971 1663 3016; x_wconf 79' lang='lat' dir='ltr'><strong>tuum</strong></span> <span class='ocrx_word' id='word_1_321' title='bbox 1703 2965 1757 3018; x_wconf 88' lang='lat' dir='ltr'><strong>in</strong></span> <span class='ocrx_word' id='word_1_322' title='bbox 1792 2976 2065 3019; x_wconf 72' lang='lat' dir='ltr'><strong>(sternunt.</strong></span> 
     </span>
    </p>
   </div>
   <div class='ocr_carea' id='block_1_46' title="bbox 674 3047 2168 3126">
    <p class='ocr_par' dir='ltr' id='par_1_46' title="bbox 674 3047 2168 3126">
     <span class='ocr_line' id='line_1_46' title="bbox 674 3047 2168 3126; baseline 0.007 -26"><span class='ocrx_word' id='word_1_323' title='bbox 674 3047 813 3101; x_wconf 84' lang='lat' dir='ltr'><strong>Nihil</strong></span> <span class='ocrx_word' id='word_1_324' title='bbox 841 3057 1121 3120; x_wconf 85' lang='lat' dir='ltr'><strong>tantopere</strong></span> <span class='ocrx_word' id='word_1_325' title='bbox 1155 3052 1222 3106; x_wconf 87' lang='lat' dir='ltr'><strong>ad</strong></span> <span class='ocrx_word' id='word_1_326' title='bbox 1250 3052 1485 3107; x_wconf 83' lang='lat' dir='ltr'><strong>divinam</strong></span> <span class='ocrx_word' id='word_1_327' title='bbox 1518 3053 1919 3110; x_wconf 84' lang='lat' dir='ltr'><strong>Providentiam</strong></span> <span class='ocrx_word' id='word_1_328' title='bbox 1938 3068 2168 3126; x_wconf 87' lang='lat' dir='ltr'><strong>spectat.</strong></span> 
     </span>
    </p>
   </div>
   <div class='ocr_carea' id='block_1_47' title="bbox 601 3140 2238 3235">
    <p class='ocr_par' dir='ltr' id='par_1_47' title="bbox 601 3140 2238 3235">
     <span class='ocr_line' id='line_1_47' title="bbox 601 3140 2238 3235; baseline 0.006 -44"><span class='ocrx_word' id='word_1_329' title='bbox 601 3154 763 3209; x_wconf 87' lang='lat' dir='ltr'><strong>quam</strong></span> <span class='ocrx_word' id='word_1_330' title='bbox 805 3140 998 3195; x_wconf 89' lang='lat' dir='ltr'><strong>docere</strong></span> <span class='ocrx_word' id='word_1_331' title='bbox 1039 3142 1306 3206; x_wconf 88' lang='lat' dir='ltr'><strong>homines,</strong></span> <span class='ocrx_word' id='word_1_332' title='bbox 1343 3158 1407 3198; x_wconf 88' lang='lat' dir='ltr'><strong>ne</strong></span> <span class='ocrx_word' id='word_1_333' title='bbox 1438 3159 1618 3199; x_wconf 88' lang='lat' dir='ltr'><strong>rerum</strong></span> <span class='ocrx_word' id='word_1_334' title='bbox 1658 3146 1796 3201; x_wconf 89' lang='lat' dir='ltr'><strong>hanc</strong></span> <span class='ocrx_word' id='word_1_335' title='bbox 1833 3146 2157 3203; x_wconf 82' lang='lat' dir='ltr'><strong>universita-</strong></span> <span class='ocrx_word' id='word_1_336' title='bbox 2197 3177 2238 3235; x_wconf 68' lang='grc' dir='ltr'>ο</span> 
     </span>
    </p>
   </div>
   <div class='ocr_carea' id='block_1_48' title="bbox 604 3232 2166 3301">
    <p class='ocr_par' dir='ltr' id='par_1_48' title="bbox 604 3232 2166 3301">
     <span class='ocr_line' id='line_1_48' title="bbox 604 3232 2166 3301; baseline 0.006 -17"><span class='ocrx_word' id='word_1_337' title='bbox 604 3242 708 3285; x_wconf 84' lang='lat' dir='ltr'><strong>tem</strong></span> <span class='ocrx_word' id='word_1_338' title='bbox 740 3234 857 3287; x_wconf 88' lang='lat' dir='ltr'><strong>sine</strong></span> <span class='ocrx_word' id='word_1_339' title='bbox 891 3232 1254 3301; x_wconf 74' lang='lat' dir='ltr'><strong>gubernatore</strong></span> <span class='ocrx_word' id='word_1_340' title='bbox 1287 3249 1406 3289; x_wconf 86' lang='lat' dir='ltr'><strong>esse</strong></span> <span class='ocrx_word' id='word_1_341' title='bbox 1438 3236 1682 3293; x_wconf 88' lang='lat' dir='ltr'><strong>credant.</strong></span> <span class='ocrx_word' id='word_1_342' title='bbox 1729 3238 1905 3301; x_wconf 84' lang='lat' dir='ltr'><strong>Quare</strong></span> <span class='ocrx_word' id='word_1_343' title='bbox 1945 3247 2001 3293; x_wconf 88' lang='lat' dir='ltr'><strong>et</strong></span> <span class='ocrx_word' id='word_1_344' title='bbox 2035 3254 2166 3293; x_wconf 90' lang='lat' dir='ltr'><strong>con-</strong></span> 
     </span>
    </p>
   </div>
   <div class='ocr_carea' id='block_1_49' title="bbox 606 3324 2173 3401">
    <p class='ocr_par' dir='ltr' id='par_1_49' title="bbox 606 3324 2173 3401">
     <span class='ocr_line' id='line_1_49' title="bbox 606 3324 2173 3401; baseline 0.006 -25"><span class='ocrx_word' id='word_1_345' title='bbox 606 3325 757 3378; x_wconf 87' lang='lat' dir='ltr'><strong>tinua</strong></span> <span class='ocrx_word' id='word_1_346' title='bbox 785 3324 923 3394; x_wconf 88' lang='lat' dir='ltr'><strong>apud</strong></span> <span class='ocrx_word' id='word_1_347' title='bbox 962 3340 1060 3379; x_wconf 89' lang='lat' dir='ltr'><strong>nos</strong></span> <span class='ocrx_word' id='word_1_348' title='bbox 1100 3335 1183 3381; x_wconf 88' lang='lat' dir='ltr'><strong>est</strong></span> <span class='ocrx_word' id='word_1_349' title='bbox 1220 3327 1313 3381; x_wconf 89' lang='lat' dir='ltr'><strong>Dei</strong></span> <span class='ocrx_word' id='word_1_350' title='bbox 1347 3330 1628 3390; x_wconf 87' lang='lat' dir='ltr'><strong>memoria,</strong></span> <span class='ocrx_word' id='word_1_351' title='bbox 1653 3329 1807 3396; x_wconf 83' lang='lat' dir='ltr'><strong>cujus</strong></span> <span class='ocrx_word' id='word_1_352' title='bbox 1841 3331 2173 3401; x_wconf 81' lang='lat' dir='ltr'><strong>magnitudi-</strong></span> 
     </span>
    </p>
   </div>
   <div class='ocr_carea' id='block_1_50' title="bbox 601 3416 2175 3488">
    <p class='ocr_par' dir='ltr' id='par_1_50' title="bbox 601 3416 2175 3488">
     <span class='ocr_line' id='line_1_50' title="bbox 601 3416 2175 3488; baseline 0.006 -21"><span class='ocrx_word' id='word_1_353' title='bbox 601 3428 724 3468; x_wconf 90' lang='lat' dir='ltr'><strong>nem</strong></span> <span class='ocrx_word' id='word_1_354' title='bbox 772 3431 802 3468; x_wconf 83' lang='lat' dir='ltr'><strong>a</strong></span> <span class='ocrx_word' id='word_1_355' title='bbox 836 3416 1132 3484; x_wconf 87' lang='lat' dir='ltr'><strong>majoribus</strong></span> <span class='ocrx_word' id='word_1_356' title='bbox 1179 3418 1324 3471; x_wconf 81' lang='lat' dir='ltr'><strong>servi</strong></span> <span class='ocrx_word' id='word_1_357' title='bbox 1358 3417 1472 3486; x_wconf 89' lang='lat' dir='ltr'><strong>ejus</strong></span> <span class='ocrx_word' id='word_1_358' title='bbox 1507 3418 1714 3483; x_wconf 87' lang='lat' dir='ltr'><strong>edocti,</strong></span> <span class='ocrx_word' id='word_1_359' title='bbox 1766 3422 2055 3488; x_wconf 60' lang='lat' dir='ltr'><strong>praesentia</strong></span> <span class='ocrx_word' id='word_1_360' title='bbox 2094 3422 2175 3477; x_wconf 91' lang='lat' dir='ltr'><strong>di-</strong></span> 
     </span>
    </p>
   </div>
   <div class='ocr_carea' id='block_1_51' title="bbox 600 3510 2171 3581">
    <p class='ocr_par' dir='ltr' id='par_1_51' title="bbox 600 3510 2171 3581">
     <span class='ocr_line' id='line_1_51' title="bbox 600 3510 2171 3581; baseline 0.006 -22"><span class='ocrx_word' id='word_1_361' title='bbox 600 3522 725 3562; x_wconf 83' lang='lat' dir='ltr'><strong>cere</strong></span> <span class='ocrx_word' id='word_1_362' title='bbox 759 3510 975 3563; x_wconf 91' lang='lat' dir='ltr'><strong>discunt</strong></span> <span class='ocrx_word' id='word_1_363' title='bbox 1009 3520 1062 3563; x_wconf 88' lang='lat' dir='ltr'><strong>et</strong></span> <span class='ocrx_word' id='word_1_364' title='bbox 1092 3510 1315 3573; x_wconf 78' lang='lat' dir='ltr'><strong>audent,</strong></span> <span class='ocrx_word' id='word_1_365' title='bbox 1368 3511 1503 3564; x_wconf 88' lang='lat' dir='ltr'><strong>satis</strong></span> <span class='ocrx_word' id='word_1_366' title='bbox 1546 3512 1701 3581; x_wconf 78' lang='lat' dir='ltr'><strong>gnari</strong></span> <span class='ocrx_word' id='word_1_367' title='bbox 1752 3512 1866 3566; x_wconf 79' lang='lat' dir='ltr'><strong>fore</strong></span> <span class='ocrx_word' id='word_1_368' title='bbox 1901 3520 1958 3566; x_wconf 85' lang='lat' dir='ltr'><strong>ut</strong></span> <span class='ocrx_word' id='word_1_369' title='bbox 1990 3528 2171 3569; x_wconf 88' lang='lat' dir='ltr'><strong>recre-</strong></span> 
     </span>
    </p>
   </div>
   <div class='ocr_carea' id='block_1_52' title="bbox 600 3600 2170 3675">
    <p class='ocr_par' dir='ltr' id='par_1_52' title="bbox 600 3600 2170 3675">
     <span class='ocr_line' id='line_1_52' title="bbox 600 3600 2170 3675; baseline 0.006 -23"><span class='ocrx_word' id='word_1_370' title='bbox 600 3609 785 3667; x_wconf 87' lang='lat' dir='ltr'><strong>entur,</strong></span> <span class='ocrx_word' id='word_1_371' title='bbox 817 3602 943 3670; x_wconf 88' lang='lat' dir='ltr'><strong>quia</strong></span> <span class='ocrx_word' id='word_1_372' title='bbox 988 3600 1251 3667; x_wconf 87' lang='lat' dir='ltr'><strong>judicium</strong></span> <span class='ocrx_word' id='word_1_373' title='bbox 1286 3603 1376 3656; x_wconf 90' lang='lat' dir='ltr'><strong>liet</strong></span> <span class='ocrx_word' id='word_1_374' title='bbox 1406 3603 1472 3658; x_wconf 91' lang='lat' dir='ltr'><strong>de</strong></span> <span class='ocrx_word' id='word_1_375' title='bbox 1503 3604 1710 3673; x_wconf 90' lang='lat' dir='ltr'><strong>reliquo</strong></span> <span class='ocrx_word' id='word_1_376' title='bbox 1740 3605 1958 3675; x_wconf 85' lang='lat' dir='ltr'><strong>populo,</strong></span> <span class='ocrx_word' id='word_1_377' title='bbox 1985 3622 2170 3661; x_wconf 77' lang='lat' dir='ltr'><strong>eorum</strong></span> 
     </span>
    </p>
   </div>
   <div class='ocr_carea' id='block_1_53' title="bbox 600 3691 2169 3762">
    <p class='ocr_par' dir='ltr' id='par_1_53' title="bbox 600 3691 2169 3762">
     <span class='ocr_line' id='line_1_53' title="bbox 600 3691 2169 3762; baseline 0.005 -16"><span class='ocrx_word' id='word_1_378' title='bbox 600 3706 762 3746; x_wconf 79' lang='lat' dir='ltr'><strong>causa</strong></span> <span class='ocrx_word' id='word_1_379' title='bbox 811 3692 901 3762; x_wconf 90' lang='lat' dir='ltr'><strong>qui</strong></span> <span class='ocrx_word' id='word_1_380' title='bbox 941 3691 1034 3747; x_wconf 87' lang='lat' dir='ltr'><strong>Dei</strong></span> <span class='ocrx_word' id='word_1_381' title='bbox 1084 3707 1280 3747; x_wconf 88' lang='lat' dir='ltr'><strong>nomen</strong></span> <span class='ocrx_word' id='word_1_382' title='bbox 1325 3694 1500 3749; x_wconf 89' lang='lat' dir='ltr'><strong>sciunt</strong></span> <span class='ocrx_word' id='word_1_383' title='bbox 1534 3704 1590 3749; x_wconf 90' lang='lat' dir='ltr'><strong>et</strong></span> <span class='ocrx_word' id='word_1_384' title='bbox 1628 3698 1887 3750; x_wconf 89' lang='lat' dir='ltr'><strong>memoria</strong></span> <span class='ocrx_word' id='word_1_385' title='bbox 1935 3709 2169 3755; x_wconf 76' lang='lat' dir='ltr'><strong>versant.</strong></span> 
     </span>
    </p>
   </div>
   <div class='ocr_carea' id='block_1_54' title="bbox 598 3782 2176 3860">
    <p class='ocr_par' dir='ltr' id='par_1_54' title="bbox 598 3782 2176 3860">
     <span class='ocr_line' id='line_1_54' title="bbox 598 3782 2176 3860; baseline 0.004 -21"><span class='ocrx_word' id='word_1_386' title='bbox 598 3782 705 3839; x_wconf 85' lang='lat' dir='ltr'><strong>Pro</strong></span> <span class='ocrx_word' id='word_1_387' title='bbox 733 3784 814 3840; x_wconf 88' lang='lat' dir='ltr'><strong>eis</strong></span> <span class='ocrx_word' id='word_1_388' title='bbox 859 3784 1074 3853; x_wconf 80' lang='lat' dir='ltr'><strong>itaque,</strong></span> <span class='ocrx_word' id='word_1_389' title='bbox 1119 3792 1376 3854; x_wconf 88' lang='lat' dir='ltr'><strong>tanquam</strong></span> <span class='ocrx_word' id='word_1_390' title='bbox 1408 3801 1508 3857; x_wconf 82' lang='lat' dir='ltr'><strong>pro</strong></span> <span class='ocrx_word' id='word_1_391' title='bbox 1547 3790 1723 3843; x_wconf 87' lang='lat' dir='ltr'><strong>servis</strong></span> <span class='ocrx_word' id='word_1_392' title='bbox 1757 3789 1913 3843; x_wconf 88' lang='lat' dir='ltr'><strong>venia</strong></span> <span class='ocrx_word' id='word_1_393' title='bbox 1967 3794 2176 3860; x_wconf 77' lang='lat' dir='ltr'><strong>egenti-</strong></span> 
     </span>
    </p>
   </div>
   <div class='ocr_carea' id='block_1_55' title="bbox 599 3875 1121 3945">
    <p class='ocr_par' dir='ltr' id='par_1_55' title="bbox 599 3875 1121 3945">
     <span class='ocr_line' id='line_1_55' title="bbox 599 3875 1121 3945; baseline 0.002 -17"><span class='ocrx_word' id='word_1_394' title='bbox 599 3875 702 3929; x_wconf 88' lang='lat' dir='ltr'><strong>bus</strong></span> <span class='ocrx_word' id='word_1_395' title='bbox 717 3915 732 3934; x_wconf 79' lang='lat'><em>.</em></span> <span class='ocrx_word' id='word_1_396' title='bbox 770 3875 1121 3945; x_wconf 86' lang='lat' dir='ltr'><strong>deprecatur.</strong></span> 
     </span>
    </p>
   </div>
   <div class='ocr_carea' id='block_1_56' title="bbox 711 3963 2065 4038">
    <p class='ocr_par' dir='ltr' id='par_1_56' title="bbox 711 3963 2065 4038">
     <span class='ocr_line' id='line_1_56' title="bbox 711 3963 2065 4038; baseline 0.007 -21"><span class='ocrx_word' id='word_1_397' title='bbox 711 3963 868 4019; x_wconf 76' lang='lat' dir='ltr'><strong>Vens.</strong></span> <span class='ocrx_word' id='word_1_398' title='bbox 906 3966 992 4021; x_wconf 81' lang='grc'><strong>15.</strong></span> <span class='ocrx_word' id='word_1_399' title='bbox 1025 3966 1179 4020; x_wconf 72' lang='lat' dir='ltr'><strong>Nola</strong></span> <span class='ocrx_word' id='word_1_400' title='bbox 1208 3969 1439 4037; x_wconf 84' lang='lat' dir='ltr'><strong>gentium</strong></span> <span class='ocrx_word' id='word_1_401' title='bbox 1469 3978 1744 4038; x_wconf 78' lang='lat' dir='ltr'><strong>argentum</strong></span> <span class='ocrx_word' id='word_1_402' title='bbox 1774 3979 1825 4025; x_wconf 90' lang='lat' dir='ltr'><strong>et</strong></span> <span class='ocrx_word' id='word_1_403' title='bbox 1855 3988 2065 4026; x_wconf 82' lang='lat' dir='ltr'><strong>aurum.</strong></span> 
     </span>
    </p>
   </div>
   <div class='ocr_carea' id='block_1_57' title="bbox 672 4057 2177 4129">
    <p class='ocr_par' dir='ltr' id='par_1_57' title="bbox 672 4057 2177 4129">
     <span class='ocr_line' id='line_1_57' title="bbox 672 4057 2177 4129; baseline 0.007 -20"><span class='ocrx_word' id='word_1_404' title='bbox 672 4057 936 4111; x_wconf 82' lang='lat' dir='ltr'><strong>Absoluto</strong></span> <span class='ocrx_word' id='word_1_405' title='bbox 974 4057 1279 4129; x_wconf 78' lang='lat' dir='ltr'><strong>theologico</strong></span> <span class='ocrx_word' id='word_1_406' title='bbox 1308 4061 1454 4114; x_wconf 87' lang='lat' dir='ltr'><strong>circa</strong></span> <span class='ocrx_word' id='word_1_407' title='bbox 1486 4060 1769 4116; x_wconf 86' lang='lat' dir='ltr'><strong>Dominum</strong></span> <span class='ocrx_word' id='word_1_408' title='bbox 1813 4077 2086 4129; x_wconf 87' lang='lat' dir='ltr'><strong>sermone,</strong></span> <span class='ocrx_word' id='word_1_409' title='bbox 2121 4074 2177 4120; x_wconf 91' lang='lat' dir='ltr'><strong>et</strong></span> 
     </span>
    </p>
   </div>
   <div class='ocr_carea' id='block_1_58' title="bbox 600 4149 2172 4222">
    <p class='ocr_par' dir='ltr' id='par_1_58' title="bbox 600 4149 2172 4222">
     <span class='ocr_line' id='line_1_58' title="bbox 600 4149 2172 4222; baseline 0.006 -20"><span class='ocrx_word' id='word_1_410' title='bbox 600 4150 953 4219; x_wconf 70' lang='lat' dir='ltr'><strong>providentia:</strong></span> <span class='ocrx_word' id='word_1_411' title='bbox 987 4149 1105 4217; x_wconf 89' lang='lat' dir='ltr'><strong>ejus</strong></span> <span class='ocrx_word' id='word_1_412' title='bbox 1133 4154 1346 4220; x_wconf 81' lang='lat' dir='ltr'><strong>magnis</strong></span> <span class='ocrx_word' id='word_1_413' title='bbox 1376 4154 1633 4222; x_wconf 85' lang='lat' dir='ltr'><strong>Operibus</strong></span> <span class='ocrx_word' id='word_1_414' title='bbox 1664 4158 2018 4221; x_wconf 88' lang='lat' dir='ltr'><strong>enumeratis,</strong></span> <span class='ocrx_word' id='word_1_415' title='bbox 2054 4168 2172 4212; x_wconf 85' lang='lat' dir='ltr'><strong>tan-</strong></span> 
     </span>
    </p>
   </div>
   <div class='ocr_carea' id='block_1_59' title="bbox 600 4242 2174 4317">
    <p class='ocr_par' dir='ltr' id='par_1_59' title="bbox 600 4242 2174 4317">
     <span class='ocr_line' id='line_1_59' title="bbox 600 4242 2174 4317; baseline 0.008 -25"><span class='ocrx_word' id='word_1_416' title='bbox 600 4256 761 4309; x_wconf 88' lang='lat' dir='ltr'><strong>quam</strong></span> <span class='ocrx_word' id='word_1_417' title='bbox 808 4242 984 4297; x_wconf 85' lang='lat' dir='ltr'><strong>adhuc</strong></span> <span class='ocrx_word' id='word_1_418' title='bbox 1030 4258 1217 4297; x_wconf 87' lang='lat' dir='ltr'><strong>servos</strong></span> <span class='ocrx_word' id='word_1_419' title='bbox 1268 4259 1361 4298; x_wconf 87' lang='lat' dir='ltr'><strong>eos</strong></span> <span class='ocrx_word' id='word_1_420' title='bbox 1403 4247 1706 4315; x_wconf 81' lang='lat' dir='ltr'><strong>alloquens,</strong></span> <span class='ocrx_word' id='word_1_421' title='bbox 1750 4248 1839 4317; x_wconf 89' lang='lat' dir='ltr'><strong>qui</strong></span> <span class='ocrx_word' id='word_1_422' title='bbox 1885 4264 1950 4302; x_wconf 83' lang='lat' dir='ltr'><strong>ex</strong></span> <span class='ocrx_word' id='word_1_423' title='bbox 1987 4266 2174 4305; x_wconf 89' lang='lat' dir='ltr'><strong>errore</strong></span> 
     </span>
    </p>
   </div>
   <div class='ocr_carea' id='block_1_60' title="bbox 599 4333 2171 4408">
    <p class='ocr_par' dir='ltr' id='par_1_60' title="bbox 599 4333 2171 4408">
     <span class='ocr_line' id='line_1_60' title="bbox 599 4333 2171 4408; baseline 0.008 -25"><span class='ocrx_word' id='word_1_424' title='bbox 599 4333 945 4404; x_wconf 84' lang='lat' dir='ltr'><strong>polytbeismi</strong></span> <span class='ocrx_word' id='word_1_425' title='bbox 989 4349 1162 4402; x_wconf 87' lang='lat' dir='ltr'><strong>nuper</strong></span> <span class='ocrx_word' id='word_1_426' title='bbox 1203 4347 1590 4400; x_wconf 83' lang='lat' dir='ltr'><strong>accesserant,</strong></span> <span class='ocrx_word' id='word_1_427' title='bbox 1637 4338 1823 4406; x_wconf 85' lang='lat' dir='ltr'><strong>objicit</strong></span> <span class='ocrx_word' id='word_1_428' title='bbox 1868 4351 2171 4408; x_wconf 85' lang='lat' dir='ltr'><strong>pulatorum</strong></span> 
     </span>
    </p>
   </div>
   <div class='ocr_carea' id='block_1_61' title="bbox 597 4426 2171 4496">
    <p class='ocr_par' dir='ltr' id='par_1_61' title="bbox 597 4426 2171 4496">
     <span class='ocr_line' id='line_1_61' title="bbox 597 4426 2171 4496; baseline 0.009 -19"><span class='ocrx_word' id='word_1_429' title='bbox 597 4426 727 4478; x_wconf 90' lang='lat' dir='ltr'><strong>olim</strong></span> <span class='ocrx_word' id='word_1_430' title='bbox 757 4427 825 4479; x_wconf 82' lang='lat' dir='ltr'><strong>ab</strong></span> <span class='ocrx_word' id='word_1_431' title='bbox 855 4426 992 4494; x_wconf 86' lang='lat' dir='ltr'><strong>ipsis</strong></span> <span class='ocrx_word' id='word_1_432' title='bbox 1027 4426 1253 4481; x_wconf 90' lang='lat' dir='ltr'><strong>deorum</strong></span> <span class='ocrx_word' id='word_1_433' title='bbox 1296 4429 1783 4496; x_wconf 82' lang='lat' dir='ltr'><strong>vituperationem;</strong></span> <span class='ocrx_word' id='word_1_434' title='bbox 1815 4443 2171 4491; x_wconf 75' lang='lat' dir='ltr'><strong>consentanea</strong></span> 
     </span>
    </p>
   </div>
   <div class='ocr_carea' id='block_1_62' title="bbox 2206 1844 2612 1930">
    <p class='ocr_par' dir='ltr' id='par_1_62' title="bbox 2206 1844 2612 1930">
     <span class='ocr_line' id='line_1_62' title="bbox 2206 1844 2612 1930; baseline 0 -17"><span class='ocrx_word' id='word_1_435' title='bbox 2206 1844 2248 1899; x_wconf 78' lang='grc' dir='ltr'><strong>Β</strong></span> <span class='ocrx_word' id='word_1_436' title='bbox 2278 1858 2612 1930; x_wconf 84' lang='grc' dir='ltr'>παρέδωκεν.</span> 
     </span>
    </p>
   </div>
   <div class='ocr_carea' id='block_1_63' title="bbox 2458 1948 3665 2017">
    <p class='ocr_par' dir='ltr' id='par_1_63' title="bbox 2458 1948 3665 2017">
     <span class='ocr_line' id='line_1_63' title="bbox 2458 1948 3665 2017; baseline -0.002 -13"><span class='ocrx_word' id='word_1_437' title='bbox 2458 1952 2563 2017; x_wconf 83' lang='grc' dir='ltr'>’ος</span> <span class='ocrx_word' id='word_1_438' title='bbox 2591 1948 2849 2015; x_wconf 78' lang='grc' dir='ltr'>ἐπάταξε</span> <span class='ocrx_word' id='word_1_439' title='bbox 2872 1950 2945 2003; x_wconf 83' lang='grc' dir='ltr'>τὰ</span> <span class='ocrx_word' id='word_1_440' title='bbox 2968 1950 3315 2017; x_wconf 79' lang='grc' dir='ltr'><strong>πρωτότοκα</strong></span> <span class='ocrx_word' id='word_1_441' title='bbox 3339 1948 3665 2017; x_wconf 69' lang='grc' dir='ltr'>Αἰγύπτου.</span> 
     </span>
    </p>
   </div>
   <div class='ocr_carea' id='block_1_64' title="bbox 2360 2037 3855 2113">
    <p class='ocr_par' dir='ltr' id='par_1_64' title="bbox 2360 2037 3855 2113">
     <span class='ocr_line' id='line_1_64' title="bbox 2360 2037 3855 2113; baseline -0.003 -18"><span class='ocrx_word' id='word_1_442' title='bbox 2360 2042 2576 2113; x_wconf 84' lang='grc' dir='ltr'><strong>Ἐπειδὴ</strong></span> <span class='ocrx_word' id='word_1_443' title='bbox 2627 2042 2683 2094; x_wconf 86' lang='grc' dir='ltr'><strong>δέ</strong></span> <span class='ocrx_word' id='word_1_444' title='bbox 2732 2040 2801 2093; x_wconf 83' lang='grc' dir='ltr'>τὰ</span> <span class='ocrx_word' id='word_1_445' title='bbox 2856 2039 3085 2094; x_wconf 80' lang='grc' dir='ltr'>καθόλου</span> <span class='ocrx_word' id='word_1_446' title='bbox 3134 2040 3227 2093; x_wconf 73' lang='grc' dir='ltr'>καὶ</span> <span class='ocrx_word' id='word_1_447' title='bbox 3265 2038 3492 2111; x_wconf 82' lang='grc' dir='ltr'>ούράνιά</span> <span class='ocrx_word' id='word_1_448' title='bbox 3532 2037 3665 2107; x_wconf 86' lang='grc' dir='ltr'>φασί</span> <span class='ocrx_word' id='word_1_449' title='bbox 3710 2054 3855 2103; x_wconf 83' lang='grc' dir='ltr'>τινες</span> 
     </span>
    </p>
   </div>
   <div class='ocr_carea' id='block_1_65' title="bbox 2278 2130 3854 2207">
    <p class='ocr_par' dir='ltr' id='par_1_65' title="bbox 2278 2130 3854 2207">
     <span class='ocr_line' id='line_1_65' title="bbox 2278 2130 3854 2207; baseline -0.004 -18"><span class='ocrx_word' id='word_1_450' title='bbox 2278 2136 2505 2207; x_wconf 79' lang='grc' dir='ltr'>προνοίᾳ</span> <span class='ocrx_word' id='word_1_451' title='bbox 2537 2134 2852 2188; x_wconf 84' lang='grc' dir='ltr'>διοικεῖσθαι</span> <span class='ocrx_word' id='word_1_452' title='bbox 2889 2135 3025 2206; x_wconf 79' lang='grc' dir='ltr'>μόνῃ</span> <span class='ocrx_word' id='word_1_453' title='bbox 3058 2132 3214 2197; x_wconf 80' lang='grc' dir='ltr'>Θεοῦ,</span> <span class='ocrx_word' id='word_1_454' title='bbox 3266 2132 3534 2185; x_wconf 85' lang='grc' dir='ltr'>δείκνυσιν</span> <span class='ocrx_word' id='word_1_455' title='bbox 3575 2131 3653 2195; x_wconf 88' lang='grc' dir='ltr'>ὼς</span> <span class='ocrx_word' id='word_1_456' title='bbox 3700 2130 3854 2202; x_wconf 78' lang='grc' dir='ltr'>μέλει</span> 
     </span>
    </p>
   </div>
   <div class='ocr_carea' id='block_1_66' title="bbox 2277 2221 3854 2299">
    <p class='ocr_par' dir='ltr' id='par_1_66' title="bbox 2277 2221 3854 2299">
     <span class='ocr_line' id='line_1_66' title="bbox 2277 2221 3854 2299; baseline -0.003 -19"><span class='ocrx_word' id='word_1_457' title='bbox 2277 2228 2370 2282; x_wconf 79' lang='grc' dir='ltr'>καὶ</span> <span class='ocrx_word' id='word_1_458' title='bbox 2416 2227 2523 2280; x_wconf 81' lang='grc' dir='ltr'>τῶν</span> <span class='ocrx_word' id='word_1_459' title='bbox 2575 2226 2928 2299; x_wconf 78' lang='grc' dir='ltr'>ἀνθρωπίνων</span> <span class='ocrx_word' id='word_1_460' title='bbox 2973 2224 3141 2296; x_wconf 78' lang='grc' dir='ltr'>αὐτῷ,</span> <span class='ocrx_word' id='word_1_461' title='bbox 3194 2226 3289 2277; x_wconf 84' lang='grc' dir='ltr'>καὶ</span> <span class='ocrx_word' id='word_1_462' title='bbox 3339 2223 3433 2277; x_wconf 79' lang='grc' dir='ltr'>νῦν</span> <span class='ocrx_word' id='word_1_463' title='bbox 3465 2223 3591 2286; x_wconf 79' lang='grc' dir='ltr'>τοὺς</span> <span class='ocrx_word' id='word_1_464' title='bbox 3634 2221 3854 2285; x_wconf 78' lang='grc' dir='ltr'>ἀσεϐεῖς</span> 
     </span>
    </p>
   </div>
   <div class='ocr_carea' id='block_1_67' title="bbox 2277 2314 3849 2387">
    <p class='ocr_par' dir='ltr' id='par_1_67' title="bbox 2277 2314 3849 2387">
     <span class='ocr_line' id='line_1_67' title="bbox 2277 2314 3849 2387; baseline -0.002 -15"><span class='ocrx_word' id='word_1_465' title='bbox 2277 2319 2555 2383; x_wconf 75' lang='grc' dir='ltr'><strong>κολάζοντι</strong></span> <span class='ocrx_word' id='word_1_466' title='bbox 2606 2319 2699 2372; x_wconf 78' lang='grc' dir='ltr'>καὶ</span> <span class='ocrx_word' id='word_1_467' title='bbox 2741 2316 2851 2370; x_wconf 86' lang='grc' dir='ltr'>τῶν</span> <span class='ocrx_word' id='word_1_468' title='bbox 2899 2316 3136 2370; x_wconf 76' lang='grc' dir='ltr'>εὐσεϐῶν</span> <span class='ocrx_word' id='word_1_469' title='bbox 3177 2315 3528 2387; x_wconf 83' lang='grc' dir='ltr'>οίκειουμένῳ</span> <span class='ocrx_word' id='word_1_470' title='bbox 3568 2314 3629 2367; x_wconf 81' lang='grc' dir='ltr'>τὸ</span> <span class='ocrx_word' id='word_1_471' title='bbox 3670 2314 3849 2382; x_wconf 83' lang='grc' dir='ltr'>γένος.</span> 
     </span>
    </p>
   </div>
   <div class='ocr_carea' id='block_1_68' title="bbox 2290 2404 3851 2481">
    <p class='ocr_par' dir='ltr' id='par_1_68' title="bbox 2290 2404 3851 2481">
     <span class='ocr_line' id='line_1_68' title="bbox 2290 2404 3851 2481; baseline -0.004 -17"><span class='ocrx_word' id='word_1_472' title='bbox 2290 2409 2445 2464; x_wconf 86' lang='grc' dir='ltr'><strong>Ἀλλά</strong></span> <span class='ocrx_word' id='word_1_473' title='bbox 2479 2410 2644 2463; x_wconf 86' lang='grc' dir='ltr'>πάλαι</span> <span class='ocrx_word' id='word_1_474' title='bbox 2676 2410 2773 2480; x_wconf 84' lang='grc' dir='ltr'><strong>μὲν</strong></span> <span class='ocrx_word' id='word_1_475' title='bbox 2805 2405 2872 2481; x_wconf 80' lang='grc' dir='ltr'>ἧν</span> <span class='ocrx_word' id='word_1_476' title='bbox 2909 2411 3066 2481; x_wconf 80' lang='grc' dir='ltr'>μερὶς</span> <span class='ocrx_word' id='word_1_477' title='bbox 3099 2409 3323 2480; x_wconf 83' lang='grc' dir='ltr'>Κυρίου,</span> <span class='ocrx_word' id='word_1_478' title='bbox 3359 2406 3556 2478; x_wconf 81' lang='grc' dir='ltr'>δηλαδὴ</span> <span class='ocrx_word' id='word_1_479' title='bbox 3584 2406 3679 2459; x_wconf 80' lang='grc' dir='ltr'>τοῦ</span> <span class='ocrx_word' id='word_1_480' title='bbox 3715 2404 3851 2459; x_wconf 81' lang='grc' dir='ltr'>Θεοῦ</span> 
     </span>
    </p>
   </div>
   <div class='ocr_carea' id='block_1_69' title="bbox 2272 2500 3854 2573">
    <p class='ocr_par' dir='ltr' id='par_1_69' title="bbox 2272 2500 3854 2573">
     <span class='ocr_line' id='line_1_69' title="bbox 2272 2500 3854 2573; baseline -0.003 -17"><span class='ocrx_word' id='word_1_481' title='bbox 2272 2504 2468 2571; x_wconf 83' lang='grc' dir='ltr'>Λόγου,</span> <span class='ocrx_word' id='word_1_482' title='bbox 2502 2502 2628 2566; x_wconf 78' lang='grc' dir='ltr'>λαὸς</span> <span class='ocrx_word' id='word_1_483' title='bbox 2676 2501 2837 2556; x_wconf 80' lang='grc' dir='ltr'>αὑτοῦ</span> <span class='ocrx_word' id='word_1_484' title='bbox 2893 2501 3105 2566; x_wconf 76' lang='grc' dir='ltr'>Ἰακὼϐ,</span> <span class='ocrx_word' id='word_1_485' title='bbox 3155 2503 3441 2573; x_wconf 81' lang='grc' dir='ltr'>σχοίνισμα</span> <span class='ocrx_word' id='word_1_486' title='bbox 3486 2500 3854 2571; x_wconf 85' lang='grc' dir='ltr'>κληρονομίας</span> 
     </span>
    </p>
   </div>
   <div class='ocr_carea' id='block_1_70' title="bbox 2273 2591 3851 2667">
    <p class='ocr_par' dir='ltr' id='par_1_70' title="bbox 2273 2591 3851 2667">
     <span class='ocr_line' id='line_1_70' title="bbox 2273 2591 3851 2667; baseline -0.003 -18"><span class='ocrx_word' id='word_1_487' title='bbox 2273 2596 2438 2649; x_wconf 80' lang='grc' dir='ltr'>αὑτοῦ</span> <span class='ocrx_word' id='word_1_488' title='bbox 2489 2596 2741 2667; x_wconf 74' lang='grc' dir='ltr'>Ἰσραήλο</span> <span class='ocrx_word' id='word_1_489' title='bbox 2791 2595 2978 2665; x_wconf 84' lang='grc' dir='ltr'>ἐπειδὴ</span> <span class='ocrx_word' id='word_1_490' title='bbox 3021 2594 3076 2648; x_wconf 89' lang='grc' dir='ltr'><strong>δέ</strong></span> <span class='ocrx_word' id='word_1_491' title='bbox 3121 2593 3187 2647; x_wconf 90' lang='grc' dir='ltr'>δι’</span> <span class='ocrx_word' id='word_1_492' title='bbox 3228 2594 3295 2665; x_wconf 78' lang='grc' dir='ltr'>ἢν</span> <span class='ocrx_word' id='word_1_493' title='bbox 3339 2593 3562 2664; x_wconf 76' lang='grc' dir='ltr'>ἔδρασεν</span> <span class='ocrx_word' id='word_1_494' title='bbox 3592 2591 3851 2645; x_wconf 76' lang='grc' dir='ltr'>ἀσέϐειαν</span> 
     </span>
    </p>
   </div>
   <div class='ocr_carea' id='block_1_71' title="bbox 2272 2684 3854 2757">
    <p class='ocr_par' dir='ltr' id='par_1_71' title="bbox 2272 2684 3854 2757">
     <span class='ocr_line' id='line_1_71' title="bbox 2272 2684 3854 2757; baseline -0.001 -17"><span class='ocrx_word' id='word_1_495' title='bbox 2272 2689 2475 2749; x_wconf 80' lang='grc' dir='ltr'>ἐκεῖνος</span> <span class='ocrx_word' id='word_1_496' title='bbox 2515 2686 2888 2749; x_wconf 81' lang='grc' dir='ltr'><strong>ἐκπέπτωκεν,</strong></span> <span class='ocrx_word' id='word_1_497' title='bbox 2924 2684 3401 2757; x_wconf 81' lang='grc' dir='ltr'>ἐνανθρωπήσαντι</span> <span class='ocrx_word' id='word_1_498' title='bbox 3445 2684 3715 2738; x_wconf 79' lang='grc' dir='ltr'>λέλεκται’</span> <span class='ocrx_word' id='word_1_499' title='bbox 3752 2684 3854 2739; x_wconf 77' lang='grc' dir='ltr'><strong>Ατ-</strong></span> 
     </span>
    </p>
   </div>
   <div class='ocr_carea' id='block_1_72' title="bbox 2210 2773 3850 2846">
    <p class='ocr_par' dir='ltr' id='par_1_72' title="bbox 2210 2773 3850 2846">
     <span class='ocr_line' id='line_1_72' title="bbox 2210 2773 3850 2846; baseline -0.001 -17"><span class='ocrx_word' id='word_1_500' title='bbox 2210 2818 2229 2829; x_wconf 79' lang='lat'><strong>.</strong></span> <span class='ocrx_word' id='word_1_501' title='bbox 2271 2793 2449 2845; x_wconf 85' lang='grc' dir='ltr'>τησαι</span> <span class='ocrx_word' id='word_1_502' title='bbox 2482 2776 2617 2844; x_wconf 79' lang='grc' dir='ltr'>παρ’</span> <span class='ocrx_word' id='word_1_503' title='bbox 2641 2777 2807 2846; x_wconf 83' lang='grc' dir='ltr'>ἐμοῦ,</span> <span class='ocrx_word' id='word_1_504' title='bbox 2856 2774 2955 2829; x_wconf 80' lang='grc' dir='ltr'>καὶ</span> <span class='ocrx_word' id='word_1_505' title='bbox 2981 2774 3150 2828; x_wconf 82' lang='grc' dir='ltr'>δώσω</span> <span class='ocrx_word' id='word_1_506' title='bbox 3176 2790 3273 2828; x_wconf 87' lang='grc' dir='ltr'><strong>σοι</strong></span> <span class='ocrx_word' id='word_1_507' title='bbox 3304 2774 3448 2841; x_wconf 71' lang='grc' dir='ltr'>ἔθνη</span> <span class='ocrx_word' id='word_1_508' title='bbox 3482 2773 3598 2841; x_wconf 76' lang='grc' dir='ltr'><strong>τὴν</strong></span> <span class='ocrx_word' id='word_1_509' title='bbox 3631 2777 3850 2843; x_wconf 71' lang='grc' dir='ltr'>κληρο-</span> 
     </span>
    </p>
   </div>
   <div class='ocr_carea' id='block_1_73' title="bbox 2270 2864 2656 2933">
    <p class='ocr_par' dir='ltr' id='par_1_73' title="bbox 2270 2864 2656 2933">
     <span class='ocr_line' id='line_1_73' title="bbox 2270 2864 2656 2933; baseline -0.005 -14"><span class='ocrx_word' id='word_1_510' title='bbox 2270 2864 2487 2933; x_wconf 78' lang='grc' dir='ltr'>νομίαν</span> <span class='ocrx_word' id='word_1_511' title='bbox 2518 2880 2656 2917; x_wconf 88' lang='grc' dir='ltr'>σου.</span> 
     </span>
    </p>
   </div>
   <div class='ocr_carea' id='block_1_74' title="bbox 2481 2953 3634 3024">
    <p class='ocr_par' dir='ltr' id='par_1_74' title="bbox 2481 2953 3634 3024">
     <span class='ocr_line' id='line_1_74' title="bbox 2481 2953 3634 3024; baseline -0.002 -14"><span class='ocrx_word' id='word_1_512' title='bbox 2481 2958 2678 3023; x_wconf 81' lang='grc' dir='ltr'>Κύριε,</span> <span class='ocrx_word' id='word_1_513' title='bbox 2713 2956 2777 3009; x_wconf 86' lang='grc' dir='ltr'>τὸ</span> <span class='ocrx_word' id='word_1_514' title='bbox 2812 2953 2998 3024; x_wconf 79' lang='grc' dir='ltr'>ὄνομά</span> <span class='ocrx_word' id='word_1_515' title='bbox 3028 2967 3143 3007; x_wconf 86' lang='grc' dir='ltr'>σου</span> <span class='ocrx_word' id='word_1_516' title='bbox 3175 2956 3263 3020; x_wconf 77' lang='grc' dir='ltr'><strong>εις</strong></span> <span class='ocrx_word' id='word_1_517' title='bbox 3296 2953 3401 3008; x_wconf 78' lang='grc' dir='ltr'><strong>τὸν</strong></span> <span class='ocrx_word' id='word_1_518' title='bbox 3427 2954 3634 3008; x_wconf 69' lang='grc' dir='ltr'>αἰῶνα.</span> 
     </span>
    </p>
   </div>
   <div class='ocr_carea' id='block_1_75' title="bbox 2343 3046 3848 3119">
    <p class='ocr_par' dir='ltr' id='par_1_75' title="bbox 2343 3046 3848 3119">
     <span class='ocr_line' id='line_1_75' title="bbox 2343 3046 3848 3119; baseline 0 -18"><span class='ocrx_word' id='word_1_519' title='bbox 2343 3048 2506 3101; x_wconf 83' lang='grc' dir='ltr'>Οὐδὲν</span> <span class='ocrx_word' id='word_1_520' title='bbox 2539 3048 2678 3101; x_wconf 74' lang='grc' dir='ltr'>οὕτω</span> <span class='ocrx_word' id='word_1_521' title='bbox 2702 3049 2800 3118; x_wconf 85' lang='grc' dir='ltr'>τῆς</span> <span class='ocrx_word' id='word_1_522' title='bbox 2823 3046 2971 3111; x_wconf 86' lang='grc' dir='ltr'>θείας</span> <span class='ocrx_word' id='word_1_523' title='bbox 2996 3046 3278 3119; x_wconf 87' lang='grc' dir='ltr'>Προνοίας,</span> <span class='ocrx_word' id='word_1_524' title='bbox 3302 3046 3376 3105; x_wconf 83' lang='grc' dir='ltr'>ὡς</span> <span class='ocrx_word' id='word_1_525' title='bbox 3402 3046 3463 3099; x_wconf 87' lang='grc' dir='ltr'>τὸ</span> <span class='ocrx_word' id='word_1_526' title='bbox 3485 3047 3695 3111; x_wconf 80' lang='grc' dir='ltr'>διδάξαι</span> <span class='ocrx_word' id='word_1_527' title='bbox 3726 3048 3848 3111; x_wconf 72' lang='grc' dir='ltr'>τοὺς</span> 
     </span>
    </p>
   </div>
   <div class='ocr_carea' id='block_1_76' title="bbox 2271 3137 3845 3211">
    <p class='ocr_par' dir='ltr' id='par_1_76' title="bbox 2271 3137 3845 3211">
     <span class='ocr_line' id='line_1_76' title="bbox 2271 3137 3845 3211; baseline -0.001 -18"><span class='ocrx_word' id='word_1_528' title='bbox 2271 3140 2591 3211; x_wconf 80' lang='grc' dir='ltr'>ἀνθρώπους</span> <span class='ocrx_word' id='word_1_529' title='bbox 2626 3139 2702 3210; x_wconf 81' lang='grc' dir='ltr'>μὴ</span> <span class='ocrx_word' id='word_1_530' title='bbox 2745 3138 3036 3193; x_wconf 81' lang='grc' dir='ltr'>ἀδέσποτον</span> <span class='ocrx_word' id='word_1_531' title='bbox 3065 3137 3202 3193; x_wconf 80' lang='grc' dir='ltr'>εἶναι</span> <span class='ocrx_word' id='word_1_532' title='bbox 3238 3140 3298 3192; x_wconf 88' lang='grc' dir='ltr'>τὸ</span> <span class='ocrx_word' id='word_1_533' title='bbox 3341 3140 3481 3192; x_wconf 79' lang='grc' dir='ltr'>πᾶν·</span> <span class='ocrx_word' id='word_1_534' title='bbox 3525 3138 3647 3190; x_wconf 82' lang='grc' dir='ltr'>ὅθεν</span> <span class='ocrx_word' id='word_1_535' title='bbox 3674 3140 3769 3192; x_wconf 76' lang='grc' dir='ltr'>καὶ</span> <span class='ocrx_word' id='word_1_536' title='bbox 3814 3142 3845 3209; x_wconf 81' lang='grc' dir='ltr'><strong>η</strong></span> 
     </span>
    </p>
   </div>
   <div class='ocr_carea' id='block_1_77' title="bbox 2274 3224 3848 3302">
    <p class='ocr_par' dir='ltr' id='par_1_77' title="bbox 2274 3224 3848 3302">
     <span class='ocr_line' id='line_1_77' title="bbox 2274 3224 3848 3302; baseline -0.001 -17"><span class='ocrx_word' id='word_1_537' title='bbox 2274 3231 2528 3301; x_wconf 80' lang='grc' dir='ltr'>διηνεκὴς</span> <span class='ocrx_word' id='word_1_538' title='bbox 2556 3230 2722 3285; x_wconf 81' lang='grc' dir='ltr'>αὑτοῦ</span> <span class='ocrx_word' id='word_1_539' title='bbox 2774 3232 2959 3302; x_wconf 84' lang='grc' dir='ltr'>μνήμη</span> <span class='ocrx_word' id='word_1_540' title='bbox 3003 3231 3307 3302; x_wconf 77' lang='grc' dir='ltr'>καθέστηκε</span> <span class='ocrx_word' id='word_1_541' title='bbox 3340 3230 3466 3301; x_wconf 87' lang='grc' dir='ltr'>παρ’</span> <span class='ocrx_word' id='word_1_542' title='bbox 3501 3232 3657 3299; x_wconf 80' lang='grc' dir='ltr'>ἡμῖν,</span> <span class='ocrx_word' id='word_1_543' title='bbox 3689 3224 3750 3283; x_wconf 75' lang='grc' dir='ltr'><strong>οὗ</strong></span> <span class='ocrx_word' id='word_1_544' title='bbox 3789 3231 3848 3283; x_wconf 85' lang='grc' dir='ltr'>τὸ</span> 
     </span>
    </p>
   </div>
   <div class='ocr_carea' id='block_1_78' title="bbox 2279 3323 3847 3395">
    <p class='ocr_par' dir='ltr' id='par_1_78' title="bbox 2279 3323 3847 3395">
     <span class='ocr_line' id='line_1_78' title="bbox 2279 3323 3847 3395; baseline 0.001 -19"><span class='ocrx_word' id='word_1_545' title='bbox 2279 3324 2508 3394; x_wconf 91' lang='grc' dir='ltr'>μέγεθος</span> <span class='ocrx_word' id='word_1_546' title='bbox 2556 3324 2644 3376; x_wconf 88' lang='grc' dir='ltr'><strong>διά</strong></span> <span class='ocrx_word' id='word_1_547' title='bbox 2689 3324 2797 3376; x_wconf 86' lang='grc' dir='ltr'>τῶν</span> <span class='ocrx_word' id='word_1_548' title='bbox 2851 3324 3229 3395; x_wconf 75' lang='grc' dir='ltr'>προλαϐόντων</span> <span class='ocrx_word' id='word_1_549' title='bbox 3278 3326 3327 3376; x_wconf 80' lang='lat' dir='ltr'><strong>oi</strong></span> <span class='ocrx_word' id='word_1_550' title='bbox 3364 3323 3538 3376; x_wconf 82' lang='grc' dir='ltr'>δοῦλοι</span> <span class='ocrx_word' id='word_1_551' title='bbox 3584 3323 3847 3393; x_wconf 76' lang='grc' dir='ltr'>μαθόντες</span> 
     </span>
    </p>
   </div>
   <div class='ocr_carea' id='block_1_79' title="bbox 2274 3419 3846 3493">
    <p class='ocr_par' dir='ltr' id='par_1_79' title="bbox 2274 3419 3846 3493">
     <span class='ocr_line' id='line_1_79' title="bbox 2274 3419 3846 3493; baseline -0.003 -16"><span class='ocrx_word' id='word_1_552' title='bbox 2274 3423 2457 3487; x_wconf 80' lang='grc' dir='ltr'>αὑτοῦ,</span> <span class='ocrx_word' id='word_1_553' title='bbox 2493 3424 2561 3477; x_wconf 84' lang='grc' dir='ltr'>τὰ</span> <span class='ocrx_word' id='word_1_554' title='bbox 2590 3423 2830 3493; x_wconf 87' lang='grc' dir='ltr'>παρόντα</span> <span class='ocrx_word' id='word_1_555' title='bbox 2863 3422 3040 3491; x_wconf 87' lang='grc' dir='ltr'>λέγειν</span> <span class='ocrx_word' id='word_1_556' title='bbox 3067 3422 3407 3475; x_wconf 73' lang='grc' dir='ltr'>διδάσκονται</span> <span class='ocrx_word' id='word_1_557' title='bbox 3433 3419 3526 3473; x_wconf 78' lang='grc' dir='ltr'>καὶ</span> <span class='ocrx_word' id='word_1_558' title='bbox 3560 3420 3846 3492; x_wconf 75' lang='grc' dir='ltr'>παραθαρ-</span> 
     </span>
    </p>
   </div>
   <div class='ocr_carea' id='block_1_80' title="bbox 2277 3510 3844 3587">
    <p class='ocr_par' dir='ltr' id='par_1_80' title="bbox 2277 3510 3844 3587">
     <span class='ocr_line' id='line_1_80' title="bbox 2277 3510 3844 3587; baseline -0.002 -20"><span class='ocrx_word' id='word_1_559' title='bbox 2277 3515 2547 3587; x_wconf 80' lang='grc' dir='ltr'>ρύνονται.</span> <span class='ocrx_word' id='word_1_560' title='bbox 2587 3512 2844 3584; x_wconf 82' lang='grc' dir='ltr'>μαθόντες</span> <span class='ocrx_word' id='word_1_561' title='bbox 2879 3512 2953 3576; x_wconf 83' lang='grc' dir='ltr'>ὡς</span> <span class='ocrx_word' id='word_1_562' title='bbox 2981 3514 3066 3566; x_wconf 82' lang='grc' dir='ltr'><strong>ἐπ’</strong></span> <span class='ocrx_word' id='word_1_563' title='bbox 3096 3513 3278 3575; x_wconf 81' lang='grc' dir='ltr'>αὐτοῖς</span> <span class='ocrx_word' id='word_1_564' title='bbox 3312 3510 3844 3583; x_wconf 80' lang='grc' dir='ltr'>παρακληθήσονται,</span> 
     </span>
    </p>
   </div>
   <div class='ocr_carea' id='block_1_81' title="bbox 2272 3601 3843 3677">
    <p class='ocr_par' dir='ltr' id='par_1_81' title="bbox 2272 3601 3843 3677">
     <span class='ocr_line' id='line_1_81' title="bbox 2272 3601 3843 3677; baseline -0.002 -19"><span class='ocrx_word' id='word_1_565' title='bbox 2272 3606 2371 3675; x_wconf 84' lang='grc' dir='ltr'>τῆς</span> <span class='ocrx_word' id='word_1_566' title='bbox 2419 3606 2650 3677; x_wconf 87' lang='grc' dir='ltr'>κρίσεως</span> <span class='ocrx_word' id='word_1_567' title='bbox 2700 3604 3098 3673; x_wconf 86' lang='grc' dir='ltr'>ἀκολουθούσης</span> <span class='ocrx_word' id='word_1_568' title='bbox 3140 3606 3253 3666; x_wconf 87' lang='grc' dir='ltr'>τοῖς</span> <span class='ocrx_word' id='word_1_569' title='bbox 3298 3602 3502 3667; x_wconf 85' lang='grc' dir='ltr'>λοιποῖς</span> <span class='ocrx_word' id='word_1_570' title='bbox 3551 3601 3648 3655; x_wconf 80' lang='grc' dir='ltr'>τοῦ</span> <span class='ocrx_word' id='word_1_571' title='bbox 3694 3602 3843 3665; x_wconf 72' lang='grc' dir='ltr'>λαοῦ,</span> 
     </span>
    </p>
   </div>
   <div class='ocr_carea' id='block_1_82' title="bbox 2273 3694 3846 3765">
    <p class='ocr_par' dir='ltr' id='par_1_82' title="bbox 2273 3694 3846 3765">
     <span class='ocr_line' id='line_1_82' title="bbox 2273 3694 3846 3765; baseline -0.001 -17"><span class='ocrx_word' id='word_1_572' title='bbox 2273 3699 2383 3759; x_wconf 85' lang='grc' dir='ltr'>τοῖς</span> <span class='ocrx_word' id='word_1_573' title='bbox 2411 3696 2746 3764; x_wconf 79' lang='grc' dir='ltr'>ἐπεγνωκόσι</span> <span class='ocrx_word' id='word_1_574' title='bbox 2776 3696 2836 3748; x_wconf 84' lang='grc' dir='ltr'>τὸ</span> <span class='ocrx_word' id='word_1_575' title='bbox 2867 3695 3035 3765; x_wconf 76' lang='grc' dir='ltr'>ὄνομα</span> <span class='ocrx_word' id='word_1_576' title='bbox 3069 3696 3255 3758; x_wconf 82' lang='grc' dir='ltr'>αὐτοῦ,</span> <span class='ocrx_word' id='word_1_577' title='bbox 3290 3696 3384 3748; x_wconf 73' lang='grc' dir='ltr'>καὶ</span> <span class='ocrx_word' id='word_1_578' title='bbox 3410 3695 3470 3747; x_wconf 86' lang='grc' dir='ltr'>τὸ</span> <span class='ocrx_word' id='word_1_579' title='bbox 3503 3694 3846 3765; x_wconf 84' lang='grc' dir='ltr'>μνημόσυνον</span> 
     </span>
    </p>
   </div>
   <div class='ocr_carea' id='block_1_83' title="bbox 2274 3783 3843 3855">
    <p class='ocr_par' dir='ltr' id='par_1_83' title="bbox 2274 3783 3843 3855">
     <span class='ocr_line' id='line_1_83' title="bbox 2274 3783 3843 3855; baseline -0.001 -18"><span class='ocrx_word' id='word_1_580' title='bbox 2274 3786 2485 3855; x_wconf 68' lang='grc' dir='ltr'>ἔχουσιν</span> <span class='ocrx_word' id='word_1_581' title='bbox 2508 3802 2520 3815; x_wconf 86' lang='grc'><strong>·</strong></span> <span class='ocrx_word' id='word_1_582' title='bbox 2559 3786 2644 3837; x_wconf 80' lang='grc' dir='ltr'><strong>ἐπ’</strong></span> <span class='ocrx_word' id='word_1_583' title='bbox 2674 3785 2901 3848; x_wconf 84' lang='grc' dir='ltr'>ἐκείνοις</span> <span class='ocrx_word' id='word_1_584' title='bbox 2946 3784 3001 3837; x_wconf 81' lang='grc' dir='ltr'>δὲ</span> <span class='ocrx_word' id='word_1_585' title='bbox 3035 3786 3110 3847; x_wconf 81' lang='grc' dir='ltr'>ὡς</span> <span class='ocrx_word' id='word_1_586' title='bbox 3140 3784 3205 3838; x_wconf 82' lang='grc' dir='ltr'>ἂν</span> <span class='ocrx_word' id='word_1_587' title='bbox 3236 3786 3328 3837; x_wconf 74' lang='grc' dir='ltr'><strong>ἐπὶ</strong></span> <span class='ocrx_word' id='word_1_588' title='bbox 3359 3783 3563 3847; x_wconf 89' lang='grc' dir='ltr'>δούλοις</span> <span class='ocrx_word' id='word_1_589' title='bbox 3598 3784 3843 3854; x_wconf 79' lang='grc' dir='ltr'>συγγνώο</span> 
     </span>
    </p>
   </div>
   <div class='ocr_carea' id='block_1_84' title="bbox 2277 3876 3207 3947">
    <p class='ocr_par' dir='ltr' id='par_1_84' title="bbox 2277 3876 3207 3947">
     <span class='ocr_line' id='line_1_84' title="bbox 2277 3876 3207 3947; baseline -0.002 -17"><span class='ocrx_word' id='word_1_590' title='bbox 2277 3895 2382 3947; x_wconf 89' lang='grc' dir='ltr'><strong>μης</strong></span> <span class='ocrx_word' id='word_1_591' title='bbox 2402 3876 2763 3946; x_wconf 84' lang='grc' dir='ltr'>ἐπιδεομένοις</span> <span class='ocrx_word' id='word_1_592' title='bbox 2791 3876 3207 3946; x_wconf 85' lang='grc' dir='ltr'>παρακαλεῖται.</span> 
     </span>
    </p>
   </div>
   <div class='ocr_carea' id='block_1_85' title="bbox 2349 3958 3778 4035">
    <p class='ocr_par' dir='ltr' id='par_1_85' title="bbox 2349 3958 3778 4035">
     <span class='ocr_line' id='line_1_85' title="bbox 2349 3958 3778 4035; baseline -0.001 -14"><span class='ocrx_word' id='word_1_593' title='bbox 2349 3967 2425 4021; x_wconf 84' lang='grc' dir='ltr'><strong><em>Τὰ</em></strong></span> <span class='ocrx_word' id='word_1_594' title='bbox 2453 3966 2671 4019; x_wconf 76' lang='grc' dir='ltr'>εἴδωλα</span> <span class='ocrx_word' id='word_1_595' title='bbox 2701 3966 2821 4020; x_wconf 74' lang='grc' dir='ltr'><strong>τῶν</strong></span> <span class='ocrx_word' id='word_1_596' title='bbox 2847 3965 3037 4019; x_wconf 79' lang='grc' dir='ltr'>ἐθνῶν</span> <span class='ocrx_word' id='word_1_597' title='bbox 3064 3967 3348 4035; x_wconf 72' lang='grc' dir='ltr'>ἀργύριον</span> <span class='ocrx_word' id='word_1_598' title='bbox 3374 3958 3473 4019; x_wconf 72' lang='grc' dir='ltr'>κᾶί</span> <span class='ocrx_word' id='word_1_599' title='bbox 3496 3966 3778 4034; x_wconf 74' lang='grc' dir='ltr'>χρυσίον.</span> 
     </span>
    </p>
   </div>
   <div class='ocr_carea' id='block_1_86' title="bbox 2342 4056 3846 4130">
    <p class='ocr_par' dir='ltr' id='par_1_86' title="bbox 2342 4056 3846 4130">
     <span class='ocr_line' id='line_1_86' title="bbox 2342 4056 3846 4130; baseline -0.001 -20"><span class='ocrx_word' id='word_1_600' title='bbox 2342 4057 2668 4121; x_wconf 84' lang='grc' dir='ltr'>Συντελέσας</span> <span class='ocrx_word' id='word_1_601' title='bbox 2700 4057 2796 4128; x_wconf 81' lang='grc' dir='ltr'>τὴν</span> <span class='ocrx_word' id='word_1_602' title='bbox 2828 4058 2956 4130; x_wconf 79' lang='grc' dir='ltr'>περὶ</span> <span class='ocrx_word' id='word_1_603' title='bbox 2996 4057 3092 4110; x_wconf 79' lang='grc' dir='ltr'>τοῦ</span> <span class='ocrx_word' id='word_1_604' title='bbox 3146 4058 3351 4130; x_wconf 83' lang='grc' dir='ltr'>Κυρίου</span> <span class='ocrx_word' id='word_1_605' title='bbox 3403 4056 3705 4125; x_wconf 90' lang='grc' dir='ltr'>θεολογίαν,</span> <span class='ocrx_word' id='word_1_606' title='bbox 3754 4056 3846 4111; x_wconf 78' lang='grc' dir='ltr'>καὶ</span> 
     </span>
    </p>
   </div>
   <div class='ocr_carea' id='block_1_87' title="bbox 2271 4146 3844 4219">
    <p class='ocr_par' dir='ltr' id='par_1_87' title="bbox 2271 4146 3844 4219">
     <span class='ocr_line' id='line_1_87' title="bbox 2271 4146 3844 4219; baseline -0.001 -19"><span class='ocrx_word' id='word_1_607' title='bbox 2271 4148 2369 4219; x_wconf 83' lang='grc' dir='ltr'>τῆς</span> <span class='ocrx_word' id='word_1_608' title='bbox 2417 4147 2670 4219; x_wconf 88' lang='grc' dir='ltr'>προνοίας</span> <span class='ocrx_word' id='word_1_609' title='bbox 2718 4146 2881 4200; x_wconf 82' lang='grc' dir='ltr'>αὑτοῦ</span> <span class='ocrx_word' id='word_1_610' title='bbox 2923 4147 3023 4210; x_wconf 85' lang='grc' dir='ltr'><strong>τὰς</strong></span> <span class='ocrx_word' id='word_1_611' title='bbox 3075 4148 3473 4219; x_wconf 85' lang='grc' dir='ltr'>μεγαλουργίας</span> <span class='ocrx_word' id='word_1_612' title='bbox 3521 4146 3844 4211; x_wconf 79' lang='grc' dir='ltr'>καταλέξας,</span> 
     </span>
    </p>
   </div>
   <div class='ocr_carea' id='block_1_88' title="bbox 2272 4235 3847 4307">
    <p class='ocr_par' dir='ltr' id='par_1_88' title="bbox 2272 4235 3847 4307">
     <span class='ocr_line' id='line_1_88' title="bbox 2272 4235 3847 4307; baseline -0.002 -15"><span class='ocrx_word' id='word_1_613' title='bbox 2272 4241 2346 4302; x_wconf 84' lang='grc' dir='ltr'>ὡς</span> <span class='ocrx_word' id='word_1_614' title='bbox 2380 4240 2457 4291; x_wconf 82' lang='grc' dir='ltr'><strong>ἐτι</strong></span> <span class='ocrx_word' id='word_1_615' title='bbox 2492 4237 2697 4301; x_wconf 89' lang='grc' dir='ltr'>δούλοις</span> <span class='ocrx_word' id='word_1_616' title='bbox 2731 4237 2936 4307; x_wconf 83' lang='grc' dir='ltr'>ὁμιλῶν</span> <span class='ocrx_word' id='word_1_617' title='bbox 2966 4240 3077 4298; x_wconf 83' lang='grc' dir='ltr'>τοῖς</span> <span class='ocrx_word' id='word_1_618' title='bbox 3112 4241 3174 4290; x_wconf 89' lang='grc' dir='ltr'><strong>ἐκ</strong></span> <span class='ocrx_word' id='word_1_619' title='bbox 3208 4238 3305 4307; x_wconf 81' lang='grc' dir='ltr'>τῆς</span> <span class='ocrx_word' id='word_1_620' title='bbox 3341 4235 3606 4290; x_wconf 87' lang='grc' dir='ltr'>πολυθέου</span> <span class='ocrx_word' id='word_1_621' title='bbox 3640 4236 3847 4307; x_wconf 80' lang='grc' dir='ltr'>πλάνης</span> 
     </span>
    </p>
   </div>
   <div class='ocr_carea' id='block_1_89' title="bbox 2270 4326 3846 4403">
    <p class='ocr_par' dir='ltr' id='par_1_89' title="bbox 2270 4326 3846 4403">
     <span class='ocr_line' id='line_1_89' title="bbox 2270 4326 3846 4403; baseline -0.004 -18"><span class='ocrx_word' id='word_1_622' title='bbox 2270 4333 2393 4402; x_wconf 82' lang='grc' dir='ltr'>ἄρτι</span> <span class='ocrx_word' id='word_1_623' title='bbox 2420 4329 2897 4403; x_wconf 86' lang='grc' dir='ltr'>προσεληλυθόσιν,</span> <span class='ocrx_word' id='word_1_624' title='bbox 2920 4328 3376 4400; x_wconf 64' lang='grc' dir='ltr'>ἀπιπαραόάλλει</span> <span class='ocrx_word' id='word_1_625' title='bbox 3392 4327 3497 4380; x_wconf 84' lang='grc' dir='ltr'><strong>τῶν</strong></span> <span class='ocrx_word' id='word_1_626' title='bbox 3522 4327 3689 4380; x_wconf 90' lang='grc' dir='ltr'>πάλαι</span> <span class='ocrx_word' id='word_1_627' title='bbox 3719 4326 3846 4398; x_wconf 83' lang='grc' dir='ltr'>παρ’</span> 
     </span>
    </p>
   </div>
   <div class='ocr_carea' id='block_1_90' title="bbox 2272 4417 3849 4493">
    <p class='ocr_par' dir='ltr' id='par_1_90' title="bbox 2272 4417 3849 4493">
     <span class='ocr_line' id='line_1_90' title="bbox 2272 4417 3849 4493; baseline -0.004 -17"><span class='ocrx_word' id='word_1_628' title='bbox 2272 4425 2452 4486; x_wconf 78' lang='grc' dir='ltr'>αὐτοῖς</span> <span class='ocrx_word' id='word_1_629' title='bbox 2494 4422 2893 4493; x_wconf 81' lang='grc' dir='ltr'>νενομισμένων</span> <span class='ocrx_word' id='word_1_630' title='bbox 2932 4420 3067 4473; x_wconf 88' lang='grc' dir='ltr'>θεῶν</span> <span class='ocrx_word' id='word_1_631' title='bbox 3116 4420 3208 4473; x_wconf 83' lang='grc' dir='ltr'>τὸν</span> <span class='ocrx_word' id='word_1_632' title='bbox 3263 4420 3499 4491; x_wconf 72' lang='grc' dir='ltr'>ἔλεγχον,</span> <span class='ocrx_word' id='word_1_633' title='bbox 3540 4417 3849 4481; x_wconf 85' lang='grc' dir='ltr'>ἀκολούθως</span> 
     </span>
    </p>
   </div>
   <div class='ocr_carea' id='block_1_91' title="bbox 598 4511 2174 4593">
    <p class='ocr_par' dir='ltr' id='par_1_91' title="bbox 598 4517 2164 4593">
     <span class='ocr_line' id='line_1_91' title="bbox 598 4517 2164 4593; baseline 0.006 -23"><span class='ocrx_word' id='word_1_634' title='bbox 598 4518 853 4571; x_wconf 90' lang='lat' dir='ltr'><strong>nimirum</strong></span> <span class='ocrx_word' id='word_1_635' title='bbox 903 4517 987 4571; x_wconf 88' lang='lat' dir='ltr'><strong>his</strong></span> <span class='ocrx_word' id='word_1_636' title='bbox 1033 4533 1153 4587; x_wconf 74' lang='lat' dir='ltr'><strong>qua:</strong></span> <span class='ocrx_word' id='word_1_637' title='bbox 1197 4534 1361 4588; x_wconf 88' lang='lat' dir='ltr'><strong>supra</strong></span> <span class='ocrx_word' id='word_1_638' title='bbox 1409 4520 1643 4585; x_wconf 76' lang='lat' dir='ltr'><strong>dixerat,</strong></span> <span class='ocrx_word' id='word_1_639' title='bbox 1693 4537 1899 4590; x_wconf 78' lang='lat' dir='ltr'><strong>nempe,</strong></span> <span class='ocrx_word' id='word_1_640' title='bbox 1941 4522 2048 4593; x_wconf 85' lang='lat' dir='ltr'><strong>Ego</strong></span> <span class='ocrx_word' id='word_1_641' title='bbox 2078 4542 2164 4578; x_wconf 90' lang='lat' dir='ltr'><strong>co-</strong></span> 
     </span>
    </p>
   </div>
   <div class='ocr_carea' id='block_1_92' title="bbox 2273 4511 3850 4593">
    <p class='ocr_par' dir='ltr' id='par_1_92' title="bbox 2273 4511 3850 4589">
     <span class='ocr_line' id='line_1_92' title="bbox 2273 4511 3850 4589; baseline -0.007 -18"><span class='ocrx_word' id='word_1_642' title='bbox 2273 4511 2349 4580; x_wconf 71' lang='grc' dir='ltr'>οἶς</span> <span class='ocrx_word' id='word_1_643' title='bbox 2399 4516 2654 4589; x_wconf 87' lang='grc' dir='ltr'>ἀνωτέρω</span> <span class='ocrx_word' id='word_1_644' title='bbox 2686 4517 2897 4587; x_wconf 85' lang='grc' dir='ltr'>είρήκει</span> <span class='ocrx_word' id='word_1_645' title='bbox 2916 4534 2929 4546; x_wconf 91' lang='grc'><strong>·</strong></span> <span class='ocrx_word' id='word_1_646' title='bbox 2960 4516 3062 4581; x_wconf 83' lang='grc' dir='ltr'>ὅτι,</span> <span class='ocrx_word' id='word_1_647' title='bbox 3128 4512 3276 4584; x_wconf 77' lang='grc' dir='ltr'><strong>Ἐγὼ</strong></span> <span class='ocrx_word' id='word_1_648' title='bbox 3303 4512 3535 4582; x_wconf 77' lang='grc' dir='ltr'>ἔγνωκα</span> <span class='ocrx_word' id='word_1_649' title='bbox 3554 4511 3642 4563; x_wconf 85' lang='grc' dir='ltr'><strong>ὅτι</strong></span> <span class='ocrx_word' id='word_1_650' title='bbox 3665 4511 3850 4581; x_wconf 73' lang='grc' dir='ltr'>μέγας</span> 
     </span>
    </p>
   </div>
   <div class='ocr_carea' id='block_1_93' title="bbox 597 4609 2173 4679">
    <p class='ocr_par' dir='ltr' id='par_1_93' title="bbox 597 4609 2173 4679">
     <span class='ocr_line' id='line_1_93' title="bbox 597 4609 2173 4679; baseline 0.004 -17"><span class='ocrx_word' id='word_1_651' title='bbox 597 4610 755 4679; x_wconf 81' lang='lat' dir='ltr'><strong>gnoui</strong></span> <span class='ocrx_word' id='word_1_652' title='bbox 785 4609 923 4678; x_wconf 88' lang='lat' dir='ltr'><strong>quod</strong></span> <span class='ocrx_word' id='word_1_653' title='bbox 959 4626 1179 4679; x_wconf 86' lang='lat' dir='ltr'><strong>magnus</strong></span> <span class='ocrx_word' id='word_1_654' title='bbox 1210 4620 1286 4665; x_wconf 89' lang='lat' dir='ltr'><strong>est</strong></span> <span class='ocrx_word' id='word_1_655' title='bbox 1309 4610 1590 4669; x_wconf 77' lang='lat' dir='ltr'><strong>Dominus.</strong></span> <span class='ocrx_word' id='word_1_656' title='bbox 1624 4611 1690 4665; x_wconf 85' lang='lat' dir='ltr'><strong>Et</strong></span> <span class='ocrx_word' id='word_1_657' title='bbox 1724 4612 1972 4667; x_wconf 79' lang='lat' dir='ltr'><strong>Dominus</strong></span> <span class='ocrx_word' id='word_1_658' title='bbox 2000 4625 2173 4671; x_wconf 79' lang='lat' dir='ltr'><strong>noster</strong></span> 
     </span>
    </p>
   </div>
   <div class='ocr_carea' id='block_1_94' title="bbox 594 4701 2171 4769">
    <p class='ocr_par' dir='ltr' id='par_1_94' title="bbox 594 4701 2171 4769">
     <span class='ocr_line' id='line_1_94' title="bbox 594 4701 2171 4769; baseline 0.005 -16"><span class='ocrx_word' id='word_1_659' title='bbox 594 4716 759 4769; x_wconf 85' lang='lat' dir='ltr'><strong>supra</strong></span> <span class='ocrx_word' id='word_1_660' title='bbox 815 4715 991 4753; x_wconf 84' lang='lat' dir='ltr'><strong>omnes</strong></span> <span class='ocrx_word' id='word_1_661' title='bbox 1036 4701 1157 4755; x_wconf 85' lang='lat' dir='ltr'><strong>deos</strong></span> <span class='ocrx_word' id='word_1_662' title='bbox 1184 4702 1251 4758; x_wconf 77' lang='lat'><strong>”.</strong></span> <span class='ocrx_word' id='word_1_663' title='bbox 1309 4701 1567 4756; x_wconf 88' lang='lat' dir='ltr'><strong>Dominus</strong></span> <span class='ocrx_word' id='word_1_664' title='bbox 1603 4714 1787 4759; x_wconf 83' lang='lat' dir='ltr'><strong>noster</strong></span> <span class='ocrx_word' id='word_1_665' title='bbox 1835 4704 1949 4759; x_wconf 61' lang='lat' dir='ltr'><strong>hac</strong></span> <span class='ocrx_word' id='word_1_666' title='bbox 1987 4715 2042 4760; x_wconf 89' lang='lat' dir='ltr'><strong>et</strong></span> <span class='ocrx_word' id='word_1_667' title='bbox 2084 4707 2171 4761; x_wconf 87' lang='lat' dir='ltr'><strong>illa</strong></span> 
     </span>
    </p>
   </div>
   <div class='ocr_carea' id='block_1_95' title="bbox 596 4788 2169 4861">
    <p class='ocr_par' dir='ltr' id='par_1_95' title="bbox 596 4788 2169 4861">
     <span class='ocr_line' id='line_1_95' title="bbox 596 4788 2169 4861; baseline 0.004 -16"><span class='ocrx_word' id='word_1_668' title='bbox 596 4788 750 4855; x_wconf 78' lang='lat' dir='ltr'><strong>fecit,</strong></span> <span class='ocrx_word' id='word_1_669' title='bbox 788 4799 899 4846; x_wconf 92' lang='lat' dir='ltr'><strong>tum</strong></span> <span class='ocrx_word' id='word_1_670' title='bbox 934 4792 1229 4845; x_wconf 88' lang='lat' dir='ltr'><strong>universim</strong></span> <span class='ocrx_word' id='word_1_671' title='bbox 1258 4799 1373 4846; x_wconf 90' lang='lat' dir='ltr'><strong>tum</strong></span> <span class='ocrx_word' id='word_1_672' title='bbox 1397 4792 1558 4847; x_wconf 85' lang='lat' dir='ltr'><strong>etiam</strong></span> <span class='ocrx_word' id='word_1_673' title='bbox 1590 4794 1889 4861; x_wconf 88' lang='lat' dir='ltr'><strong>partialim.</strong></span> <span class='ocrx_word' id='word_1_674' title='bbox 1920 4794 2169 4851; x_wconf 79' lang='lat' dir='ltr'><strong>Gentium</strong></span> 
     </span>
    </p>
   </div>
   <div class='ocr_carea' id='block_1_96' title="bbox 597 4880 2166 4954">
    <p class='ocr_par' dir='ltr' id='par_1_96' title="bbox 597 4880 2166 4954">
     <span class='ocr_line' id='line_1_96' title="bbox 597 4880 2166 4954; baseline 0.005 -20"><span class='ocrx_word' id='word_1_675' title='bbox 597 4892 777 4935; x_wconf 84' lang='lat' dir='ltr'><strong>autem</strong></span> <span class='ocrx_word' id='word_1_676' title='bbox 816 4881 910 4946; x_wconf 92' lang='lat' dir='ltr'><strong>dii,</strong></span> <span class='ocrx_word' id='word_1_677' title='bbox 954 4880 1150 4950; x_wconf 87' lang='lat' dir='ltr'><strong>quibus</strong></span> <span class='ocrx_word' id='word_1_678' title='bbox 1179 4896 1277 4937; x_wconf 78' lang='lat' dir='ltr'><strong>vos</strong></span> <span class='ocrx_word' id='word_1_679' title='bbox 1313 4898 1527 4951; x_wconf 88' lang='lat' dir='ltr'><strong>quoque</strong></span> <span class='ocrx_word' id='word_1_680' title='bbox 1553 4884 1766 4954; x_wconf 87' lang='lat' dir='ltr'><strong>decepti</strong></span> <span class='ocrx_word' id='word_1_681' title='bbox 1792 4900 1981 4939; x_wconf 87' lang='lat' dir='ltr'><strong>errore</strong></span> <span class='ocrx_word' id='word_1_682' title='bbox 2010 4897 2166 4942; x_wconf 86' lang='lat' dir='ltr'><strong>antea</strong></span> 
     </span>
    </p>
   </div>
   <div class='ocr_carea' id='block_1_97' title="bbox 597 4969 2166 5042">
    <p class='ocr_par' dir='ltr' id='par_1_97' title="bbox 597 4969 2166 5042">
     <span class='ocr_line' id='line_1_97' title="bbox 597 4969 2166 5042; baseline 0.005 -19"><span class='ocrx_word' id='word_1_683' title='bbox 597 4969 923 5034; x_wconf 87' lang='lat' dir='ltr'><strong>credebatis,</strong></span> <span class='ocrx_word' id='word_1_684' title='bbox 959 4970 1099 5025; x_wconf 87' lang='lat' dir='ltr'><strong>nihil</strong></span> <span class='ocrx_word' id='word_1_685' title='bbox 1136 4981 1291 5025; x_wconf 89' lang='lat' dir='ltr'><strong>erant</strong></span> <span class='ocrx_word' id='word_1_686' title='bbox 1323 4971 1469 5027; x_wconf 86' lang='lat' dir='ltr'><strong>aliud</strong></span> <span class='ocrx_word' id='word_1_687' title='bbox 1494 4988 1654 5042; x_wconf 87' lang='lat' dir='ltr'><strong>quam</strong></span> <span class='ocrx_word' id='word_1_688' title='bbox 1695 4986 1906 5028; x_wconf 88' lang='lat' dir='ltr'><strong>mortua</strong></span> <span class='ocrx_word' id='word_1_689' title='bbox 1935 4984 1989 5029; x_wconf 90' lang='lat' dir='ltr'><strong>et</strong></span> <span class='ocrx_word' id='word_1_690' title='bbox 2022 4988 2166 5031; x_wconf 89' lang='lat' dir='ltr'><strong>muta</strong></span> 
     </span>
    </p>
   </div>
   <div class='ocr_carea' id='block_1_98' title="bbox 597 5060 2166 5137">
    <p class='ocr_par' dir='ltr' id='par_1_98' title="bbox 597 5060 2166 5137">
     <span class='ocr_line' id='line_1_98' title="bbox 597 5060 2166 5137; baseline 0.004 -22"><span class='ocrx_word' id='word_1_691' title='bbox 597 5060 906 5117; x_wconf 84' lang='lat' dir='ltr'><strong>simulacra.</strong></span> <span class='ocrx_word' id='word_1_692' title='bbox 950 5062 1097 5117; x_wconf 87' lang='lat' dir='ltr'><strong>Scite</strong></span> <span class='ocrx_word' id='word_1_693' title='bbox 1131 5071 1308 5117; x_wconf 85' lang='lat' dir='ltr'><strong>autem</strong></span> <span class='ocrx_word' id='word_1_694' title='bbox 1346 5071 1401 5118; x_wconf 89' lang='lat' dir='ltr'><strong>et</strong></span> <span class='ocrx_word' id='word_1_695' title='bbox 1428 5063 1783 5131; x_wconf 85' lang='lat' dir='ltr'><strong>Symmachus</strong></span> <span class='ocrx_word' id='word_1_696' title='bbox 1809 5082 1927 5137; x_wconf 90' lang='lat' dir='ltr'><strong>pro,</strong></span> <span class='ocrx_word' id='word_1_697' title='bbox 1971 5068 2166 5122; x_wconf 85' lang='lat' dir='ltr'><strong>similes</strong></span> 
     </span>
    </p>
   </div>
   <div class='ocr_carea' id='block_1_99' title="bbox 596 5151 2164 5227">
    <p class='ocr_par' dir='ltr' id='par_1_99' title="bbox 596 5151 2164 5227">
     <span class='ocr_line' id='line_1_99' title="bbox 596 5151 2164 5227; baseline 0.007 -23"><span class='ocrx_word' id='word_1_698' title='bbox 596 5151 703 5204; x_wconf 78' lang='lat' dir='ltr'><strong>illis</strong></span> <span class='ocrx_word' id='word_1_699' title='bbox 741 5154 873 5220; x_wconf 77' lang='lat' dir='ltr'><strong>flant</strong></span> <span class='ocrx_word' id='word_1_700' title='bbox 904 5154 995 5224; x_wconf 84' lang='lat' dir='ltr'><strong>qui</strong></span> <span class='ocrx_word' id='word_1_701' title='bbox 1034 5154 1236 5224; x_wconf 76' lang='lat' dir='ltr'><strong>faciunt</strong></span> <span class='ocrx_word' id='word_1_702' title='bbox 1266 5170 1348 5220; x_wconf 90' lang='lat' dir='ltr'><strong>ea,</strong></span> <span class='ocrx_word' id='word_1_703' title='bbox 1378 5156 1764 5227; x_wconf 89' lang='lat' dir='ltr'><strong>interpretatus</strong></span> <span class='ocrx_word' id='word_1_704' title='bbox 1809 5174 1894 5215; x_wconf 75' lang='grc' dir='ltr'><strong>εει</strong></span> <span class='ocrx_word' id='word_1_705' title='bbox 1938 5161 2164 5217; x_wconf 87' lang='lat' dir='ltr'><strong>dicens:</strong></span> 
     </span>
    </p>
   </div>
   <div class='ocr_carea' id='block_1_100' title="bbox 596 5244 2168 5323">
    <p class='ocr_par' dir='ltr' id='par_1_100' title="bbox 596 5244 2168 5323">
     <span class='ocr_line' id='line_1_100' title="bbox 596 5244 2168 5323; baseline 0.007 -26"><span class='ocrx_word' id='word_1_706' title='bbox 596 5244 730 5297; x_wconf 76' lang='lat' dir='ltr'><strong>velut</strong></span> <span class='ocrx_word' id='word_1_707' title='bbox 752 5244 868 5313; x_wconf 86' lang='lat' dir='ltr'><strong>ipsa</strong></span> <span class='ocrx_word' id='word_1_708' title='bbox 891 5246 1021 5313; x_wconf 83' lang='lat' dir='ltr'><strong>ﬁant</strong></span> <span class='ocrx_word' id='word_1_709' title='bbox 1052 5250 1141 5315; x_wconf 86' lang='lat' dir='ltr'><strong>qui</strong></span> <span class='ocrx_word' id='word_1_710' title='bbox 1165 5246 1364 5315; x_wconf 82' lang='lat' dir='ltr'><strong>faciunt</strong></span> <span class='ocrx_word' id='word_1_711' title='bbox 1388 5265 1471 5313; x_wconf 85' lang='lat' dir='ltr'><strong>ea,</strong></span> <span class='ocrx_word' id='word_1_712' title='bbox 1499 5258 1547 5302; x_wconf 91' lang='lat' dir='ltr'><strong>et</strong></span> <span class='ocrx_word' id='word_1_713' title='bbox 1572 5252 1864 5323; x_wconf 84' lang='lat' dir='ltr'><strong>quicunque</strong></span> <span class='ocrx_word' id='word_1_714' title='bbox 1885 5254 2013 5322; x_wconf 88' lang='lat' dir='ltr'><strong>ipsis</strong></span> <span class='ocrx_word' id='word_1_715' title='bbox 2041 5270 2168 5309; x_wconf 88' lang='lat' dir='ltr'><strong>con-</strong></span> 
     </span>
    </p>
   </div>
   <div class='ocr_carea' id='block_1_101' title="bbox 597 5333 2163 5411">
    <p class='ocr_par' dir='ltr' id='par_1_101' title="bbox 597 5333 2163 5411">
     <span class='ocr_line' id='line_1_101' title="bbox 597 5333 2163 5411; baseline 0.007 -26"><span class='ocrx_word' id='word_1_716' title='bbox 597 5333 795 5400; x_wconf 79' lang='lat' dir='ltr'><strong>ﬁdunt.</strong></span> <span class='ocrx_word' id='word_1_717' title='bbox 834 5335 1040 5389; x_wconf 77' lang='lat' dir='ltr'><strong>Revera</strong></span> <span class='ocrx_word' id='word_1_718' title='bbox 1081 5336 1224 5390; x_wconf 87' lang='lat' dir='ltr'><strong>enim</strong></span> <span class='ocrx_word' id='word_1_719' title='bbox 1258 5336 1349 5406; x_wconf 91' lang='lat' dir='ltr'><strong>qui</strong></span> <span class='ocrx_word' id='word_1_720' title='bbox 1383 5337 1692 5393; x_wconf 86' lang='lat' dir='ltr'><strong>inanimatis</strong></span> <span class='ocrx_word' id='word_1_721' title='bbox 1722 5342 1883 5395; x_wconf 86' lang='lat' dir='ltr'><strong>rebus</strong></span> <span class='ocrx_word' id='word_1_722' title='bbox 1912 5352 2163 5411; x_wconf 88' lang='lat' dir='ltr'><strong>tanquam</strong></span> 
     </span>
    </p>
   </div>
   <div class='ocr_carea' id='block_1_102' title="bbox 599 5424 2166 5501">
    <p class='ocr_par' dir='ltr' id='par_1_102' title="bbox 599 5424 2166 5501">
     <span class='ocr_line' id='line_1_102' title="bbox 599 5424 2166 5501; baseline 0.006 -24"><span class='ocrx_word' id='word_1_723' title='bbox 599 5424 704 5478; x_wconf 69' lang='lat' dir='ltr'><strong>diis</strong></span> <span class='ocrx_word' id='word_1_724' title='bbox 730 5428 1040 5491; x_wconf 87' lang='lat' dir='ltr'><strong>attendunt,</strong></span> <span class='ocrx_word' id='word_1_725' title='bbox 1074 5426 1441 5497; x_wconf 82' lang='lat' dir='ltr'><strong>lapidescente</strong></span> <span class='ocrx_word' id='word_1_726' title='bbox 1485 5428 1686 5494; x_wconf 88' lang='lat' dir='ltr'><strong>anima,</strong></span> <span class='ocrx_word' id='word_1_727' title='bbox 1719 5428 1861 5485; x_wconf 91' lang='lat' dir='ltr'><strong>idem</strong></span> <span class='ocrx_word' id='word_1_728' title='bbox 1892 5433 2166 5501; x_wconf 90' lang='lat' dir='ltr'><strong>patiuntur</strong></span> 
     </span>
    </p>
   </div>
   <div class='ocr_carea' id='block_1_103' title="bbox 599 5516 2165 5587">
    <p class='ocr_par' dir='ltr' id='par_1_103' title="bbox 599 5516 2165 5587">
     <span class='ocr_line' id='line_1_103' title="bbox 599 5516 2165 5587; baseline 0.01 -22"><span class='ocrx_word' id='word_1_729' title='bbox 599 5516 743 5584; x_wconf 86' lang='lat' dir='ltr'><strong>quod</strong></span> <span class='ocrx_word' id='word_1_730' title='bbox 786 5518 883 5570; x_wconf 86' lang='lat' dir='ltr'><strong>abs</strong></span> <span class='ocrx_word' id='word_1_731' title='bbox 926 5532 987 5573; x_wconf 88' lang='lat' dir='ltr'><strong>se</strong></span> <span class='ocrx_word' id='word_1_732' title='bbox 1026 5517 1169 5573; x_wconf 86' lang='lat' dir='ltr'><strong>culta</strong></span> <span class='ocrx_word' id='word_1_733' title='bbox 1210 5518 1374 5586; x_wconf 89' lang='lat' dir='ltr'><strong>idola,</strong></span> <span class='ocrx_word' id='word_1_734' title='bbox 1410 5534 1601 5587; x_wconf 90' lang='lat' dir='ltr'><strong>nempe</strong></span> <span class='ocrx_word' id='word_1_735' title='bbox 1637 5520 1821 5575; x_wconf 86' lang='lat' dir='ltr'><strong>oculos</strong></span> <span class='ocrx_word' id='word_1_736' title='bbox 1860 5522 2067 5579; x_wconf 88' lang='lat' dir='ltr'><strong>habent</strong></span> <span class='ocrx_word' id='word_1_737' title='bbox 2109 5535 2165 5580; x_wconf 89' lang='lat' dir='ltr'><strong>et</strong></span> 
     </span>
    </p>
   </div>
   <div class='ocr_carea' id='block_1_104' title="bbox 600 5606 1869 5674">
    <p class='ocr_par' dir='ltr' id='par_1_104' title="bbox 600 5606 1869 5674">
     <span class='ocr_line' id='line_1_104' title="bbox 600 5606 1869 5674; baseline 0.007 -17"><span class='ocrx_word' id='word_1_738' title='bbox 600 5620 705 5659; x_wconf 86' lang='lat' dir='ltr'><strong>non</strong></span> <span class='ocrx_word' id='word_1_739' title='bbox 740 5606 942 5674; x_wconf 86' lang='lat' dir='ltr'><strong>vident,</strong></span> <span class='ocrx_word' id='word_1_740' title='bbox 975 5623 1135 5664; x_wconf 85' lang='lat' dir='ltr'><strong>aures</strong></span> <span class='ocrx_word' id='word_1_741' title='bbox 1162 5608 1364 5664; x_wconf 85' lang='lat' dir='ltr'><strong>habent</strong></span> <span class='ocrx_word' id='word_1_742' title='bbox 1393 5619 1449 5664; x_wconf 88' lang='lat' dir='ltr'><strong>et</strong></span> <span class='ocrx_word' id='word_1_743' title='bbox 1482 5624 1588 5664; x_wconf 91' lang='lat' dir='ltr'><strong>non</strong></span> <span class='ocrx_word' id='word_1_744' title='bbox 1622 5610 1869 5666; x_wconf 89' lang='lat' dir='ltr'><strong>audiunt.</strong></span> 
     </span>
    </p>
   </div>
   <div class='ocr_carea' id='block_1_105' title="bbox 672 5802 1686 5870">
    <p class='ocr_par' dir='ltr' id='par_1_105' title="bbox 672 5802 1686 5870">
     <span class='ocr_line' id='line_1_105' title="bbox 672 5802 1686 5870; baseline -0.002 -9"><span class='ocrx_word' id='word_1_745' title='bbox 672 5802 715 5836; x_wconf 83' lang='lat'><strong>”</strong></span> <span class='ocrx_word' id='word_1_746' title='bbox 744 5802 886 5861; x_wconf 80' lang='lat' dir='ltr'><strong>Psal.</strong></span> <span class='ocrx_word' id='word_1_747' title='bbox 912 5822 971 5870; x_wconf 84' lang='lat' dir='ltr'><strong>ll,</strong></span> <span class='ocrx_word' id='word_1_748' title='bbox 1003 5806 1054 5861; x_wconf 90' lang='grc'>8.</span> <span class='ocrx_word' id='word_1_749' title='bbox 1134 5806 1176 5837; x_wconf 69' lang='grc'><strong>’⁸</strong></span> <span class='ocrx_word' id='word_1_750' title='bbox 1208 5804 1344 5861; x_wconf 79' lang='lat' dir='ltr'><strong>Psal.</strong></span> <span class='ocrx_word' id='word_1_751' title='bbox 1381 5820 1598 5869; x_wconf 73' lang='lat' dir='ltr'><strong>cunv,</strong></span> <span class='ocrx_word' id='word_1_752' title='bbox 1634 5805 1686 5859; x_wconf 80' lang='lat'><strong>5.</strong></span> 
     </span>
    </p>
   </div>
   <div class='ocr_carea' id='block_1_106' title="bbox 2272 4597 3849 4673">
    <p class='ocr_par' dir='ltr' id='par_1_106' title="bbox 2272 4597 3849 4673">
     <span class='ocr_line' id='line_1_106' title="bbox 2272 4597 3849 4673; baseline -0.004 -15"><span class='ocrx_word' id='word_1_753' title='bbox 2272 4606 2506 4673; x_wconf 83' lang='grc' dir='ltr'>Κύριος,</span> <span class='ocrx_word' id='word_1_754' title='bbox 2550 4605 2650 4658; x_wconf 76' lang='grc' dir='ltr'>καὶ</span> <span class='ocrx_word' id='word_1_755' title='bbox 2707 4608 2739 4658; x_wconf 85' lang='lat' dir='ltr'><strong>d</strong></span> <span class='ocrx_word' id='word_1_756' title='bbox 2776 4606 2991 4672; x_wconf 82' lang='grc' dir='ltr'>Κύριος</span> <span class='ocrx_word' id='word_1_757' title='bbox 3036 4600 3204 4671; x_wconf 78' lang='grc' dir='ltr'>ἡμῶν</span> <span class='ocrx_word' id='word_1_758' title='bbox 3235 4601 3395 4669; x_wconf 77' lang='grc' dir='ltr'>παρὰ</span> <span class='ocrx_word' id='word_1_759' title='bbox 3435 4597 3666 4664; x_wconf 77' lang='grc' dir='ltr'>πάντας</span> <span class='ocrx_word' id='word_1_760' title='bbox 3704 4598 3849 4665; x_wconf 84' lang='grc' dir='ltr'>τοὺς</span> 
     </span>
    </p>
   </div>
   <div class='ocr_carea' id='block_1_107' title="bbox 2272 4690 3849 4769">
    <p class='ocr_par' dir='ltr' id='par_1_107' title="bbox 2272 4690 3849 4769">
     <span class='ocr_line' id='line_1_107' title="bbox 2272 4690 3849 4769; baseline -0.006 -18"><span class='ocrx_word' id='word_1_761' title='bbox 2272 4699 2445 4763; x_wconf 86' lang='grc' dir='ltr'>θεούς</span> <span class='ocrx_word' id='word_1_762' title='bbox 2468 4715 2480 4727; x_wconf 94' lang='grc'>·</span> <span class='ocrx_word' id='word_1_763' title='bbox 2514 4700 2542 4750; x_wconf 85' lang='grc' dir='ltr'><strong>ὁ</strong></span> <span class='ocrx_word' id='word_1_764' title='bbox 2574 4698 2673 4768; x_wconf 86' lang='grc' dir='ltr'>μὲν</span> <span class='ocrx_word' id='word_1_765' title='bbox 2701 4698 2807 4769; x_wconf 83' lang='grc' dir='ltr'>γὰρ</span> <span class='ocrx_word' id='word_1_766' title='bbox 2846 4696 3052 4765; x_wconf 83' lang='grc' dir='ltr'>Κύριος</span> <span class='ocrx_word' id='word_1_767' title='bbox 3096 4693 3254 4764; x_wconf 80' lang='grc' dir='ltr'>ημῶν</span> <span class='ocrx_word' id='word_1_768' title='bbox 3278 4693 3405 4747; x_wconf 79' lang='grc' dir='ltr'>τάδε</span> <span class='ocrx_word' id='word_1_769' title='bbox 3443 4692 3537 4745; x_wconf 72' lang='grc' dir='ltr'>καὶ</span> <span class='ocrx_word' id='word_1_770' title='bbox 3563 4690 3689 4744; x_wconf 87' lang='grc' dir='ltr'>τάδε</span> <span class='ocrx_word' id='word_1_771' title='bbox 3735 4692 3849 4761; x_wconf 84' lang='grc' dir='ltr'>είρ-</span> 
     </span>
    </p>
   </div>
   <div class='ocr_carea' id='block_1_108' title="bbox 2272 4782 3843 4857">
    <p class='ocr_par' dir='ltr' id='par_1_108' title="bbox 2272 4782 3843 4857">
     <span class='ocr_line' id='line_1_108' title="bbox 2272 4782 3843 4857; baseline -0.006 -15"><span class='ocrx_word' id='word_1_772' title='bbox 2272 4788 2477 4857; x_wconf 87' lang='grc' dir='ltr'>γάσατο</span> <span class='ocrx_word' id='word_1_773' title='bbox 2510 4788 2566 4841; x_wconf 80' lang='grc' dir='ltr'><strong>ἐν</strong></span> <span class='ocrx_word' id='word_1_774' title='bbox 2594 4804 2653 4840; x_wconf 88' lang='grc' dir='ltr'><strong>τε</strong></span> <span class='ocrx_word' id='word_1_775' title='bbox 2690 4791 2803 4850; x_wconf 85' lang='grc' dir='ltr'>τοῖς</span> <span class='ocrx_word' id='word_1_776' title='bbox 2835 4786 3060 4839; x_wconf 86' lang='grc' dir='ltr'>καθόλου</span> <span class='ocrx_word' id='word_1_777' title='bbox 3107 4785 3201 4838; x_wconf 76' lang='grc' dir='ltr'><strong>καὶ</strong></span> <span class='ocrx_word' id='word_1_778' title='bbox 3248 4787 3307 4838; x_wconf 87' lang='grc' dir='ltr'><strong>ἐν</strong></span> <span class='ocrx_word' id='word_1_779' title='bbox 3340 4785 3451 4846; x_wconf 80' lang='grc' dir='ltr'>τοῖς</span> <span class='ocrx_word' id='word_1_780' title='bbox 3483 4782 3576 4834; x_wconf 72' lang='grc' dir='ltr'><strong>ἐπὶ</strong></span> <span class='ocrx_word' id='word_1_781' title='bbox 3610 4782 3843 4854; x_wconf 86' lang='grc' dir='ltr'>μέρους·</span> 
     </span>
    </p>
   </div>
   <div class='ocr_carea' id='block_1_109' title="bbox 2273 4872 3848 4943">
    <p class='ocr_par' dir='ltr' id='par_1_109' title="bbox 2273 4872 3848 4943">
     <span class='ocr_line' id='line_1_109' title="bbox 2273 4872 3848 4943; baseline -0.005 -10"><span class='ocrx_word' id='word_1_782' title='bbox 2273 4882 2323 4933; x_wconf 80' lang='grc' dir='ltr'>οἱ</span> <span class='ocrx_word' id='word_1_783' title='bbox 2349 4879 2407 4933; x_wconf 82' lang='grc' dir='ltr'><strong>δέ</strong></span> <span class='ocrx_word' id='word_1_784' title='bbox 2448 4880 2556 4933; x_wconf 85' lang='grc' dir='ltr'>τῶν</span> <span class='ocrx_word' id='word_1_785' title='bbox 2598 4878 2767 4932; x_wconf 87' lang='grc' dir='ltr'>ἐθνῶν</span> <span class='ocrx_word' id='word_1_786' title='bbox 2802 4878 2931 4942; x_wconf 77' lang='grc' dir='ltr'>θεοὶ,</span> <span class='ocrx_word' id='word_1_787' title='bbox 2958 4877 3053 4942; x_wconf 82' lang='grc' dir='ltr'>οὓς</span> <span class='ocrx_word' id='word_1_788' title='bbox 3079 4878 3175 4931; x_wconf 74' lang='grc' dir='ltr'>καὶ</span> <span class='ocrx_word' id='word_1_789' title='bbox 3211 4877 3367 4929; x_wconf 74' lang='grc' dir='ltr'>αὐτοὶ</span> <span class='ocrx_word' id='word_1_790' title='bbox 3414 4872 3848 4943; x_wconf 88' lang='grc' dir='ltr'>πεπλανημένως</span> 
     </span>
    </p>
   </div>
   <div class='ocr_carea' id='block_1_110' title="bbox 2274 4965 3849 5043">
    <p class='ocr_par' dir='ltr' id='par_1_110' title="bbox 2274 4965 3849 5043">
     <span class='ocr_line' id='line_1_110' title="bbox 2274 4965 3849 5043; baseline -0.004 -18"><span class='ocrx_word' id='word_1_791' title='bbox 2274 4972 2549 5042; x_wconf 72' lang='grc' dir='ltr'>ἐνομίζετε</span> <span class='ocrx_word' id='word_1_792' title='bbox 2580 4971 2862 5043; x_wconf 72' lang='grc' dir='ltr'>πρότερον,</span> <span class='ocrx_word' id='word_1_793' title='bbox 2900 4969 3052 5023; x_wconf 79' lang='grc' dir='ltr'>οὐδὲν</span> <span class='ocrx_word' id='word_1_794' title='bbox 3091 4965 3230 5040; x_wconf 79' lang='grc' dir='ltr'>ἦσαν</span> <span class='ocrx_word' id='word_1_795' title='bbox 3253 4968 3439 5038; x_wconf 66' lang='grc' dir='ltr'>ἕτερον</span> <span class='ocrx_word' id='word_1_796' title='bbox 3467 4965 3726 5035; x_wconf 49' lang='lat' dir='ltr'><strong>arma</strong></span> <span class='ocrx_word' id='word_1_797' title='bbox 3760 4982 3849 5019; x_wconf 84' lang='grc' dir='ltr'>νε-</span> 
     </span>
    </p>
   </div>
   <div class='ocr_carea' id='block_1_111' title="bbox 2274 5056 3847 5133">
    <p class='ocr_par' dir='ltr' id='par_1_111' title="bbox 2274 5056 3847 5133">
     <span class='ocr_line' id='line_1_111' title="bbox 2274 5056 3847 5133; baseline -0.004 -16"><span class='ocrx_word' id='word_1_798' title='bbox 2274 5064 2380 5133; x_wconf 82' lang='grc' dir='ltr'>κρὰ</span> <span class='ocrx_word' id='word_1_799' title='bbox 2415 5063 2509 5116; x_wconf 84' lang='grc' dir='ltr'>καὶ</span> <span class='ocrx_word' id='word_1_800' title='bbox 2544 5062 2726 5130; x_wconf 80' lang='grc' dir='ltr'>κωφά.</span> <span class='ocrx_word' id='word_1_801' title='bbox 2765 5060 3077 5132; x_wconf 85' lang='grc' dir='ltr'>Χαριέντως</span> <span class='ocrx_word' id='word_1_802' title='bbox 3106 5059 3163 5113; x_wconf 82' lang='grc' dir='ltr'>δὲ</span> <span class='ocrx_word' id='word_1_803' title='bbox 3194 5058 3289 5111; x_wconf 69' lang='grc' dir='ltr'>καὶ</span> <span class='ocrx_word' id='word_1_804' title='bbox 3330 5060 3359 5111; x_wconf 87' lang='grc' dir='ltr'>ὁ</span> <span class='ocrx_word' id='word_1_805' title='bbox 3400 5056 3697 5127; x_wconf 80' lang='grc' dir='ltr'>Σύμμαχος</span> <span class='ocrx_word' id='word_1_806' title='bbox 3723 5057 3847 5111; x_wconf 74' lang='grc' dir='ltr'>ἀντὶ</span> 
     </span>
    </p>
   </div>
   <div class='ocr_carea' id='block_1_112' title="bbox 2272 5146 3843 5223">
    <p class='ocr_par' dir='ltr' id='par_1_112' title="bbox 2272 5146 3843 5223">
     <span class='ocr_line' id='line_1_112' title="bbox 2272 5146 3843 5223; baseline -0.003 -16"><span class='ocrx_word' id='word_1_807' title='bbox 2272 5155 2387 5220; x_wconf 81' lang='grc' dir='ltr'>τοῦ,</span> <span class='ocrx_word' id='word_1_808' title='bbox 2434 5154 2623 5223; x_wconf 83' lang='grc' dir='ltr'>ὅμοιοι</span> <span class='ocrx_word' id='word_1_809' title='bbox 2667 5152 2870 5219; x_wconf 79' lang='grc' dir='ltr'>αὐτοῖς</span> <span class='ocrx_word' id='word_1_810' title='bbox 2916 5151 3181 5222; x_wconf 66' lang='grc' dir='ltr'>γένοιντο</span> <span class='ocrx_word' id='word_1_811' title='bbox 3206 5153 3278 5202; x_wconf 84' lang='grc' dir='ltr'><strong>-οἱ</strong></span> <span class='ocrx_word' id='word_1_812' title='bbox 3320 5148 3632 5213; x_wconf 76' lang='grc' dir='ltr'>ποιοῦντες</span> <span class='ocrx_word' id='word_1_813' title='bbox 3668 5146 3843 5215; x_wconf 81' lang='grc' dir='ltr'>αὐτὰ,</span> 
     </span>
    </p>
   </div>
   <div class='ocr_carea' id='block_1_113' title="bbox 2268 5239 3848 5318">
    <p class='ocr_par' dir='ltr' id='par_1_113' title="bbox 2268 5239 3848 5318">
     <span class='ocr_line' id='line_1_113' title="bbox 2268 5239 3848 5318; baseline -0.006 -17"><span class='ocrx_word' id='word_1_814' title='bbox 2268 5249 2610 5318; x_wconf 80' lang='grc' dir='ltr'>ἡρμήνευσεν</span> <span class='ocrx_word' id='word_1_815' title='bbox 2634 5244 2824 5310; x_wconf 81' lang='grc' dir='ltr'>εἰπὼν,</span> <span class='ocrx_word' id='word_1_816' title='bbox 2863 5246 2944 5311; x_wconf 85' lang='grc' dir='ltr'><strong>ὡς</strong></span> <span class='ocrx_word' id='word_1_817' title='bbox 2971 5242 3121 5297; x_wconf 84' lang='grc' dir='ltr'>αὐτὰ</span> <span class='ocrx_word' id='word_1_818' title='bbox 3144 5242 3414 5311; x_wconf 73' lang='grc' dir='ltr'>τένοιντο</span> <span class='ocrx_word' id='word_1_819' title='bbox 3445 5243 3497 5292; x_wconf 78' lang='grc' dir='ltr'>οἱ</span> <span class='ocrx_word' id='word_1_820' title='bbox 3526 5239 3848 5305; x_wconf 78' lang='grc' dir='ltr'>ποιοῦντες</span> 
     </span>
    </p>
   </div>
   <div class='ocr_carea' id='block_1_114' title="bbox 2269 5331 3844 5403">
    <p class='ocr_par' dir='ltr' id='par_1_114' title="bbox 2269 5331 3844 5403">
     <span class='ocr_line' id='line_1_114' title="bbox 2269 5331 3844 5403; baseline -0.004 -12"><span class='ocrx_word' id='word_1_821' title='bbox 2269 5339 2438 5403; x_wconf 83' lang='grc' dir='ltr'>αὐτὰ,</span> <span class='ocrx_word' id='word_1_822' title='bbox 2470 5340 2567 5393; x_wconf 75' lang='grc' dir='ltr'>καὶ</span> <span class='ocrx_word' id='word_1_823' title='bbox 2602 5337 2721 5403; x_wconf 81' lang='grc' dir='ltr'>πᾶς</span> <span class='ocrx_word' id='word_1_824' title='bbox 2746 5341 2778 5392; x_wconf 86' lang='grc' dir='ltr'><strong>ό</strong></span> <span class='ocrx_word' id='word_1_825' title='bbox 2803 5336 3098 5403; x_wconf 80' lang='grc' dir='ltr'>πεποιθὼς</span> <span class='ocrx_word' id='word_1_826' title='bbox 3133 5334 3356 5401; x_wconf 78' lang='grc' dir='ltr'>αὐτοῖς.</span> <span class='ocrx_word' id='word_1_827' title='bbox 3388 5333 3497 5386; x_wconf 79' lang='grc' dir='ltr'><strong>Καὶ</strong></span> <span class='ocrx_word' id='word_1_828' title='bbox 3526 5333 3636 5403; x_wconf 81' lang='grc' dir='ltr'>γὰρ</span> <span class='ocrx_word' id='word_1_829' title='bbox 3672 5331 3844 5397; x_wconf 79' lang='grc' dir='ltr'>ὅντως</span> 
     </span>
    </p>
   </div>
   <div class='ocr_carea' id='block_1_115' title="bbox 2268 5415 3846 5492">
    <p class='ocr_par' dir='ltr' id='par_1_115' title="bbox 2268 5415 3846 5492">
     <span class='ocr_line' id='line_1_115' title="bbox 2268 5415 3846 5492; baseline -0.004 -17"><span class='ocrx_word' id='word_1_830' title='bbox 2268 5425 2317 5477; x_wconf 82' lang='grc' dir='ltr'>οἱ</span> <span class='ocrx_word' id='word_1_831' title='bbox 2353 5425 2465 5486; x_wconf 87' lang='grc' dir='ltr'>τοῖς</span> <span class='ocrx_word' id='word_1_832' title='bbox 2494 5422 2719 5492; x_wconf 78' lang='grc' dir='ltr'>ἀψύχοις</span> <span class='ocrx_word' id='word_1_833' title='bbox 2749 5422 2823 5484; x_wconf 83' lang='grc' dir='ltr'>ὡς</span> <span class='ocrx_word' id='word_1_834' title='bbox 2856 5421 2997 5483; x_wconf 75' lang='grc' dir='ltr'>θεοῖς</span> <span class='ocrx_word' id='word_1_835' title='bbox 3033 5420 3404 5492; x_wconf 88' lang='grc' dir='ltr'>προσέχοντες,</span> <span class='ocrx_word' id='word_1_836' title='bbox 3432 5415 3622 5487; x_wconf 87' lang='grc' dir='ltr'>ὥσπερ</span> <span class='ocrx_word' id='word_1_837' title='bbox 3654 5415 3846 5469; x_wconf 87' lang='grc' dir='ltr'>ἀπολι-</span> 
     </span>
    </p>
   </div>
   <div class='ocr_carea' id='block_1_116' title="bbox 2269 5504 3843 5584">
    <p class='ocr_par' dir='ltr' id='par_1_116' title="bbox 2269 5504 3843 5584">
     <span class='ocr_line' id='line_1_116' title="bbox 2269 5504 3843 5584; baseline -0.006 -17"><span class='ocrx_word' id='word_1_838' title='bbox 2269 5512 2529 5577; x_wconf 84' lang='grc' dir='ltr'>θωθέντες</span> <span class='ocrx_word' id='word_1_839' title='bbox 2562 5514 2661 5584; x_wconf 76' lang='grc' dir='ltr'>τὴν</span> <span class='ocrx_word' id='word_1_840' title='bbox 2694 5513 2889 5583; x_wconf 78' lang='grc' dir='ltr'>ψυχὴν,</span> <span class='ocrx_word' id='word_1_841' title='bbox 2929 5512 3025 5565; x_wconf 74' lang='grc' dir='ltr'>καὶ</span> <span class='ocrx_word' id='word_1_842' title='bbox 3066 5509 3218 5563; x_wconf 78' lang='grc' dir='ltr'>αὐτοὶ</span> <span class='ocrx_word' id='word_1_843' title='bbox 3249 5508 3310 5560; x_wconf 84' lang='grc' dir='ltr'><strong>τδ</strong></span> <span class='ocrx_word' id='word_1_844' title='bbox 3337 5506 3469 5561; x_wconf 74' lang='grc' dir='ltr'>αὐτὸ</span> <span class='ocrx_word' id='word_1_845' title='bbox 3507 5504 3843 5558; x_wconf 86' lang='grc' dir='ltr'>πεπόνθασιν</span> 
     </span>
    </p>
   </div>
   <div class='ocr_carea' id='block_1_117' title="bbox 2267 5595 3841 5677">
    <p class='ocr_par' dir='ltr' id='par_1_117' title="bbox 2267 5595 3841 5677">
     <span class='ocr_line' id='line_1_117' title="bbox 2267 5595 3841 5677; baseline -0.004 -20"><span class='ocrx_word' id='word_1_846' title='bbox 2267 5610 2378 5669; x_wconf 87' lang='grc' dir='ltr'>τοῖς</span> <span class='ocrx_word' id='word_1_847' title='bbox 2412 5605 2901 5677; x_wconf 81' lang='grc' dir='ltr'>προσκυνουμένοις</span> <span class='ocrx_word' id='word_1_848' title='bbox 2934 5605 3023 5657; x_wconf 84' lang='grc' dir='ltr'><strong>ὑπ’</strong></span> <span class='ocrx_word' id='word_1_849' title='bbox 3063 5600 3260 5663; x_wconf 78' lang='grc' dir='ltr'>αὐτῶν,</span> <span class='ocrx_word' id='word_1_850' title='bbox 3287 5598 3596 5669; x_wconf 78' lang='grc' dir='ltr'>ὀφθαλμοὺς</span> <span class='ocrx_word' id='word_1_851' title='bbox 3622 5595 3841 5667; x_wconf 69' lang='grc' dir='ltr'>ἔχοντες</span> 
     </span>
    </p>
   </div>
   <div class='ocr_carea' id='block_1_118' title="bbox 2267 5690 3719 5771">
    <p class='ocr_par' dir='ltr' id='par_1_118' title="bbox 2267 5690 3719 5771">
     <span class='ocr_line' id='line_1_118' title="bbox 2267 5690 3719 5771; baseline -0.006 -15"><span class='ocrx_word' id='word_1_852' title='bbox 2267 5702 2358 5756; x_wconf 75' lang='grc' dir='ltr'>καὶ</span> <span class='ocrx_word' id='word_1_853' title='bbox 2382 5702 2443 5755; x_wconf 84' lang='grc' dir='ltr'><strong>ού</strong></span> <span class='ocrx_word' id='word_1_854' title='bbox 2467 5700 2771 5771; x_wconf 81' lang='grc' dir='ltr'>βλέποντες,</span> <span class='ocrx_word' id='word_1_855' title='bbox 2798 5694 2909 5753; x_wconf 81' lang='grc' dir='ltr'>ὦτα</span> <span class='ocrx_word' id='word_1_856' title='bbox 2933 5698 3143 5769; x_wconf 73' lang='grc' dir='ltr'>ἔχοντες</span> <span class='ocrx_word' id='word_1_857' title='bbox 3169 5696 3260 5751; x_wconf 69' lang='grc' dir='ltr'>καὶ</span> <span class='ocrx_word' id='word_1_858' title='bbox 3285 5694 3385 5747; x_wconf 72' lang='grc' dir='ltr'>οὐκ</span> <span class='ocrx_word' id='word_1_859' title='bbox 3411 5690 3719 5760; x_wconf 79' lang='grc' dir='ltr'>ἀκούοντες.</span> 
     </span>
    </p>
   </div>
  </div>
