4090 6404
616 383 684 438 59
1251 362 1516 422 EUSEBII
1554 349 2022 418 CAISARIENSIS
2054 347 2203 404 OPP.
2246 341 2427 399 PARS
2465 340 2553 396 III.
2596 370 2663 380 —-
2705 330 3116 390 EXEGETICA.
3797 323 3866 378 so

617 497 901 557 mu1titudo
949 488 1187 562 gentium
1238 485 1480 552 ingressa
1538 476 1739 535 fuerit,
1797 482 1853 525 et
1906 465 2172 523 secundus
2204 479 2245 532 Α

616 587 816 645 Christi
845 584 1107 637 adventus
1138 574 1413 631 acciderit.
1450 569 1601 623 Tunc
1625 566 1766 620 enim
1795 574 1987 627 magna
2018 566 2179 645 appaf

621 644 759 733 rebit
801 674 969 745 gloria
998 667 1233 725 Domini.
1280 664 1518 729 Namque
1565 655 1885 725 imperativo
1915 650 2069 705 modo
2097 644 2180 699 vel

618 768 879 837 nptativo,
909 764 1086 818 futura
1116 756 1379 812 interdum
1408 753 1733 806 denotantur
1760 746 2051 802 secundum
2086 755 2179 809 pe-

619 832 877 914 culiarem
905 852 1248 907 Hebrmurum
1295 840 1764 899 consuetudinem.
1800 865 1871 877 —
1903 832 2179 887 Vaticina—

625 956 713 999 tnr
762 942 1008 997 dill‘usum
1059 937 1123 990 iri
1174 950 1271 1003 per
1301 946 1492 987 omnes
1524 940 1714 1000 gentes
1760 926 1851 981 Dei
1903 922 2180 982 notitiam;

623 1035 812 1090 Cuncti
848 1032 1009 1090 enim,
1046 1026 1241 1095 inquit,
1275 1038 1432 1091 reges
1457 1030 1617 1075 terrm
1642 1015 2036 1073 conﬁtebuntur
2068 1010 2181 1069 tibi,

624 1129 947 1192 audientque
975 1118 1156 1174 omnia
1188 1116 1349 1170 verba
1393 1112 1506 1166 oris
1536 1110 1628 1163 Dei
1656 1148 1672 1173 ,
1717 1116 1770 1162 et
1802 1105 2101 1159 cantabunt
2131 1101 2184 1152 in

625 1220 728 1271 viis
772 1211 1003 1269 Domini.
1056 1208 1178 1262 Haec
1228 1215 1407 1259 autem
1440 1201 1652 1255 nonnisi
1706 1205 1827 1267 post
1877 1193 2187 1248 Servatoris

629 1309 795 1364 nostri
840 1302 1276 1373 prmdicatinnem
1310 1296 1513 1349 exitum
1551 1300 1703 1344 nacta
1748 1298 1893 1342 sunt.
1930 1285 2046 1341 Viae
2091 1300 2186 1338 au—

630 1411 737 1454 tem
777 1396 1004 1449 virtutes
1053 1398 1218 1449 sunt,
1268 1398 1387 1453 quae
1434 1382 1501 1435 ad
1553 1380 1646 1434 Dei
1696 1379 1943 1434 notitiam
1992 1374 2189 1445 perdu-

630 1498 778 1542 cunt.

698 1663 861 1716 νεεδ.
897 1660 948 1715 6.
986 1657 1234 1712 Επειειισ
1268 1655 1522 1709 Dominus
1561 1665 1607 1707 et
1637 1650 1859 1703 humilia
1892 1649 2123 1714 respicit.

706 1753 836 1820 Qua!
879 1751 1224 1819 propheticus
1277 1747 1501 1814 spiritus
1556 1743 1610 1796 in
1664 1743 1778 1810 ipso
1806 1749 1859 1794 et
1899 1754 1993 1807 per
2023 1737 2193 1805 ipsum

636 1843 847 1896 locutus
904 1840 1118 1898 fuerat,
1168 1837 1331 1889 David
1386 1846 1752 1903 cognoscens,
1810 1830 2017 1882 lmtatur
2068 1828 2189 1894 quin

640 1933 779 1984 Deus
807 1929 1025 1982 humilia
1074 1925 1295 1995 respicit
1322 1964 1338 1989 ,
1374 1932 1427 1976 et
1458 1920 1725 1991 pressuris
1772 1919 1889 1987 ejus
1921 1926 2193 1985 protector

639 2025 810 2078 adest.

735 2139 893 2195 Vnus.
928 2138 979 2191 7.
1012 2135 1069 2191 Si
1092 2135 1422 2189 ambularem
1452 2133 1505 2185 in
1533 2132 1701 2183 medio
1726 2127 2105 2187 tribulationis,

1152 2204 1426 2271 viviﬁcabis
1459 2217 1557 2264 me,
1587 2210 1692 2253 etc.

711 2298 920 2353 Clarius
956 2288 1311 2365 Symmachus
1339 2290 1478 2343 dixit
1508 2307 1520 2341 :
1554 2288 1616 2342 Si
1650 2286 1981 2340 ambulavero
2018 2284 2072 2335 in
2096 2298 2199 2335 me-

641 2389 728 2439 dio
762 2384 1112 2437 tribulationis
1138 2422 1153 2445 ,
1196 2378 1523 2434 canservabis
1565 2388 1689 2428 me:
1721 2382 1904 2426 contra
1949 2372 2199 2424 anhelan-

646 2488 721 2530 tes
758 2476 993 2528 inimicos
1029 2489 1169 2525 meus
1218 2486 1428 2523 manum
1477 2480 1618 2520 tuam
1652 2465 1918 2523 extendes.
1952 2463 2201 2515 servabit-

560 2560 569 2569 ’
645 2582 745 2635 que
803 2580 881 2615 me
931 2564 1143 2615 dextera
1184 2569 1295 2612 tua.
1336 2558 1588 2611 Dominus
1631 2571 1737 2608 rem
1778 2570 1871 2622 pro
1914 2570 1995 2606 me
2036 2550 2202 2618 conﬁ-

646 2659 765 2709 ciet.

1087 2801 1403 2858 PSALMUS
1439 2799 1771 2856 CXXXVIII.

718 2894 882 2949 "ests.
910 2895 961 2947 I.
997 2893 1235 2958 Domine,
1266 2892 1494 2961 probasti
1518 2907 1618 2956 me,
1652 2901 1697 2942 et
1731 2888 2013 2957 cognovisti
2035 2903 2135 2939 me.

721 2988 981 3052 Quoniam
1010 2985 1167 3053 igitur
1196 2993 1392 3036 nostra:
1415 2996 1627 3050 quoque
1654 2983 1774 3034 vita:
1806 2990 2017 3047 tempus
2048 2977 2211 3031 habet

652 3079 895 3133 dimensa
955 3092 983 3131 a
1033 3078 1142 3130 Deo
1194 3074 1471 3129 intervalla
1500 3113 1515 3135 ,
1564 3074 1873 3128 universum
1916 3072 2043 3125 vitae
2077 3084 2209 3123 mem

2276 458 2545 527 πλήρωμα
2575 450 2680 517 τῶν
2712 447 2879 502 ἐθνῶν
2912 444 3149 515 είσέλθῃ,
3186 444 3279 495 καὶ
3308 444 3341 514 ἡ
3367 442 3597 511 δευτέρα
3628 437 3724 490 τοῦ
3747 438 3865 527 Σῳ.

2471 545 2695 612 γένηται
2744 536 3032 609 παρουσία·
3054 534 3177 587 τότε
3205 533 3313 603 γὰρ
3335 532 3632 603 ὀφθήσεται
3658 526 3869 619 μεγάλη

2408 635 2614 705 Κυρίου
2649 634 2682 701 ἡ
2727 630 2883 694 δόξα·
2918 624 3331 695 προστακτικῶς
3363 624 3418 677 δὲ
3458 623 3552 676 καὶ
3601 616 3869 680 εύκτικῶς

2283 727 2393 780 ἐσθ’
2455 726 2544 777 ὅτε
2600 722 2668 774 τὰ
2722 718 2978 789 μέλλοντα
3038 712 3323 783 δηλοῦται,
3384 712 3529 767 κατά
3581 727 3705 763 τινα
3763 708 3873 761 τῶν

2296 816 2560 887 Ἐϐραίων
2604 810 2913 881 συνήθειαν.
2957 837 3025 847 --
3053 804 3395 875 Προφητεύει
3425 804 3553 875 περὶ
3585 801 3685 871 τῆς
3737 798 3867 870 μελ-

2284 908 2484 978 λούσης
2515 900 2880 969 ὲξαπλοῦσθαι
2918 900 2997 960 είς
3046 896 3222 949 πάντα
3262 894 3391 964 ἔθνη
3430 893 3524 947 τοῦ
3554 891 3688 945 Θεοῦ
3727 887 3872 958 γνώ-

2287 1016 2441 1062 σεως·
2471 998 2663 1049 Ἔσται
2702 992 2832 1063 γὰρ,
2864 991 3049 1061 φησὶν,
3072 989 3161 1041 δτε
3192 987 3391 1049 πάντες
3421 986 3471 1039 οἱ
3506 983 3741 1055 βασιλεῖς
3770 980 3875 1050 τῆς

2286 1091 2388 1161 γῆς
2431 1082 2914 1157 ὲξομολογήσονταί
2958 1096 3039 1131 σοι
3075 1078 3169 1131 καὶ
3218 1076 3537 1130 ἀκούσονται
3582 1073 3758 1127 πάντα
3802 1070 3875 1123 τὶ

2290 1183 2509 1252 ῥήματα
2546 1175 2642 1230 τοῦ
2676 1174 2941 1244 στόματος
2971 1169 3128 1233 Θεοῦ,
3163 1168 3256 1221 καὶ
3287 1168 3369 1221 ὅτι
3412 1168 3634 1239 ᾆσονται
3664 1166 3722 1218 ὲν
3747 1165 3873 1227 ταῖς

2290 1267 2427 1329 ὁδοῖς
2469 1264 2695 1335 Κυρίου.
2723 1260 2909 1315 Ταῦτα
2936 1259 2993 1312 δὲ
3024 1258 3124 1312 ούκ
3164 1256 3351 1311 ἄλλοτε
3386 1258 3419 1326 ἢ
3461 1256 3599 1326 μετὰ
3622 1255 3686 1307 τὸ
3712 1254 3874 1321 εὐαγ-

2290 1357 2503 1426 γελικδν
2532 1356 2794 1423 κήρυγμα
2826 1350 2918 1404 τοῦ
2950 1350 3203 1420 Σωτῆρος
3230 1350 3261 1418 ἡ
3273 1347 3388 1417 μῶν
3421 1348 3609 1408 τέλους
3642 1345 3876 1415 τετύχηο

2292 1466 2406 1503 κεν.
2450 1447 2589 1500 Ὀδοὶ
2636 1445 2692 1497 δέ
2724 1446 2861 1496 εἰσιν
2894 1443 2950 1494 αἱ
2996 1440 3216 1511 ἀρεταὶ,
3250 1440 3305 1491 αἱ
3336 1438 3598 1509 φέρουσαι
3638 1436 3734 1489 ἐπὶ
3774 1434 3877 1503 τὴν

2294 1543 2493 1608 γνῶσιν
2519 1536 2613 1590 τοῦ
2646 1533 2802 1587 Θεοῦ.

2448 1624 2718 1693 ’Υψηλὸς
2749 1623 2985 1689 Κύριος,
3018 1619 3115 1673 καὶ
3149 1618 3221 1671 τὰ
3255 1619 3504 1671 ταπεινὰ
3523 1614 3731 1686 ἐφορᾷ.

2368 1718 2450 1771 Τὰ
2481 1716 2585 1769 ὑπὸ
2610 1714 2704 1767 τοῦ
2732 1711 3070 1783 προφητικοῦ
3098 1711 3409 1780 πνεύματος
3435 1712 3493 1763 ὲν
3518 1709 3669 1778 αύτῷ
3691 1709 3787 1765 καὶ
3807 1708 3877 1763 δι’

2222 1822 2264 1874 Β
2292 1806 2455 1859 αὑτοῦ
2482 1804 2780 1875 λαληθέντα
2812 1800 2998 1871 μαθὼν
3024 1802 3051 1852 6
3082 1801 3260 1864 Δαυῖδ,
3295 1801 3487 1877 θαρρεῖ
3511 1801 3586 1863 ὡς
3620 1799 3866 1870 ἐφορῶν-

2296 1916 2384 1959 τος
2410 1897 2478 1949 τὰ
2508 1894 2737 1947 ταπεινὰ
2770 1891 2861 1943 τοῦ
2890 1890 3056 1956 Θεοῦ,
3098 1892 3172 1954 ὠς
3198 1894 3257 1944 ὲν
3295 1895 3417 1955 ταῖς
3444 1891 3691 1961 Θλίψεσιν
3728 1890 3880 1963 αύτῷ

2304 1988 2789 2057 συνασπιζομένου.

2310 2102 2443 2154 Ἐὰν
2462 2098 2729 2166 πορευθῶ
2757 2099 2824 2153 ἐν
2842 2100 3009 2169 μέσῳ
3038 2100 3317 2168 θλίψεως,
3346 2094 3532 2163 ζήσῃς
3552 2113 3652 2165 με,
3674 2113 3730 2148 κ.
3750 2113 3802 2149 τ.
3828 2095 3878 2150 λ.

2372 2249 2708 2319 Σαφέστερον
2750 2249 2806 2300 δὲ
2838 2249 2866 2300 6
2906 2248 3197 2319 Σύμμαχος
3243 2247 3378 2317 ἔφη·
3433 2246 3575 2300 Ἐὰν
3610 2243 3883 2314 πορευθῶ

2300 2338 2396 2392 διὰ
2437 2339 2634 2407 μέσης
2687 2340 2981 2406 θλίψεως,
3027 2340 3380 2405 περισώσεις
3422 2353 3531 2406 με·
3588 2335 3738 2389 κατὰ
3771 2333 3884 2402 τῆς

2300 2428 2611 2495 ἀναπνοῆς
2664 2428 2781 2482 τῶν
2816 2428 3045 2497 ἐχθρῶν
3070 2447 3191 2497 μου
3231 2427 3493 2494 ἐκτενεῖς
3531 2427 3699 2497 χεῖρά
3742 2442 3883 2489 σου,

2302 2523 2399 2574 καὶ
2440 2522 2625 2575 σώσει
2668 2538 2745 2590 με
2784 2522 2823 2589 ἡ
2868 2519 3037 2583 δεξιά
3086 2535 3237 2574 σου·
3289 2522 3506 2587 Κύριος
3548 2517 3886 2572 ἐπιτελέσαι

2303 2611 2455 2679 ὑπὲρ
2485 2612 2649 2681 ἐμοῦ.

2840 2774 3131 2828 ΨΔΛΜΟΣ
3166 2774 3339 2829 PAH’.

2486 2892 2684 2957 Κύριε,
2718 2887 3080 2957 ἐδοκίμασάς
3114 2905 3221 2958 με,
3261 2886 3361 2941 καὶ
3393 2886 3582 2957 ἔγνως
3611 2904 3706 2957 με.

2395 2983 2548 3035 Ἐπεὶ
2572 2982 2748 3033 τοίνυν
2776 2982 2870 3035 καὶ
2907 2985 2936 3036 6
2960 2983 3148 3052 χρόνος
3174 2983 3271 3051 τῆς
3304 2979 3576 3051 ἡμετέρας
3604 2982 3750 3050 ζωῆς
3774 2978 3885 3050 ἔχει

2313 3074 2436 3126 τινὰ
2494 3073 2835 3142 διαστήματα
2890 3071 3277 3144 μεμετρημένα
3324 3069 3475 3142 παρὰ
3516 3069 3665 3141 Θεῷ,
3711 3071 3887 3124 πάντα

657 3179 865 3237 tempus
889 3210 903 3233 ,
938 3168 1146 3236 inquit,
1180 3167 1425 3235 viamque
1475 3165 1738 3219 hactenus
1767 3160 2066 3216 confectam
2098 3159 2209 3228 ipse

2316 3181 2417 3234 μου
2451 3167 2549 3235 τῆς
2581 3162 2725 3231 ζωῆς
2767 3163 2859 3216 τὸν
2900 3166 3129 3235 χρόνον,
3163 3164 3315 3233 φησὶ,
3364 3163 3457 3217 καὶ
3501 3164 3601 3235 τὴν
3651 3163 3771 3217 ὁδὸν
3818 3162 3886 3234 ἣν

654 3270 924 3315 SCI'UIDIUS
953 3275 1031 3312 es.

725 3349 886 3404 Vens.
921 3351 971 3403 6.
1004 3348 1260 3403 Mirabilis
1290 3350 1431 3418 facta
1471 3357 1547 3402 est
1580 3347 1797 3401 scientia
1830 3355 1921 3399 tua
1955 3362 2019 3399 ea:
2042 3360 2140 3397 me.

729 3442 981 3508 Superat,
1008 3441 1203 3509 inquit,
1234 3440 1376 3495 vires
1408 3454 1575 3502 meas,
1605 3447 1658 3491 et
1681 3446 1831 3492 extra
1863 3450 2035 3489 meam
2063 3449 2214 3488 com-

657 3532 1063 3599 prehensionem
1095 3540 1179 3584 est
1226 3532 1413 3583 horum
1441 3529 1693 3598 cognitio,
1746 3528 1817 3581 ita
1853 3536 1911 3579 ut
1948 3541 2011 3581 ea
2040 3541 2215 3596 neque

659 3625 961 3691 excogitare
983 3637 1152 3691 neque
1176 3635 1435 3675 enarrare
1464 3634 1677 3689 queam.
1696 3619 2053 3686 Quantumvis
2072 3619 2215 3672 enim

661 3714 889 3781 dixero,
937 3728 1000 3767 ea
1047 3727 1212 3780 parva
1264 3728 1325 3766 ac
1370 3711 1593 3764 minima
1630 3725 1736 3778 pra:
1765 3709 1945 3765 divina
1979 3710 2215 3778 potentia

662 3804 901 3870 fuerint,
941 3803 1093 3870 cujus
1141 3801 1550 3869 comprehensio
1586 3816 1761 3854 meam
1812 3800 1949 3870 l’ugit
1988 3800 2219 3854 tenuita-

664 3905 795 3957 tem,
830 3896 937 3947 imo
969 3894 1205 3946 omnium
1236 3894 1430 3947 virium
1466 3890 1761 3948 defectum.

711 4006 874 4061 Vens.
906 4006 991 4061 l6.
1033 4005 1397 4073 Imperfectum
1426 4022 1597 4059 meum
1621 4006 1856 4059 uiderunt
1895 4001 2036 4057 oculi
2069 4002 2167 4056 tui.

736 4096 888 4162 Quod
930 4097 1161 4149 nondum
1203 4096 1538 4165 feci,inquit.
1577 4086 1829 4165 tanquam
1867 4093 1979 4164 jam
2015 4092 2218 4148 factum

666 4186 919 4251 intueris;
951 4194 1006 4241 et
1040 4187 1270 4238 nondum
1311 4196 1466 4241 natos
1490 4227 1505 4250 ,
1533 4196 1782 4254 tanquam
1814 4185 1924 4255 jam
1958 4186 2011 4238 in
2044 4184 2219 4239 lucem

669 4276 843 4329 editos
882 4276 1043 4331 nosti.
1071 4273 1253 4327 Potest
1286 4283 1461 4328 autem
1488 4274 1775 4343 dupliciter
1803 4273 2029 4343 intelligi
2064 4273 2221 4328 inuo-

672 4367 843 4419 centia
871 4380 1009 4425 mea,
1041 4373 1095 4416 et
1126 4362 1341 4416 malitia:
1384 4362 1622 4415 carentia
1648 4400 1665 4425 ,
1697 4360 1841 4414 nulla
1866 4360 2108 4429 indigens
2142 4360 2224 4411 in-

2317 3253 2531 3324 διῆλθον
2560 3252 2719 3313 αύτὺς
2754 3250 3083 3321 ἐξιχνίασας.

2509 3341 2962 3411 Ἐθαυμαστώθη
2992 3344 3031 3411 ἠ
3060 3340 3282 3411 γνῶσίς
3302 3356 3418 3395 σου
3452 3341 3521 3405 ἐξ
3547 3340 3711 3411 ἐμοῦ.

2402 3434 2716 3495 Ἐπιῦαίνει,
2749 3433 2901 3505 φησὶ,
2928 3432 3025 3504 τὴν
3063 3432 3201 3503 ἐμὴν
3226 3433 3473 3504 δύναμιν,
3508 3434 3603 3485 καὶ
3637 3431 3893 3490 ὲπέκεινά

2321 3526 2467 3579 ἐστιν
2493 3527 2591 3596 τῆς
2615 3526 2753 3596 ἐμῆς
2777 3523 3127 3595 καταλήψεως
3162 3524 3194 3593 ὴ
3224 3522 3429 3577 τούτων
3460 3523 3683 3593 γνῶσις,
3712 3524 3789 3588 ὡς
3817 3525 3891 3596 μὴ

2320 3615 2577 3669 δύνασθαί
2612 3632 2679 3686 με
2709 3614 2951 3686 ἐξευρεῖν
2988 3614 3121 3686 μηδὲ
3153 3613 3387 3679 ἐξειπεῖν
3416 3616 3574 3669 αὐτὰ.
3613 3617 3754 3669 Ὅσα
3786 3616 3895 3687 γὰρ

2322 3706 2387 3760 ἂν
2427 3706 2587 3769 εἴπω,
2625 3706 2796 3777 μικρὰ
2843 3706 2938 3759 καὶ
2986 3705 3240 3776 ἐλάχιστα
3286 3706 3542 3777 τυγχάνει
3574 3709 3673 3778 τῆς
3706 3706 3896 3778 θεῖκῆς

2323 3799 2625 3869 δυνάμεως,
2657 3792 2723 3867 ἦς
2769 3798 3072 3869 κατάληψις
3115 3798 3211 3870 τὴν
3249 3800 3386 3871 ἐμὴν
3419 3800 3760 3871 σμικρότητα
3802 3802 3897 3854 καὶ

2324 3887 2568 3941 ούθενίαν
2598 3887 2897 3957 διαφεύγει.

2423 3998 2881 4067 Ἀκατέρταστόν
2906 4015 3025 4067 μου
3062 3994 3226 4052 εἶδον
3263 4003 3318 4053 οῖ
3352 3999 3647 4069 ὀφθαλμοί
3684 4013 3824 4055 σου.

2397 4089 2471 4143 Τὸ
2502 4090 2665 4160 μήπω
2684 4090 2924 4161 πραχθέν
2944 4108 3051 4161 μοι,
3069 4091 3254 4161 φησὶν,
3274 4091 3349 4155 ὡς
3371 4091 3471 4163 ἤδη
3501 4092 3749 4145 τελεσθὲν
3767 4092 3900 4147 καθ-

2326 4184 2478 4254 ορᾷς,
2512 4182 2609 4234 καὶ
2633 4182 2759 4243 τοὺς
2784 4180 2921 4245 τέως
2947 4181 3020 4254 μὴ
3048 4181 3359 4252 τεχθέντας,
3388 4182 3462 4245 ὡς
3488 4181 3585 4253 ἤδη
3606 4182 3899 4253 τεχθέντας

2329 4275 2634 4327 ἐπίστασαι.
2669 4275 2900 4327 Δύναται
2933 4272 2990 4325 δὲ
3024 4271 3262 4326 νοεῖσθαι
3292 4273 3453 4342 διχῶς
3476 4273 3538 4325 τὸ
3573 4274 3780 4327 ἄκακον
3808 4276 3903 4329 καὶ

2329 4365 2620 4435 ἁπόνηρον,
2668 4365 2760 4417 καὶ
2779 4363 3129 4430 ἀνεξέταστον
3170 4381 3303 4434 μου’
3342 4364 3497 4435 ἔργον
3534 4364 3642 4436 γὰρ
3682 4368 3716 4437 ἡ
3750 4368 3903 4438 περί-

670 4456 982 4526 quisitione.
1023 4454 1153 4508 Nam
1195 4455 1407 4509 curiosa
1442 4454 1793 4509 observantia
1834 4452 1938 4507 dici
1971 4466 2105 4518 opus
2135 4466 2209 4519 po

2328 4472 2445 4509 νοια
2482 4455 2733 4522 λέγεσθαι
2768 4453 2999 4521 ὀφείλει·
3047 4453 3453 4523 ἁκατέργαστος
3496 4454 3573 4521 δέ⁵
3596 4456 3714 4509 ἔστι
3755 4455 3903 4527 ψυχὴ

673 4556 771 4600 test
815 4564 827 4600 :
867 4558 949 4601 est
996 4555 1171 4601 autem
1223 4546 1533 4615 imperfecta
1584 4546 1791 4607 anima,
1828 4558 1946 4611 qua:
1989 4543 2205 4597 nondun

2325 4550 2358 4616 ὴ
2395 4549 2558 4618 μήπω
2586 4547 2650 4599 δι’
2683 4547 2885 4617 ἀρετῆς
2913 4544 3259 4617 μορφωθεῖσα
3292 4547 3385 4599 καὶ
3414 4545 3686 4615 γνώσεως.

672 4638 869 4693 virtute
905 4645 959 4691 et
997 4638 1221 4705 scientia
1258 4638 1543 4691 informata
1581 4636 1765 4692 fuerit.

811 4770 975 4824 Vens.
1005 4769 1086 4823 19.
1119 4767 1229 4822 Viri
1260 4769 1595 4839 sanguinunt,
1620 4767 1875 4819 declinale
1904 4783 1933 4818 α
1966 4781 2063 4819 me.

772 4840 936 4893 Vens.
962 4840 1053 4893 20.
1094 4838 1369 4907 Accipient
1395 4843 1445 4891 in
1481 4839 1711 4891 vanitate
1735 4838 1963 4890 civitates
1993 4848 2130 4887 tuas.

749 4930 879 4985 Cum
904 4932 1124 4984 dixisset
1148 4931 1218 5001 (ν.
1248 4930 1365 4999 17);
1389 4928 1646 4982 Miltivero
1672 4928 1823 4981 nimis
1850 4928 2091 4981 honorati
2114 4936 2229 4979 sunt

680 5026 835 5078 amici
876 5025 992 5092 tui,
1040 5022 1218 5087 Dcus;
1270 5022 1463 5075 merito
1501 5020 1749 5075 inimicos
1803 5019 1896 5074 Dei
1938 5022 2234 5074 detestatur

680 5123 838 5179 atque
860 5127 888 5164 a
930 5126 987 5165 se
1009 5118 1267 5164 removet.
1299 5110 1408 5163 Imo
1436 5124 1555 5162 cum
1580 5110 1707 5163 item
1726 5111 1946 5165 dixisset
1967 5108 2083 5163 fore
2106 5119 2225 5163 tem-

681 5221 802 5270 pus,
824 5220 930 5274 qno
958 5214 1266 5272 peccatores
1296 5202 1433 5256 Deus
1470 5200 1583 5270 ipse
1620 5202 1921 5263 interficiet.
1950 5202 2057 5269 jam
2095 5218 2234 5257 nunc

682 5295 800 5347 illos
824 5294 1005 5362 procul
1036 5308 1092 5347 se
1127 5303 1295 5357 arcet,
1330 5309 1396 5345 ne
1437 5291 1563 5360 quid
1591 5292 1785 5345 habeat
1808 5307 1926 5345 cum
1958 5292 2063 5345 illis
2090 5307 2233 5345 com-

682 5401 844 5439 mune
868 5426 883 5450 ,
930 5400 1103 5454 neque
1142 5398 1203 5436 et
1245 5386 1478 5452 ipsorum
1510 5384 1905 5452 propinquitate
1950 5385 2234 5439 detrimen-

687 5486 798 5529 tum
847 5476 1042 5543 capiat.
1080 5472 1318 5539 Namque
1349 5473 1413 5526 ad
1464 5474 1829 5528 contentiosos
1876 5490 2153 5528 sermones
2184 5486 2236 5528 et

688 5566 1121 5625 controversias,
1172 5563 1440 5615 incassum
1492 5570 1612 5617 tuas
1664 5563 1908 5619 civitates
1946 5566 2235 5633 accipient,

689 5655 950 5709 vocabulo
1021 5655 1291 5706 civitatum
1368 5654 1573 5707 divinas
1646 5654 1951 5722 Scripturas
2022 5657 2238 5725 signiﬁ-

692 5762 819 5799 caus
846 5788 860 5813 ,
902 5759 1034 5815 quas
1066 5745 1258 5799 fruStra
1306 5756 1521 5800 sumunt
1569 5746 1880 5801 heterodoxi
1907 5787 1921 5812 ,
1966 5757 2017 5803 et
2048 5764 2152 5803 non
2184 5760 2240 5802 ut

2334 4768 2569 4838 Ἄνδρες
2612 4766 2889 4837 αἱμάτων,
2926 4768 3242 4822 ἐκκλινατε
3280 4768 3377 4822 ἀπ’
3403 4767 3571 4836 ἐμοῦ.
3595 4768 3906 4838 Δήψονται

2595 4841 2682 4903 εἰς
2712 4840 3076 4906 paratarum
3112 4838 3219 4903 τὰς
3256 4841 3461 4902 πόλεις
3495 4852 3635 4894 σου.

2408 4928 2610 4994 Εἰπὼν,
2630 4930 2783 4998 Ἐμοὶ
2810 4929 2877 4981 δὲ
2904 4932 3046 4982 λίαν
3086 4930 3455 4999 ἐτιμήθησαν
3500 4934 3554 4984 οι
3583 4932 3752 5000 φίλοι
3769 4948 3907 5000 σου,

2340 5027 2370 5077 ό
2405 5023 2566 5087 Θεὸς,
2600 5023 2821 5084 είκότως
2852 5023 2974 5084 τοὺς
3006 5022 3232 5092 ἐχθροὺς
3263 5024 3356 5075 τοῦ
3399 5022 3533 5076 Θεοῦ
3566 5028 3911 5095 παραιτεῖται

2339 5118 2429 5169 καὶ
2478 5114 2768 5167 ἀπελαύνει
2822 5114 3041 5166 ἑαυτοῦ·
3088 5114 3222 5167 ἀλλὰ
3274 5115 3366 5167 καὶ
3411 5116 3788 5187 μνημονεύσας
3830 5118 3911 5169 ὅτι

2339 5204 2486 5257 ἔσται
2514 5222 2595 5267 τις
2620 5204 2805 5274 καιρὸς
2833 5205 2888 5254 ὲν
2922 5196 2963 5270 ᾧ
2994 5204 3118 5267 τοὺς
3146 5205 3500 5275 ἁμαρτωλοὺς
3540 5206 3699 5268 αὐτὸς
3721 5208 3749 5258 ὁ
3779 5204 3911 5268 Θεὸς

2340 5295 2640 5354 ἀποκτενεῖ,
2667 5292 2912 5344 ἐντεῦθεν
2946 5293 3046 5363 ἤδη
3078 5294 3170 5346 καὶ
3197 5293 3419 5356 τούτους
3464 5293 3657 5347 ἑαυτοῦ
3688 5292 3910 5366 μακρὰν

2341 5376 2570 5443 ἐλαύνει,
2606 5384 2679 5444 ὡς
2704 5383 2768 5435 ἂν
2814 5382 2886 5452 μὴ
2916 5385 3166 5446 κοινωνὸς
3197 5384 3373 5437 αὐτῶν
3415 5385 3640 5452 γένοιτο,
3678 5386 3815 5456 μηδὲ
3848 5388 3913 5441 ἐκ

2340 5477 2431 5527 τοῦ
2485 5474 2801 5546 πλησιάζειν
2852 5476 3094 5547 μετάσχῃ
3142 5478 3241 5546 τῆς
3289 5480 3416 5548 παρ’
3456 5476 3633 5530 αὐτῶν
3684 5478 3909 5551 βλάϐης.

2354 5570 2503 5619 Ἐπεὶ
2540 5568 2594 5619 δὲ
2634 5568 2725 5619 καὶ
2762 5571 2839 5631 εἰς
2879 5570 3183 5639 ἐριστικοὺς
3229 5570 3418 5637 λόγους
3438 5570 3529 5623 xui.
3564 5570 3765 5641 ἔριδας,
3811 5573 3911 5636 τὰς

2346 5660 2439 5721 σὰς
2480 5660 2555 5721 εἰς
2585 5661 2916 5729 ματαιότητα
2955 5660 3209 5728 λήψονται
3236 5662 3436 5727 πόλεις,
3462 5662 3559 5725 τὰς
3589 5662 3738 5725 θείας
3770 5663 3913 5734 Ppu-

2350 5753 2453 5819 φὰς
2482 5752 2662 5814 πόλεις
2700 5754 3160 5822 χρηματιζούσας,
3190 5756 3431 5824 ματαίως
3462 5756 3518 5808 δὲ
3546 5754 3745 5818 ταύτας
3770 5754 3912 5829 λομ-
