4090 6422
632 388 703 443 «Π
1297 378 1564 436 EUSEBII
1604 370 2082 432 CESARIENSIS
2120 369 2273 425 OPP.
2315 367 2495 424 PARS
2533 366 2623 423 lii.
2658 397 2730 408 -—-
2768 365 3187 422 EXEGETICA.
3834 355 3898 408 ιιι

626 504 757 561 dicit
789 500 900 555 Deo
930 518 943 553 :
974 507 1029 554 et
1056 506 1112 553 tu
1133 493 1430 565 cognovisti
1452 493 1676 549 semitas
1699 504 1872 545 meas.

914 767 1073 823 Vens.
1098 766 1151 822 6.
1180 765 1263 819 Ad
1298 772 1367 829 te,
1397 762 1642 828 Domine,
1674 760 1923 816 clamavi.

698 864 910 922 Rursus
941 862 1043 917 hoc
1079 858 1241 914 etiam
1274 856 1393 912 loco
1431 853 1670 911 clamare
1723 865 1783 907 se
1831 851 2051 916 fatetur,
2094 865 2198 905 non

628 954 973 1027 simpliciter,
999 948 1093 1005 sed
1123 948 1190 1001 ad
1216 946 1521 1000 Dominum.
1543 942 1757 1014 Alioqui
1785 955 1885 997 nec
1914 940 2031 995 ileri
2051 950 2202 1010 pote-

630 1058 717 1105 rat
743 1056 803 1103 ut
829 1057 1017 1101 vocem
1046 1038 1341 1103 attolleret,
1380 1045 1648 1107 prasente
1687 1035 1865 1091 boste.
1913 1032 2032 1089 Jam
2070 1046 2201 1089 vero

634 1143 688 1196 in
730 1138 840 1194 Deo
875 1130 1247 1190 tantummodo
1291 1143 1439 1199 spem
1486 1141 1639 1183 suam
1688 1125 1997 1196 reposuisse
2031 1124 2201 1179 conli-

634 1243 773 1296 tens,
806 1244 835 1284 a
863 1240 1028 1295 scopo
1062 1240 1171 1280 non
1212 1219 1513 1287 aberravit;
1542 1218 1743 1275 etenim
1768 1232 1893 1290 spes
1926 1233 2033 1296 non
2070 1233 2202 1274 eon-

633 1295 829 1379 fundit.
871 1319 1004 1375 Nam
1030 1316 1132 1373 etsi
1154 1315 1338 1384 aliqua
1368 1312 1669 1369 viventium
1721 1320 1865 1367 terra
1913 1295 2007 1377 sit,
2054 1311 2203 1378 equi-

634 1418 780 1481 dem,
807 1412 1005 1482 inquit,
1030 1409 1206 1465 fateor
1247 1420 1420 1462 meam
1457 1414 1511 1460 te
1550 1404 1723 1459 solum
1757 1417 1876 1460 esse
1913 1417 2086 1473 spem.
2118 1402 2201 1457 Tu

634 1510 780 1565 enim
815 1520 940 1577 spes
982 1517 1100 1559 mea
1132 1515 1191 1556 es
1220 1501 1273 1555 in
1306 1508 1451 1555 terra
1493 1498 1788 1580 viventium
1809 1536 1825 1562 ,
1877 1496 1953 1551 ita
1988 1502 2066 1559 ut,
2097 1494 2200 1549 nisi

638 1612 692 1657 te
714 1599 994 1659 haberem,
1034 1592 1177 1650 haud
1208 1592 1318 1663 jam
1360 1589 1667 1645 viventibus
1702 1594 1857 1644 terra
1887 1586 2078 1643 incolis
2108 1586 2203 1640 ad-

637 1704 978 1748 numerarer.
1003 1684 1172 1741 Porro
1200 1682 1492 1739 viventium
1521 1690 1688 1747 terra,
1713 1694 2055 1751 nequaquam
2085 1678 2201 1732 hac

635 1795 722 1843 est
764 1796 888 1855 qua
916 1795 947 1837 a
977 1778 1131 1837 nobis
1177 1775 1444 1841 calcatur,
1495 1774 1686 1829 mortis
1734 1775 1878 1827 enim
1925 1786 1989 1827 ea
2021 1770 2202 1840 potius

2228 493 2277 549 Α
2302 484 2441 547 ὁδοῖς
2490 479 2581 546 αἷς
2616 481 2885 547 ἐϐάδιζεν,
2930 480 3133 544 ἀδίκως
3189 474 3547 548 ἐλαυνόμενος
3596 471 3695 526 καὶ
3744 471 3900 525 πολε.

2306 574 2595 648 μούμενος,
2631 574 2766 646 φησὶ
2811 572 2891 645 τῷ
2914 570 3035 643 Θεῷ
3058 588 3071 602 ·
3122 570 3217 625 καὶ
3245 570 3312 624 σὺ
3339 569 3510 638 ἐγνως
3544 563 3649 629 τὰς
3680 563 3901 636 τρίδους

2306 686 2433 741 μου.

2673 756 2832 827 Πρὸς
2856 754 2952 821 σὲ,
2977 754 3173 825 Κύριε,
3200 739 3520 824 ἐκέκραξα.

2374 850 2545 905 Πάλιν
2572 849 2666 904 καὶ
2706 849 2943 903 ἐνταῦθα
2976 845 3204 919 κράζειν
3243 845 3516 916 ὁμολογεῖ,
3551 842 3654 915 οὑχ
3682 841 3895 908 ἁπλῶς,

2301 942 2439 997 ἀλλά
2466 942 2603 1016 πρὸς
2632 941 2727 995 τὸν
2752 941 2959 1013 Κύριον
2978 958 2991 972 ⁸
3031 939 3208 1004 ἄλλως
3235 937 3347 1009 γάρ
3368 937 3631 994 ἀδύνατον
3654 930 3725 1008 ἦν
3749 934 3899 1007 αὐτῷ

2302 1034 2490 1108 φωνὴν
2524 1035 2768 1105 ἀφιέναι,
2811 1033 3039 1105 πλησίον
3084 1030 3354 1105 παρόντος
3393 1029 3490 1084 τοῦ
3537 1027 3771 1101 ἐχθροῦ·
3802 1025 3901 1099 τὴν

2305 1127 2476 1199 μόνην
2508 1126 2566 1181 δέ
2608 1125 2795 1179 ἐλπίδα
2824 1122 2991 1180 αὐτοῦ
3037 1124 3129 1178 τὸν
3158 1122 3291 1176 Θεὸν
3334 1121 3479 1193 ἐχειν
3531 1120 3897 1193 ὁμολογήσας,

2300 1219 2403 1273 οὐκ
2428 1218 2655 1284 ἐξέπεσε
2682 1215 2779 1271 τοῦ
2818 1216 3025 1271 σκοποῦ
3046 1234 3060 1247 ⁵
3106 1218 3141 1288 ἡ
3180 1215 3289 1289 γὰρ
3318 1214 3475 1279 ἐλπὶς
3503 1214 3566 1269 ού
3600 1210 3900 1283 καταισχύ-

2302 1328 2402 1363 νει·
2423 1310 2557 1364 ἀλλά
2582 1310 2679 1364 καὶ
2704 1307 2759 1364 εῐ
2784 1327 2870 1374 τις
2898 1308 3050 1363 ἔσται
3075 1311 3145 1380 γῆ
3175 1305 3416 1373 ζώντων,
3446 1304 3717 1376 ὁμολογῶ,
3743 1305 3895 1375 φησὶ,

2306 1401 2573 1473 μηδεμίαν
2600 1402 2747 1472 ἔχειν
2774 1404 2959 1474 χώραν
2988 1402 3047 1455 ἐν
3070 1399 3244 1472 ταύτῃ
3276 1399 3309 1471 ἢ
3342 1398 3402 1452 σὲ
3434 1398 3595 1469 μόνον
3622 1396 3723 1468 τὴν
3760 1396 3900 1469 ἐμὴν

2302 1494 2527 1549 ἐλπίδαο
2565 1495 2630 1548 σὺ
2655 1494 2765 1568 γὰρ
2788 1489 2839 1547 εἴ
2872 1493 3027 1559 Θεὸς,
3054 1495 3088 1565 η
3118 1492 3278 1565 μερίς
3307 1508 3409 1563 μου
3443 1491 3504 1545 ἐν
3536 1492 3609 1561 γῇ
3643 1488 3863 1553 ζώντων
3882 1505 3896 1517 ·

2302 1587 2377 1652 ὡς
2410 1589 2458 1640 εἰ
2494 1586 2570 1657 μὴ
2597 1586 2657 1639 σέ
2693 1582 2860 1658 εἶχον,
2881 1588 2983 1641 οὐκ
3006 1584 3073 1639 ἂν
3100 1582 3395 1654 ἐξετάσθην
3424 1581 3555 1635 ποτέ
3584 1583 3641 1634 ἐν
3671 1583 3745 1651 γῇ
3769 1578 3901 1645 ζών-

2301 1696 2430 1733 των.
2474 1677 2700 1733 Ζώντων
2746 1678 2806 1733 δέ
2848 1679 2941 1751 γῆ,
2973 1679 3073 1748 οὐχ
3110 1678 3144 1749 ἡ
3182 1675 3499 1748 πατουμένη
3541 1673 3637 1727 νῦν
3669 1674 3809 1746 πρὸς
3834 1673 3898 1745 ή-

2309 1771 2447 1843 μῶν,
2477 1770 2708 1825 Θανάτου
2736 1770 2848 1843 γάρ
2881 1770 2955 1841 γῆ
2978 1769 3072 1823 καὶ
3096 1766 3306 1842 νεκρῶν
3334 1765 3499 1843 αὕτη,
3519 1763 3634 1819 ἀλλ’
3667 1764 3738 1835 ἢν
3772 1763 3901 1835 κληα

638 1841 801 1934 t'erra-
834 1884 940 1940 est,
995 1871 1090 1930 sed
1132 1886 1293 1943 quam
1342 1869 1505 1926 mites
1535 1865 1950 1928 bareditabunt,
1992 1862 2047 1918 in
2098 1877 2201 1932 qua

2313 1841 2708 1937 ρονομήσουσιν
2749 1864 2799 1915 οἱ
2817 1841 2825 1843 ν
2843 1864 3036 1935 πραεῖς
3056 1880 3069 1893 ο
3122 1862 3207 1930 ἐφ’
3305 1842 3508 1925 ζῶντες
3532 1858 3737 1921 πάντες
3762 1854 3900 1911 κατὰ

636 1985 828 2026 omnes
855 1969 1098 2023 viventes
1125 1974 1327 2020 merus
1355 1976 1476 2017 cum
1515 1958 1623 2013 vita
1659 1956 1923 2012 habitant.

638 2064 807 2121 Vens.
850 2062 905 2118 5.
956 2057 1203 2113 Nonerat
1247 2054 1336 2127 qui
1378 2060 1704 2127 cognosceret
1753 2065 1857 2103 me.
1897 2076 1969 2087 —
2004 2046 2069 2101 Et
2102 2062 2206 2100 non

942 2140 1017 2185 est
1051 2130 1140 2198 qui
1173 2124 1401 2195 requirat
1439 2124 1669 2176 animum
1713 2136 1903 2174 meum.

710 2223 923 2294 Siquis
950 2224 1019 2277 ab
1068 2221 1154 2285 iis,
1186 2218 1278 2289 qui
1320 2215 1569 2273 ecclesiis
1619 2226 1850 2284 praeesse
1892 2209 2209 2265 existiman-

639 2328 747 2383 tur,
780 2315 1070 2388 negligitur
1092 2321 1147 2368 et
1174 2310 1488 2366 nullatenus
1525 2304 1847 2375 requiritur,
1891 2302 2209 2371 tempestive

637 2410 745 2467 hoc
773 2407 958 2471 dicet;
1012 2414 1069 2459 et
1096 2403 1240 2473 quod
1270 2400 1515 2470 sequitur
1547 2395 1730 2462 addet,
1769 2394 2064 2449 clamorem
2103 2390 2210 2447 sci-

639 2499 768 2554 liuet
800 2496 869 2551 ad
892 2496 1083 2559 Deum,
1107 2502 1160 2548 et
1184 2506 1243 2547 se
1281 2505 1384 2545 non
1416 2502 1636 2559 sperare
1659 2503 1690 2542 a
1720 2484 2074 2555 principibus,
2108 2483 2204 2538 sed

640 2605 673 2645 a
701 2587 967 2652 Domino;
1012 2593 1068 2641 et
1095 2582 1400 2651 portionem
1430 2593 1490 2633 se
1541 2576 1737 2631 habere
1767 2575 1819 2629 in
1851 2584 1991 2629 terra
2018 2573 2209 2628 viven-

644 2680 801 2746 tium,
831 2692 937 2733 non
975 2684 1156 2731 autem
1185 2674 1238 2727 in
1273 2682 1412 2726 terra
1444 2668 1750 2724 oblivionis.

1146 2762 1467 2822 PSALMUS
1503 2760 1705 2819 CXLII.

2303 1955 2404 2027 τὴν
2436 1954 2650 2009 αἰώνιον
2675 1953 2821 2028 ζωὴν
2853 1952 3238 2025 διατρίϐουσιν.

2312 2050 2434 2101 Οὐκ
2454 2047 2536 2117 ἦν
2564 2050 2597 2102 ό
2625 2045 3039 2117 ἐπιγινώσκων
3058 2044 3357 2115 με.-Οὐκ
3381 2043 3554 2097 ἐστιν
3587 2043 3621 2096 ό
3643 2036 3903 2109 ἐκζητῶν

2794 2117 2911 2185 τὴν
2936 2113 3150 2186 ψυχήν
3170 2132 3307 2183 μουο

2794 2132 2911 2185 την
2936 2132 3150 2186 ψυχην
3170 2132 3307 2183 μου.

2392 2211 2452 2264 '0
2480 2209 2586 2264 ὑπὸ
2608 2210 2718 2263 τῶν
2745 2208 3103 2285 προΐστασθαι
3132 2205 3241 2260 τῶν
3268 2204 3576 2277 ἐκκλησιῶν
3607 2202 3903 2276 νομιζομέ-

2306 2320 2415 2358 νων
2439 2301 2807 2375 ἀμελούμενος
2855 2303 2950 2357 καὶ
2984 2299 3231 2373 μηδόλως
3282 2296 3683 2369 ἐκζητούμενος
3726 2294 3904 2350 εύκαίο

2312 2413 2419 2467 ρως
2446 2393 2605 2448 τοῦτο
2656 2395 2803 2465 ἐρεῖ·
2834 2394 2931 2449 καὶ
2967 2393 3030 2446 τὸ
3070 2392 3197 2463 ἑξῆς
3226 2390 3479 2463 ἐπιφέρει
3515 2389 3579 2443 τὸ
3630 2385 3903 2459 κεκραγὶκ

2309 2487 2445 2559 πρὸς
2470 2487 2561 2539 τὸν
2601 2485 2755 2551 Θεὸν,
2784 2485 2878 2540 καὶ
2914 2484 2989 2557 μὴ
3021 2482 3265 2547 ἐλπίζειν
3288 2484 3382 2538 ἐπὶ
3410 2481 3759 2555 ἡγουμένοις,
3787 2479 3902 2535 ἀλλ’

2309 2581 2403 2634 ἐπὶ
2437 2579 2651 2651 Κυρίῳ,
2681 2579 2777 2633 καὶ
2814 2578 3012 2651 μερίδα
3033 2576 3177 2648 ἐχειν
3211 2578 3271 2631 ἐν
3310 2579 3381 2649 γῇ
3416 2572 3636 2640 ζώντων
3678 2575 3775 2628 καὶ
3804 2573 3906 2631 οὐκ

2312 2674 2373 2727 ἐν
2405 2671 2809 2746 ἐπιλελησμὲνῃ
2832 2673 2925 2742 γῇ.

2856 2760 3155 2816 ΨΔΛΜΟΣ
3180 2759 3358 2814 PMB'.

710 2863 1028 2935 Quicunque
1075 2859 1326 2914 maximis
1371 2855 1759 2912 tentatiouibus
1798 2851 2210 2922 immodicisque

2382 2859 2499 2922 Πᾶς
2525 2860 2554 2913 ὁ
2586 2857 2643 2911 ἐν
2684 2855 2960 2927 μεγίστοις
2994 2855 3321 2928 πειρασμοῖς
3345 2850 3440 2907 καὶ
3466 2850 3711 2921 θλίψεσιν
3735 2852 3905 2927 ὕπερ·

641 2956 911 3027 pressuris
958 2961 1200 3025 urgetur,
1221 2951 1503 3007 commode
1526 2957 1702 3005 utetut
1734 2943 1987 3018 presenti
2025 2956 2206 3011 prece.

2312 2950 2637 3013 δαλλούσαις
2659 2947 3064 3021 ἐξεταζόμενος,
3099 2945 3371 3018 εὐκαίρως
3398 2944 3749 3016 χρήσαιτοτῇ
3781 2961 3905 3018 προ.

642 3051 935 3121 Propterea
982 3045 1220 3116 psalmus
1256 3044 1375 3099 sine
1413 3041 1566 3097 titulo
1622 3050 1727 3095 est.
1768 3037 1934 3093 Audit
1988 3036 2207 3107 quidem

2311 3043 2538 3116 κειμένῃ
2570 3043 2847 3115 προσευχῇ
2869 3058 2883 3070 ·
2927 3039 3007 3094 διὸ
3055 3039 3151 3094 καὶ
3183 3037 3561 3111 ἀνεπίγραφος
3597 3039 3627 3091 ὁ
3666 3036 3902 3110 ψαλμὸς.

644 3156 839 3199 omnes
862 3139 1143 3201 Dominus,
1175 3150 1380 3208 paucos
1406 3144 1584 3189 tamen
1624 3131 1867 3190 exaudit.
1910 3128 2207 3200 Ceteroqui

2313 3135 2530 3192 Ἀκούει
2548 3134 2649 3207 μὲν
2665 3129 2758 3188 οὖν
2780 3134 2999 3188 πάντων
3013 3134 3042 3187 ὁ
3058 3130 3283 3205 Κύριος,
3304 3130 3499 3200 ὀλίγων
3514 3129 3572 3184 δέ
3594 3130 3869 3184 είσακούει
3884 3145 3900 3159 ⁸

642 3236 690 3291 si
723 3235 791 3290 iis
812 3234 900 3303 qui
951 3246 1050 3287 nos
1097 3237 1257 3285 orant
1313 3242 1501 3281 aurem
1567 3225 1954 3297 praeberemus,
2009 3234 2210 3277 nostra:

2313 3228 2410 3283 ἐὰν
2441 3227 2552 3285 τῶν
2592 3226 2864 3299 δεομένων
2899 3224 3057 3298 ἡμῶν
3098 3222 3515 3294 ἐπακούσωμεν,
3570 3221 3907 3293 ἀκουσθησό-

643 3325 847 3391 pariter
881 3336 1070 3394 preces
1113 3320 1453 3375 audirentur.
1497 3317 1657 3373 Certe
1702 3316 1793 3387 qui
1839 3330 1965 3371 cum
2015 3313 2209 3369 liducia

2315 3320 2454 3393 μεθα
2486 3320 2582 3375 καὶ⁵
2626 3319 2813 3373 αὐτοί·
2852 3320 2881 3372 ὁ
2914 3316 3133 3391 θαρσῶν
3168 3317 3225 3372 δὲ
3259 3319 3325 3389 τῇ
3371 3314 3566 3370 ἑαυτοῦ
3623 3317 3902 3394 προσευχῇ

642 3428 785 3481 orat,
842 3391 1141 3471 auditorem
1198 3424 1461 3484 provocat
1511 3413 1705 3466 Deum.
1755 3408 1861 3463 Alii
1912 3407 2067 3461 aiunt
2102 3421 2208 3461 non

2311 3391 2587 3485 ἀκροατὴν
2624 3413 2781 3466 καλεῖ
2819 3411 2912 3466 τὸν
2938 3410 3091 3465 Θεὸν.
3146 3409 3329 3464 ’Δλλοι
3367 3408 3424 3462 δέ
3472 3425 3607 3478 φασι
3643 3391 3718 3481 μῆ
3767 3404 3905 3462 εἶναι

641 3523 766 3566 esse
812 3507 928 3563 sine
980 3505 1135 3561 titulo
1178 3503 1464 3574 psalmum,
1502 3503 1597 3557 sed
1637 3499 1861 3555 inscribi
1901 3515 1916 3553 :
1965 3494 2210 3551 Psalmus

2314 3504 2688 3576 ἀνεπίγραφον
2714 3503 2808 3558 τὸν
2843 3503 3078 3576 ψαλμὸν,
3112 3503 3226 3558 ἀλλ’
3258 3500 3684 3574 ἐπιγεγράφθαι,
3741 3503 3904 3556 Ψαλ-

649 3600 862 3663 Daot'di,
892 3614 1011 3652 cum
1064 3613 1181 3653 euut
1226 3594 1369 3664 ﬁlius
1402 3602 1796 3665 persequeretur
1834 3602 1854 3641 :
1902 3588 1993 3644 sed
2026 3588 2210 3642 nonin

2309 3596 2422 3667 μὸς
2457 3595 2536 3662 τῷ
2574 3598 2777 3665 Δαυτδ,
2820 3596 2917 3651 ὅτε
2944 3596 3133 3651 αὐτὸν
3172 3598 3206 3651 ὀ
3236 3593 3367 3660 υίὸς
3404 3592 3787 3649 medium.
3828 3594 3904 3648 Οὖ

645 3692 856 3747 cunctis
908 3686 1439 3759 interpretationibus
1491 3684 1594 3739 boc
1650 3683 1898 3752 ponitur.
1951 3682 2206 3734 Attamen

2310 3690 2399 3744 διὰ
2429 3690 2618 3745 πασῶν
2651 3690 2833 3761 μέντοι
2862 3690 2971 3744 τῶν
2992 3686 3298 3761 ἑρμηνειῶν
3351 3686 3677 3760 πρόσκειται
3710 3685 3901 3740 τοῦτο·

643 3798 767 3854 quae
801 3783 889 3838 hic
911 3781 1189 3841 dicuntur,
1217 3792 1323 3833 non
1356 3783 1679 3847 repugnant.
1711 3772 1817 3829 Sed
1853 3770 1985 3828 nihil
2011 3772 2210 3835 obstat,

2312 3782 2382 3836 τὰ
2410 3781 2466 3835 δὲ
2506 3783 2778 3853 λεγόμενα
2808 3783 2909 3837 οὐκ
2941 3782 3228 3855 ἀλλότριαο
3274 3780 3430 3835 οὐδὲν
3456 3780 3512 3833 δὲ
3545 3779 3749 3835 κωλύει
3776 3780 3908 3853 περὶ

645 3873 934 3947 quominus
960 3873 1028 3927 de
1059 3870 1241 3925 Saulis
1269 3869 1644 3939 persecutione
1666 3867 1783 3920 ba’c
1822 3863 1965 3919 dicta
1994 3861 2211 3917 iuerint.

788 3965 952 4020 Vens.
980 3964 1037 4020 4.
1074 3961 1314 4018 Τωάίιιηι
1344 3978 1531 4031 passas
1558 3962 1873 4027 esLspiruus
1903 3973 2070 4012 utens.

719 4057 953 4129 Spiritus
975 4054 1207 4111 hominis
1237 4052 1454 4108 taedium
1480 4052 1710 4123 patitur,
1741 4066 1863 4105 cum
1902 4064 2000 4105 cor
2023 4049 2215 4104 turba-

648 4160 739 4206 tur
790 4161 1163 4204 rememorans
1216 4144 1488 4216 quomodo
1549 4142 1803 4199 inimicus
1854 4140 2218 4212 prostraverit

648 4239 799 4296 humi
825 4239 991 4293 vitam
1015 4235 1153 4305 ejus,
1181 4249 1410 4305 eamque
1456 4234 1511 4289 in
1543 4233 1841 4290 tenebrosis
1887 4231 2025 4287 locis
2080 4246 2216 4287 coa-

646 4332 888 4389 stituerit
914 4339 971 4384 ut
993 4338 1238 4385 mortuos
1276 4326 1481 4383 saculi.
1524 4325 1848 4392 Turbatum,
1880 4326 2077 4397 inquit,
2122 4340 2219 4381 cor

647 4437 847 4487 meum,
882 4420 1188 4493 passionem
1224 4419 1371 4474 intus
1396 4417 1685 4482 continuit,
1717 4433 1823 4473 non
1867 4418 2000 4473 adeo
2032 4419 2216 4473 conoi-

2315 3876 2415 3947 τῆς
2447 3876 2551 3930 ὑπὸ
2583 3875 2759 3929 Σαοὺλ
2776 3874 3010 3943 διώξεως
3032 3873 3283 3947 εἰρῆσθαι
3315 3873 3472 3927 αύτά.

2560 3967 2916 4038 Ἠκηδίασεν
2936 3968 3031 4022 ἐπ’
3056 3967 3163 4037 ἐμὲ
3183 3966 3247 4021 τὸ
3280 3965 3518 4037 πνεῦμά
3536 3984 3681 4037 μου.

2386 4059 2461 4113 Τὸ
2520 4058 2738 4132 πνεῦμα
2786 4059 2882 4115 τοῦ
2928 4057 3215 4133 ἀνθρώπου
3264 4060 3325 4113 τὸ
3372 4061 3433 4113 ἐν
3479 4058 3634 4131 αὑτῷ
3681 4058 3903 4131 ἀκηδιᾷ,

2316 4152 2591 4224 ἑπειδάνή
2624 4153 2821 4225 καρδία
2863 4150 3107 4226 ταραχθῇ
3143 4150 3443 4224 μνησθεῖσα
3486 4149 3605 4214 πῶς
3647 4154 3676 4205 ὁ
3711 4151 3906 4224 ἐχθρὸς

2317 4246 2683 4301 ἐταπείνωσεν
2709 4248 2789 4310 εἰς
2828 4245 2930 4319 τὴν
2943 4245 3049 4317 γῆν
3088 4245 3190 4315 τὴν
3222 4244 3365 4317 ζωὴν
3404 4243 3596 4314 αὐτῆς,
3627 4244 3721 4298 καὶ
3746 4242 3825 4309 ὡς
3849 4245 3906 4297 ἑ-

2317 4337 2538 4393 κάθισεν
2570 4338 2738 4413 αὐτὴν
2777 4342 2836 4395 ἐν
2866 4341 3158 4401 σκοτεινοῖς
3183 4336 3259 4402 ῶς
3286 4338 3513 4409 νεκροὺς
3546 4335 3743 4400 αἰῶνος
3768 4353 3783 4367 ·
3806 4352 3907 4393 τα·-

2321 4430 2578 4504 ραχθεῐσα
2603 4431 2681 4496 δὲ,
2715 4431 2901 4502 φησὶν,
2934 4434 2967 4504 ἡ
2995 4429 3192 4502 καρδία
3226 4446 3328 4501 μου
3357 4431 3415 4483 ἐν
3440 4430 3601 4501 αὐτῇ,
3632 4427 3781 4483 ἔνδον
3799 4430 3902 4483 ἐπ-

646 4514 803 4579 dens,
846 4523 907 4568 ut
949 4511 1126 4582 palam
1179 4508 1390 4565 cunctis
1433 4508 1712 4565 extraneis
1755 4506 1897 4565 {oret
1932 4508 2050 4579 ejus
2101 4517 2210 4564 tur-

2320 4524 2445 4594 ἐσχε
2480 4522 2542 4576 τὸ
2584 4522 2754 4587 πάθος
2782 4523 3062 4585 παντελῶς
3095 4521 3171 4594 μὴ
3195 4520 3525 4584 ἐκπεσοῦσα,
3577 4522 3654 4585 ὠς
3685 4522 3768 4587 είς
3797 4539 3904 4592 φα-

644 4603 811 4660 batio.

822 4807 986 4865 Vens.
1010 4808 1065 4863 5.
1105 4804 1307 4861 Mentor
1322 4804 1401 4875 {si
1442 4806 1646 4861 dierum
1677 4807 2040 4878 antiquorum.

719 4900 855 4969 Quia
889 4911 944 4957 et
972 4900 1185 4971 Moyses
1210 4898 1427 4951 mandat
1466 4898 1651 4953 dicens
1675 4914 1695 4965 ι
1715 4896 2219 4955 Recordaminidie-

649 5014 770 5052 nun
822 4995 1004 5051 seculi
1037 4993 1125 5059 ⁶⁸;
1190 4999 1244 5044 et
1298 4990 1465 5046 David
1520 4991 1722 5060 pariter
1768 4992 1894 5050 ait:
1945 4999 2216 5048 Annorum

650 5098 965 5144 aeternorum
994 5084 1294 5149 utemini,“
1313 5084 1639 5137 considerant
1659 5083 1704 5116 δ’
1732 5102 1748 5151 ;
1785 5093 1930 5141 recte
1949 5084 2054 5140 sibi
2088 5100 2220 5140 oon-

650 5180 834 5235 sulcus
866 5178 974 5243 hic,
1010 5176 1165 5246 cujus
1194 5188 1289 5230 cor
1325 5176 1594 5231 turbatum
1630 5185 1739 5240 est,
1768 5176 2006 5233 recurrit
2037 5176 2220 5232 animo

651 5273 721 5327 ad
752 5271 999 5342 antiquos
1020 5270 1138 5326 dies
1160 5283 1308 5335 suos,
1337 5270 1533 5340 quibus
1551 5278 1677 5324 ante
1705 5270 2069 5327 turbationem
2090 5268 2215 5327 felix

651 5375 805 5431 erat,
859 5363 945 5419 vel
994 5362 1243 5433 antiquas
1292 5362 1553 5417 historias
1593 5361 1646 5418 in
1683 5371 1919 5418 mentem
1953 5374 2213 5420 revocat:

652 5466 1036 5527 resumptaque
1062 5471 1244 5511 rerum
1273 5455 1555 5519 memoria,
1582 5453 1877 5511 meditatur
1906 5471 2073 5526 opera
2102 5457 2221 5523 Dei,

651 5556 709 5602 et
759 5563 1011 5603 manuum
1056 5546 1174 5617 ejus
1221 5545 1476 5613 facturas,
1518 5560 1625 5600 non
1673 5547 1944 5603 modicum
1979 5563 2049 5604 ex
2078 5550 2224 5603 anti-

652 5640 775 5708 quis
818 5638 1137 5694 lectionibus
1189 5637 1433 5693 solamen
1491 5638 1744 5709 capiens,
1794 5639 1922 5695 dum
1974 5656 2042 5698 ex
2090 5642 2224 5712 ipsis

727 5814 771 5844 “
806 5812 962 5868 Deut.
1009 5827 1181 5877 xxx”,
1220 5812 1275 5869 7.
1353 5811 1397 5845 δ’
1446 5810 1586 5869 Psal.
1640 5826 1822 5878 um,
1874 5814 1929 5869 6.

2318 4615 2472 4687 νερὺν
2492 4613 2665 4668 ἐλθεῖν
2690 4617 2803 4680 τοῖς
2826 4616 2981 4681 πᾶσι,
3020 4614 3115 4668 καὶ
3144 4615 3257 4677 τοῖς
3277 4611 3435 4675 ἐκτὸς
3464 4611 3777 4705 γνωσθῆναι
3802 4612 3926 4699 rip.

2318 4708 2579 4779 ταραχήν.

2646 4818 2990 4889 ἐμνήσθην
3028 4817 3265 4890 ἡμερῶν
3299 4819 3583 4890 ἀρχαίων·

2401 4911 2556 4965 Ἐπεὶ
2590 4912 2730 4965 καὶὸ
2744 4911 2985 4983 Μωῦσῆς
3014 4914 3341 4983 προστάττει
3362 4912 3558 4981 λέγων,
3576 4909 3912 4978 Menidan“

2319 5003 2544 5074 ἡμέρας
2577 5002 2825 5071 αἰῶνος·
2860 5007 2955 5059 καὶ
2985 5007 3014 5060 ὁ
3053 5004 3218 5060 Δαυῒδ
3273 5006 3436 5061 πάλιν
3470 5005 3629 5077 φησι.
3658 5004 3772 5059 Καὶ
3799 5005 3909 5074 ἐτη

2322 5094 2526 5150 aldina
2556 5095 2891 5166 ἐμνήσθην,
2922 5098 3020 5151 καί
3062 5097 3400 5168 magna
3418 5114 3433 5129 ·
3469 5097 3696 5161 εἰκότως
3744 5097 3913 5170 θερα-

2322 5185 2505 5240 πεύων
2544 5186 2737 5240 ἐαυτὸν
2784 5189 2813 5242 ὁ
2840 5187 3133 5264 ταραχθεὶς
3173 5189 3272 5261 τὴν
3325 5187 3576 5261 καρδίαν,
3616 5188 3913 5261 ἀνατρέχει

2322 5274 2417 5327 ἐπὶ
2447 5274 2547 5339 τὰς
2578 5276 2814 5343 παλαιάς
2844 5277 3012 5332 αὑτοῦ
3043 5278 3279 5351 ἡμέρας,
3313 5279 3412 5344 τάς
3447 5278 3555 5350 πρὸ
3599 5276 3702 5348 τῆς
3733 5295 3912 5350 ταρα-

2324 5367 2450 5439 χῆς,
2484 5370 2544 5423 ἐν
2572 5364 2661 5433 αἷς
2694 5369 2999 5444 κατώρθου,
3032 5372 3064 5444 ἢ
3091 5374 3186 5426 ἐπὶ
3215 5373 3314 5437 τὰς
3349 5370 3585 5436 παλαιὰς
3624 5372 3874 5446 ἱστορίας
3893 5393 3909 5406 ο

2326 5460 2423 5514 καὶ
2463 5461 2563 5532 τὴν
2611 5465 2833 5534 μνήμην
2883 5463 3192 5529 ἀναλαϐὼν,
3238 5464 3437 5536 μελετᾷ
3480 5465 3539 5518 ἐν
3570 5468 3684 5528 τοῖς
3724 5464 3914 5536 ἔργοις

2324 5551 2421 5607 τοῦ
2444 5552 2603 5617 Θεοῦ,
2642 5555 2738 5609 καὶ
2770 5558 2829 5609 ἐν
2869 5559 2982 5620 τοῖς
3026 5557 3297 5629 ποιήμασι
3330 5558 3438 5612 τῶν
3474 5555 3675 5628 χειρῶν
3714 5558 3908 5622 αὐτοῦ,

2326 5646 2389 5699 ού
2420 5648 2624 5719 μικρᾶς
2657 5648 2939 5720 τυγχάνων
2979 5649 3334 5722 παραμυθίας
3376 5649 3486 5704 ἀπὸ
3511 5647 3621 5703 τῶν
3660 5648 3913 5706 παλαιῶν
