4090 6418
645 408 713 462 δῗί
1328 401 1594 460 Ευεευῐι
1631 401 2091 459 ϐΑΞδΑΒΙΕΝΞΙΞ
2130 402 2196 460 Ol

2320 400 2499 458 PARS
2535 400 2621 459 ΙΙΙ.
2656 433 2727 443 -
2764 398 3170 457 EXECETICA.
3809 393 3877 451 56

646 532 728 583 lus
748 529 813 581 ⁵⁸.
856 526 929 580 De
979 522 1287 593 huiusmodi
1335 525 1553 579 cantico
1596 524 1740 579 dicta
1792 532 1919 579 sunt
1963 531 2020 578 et
2059 522 2196 579 illa:

2301 540 2465 595 φησιν
2485 523 2515 577 6
2551 522 2868 586 ’Δτσόστολος
2887 538 2901 553 ’
2927 521 3055 593 περὶ
3080 518 3283 591 ταύτης
3308 518 3557 574 λέλεκται
3582 518 3684 589 τῆς
3701 518 3871 589 ᾠδῆς·

644 616 862 672 Caritate
901 611 1130 668 Domitio
1158 613 1418 666 canticum
1450 628 1661 677 novant,
1696 621 1909 667 cantate
1950 612 2194 679 Domino,

2302 615 2525 686 ’ᾼσατε
2568 613 2649 680 τῷ
2689 613 2885 683 Κυρίῳ
2926 604 3092 682 ἆσμα
3139 610 3370 676 καινὸν,
3411 609 3603 678 deat:
3650 608 3732 675 τῷ
3764 614 3877 666 Κυι-

642 708 811 763 omnis
839 717 980 761 terra
1010 701 1079 758 ⁸⁸.
1109 703 1332 775 Insuper
1363 720 1377 756 :
1408 698 1680 767 Psallam,
1713 702 1908 773 inquit,
1928 760 1931 761 ν
1950 702 2196 773 psalterio

2296 704 2603 777 ρίφμπᾶσα
2622 706 2660 773 ή
2697 704 2773 775 τῆ
2794 722 2808 735 ·
2836 703 2970 757 ἀλλά
2992 704 3109 768 καὶ,
3135 701 3403 767 Ψαλῶσι,
3420 702 3603 772 φησὶν,
3626 701 3697 755 ἐν
3723 704 3879 770 $11.1-

640 794 1003 859 deeacltordo;
1027 794 1315 862 practicam
1345 791 1580 847 innuens
1602 793 1790 857 vitam,
1822 792 2004 848 anima
2039 794 2200 848 simul

640 897 697 942 et
726 901 953 958 corpore
1001 890 1331 944 operantem.
1382 882 1521 938 Sunt
1549 884 1694 938 enim
1732 884 1973 953 quinque
2019 886 2201 941 carnis

639 991 856 1040 sensus,
879 976 1117 1045 quinque
1158 973 1287 1026 item
1315 971 1509 1027 animm
1554 972 1828 1042 potentiae,
1861 972 2057 1041 quibus
2078 986 2202 1027 cor-

641 1068 792 1138 porei
828 1080 1019 1122 sensus
1062 1073 1367 1119 moventur.

887 1243 1056 1300 Vens.
1089 1244 1178 1299 10.
1216 1244 1319 1310 Qui
1350 1246 1440 1298 dat
1474 1244 1694 1299 salutent
1735 1243 1970 1314 regibus.

711 1336 813 1405 Qui
851 1336 1110 1391 cmlorum
1140 1351 1360 1406 regnum
1400 1350 1497 1389 nos
1543 1334 1747 1401 docuit,
1792 1348 1946 1404 reges
1976 1348 2070 1389 eos
2093 1332 2201 1387 elli-

640 1429 717 1483 rit
757 1428 851 1497 qui
884 1427 974 1483 illo
1025 1426 1170 1498 digni
1221 1426 1441 1492 fuerint,
1490 1428 1689 1497 quibus
1716 1428 1877 1482 etiam
1902 1428 1951 1482 vi
1986 1427 2200 1497 propria

641 1518 871 1573 salutem
919 1518 1125 1572 confert
1166 1533 1181 1582 ;
1240 1515 1509 1585 simulque
1553 1524 1999 1587 recteagentes,
2047 1524 2202 1571 extra

642 1609 847 1679 peccati
884 1610 1220 1663 dominatum
1256 1608 1427 1678 ponit.
1476 1607 1677 1677 Utique
1712 1608 1963 1663 Christus
1989 1607 2044 1661 in
2068 1605 2203 1661 Pro-

640 1701 843 1757 verbiis
877 1702 1044 1757 dicit:
1075 1700 1176 1755 Per
1197 1718 1279 1754 me
1310 1716 1453 1770 reges
1488 1708 1709 1770 regnant
1734 1701 1799 1754 “.
1830 1699 1954 1756 Haec
1973 1714 2202 1755 cernens

642 1792 931 1861 Apostolus
956 1792 1228 1846 scribebat
1256 1811 1268 1845 :
1307 1789 1435 1846 Sine
1465 1792 1614 1844 nobis
1656 1792 1982 1860 regnavistis,
2013 1800 2061 1845 et
2094 1790 2201 1843 uti-

2299 798 2477 869 τηρίφ
2501 797 2859 867 δεκαχόρδῳ,
2886 797 2977 850 τὸν
3010 794 3312 868 πρακτικὸν
3355 793 3723 865 αἰνιττόμενος
3764 793 3879 864 βίον

2296 889 2385 945 διά
2423 890 2601 962 ψυχῆς
2645 891 2739 947 καὶ
2782 887 3035 960 σώματος
3085 886 3505 959 ἑνεργούμενον·
3566 885 3729 939 πέντε
3778 885 3878 956 μὲν

2298 981 2469 1037 όντων
2493 981 2697 1052 σαρκὸς
2730 980 3116 1053 αἰσθητηρίων,
3156 979 3315 1033 πέντε
3348 978 3404 1033 δὲ
3431 977 3540 1032 τῶν
3564 978 3665 1047 τῆς
3695 976 3876 1046 ψυχῆς

2299 1072 2601 1143 δυνάμεων,
2636 1071 2705 1125 δι’
2747 1065 2823 1126 ὧν
2848 1069 2919 1124 τὰ
2949 1071 3284 1144 αίσθητήρια
3320 1070 3413 1124 τοῦ
3441 1069 3691 1141 σώματος
3713 1070 3879 1123 κινεί-

2302 1183 2390 1227 ται
2420 1164 2553 1236 (ts).

2413 1255 2497 1323 Τῷ
2525 1256 2751 1311 διδόντι
2793 1252 2906 1321 τὴν
2933 1253 3241 1322 σωτηρίαν
3266 1251 3393 1320 τοῖς
3413 1251 3746 1317 βασιλεῦσι

2382 1349 2441 1404 ’0
2472 1347 2685 1413 διδάξας
2714 1345 2986 1418 βασιλείαν
3018 1345 3281 1418 οὐρανῶν,
3316 1343 3551 1414 βασιλεῖς
3582 1342 3876 1413 ἐργάζεται

2300 1439 2426 1504 τοὺς
2454 1439 2907 1510 καταξιουμένους
2937 1437 3129 1507 αὐτῆς,
3157 1431 3239 1500 οἷς
3268 1435 3449 1488 δίδωσι
3478 1434 3578 1505 τὴν
3610 1435 3742 1504 παρ’
3775 1431 3879 1485 αὺ-

2300 1529 2395 1583 τοῦ
2444 1532 2746 1603 σωτηρίαν·
2786 1531 2903 1602 ἅμα
2942 1528 3000 1583 δὲ
3052 1526 3426 1599 κατορθώσασι
3479 1525 3541 1579 τὸ
3593 1523 3668 1597 μὴ
3720 1524 3878 1594 βασιο

2301 1619 2547 1673 λεύεσθαι
2579 1620 2685 1673 ὑπὸ
2726 1618 3029 1692 ἁμαρτίαςο
3068 1616 3299 1689 Χριστὸς
3330 1616 3374 1669 δ’
3400 1616 3548 1670 ἐστὶν
3580 1618 3609 1668 6
3637 1617 3696 1668 iw
3734 1616 3879 1688 Παρ-

2299 1712 2505 1781 οιμίαις
2543 1710 2747 1779 λέγων·
2786 1712 2865 1764 Δι’
2910 1709 3056 1779 ἐμοῦ
3091 1707 3379 1775 ,βασιλεῖς
3427 1707 3873 1772 βασιλεύουσι·

2302 1801 2473 1856 ταῦτα
2522 1800 2675 1866 εἰδὼς
2724 1802 2754 1855 6
2814 1801 3131 1865 ’Δπόστολος
3179 1799 3417 1877 ἔγραφε·
3474 1797 3661 1867 Χωρίς
3703 1796 3879 1867 ἡμῶν

643 1898 763 1937 nam
792 1882 1149 1952 regnaveritis,
1177 1893 1231 1936 ut
1254 1890 1302 1936 et
1329 1898 1423 1935 nos
1454 1882 1715 1936 vobiscum
1746 1896 2113 1952 conregnemus
2132 1880 2195 1932 “.

2298 1890 2729 1946 ἐϐασιλεύσατε
2746 1931 2762 1957 ,
2804 1889 2905 1945 καί
2946 1890 3169 1960 ὄφελόν
3191 1906 3257 1960 τε
3289 1889 3748 1951 ἐϐασιλεύσατε,
3773 1887 3879 1941 ira

642 1975 912 2043 Quoniam
960 1991 1089 2047 ergo
1130 1976 1215 2031 his
1238 1975 1465 2030 salutem
1516 1975 1656 2032 Deus
1704 1975 1951 2045 largitur,
2004 1976 2196 2036 merito

2300 1984 2399 2037 καὶ
2430 1983 2603 2052 ἡμεῖς
2636 1983 2779 2053 ὑμῖν
2810 1982 3421 2053 συμϐασιλεύσωμενο
3455 1981 3579 2035 ἐπεὶ
3622 1975 3714 2035 οὖν
3746 1978 3879 2034 τού-

642 2069 742 2138 ipsi
773 2083 991 2139 quoque
1024 2069 1214 2123 Davidi
1246 2082 1398 2139 spem
1448 2068 1642 2122 bonam
1691 2067 1966 2124 oraculum
2002 2069 2196 2139 injicit,

642 2162 758 2216 fore
783 2169 900 2215 uta
934 2160 1197 2229 peccatis,
1234 2159 1287 2213 in
1312 2174 1429 2229 qua:
1468 2160 1757 2229 aliquando
1790 2160 2008 2229 cecidit,
2058 2162 2201 2217 redi-

640 2261 840 2307 matur.
900 2250 1035 2307 Nam
1086 2250 1246 2308 Verbi
1301 2251 1392 2307 Dei
1443 2252 1739 2307 descensus
1768 2253 1956 2309 Davidi
1988 2269 2200 2324 quoque

640 2359 760 2397 cum
816 2343 939 2399 aliis
984 2344 1255 2400 beneﬁcus
1287 2345 1523 2411 exstitit,
1562 2345 1653 2414 qni
1691 2346 1963 2402 nativitati
1998 2348 2114 2418 ejus
2143 2348 2197 2403 in

639 2450 803 2490 carne
825 2435 1091 2491 inserviit.

643 2611 807 2667 \‘sss.
853 2611 938 2667 10.
984 2611 1089 2678 Qui
1128 2614 1337 2667 redimit
1386 2614 1639 2669 Davidem
1681 2634 1885 2671 servum
1943 2636 2096 2676 suum
2133 2624 2198 2680 de

1189 2684 1368 2753 gladio
1395 2685 1645 2753 maligno.

711 2771 934 2828 Gladius
971 2774 1263 2845 malignus,
1294 2774 1476 2845 lingua
1530 2787 1614 2831 est
1656 2780 1961 2849 atheorum,
1991 2796 2045 2840 et
2074 2786 2195 2842 illo-

640 2880 757 2917 rum
788 2878 1066 2919 sermones
1094 2865 1185 2934 qui
1233 2868 1564 2934 sophismata
1609 2872 1867 2928 adversus
1907 2875 2071 2932 Deum
2102 2891 2200 2932 ex-

638 2955 897 3023 cogitant,
931 2963 991 3009 ut
1023 2957 1234 3011 animas
1279 2957 1629 3015 interficiant.
1678 2962 1865 3020 Manus
1922 2978 2100 3023 autem
2135 2970 2198 3023 ll-

639 3045 831 3098 iiornm
862 3045 1189 3110 alienorum,
1250 3056 1404 3103 actus
1448 3062 1573 3104 sunt
1618 3062 1673 3107 et
1721 3056 1825 3107 vita
1863 3057 2074 3112 illorum
2104 3062 2193 3127 qui

640 3134 737 3189 Dei
767 3135 912 3190 cultu
940 3135 1099 3193 alieni
1133 3146 1296 3201 sunt;
1325 3153 1551 3206 quorum
1583 3158 1645 3198 os
1677 3143 1942 3201 fabulosis
1971 3148 2195 3220 ﬁgmen-

2297 2090 2410 2137 τοις
2441 2074 2723 2147 χαρίζεται
2749 2075 2778 2129 6
2809 2073 2942 2137 Θεὸς
2971 2072 3071 2144 τὴν
3106 2071 3402 2145 σωτηρίαν,
3427 2072 3655 2135 είκότως
3677 2072 3773 2125 καὶ
3795 2070 3880 2141 τῷ

2298 2164 2459 2219 Δανῖδ
2484 2166 2695 2235 ἀγαθὰς
2736 2165 2957 2229 ἐλπίδας
2986 2165 3291 2237 ὑπογράφει
3323 2164 3385 2218 τὸ
3411 2163 3623 2232 λόγιον,
3664 2163 3741 2228 ὡς
3782 2164 3879 2220 λυ-

2297 2256 2699 2330 τρωθησομένῳ
2735 2260 2827 2328 ἀφ’
2861 2254 2937 2313 ὧν
2981 2256 3199 2312 πώποτε
3236 2255 3523 2311 πέπτωκεν
3550 2257 3875 2327 ἀμαρτιῶνθ

2297 2350 2330 2420 ἡ
2360 2348 2469 2419 γὰρ
2499 2349 2725 2414 κάθοδος
2756 2349 2851 2403 τοῦ
2880 2348 3016 2404 Θεοῦ
3047 2349 3221 2419 Λόγου
3254 2348 3397 2420 μετὰ
3429 2348 3538 2402 τῶν
3563 2348 3740 2403 ἀλλων
3778 2351 3877 2404 καὶ
3914 2338 3931 2345 ’

2298 2438 2375 2510 τῷ
2403 2438 2565 2492 Δαυτδ
2591 2440 2922 2512 εὐεργητικὴ
2952 2440 3261 2513 γεγένηται,
3293 2438 3389 2494 ἀτε
3428 2436 3878 2511 διακονησαμένῳ

2296 2534 2363 2601 τῇ
2397 2530 2645 2601 ὲνσάρκῳ
2670 2530 2833 2585 αὑτοῦ
2866 2530 3093 2600 γενέσει.

2304 2621 2387 2688 Τῷ
2416 2622 2799 2693 λυτρουμένῳ
2826 2623 3009 2677 Δαυτδ
3035 2623 3139 2677 τὸν
3166 2621 3390 2693 δοῦλον
3421 2621 3609 2677 αὐτοῦ
3636 2621 3708 2675 ἐκ
3725 2622 3877 2690 ῥομ-

2826 2696 3010 2762 φαίας
3045 2691 3333 2762 πονιιοᾶςο

2379 2784 2649 2855 Ῥομφαία
2677 2785 2888 2857 ¹ιιιονηρά
2930 2788 2963 2857 ἡ
3001 2785 3219 2854 γλῶττά
3250 2787 3364 2838 ἐστι
3393 2784 3501 2837 τῶν
3542 2783 3743 2848 ἀθέων,
3780 2786 3876 2838 καὶ

2294 2876 2345 2929 oi
2372 2876 2522 2945 λόγοι
2550 2876 2656 2929 τῶν
2682 2875 2751 2930 τὰ
2794 2878 3103 2950 σοφίσματα
3130 2877 3270 2931 κατὰ
3313 2876 3407 2933 τοῦ
3444 2876 3579 2931 Θεοῦ
3613 2876 3881 2948 μελετῶν-

2293 2985 2403 3021 των
2442 2968 2521 3030 είς
2547 2964 2609 3020 τὸ
2642 2966 2885 3037 φονεύειν
2912 2966 3111 3038 ψυχάς
3154 2968 3273 3040 χεὶρ
3298 2967 3355 3021 δὲ
3382 2965 3511 3020 υἱῶν
3550 2965 3872 3037 ἀλλοτρίων,

2297 3054 2493 3127 πρᾶξις
2526 3057 2620 3111 καὶ
2648 3058 2676 3110 ό
2702 3057 2812 3127 βίος
2839 3056 2946 3111 τῶν
2982 3058 3277 3130 ἀλλοτρίων
3308 3060 3408 3129 τῆς
3434 3056 3770 3121 θεοσεϐείας,
3796 3052 3878 3111 ὧν

2296 3150 2354 3201 ὲν
2396 3149 2586 3220 μύθοις
2618 3149 3004 3220 ἀναπλάσμασι
3035 3151 3129 3204 καὶ
3153 3152 3273 3213 ταῖς
3304 3151 3432 3221 περὶ
3460 3148 3696 3203 εἰδώλων
3737 3151 3881 3204 πλά-

642 3228 712 3280 tis
742 3235 796 3281 et
826 3227 1088 3283 idolorum
1138 3232 1417 3286 erroribus
1465 3232 1701 3303 loquitur
1741 3239 2030 3295 vanitates.
2089 3241 2194 3298 H0.

2296 3257 2411 3305 ναις
2437 3241 2499 3294 τὸ
2527 3242 2703 3313 στόμα
2730 3241 2882 3296 λαλεῖ
2920 3244 3282 3313 ματαιότητας
3302 3258 3314 3271 ·
3343 3240 3545 3295 τούτων
3574 3242 3632 3296 δὲ
3666 3244 3760 3297 καὶ
3782 3243 3879 3296 δε-

641 3332 757 3370 rum
789 3318 951 3371 etiam
982 3321 1223 3387 dextera,
1255 3322 1305 3375 id
1333 3332 1417 3378 est
1447 3324 1529 3378 vis
1556 3329 1856 3395 operosior,
1887 3332 2113 3387 avaritia
2143 3342 2197 3388 et

643 3407 845 3475 rapinis
874 3421 1186 3477 occupatur.
1216 3411 1535 3481 Huiusmodi
1581 3428 1737 3472 erant
1786 3421 1983 3489 prioris
2017 3424 2194 3494 populi

642 3497 908 3563 homines,
936 3498 1091 3553 sicuti
1124 3501 1325 3557 dictum
1353 3513 1454 3559 est.
1490 3505 1564 3561 Ex
1600 3508 1687 3563 his
1706 3509 1817 3576 jam
1845 3528 1986 3567 nunc
2022 3515 2197 3572 denuo

638 3598 760 3642 erat
814 3586 977 3642 David
1030 3606 1089 3646 se
1136 3593 1291 3663 eripi,
1342 3610 1408 3650 ne
1447 3598 1559 3665 pari
1607 3612 1946 3668 peccatorum
1998 3620 2196 3677 genere

642 3679 935 3734 irretiatur.

645 3769 804 3824 Vens.
835 3770 922 3827 12.
970 3773 1205 3859 Quorum
1249 3777 1352 3859 ﬁlii
1399 3780 1532 3833 sicut
1587 3784 1802 3837 novella
1844 3786 2194 3853 plantationes

1166 3862 1221 3900 tn
1250 3861 1521 3916 Juventute
1552 3869 1670 3906 sua.

707 3930 822 3986 Non
855 3933 1052 4003 prioris
1086 3940 1453 3993 tantummodo
1474 3944 1649 4010 populi
1687 3944 1805 4010 lilii,
1840 3950 1933 4001 sed
1954 3950 2192 4005 omnium

638 4040 666 4077 a
711 4025 799 4078 Dei
830 4026 973 4080 cultu
1008 4028 1333 4095 alienorum,
1368 4046 1466 4086 ceu
1502 4049 1651 4088 novae
1678 4037 2045 4107 plantationes
2071 4050 2198 4097 sunt

639 4118 691 4169 in
719 4116 998 4183 iuventute
1024 4134 1142 4173 sua.
1173 4118 1312 4176 Justi
1342 4130 1519 4176 autem
1557 4125 1790 4194 hominis
1822 4142 1949 4182 caro
1980 4128 2194 4186 inﬁrma

635 4216 736 4269 cat,
768 4215 821 4258 et
864 4205 981 4273 ejus
1019 4208 1211 4264 mentis
1254 4208 1427 4265 fastus
1464 4224 1764 4271 emortuus.
1820 4215 2058 4283 Illorum,
2102 4221 2193 4290 qui

635 4301 703 4356 de
752 4301 1163 4360 circumcisione
1222 4316 1368 4373 sunt,
1425 4309 1546 4364 tiliae
1606 4326 1819 4382 quoque
1883 4317 2194 4374 meretricio

634 4405 784 4446 more
817 4400 941 4445 sunt
974 4403 1268 4461 exornatae,
1298 4398 1364 4452 ad
1408 4399 1589 4470 templi
1631 4401 1914 4472 imaginem
1949 4406 2037 4461 ubi
2083 4408 2193 4477 spi-

634 4481 768 4535 ritus
802 4485 971 4538 malus
1000 4485 1281 4541 inhabitat.
1314 4487 1437 4544 Ideo
1465 4491 1532 4546 de
1563 4492 1666 4547 illis
1711 4494 1841 4548 dicit
1888 4500 2143 4567 propheta
2172 4520 2186 4555 :

2299 3329 2407 3399 ξιὰ,
2432 3333 2706 3387 τουτέστιν
2733 3337 2767 3406 ἡ
2797 3335 3217 3408 πρακτικωτέρα
3252 3334 3500 3405 δύναμις,
3530 3334 3660 3406 περὶ
3684 3334 3880 3388 πλεον-

2296 3422 2443 3489 εξίας
2503 3425 2599 3478 καὶ
2646 3426 2901 3497 ἁρπαγὰς
2939 3425 3263 3497 ἀσχολεῖται.
3293 3426 3535 3480 Τοιοῦτοι
3575 3427 3621 3479 δ’
3662 3428 3729 3480 ἂν
3764 3422 3881 3481 εἷεν

2296 3517 2390 3568 καὶ
2425 3518 2471 3569 οί
2512 3516 2578 3569 ὲκ
2608 3517 2702 3571 τοῦ
2742 3519 3010 3589 προτέρου
3048 3517 3199 3581 λαοῦ,
3243 3519 3365 3573 καθ’
3401 3517 3438 3573 ἃ
3477 3517 3725 3588 εἴρηται·
3765 3519 3881 3572 ἀπὸ

2294 3608 2497 3662 τούτων
2513 3604 2606 3661 οὖν
2626 3609 2719 3662 ἐπὶ
2735 3610 2829 3663 τοῦ
2852 3610 3114 3681 παρόντος
3130 3610 3226 3681 ήδη
3247 3609 3495 3680 δεύτερον
3522 3612 3550 3663 6
3579 3609 3745 3663 Δαυῒδ
3779 3613 3885 3681 ῥυ.

2297 3700 2489 3771 σθῆναι
2516 3698 2753 3770 εὔχεται,
2772 3701 2859 3754 ἵνα
2884 3701 2957 3773 μὴ
2972 3701 3083 3773 an;
3105 3704 3214 3766 τοῖς
3232 3702 3437 3772 ὁμοίοις
3457 3702 3677 3772 suam
3685 3718 3876 3773 μασιν.

2293 3787 2405 3846 Ὧν
2441 3795 2497 3847 οι
2542 3792 2659 3846 υίοὶ
2689 3793 2768 3858 ὡς
2803 3794 3065 3883 recisam?
3098 3793 3381 3873 ξδρυμένα
3418 3792 3488 3846 ὲν
3516 3790 3593 3861 τῇ
3636 3793 3879 3861 νεότητι

2972 3881 3189 3919 αυτων.

2366 3956 2473 4009 Τοῦ
2502 3956 2769 4028 προτέρου
2791 3956 2923 4010 λαοῦ
2948 3958 2997 4009 οἱ
3019 3956 3123 4011 uici
3148 3957 3210 4009 οὐ
3245 3956 3425 4027 μόνον,
3450 3954 3585 4009 ἀλλά
3619 3956 3712 4009 καὶ
3742 3956 3880 4009 πάν-

2293 4061 2399 4099 των
2424 4046 2533 4099 τῶν
2559 4046 2852 4119 ἀλλοτρίων
2897 4046 3000 4117 τῆς
3024 4045 3330 4110 θεοσεϐείας
3360 4045 3435 4109 ὡς
3462 4044 3698 4113 νεόφυτά
3724 4046 3878 4099 ἐστιν

2297 4135 2557 4207 ἱδρυμένα
2600 4139 2659 4190 ὲν
2714 4139 2779 4208 τῇ
2827 4137 3035 4207 νεότητι
3078 4136 3285 4189 αὐτῶν·
3339 4133 3431 4188 τοῦ
3479 4133 3535 4190 δι
3578 4134 3792 4189 δικαίου
3831 4137 3877 4207 ἡ

2295 4225 2432 4299 σάρξ
2461 4229 2609 4283 ἐστιν
2647 4229 2896 4299 ἀσθενὴς,
2931 4230 3021 4283 καὶ
3055 4228 3115 4281 τὸ
3148 4227 3401 4301 φρόνημά
3446 4229 3563 4281 ἐστι
3599 4244 3878 4298 νενεκρω-

2296 4318 2488 4388 μένον·
2522 4321 2726 4375 τούτων
2766 4321 2875 4375 τῶν
2914 4322 2978 4374 ὲκ
3020 4320 3323 4395 ’περιτομῆς
3354 4322 3448 4374 καὶ
3480 4320 3535 4373 αί
3569 4317 3876 4391 θυγατέρες

2293 4411 2583 4483 ἑταιρικῶς
2626 4414 2733 4465 εἱσι
2775 4414 3184 4484 κεκοσμημέναι
3229 4414 3303 4478 ὡς
3344 4413 3600 4484 ὁμοίωμα
3638 4414 3771 4469 ναοῦ
3810 4416 3876 4468 ὲν

2289 4493 2334 4568 ᾧ
2371 4504 2605 4575 πονηρὸν
2644 4503 2859 4575 πνεῦμα
2900 4507 3130 4559 Evocate!”
3164 4506 3245 4561 διό
3288 4522 3420 4578 φησι
3459 4507 3587 4578 περὶ
3619 4506 3801 4560 αὐτῶν
3842 4509 3876 4560 6

634 4572 921 4635 Propterea
973 4574 1296 4633 incesserunt
1340 4581 1471 4649 litim
1517 4581 1691 4638 Sionis
1743 4596 1913 4641 erecto
1954 4590 2109 4655 collo,
2135 4603 2185 4646 et

2296 4572 2605 4663 προφήτης·
2666 4572 2808 4647 Ἀγά
2853 4587 2940 4647 ὧν
2984 4572 3399 4663 ἐπορεύθησαν
3444 4595 3503 4646 at
3534 4572 3874 4662 ’θυγατέρες

633 4682 749 4719 cum
794 4668 1002 4723 nutibus
1047 4672 1324 4729 oculorum
1346 4675 1412 4740 “,
1438 4684 1491 4729 et
1518 4677 1747 4745 reliqua.
1796 4679 1978 4737 Sancti
2006 4693 2186 4739 autem

2291 4683 2446 4737 Σιὼν
2480 4684 2549 4737 ἐν
2576 4684 2794 4755 ὑψηλῷ
2820 4686 3097 4756 τραχήλῳ
3119 4688 3215 4741 καὶ
3245 4687 3314 4739 ἐν
3334 4687 3628 4755 νεύμασιν
3653 4687 3873 4755 ὀφθαλ-

633 4755 878 4811 homincs
912 4761 1160 4829 templum
1194 4764 1284 4818 Dei
1319 4776 1460 4828 sunt,
1503 4777 1555 4821 et
1599 4769 1691 4823 Dei
1727 4771 1948 4839 spiritus
1979 4772 2031 4827 in
2060 4774 2191 4842 ipsis

2296 4775 2437 4845 μῶν,
2458 4776 2550 4829 καὶ
2577 4775 2648 4838 τά
2678 4775 2804 4849 ἑξῆς
2822 4795 2834 4807 ·
2866 4781 2915 4832 oi
2940 4778 2997 4831 δὲ
3026 4778 3171 4847 ἅγιοι
3221 4778 3345 4841 ναός
3369 4779 3473 4831 είσι
3498 4775 3657 4842 Θεοῦ,
3688 4779 3782 4831 καὶ
3808 4778 3879 4831 τὰ

631 4846 918 4902 inhabitat.
950 4848 1026 4940 Et
1049 4850 1257 4907 illorum
1306 4858 1519 4924 quidem
1545 4858 1821 4913 abundant
1863 4860 2191 4917 redundant-

2296 4866 2507 4939 πνεῦμα
2528 4867 2621 4921 τοῦ
2641 4846 2774 4923 Θεοῦ
2804 4870 2945 4925 οίκεῖ
2971 4870 3030 4923 ὲν
3058 4870 3268 4933 αὐτοις·
3295 4870 3386 4923 καὶ
3411 4867 3518 4922 τῶν
3550 4868 3648 4940 μὲν
3676 4885 3869 4940 περιτ-

630 4950 734 5001 que
761 4950 961 5001 penora
994 4939 1474 4997 thesaurizantium
1505 4946 1555 4999 in
1590 4956 1732 5001 terra
1764 4957 1819 5005 et
1849 4949 2142 5006 dicentium
2171 4967 2187 5006 :

2296 4959 2437 5019 τεύει
2464 4962 2559 5014 καὶ
2592 4961 2818 5033 ὑπερχεῐ
2848 4960 2917 5015 τὰ
2946 4964 3147 5033 ταμεῖα
3172 4960 3606 5033 θησαυριζόντων
3639 4958 3734 5015 ἐπὶ
3753 4939 3868 5031 τῆς

630 5028 908 5085 Destruam
941 5030 1129 5085 horrea
1153 5049 1269 5085 mea
1292 5045 1337 5087 et
1366 5036 1625 5098 ampliora
1664 5040 1939 5110 aedificabo
1973 5040 2058 5109 ⁸³;
2091 5043 2188 5098 ho-

2296 5052 2414 5123 γῆς’
2461 5052 2555 5112 καὶ
2598 5028 2882 5122 λεγόντων,
2912 5028 3150 5107 Καϐελῶ
3172 5028 3291 5121 μου
3320 5028 3427 5119 τας

630 5135 748 5174 rum
779 5131 964 5177 contra
997 5126 1283 5183 thesaurus
1308 5128 1360 5181 in
1393 5131 1530 5184 coelo
1557 5141 1657 5186 est.
1686 5132 1901 5187 Illorum
1947 5149 2079 5190 oves
2110 5135 2190 5190 fe-

2296 5142 2561 5212 μείζονας
2578 5143 2970 5213 οἰκοδομήσω·
3001 5143 3108 5200 τῶν
3140 5144 3196 5198 δὲ
3238 5146 3267 5196 ό
3314 5144 3585 5217 θησαυρός
3632 5145 3781 5199 ἑστιν
3808 5147 3863 5199 ὲν

629 5214 818 5268 euadat
836 5230 900 5269 ac
920 5232 1242 5283 numerosae,
1274 5221 1545 5291 bovesque
1576 5225 1766 5289 crassi.
1798 5226 2104 5295 cuiusmodi
2133 5228 2187 5282 in

2296 5235 2539 5307 οὐρανῷο
2565 5236 2659 5290 και
2686 5236 2793 5290 τῶν
2825 5236 2922 5306 μὲν
2947 5236 3062 5291 ἔστι
3091 5237 3337 5309 πρόϐατα
3370 5214 3642 5291 mm.
3668 5236 3844 5309 πληθύ

628 5301 839 5403 Αἰεγριί
864 5306 1339 5381 ubertate.nempe
1368 5312 1445 5367 illi
1463 5314 1684 5382 pulchra
1703 5317 1879 5386 specie
1898 5327 1952 5373 et
1974 5319 2190 5375 eximiis

2296 5301 2595 5392 νονταξκαὶ
2631 5328 2752 5399 βόες
2793 5301 3004 5401 ταχεῖς,
3032 5301 3205 5385 ὁποέοι
3248 5333 3346 5401 τῆς
3386 5329 3661 5398 Αἰγύπτου
3696 5301 3862 5403 εὐθη-

629 5394 881 5493 carnibus
907 5412 1041 5466 quos
1063 5399 1193 5455 vidit
1210 5401 1444 5460 Pharao.
1466 5407 1571 5461 Sed
1585 5406 1717 5475 justi
1746 5408 1847 5463 viri
1862 5409 2007 5464 ovile
2023 5424 2188 5479 puras

2296 5419 2443 5483 νίας’
2485 5394 2643 5473 καλοί
2688 5419 2797 5491 γὰρ
2824 5394 2905 5490 τῷ
2940 5421 3065 5475 εωει
3096 5423 3190 5476 καὶ
3230 5394 3478 5476 ἐκλεκτοὶ.
3520 5424 3641 5484 ταῖς
3672 5394 3861 5493 σαρξὶν

630 5482 858 5549 animas,
893 5498 948 5542 et
973 5492 1141 5547 bonas
1189 5510 1251 5547 ac
1292 5498 1583 5553 rationales
1619 5516 1747 5557 oves
1785 5504 2183 5573 complectitur.

2296 5506 2433 5581 ἦσαν
2456 5512 2549 5577 οὓς
2574 5482 2712 5567 εἶδεν
2737 5482 3007 5585 δ’Φαραώ·
3038 5515 3133 5569 τοῦ
3159 5514 3216 5568 δὲ
3238 5514 3445 5569 δικμαίου
3472 5515 3506 5587 ἡ
3533 5482 3858 5585 ποίμνη-ψυ-

629 5574 729 5643 χὰς
759 5578 1063 5650 ἀκεραίους,
1095 5589 1186 5639 καὶ
1214 5589 1391 5657 ἁγαθά
1417 5593 1509 5644 καὶ
1543 5593 1734 5661 λογικὰ
1776 5595 2024 5667 πρόϐατα
2066 5574 2479 5674 ἐμπεριείληφε.

698 5691 744 5719 ⁸⁸
775 5691 1063 5759 liebr.vm.
1094 5701 1178 5754 13.
1254 5704 1298 5734 "
1331 5703 1468 5758 Psal.
1502 5723 1624 5773 xcv,
1660 5709 1709 5762 l.
1820 5711 1864 5742 “
1899 5711 2061 5766 Prov.
2098 5728 2196 5770 vin

2296 5718 2331 5773 ἲ.
2409 5720 2449 5750 ⁶¹
2484 5719 2650 5773 lCor.
2678 5737 2751 5790 tv,
2782 5720 2837 5776 8.
2915 5721 2959 5753 ⁶¹
2998 5721 3099 5776 lsa.
3123 5737 3207 5785 Ill.
3243 5721 3327 5775 16.
3408 5722 3450 5751 ⁸³
3485 5720 3617 5778 an.
3644 5736 3741 5785 xu,
3767 5722 3848 5776 l8.

700 5804 810 5874 ('9)
839 5804 1042 5866 Videsis
1068 5811 1267 5871 Nicetac
1296 5816 1581 5876 Scrrarum
1614 5822 1860 5894 episwpi'
1880 5828 2200 5895 prommium
2235 5844 2270 5885 ι
2298 5833 2451 5891 nobis
2483 5835 2687 5893 editum
2710 5836 2776 5894 ad
2801 5845 3055 5893 catenam
3080 5836 3131 5890 in
3165 5834 3425 5891 Psahnos.
