4090 6418
622 398 692 456 59
1291 384 1561 444 EUSFJBII
1598 376 2083 438 CESARIENSIS
2118 375 2271 435 OPP.
2315 371 2493 431 PARS
2531 370 2621 428 Ill.
2649 402 2719 414 —
2759 366 3175 426 EXEGETICA.
3807 370 3874 420 60

730 514 892 570 Vna.
921 510 973 567 8.
1006 503 1693 633 liseratorrgiizlnjzerieors
1726 502 2007 566 Dominus,
2035 507 2093 555 et

1393 592 1521 647 qua.

690 676 824 733 Cum
858 672 990 729 nihil
1019 687 1116 730 nos
1139 682 1405 732 essemus,
1432 677 1610 737 neque
1641 664 1819 722 adhuc
1839 661 2190 724 essistentes,

622 769 675 823 in
706 766 885 821 lucem
912 761 1164 835 protulit.
1199 758 1405 815 Deinde
1432 771 1603 828 prava
1639 755 1807 812 multa
1840 759 2089 824 agentes,
2136 758 2193 806 et

620 858 855 928 superbo
880 860 1192 923 contemptu
1215 852 1483 917 viventes,
1515 864 1623 906 non
1646 862 1747 920 pro
1774 844 1983 902 meritis
2006 856 2194 914 perse-

618 950 827 1021 quitur,
874 946 967 1005 sed
1003 946 1316 1009 miseretur,
1344 942 1546 1013 diuque
1588 956 1688 997 nos
1728 946 1891 994 vocat
1923 936 1990 992 ad
2018 934 2194 1007 pani-

622 1039 869 1106 teatiam,
900 1037 1026 1107 quia
1055 1044 1286 1090 mortem
1315 1032 1621 1104 peccatoris
1648 1045 1754 1087 non
1785 1028 1925 1094 vult,
1954 1028 2049 1084 sed
2078 1043 2192 1084 ma-

620 1132 706 1202 gis
726 1130 845 1203 ejus
870 1126 1272 1198 penitentiam.
1324 1122 1508 1195 Neque
1542 1124 1617 1180 ita
1645 1137 1775 1195 erga
1823 1136 1952 1177 suos
1982 1128 2190 1176 tantum

623 1220 861 1293 segerit,
890 1218 987 1275 sed
1018 1233 1150 1290 erga
1178 1230 1368 1275 omnes
1392 1214 1658 1279 omnino;
1686 1222 1772 1269 est
1797 1211 1945 1268 enim
1980 1210 2193 1267 cunctis

621 1314 905 1384 benignus.

655 1489 819 1547 Vna.
853 1489 909 1546 9.
942 1487 1010 1545 Et
1043 1487 1555 1609 miserationszejns
1586 1498 1743 1552 super
1787 1479 1965 1536 omnia
1995 1494 2155 1548 opera

1272 1572 1388 1609 em
1431 1570 1534 1609 ent.

1272 1570 1534 1623 ejusdem.

688 1648 955 1717 Quoniam
1004 1647 1384 1704 miserationes
1435 1643 1554 1716 ejus
1610 1642 1829 1699 cunctis
1894 1640 2191 1712 pmvalent

615 1740 860 1810 ejusdem
887 1740 1164 1811 operibus,
1200 1744 1600 1807 consequenter
1644 1735 1848 1790 dictum
1894 1741 2015 1789 est:
2046 1731 2188 1787 Con-

2219 498 2266 556 Α
2287 494 2619 563 Οίκτίρμων
2641 492 2739 547 καί
2762 490 3038 560 ἐλεήμων
3059 490 3092 543 d
3113 487 3351 556 Κύριος,
3376 483 3558 540 καὶτὰ
3588 482 3873 543 ἀκόλουθα.

2362 647 2455 718 Μὴ
2480 645 2592 716 γὰρ
2632 645 2794 709 ὂντας
2820 644 2996 715 huic.
3023 640 3159 713 #1151
3188 639 3528 708 ὑφεστῶτας,
3554 640 3877 713 παρήγαγεν

2290 739 2371 803 είς
2402 736 2550 807 φῶςο
2592 732 2714 793 εἶτα
2742 733 2913 790 πολλὰ
2944 732 3190 807 δρῶντας
3229 733 3379 788 κακὰ
3408 733 3503 788 καὶ
3534 748 3877 804 καταφρονη-

2289 830 2458 895 τικῶς
2506 830 2729 900 ἔχοντας
2782 828 2983 892 αὐτοὺς
3028 828 3093 880 οὐ
3148 825 3471 898 μετέρχεται
3518 826 3641 878 κατ’
3682 824 3841 890 ἀξίαν
3858 842 3876 858 υ

2289 922 2382 994 sp.
2412 959 2428 977 .
2453 921 2513 975 δι
2538 922 2698 985 ελεεῖ,
2726 918 2864 975 ἀλλὰ
2893 919 2990 975 καὶ
3027 917 3375 990 μακροθυμεῖ
3398 914 3879 989 προσκαλούμενος

2288 1012 2440 1084 ἡμᾶς
2467 1013 2550 1076 είς
2586 1010 2897 1084 μετάνοιαν,
2932 1007 3023 1063 διὰ
3054 1008 3117 1062 τὸ
3154 1007 3230 1079 μὴ
3272 1005 3558 1077 βούλεσθαι
3582 1005 3679 1060 τὸν
3715 1005 3881 1060 θάνα-

2288 1121 2380 1158 τον
2426 1104 2522 1158 τοῦ
2568 1100 2917 1177 ἁμαρτωλοῦ,
2965 1100 3044 1165 ὡς
3083 1100 3183 1173 τὴν
3231 1100 3523 1172 μετάνοιαν
3570 1096 3769 1154 αὐτοῦ·
3816 1098 3877 1153 οὐ

2293 1191 2451 1265 μόνον
2487 1192 2546 1247 δὲ
2588 1192 2717 1264 περὶ⁵
2764 1190 2893 1255 τοὺς
2923 1188 3161 1254 οίκείους
3201 1186 3359 1242 τοῦτό
3402 1189 3587 1251 ἐστιν,
3619 1186 3760 1241 ἀλλὰ
3786 1185 3880 1240 καὶ

2290 1284 2420 1356 περὶ
2470 1284 2679 1347 πάντας
2734 1281 3107 1348 ἁπαξαπλῶς,
3166 1278 3291 1334 ἐπεὶ
3338 1278 3434 1332 καὶ
3477 1278 3717 1350 χρηστός
3763 1277 3880 1330 εστι

2288 1377 2403 1439 τοῖς
2438 1373 2737 1446 σύμπασιν.

2288 1466 2401 1523 Καὶ
2433 1469 2489 1521 οι
2518 1464 2806 1538 οικτιρμοι
2838 1464 3025 1520 αὐτοῦ
3049 1462 3150 1517 ἐπὶ
3177 1461 3375 1517 πάντα
3401 1457 3477 1515 τὰ
3500 1458 3648 1529 ἔργα
3668 1458 3878 1515 αὑτοῦ.

2372 1640 2597 1713 Ἐπειδὴ
2634 1642 2684 1696 oi
2728 1640 3007 1713 οίκτιρμοὶ
3049 1635 3217 1694 αὑτοῦ
3262 1637 3357 1691 επὶ
3398 1634 3577 1690 πάντα
3628 1632 3699 1689 τὰ
3742 1604 3884 1706 έργα

2289 1733 2480 1794 αὑτοῦ.
2515 1734 2830 1799 ἀκολούθως
2855 1734 3107 1789 λέλεκται
3125 1747 3141 1763 ο
3181 1726 3883 1801 Ἐξομολοτ-ησόσθωσάγ

614 1835 874 1904 ﬁteantsr
903 1832 997 1885 tibi
1027 1832 1083 1885 in
1108 1830 1285 1885 omnia
1314 1843 1474 1899 opera
1512 1836 1625 1882 tu.
1680 1825 1921 1883 Debetur
1948 1824 1999 1879 ei
2036 1823 2187 1879 insu-

2289 1839 2391 1879 σοι
2422 1824 2622 1879 πάντα
2660 1826 2735 1880 τὰ
2772 1824 2918 1894 ἔργα
2962 1836 3112 1877 σου·
3159 1819 3577 1891 προσοφείλεται
3620 1816 3773 1888 αὐτῷ
3804 1816 3881 1878 ὡς

615 1938 736 1995 per,
761 1936 821 1979 ut
850 1927 979 1993 ipsa:
1002 1937 1124 1993 qua:
1152 1921 1423 1977 inanimes
1456 1917 1840 1973 existimantur
1897 1923 2185 1980 creatura,

613 2031 749 2072 voce
774 2015 1163 2086 propemodum
1193 2012 1390 2067 emissa
1423 2009 1628 2081 gratias
1659 2009 1708 2063 ei
1748 2017 1937 2080 agant,
1968 2015 2024 2062 et
2050 2022 2184 2061 con-

614 2105 876 2161 ﬁteantur
903 2103 1141 2161 creatori
1191 2116 1315 2159 suo.
1361 2098 1663 2169 Participat
1687 2098 1833 2153 enim
1862 2095 2187 2167 sapientiam

612 2196 734 2265 ejus
758 2210 1094 2266 unaquaeque
1114 2194 1182 2251 ab
1200 2208 1268 2251 eo
1296 2192 1447 2247 varie
1469 2199 1789 2247 constructa
1822 2199 2101 2251 creatura,
2133 2198 2189 2242 et

613 2288 725 2343 vim
756 2287 1054 2343 creationis
1090 2284 1327 2342 mirabili
1366 2282 1601 2339 artiﬁcio
1629 2282 1815 2338 sentit.
1863 2279 2191 2351 Specialiter

612 2392 744 2434 vero
771 2377 1152 2447 pmcipueque
1180 2375 1354 2431 sancti
1388 2374 1509 2445 ejus
1540 2373 1801 2444 majorem
1853 2371 2030 2428 laudis
2074 2385 2189 2441 par-

615 2478 724 2526 tem
755 2469 1102 2525 retribuunt:
1135 2482 1261 2523 nam
1285 2467 1354 2523 iis
1387 2481 1508 2538 qua
1531 2465 1773 2536 cogitant
1810 2473 1976 2535 atque
2000 2471 2183 2533 agunt,

613 2573 840 2630 regnum
866 2559 984 2628 ejus
1010 2560 1333 2630 pradicant,
1368 2559 1423 2613 in
1472 2568 1817 2614 antecessum
1866 2556 1921 2611 id
1960 2554 2188 2610 manife-

614 2660 849 2716 stantes,
876 2660 933 2706 ut
970 2659 1231 2721 tanquam
1258 2650 1308 2706 ei
1345 2650 1661 2713 militantes,
1693 2646 1865 2716 gloria
1891 2647 2001 2702 sint
2033 2645 2185 2716 regni

614 2743 756 2811 ejus.
794 2741 1178 2799 Praedicahunt
1228 2743 1355 2798 item
1402 2740 1816 2798 connaturalem
1859 2755 2030 2812 regno
2066 2740 2201 2815 ejus,

610 2834 975 2900 dominatum,
1002 2843 1057 2890 et
1081 2835 1227 2905 quod
1278 2849 1617 2905 unaquaque
1647 2843 1898 2889 creatura
1935 2833 2189 2889 ordinate

611 2926 663 2981 ei
698 2926 905 2982 subest.
942 2924 1074 2983 Cum
1117 2928 1229 2982 sint
1278 2925 1527 2983 benevoli
1578 2926 1633 2980 hi
1666 2924 1757 2995 qui
1791 2924 1963 2995 gratia
1995 2933 2083 2979 tua
2119 2925 2188 2979 ad

612 3025 667 3073 te
698 3032 796 3087 per
817 3019 1163 3073 sanctitatem
1189 3018 1441 3074 conversi
1473 3025 1620 3083 sunt,
1654 3017 1798 3071 bona
1830 3031 1929 3071 sua
1958 3015 2080 3072 sine
2109 3015 2187 3071 in-

610 3106 758 3161 vidia
800 3109 1209 3164 communicant
1261 3122 1361 3178 per
1416 3108 1789 3179 magisterium
1841 3106 1968 3163 liliis
2012 3106 2189 3163 homi-

2288 1916 2385 1971 καὶ
2413 1915 2554 1970 αὐτὰ
2573 1916 2643 1969 τὰ
2672 1913 3007 1986 νομιζόμενα
3034 1907 3176 1967 εἷναι
3201 1910 3406 1982 ἄψυχα,
3444 1908 3629 1980 φωνὴν
3651 1908 3883 1978 ἀφιέντα

2291 2010 2574 2080 μονονουχὶ
2616 2007 2962 2079 εὐχαριστεῖν
3011 2005 3107 2061 καὶ
3151 2002 3591 2075 ἐξομολογεῖσθαι
3631 2000 3709 2072 τῷ
3756 2017 3880 2054 ποι-

2289 2101 2482 2172 ήσαντι
2513 2100 2677 2155 αὐτά.
2702 2098 2941 2171 Μετέχει
2972 2097 3083 2170 γὰρ
3106 2082 3209 2167 τῆς
3233 2094 3401 2150 αὑτοῦ
3432 2095 3625 2164 σοφίας
3650 2094 3887 2148 ικαστον

2288 2191 2455 2247 αὑτοῦ
2475 2181 2478 2183 Α
2498 2193 2608 2247 τῶν
2656 2193 2835 2265 εργων
2885 2190 3148 2257 ποικίλως
3200 2188 3733 2259 κατεσκευασμένον,
3784 2189 3882 2244 καὶ

2288 2284 2579 2352 πανσόφως
2647 2284 2871 2356 μετέχον
2940 2283 3044 2355 τῆς
3099 2280 3501 2355 δημιουργικῆς
3556 2281 3878 2352 δυνάμεως⁹

2287 2374 2688 2447 ἀφωρισμένως
2744 2377 2802 2430 δὲ
2846 2376 2941 2435 καὶ⁸
2994 2376 3291 2455 ἐξαιρέτως
3323 2377 3373 2429 oi
3418 2377 3557 2430 ὅσιοι
3607 2374 3773 2429 αὑτοῦ
3818 2374 3882 2428 τὸ

2290 2468 2476 2540 μεῖζον
2514 2468 2614 2537 τῆς
2662 2468 3105 2541 ὲξομολογήσεως
3154 2469 3503 2523 ἀποδιδόασι·
3551 2468 3619 2523 δι’
3652 2460 3728 2522 ὧν
3770 2467 3881 2540 γὰρ

2287 2561 2546 2634 φρονοῦσι
2593 2562 2688 2615 καὶ⁸
2723 2561 3043 2633 πράττουσι,
3070 2560 3170 2633 τὴν
3198 2561 3475 2632 βασιλείαν
3513 2559 3681 2616 αὑτοῦ
3729 2561 3882 2634 ἐροῦ-

2289 2672 2395 2719 σιν,
2426 2654 2818 2726 ἐμφανίζοντες
2853 2655 3286 2727 προγευστικῶς,
3319 2654 3397 2720 ὡς
3433 2654 3584 2727 αὐτῷ
3620 2671 3881 2727 στρατευ-

2288 2750 2513 2821 σάμενοι
2544 2745 2704 2813 δόξαν
2733 2743 2874 2802 εἶναι
2907 2748 3007 2819 τῆς
3046 2748 3327 2819 βασιλείας
3355 2746 3521 2803 αὑτοῦ
3541 2765 3555 2779 ο
3582 2747 3881 2820 λαλήσουσι

2285 2841 2345 2896 δὲ
2387 2840 2481 2896 καὶ
2525 2840 2749 2913 συμφυῆ
2787 2840 3108 2896 δυναστείαν
3140 2842 3208 2913 τῇ
3244 2840 3518 2914 βασιλείᾳ,
3565 2841 3642 2907 ὡς
3670 2842 3880 2896 ἕκαστα

2284 2929 2395 2985 τῶν
2418 2930 2733 3001 κτισμάτων
2764 2930 3079 3002 τεταμένως
3115 2928 3266 3001 αὐτῷ
3298 2930 3664 2984 ὑποτέτακται
3682 2948 3696 2961 ο
3726 2931 3881 2996 ὄντες

2288 3021 2662 3095 φιλάνθρωποι
2689 3022 2738 3075 oi
2768 3021 2871 3092 τῆς
2903 3021 3041 3094 πρὸς
3068 3022 3131 3076 σε
3158 3022 3255 3076 καὶ
3286 3022 3439 3092 παρὰ
3464 3021 3560 3075 σοῦ
3599 3022 3879 3093 ὁσιότητος

2291 3111 2767 3185 μεταποιούμενοι,
2807 3112 3059 3183 ἀφθόνως
3095 3106 3170 3168 ὧν
3199 3112 3359 3183 ἔσχον
3388 3112 3612 3182 ἀγαθῶν
3658 3114 3877 3183 μεταδι-

614 3212 767 3255 num.
822 3197 1025 3255 Rerum
1083 3200 1481 3265 tantummodo,
1524 3213 1646 3270 quae
1690 3199 1985 3254 humanam
2017 3198 2187 3254 vitam

2286 3206 2439 3261 δόασι
2488 3208 2602 3269 τοῖς
2644 3205 2756 3259 τῶν
2788 3204 3095 3277 ἀνθρώπων
3138 3205 3273 3269 υἱοῖς
3307 3203 3732 3269 διδασκαλικῶςο
3782 3203 3882 3276 μό-

612 3290 905 3353 excedunt,
934 3290 1198 3361 magister
1238 3300 1406 3361 atque
1436 3299 1753 3346 antecessor
1780 3288 2034 3346 Christus
2065 3297 2188 3355 est;

2284 3315 2392 3352 νων
2420 3296 2531 3369 γὰρ
2562 3296 2671 3351 τῶν
2714 3298 2814 3367 τὴν
2844 3296 3193 3370 ἀνθρωπίνην
3227 3297 3374 3369 ζωὴν
3401 3295 3882 3370 ὑπεραναδεσηκό-

504 5170 509 5173 ⁷
614 5174 706 5224 no.
732 5165 823 5234 qui
852 5163 1029 5220 instar
1051 5164 1166 5235 ejus
1190 5170 1463 5239 sapientes
1491 5182 1635 5231 sunt.

614 3393 739 3435 cum
771 3380 807 3435 ii
837 3382 933 3451 qui
963 3382 1144 3437 adhuc
1171 3381 1265 3437 ﬂlii
1298 3382 1577 3438 hominum
1604 3390 1785 3445 erant,
1830 3381 2077 3451 magistri
2103 3395 2193 3437 es-

2285 3407 2392 3444 των
2433 3388 2755 3453 διδάσκαλος
2796 3388 2890 3443 καὶ
2925 3387 3244 3462 καθηγητὴς
3284 3391 3314 3444 ὁ
3356 3390 3614 3463 Χριστὸς,
3653 3389 3765 3444 τῶν
3796 3390 3880 3443 ἔτι

611 3481 732 3527 sent
758 3469 939 3529 electi
980 3474 1050 3530 ab
1077 3474 1145 3530 iis
1182 3489 1325 3545 quos
1372 3474 1492 3546 ipse
1539 3471 1800 3530 Christus
1846 3476 2184 3529 erudiverat.

2285 3479 2661 3551 τυγχανόντων
2698 3477 2832 3531 υἱῶν
2866 3478 3173 3551 ἀνθρώπων
3202 3479 3541 3535 διδασκάλων
3574 3480 3881 3553 γινομένων

610 3560 813 3620 Paulus
839 3564 1009 3637 igitur
1040 3581 1147 3622 non
1198 3567 1264 3623 ab
1290 3566 1623 3632 hominibus,
1660 3575 1757 3621 aut
1785 3580 1885 3633 per
1911 3565 2187 3631 homines,

2285 3570 2392 3625 ὑπὸ
2417 3570 2531 3625 τῶν
2563 3569 2670 3625 ὑπὸ
2706 3570 2946 3642 Χριστοῦ
2975 3571 3426 3644 πεπαιδευμένων
3444 3590 3458 3604 ·
3502 3572 3719 3637 Παῦλος
3747 3573 3882 3644 γοῦν

611 3654 709 3710 sed
736 3670 767 3709 a
796 3655 1132 3713 revelatione
1160 3657 1288 3713 Jesu
1316 3656 1518 3714 Christi
1553 3667 1780 3729 accepto
1806 3656 2180 3729 Evangelio“,

2285 3667 2316 3721 ό
2347 3664 2422 3737 μὴ
2454 3662 2611 3735 παρὰ
2635 3662 2940 3737 ἀνθρώπων
2956 3663 3022 3734 ,ἢ
3038 3662 3104 3718 δι’
3131 3662 3456 3737 ἀνθρώπων,
3481 3664 3622 3723 ἀλλὰ
3646 3666 3715 3721 δι’
3744 3669 3875 3722 ἀποη

614 3745 779 3815 idque
812 3745 1058 3815 edoctus,
1114 3748 1360 3819 gentium
1410 3747 1603 3805 doctor
1629 3748 1685 3804 in
1715 3747 1822 3803 lide
1868 3762 1934 3803 ac
1962 3748 2189 3803 veritate

2288 3754 2575 3827 καλύψεως
2602 3753 2777 3824 Ἰησοῦ
2799 3752 3037 3826 Χριστοῦ
3061 3753 3396 3827 παραλαϐὼν
3416 3755 3507 3810 καὶ
3525 3756 3799 3829 διδαχθεὶς
3819 3760 3883 3813 τὸ

612 3838 804 3893 evasit.
835 3836 976 3906 Quin
1001 3840 1139 3895 adeo
1174 3837 1440 3900 Servator
1481 3840 1598 3910 ipsc
1644 3838 1795 3895 misit
1818 3839 2090 3909 apostolos
2119 3840 2187 3896 ad

2290 3843 2643 3916 Εὐαγγέλιον,
2665 3844 2986 3910 διδάσκαλος
3008 3844 3179 3901 ἐθνῶν
3203 3848 3262 3900 έν
3283 3847 3465 3901 πίστει
3499 3849 3595 3903 καὶ
3614 3849 3876 3925 ἀληθεία·

612 3930 887 3986 docendas
936 3942 1160 4002 gentes;
1212 3944 1353 4002 quos
1398 3938 1561 3985 antea
1612 3940 1901 3987 monuerat
1929 3944 1999 3987 ne
2023 3946 2185 4002 quem

2290 3934 2482 4006 ἀμέλει
2509 3934 2642 4005 γοῦν
2684 3935 2780 3991 καὶ
2811 3934 2977 3999 αὐτὸς
3008 3937 3037 3991 ὁ
3062 3938 3257 4011 Σωτὴρ
3280 3939 3556 4011 ἐκπέμπει
3587 3941 3714 4006 τοὺς
3751 3943 3885 3998 ἀπο-

613 4021 934 4106 magistrum
989 4022 1045 4077 in
1089 4030 1236 4077 terra
1271 4020 1632 4091 appellarent.
1677 4022 1810 4090 Quae
1850 4036 1980 4094 ergo
2024 4024 2094 4079 ab
2120 4029 2187 4080 eo

2293 4026 2513 4092 στόλους
2541 4028 2635 4082 ἐπὶ
2661 4027 2740 4099 τῷ
2773 4028 3114 4101 μαθητεῦσαι
3138 4031 3317 4085 πάντα
3343 4030 3415 4085 τὰ
3440 4031 3590 4103 ἔθνη,
3613 4034 3881 4107 πρότερον

614 4111 795 4165 sancti
827 4111 1064 4175 discunt,
1097 4112 1212 4167 haec
1241 4111 1368 4167 ﬁliis
1398 4112 1683 4169 hominum
1716 4115 2024 4171 notilicant.

2291 4119 2587 4184 παιδεύσας
2607 4119 2807 4186 αὐτοὺς
2832 4120 2909 4193 μὴ
2931 4120 3121 4176 καλεῖν
3150 4121 3471 4191 διδάσκαλον
3496 4125 3594 4179 ἐπὶ
3617 4126 3721 4200 τῆς
3743 4128 3875 4202 γῆς’

612 4199 651 4255 ἃ
678 4199 855 4255 τοίνυν
876 4219 991 4274 παρ
1031 4203 1195 4258 αὐτοῦ
1230 4204 1587 4275 μανθάνουσιν
1625 4208 1677 4262 oi
1713 4209 1870 4276 δσιοι,
1898 4208 2223 4283 γνωρίζουσι
2242 4212 2355 4276 τοῖς
2388 4211 2496 4265 τῶν
2524 4211 2829 4284 ἀνθρώπων
2856 4214 3012 4279 υἱοῖς.

685 4315 853 4373 Vsas.
890 4318 979 4373 14.
1018 4316 1221 4374 Fidelis
1260 4318 1520 4377 Dominus
1550 4325 1604 4379 in
1625 4327 1955 4382 sermonibus
1978 4332 2111 4383 suis.

2490 4328 2711 4393 Πιστὸς
2738 4328 2955 4398 Κύριος
2981 4330 3053 4385 ἐν
3074 4328 3202 4399 τοῖς
3225 4333 3433 4403 λόγοις
3463 4331 3672 4390 αὐτοῦ.

685 4428 888 4486 Fidelis
933 4430 1097 4496 Deus,
1134 4448 1243 4490 non
1289 4437 1443 4506 quasi
1482 4437 1643 4494 tidem
1687 4440 2044 4511 participans,
2088 4441 2182 4496 sed

2362 4437 2557 4503 Πιστὸς
2592 4438 2650 4492 δὲ
2683 4440 2711 4493 ὁ
2747 4438 2882 4505 Θεὸς
2923 4440 3023 4512 οὐχ
3059 4441 3137 4505 ὡς
3178 4440 3422 4514 μετέχων
3456 4443 3728 4509 πίστεως,
3761 4443 3879 4499 ἀλλ’

614 4522 743 4592 quia
798 4522 904 4578 ﬁde
958 4524 1155 4593 dignus
1200 4526 1425 4583 dicitur.
1477 4530 1682 4586 Cuncta
1708 4532 1853 4587 enim
1878 4548 1998 4602 quae
2023 4533 2182 4598 dicit,

2285 4528 2360 4593 ὠς
2392 4528 2705 4595 ἀξιόπιστος
2740 4531 2985 4605 εἴρηταιο
3017 4532 3198 4587 Mm
3242 4534 3354 4608 γὰρ
3387 4534 3424 4590 δ.
3461 4535 3610 4605 λέγει
3640 4537 3873 4607 γίνεται·

613 4621 773 4680 nunt,
797 4610 952 4681 juxta
979 4614 1112 4671 illud
1146 4634 1159 4671 :
1204 4615 1327 4687 Ipse
1356 4620 1528 4677 dixit:
1558 4619 1751 4677 Nonne
1778 4622 1961 4692 faciet,
1987 4633 2037 4678 et
2078 4640 2183 4678 non

2287 4622 2428 4677 κατὰ
2455 4622 2537 4689 τὸ,
2570 4620 2767 4691 Αὐτὸς
2794 4620 2984 4679 εἶπεν·
3016 4625 3164 4695 οὐχὶ
3199 4628 3441 4694 ποιήσει
3473 4628 3573 4682 καί
3604 4629 3744 4700 οὐχι
3776 4632 3877 4703 έμ-

614 4705 848 4759 ntanebit
884 4705 971 4759 "2
997 4706 1220 4778 Insuper
1262 4710 1433 4767 illud:
1477 4712 1678 4769 Cteluns
1739 4724 1790 4770 et
1833 4725 1974 4769 terra
2006 4726 2183 4770 trans-

2285 4708 2480 4786 μενεῖέ
2500 4716 2653 4787 λέγει
2675 4718 2733 4773 δὲ
2765 4720 2862 4773 καὶ
2892 4720 2973 4773 τό·
3014 4718 3077 4774 ⁸0
3107 4721 3364 4790 οὐρανὸς
3397 4720 3495 4775 καὶ
3528 4722 3567 4791 ἠ
3609 4721 3689 4793 τῆ
3727 4737 3877 4795 παρ-

614 4796 788 4863 ἕίηιιιι,
805 4812 1067 4852 sermones
1094 4811 1270 4855 autem
1297 4802 1394 4857 mei
1417 4820 1520 4858 non
1541 4806 1887 4874 praeteribunt
1902 4806 1970 4861 ⁷⁸.
1999 4805 2185 4861 JuStus

2289 4810 2625 4877 ελεύσεται,
2674 4813 2729 4867 oi
2781 4810 2851 4866 es
2882 4813 3053 4885 λόγοι
3085 4830 3207 4883 μου
3248 4816 3321 4868 οὐ
3367 4815 3455 4885 μὴ
3503 4814 3870 4885 παρέλθωσι.

615 4887 743 4981 item
776 4896 882 4955 est,
922 4899 1189 4960 quatenus
1218 4892 1841 4981 inipertiturécreaturis
1885 4900 1997 4954 suis
2022 4899 2185 4969 justi-

2286 4901 2397 4954 Καὶ
2438 4902 2583 4967 δσ-ιος
2619 4903 2700 4969 δὲ,
2736 4902 2812 4969 ὠς
2866 4906 3144 4976 ὁσιότητος
3184 4906 3503 4977 μεταδιδοὺς
3540 4911 3654 4970 τοῖς
3690 4907 3875 4981 ἔργοις

616 4980 787 5035 tiam:
837 4981 997 5037 sicuti
1036 4983 1203 5039 etiam
1251 4956 1472 5043 sandtus
1506 4960 1560 5043 in
1595 4989 1684 5055 iis,
1715 4990 1805 5059 qui
1836 4956 2183 5046 sanctiiatem

2291 4992 2477 5046 αὑτοῦ·
2513 4956 2707 5067 ὥσπερ
2740 4956 2836 5049 ,ὶᾶι
2869 4956 3109 5065 nega
3123 4956 3247 5063 '10};
3267 4956 3567 5069 $253.;
3580 4956 3876 5071 ἒξ,ξὶξίξί

613 5070 736 5141 ejus
756 5071 1103 5143 participant.
1145 5076 1385 5161 Denique
1426 5080 1692 5150 sapientia
1734 5082 1994 5137 Senator
2017 5092 2103 5138 est
2132 5082 2183 5137 in

2289 5097 2451 5151 τητος
2491 5084 2658 5139 αὐτοῦ
2678 5102 2691 5115 ’
2731 5086 2825 5140 καὶ⁸
2854 5086 3016 5157 σοφία
3041 5086 3191 5141 ἐστὶν
3220 5088 3252 5141 δ
3282 5089 3475 5162 Σωτὴρ
3511 5091 3569 5143 ὲν
3605 5070 3721 5155 τοῖς
3752 5070 3874 5147 κατ’

2290 5174 2451 5229 αὑτὸν
2482 5180 2687 5243 σοφοῖς.

615 5196 706 5224 ιω.
732 5196 823 5234 qui
852 5196 1018 5220 ιιιυιαι
1051 5196 1166 5235 qua
1190 5196 1463 5239 aptemus
1491 5196 1635 5231 sunt.

615 5250 780 5344 Vns.
817 5254 906 5312 15.
945 5256 1026 5312 Τιι
1047 5259 1143 5314 das
1166 5262 1579 5318 escavfillornm
1612 5273 1839 5333 tempore
1862 5274 2179 5334 opportuno.

2290 5196 2451 5229 αυτον
2482 5196 2687 5247 σοφοις.

2394 5269 2478 5322 Σὺ
2514 5270 2694 5338 δίδως
2733 5268 2846 5339 τὴν
2881 5271 3112 5342 τροφὴν
3141 5273 3341 5328 αὐτῶν
3367 5274 3438 5327 ὲν
3470 5274 3761 5344 εὐκαιρίᾳ.

690 5343 781 5399 Ait
802 5347 967 5402 etiam
994 5349 1261 5407 Eusebius
1287 5353 1455 5408 Deum
1484 5370 1592 5409 non
1615 5362 1825 5409 tantum
1852 5370 1976 5411 esse
2001 5354 2185 5426 lapso-

2358 5359 2494 5430 Φησὶ
2541 5362 2598 5414 δὲ
2628 5364 2723 5415 καὶ
2758 5365 2788 5417 ὁ
2813 5362 3069 5428 Εὐσέϐιος
3110 5364 3245 5436 με),
3276 5366 3351 5429 ὡς
3386 5365 3448 5418 ού
3489 5343 3650 5436 μόνον
3686 5367 3874 5439 ἱατρός

620 5447 742 5489 rum
786 5439 1053 5497 medicum
1097 5452 1154 5500 et
1197 5446 1603 5501 confractorum
1642 5456 1979 5515 senatorem,
2004 5453 2099 5505 sed
2130 5458 2187 5505 et

2292 5452 2436 5506 ἐστιν
2465 5456 2493 5508 ό
2523 5454 2655 5519 Θεὸς
2694 5455 2804 5510 τῶν
2833 5457 3224 5523 πεπτωκότων,
3258 5460 3352 5513 καὶ
3386 5458 3733 5531 θεραπευτὴς
3760 5460 3873 5514 τῶν

725 5617 912 5677 “Gal.
945 5640 986 5689 ι,
1030 5624 1083 5679 1.
1156 5624 1364 5682 “Num.
1404 5627 1683 5697 “111,19.
1752 5629 1798 5662 ⁷⁸
1848 5628 1981 5690 Luc.
2031 5647 2151 5699 χιι,
2192 5634 2283 5689 33.

590 5750 1068 5845 LugiiEusebii
1109 5778 1305 5842 nomen
1338 5764 1389 5818 in
1417 5764 1894 5845 _ct_)_dicibus'_quos
1932 5768 2183 5845 adhibui-
2292 5784 2413 5838 qua:
2439 5770 2709 5845 edidimus
2730 5772 3183 5845 l'rgagmentorum.
3212 5773 3325 5831 Hoc
3384 5784 3565 5828 tamen
3606 5774 3726 5830 loco
3768 5792 3844 5830 au

626 5841 745 5882 nius
782 5840 1095 5888 constanter
1147 5837 1199 5888 in
1258 5837 1595 5905 marginibus
1642 5837 1900 5894 scribitur
1949 5842 2187 5895 omnium
2297 5837 2417 5897 ctor
2441 5840 2660 5899 Catenae
2687 5837 2891 5901 codicis
2924 5844 2963 5901 C
2990 5846 3156 5902 etiam
3189 5846 3243 5903 in
3276 5856 3531 5904 contentu
3557 5850 3759 5915 posuit.
3828 5866 3839 5874 ·
