4090 6444
595 434 661 491 67
1293 425 1557 483 EUSEBII
1594 419 2062 482 CESARIENSIS
2101 417 2252 476 OPP.
2297 415 2475 472 PARS
2513 415 2603 471 Ill.
2639 446 2710 457 —
2748 414 3166 475 EXEGETICA.
3779 426 3849 475 $8

591 551 967 607 demonstrans
991 544 1160 602 Deum
1185 558 1293 599 non
1323 547 1558 615 partium
1611 538 1985 598 tantummodo
2011 535 2150 592 orbi:

2265 533 2365 605 τῆς
2395 531 2627 586 καθόλου
2658 532 2945 602 Προνοίας,
2976 532 3307 599 δεικνὺς,ὡς
3333 533 3397 587 οὒ
3429 533 3593 604 μόνον
3628 538 3853 604 κηδεται

591 653 777 693 curam
794 652 1001 709 gerere.
1020 651 1206 692 verum
1234 636 1400 691 etiam
1428 636 1789 690 humanorum
1811 633 2155 701 dogmatum:

590 743 647 787 et
678 731 821 800 quod
845 729 995 786 solus
1023 730 1239 786 noverit
1280 736 1558 783 astrorum
1590 737 1904 785 numerum,
1931 719 2160 791 positio-

592 837 712 888 nes,
741 831 797 878 et
816 836 1035 889 causas,
1061 818 1461 890 magnitudines
1482 831 1704 889 quoque
1742 825 1798 870 et
1829 812 2117 869 distantias
2141 850 2159 877 .

592 913 899 970 virtuteset
938 911 1251 978 enicaciam,
1304 910 1599 983 unicuique
1654 908 1907 965 idoneum
1964 918 2162 959 nomen

596 1005 897 1074 imponens.

743 1093 905 1149 Vna.
930 1093 981 1148 7.
1008 1090 1290 1147 Prceinite
1317 1090 1546 1146 Domino
1587 1089 1644 1144 in
1668 1088 2018 1157 confessione.

667 1183 1046 1258 Symmachus,
1080 1181 1355 1239 Recensue
1394 1181 1507 1239 Deo
1540 1180 1942 1251 confessionem.
1987 1177 2163 1232 cunila

596 1276 704 1334 Deo
720 1288 898 1333 nostro
927 1293 1045 1331 curn
1070 1278 1209 1348 lyra.
1245 1275 1435 1347 Aquila
1466 1292 1481 1329 :
1506 1273 1779 1328 Recensete
1795 1272 2022 1327 Domino
2041 1285 2161 1324 citat

591 1372 883 1440 gratiarum
920 1369 1148 1434 actione,
1189 1370 1358 1421 sonits
1393 1364 1504 1420 Deo
1538 1374 1724 1418 nostro
1777 1378 1898 1417 cunt
1925 1360 2156 1416 cithara.

591 1461 693 1529 Qui
746 1460 871 1516 aliis
923 1458 1319 1515 confessionem
1354 1465 1409 1512 et
1450 1456 1716 1527 psalmum
1746 1455 2041 1523 imperant,
2077 1452 2161 1508 di-

590 1554 735 1608 versi
753 1550 873 1608 sine
899 1551 1062 1606 dubio
1084 1555 1212 1605 sunt
1234 1548 1303 1603 ah
1325 1548 1394 1605 iis
1428 1545 1628 1618 quibus
1670 1546 1989 1616 imperatur.
2017 1542 2161 1611 Ergo

591 1646 789 1701 chorus
817 1641 1161 1713 propheticus
1183 1650 1239 1696 et
1266 1638 1595 1709 apostolicus
1621 1636 1689 1692 ad
1710 1637 1961 1693 eumdem
1990 1633 2157 1688 Deum

589 1749 706 1797 eos,
734 1735 825 1804 qui
856 1733 921 1788 de
948 1746 1174 1787 numero
1214 1746 1322 1786 non
1356 1738 1534 1791 erant.
1581 1737 1757 1791 vocat,
1799 1726 2051 1780 ethnicos
2082 1723 2161 1779 ni-

2260 622 2370 674 τῶν
2406 620 2503 675 τοῦ
2536 622 2745 693 κόσμου
2776 622 2981 695 μερῶν,
3032 621 3172 677 ἀλλά
3198 624 3304 701 »καὶ
3344 624 3454 678 τῶν
3487 623 3853 697 ἀνθρωπίνων

2259 713 2579 784 δογμάτωνο
2616 714 2710 768 καὶ
2745 715 2905 785 μόνος
2928 714 3164 786 ἀριθμὸν
3206 716 3427 789 ἄστρων
3466 713 3598 777 οἶδε,
3630 717 3727 770 καὶ
3759 716 3852 770 θέ-

2262 822 2396 869 σεις,
2442 804 2539 859 καὶ
2586 805 2687 870 τάς
2732 806 2933 871 αίτίας,
2984 805 3189 879 μεγέθη
3232 824 3293 862 τε
3326 808 3421 863 καὶ
3462 809 3851 880 ἀποστήματα,

2259 896 2519 968 δυνάμεις
2549 914 2609 951 τε
2643 898 2739 952 καὶ
2768 898 3072 971 ἐνεργείας,
3096 899 3313 970 ἑκάστῳ
3340 902 3652 974 πρόσφορον
3678 901 3852 973 ὄνομα

2260 988 2493 1061 τίθησιν.

2428 1079 2749 1149 Ὲξὰρξατε
2787 1078 2869 1147 τῷ
2896 1081 3092 1151 Κυρίῳ
3122 1081 3193 1136 ἐν
3220 1080 3677 1155 ἐξομολογησει.

2342 1171 2401 1226 Ὀ
2432 1170 2750 1243 Σύμμαχος,
2781 1172 3165 1239 Καταλέξατε
3193 1172 3275 1240 τῷ
3317 1176 3517 1245 Κυρίῳ
3559 1176 3853 1248 ἐξομολό-

2259 1280 2462 1334 γησιν,
2507 1263 2902 1334 μελῳδήσας
2952 1263 3035 1331 τῷ
3095 1263 3219 1332 Θεῷ
3262 1265 3436 1337 ἡμῶν
3480 1266 3581 1323 διὰ
3632 1270 3845 1339 λύρας.

2272 1354 2524 1420 ’Δκύλας,
2558 1355 2938 1421 Καταιέξατε
2980 1354 3063 1423 τῷ
3104 1359 3303 1427 Κυρίῳ
3353 1358 3427 1413 ἐν
3473 1361 3848 1431 εὐχαριστίᾳ,

2253 1445 2647 1516 μελῳδήσατε
2672 1445 2754 1513 τῷ
2781 1446 2903 1513 Θεῷ
2933 1446 3104 1517 ἡμῶν
3124 1447 3196 1502 ιν
3219 1447 3453 1517 κιθάρᾳ.
3482 1450 3548 1504 οι
3571 1451 3851 1524 προστάτ-

2258 1555 2441 1602 τοντες
2470 1538 2679 1611 ἑτάροις
2710 1537 3149 1608 ἐξομολογεῖσθαι
3180 1540 3276 1595 καὶ
3306 1539 3552 1611 ψάλλειν,
3580 1542 3758 1615 [tepet
3782 1543 3851 1601 ἂν

2258 1626 2368 1685 εἷεν
2406 1630 2516 1685 τῶν
2560 1630 3063 1704 προσταττομένων·
3100 1631 3262 1703 χορὸς
3288 1631 3469 1685 τοίνυν
3508 1634 3851 1706 προφητικδς

2257 1722 2347 1777 διὰ
2378 1723 2583 1778 τούτων
2614 1723 2709 1778 καὶ
2732 1721 3092 1785 άποστολικδς
3123 1723 3218 1776 ἐπὶ
3244 1723 3337 1779 τὸν
3372 1723 3536 1780 αὐτὸν
3560 1725 3695 1780 Θεὸν
3718 1726 3852 1793 τοὺς

591 1826 809 1889 mirum,
843 1826 1030 1880 dicens
1061 1842 1076 1878 :
1113 1821 1336 1878 Psallite
1376 1821 1486 1876 Deo
1512 1832 1714 1875 nostro.
1743 1816 1943 1873 Jubeut
1972 1828 2150 1872 autem

2262 1817 2337 1891 μὴ
2367 1818 2530 1883 ὄντας
2552 1816 2613 1883 ἐξ
2638 1815 2817 1871 αὐτῶν
2843 1813 3214 1880 ἀνακαλεῖται,
3250 1817 3379 1877 τοὺς
3403 1815 3513 1871 ἀπὸ
3534 1818 3647 1872 τῶν
3674 1818 3851 1872 ἐθνῶν

590 1878 1127 1978 δωεῄνετδοξιοεηιο
1158 1915 1380 1985 quidem
1409 1922 1466 1969 et
1494 1910 1914 1981 cogitationibus
1961 1910 2150 1963 anima

2555 1878 2823 1979 λέγοντες·
2865 1909 3103 1966 hilare
3147 1878 3229 1974 τῷ
3276 1907 3399 1975 Θεῷ
3434 1908 3625 1979 ἡμῶν.
3668 1910 3849 1984 Προσ-

587 2008 861 2070 conﬁteri.
890 2006 1138 2079 corporis
1165 2015 1345 2061 autem
1374 2004 1653 2077 operibus.
1682 2001 1850 2057 veluti
1891 2001 2045 2072 pulsa
2076 1998 2158 2056 ci-

589 2097 771 2163 thara,
823 2099 926 2169 ipsi
976 2097 1237 2169 psallere.
1267 2096 1334 2151 Et
1378 2095 1592 2166 quidem
1624 2108 1776 2150 more
1811 2107 1911 2149 suo
1960 2106 2161 2161 corpus

591 2188 829 2259 psalterii
863 2189 1194 2258 citharaeque
1215 2187 1436 2243 nomine
1468 2185 1753 2241 Psalmista
1780 2184 2029 2249 denotat,
2059 2198 2160 2239 ceu

590 2280 856 2336 concinne
879 2291 937 2336 et
957 2280 1203 2351 sapiente
1235 2294 1362 2336 cum
1390 2278 1675 2333 harmonia
1703 2286 2071 2346 compactum.
2100 2275 2160 2331 ln

589 2371 695 2427 hnc
728 2372 873 2427 enim
905 2386 1059 2427 mens
1103 2371 1320 2426 virtutis
1344 2368 1603 2440 operibus
1640 2384 1866 2438 canens,
1917 2370 2158 2426 divinam

587 2461 1000 2534 apiritalemque
1029 2462 1143 2521 Deo
1179 2462 1359 2519 reddit
1398 2460 1708 2517 melodiam.

769 2745 931 2801 Vens.
972 2747 1025 2803 9.
1060 2742 1163 2810 Qui
1187 2745 1279 2798 dat
1313 2759 1485 2798 escam
1516 2742 1675 2812 pullis
1697 2757 1972 2796 corvorum

1093 2815 1453 2869 invocantibus
1491 2830 1634 2867 sunt.

657 2904 875 2961 Tradita
904 2903 1062 2959 nobis
1094 2912 1178 2958 est
1216 2901 1442 2973 physica
1471 2900 1714 2970 quadam
1746 2899 2026 2967 doctrina,
2054 2912 2155 2955 ceu

585 2996 631 3052 si
658 2995 785 3065 pulli
829 3009 1119 3050 corvorum
1153 3006 1185 3047 a
1236 2995 1353 3048 suis
1382 2991 1722 3064 parentibus.
1756 3005 1863 3045 non
1891 3004 2047 3060 atque
2090 3005 2156 3045 ac

585 3086 727 3142 alius
748 3086 959 3157 generis
998 3085 1178 3139 avium
1221 3084 1373 3153 pulli,
1427 3082 1664 3137 alantur.
1694 3080 1902 3138 Revera
1935 3083 2155 3137 destitui

585 3179 839 3235 dicuntur
889 3194 920 3232 a
971 3177 1306 3249 genitoribus
1354 3176 1467 3231 suis
1523 3190 1811 3232 corvorum
1852 3174 2007 3244 pulli,
2056 3173 2153 3229 sed

588 3279 773 3325 tamen
798 3268 958 3324 aliter
982 3268 1049 3321 ali
1080 3265 1401 3321 mirabiliter
1428 3281 1456 3318 a
1490 3265 1582 3320 Dei
1606 3264 1869 3335 potentia.
1918 3261 2056 3319 Nam
2097 3274 2154 3318 et

584 3371 873 3431 antequam
921 3360 1124 3430 proprii
1182 3367 1437 3429 parentes
1496 3355 1781 3421 accedant,
1848 3353 2002 3410 hiare
2052 3369 2151 3411 ore

581 3453 858 3518 dicuntur,
911 3466 1051 3506 esca:
1088 3450 1455 3515 necessitate;
1502 3457 1580 3513 et,
1610 3457 1669 3503 ut
1698 3448 1877 3503 solent
1927 3447 2001 3503 illi
2051 3447 2149 3517 qui

586 3545 754 3601 Deum
812 3544 1103 3608 invocant,
1138 3542 1366 3597 naturali
1414 3540 1644 3611 quodam
1675 3540 1935 3596 instinctu
1966 3540 2144 3595 cibqu

582 3646 768 3708 petere
790 3637 859 3690 ab
886 3649 950 3689 eo
976 3636 1065 3704 qui
1096 3644 1347 3688 naturam
1374 3632 1615 3687 donavit.
1637 3631 1813 3701 Atque
1842 3632 1915 3685 ita
1944 3629 2148 3687 deferri

584 3731 652 3783 ad
688 3743 784 3781 eos
815 3742 911 3796 per
940 3742 1119 3781 aerem
1154 3740 1335 3782 escam
1362 3725 1626 3794 aliquam,
1662 3737 1796 3779 aura
1826 3724 2056 3794 quadam
2094 3726 2145 3778 in

578 3836 641 3878 os
670 3820 928 3876 delatam.

1041 4016 1365 4074 PSALMUS
1393 4013 1653 4072 CXLVII.

745 4109 908 4165 Vsus.
947 4107 1001 4163 8.
1027 4108 1359 4164 Annuntiuns
1382 4110 1589 4164 uerbum
1619 4123 1774 4162 suum
1794 4106 1985 4163 Iacob.

648 4202 740 4257 Ait
775 4201 1057 4256 Eusebius.
1097 4203 1367 4256 Accurate
1400 4200 1689 4256 admodum
1745 4200 1959 4255 videtur
2010 4199 2144 4253 mihi

579 4296 683 4352 hoc
713 4294 1028 4350 vocabulum
1060 4292 1261 4362 aliquid
1298 4294 1517 4358 docere,
1578 4306 1771 4362 nempe
1819 4294 2143 4347 annuntians

577 4403 865 4442 sermonem
902 4402 1057 4440 suum
1085 4384 1308 4440 Iacobo.
1342 4382 1456 4438 Non
1486 4384 1633 4439 enim
1662 4385 1799 4439 dixit
1823 4386 2031 4439 mittens
2060 4384 2143 4440 vel

573 4480 664 4551 qui
689 4482 849 4534 misit.
886 4478 1045 4533 Aliud
1071 4492 1200 4534 vero
1230 4487 1314 4532 est
1335 4478 1688 4541 annuntiare,
1732 4474 1878 4531 aliud
1926 4477 2144 4531 mittere

2258 2003 2443 2057 τάττει
2482 2003 2540 2057 δὲ
2591 2004 2620 2056 ό
2662 2000 2819 2072 λόγος
2843 2001 3053 2073 διανοίᾳ
3087 2000 3189 2073 μὲν
3229 2002 3326 2055 κα)⁸
3359 2001 3644 2073 λογισμοῖς
3666 2002 3849 2076 ψυχῆς

2260 2092 2726 2164 ἑξομολογεῖσθαι,
2782 2093 2966 2165 ἔργοις
3009 2092 3069 2148 δὲ
3123 2094 3239 2158 τοῖς
3297 2092 3391 2147 διά
3434 2093 3532 2149 τοῦ
3590 2092 3850 2166 σώματος

2258 2181 2446 2255 ὥσπερ
2506 2183 2596 2239 διὰ
2652 2182 2881 2255 κιθάρας
2932 2182 3333 2255 ἐνεργουμένης
3384 2183 3611 2255 ψάλλειν
3668 2185 3845 2257 αὐτῷ’

2261 2273 2504 2346 συνήθως
2529 2276 2588 2330 δὲ
2618 2276 2679 2328 τὺ
2710 2275 2873 2348 σῶμα
2910 2276 3209 2349 ψαλτήριον
3242 2277 3339 2331 καὶ⁵
3366 2277 3602 2351 κιθάραν
3625 2278 3849 2351 ὠνόμα-

2260 2385 2373 2431 σεν,
2405 2368 2502 2423 άτε
2528 2367 2817 2440 εὐρύθμως
2848 2370 2945 2423 καὶ
2977 2370 3098 2442 μεθ’
3117 2368 3383 2442 ἁρμονίας
3412 2370 3586 2443 σοφῆς
3624 2371 3848 2442 συγκεί-

2262 2479 2420 2533 μενον
2437 2479 2452 2494 ·
2498 2465 2556 2517 ἑν
2599 2462 2772 2533 τούτῳ
2797 2463 2909 2535 γὰρ
2946 2466 2975 2518 ό
2999 2464 3125 2528 νοῦς
3152 2464 3590 2539 ἀνακρουόμενος
3614 2466 3705 2522 διά
3735 2467 3849 2523 τῶν

2257 2557 2377 2610 κατ’
2411 2555 2615 2627 ἀρετὴν
2658 2553 2912 2628 πράξεων
2952 2556 3054 2629 τὴν
3101 2558 3285 2613 ἔνθεον
3322 2560 3417 2614 καὶ
3463 2560 3848 2634 πνευματικὴν

2260 2647 2528 2720 μελῳδίαν
2560 2648 2875 2720 ἀναπέμπει
2908 2648 2985 2721 τῷ
3010 2649 3129 2722 Θεῷ
3162 2650 3306 2723 (27).

2254 2738 2487 2795 Διδόντι
2520 2739 2885 2816 τροφῂνᾳκαί
2913 2743 3038 2809 τοῖς
3083 2747 3368 2816 κεοσσοῗς
3402 2743 3523 2799 τῶν
3561 2744 3848 2816 κοράκων⁵

2600 2810 2723 2877 τοῖς
2752 2810 3251 2884 ἐπικαλουμένοις
3277 2810 3486 2871 αὐτόν.

2326 2896 2500 2955 Ἦλθε
2534 2900 2593 2956 δέ
2618 2918 2704 2966 τις
2735 2904 2814 2966 είς
2838 2904 2988 2975 ἡμᾶς
3035 2903 3262 2973 φυσικὸς
3285 2903 3464 2975 λόγος,
3492 2906 3572 2972 ὡς
3607 2907 3686 2980 μὴ
3717 2924 3848 2980 τρε-

2256 2992 2507 3063 φομένων
2528 2994 2757 3049 νωπῶν
2771 2994 2882 3049 τῶν
2904 2996 3156 3068 κοράκων
3174 2997 3280 3051 om
3302 2998 3413 3054 τῶν
3432 2999 3843 3071 γεννησάντων,

2254 3084 2456 3156 ὁμοίως
2486 3088 2599 3149 τοῖς
2627 3084 2734 3139 τῶν
2761 3086 2938 3141 άλλων
2975 3084 3179 3159 ὀρνέων
3222 3092 3479 3155 νεοττοτςο
3515 3089 3849 3146 καταλείπε-

2257 3173 2382 3227 σθαι
2413 3174 2512 3244 μὲν
2542 3174 2653 3247 γάρ
2689 3174 2797 3228 τῶν
2833 3177 3087 3247 κοράκων
3116 3177 3251 3248 φασὶ
3289 3180 3417 3244 τοὺς
3443 3180 3698 3245 νεοττοὺς
3739 3179 3847 3234 ὑπὸ

2258 3264 2365 3318 τῶν
2388 3265 2813 3336 γεγεννηκότων,
2838 3267 3131 3339 τρέφεσθαι
3167 3269 3225 3324 δὲ
3247 3268 3395 3343 άλλῳ
3431 3272 3723 3346 παραδόξῳ
3747 3272 3846 3328 τοῦ

2258 3356 2395 3411 Θεοῦ
2441 3358 2704 3431 δυνάμει·
2758 3360 2955 3430 μηκέτι
3018 3363 3126 3435 γάρ
3185 3363 3373 3430 αὐτοῖς
3427 3364 3845 3437 πλησιαζόντων

2256 3450 2681 3522 γεγεννηκότων,
2730 3452 3020 3524 κεχηνέναι
3062 3454 3123 3508 τὸ
3164 3454 3337 3526 στόμα
3384 3456 3594 3529 τροφῆς
3637 3448 3843 3530 ἐνδείᾳ,

2256 3542 2351 3638 καὶ
2387 3540 2622 3638 ἑοικέναι
2660 3541 3108 3614 ἐπικαλουμένοις
3146 3545 3238 3599 τὸν
3285 3545 3443 3638 Bson,
3491 3552 3697 3622 φυσικῇ
3734 3566 3843 3606 τινι

2256 3633 2505 3706 ἐνεργείᾳ
2537 3634 2637 3705 τὴν
2660 3635 2865 3707 τροφὴν
2894 3634 3177 3702 αἰτοῦντας
3204 3633 3476 3711 παράτοῦ
3506 3638 3721 3699 τὸεῖναι
3742 3647 3844 3700 a6-

2253 3727 2366 3789 τοῖς
2396 3726 2768 3798 δεδωρημένου
2786 3743 2800 3757 ·
2829 3726 2973 3781 οὓτω
3000 3728 3059 3795 δὲ
3090 3730 3352 3802 φέρεσθαι
3394 3734 3584 3799 αὐτοῖς
3615 3753 3737 3791 τινα
3780 3736 3843 3804 ἐξ

2254 3817 2415 3889 ἀέρος
2455 3819 2662 3890 τροφὴν
2694 3817 2839 3873 κατὰ
2874 3818 2969 3874 τοῦ
3016 3824 3285 3894 στόματος
3327 3825 3436 3880 ὑπό
3477 3844 3624 3894 τινος
3660 3828 3842 3903 αὔρας

2257 3930 2316 3963 ςυ
2324 3910 2492 3964 νωθου
2499 3910 2689 3983 μένην.

2798 4026 3088 4082 ΨΔΛΜΟΣ
3122 4031 3301 4085 PMZ'.

2335 4118 2397 4171 '0
2424 4116 2824 4189 ἀπαγγέλλω
2850 4120 2957 4174 τὸν
2991 4122 3178 4190 λόγον
3199 4123 3391 4179 αὐτοῦ
3422 4122 3503 4191 τῷ
3546 4126 3765 4183 Ἰακώϐ.

2319 4210 2456 4281 Φησὶ
2476 4210 2533 4264 δὲ
2563 4210 2659 4264 καὶ
2679 4208 2707 4261 ό
2735 4210 2993 4275 Εὐσέϐιος
3023 4213 3157 4285 (28).
3178 4215 3392 4288 Σφόδρα
3416 4217 3473 4270 δὲ
3508 4218 3838 4293 ἀπηκριϐω-

2254 4302 2428 4373 μένως
2456 4318 2548 4374 μοι
2574 4302 2773 4374 δοκείὴ
2807 4304 3053 4376 παροῦσα
3079 4305 3223 4371 λέξις
3239 4307 3536 4378 διδάσκειν,
3572 4310 3628 4364 '0
3652 4312 3842 4384 ἀπατ-

2249 4393 2483 4464 τέλλων
2508 4393 2615 4447 τὸν
2638 4394 2824 4463 λόγον
2864 4397 3050 4451 αὐτοῦ
3076 4397 3155 4463 τῷ
3195 4398 3418 4455 Ἰακώϐ·
3450 4402 3512 4455 οὐ
3538 4403 3649 4476 γάρ
3684 4406 3841 4478 είρη-

2247 4500 2365 4549 κεν,
2410 4486 2445 4538 δ
2492 4484 2909 4551 ἀποστέλλω,
2945 4488 2978 4559 ἢ
3026 4491 3058 4542 ό
3103 4490 3498 4559 ἀποστείλας.
3544 4494 3709 4549 Ἄλλο
3740 4496 3839 4570 δή·

576 4574 659 4630 vel
688 4573 845 4628 mitti.
888 4571 1047 4627 Prius
1079 4572 1226 4627 enim
1262 4569 1540 4641 portendit
1568 4570 1714 4638 quod
1748 4568 1987 4623 futurum
2021 4577 2140 4634 est,

2254 4592 2354 4629 που
2376 4575 2526 4630 ἐστὶν
2551 4578 2905 4647 ἀπαγγείλαι,
2935 4580 3029 4633 καὶ
3052 4581 3180 4636 άλλο
3210 4583 3271 4636 τὸ
3298 4584 3617 4640 ἀποστεῖλαι
3647 4586 3683 4659 ἢ
3707 4568 3842 4643 sub.

574 4673 630 4721 et
659 4663 938 4732 praedicit;
990 4661 1218 4718 alterum
1251 4675 1382 4716 vero
1439 4675 1552 4715 rem
1588 4669 1905 4729 prementem
1940 4659 2135 4731 signifi-

575 4764 682 4819 cat,
706 4756 757 4810 id
784 4763 889 4822 est,
919 4768 1078 4823 quem
1114 4753 1229 4825 ipse
1257 4753 1405 4809 misit
1427 4754 1493 4807 ad
1524 4752 1952 4822 praedicandum.
1982 4752 2057 4805 Ita
2086 4760 2145 4805 ut

575 4844 911 4900 annuntiatio
935 4843 1151 4914 quidem
1188 4853 1245 4899 et
1296 4842 1573 4914 praedictio
1602 4840 1793 4907 futuri,
1837 4844 1928 4896 uni
1956 4841 2141 4898 lsraeli

574 4935 717 4992 facta
767 4936 958 5003 fuerit;
1000 4936 1189 4991 missio
1247 4948 1428 4990 autem
1489 4951 1594 4990 non
1628 4935 1757 4989 huic
1797 4934 1913 4997 uni,
1950 4949 2140 4989 verum

570 5030 734 5083 etiam
771 5030 982 5083 cunctis
1004 5029 1126 5083 aliis
1146 5028 1422 5098 gentibus.
1462 5023 1841 5081 Sed-fortasse
1862 5025 2011 5081 dicet
2038 5026 2141 5081 aii-

571 5122 693 5189 quis
721 5138 735 5175 :
771 5120 831 5174 Si
857 5121 1066 5176 caeteris
1099 5120 1409 5176 hominibus
1438 5119 1823 5174 revelationem
1845 5135 1953 5175 non
1990 5120 2137 5189 fecit,

572 5215 840 5283 quomodo
878 5228 971 5269 eos
1002 5217 1176 5285 punit,
1205 5226 1399 5283 nempe
1430 5213 1594 5267 etiam
1627 5211 1749 5266 illos
1778 5212 1867 5282 qui
1905 5221 2035 5266 ante
2062 5212 2141 5267 le-

571 5317 693 5373 gem
727 5303 999 5368 vixerunt,
1034 5314 1087 5360 et
1134 5314 1245 5359 toto
1290 5304 1428 5358 orbe
1465 5310 1787 5372 peccatores
1816 5300 2011 5356 i‘uerei
2050 5300 2139 5357 Di-

571 5394 746 5450 cimus
771 5409 902 5465 ergo
932 5394 1033 5450 hos
1064 5395 1281 5465 quidem
1304 5394 1541 5465 iudicari
1572 5408 1601 5447 a
1636 5393 1747 5447 Deo
1785 5407 1849 5447 es
1868 5394 1993 5463 jure
2048 5410 2139 5448 na-

575 5484 759 5550 turali,
786 5484 929 5555 quod
962 5485 1119 5540 nobis
1172 5485 1441 5550 inharet;
1487 5481 1756 5537 lsraelitas
1799 5492 1979 5536 autem
2024 5490 2137 5537 tum

568 5576 690 5647 iure
720 5575 976 5643 naturali,
1000 5587 1112 5633 tum
1130 5581 1293 5633 etiam
1314 5576 1545 5646 scripto,
1577 5573 1652 5629 ita
1681 5584 1740 5629 ut
1772 5574 1946 5644 majus
1970 5574 2141 5632 bene-

2242 4667 2589 4721 στέλλεσθαιο
2646 4669 2707 4723 τὸ
2750 4671 2848 4741 μὲν
2891 4671 3001 4743 γάρ
3043 4674 3349 4745 προμηνύει
3398 4676 3462 4730 τὸ
3504 4676 3699 4748 μέλλον
3741 4682 3840 4736 καὶ
3950 4716 3957 4727 .

2242 4760 2515 4831 προλέγειν
2564 4762 2626 4815 τὸ
2662 4761 2719 4815 δὲ
2758 4764 3062 4833 παρουσίαν
3107 4767 3384 4837 σημαίνει,
3437 4770 3532 4823 καὶ
3563 4770 3660 4825 τὸν
3698 4773 3839 4828 ἀπο-

2244 4850 2507 4906 σταλέντα
2544 4853 2610 4906 δι’
2642 4853 2837 4907 ἑαυτοῦ
2866 4856 3157 4927 κηρύττειν
3176 4876 3188 4889 ·
3221 4858 3363 4913 ὥστε
3402 4860 3500 4933 τὴν
3529 4862 3628 4933 μὲν
3653 4866 3838 4935 άπαγ-

2242 4940 2427 5009 γελίαν
2460 4944 2554 4997 καὶ
2578 4944 2677 5016 τὴν
2706 4947 3012 5018 πρόρρησιν
3037 4948 3131 5002 τοῦ
3164 4950 3472 5020 μέλλοντος,
3497 4955 3837 5026 γεγενῆσθαι

2248 5032 2399 5103 παρὰ
2448 5035 2595 5106 μόνῳ
2625 5035 2704 5106 τῷ
2752 5036 2988 5109 Ἰσραὴλ,
3035 5039 3131 5111 τὴν
3163 5040 3218 5093 δὲ
3266 5042 3573 5116 ἀποστολὴν
3619 5047 3725 5102 οὐκ
3768 5048 3837 5103 άν

2246 5123 2436 5196 ἐκείνῳ
2472 5127 2637 5198 μόνῳ,
2685 5127 2823 5182 ἀλλὰ,
2868 5131 2964 5183 καὶ
3010 5133 3143 5186 πᾶσι
3189 5136 3302 5199 τοίς
3348 5134 3555 5200 λοιποῖς
3595 5136 3831 5195 ἔθνεσιν.

2257 5208 2393 5261 Ἀλλ’
2428 5212 2557 5276 ἴσως
2582 5212 2725 5268 εἴποι
2758 5233 2841 5279 τις
2865 5216 2951 5269 άν-
2980 5218 3087 5271 Καὶ
3116 5220 3190 5291 μὴ
3211 5221 3461 5293 δηλώσας
3486 5229 3601 5291 τοῖς
3622 5228 3834 5297 λοιποῖς

2242 5300 2570 5373 ἀνθρώποις,
2614 5306 2731 5370 πῶς
2763 5310 2958 5374 αὐτοὺς
2997 5311 3233 5378 κολάζει,
3280 5319 3376 5369 καὶ
3413 5319 3544 5384 τοὺς
3582 5322 3694 5393 πρὸ
3737 5323 3831 5377 τοῦ

2243 5394 2409 5464 νόμου
2438 5398 2535 5451 καὶ
2570 5399 2695 5463 τοὺς
2724 5402 3038 5473 ἁπανταχοῦ
3078 5404 3181 5475 τῆς
3220 5409 3549 5481 οἰκουμένης
3574 5414 3833 5488 ἁμαρτά-

2245 5502 2473 5582 νονταςς
2504 5490 2614 5542 Καὶ
2649 5492 2846 5562 φαμέν·
2874 5496 3109 5562 Τούτους
3134 5500 3233 5570 μὲν
3270 5502 3448 5575 κρίνει
3476 5505 3587 5560 ἀπὸ
3610 5508 3707 5563 τοῦ
3737 5529 3833 5582 φυ-

2249 5579 2402 5632 σικοῦ
2446 5581 2610 5652 νόμου
2647 5584 2743 5638 καὶ
2786 5586 2880 5640 τοῦ
2916 5590 2974 5642 ὲν
3013 5591 3166 5662 ἡμῖν,
3208 5594 3336 5659 τοὺς
3374 5594 3433 5651 δὲ
3484 5579 3831 5673 Ἰσραηλίτας

641 5804 753 5887 (9:7)
780 5804 984 5887 gonier
1017 5820 1213 5887 rursus
1232 5804 1358 5887 hac_
1390 5818 1551 5887 super
1590 5817 1650 5859 re
1692 5800 2129 5887 Nicete‘ewdilum
2170 5819 2200 5861 a
2228 5808 2382 5865 nobis
2399 5811 2683 5885 prologum
2719 5813 2939 5875 Catenae
2977 5818 3197 5880 Patrum
3223 5822 3279 5882 in
3307 5824 3574 5887 Psalmos.

640 5873 752 5943 (τε)
779 5876 972 5935 liecoie
1002 5880 1252 5934 adnotata
1293 5876 1358 5931 ad
1396 5876 1660 5945 psalmum
1695 5888 1875 5939 csuv,
1904 5873 1990 5929 i5.
