4090 6424
173 445 239 499 7‘!
1135 437 1646 496 COMMENTARIA
1688 438 1752 492 IN

1891 439 2057 498 rlAM.
2101 473 2166 482 —
2201 437 2608 495 ΡΒᾸΞΓΑΤΙΟ.
3430 444 3498 494 τε

178 572 376 630 ricam.
409 576 470 623 et
518 567 771 636 gladium
811 565 1052 636 spiritus.
1114 564 1251 619 Sunt
1283 574 1464 619 autem
1499 565 1786 619 daemonio-

1900 565 1999 635 τὴν
2055 565 2490 637 περικεφαλαίαν
2522 564 2621 618 καὶ
2673 562 2899 634 Θώρακα
2955 564 3047 616 καὶ
3092 563 3189 634 τὴν
3224 561 3501 635 μάχαιραν

177 673 294 712 rum
323 658 560 723 domus,
598 656 970 714 maleﬁcorum
1000 657 1281 712 hominum
1316 655 1790 725 congregationes,

175 767 314 822 quas
360 752 542 807 etiam
603 751 834 821 implere
890 749 1092 806 vellent
1136 749 1366 819 spoliis,
1412 749 1466 802 id
1505 757 1592 803 est
1637 749 1796 802 bouis

179 861 297 916 qua
313 844 495 912 fustis
527 845 802 914 eripiunt.
840 844 1002 913 Atqui
1038 840 1316 912 quomodo
1346 839 1518 908 spolia
1551 838 1796 909 appellas

179 953 261 1002 ea,
293 951 420 1005 qua!
458 937 618 990 haud
647 937 772 992 belli
797 935 923 1006 jure
951 933 1169 1004 cepisti,
1212 933 1309 988 sed
1351 932 1464 988 sola
1503 931 1794 1001 iniquitate

182 1029 321 1083 male
361 1028 463 1082 tibi
502 1037 673 1098 parta
703 1027 864 1082 sunt?

248 1121 300 1175 8.
329 1119 400 1174 Et
427 1130 691 1191 torquem
717 1136 930 1174 aureum
963 1120 1102 1172 circa
1129 1116 1326 1171 collum
1350 1125 1515 1170 suum.
1549 1113 1789 1168 Eusebii.

179 1210 348 1267 Sicuti
387 1225 566 1281 caput
597 1223 659 1266 et
699 1211 892 1266 collum
925 1211 1183 1266 denotant
1211 1218 1472 1273 mentem.
1514 1209 1585 1261 ita
1623 1206 1790 1266 etiam

175 1306 387 1376 torquis
426 1315 489 1361 et
537 1319 754 1360 corona
789 1305 1086 1359 scientiam.

1895 658 1990 712 τοῦ
2039 659 2378 729 πνεύματος·
2433 653 2571 711 οἴκοι
2621 655 2676 710 δὲ
2716 655 2896 710 αὐτῶν
2934 655 3125 709 αἰτῶν
3173 655 3499 728 κακούργων

1897 753 2208 824 ἐκκλησίαι,
2246 751 2310 816 ἃς
2340 752 2434 806 καὶ
2463 750 2740 822 ἐμπλῆσαι
2767 749 3064 820 βούλωνται
3101 748 3333 815 σκύλων,
3376 750 3496 821 ἦτοι

1898 849 2130 920 καρπῶν
2173 840 2250 901 ὧν
2279 849 2342 902 ἐκ
2372 846 2480 899 τῶν
2507 845 2731 899 δικαίων
2760 844 3100 916 ἁρπάζουσι·
3151 841 3269 906 πῶς
3314 841 3372 895 δὲ
3402 843 3496 896 καὶ

1899 939 2073 994 σκῦλα
2102 939 2528 1010 προσαγορεύεις
2554 937 2625 991 τὰ
2656 937 2730 1008 μὴ
2761 936 2998 1007 πολέμου
3027 935 3176 1006 νόμῳ
3198 933 3494 1005 ληφθέντα,

1896 1035 2012 1089 ἀλλ’
2029 1037 2091 1088 ἐκ
2117 1031 2330 1104 γυμνῆς
2349 1031 2451 1100 τῆς
2480 1031 2693 1092 ἀδικίας
2720 1029 2905 1092 κακῶς
2941 1045 3022 1080 σοι
3058 1026 3491 1098 περιγενόμενας

1968 1136 2038 1201 η’.
2070 1126 2183 1182 Καὶ
2215 1123 2426 1180 κλοιὸν
2462 1124 2728 1192 χρύσεον
2755 1121 2889 1189 περὶ
2927 1118 3008 1185 τῷ
3045 1119 3350 1188 τραχήλῳ.
3386 1118 3494 1172 Εὗ-

1897 1223 2102 1277 σεὸιου.
2141 1221 2355 1290 Ὥσπερ
2390 1217 2445 1271 δὲ
2473 1216 2685 1287 κεφαλὴ
2701 1215 2807 1268 ’καὶ
2838 1213 3111 1285 τράχηλος
3131 1213 3221 1266 τὸν
3248 1210 3372 1264 νοῦν
3394 1210 3494 1283 δη·-

1896 1315 2098 1379 λοῦσιν,
2131 1313 2276 1369 οὕτω
2300 1311 2392 1366 καὶ
2413 1310 2590 1372 κλοιὸς
2617 1310 2712 1362 καὶ
2741 1306 3006 1376 στέφανος
3033 1305 3136 1374 τὴν
3163 1303 3385 1372 γνῶσιν.

182 1439 3351 1490 W

1291 1611 2390 1790 ΕΥΣΕΒΙΟΥ

1387 1893 1614 1981 ΤΟΥ
1688 1886 2294 1980 ΠΑΜΦΙΛΟΥ

440 2088 1692 2231 ΥΠΟΜΝΗΜΑΤΑ
1765 2092 2028 2220 ΕΙΣ
2105 2086 2455 2221 TON
2535 2081 3210 2221 ΗΣΑΙΑΝ.

945 2485 1711 2648 EUSEBII
1805 2483 2742 2645 PAMPHILI

805 2781 1854 2900 COMMENTARIA
1944 2782 2094 2897 IN
2177 2779 2859 2896 HESAIAM.

1242 3006 1614 3070 (Ποπτηοεοκ,
1642 3002 1871 3059 Collectio
1893 3017 2015 3056 nam
2045 3007 2270 3067 Patrum,
2298 3012 2330 3055 ι.
2363 3007 2446 3069 ll.)

1492 3313 2183 3409 ΡΒΛΕΓΑΤΙΟ.

247 3516 365 3573 Non
399 3515 456 3573 in
485 3513 682 3568 animo
713 3519 854 3576 erat,
885 3525 1006 3565 cum
1048 3511 1117 3565 ab
1160 3508 1314 3564 initio
1343 3510 1486 3565 hanc
1521 3509 1791 3581 συλλογὴν
1818 3517 1864 3574 Β
1892 3508 2091 3564 decimi
2125 3507 2334 3572 seculi,
2370 3505 2460 3562 ubi
2495 3505 2881 3576 Espositioncs
2905 3503 3126 3562 Eusebii
3151 3512 3206 3562 et
3238 3503 3492 3570 aliorum.

173 3624 403 3681 operum
455 3606 686 3679 publico
714 3603 1115 3660 destinabamus
1143 3603 1285 3668 usui,
1322 3601 1536 3659 Eusebii
1584 3605 1636 3659 in
1679 3601 1787 3658 He-

175 3703 350 3759 aaiam
401 3700 481 3773 (Ι)
524 3696 954 3756 Commentariis
1001 3710 1221 3751 manum
1260 3695 1556 3752 admovere
1606 3714 1621 3750 :
1663 3710 1789 3750 nam

179 3807 301 3848 cum
327 3792 503 3847 codex
531 3788 595 3845 8.
626 3785 856 3843 Taurini
903 3785 1252 3843 Ebroioensis
1293 3785 1568 3843 sexdecim
1611 3785 1788 3841 solum

176 3884 392 3942 Hesaia
440 3883 636 3954 capita
685 3895 814 3938 cum
861 3880 1272 3938 commentariis
1303 3879 1790 3944 circumferat;ut

182 3979 388 4049 reliqua
415 3975 636 4033 sarcire
661 3987 948 4044 possemus
967 4014 983 4038 ,
1011 3973 1352 4029 diuturniore
1378 3987 1543 4042 opera
1569 3982 1626 4029 et
1664 3989 1789 4045 pero

179 4070 478 4137 quisitione
500 4081 644 4136 opus
669 4063 788 4121 fore
819 4065 1166 4134 putabamus.
1194 4061 1400 4120 Verum
1435 4065 1526 4120 ubi
1559 4064 1624 4120 ad
1651 4079 1784 4136 ope-

183 4163 257 4216 ris
287 4159 756 4216 restaurationem
797 4159 1030 4228 amplam
1073 4157 1126 4212 in
1161 4157 1440 4213 codicibus
1482 4157 1663 4229 Regiis
1694 4173 1785 4215 se-

182 4265 352 4324 getem
405 4251 597 4307 oﬂ’erri
664 4249 822 4305 nobis
869 4250 1388 4315 animadvertimus,
1421 4266 1517 4320 spe
1548 4268 1611 4307 ac
1637 4253 1787 4323 cupi-

183 4347 309 4402 dine
332 4345 463 4400 moti
494 4345 640 4400 bene
673 4343 923 4413 gerendae
961 4343 1062 4407 rei,
1102 4356 1204 4398 nec
1237 4341 1480 4398 deterriti
1527 4343 1785 4400 horumce

183 4436 428 4493 codicum
462 4436 824 4507 legendorum
863 4433 1204 4498 diﬂicultate,
1233 4436 1661 4490 commentarios
1689 4435 1786 4490 de-

185 4537 350 4588 mum,
383 4533 443 4577 ut
469 4522 714 4577 facultas
767 4520 910 4587 tulit,
957 4522 1236 4586 eruimus,
1283 4531 1340 4576 et
1373 4521 1425 4576 in
1455 4529 1784 4590 postremam

180 4613 404 4682 hujusce
441 4615 578 4670 torni
631 4623 872 4684 partem,
903 4615 1046 4682 quod
1099 4613 1205 4668 alio
1251 4622 1380 4668 tuue
1423 4629 1527 4666 nou
1560 4613 1780 4678 liceret,

181 4707 550 4777 eonjicieudos
582 4705 870 4760 duximus.
917 4703 1117 4762 Verum
1153 4715 1264 4760 tum
1317 4705 1420 4759 hac
1453 4705 1519 4759 de
1556 4720 1638 4771 re,
1671 4716 1781 4759 tum

182 4798 679 4857 decommentario
713 4799 858 4869 ipso,
900 4815 999 4870 pro
1041 4813 1194 4855 more
1237 4805 1422 4853 nostro
1463 4796 1680 4868 praefari
1714 4811 1781 4853 ue

183 4908 487 4963 graventur.

1007 5007 1044 5062 l.

185 5077 260 5154 be
282 5103 443 5156 codici
484 5119 547 5156 us
589 5099 740 5154 unde
781 5007 1037 5226 inﬁciet
1061 5097 1274 5153 Eusebii
1306 5097 1696 5152 Commentario
1727 5099 1782 5151 in

903 5187 1120 5224 esaiam.

252 5104 480 5359 υιᾸ
478 5268 674 5323 dicere
721 5266 1134 5334 occupavimus,
1174 5264 1345 5319 codex
1391 5261 1738 5320 Ebroicensis
1765 5302 1780 5326 ,

852 5169 1120 5226 Hesaiam.

252 5261 449 5334 Utjam
478 5268 674 5323 dicere
721 5266 1134 5334 occupavimus,
1174 5264 1345 5319 codex
1391 5261 1738 5320 Ebroicensis
1765 5302 1780 5326 ,

182 5355 319 5413 olim'
341 5359 646 5415 cardinalis
680 5355 948 5421 Perronii,
974 5373 1134 5427 quem
1178 5356 1267 5411 ille
1297 5356 1348 5408 in
1383 5355 1533 5410 Italia
1571 5370 1636 5409 ex
1685 5368 1781 5408 ve-

183 5451 337 5506 :ustis
382 5452 678 5507 codicibus
712 5448 948 5503 exscribi
1001 5431 1258 5512 curavit:
1295 5452 1433 5504 tuter
1483 5448 1586 5502 alia
1644 5451 1783 5502 bene

183 5541 341 5595 multa
369 5539 856 5598 Commentarium
886 5538 1098 5593 Eusebii
1132 5539 1185 5594 in
1224 5539 1468 5594 Psalmos
1492 5579 1506 5604 ,
1530 5549 1585 5594 et
1615 5539 1784 5593 Euse-

179 5632 250 5687 bii
280 5635 518 5706 ejusdem
551 5635 610 5689 in
652 5631 912 5686 ﬂesaiam
951 5634 1223 5688 sexdecim
1257 5635 1433 5702 capita
1472 5632 1783 5702 complecti-

181 5735 286 5780 tur.
310 5730 390 5784 Ad
419 5729 540 5785 hac
565 5741 708 5783 vero
740 5740 812 5780 ex
840 5727 1022 5782 codice
1049 5725 1221 5798 Regio
1255 5742 1402 5781 num.
1449 5726 1614 5791 2438,
1648 5729 1780 5781 dun-

1895 3617 2002 3658 non
2036 3601 2285 3672 excerpti
2319 3611 2374 3656 et
2393 3600 2703 3670 compendii
2731 3615 2903 3666 more,
2947 3601 3042 3656 sed
3085 3599 3220 3665 fuse,
3251 3611 3413 3673 prout
3439 3601 3494 3658 in

1892 3695 2028 3767 ipsis
2078 3694 2396 3750 auctoribus
2429 3693 2754 3759 exstabant,
2796 3701 3168 3760 assumuntur,
3205 3692 3496 3752 Commen-

1891 3788 2064 3842 tarios
2096 3801 2125 3841 a
2160 3785 2422 3843 vicesimo
2465 3795 2667 3842 octavo
2696 3786 2874 3862 capite
2915 3786 2982 3844 ad
3015 3787 3496 3858 quadragesimum

1889 3880 2128 3950 primum
2171 3881 2406 3936 mutuati
2451 3894 2667 3935 sumus.
2719 3877 2952 3951 Reliqua
2998 3895 3134 3936 vero
3172 3895 3240 3937 ex
3275 3879 3497 3939 Catenis

1871 3973 2078 4046 Regiis
2108 3973 2501 4044 manuscriptis
2540 3971 2834 4037 sarcimus,
2865 3987 3022 4030 num.
3072 3973 3235 4042 1891,
3271 3973 3414 4031 1892
3439 3983 3498 4032 et

1887 4066 2050 4134 2857,
2087 4080 2317 4137 quarum
2362 4069 2542 4138 prima
2592 4074 2648 4121 et
2682 4075 2982 4136 postrema,
3035 4065 3496 4134 membranacea.

1888 4159 2087 4214 decimi
2121 4159 2308 4215 seculi
2333 4169 2482 4214 sunt.
2505 4157 2582 4213 Ea
2613 4172 2746 4213 vero
2767 4171 2889 4228 quae
2914 4157 3052 4213 l892
3086 4167 3324 4227 notatur,
3338 4159 3498 4216 bom-

1889 4253 2107 4324 byciua,
2148 4253 2459 4308 duodecimi
2493 4253 2714 4319 saeculi,
2746 4267 2810 4308 ac
2866 4251 3032 4325 longe
3083 4249 3326 4310 melioris
3354 4264 3496 4311 note

1886 4355 1942 4399 et
1972 4346 2099 4400 tidei
2137 4354 2222 4400 est
2272 4361 2437 4416 quam
2475 4343 2619 4399 alite.
2663 4342 2732 4400 Ut
2768 4355 2948 4400 autem
3003 4362 3069 4401 ex
3131 4361 3342 4413 eorum,
3374 4363 3496 4418 qua

1889 4437 2099 4506 integra
2128 4447 2446 4507 supersunt,
2471 4439 2888 4508 comparatione
2939 4438 3203 4507 liquidum
3243 4450 3348 4503 est.
3377 4441 3496 4496 hac

1886 4537 2078 4582 catena
2105 4529 2394 4584 admodum
2424 4545 2600 4600 pauca
2655 4532 2880 4598 omittit,
2908 4532 3304 4601 explicationes
3357 4533 3495 4589 inte-

1885 4631 2009 4688 gras
2039 4615 2220 4683 aﬂert,
2253 4620 2582 4690 Eusebiique
2621 4621 2929 4676 orationem
2953 4661 2968 4687 ,
3000 4637 3100 4678 nec
3131 4623 3350 4678 brevius
3383 4639 3484 4678 nec

1885 4723 2042 4764 secus
2068 4713 2347 4781 exprimit.
2381 4711 2548 4780 Hujus
2574 4713 2702 4767 item
2737 4714 2812 4768 rei
2853 4723 3230 4784 argumentum
3259 4729 3328 4770 ex
3358 4715 3482 4770 Hie-

1886 4803 2098 4872 ronymi
2131 4804 2185 4859 in
2219 4803 2471 4860 Hesaiam
2489 4803 2911 4860 Commentariis
2935 4806 3168 4863 eruitur.
3205 4805 3338 4861 Nam
3357 4823 3481 4863 eum

1894 4895 2256 4967 llieronymus
2287 4897 2504 4952 Eusebii
2531 4899 3014 4966 interpretationes
3037 4916 3143 4955 non
3177 4900 3492 4971 infrequen-

1895 4995 1977 5039 ter
2009 4987 2076 5039 ad
2109 4990 2332 5042 verbum
2369 5003 2506 5058 pene
2537 4989 2853 5052 transierat,
2879 4991 3008 5046 hinc
3042 4991 3355 5060 conjectura
3387 5004 3492 5056 est,

1894 5079 2081 5146 plenas
2114 5080 2234 5135 illas
2266 5081 2614 5152 integrasque
2640 5083 2692 5135 in
2720 5082 2927 5138 Catena
2956 5082 3162 5150 afferri,
3193 5085 3382 5155 quales
3412 5087 3496 5140 ni-

1893 5173 2091 5226 mirum
2120 5173 2487 5247 Hieronymus
2524 5190 2592 5230 ex
2624 5175 3054 5233 Commentariis
3089 5188 3346 5233 verterat.

1965 5263 2185 5322 Monere
2237 5283 2302 5321 ne
2342 5268 2525 5336 pigeat
2579 5270 2826 5324 codicem
2865 5269 3242 5324 Colbertinum
3302 5285 3496 5324 nume-

1895 5371 1953 5411 ro
1979 5357 2143 5422 2596,
2180 5359 2310 5414 olim
2355 5347 2704 5415 Bibliotheca:
2747 5360 3010 5423 Thuanze,
3049 5361 3263 5414 initium
3324 5361 3493 5415 Com-

1895 5451 2292 5504 mentnriorum
2346 5452 2530 5506 Basilii
2586 5453 2637 5506 in
2693 5451 2968 5518 Hesaiam,
3003 5454 3218 5508 Eusebii
3270 5457 3495 5508 noutittu

1893 5543 2248 5599 circumferre
2288 5548 2390 5601 hoe
2424 5547 2617 5612 modo,
2647 5546 2910 5599 Εὑσεὸίου
2944 5547 3038 5600 τοῦ
3077 5547 3366 5621 ῌαμφίλου
3399 5550 3492 5618 έρ-

1896 5638 2093 5708 μηνεεα
2130 5641 2208 5702 εἰς
2235 5641 2327 5692 τὸν
2363 5640 2653 5712 προφήτην
2696 5641 2926 5692 Ἡσαΐαν
2948 5640 3106 5708 λόγος
3129 5641 3197 5692 α’.
3231 5641 3363 5694 'lnit.
3391 5642 3492 5693 Εὗ-

1895 5727 2054 5792 ξαποε
2085 5730 2159 5801 μὴ
2182 5732 2434 5800 γενέσθαι
2454 5731 2552 5803 τὴν
2587 5733 2762 5803 φυγὴν
2785 5731 2958 5784 ὑμῶν.
2985 5732 3186 5785 Deinde
3206 5745 3333 5784 vero
3357 5732 3493 5798 haec,

248 5845 324 5920 (ξ)
351 5845 615 5903 ﬂuuium
659 5859 778 5900 non
831 5842 1026 5900 Isaiam
1070 5845 1380 5911 scribimus,
1412 5861 1600 5902 vocem
1630 5845 1783 5902 (ἐι-ως

1948 5848 2175 5912 Ἡσαΐας
2239 5850 2551 5920 sequentes,
2621 5850 2722 5903 etsi
2797 5847 3059 5901 llcbraice
3087 5839 3494 5908 n’mz‘tlesain.’:

177 5917 456 5974 scribatur.
