4090 6418
672 403 745 463 ’19
1339 399 1605 457 EUSEBII
1644 400 2121 460 CESARIENSIS
2155 400 2307 459 OPP.
2347 400 2533 459 PARS
2572 399 2660 458 ιιι.
2702 432 2771 443 -
2811 394 3223 459 EXEGETICA.
3860 405 3927 462 80

675 538 797 594 qua:
851 520 990 592 apud
1020 518 1278 576 Basilium
1327 534 1434 574 una
1473 520 1615 576 serie
1661 521 1931 591 leguntur,
1968 538 2090 577 cum
2148 524 2247 578 hoc
2280 530 2323 586 Α
2353 536 2479 577 oros
2506 521 2768 593 legerem,
2796 521 2938 576 aliud
2968 530 3137 576 muito
3179 521 3381 592 reperi,
3408 534 3573 592 quam
3610 522 3795 580 indice
3820 538 3938 594 pro-

672 613 829 671 titulo
860 612 1366 682 exstantﬁnbOemg
1395 612 1677 671 Εὐσεὸίου.
1696 615 1817 670 Ιηὶι.
1863 616 2081 687 Ἐπειδὴ
2103 634 2212 671 κατ⁴

2350 615 2618 669 mittebat.
2651 613 2970 684 Ubicunque
3002 614 3148 669 enim
3200 628 3325 669 eum
3379 612 3604 668 historia
3646 615 3929 680 defecerit,

672 706 899 780 χρόνους
929 706 1151 777 γέγονεν
1178 706 1207 759 ὁ
1252 708 1559 778 προφήτης.
1589 706 1719 763 Post
1752 708 1867 763 haec
1898 706 2212 761 Commenta

2349 704 2544 758 transit
2582 703 2649 758 ad
2677 703 3011 774 allegoriam,
3046 712 3103 758 et
3132 702 3205 758 ita
3248 712 3499 775 separata
3532 704 3834 769 consociat,
3870 717 3931 760 nt

670 798 787 853 rius
819 796 1103 853 inchoatur
1126 796 1210 852 bis
1242 796 1421 851 verbis
1458 815 1470 850 :
1515 796 1747 870 Ὀρασις
1791 804 1862 854 α’.
1898 799 2132 870 Ὀρασις
2176 800 2211 870 ἢ

2348 793 2517 847 mirer
2563 807 2685 848 eum
2732 810 2869 850 nova
2917 795 3185 849 sermonis
3211 794 3416 851 fabrica
3454 797 3508 851 in
3542 812 3709 851 unum
3736 814 3933 867 eurpus

666 885 806 944 εἶδεν
840 890 1097 955 Ἡσαΐας,
1146 899 1251 944 etc.
1295 886 1414 943 Init.
1464 891 1583 945 Τῶν
1626 892 1757 963 παρ’
1804 892 1935 963 ἡμῖν
1982 891 2212 964 αἰσθητη

2344 884 2573 952 lapidem
2604 884 2917 956 ferrumque
2938 886 3291 957 conjungere.
3330 886 3444 943 Hoc
3491 891 3730 944 breviter
3750 892 3934 945 admo-

670 982 801 1054 ρίων
831 982 893 1035 τὸ
919 981 1333 1055 ἐναργέστατον.
1367 981 1552 1037 Utrum
1584 991 1764 1038 autem
1806 984 1919 1038 haec
1952 982 2212 1038 Commeu

2343 978 2459 1041 nui,
2490 992 2558 1032 ne
2586 978 2706 1047 quis
2734 992 2834 1033 nos
2877 981 3026 1048 putet
3067 995 3135 1034 ex
3179 980 3322 1035 illius
3369 982 3611 1038 fontibus
3658 992 3933 1039 mutuasse

668 1076 806 1130 taria
840 1074 1019 1129 Basilii
1054 1073 1161 1129 sint
1199 1088 1406 1140 necne,
1443 1090 1550 1131 non
1607 1076 1743 1131 satis
1791 1074 2050 1131 convenit
2102 1076 2211 1129 inte

2342 1082 2464 1135 qua:
2484 1068 2753 1133 ‘dicimus;
2790 1083 2913 1122 nam
2936 1079 2991 1124 et
3017 1068 3067 1123 in
3091 1071 3343 1139 praesenti
3377 1073 3618 1142 capitulo
3647 1073 3929 1128 adversum

666 1165 1069 1235 scriptores.At
1095 1165 1131 1221 ii
1166 1166 1325 1220 etiam
1354 1166 1445 1235 qui
1477 1166 1665 1223 Basilii
1708 1180 1829 1223 esse
1875 1158 2234 1238 propugnant,
2338 1156 2553 1213 «Indicos
2587 1168 2640 1215 et
2683 1158 3113 1229 Hierosolymam
3155 1161 3287 1216 dicit
3328 1163 3668 1232 prophetiam
3722 1164 3880 1234 dirigi
3913 1182 3929 1218 :

667 1256 880 1311 initium
923 1253 1053 1309 illud
1107 1255 1440 1325 praelationis
1488 1271 1636 1311 more
1674 1258 2054 1326 praemissum,
2088 1273 2235 1311 assu-
2338 1254 2565 1322 quodin
2619 1254 2884 1324 principio
2941 1256 3063 1310 lidei
3108 1253 3535 1331 Christianaead
3573 1268 3711 1314 totas
3742 1268 3929 1327 gentes

668 1357 901 1404 mentum
948 1348 1215 1418 quoddam
1247 1364 1367 1405 esse
1415 1348 1652 1404 fatentur
1688 1367 1701 1403 :
1730 1349 1868 1419 quod
1922 1363 2021 1403 nec
2052 1347 2234 1403 Basilii
2337 1344 2592 1412 epistolas
2625 1347 2892 1413 miserint,
2922 1362 2989 1402 ne
3012 1348 3679 1418 susciperentpassionem
3700 1350 3923 1415 Christi,
3974 1417 3985 1423 ἢ

662 1440 871 1505 sit,nec
895 1438 1296 1496 Commentario
1322 1440 1373 1496 in
1406 1440 1654 1496 Hesaiam
1686 1441 1993 1505 conveniat,
2015 1451 2069 1495 et
2088 1440 2232 1495 aliud
2336 1446 2389 1491 et
2435 1437 2680 1492 miserint
2714 1453 2885 1507 usque
2932 1440 3000 1495 ad
3060 1439 3398 1511 Ethiopiam
3431 1450 3485 1495 et
3526 1443 3923 1497 occidentalem

663 1548 883 1602 prorsus
905 1542 1049 1604 agat.
1081 1533 1192 1604 Ego
1215 1548 1343 1589 vero
1367 1533 1599 1603 Eusebio
1628 1533 1799 1587 multo
1819 1532 1997 1588 minus
2032 1532 2231 1587 ascribi
2337 1529 2571 1600 plagam,
2599 1538 2876 1599 totumque
2914 1530 3102 1585 orbem
3152 1532 3313 1602 hujus
3358 1531 3706 1601 blasphemia
3756 1534 3927 1589 disse-

662 1639 819 1694 posse
843 1632 989 1695 puto,
1015 1632 1125 1678 tum
1149 1625 1217 1681 ob
1243 1625 1366 1696 styli
1388 1624 1807 1695 discrepantiam
1829 1624 1988 1694 plane
2014 1624 2232 1694 conspi-
2336 1620 2632 1675 minatione
2678 1621 3097 1691 compleverint.
3135 1641 3155 1685 ξ
3187 1622 3357 1690 Quam
3412 1623 3920 1692 interpretationem

660 1732 837 1782 cnam,
860 1726 969 1771 tum
994 1716 1115 1786 quia
1143 1716 1531 1786 subsequentes
1556 1716 1961 1782 Commentarii,
1994 1716 2085 1787 qui
2111 1730 2231 1786 per-
2334 1710 2399 1763 ad
2430 1712 2677 1765 eumdem
2725 1711 2904 1766 locum
2958 1712 3200 1782 pluribus
3243 1714 3588 1783 prosequitur
3620 1714 3921 1779 Eusebius,

659 1808 785 1863 inde
818 1808 1031 1864 Eusebii
1055 1808 1270 1863 nomine
1294 1808 1482 1864 eodem
1515 1810 1567 1862 in
1595 1809 1781 1863 codice
1805 1806 2226 1877 subjunguntur,
2334 1812 2387 1855 ut
2415 1802 2609 1869 cuique
2646 1801 2830 1855 videre
2871 1800 3047 1857 liceat.
3084 1801 3235 1869 Quod
3266 1818 3427 1873 porro
3454 1803 3530 1857 ait
3561 1802 3923 1876 Hieronymus

657 1899 853 1956 diversi
894 1914 1115 1971 prorsus
1145 1915 1173 1954 τι
1211 1899 1629 1956 Commentariis
1670 1899 1884 1955 Eusebii
1932 1910 2076 1955 sunt,
2113 1899 2221 1956 Cu-
2254 1884 2296 1942 Β
2326 1893 2614 1949 Eusebium
2642 1894 2803 1949 modo
2828 1895 3109 1951 litteralem
3129 1907 3183 1951 et
3226 1896 3569 1959 historicum,
3603 1900 3762 1953 modo
3788 1900 3919 1956 alle—

652 1987 741 2056 ius
774 2002 939 2060 porro
967 1989 1040 2044 sit
1069 2000 1437 2045 assumentum
1471 1988 1776 2059 bujusmodi
1810 2004 1915 2045 non
1943 1990 2074 2045 satis
2099 2005 2223 2060 per-
2324 1988 2561 2057 goricam
2587 1988 2955 2043 narrationem
2983 1988 3289 2055 instituere,
3315 1988 3567 2047 omnibus
3584 1989 3759 2059 palam
3792 1992 3916 2057 erit,

654 2091 917 2149 spectum.
951 2079 1217 2136 Ceterum
1271 2080 1523 2144 ὑπόθεσις
1549 2080 1659 2147 illa,
1695 2080 1851 2150 cujus
1878 2082 2089 2136 initium
2119 2090 2220 2148 est,
2324 2081 2367 2133 si
2399 2079 2477 2134 vel
2511 2078 2841 2149 primoribus
2868 2080 3083 2148 quidem
3136 2080 3303 2133 labris
3348 2081 3446 2134 hos
3474 2079 3918 2136 Commentarios

2325 2170 2625 2241 attigerint.
2681 2168 2834 2237 Quod
2883 2179 3064 2223 autem
3120 2170 3255 2224 dicit
3287 2186 3347 2226 se
3405 2186 3512 2225 non
3572 2186 3639 2226 ex
3672 2171 3917 2226 'Eusebii

2325 2262 2561 2319 fontibus
2596 2264 2864 2327 hausisse,
2897 2261 2963 2316 de
3013 2270 3126 2317 toto
3174 2262 3575 2318 Commentario
3622 2263 3913 2331 intelligas.

2324 2355 2428 2411 Tot
2452 2357 2596 2411 enim
2624 2366 2879 2428 tantaque
2913 2358 3111 2413 ibidem
3142 2366 3359 2410 enarrat
3388 2356 3770 2428 Hieronymus,
3794 2374 3916 2427 quas

666 2171 882 2246 Ἐπειδὴ
914 2174 1054 2228 κατὰ
1085 2173 1336 2246 χρόνους,
1369 2184 1425 2228 ut
1464 2189 1625 2244 supra
1665 2174 1929 2238 diximus,
1960 2177 2025 2230 ad
2062 2174 2223 2231 Com-

653 2266 973 2322 mentarium
1008 2266 1155 2321 illum
1182 2267 1270 2337 qui
1296 2265 1476 2322 Basilii
1506 2267 1728 2321 nomine
1758 2267 2221 2338 insignitur,baud

650 2357 812 2415 dubie
855 2358 1087 2429 pertinet
1126 2376 1140 2413 :
1184 2374 1305 2414 nam
1349 2359 1403 2414 in
1458 2360 1643 2415 codice
1688 2358 1856 2430 Regio
1899 2360 2223 2431 bombycino

648 2450 951 2507 duodecimi
1002 2450 1207 2517 seculi,
1242 2452 1296 2507 in
1342 2450 1522 2507 fronte
1564 2452 1977 2523 Espositionum
2023 2452 2075 2507 in
2115 2452 2219 2508 He-

647 2544 818 2599 saiam
847 2543 1030 2599 Basilii
1060 2543 1275 2599 nomine
1300 2544 1667 2623 praemittitur.
1688 2544 1817 2610 Qua:
1846 2553 2022 2599 autem
2051 2545 2219 2616 hypo-

648 2635 785 2693 thesi
815 2643 1077 2707 praeeunt,
1101 2635 1276 2691 aliena
1300 2646 1357 2692 et
1386 2635 1658 2703 adjectitia
1686 2649 1806 2691 csse
1838 2635 2112 2691 videntur.

650 2814 695 2874 Ι.
738 2815 1053 2872 Testimonia
1094 2826 1317 2872 ceterum
1351 2820 1415 2871 de
1466 2817 1681 2873 Eusebii
1726 2817 2132 2874 Commentariis
2164 2822 2217 2873 in

725 2884 999 2941 Hesaiam.
1034 2886 1104 2958 ll.
1146 2886 1221 2941 De
1264 2904 1448 2958 genere
1489 2888 1891 2955 interpretandi.
1939 2888 2025 2944 Ill.
2064 2890 2219 2944 Nihil

713 2957 860 3031 dubii
918 2957 1501 3031 περὶγνησιότητρς.
1542 2959 1636 3031 μιν.
1670 2959 1787 3025 Quo
1838 2970 2066 3031 tempore
2106 2962 2216 3015 lucc

713 3024 1104 3082 Commentaria
1138 3024 1357 3081 ediderit
1392 3028 1670 3083 Eusebius.

702 3119 743 3171 Ι.
767 3120 1069 3172 Testimonia
1103 3119 1666 3233 veterumﬂéistzifgsebii
1706 3121 2081 3173 Commentariis
2102 3122 2154 3170 in

712 3266 1069 3338 Hieronymus
1091 3264 1185 3321 lib.
1212 3265 1288 3320 De
1307 3266 1647 3334 scriptoribus
1673 3266 2041 3320 ecclesiasticis
2076 3265 2218 3319 inter

640 3351 744 3408 alia
774 3351 987 3408 Eusebii
1010 3353 1313 3421 opera,hoc
1332 3354 1454 3407 item
1480 3364 1743 3409 recenset.
1763 3353 1832 3408 Et
1856 3356 1912 3409 in
1941 3354 2212 3421 Hesaiam,

639 3445 843 3516 inquit,
873 3444 1033 3498 libros
1077 3446 1274 3499 decem.
1311 3444 1364 3499 ln
1418 3445 1640 3514 prologo
1679 3456 1856 3501 autem
1896 3448 1947 3501 in
1986 3448 2211 3518 Exposi-

638 3533 836 3587 tionem
869 3530 1095 3600 Hessius,
1118 3534 1197 3588 sic
1220 3534 1379 3589 habet
1406 3553 1418 3588 :
1441 3533 1699 3589 Eusebius
1720 3552 1924 3607 quoque
1952 3536 2214 3607 Pamphili

632 3625 791 3692 juxta
815 3623 1113 3679 historicum
1135 3624 1556 3697 explanationem
1592 3628 1889 3698 quindecim
1925 3628 2089 3682 edidit
2122 3644 2211 3682 so-

638 3715 863 3773 lumina.
902 3716 971 3771 At
1002 3716 1393 3790 Hieronymum
1442 3718 1555 3774 sive
1594 3718 1763 3777 libros
1793 3720 1909 3776 sive
1944 3721 2213 3776 volumina

2323 2446 2583 2503 Eusebius
2625 2463 2692 2503 ne
2720 2462 2879 2503 nosse
2906 2447 3121 2518 quidem
3146 2487 3161 2513 ,
3192 2448 3387 2502 nedum
3421 2461 3684 2503 enarrare
3717 2449 3911 2517 potuit,

2323 2546 2382 2592 ut
2438 2537 2783 2607 periniquum
2858 2547 3001 2593 esset
3055 2534 3460 2609 Hieronymiani
3512 2526 3908 2594 Commentarii

2320 2628 2546 2701 gloriam
2582 2630 2634 2684 in
2669 2628 2963 2684 Eusebium
3012 2629 3287 2683 conferre.
3340 2628 3595 2683 Attamen
3634 2628 3728 2685 ille
3772 2632 3912 2685 bene

2323 2722 2486 2777 multa
2524 2739 2589 2777 ex
2631 2724 2783 2779 hisce
2812 2723 3234 2779 Commentariis
3277 2724 3593 2795 expiscatus
3636 2734 3742 2791 est,
3775 2740 3912 2797 quo-

2323 2831 2440 2870 rum
2470 2816 2746 2871 minimam
2776 2828 2983 2887 partem
3016 2831 3117 2872 nos
3140 2816 3306 2872 variis
3328 2816 3381 2871 in
3412 2815 3546 2870 locis
3575 2811 3910 2881 notavimus.

2319 2909 2586 2966 Caeterum
2639 2910 2742 2967 hac
2791 2912 3046 2966 cautione
3098 2909 3225 2981 jure
3288 2909 3459 2963 utitur
3492 2908 3905 2979 Hieronymus:

2320 3002 2445 3071 quia
2482 3019 2605 3057 cum
2644 3018 2903 3059 censores
2953 3002 3105 3058 multi
3144 3001 3327 3057 invido
3354 3002 3513 3057 oculo
3553 3002 3671 3073 ejus
3705 3004 3905 3073 scripta

2323 3094 2617 3149 Iustrarent
2639 3135 2654 3160 ,
2681 3094 2984 3165 periculum
3018 3099 3139 3150 erat
3182 3107 3249 3149 ne
3286 3093 3460 3164 ipsum
3488 3095 3652 3166 plagil
3685 3097 3907 3153 nomine

2325 3184 2709 3251 incesserent;
2757 3185 2850 3240 sed
2907 3183 3039 3240 illud
3086 3182 3282 3253 injuria
3316 3182 3520 3239 factum
3569 3194 3905 3242 essentiam

2320 3275 2566 3345 quantuli
2596 3274 2754 3346 pretii
2791 3284 2920 3331 sunt
2956 3289 3023 3331 ea
3060 3288 3180 3345 qua:
3221 3289 3291 3329 ex
3340 3275 3575 3332 Eusebio
3621 3277 3902 3344 delibavit,

2317 3364 2363 3417 si
2400 3372 2782 3433 comparentur
2810 3379 2931 3418 cum
2963 3364 3062 3428 iis,
3091 3378 3214 3433 quae
3248 3364 3309 3419 S.
3354 3363 3554 3419 Doctor
3585 3367 3798 3421 erudite
3834 3366 3909 3424 de

2316 3455 2585 3512 Hebraico
2618 3465 2767 3511 textu
2808 3470 2873 3511 ac
2909 3454 2975 3511 de
3016 3455 3251 3511 lectione
3295 3456 3527 3528 vulgata:
3558 3458 3764 3529 passim
3791 3456 3907 3513 dis~

2314 3547 2505 3603 seruit.
2535 3545 2647 3603 Nec
2686 3547 2783 3604 abs
2824 3563 2886 3605 re
2922 3548 3062 3603 forte
3096 3547 3247 3603 dicas
3297 3548 3588 3605 Eusebium
3620 3560 3677 3606 et
3710 3549 3907 3607 Hiero-

2315 3656 2536 3712 nymum
2574 3641 2764 3698 eadem
2791 3642 2906 3715 ipsa
2930 3656 2997 3697 ex
3031 3639 3285 3714 Origenis
3314 3641 3737 3702 Commentariis
3760 3646 3904 3702 hau-

2314 3746 2469 3788 SISSO.

637 3816 921 3872 memoret,
951 3807 1182 3876 idipsum
1209 3808 1517 3879 significare
1550 3809 1754 3882 liquet;
1788 3825 1915 3866 nam
1940 3811 1993 3866 in
2022 3812 2210 3867 eodem

638 3898 863 3968 prologo
900 3898 967 3954 de
999 3897 1232 3971 Origene
1270 3902 1396 3956 talia
1432 3902 1579 3958 latur
1624 3921 1639 3958 :
1690 3902 1947 3973 Origenes
1992 3905 2210 3974 triginta

634 3990 923 4058 volumina,
951 4008 978 4046 e
1013 3995 1197 4063 quibus
1234 3994 1509 4050 uicesimus
1538 4005 1719 4068 sextus
1758 3996 1889 4051 liber
1931 4012 2036 4051 non
2064 3998 2209 4052 inve-

636 4082 784 4139 nitur
810 4097 826 4145 ;
854 4082 997 4138 unde
1029 4083 1194 4153 igitur
1222 4085 1382 4140 modo
1426 4085 1634 4152 decem,
1683 4086 1844 4141 modo
1871 4087 2207 4158 quindecim,

634 4172 853 4229 Eusebii
896 4175 1083 4241 libros,
1113 4192 1207 4233 seu
1243 4178 1511 4231 volumina
1538 4186 1754 4233 exstare
1778 4178 1911 4234 dicit
1938 4178 1963 4233 ?
1992 4178 2047 4234 ld
2078 4192 2211 4234 sane

635 4264 721 4319 vel
758 4265 1147 4337 exemplarium
1178 4267 1458 4333 varietati;
1489 4281 1671 4336 parem
1702 4268 1901 4338 quippe
1927 4269 1981 4322 in
2016 4268 2207 4323 Histo—

2387 3826 2440 3878 ln
2467 3824 2926 3882 Praeliminarihus
2958 3826 3024 3880 ad
3055 3824 3305 3896 Procopii
3341 3824 3809 3884 Commentarium
3841 3828 3899 3885 in

2315 3916 2566 3974 llesainm
2595 3928 2819 3973 curante
2843 3918 3003 3974 Petro
3024 3918 3277 3974 Curterio
3303 3918 3532 3985 editum,
3567 3920 3685 3976 haec
3708 3921 3901 3991 legun-

2314 4021 2402 4064 tur
2426 4026 2491 4064 ex
2514 4010 2698 4064 codice
2720 4009 2912 4064 Renati
2930 4009 3184 4065 Marchali
3216 4030 3228 4065 :
3256 4009 3583 4083 Μετελήφθη
3611 4013 3640 4065 ὁ
3669 4013 3901 4079 Ἡσαΐας

2312 4097 2418 4151 ἀπὸ
2449 4098 2781 4169 ἀντιγράφου
2817 4097 2908 4151 τοῦ
2956 4098 3099 4152 ἁσόἆ
3134 4098 3539 4165 ’Δπολλιναριου
3578 4101 3674 4154 τοῦ
3718 4119 3899 4157 κοινο-

2312 4189 2559 4261 6ιάρχου,
2582 4191 2639 4242 ὲν
2662 4184 2708 4258 ᾧ
2760 4190 3149 4246 καθυπόκειται
3188 4192 3450 4247 ταῦτα....
3508 4193 3841 4266 Μετελήφθη
3870 4194 3900 4249 ὁ

2324 4288 2547 4351 Ἡσαΐας
2586 4289 2649 4340 ὲκ
2698 4286 2804 4341 τῶν
2851 4288 2991 4342 κατὰ
3013 4289 3111 4355 τὰς
3144 4290 3385 4354 ἐκδόσεις
3423 4288 3723 4355 Ἑξαπλῶν,
3766 4291 3900 4345 ἀντ·-

636 4356 715 4411 ria
739 4358 1089 4412 ecclesiastica
1122 4358 1383 4427 ejusdem,
1403 4358 1807 4413 distinctionum
1839 4359 2206 4415 diversitatem

2319 4378 2509 4450 εσλήθη
2550 4378 2606 4431 δὲ
2632 4380 2725 4432 καὶ
2762 4380 2897 4452 πρὸς
2926 4380 3441 4453 ἕτερονἘξαπλοῦν,
3458 4381 3580 4452 ἔχον
3604 4384 3705 4454 τὴν
3721 4399 3901 4455 παρα-

633 4447 1128 4517 deprehendimus;
1177 4449 1259 4503 vel
1304 4449 1713 4505 amanuensium
1764 4451 1894 4508 vitio
1941 4454 2199 4509 ascribas.

2319 4474 2605 4543 σημείωσιν
2646 4472 2941 4544 ταύτην...,
3008 4475 3354 4547 Διώροωνται
3414 4469 3658 4546 ἀκριϐῶς
3724 4479 3899 4531 πᾶσαι

634 4536 899 4593 Caeterum
925 4538 1037 4592 haec
1066 4553 1157 4593 seu
1204 4538 1563 4606 voluminum,
1589 4554 1683 4595 seu
1713 4539 1973 4597 librorum
2004 4545 2202 4599 distin-

2319 4536 2395 4614 1i."
2427 4563 2688 4627 ἐκδόσεις
2732 4536 3143 4636 ἀνσεϐλήθησαν
3199 4566 3307 4635 γὰρ
3360 4536 3505 4635 πρὸς⁸
3555 4536 3899 4637 τεέραπλοῦν

635 4632 741 4685 ctio
760 4631 871 4699 jam
908 4633 994 4686 diu
1027 4632 1203 4700 periit,
1236 4632 1460 4703 ejusque
1486 4649 1553 4690 ne
1589 4636 1872 4706 vestigium
1903 4639 2116 4709 quidem
2149 4641 2201 4693 in

2320 4654 2559 4707 Ἡσαΐαν
2581 4654 2660 4707 ἔτι
2683 4655 2738 4708 δὲ
2768 4655 2861 4709 καὶ
2885 4631 3349 4727 πρδςλΕΞαπλοδν.
3370 4631 3510 4728 Πρὸς
3537 4631 3773 4721 solii-ou,
3804 4658 3902 4712 καὶ

634 4723 1226 4820 codicibusreperitur.
1270 4819 1276 4820 γ
1468 4819 1474 4820 7
2308 4744 2413 4795 ἀπὸ
2456 4747 2553 4814 τῆς
2592 4746 2785 4817 ἀρχῆς,
2830 4723 2939 4811 ἕως·
2988 4745 3081 4799 τοῦ
3134 4723 3431 4819 δράματος⁷
3462 4748 3662 4819 Τύρου,
3712 4750 3900 4820 τὸμων

709 4814 848 4868 Idem
881 4815 1237 4885 Hieronymus
1267 4819 1317 4871 in
1363 4819 1582 4891 prologo
1614 4822 1679 4875 ad
1712 4821 1906 4876 librum
1946 4837 1975 4873 v
2003 4822 2058 4875 in
2098 4821 2199 4875 lle-

2319 4814 2645 4904 ἐξηγητικώεᾷ
2667 4814 2777 4898 Hel;
2812 4836 2902 4888 τὸν
2945 4814 3180 4891 Ἡσαΐαν*
3209 4814 3557 4909 ’ἁριγένουςξ
3589 4841 3686 4893 καὶ
3738 4814 3901 4912 ἀκρι-

634 4906 937 4961 saiambmc
968 4909 1163 4963 habet:
1204 4928 1221 4960 ι
1270 4910 1406 4977 Quid
1457 4912 1617 4983 igitur
1644 4912 1882 4967 faciant?
1913 4914 2205 4967 subeamne

2319 4924 2416 4988 δὼς
2475 4927 2868 4997 ἐπιστήσαντες
2917 4932 2982 4999 τῇ
3048 4906 3278 5002 ἐννοίᾳ(
3310 4906 3429 4985 καθ’
3462 4931 3529 5000 ἣν
3587 4906 3901 5003 ἐξηγήσςλτο

634 5010 789 5067 opus,
823 4999 875 5052 in
906 5014 1010 5069 quo
1038 5002 1384 5057 eruditissimi
1416 5003 1516 5057 viri
1546 5005 1895 5066 sudaverunt,
1919 5003 2205 5074 Origenem

2319 5017 2544 5089 ἑκάστην
2576 5019 2740 5085 λέξιν,
2777 5020 2895 5073 καθ’
2919 5021 2993 5084 ὼς
3021 5017 3132 5076 οἷόν
3172 4999 3228 5076 τήε
3272 5020 3359 5095 ἦν,
3388 4999 3622 5077 και-πᾶν
3657 4999 3899 5095 citat-swa-

637 5086 822 5156 loquor
849 5101 903 5144 et
934 5091 1220 5145 Eusebium
1258 5092 1552 5163 Pamphili.
1581 5109 1812 5166 quorum
1846 5094 1985 5148 alter
2024 5096 2206 5148 liberis

2319 5112 2395 5161 ι.ον
2438 5110 2573 5162 κατὰ
2617 5113 2715 5181 τὴν
2751 5112 2958 5165 ἐκείνου
3005 5113 3209 5168 ἔννοιαν
3256 5116 3704 5187 διωρθωσάμεϐα.
3748 5118 3899 5188 Πρὸς

637 5179 899 5249 allegoria:
936 5183 1123 5251 spatiis
1151 5195 1431 5255 evagatur,
1491 5196 1549 5242 et
1581 5187 1950 5256 interpretatis
1983 5188 2209 5241 nomini.

2319 5202 2511 5264 τούτοις
2561 5179 2848 5277 συνέκρίθη
2882 5209 2913 5278 ή
2962 5208 3067 5261 τῶν
3090 5179 3489 5279 Ἐδδομήκσθτα
3529 5179 3760 5274 έκδοσις,

637 5270 735 5337 bu;
765 5274 1115 5341 singulorum,
1147 5278 1418 5347 ingenium
1445 5280 1615 5333 suum
1648 5279 1772 5333 facit
1815 5278 2069 5332 Ecclesiae
2114 5296 2204 5333 sn-

2319 5295 2440 5363 πρὸς
2494 5296 2558 5347 τὰ
2607 5297 2709 5347 ὑπὸ
2750 5299 3007 5353 Εὑσεΰίου
3050 5304 3127 5363 εἰς
3172 5270 3262 5353 τὸν
3303 5270 3527 5356 ίΗσαῖαν
3582 5304 3889 5373 εἰρημένα,

637 5379 909 5421 cramenta
942 5389 952 5422 :
987 5368 1123 5423 alter
1153 5371 1463 5425 bistoricam
1494 5373 1881 5440 expositionem
1915 5372 2070 5425 titulo
2120 5388 2206 5426 re-

2319 5383 2485 5433 καὶέν
2521 5381 2599 5446 οἷς
2664 5386 2988 5454 διεφώνουν,
3023 5391 3119 5460 τῆς
3168 5390 3475 5463 ἐξηγήσεως
3530 5392 3629 5465 τὴν
3683 5395 3895 5449 ἔννοιαν

638 5458 982 5520 promittens.
1016 5461 1282 5515 interdum
1334 5463 1666 5516 obliviscitur
1733 5464 2031 5531 propositi,
2068 5474 2118 5517 et
2149 5466 2199 5517 in

2319 5471 2813 5548 ζητήσαντες,πρὸς
2829 5481 2998 5553 αὐτὴν
3030 5482 3463 5556 ὲδιωρϐώσαμεν.
3492 5484 3548 5539 Id
3586 5497 3703 5541 est:
3737 5506 3755 5539 ι
3782 5489 3894 5542 Ex-

636 5538 881 5611 Origenis
914 5548 1046 5601 scita
1098 5550 1341 5603 concedit
1381 5554 1403 5602 ’ἴ
1444 5570 1460 5599 ι
1506 5548 1619 5605 Sub
1656 5553 1766 5606 hanc
1818 5563 1997 5605 autem
2049 5554 2202 5607 initio

2319 5567 2540 5635 scriptus
2577 5582 2659 5621 est
2688 5570 2912 5627 Hcsaias
2947 5577 3012 5627 ab
3038 5576 3330 5643 exemplari
3372 5578 3583 5633 abbatis
3610 5580 3895 5649 Apollina-

636 5635 827 5735 capitis
850 5637 1268 5739 decimi'nctavi,
1319 5642 1387 5694 ita
1420 5642 1660 5710 loquitur
1692 5662 1703 5694 :
1745 5663 1761 5693 ι
1795 5645 2053 5699 Eusebius
2088 5646 2198 5701 ϐω·
2312 5654 2372 5707 rii
2397 5657 2809 5723 cmuobiarchze,
2839 5662 2888 5715 in
2912 5680 3015 5731 quo
3039 5665 3148 5719 hanc
3170 5635 3594 5735 subjiciuntur...
3619 5635 3889 5741 Desump.

638 5727 893 5783 atriensis
937 5732 1243 5785 historicam
1288 5734 1777 5801 interpretationem
1820 5737 1972 5791 titulo
2019 5753 2201 5805 repro-

698 5749 893 5825 i-teusts
939 5749 1243 5785 ntswrtcam
1288 5749 1777 5801 interpretationem
1820 5749 1972 5791 llllllo
2019 5753 2201 5805 repro—
2312 5759 2430 5813 plus
2494 5760 2575 5801 est
2626 5749 2846 5806 Hesaias
2895 5755 2959 5807 ab
2995 5756 3243 5825 llexnplis
3295 5760 3616 5825 editiOnum,
3661 5762 3893 5823 collatus

640 5822 877 5883 mittens,
910 5822 1128 5876 diversis
1161 5825 1403 5877 sensibus
1458 5836 1750 5895 evagatur;
1789 5826 1936 5895 cujus
1984 5844 2103 5883 cum
2144 5831 2203 5883 li—

2310 5844 2483 5887 autcm
2508 5847 2595 5888 est
2620 5853 2739 5893 cum
2758 5838 2995 5913 Hexaplo
3013 5845 3135 5913 alio,
3154 5848 3203 5900 in
3230 5863 3334 5916 quo
3366 5850 3462 5905 ista
3486 5852 3886 5912 adnotantur...
