4090 6442
211 395 276 454 ΙΙ
1185 399 1696 462 ΕΟΗΜΕΝΤΑΒΙΔ
1736 405 1801 461 ΙΝ

1915 407 2104 465 ΑΙΑΜ.
2143 442 2212 452 -
2249 409 2643 469 ΡωΔΤΙΟ.
3469 417 3540 473 82

204 519 494 574 Aecurate
555 519 846 576 editiones
885 534 1072 576 omnes
1122 531 1381 578 correctae
1419 532 1585 590 sunt;
1626 524 1810 584 collata

1940 527 2303 597 τυγχάνουσιν
2321 545 2333 559 ο
2357 527 2593 584 ἴστωσαν
2615 529 2722 602 γὰρ
2739 529 2815 595 ὡς
2840 531 2901 584 οὐ
2936 532 3096 603 μόνον
3126 530 3396 606 διαφόρως
3416 535 3543 605 ﬂvi-

203 610 354 666 euim
384 611 636 668 fuerunt
663 628 791 669 cum
823 614 1048 684 lett-apio
1075 613 1302 684 liesaiae,
1336 623 1391 671 et
1415 631 1539 672 cum
1572 615 1834 688 ilexaplo.

203 701 421 758 Prater
479 706 644 768 haec,
693 703 764 759 ab
808 704 966 760 initio
1003 707 1166 761 etiam
1195 751 1210 774 ,
1254 723 1432 777 usque
1466 707 1534 763 ad
1569 709 1833 765 visionem

205 789 361 864 Tyri,
394 794 744 850 accuratius
777 799 1119 850 emendatum
1167 806 1271 853 est.
1313 797 1450 854 Nam
1493 815 1616 854 cum
1659 808 1835 855 tomo-

203 899 326 939 rum
365 886 774 954 Expositionis
815 886 1066 956 Origenis
1116 889 1169 944 in
1212 889 1463 945 iiesaiam
1492 891 1648 962 copia
1680 891 1834 948 nobis

201 986 377 1043 esset,
412 977 633 1032 sedulo
664 979 1012 1035 advertentes
1037 995 1145 1050 quo
1175 995 1340 1037 sensu
1370 982 1615 1055 singulas
1643 986 1834 1041 dictio-

202 1084 299 1125 nes
330 1070 692 1140 accepisset,
731 1085 828 1142 pro
855 1070 1112 1142 facultate
1136 1074 1402 1145 quidquid
1439 1076 1830 1145 dubiumerat,

201 1163 271 1217 ad
318 1161 480 1217 illius
534 1164 877 1220 sententiam
908 1165 1269 1222 correximus.
1312 1165 1601 1225 Praeterea
1635 1169 1830 1225 collata

197 1265 284 1312 est
319 1254 502 1310 etiam
545 1255 914 1330 Septuaginta
955 1255 1312 1330 interpretum
1348 1259 1538 1328 editio,
1575 1277 1700 1319 cum
1740 1265 1830 1334 iis,

198 1363 322 1418 quae
355 1348 414 1402 in
441 1346 724 1404 Hessiam
759 1350 978 1420 scripsit
1001 1349 1267 1407 Eusebius
1295 1361 1384 1409 :et
1404 1353 1459 1409 in
1486 1356 1683 1427 quibus
1711 1371 1830 1415 erat

197 1439 474 1506 varietas,
500 1441 777 1514 indagato
801 1443 1179 1513 explicationis
1199 1458 1385 1512 sensu,
1411 1446 1478 1503 ad
1513 1449 1630 1519 ejus
1666 1450 1825 1508 ﬁdem

194 1533 667 1590 emendavimus.
710 1551 730 1587 ι
774 1531 1073 1607 Procopius
1106 1547 1290 1606 certe,
1321 1543 1414 1612 qui
1468 1557 1537 1598 ex
1581 1553 1825 1600 veterum

194 1621 541 1678 collectione
582 1639 747 1679 suum
778 1625 830 1680 in
869 1625 1119 1683 ﬂesaiam
1159 1627 1626 1690 Commentarium
1664 1637 1821 1692 ador-

195 1716 369 1783 navit,
408 1731 485 1772 ex
523 1715 778 1775 Eusebio
822 1720 1024 1790 passim
1053 1723 1222 1779 multa
1259 1723 1522 1798 decerpit,
1559 1732 1722 1787 modo
1757 1731 1824 1786 ad

192 1807 444 1865 litteram
475 1820 541 1866 et
566 1812 799 1866 verbum
823 1812 888 1868 de
911 1814 1079 1870 verbo
1107 1831 1122 1882 ;
1163 1817 1343 1884 modo,
1380 1830 1434 1876 et
1463 1821 1682 1892 quidem
1712 1821 1823 1877 fre-

1943 617 2150 690 χθησαν
2174 621 2234 674 ιν
2274 622 2388 685 τοῖς
2429 621 2664 693 νοήμασι
2704 621 2806 692 τῆς
2845 621 3204 678 θεοπνεύστου
3241 624 3466 699 Γμφῆς
3493 630 3544 682 oi

1940 710 2144 784 ταύτην
2182 713 2613 784 ἡρμηνευκότες,
2643 713 2780 769 ἀλλὰ
2815 713 2873 767 δὲ
2917 717 3012 769 καὶ
3047 715 3187 772 αὐτὰ
3214 717 3285 780 τὰ
3320 719 3545 791 ῥήματα

1939 803 2042 874 τῆς
2076 805 2247 876 αὐτῆς
2279 805 2429 870 Θείας
2467 806 2693 880 Γραφῆς
2725 807 2826 862 οὐκ
2862 806 2994 872 ἴσως
3032 796 3418 873 Stas-rallam.
3447 812 3545 868 καὶ

1939 895 2081 950 οὕτω
2113 897 2211 969 τὴν
2251 899 2549 972 ἑρμηνείαν
2579 900 2877 972 ἐπέθηκαν.
2923 900 2982 956 ὐ
3027 902 3126 974 μιν
3159 900 3272 979 γὰρ
3301 901 3545 972 πλείους,

1939 991 1966 1043 ὁ
1986 988 2042 1042 δὲ
2071 990 2268 1060 ἥττους
2302 991 2517 1063 στίχους
2545 991 2898 1064 προθέμενος,
2921 992 3022 1066 τὴν
3050 993 3311 1067 ἰξήγησιν
3349 995 3546 1069 timur

1939 1097 2090 1137 σατο.
2115 1082 2224 1136 Καὶ
2258 1083 2322 1135 ὲκ
2356 1083 2550 1139 τούτου
2577 1085 2828 1140 δοκοῦσιν
2873 1087 2922 1140 oi
2952 1085 3178 1162 ἀριθμοὶ
3201 1088 3316 1152 τοῖς
3365 1103 3544 1160 κεφα-

1937 1171 2110 1238 λαίοις
2155 1175 2522 1247 ἐπικείμενοι,
2551 1178 2924 1250 ὰναχαιτίξειν
2963 1179 3025 1234 τὸ
3053 1179 3248 1250 ιδαφος
3272 1179 3545 1251 ἀναγινώ-

1938 1282 2167 1332 σκοντας
2188 1270 2267 1332 είς
2290 1268 2352 1322 τὸ
2387 1271 2574 1342 πρόσω
2609 1271 2833 1342 βαίνειν.
2870 1271 2992 1346 Χρὴ
3028 1267 3123 1328 οὖν
3152 1273 3249 1329 καὶ
3287 1272 3544 1348 δεύτερον

1937 1358 2032 1412 καὶ
2054 1359 2238 1431 τρίτον
2282 1363 2579 1432 κεφάλαιον
2610 1362 2704 1418 τοῦ
2745 1364 2975 1434 ἐδάφους
3007 1365 3105 1438 τῆς
3133 1366 3299 1436 ἁγίας
3316 1366 3544 1440 Γραφῆς

1934 1451 2326 1521 ἀναγινώσκειν
2360 1472 2374 1486 ι
2403 1457 2497 1510 καὶ
2527 1455 2668 1512 οὕτω
2713 1456 2813 1522 τὰς
2854 1457 3186 1530 ἑγκειμένας
3215 1459 3538 1533 ἑρμηνείας,

1937 1542 2002 1595 ἵν’
2035 1543 2346 1600 εύσύνοπτσ.
2379 1546 2532 1600 ἔσται
2570 1549 2685 1612 τοῖς
2724 1547 3114 1620 ἐντυγχάνουσι
3149 1547 3220 1604 τὰ
3261 1550 3536 1624 νοήματα.

1935 1649 2199 1723 Prologus
2238 1654 2587 1709 eruditissimi
2627 1662 2678 1708 ει
2723 1655 3035 1710 nobilissimi
3074 1656 3279 1712 domini
3304 1655 3536 1714 Joannis

2247 1723 2539 1795 Dmngarii
2569 1728 2626 1781 in
2666 1725 2879 1780 beatum
2923 1723 3206 1783 Heuiam.

2008 1858 2027 1894 ι
2058 1839 2458 1914 Prophetarum
2495 1844 2924 1914 eloquentissimi
2959 1844 3129 1902 divini
3161 1845 3532 1906 Hessialibfo

191 1900 480 1968 quentius,
521 1901 773 2004 Eusebii.
796 1915 956 1960 sensa
1013 1907 1366 1975 paucioribus
1413 1913 1696 1983 exprimit.
1726 1913 1832 1970 Ve-
1862 1913 1904 1970 Β
1932 1900 2232 2004 prophetia:
2281 1951 2393 2006 pm
2430 1900 2685 1993 mnis“,
2734 1900 3006 2009 εξξθριοῑ
3030 1900 3526 2012 QJEEQCIO,

193 2005 312 2045 rum
363 1991 466 2048 hic
529 1991 798 2064 Procopii

847 1993 1288 2057 Commentarios
1339 2003 1515 2058 media
1575 2003 1692 2061 fere
1744 2022 1805 2062 su

1932 2042 2054 2082 cum
2089 2027 2419 2098 scriptorum
2450 2028 2806 2102 assequendae
2851 2029 3022 2086 menti
3050 2047 3149 2104 par
3187 2048 3300 2090 non
3323 2048 3524 2099 essem,

186 2091 346 2151 parte
380 2091 705 2141 truncatus
741 2089 806 2142 ad
840 2103 938 2146 nos
991 2091 1249 2160 devehit,
1283 2092 1620 2154 lectionibus
1651 2099 1829 2156 Hexa-

1929 2119 1998 2175 ad
2029 2121 2147 2192 ejus
2178 2121 2532 2191 interpretes,
2553 2137 2646 2179 seu
2683 2132 3145 2183 commentatores
3164 2141 3250 2183 me
3283 2129 3522 2192 contuli;

186 2173 406 2244 piorum
446 2176 729 2248 refertus,
752 2195 979 2252 quarum
1031 2194 1094 2238 ut
1140 2187 1432 2245 nonnullas
1461 2190 1628 2247 habet
1665 2193 1810 2250 Ense

1926 2173 1996 2269 ac
2017 2173 3244 2275 υῦί*ἀὶὲιίᾉῖιέιᾘὶᾙιῖιῖὧηῖὧῖῖέὶξ’ξιιξιειη
3271 2173 3523 2279 a‘nimad:

185 2264 332 2334 hius,
352 2266 434 2322 ita
473 2267 785 2342 plerasque
812 2271 990 2340 aﬂ'ert,
1022 2273 1293 2351 Procopio
1317 2281 1551 2340 intactas
1581 2294 1634 2341 et
1670 2286 1823 2342 inob-

183 2369 467 2415 servatas.
493 2360 803 2432 Caeterum,
845 2365 1068 2424 allatum
1117 2370 1257 2428 istuc
1303 2375 1371 2430 de
1419 2375 1628 2434 Hesaim
1681 2377 1823 2436 libro

187 2449 620 2542 testimonium,
656 2454 834 2525 palam
864 2468 949 2515 est
996 2460 1264 2532 scriptum
1305 2463 1478 2524 fuisse
1529 2479 1819 2542 antequam

182 2534 439 2610 Hexapla
491 2543 814 2599 interirent.
856 2545 1013 2615 Quod
1052 2553 1398 2621 quandonam
1441 2534 1730 2628 acciderit,
1765 2564 1817 2618 in

181 2632 528 2690 collectione
559 2633 937 2708 Hexaplorum
977 2643 1289 2715 propediem
1336 2647 1569 2717 edenda,
1597 2653 1817 2727 indaga-

186 2723 375 2781 bimus
409 2727 519 2799 (2).

254 2816 356 2910 llis
383 2819 685 2890 subjicere
718 2823 892 2880 visum
918 2834 1000 2884 est
1030 2828 1314 2902 prologum
1351 2833 1403 2889 in
1430 2836 1616 2892 codice
1643 2837 1815 2910 Regio

181 2905 527 2981 bombycino
562 2912 794 2969 Catenae
823 2915 874 2970 in
903 2916 1154 2974 Hesaiam
1179 2925 1483 2994 prmtixum,
1513 2928 1604 2996 qui
1626 2905 1812 2998 lectori

197 3016 300 3058 nec
333 3004 698 3076 injucundus
728 3023 828 3064 nec
853 3009 1224 3072 infructuosus
1254 3018 1380 3073 erit.

183 3145 510 3227 Πρόλοτρς
525 3145 649 3227 τοᾷ
681 3146 1046 3227 λοτωηάτου
1099 3149 1200 3204 καί
1248 3158 1812 3227 πανευγενεστάτου

254 3215 454 3300 κυρῷ
496 3215 797 3300 Ἰωᾴχνοι)
838 3217 948 3288 τῆς
980 3222 1388 3294 Δρουγγαριας
1427 3215 1544 3300 (ξιτ)
1574 3231 1663 3296 είς
1706 3231 1810 3284 τὸν

254 3286 567 3357 μακάριον
609 3287 877 3343 Ἡσαΐαν.

254 3420 372 3494 Τῆς
410 3439 766 3496 προφητειας
791 3425 886 3479 τοῦ
928 3425 1218 3484 θεσπεσίου
1257 3431 1482 3488 Ἡσαΐου
1509 3436 1603 3490 τοῦ
1638 3455 1807 3509 μεγαι

182 3511 574 3585 λοφωνοτάτου
603 3517 715 3571 τῶν
742 3521 1036 3592 προφητῶν
1076 3525 1177 3596 τὴν
1209 3524 1394 3597 βίϐλον
1434 3531 1576 3600 μετὰ
1616 3537 1806 3606 χεῖρας

183 3604 392 3674 λαϐὼν,
414 3610 518 3665 καὶ
533 3610 748 3700 ταύτης
763 3612 865 3684 τὴν
881 3613 1187 3684 ἀνάγνωσιν
1209 3623 1602 3694 ποιησάμενος,
1621 3604 1718 3680 καί
1730 3628 1805 3700 μὴ

181 3699 460 3771 εὑρίσκων
500 3703 607 3774 τῆς
641 3690 753 3758 τιῖῖν
781 3709 1184 3779 γεγραμμένων
1220 3690 1458 3780 διανοίας
1493 3690 1800 3787 ἐφικέσθαι,

182 3794 318 3865 πρὸς
352 3797 490 3860 τοὺς
538 3797 754 3870 ταύτην
793 3799 1230 3872 ἢρμηνευκότας,
1273 3806 1443 3879 ἦγουν
1472 3811 1804 3886 ὑπομνημα-

180 3884 446 3951 τίσαντας
478 3887 795 3960 ἀνέδραμον
813 3930 830 3955 ,
857 3891 952 3945 καὶ
982 3893 1083 3967 τὴν
1122 3893 1275 3950 λύσιν
1314 3898 1424 3954 τῶν
1453 3884 1802 3974 ζητουμένων

177 3975 481 4052 δυαφόρως,
518 3980 600 4045 ὡς
641 3975 752 4036 οἷόν
792 4000 874 4048 τε,
916 3984 1114 4058 εὑρὼν,
1151 3988 1450 4059 ἀναγκαῖον
1503 3995 1801 4068 ἡγησάμην

176 4069 303 4140 τῇδε
355 4074 429 4144 τῇ
478 4070 659 4143 βίϐλῳ
717 4075 1094 4146 παραθέσθαι,
1131 4079 1219 4136 ίνα
1254 4087 1368 4149 τοῖς
1412 4086 1801 4158 ἐντυγχάνουσι

179 4163 494 4235 κατάδηλος
546 4167 583 4237 ἠ
630 4164 740 4221 τῶν
787 4169 1182 4243 ἀπορουμένων
1235 4181 1500 4250 σαφήνεια
1550 4181 1797 4251 γένηται.

177 4253 387 4327 Μηδεὶς
437 4258 500 4312 δὲ
564 4258 647 4324 ὡς
696 4261 1020 4336 ἑτεροδρξων
1073 4268 1370 4340 ἑρμηνείας
1435 4275 1800 4342 συναγαγόντι

178 4345 510 4416 ιγκαλείτω
558 4351 713 4423 φημὶ
755 4351 819 4426 δὴ
875 4355 1201 4428 Ὠριγένους,
1239 4362 1334 4416 mi.
1387 4363 1652 4418 Εὐσεϐίου
1703 4368 1798 4422 τοῦ

178 4438 550 4515 Καισαρείας,
578 4445 681 4499 καὶ
708 4443 986 4522 Θεοδώρου
1041 4450 1510 4539 Ἦρακλείαςκκαὶ
1531 4458 1794 4516 Εὑσεϐίου

187 4535 450 4610 Ἐμέσης,
478 4541 582 4594 καὶ
616 4541 1026 4617 ’Δπολλιναρίου
1045 4587 1059 4612 ,
1084 4549 1179 4603 καὶ
1205 4535 1539 4624 Θεοδωρίτου
1568 4556 1754 4628 Κύρου
1778 4576 1791 4588 ο

1923 2307 2088 2372 verti,
2104 2307 2475 2362 necessarium
2496 2306 2620 2363 duxi
2646 2309 2770 2365 huic
2797 2308 2936 2365 libro
2957 2324 3179 2366 manum
3209 2313 3525 2383 admovere,

1924 2409 1983 2454 ut
2024 2413 2144 2468 qua:
2183 2398 2385 2454 ibidem
2413 2397 2647 2456 obscura
2676 2408 2731 2456 et
2763 2401 2943 2457 dubia
2965 2403 3250 2460 sententia
3278 2411 3522 2474 exstant,

1922 2488 2080 2558 plana
2111 2485 2422 2559 legentibus
2465 2491 2783 2546 evaderent.
2823 2489 2905 2549 Ne
2935 2494 3058 2564 quis
3086 2507 3218 2550 vero
3247 2495 3377 2552 mihi
3415 2498 3523 2553 criv

1921 2579 2052 2634 mini
2107 2589 2303 2645 vertat,
2342 2583 2487 2652 quod
2531 2584 2992 2643 beterodoxorum
3039 2589 3522 2660 interpretationes

1917 2672 2519 2748 collegerim,:0rigenis
2537 2679 2684 2744 dico,
2704 2679 2921 2736 Eusebii
2948 2680 3322 2753 Cresariensis,
3341 2683 3522 2743 Theo-

1917 2765 2036 2820 dori
2085 2767 2462 2838 Heracleotaa,
2504 2770 2726 2828 Eusebii
2769 2773 3019 2830 Emeseni
3044 2817 3059 2842 ,
3099 2777 3426 2848 Apollinarii
3465 2789 3522 2837 et

1918 2856 2244 2916 Theodoreti
2272 2862 2396 2934 Cyri
2430 2879 2594 2919 :nam
2625 2866 2681 2930 ii,
2718 2881 2841 2922 cum
2868 2884 2972 2922 non
2999 2870 3065 2924 de
3105 2871 3219 2926 suis
3249 2872 3520 2942 dogmati-

1916 2951 2017 3007 bus
2047 2954 2214 3009 verba
2252 2953 2484 3024 faciunt,
2528 2957 2800 3013 interdum
2830 2960 3061 3030 pulchre
3097 2964 3510 3020 ratiocinantur.

1915 3042 1970 3098 Id
1998 3059 2162 3115 porro
2192 3062 2298 3102 non
2327 3058 2460 3104 nutu
2489 3059 2544 3106 et
2576 3051 2850 3107 arbitratu
2895 3069 3016 3108 meo
3044 3053 3144 3110 feci
3172 3071 3186 3122 ;
3223 3055 3319 3111 sed
3354 3056 3518 3113 obse-

1915 3147 2073 3194 cutus
2098 3139 2448 3198 sanctissimo
2479 3141 2627 3199 Patri
2660 3154 2853 3200 nostro
2898 3144 3134 3216 Cyrillo,
3159 3147 3381 3206 Christo
3415 3149 3515 3206 ad-

1916 3232 2074 3288 dicta:
2103 3244 2157 3289 et
2183 3249 2392 3307 magnae
2410 3237 2789 3294 Alexandrinae
2813 3240 3052 3298 civitatis
3076 3242 3514 3318 archiepiscopo,

1910 3326 2002 3395 qui
2032 3326 2084 3381 in
2114 3341 2211 3382 sua
2247 3330 2314 3385 ad
2350 3328 2636 3401 Eulogium
2665 3332 2893 3401 epistola
2925 3334 3002 3388 ait
3048 3348 3064 3388 :
3105 3353 3124 3388 ι
3171 3335 3294 3394 Non
3330 3341 3515 3396 omnia

1912 3418 2294 3476 haereticorum
2351 3421 2498 3476 dicta
2560 3421 2817 3493 fugienda
2874 3434 2931 3481 et
2972 3430 3277 3498 respuenda
3338 3442 3510 3501 sunt;

1909 3509 2076 3566 multa
2115 3512 2260 3568 enim
2290 3515 2641 3581 conﬁtentur,
2667 3531 2789 3586 qua:
2822 3533 2920 3575 nos
2960 3521 3090 3578 item
3117 3524 3461 3584 conﬁtemur.
3489 3548 3510 3582 ι

1909 3598 2022 3657 lloc
2063 3600 2194 3657 item
2250 3605 2514 3661 monitum
2562 3607 2819 3664 lectorem
2858 3612 3040 3681 volui,
3075 3631 3331 3688 magnum
3367 3620 3514 3677 scili-

1906 3701 1992 3748 cet
2019 3692 2279 3750 Basilium
2316 3694 2480 3763 huius
2514 3703 2814 3770 prophetiae
2840 3714 3051 3776 partem
3090 3707 3510 3780 interpretatum

1905 3801 2028 3844 esse
2059 3803 2072 3840 :
2102 3804 2222 3857 quae
2247 3798 2422 3844 tamen
2454 3791 2856 3864 interpretatio,
2888 3814 2956 3854 an
2983 3799 3102 3870 ejus
3139 3803 3234 3870 sit,
3265 3819 3296 3858 a
3329 3805 3512 3862 multis

1906 3879 1957 3933 in
2012 3880 2233 3936 dubium
2293 3891 2533 3938 vocatur.
2575 3883 2767 3956 Opera:
2822 3892 3057 3958 pretium
3111 3910 3328 3967 quoque
3380 3897 3512 3956 duxi

1905 3972 2007 4027 hoc
2037 3971 2339 4044 legentibus
2370 3974 2610 4033 indicare
2648 3987 2923 4036 et.notum
2957 3983 3160 4052 facere,
3186 3987 3510 4062 interpretes

1903 4074 1958 4118 et
1991 4074 2469 4133 commentatores,
2516 4085 2623 4124 non
2666 4073 2848 4141 modo,
2881 4077 3057 4145 quoad
3103 4080 3300 4138 divinze
3353 4084 3510 4139 Scri-

1901 4169 2076 4227 ptura:
2104 4175 2323 4215 sensum
2355 4171 2410 4215 et
2443 4162 2884 4234 intelligentiam,
2924 4180 3112 4227 mutuo
3146 4173 3460 4247 discrepare
3488 4216 3507 4245 ,

1901 4252 1995 4306 sed
2025 4252 2189 4308 etiam
2249 4254 2366 4323 ipsa
2421 4255 2620 4312 divina:
2671 4257 2968 4329 Scriptura:
3025 4265 3190 4320 verba
3245 4283 3350 4325 nou
3388 4272 3508 4340 pari

1901 4345 2063 4400 modo
2109 4346 2424 4403 distinxisse
2474 4349 2527 4404 in
2575 4351 2692 4407 suis
2747 4353 3336 4429 interpretationibus;
3377 4379 3502 4418 nam

1907 4439 1999 4494 alii
2053 4440 2332 4511 pluribus,
2372 4445 2465 4500 alii
2515 4447 2864 4516 paucioribus
2903 4453 3170 4523 appositis
3214 4462 3506 4527 versibus,

1898 4534 2272 4602 expositiones
2321 4552 2448 4594 suas
2500 4540 2836 4597 adornarunt
2884 4559 2899 4596 :
2943 4545 3177 4617 indeque
3227 4560 3314 4606 est
3357 4552 3503 4621 quod

175 4626 332 4718 huic
356 4633 475 4705 γὰρ
511 4633 594 4706 μὴ
626 4633 758 4707 περὶ
789 4635 898 4692 τῶν
931 4638 1077 4694 ίδίων
1105 4640 1395 4715 δογμάτων
1431 4626 1792 4718 διαλέγονται,

1915 4628 2114 4683 numeri
2140 4631 2411 4701 capitibus
2449 4636 2658 4704 praiixi
2690 4651 2808 4704 eos,
2845 4639 2939 4709 qui
2973 4648 3177 4695 textum
3209 4642 3383 4713 ipsum
3418 4643 3500 4700 le-

174 4717 319 4778 ίστιν
336 4724 434 4778 ὅτε
453 4723 647 4790 καλῶς
670 4726 1042 4788 ἐπιϐάλλουσι.
1057 4733 1172 4787 Καὶ
1192 4735 1351 4790 τοῦτο
1375 4736 1433 4790 δὲ
1450 4739 1552 4794 οὐκ
1568 4717 1792 4797 αὐτονό-

178 4829 291 4884 μως
319 4817 646 4889 πεποίηκαο
673 4817 789 4872 ἀλλ’
804 4820 1177 4896 ἀκολουθήσας
1204 4827 1286 4899 τῷ
1310 4829 1599 4905 ἁγιωτάτῳ
1637 4836 1793 4907 ήμῶν

175 4903 350 4980 Πατρὶ
389 4908 473 4980 τῷ
511 4907 622 4979 τῆς
679 4909 1058 4986 Ἀλεξάνδρου,
1092 4917 1443 4992 φιλοχρίστου
1464 4964 1479 4988 ,
1507 4903 1793 4993 Μεγάλου-

176 4998 382 5090 tunsa;
408 5002 842 5076 ἀρχιεπισκόπῳ
870 5006 1160 5080 Κυρίλλῳ,
1186 5011 1421 5084 φήσαντι
1451 5016 1511 5070 ὲν
1553 5019 1619 5090 τῇ
1657 5021 1795 5089 πρὸς

173 5087 435 5162 Εὑλόγιον
479 5093 755 5167 δπιστολῇ
773 5111 788 5126 °
820 5099 902 5152 Οὐ
921 5099 1122 5156 πάντα
1153 5093 1275 5158 ὅσα
1303 5087 1675 5176 ,λέγουσιῦ’οί
1704 5087 1792 5168 ἀι-

169 5185 395 5257 ρετικοι
451 5187 716 5256 φεύγειν
765 5189 861 5242 καὶ
904 5195 1322 5262 παραιτεῖσθαι
1376 5198 1493 5269 χρή
1540 5218 1555 5231 ο
1590 5205 1794 5260 πολλὰ

175 5276 278 5348 τὰρ
312 5281 747 5352 όμολογυῦσιν
764 5274 851 5336 ὧν
878 5285 976 5339 καὶ
997 5287 1173 5358 ἡμεῖς
1221 5289 1652 5365 ὁμολογοῦμεν.
1678 5297 1790 5352 Καὶ

175 5367 327 5426 τοῦτο
358 5371 422 5426 δὲ
449 5370 770 5444 κατάδηλον
795 5375 935 5428 ποιῶ
961 5381 1073 5444 τοῖς
1103 5381 1549 5454 ἐντυγχάνουσιν,
1568 5387 1646 5451 ὡς
1671 5389 1701 5442 ό
1730 5389 1790 5443 ὲν

174 5460 346 5529 ἁγίοις
393 5463 714 5529 Βασίλειος,
766 5467 930 5541 μέρος
957 5488 1010 5525 τι
1029 5472 1126 5545 τῆς
1164 5475 1224 5530 ἑν
1260 5475 1421 5548 χερσὶ
1453 5479 1792 5553 προφητείας

172 5553 544 5630 ἡρμήνευσεν·
561 5560 697 5631 ἥτις
735 5560 1000 5634 ἑρμηνεία
1030 5566 1183 5637 παρά
1207 5566 1425 5634 πολλοῖς
1454 5571 1792 5644 ἀμφιδάλλι.

171 5663 271 5706 ται.
299 5651 650 5723 Ἀναγκαῖον
683 5650 743 5705 δὲ
769 5650 957 5726 ᾠήθην
988 5657 1084 5713 καὶ
1109 5657 1269 5714 τοῦτο
1304 5662 1632 5736 παραθεῖναι
1649 5665 1790 5737 τῷδε

169 5739 243 5813 τῷ
269 5743 558 5817 προοιμίῳ
582 5742 734 5816 πρὸς
763 5746 1069 5818 φανέρωσιν
1097 5752 1193 5806 καὶ
1231 5756 1534 5828 σαφήνειαν
1559 5761 1673 5825 τοῖς
1698 5760 1787 5817 ἑν-

229 5917 307 5994 (2)
334 5918 478 5981 Vide
520 5918 770 5993 hujusce
799 5918 1119 5998 Patroiogic
1147 5937 1188 5990 t.
1227 5929 1344 5992 XV.

1902 4733 2054 4794 gunt,
2087 4725 2154 4780 ad
2187 4725 2445 4783 ulteriora
2478 4732 2756 4789 remittere
2807 4735 3119 4792 videantur.
3157 4737 3306 4808 Opus
3335 4740 3500 4811 igitur

1901 4827 1985 4870 est
2008 4817 2238 4873 alterum
2259 4821 2548 4878 tertiumve
2570 4836 2730 4893 caput
2757 4835 2937 4884 textus
2963 4840 3168 4886 sancta:
3201 4831 3502 4902 Scriptum

1902 4907 2103 4978 legere,
2132 4921 2187 4966 et
2219 4923 2405 4980 postea
2440 4917 2716 4987 appositas
2757 4919 3272 4991 interpretationes,
3304 4937 3364 4982 ut
3404 4939 3498 4982 ea-

1901 5014 2023 5054 rum
2054 5016 2248 5059 sensus
2281 5003 2468 5062 lectori
2499 5007 2675 5064 facilis
2704 5009 3008 5084 obviusque
3041 5015 3134 5071 sit.
3171 5035 3190 5069 ι

1976 5093 2042 5150 lii
2083 5111 2295 5166 omnes,
2347 5100 2424 5155 uti
2468 5102 2675 5168 videas,
2709 5105 3028 5175 scriptores,
3058 5108 3318 5166 videlicet
3365 5110 3492 5167 Ori-

1889 5201 2079 5257 genes,
2126 5188 2396 5248 Eusebius
2434 5194 2813 5265 Cesariensis,
2845 5198 3168 5259 Theodorus
3199 5202 3492 5261 Heracleo-

1893 5289 1995 5346 tes,
2037 5280 2308 5340 Eusebius
2347 5286 2679 5356 Emesenus,
2727 5291 3100 5360 Apollinarius
3132 5306 3189 5351 et
3230 5295 3487 5352 Theodo-

1897 5383 2070 5441 retus,
2101 5376 2246 5432 inter
2275 5378 2568 5438 hereticos
2611 5384 3086 5443 numerabantur:
3124 5402 3229 5457 qua
3267 5389 3333 5443 de
3369 5403 3428 5442 re
3457 5403 3489 5443 a

1895 5467 2128 5537 septimo
2170 5470 2372 5526 saeculo
2406 5487 2514 5527 una
2545 5473 2648 5528 l’uit
2679 5475 2924 5531 omnium
2959 5474 3133 5533 ferme
3172 5478 3490 5534 Graecorum

1896 5562 2190 5616 sententia.
2235 5561 2422 5619 Basilii
2464 5579 2597 5621 vero
2628 5563 3073 5624 Commentarios
3143 5569 3236 5624 ille
3285 5569 3490 5639 imper-

1895 5647 2094 5716 fectus,
2141 5653 2194 5709 in
2243 5654 2458 5722 νοθείας
2502 5655 2868 5726 suspicionem
2907 5668 3155 5728 vocatus,
3199 5671 3259 5717 ut
3292 5653 3490 5715 testiti-

1901 5752 2060 5800 catur
2083 5740 2324 5804 Joannes
2353 5748 2460 5807 iste
2493 5747 2856 5819 Druugarius,
2884 5767 2915 5810 a
2942 5749 3131 5810 multis
3156 5750 3320 5809 hodie
3345 5749 3495 5811 iuta
