4090 6406
678 342 748 400 85
1341 335 1610 394 EUSEBII
1643 334 2115 392 CIESARIENSIS
2152 335 2301 391 OPP.
2340 333 2516 390 PARS
2552 334 2640 389 ill.
2679 363 2748 376 -—
2786 330 3192 387 EXEGETICA.
3836 330 3896 388 81

670 460 830 516 dubia
860 471 1017 526 opera
1058 463 1327 515 censetur.
1362 455 1643 510 Hodiernis
1673 469 1832 524 perm
1862 453 2220 523 scriptoribus
2248 456 2295 513 Α
2322 451 2518 516 cuum‘,
2562 448 2656 519 qui
2705 449 2832 503 hinc
2864 445 3261 517 quamplurima
3310 444 3646 513 eapiscatur,
3677 458 3732 499 et
3771 459 3897 498 non-

667 550 783 605 bac
828 548 1104 603 dubitandi
1144 562 1302 602 causa
1331 556 1432 612 est,
1479 546 1753 613 silentium
1802 561 1993 616 nempe
2027 545 2218 600 Hiero-

665 638 834 710 nymi,
863 638 955 709 qui
988 653 1111 694 cum
1138 639 1191 692 in
1223 638 1443 707 prologo
1476 652 1574 691 suo
1604 636 1670 690 ad
1699 634 1911 692 Hesaim
1941 637 2221 691 Commen-

662 731 801 783 taria
851 745 1065 799 omnes,
1116 739 1379 799 quotquot
1428 739 1583 783 antea
1641 728 1845 783 Hesaia:
1900 732 2218 798 interpretes

660 830 916 889 egerant,
966 829 1212 875 accurate
1271 829 1576 881 recenseat,
1632 836 1697 875 ne
1743 821 1847 890 γρὺ
1894 819 2109 888 quidem
2154 818 2219 872 de

660 908 842 964 Basilii
898 911 1285 964 commentario
1341 910 1544 974 habet;
1597 907 1799 964 Graecis
1848 916 2027 961 autem
2093 907 2216 961 hinc

660 999 804 1054 haud
834 1000 995 1054 dubie
1025 1000 1259 1068 suspicio
1308 1002 1644 1063 nascebatur,
1672 1002 1811 1070 quod
1857 1001 2026 1072 stylus
2054 999 2217 1055 Com-

661 1092 1045 1149 mentariorum
1110 1093 1379 1149 Basiliano
1427 1096 1578 1164 longe
1632 1094 1895 1147 absimilis
1948 1094 2210 1147 videatur.

659 1182 793 1240 Hem
836 1183 1100 1239 mittimus
1137 1186 1355 1251 nostris,
1398 1186 1489 1256 qui
1522 1185 1701 1239 Basilii
1747 1198 1969 1253 operum
2020 1183 2214 1238 editio-

658 1284 780 1330 nem
809 1288 1013 1328 novam
1036 1275 1320 1330 adornant.

726 1364 852 1419 Haec
890 1372 1084 1420 catena
1123 1380 1151 1419 a
1192 1364 1398 1421 Joanne
1444 1365 1745 1435 Drungario
1786 1366 2010 1421 collecta
2061 1382 2214 1438 repe«

656 1455 798 1511 ritur
832 1456 958 1511 item
1006 1456 1057 1509 in
1098 1456 1279 1511 codice
1328 1456 1497 1527 Regio
1555 1471 1705 1511 num.
1735 1455 1895 1522 i89i,
1929 1456 2106 1512 saeculi
2156 1473 2209 1525 x,

656 1548 1103 1613 membranaceo,
1146 1556 1333 1615 estque
1375 1547 1445 1601 ibi
1479 1562 1669 1618 magna
1712 1548 1795 1601 sui
1842 1556 1991 1617 parte
2028 1547 2211 1601 mutila

2324 556 2599 610 nunquam
2651 539 2868 595 Eusebii
2919 536 3419 606 interpretationes,
3457 544 3516 589 ut
3567 535 3658 589 hic
3697 535 3899 590 baben-

2321 644 2427 697 tur,
2478 633 2632 702 quasi
2689 631 2785 686 abs
2835 645 2892 684 re
2930 630 3091 684 datas
3130 629 3349 697 depellit
3378 636 3440 683 et
3465 625 3735 683 conlutat.
3780 626 3896 682 lmo

2321 726 2436 793 ipse
2472 723 2738 779 Eusebius
2778 736 2901 777 sese
2944 721 3120 792 prodit
3174 720 3334 787 hujus
3367 720 3763 776 Commentarii
3798 734 3899 774 auo

2319 825 2553 882 cterem,
2602 830 2721 870 cum
2774 824 2949 870 motas
3004 816 3072 870 ab
3126 814 3374 870 Ethnicis
3425 816 3489 868 in
3529 813 3899 870 Christianum

2318 920 2513 962 nomen
2563 908 2875 962 vexationes
2924 916 2980 963 et
3018 906 3383 975 carniﬁcinas,
3411 907 3651 975 itemque
3697 908 3899 975 princi-

2316 1012 2442 1067 pum
2486 997 2616 1052 olim
2664 997 2961 1052 inﬁdelium
2996 998 3063 1051 ad
3121 996 3279 1051 ﬁdem
3330 999 3783 1062 conversionem,
3838 1005 3908 1051 ut

2314 1090 2560 1145 oculatus
2614 1089 2765 1145 testis
2805 1098 3109 1143 memorat:
3150 1090 3245 1144 sed
3301 1090 3539 1145 maxime
3593 1090 3682 1145 ubi
3717 1090 3897 1145 Chro-

2314 1181 2435 1235 nica
2482 1182 2551 1236 ab
2601 1196 2660 1237 se
2714 1182 2858 1237 edita
2914 1182 3101 1235 laudat
3152 1180 3240 1237 his
3289 1182 3471 1237 verbis
3521 1184 3588 1236 ad
3642 1197 3763 1253 cap.
3793 1195 3896 1237 xm

2314 1268 2539 1336 Hesaia,
2574 1272 2662 1343 Τῷ
2700 1274 2757 1327 δὲ
2786 1274 3047 1344 φάσκοντι
3079 1274 3243 1345 λόγῳ·
3290 1275 3435 1329 Ἰδοὺ
3466 1273 3724 1344 ἐπεγερῶ
3755 1272 3899 1344 ὑμῖν

2312 1362 2454 1429 τοὺς
2496 1363 2759 1432 Μήδους,
2814 1368 3161 1438 μαρτυρεῖοή
3209 1366 3309 1436 τῆς
3357 1366 3595 1437 ἱστορίας
3633 1365 3895 1429 ἔκϐασις·

2312 1451 2657 1523 ἀνάγραπτος
2688 1450 2824 1509 οὖσα
2858 1458 3007 1527 παρὰ
3038 1458 3153 1519 τοῖς
3209 1455 3477 1527 Ἑλλήνων
3509 1454 3578 1509 τὰ
3619 1454 3904 1521 Χαλδαϊκὰ

2312 1539 2405 1592 καὶ
2436 1542 2504 1593 τὰ
2540 1542 2875 1615 ’Δσσυριακὰ
2905 1543 3407 1616 συγγραψαμένοις.
3436 1547 3550 1609 τοῖς
3582 1561 3642 1597 τε
3674 1544 3742 1597 τά
3784 1544 3901 1615 Μη-

659 1638 728 1692 ab
762 1639 935 1692 initio.
961 1638 1157 1693 Catena
1192 1647 1373 1692 autem
1410 1638 1520 1693 alia
1562 1640 1616 1693 in
1650 1638 1818 1709 Regio
1852 1639 2038 1694 codice
2071 1637 2210 1692 2457

2319 1627 2435 1684 Βικὰ
2479 1632 2853 1705 ἱστορηκόσιν·
2887 1628 2960 1689 ὧν
2995 1635 3091 1689 καὶ
3136 1636 3312 1706 ἡμεῖς
3340 1635 3600 1700 πλείστας
3640 1636 3899 1703 ἀνελεξά⁹

658 1731 728 1785 ab
765 1731 867 1785 hac
913 1729 1070 1799 longe
1116 1730 1333 1784 diversa
1380 1736 1495 1794 est,
1535 1743 1598 1783 ac
1625 1743 1884 1798 perquam
1938 1728 2208 1783 minimam

2316 1719 2453 1788 μεθα
2500 1726 2811 1795 μαρτυρίας
2852 1727 2910 1780 ἐν
2944 1729 3055 1790 τοῖς
3071 1725 3379 1798 πονηθεῖαιν
3418 1729 3550 1798 ἡμῖν
3586 1728 3903 1797 Χρονικοῖς

657 1821 900 1875 locorum
937 1828 1146 1889 partem
1182 1817 1359 1885 aﬁ'ert,
1404 1818 1804 1887 innumerisque
1854 1819 2061 1874 mendis
2105 1817 2209 1873 fte-

2319 1812 2756 1884 συγτῬάμμασ-ι.
2799 1813 2856 1873 id
2901 1825 3018 1883 cst,
3062 1835 3081 1869 ι
3110 1816 3247 1873 Huic
3284 1828 3462 1875 autem
3497 1819 3643 1875 dicto
3693 1838 3707 1874 :
3755 1816 3895 1873 Ecce

660 1913 849 1978 datur,
893 1912 997 1969 etsi
1046 1910 1365 1981 perantiqua
1411 1927 1424 1962 :
1467 1923 1589 1964 nam
1626 1909 1818 1965 decimi
1871 1910 1998 1964 item
2036 1909 2218 1968 saeculi

657 2013 764 2060 est.

659 2112 728 2166 II.
747 2114 1033 2179 Degenero
1064 2114 1503 2225 tnterpretancﬂsgt
1523 2112 1588 2162 de
1631 2117 1853 2163 veterum
1893 2113 2219 2176 interpretum

728 2279 887 2349 Quod
924 2280 991 2335 ad
1034 2277 1424 2352 interpretandi
1474 2277 1763 2342 rationem,
1810 2291 1914 2348 qua
1961 2277 2221 2335 Eusebius

657 2372 763 2429 hoc
805 2374 859 2427 iu
895 2370 1285 2427 Commentaric
1336 2371 1530 2435 utitur,
1580 2367 1843 2424 adeantur
1897 2383 1963 2423 ea
2010 2382 2130 2438 quas
2164 2371 2217 2424 in

658 2462 1114 2519 Prteliminaribus
1162 2462 1229 2517 ad
1281 2462 1655 2532 Expositiones
1725 2460 1779 2515 in
1830 2459 2071 2516 Psalmos
2116 2462 2219 2517 hac

660 2556 728 2609 de
761 2568 820 2627 se
855 2553 1089 2609 diximus
1128 2553 1211 2623 (ὅ)
1242 2571 1256 2607 :
1294 2554 1478 2608 eodem
1529 2551 1673 2606 enim
1723 2550 2005 2621 utrobique
2043 2551 2217 2622 expli-

657 2644 815 2699 candi
860 2658 1056 2712 genere
1100 2643 1341 2714 procedit
1381 2661 1395 2697 :
1430 2656 1494 2697 ac
1543 2642 1829 2698 litteralcm
1869 2645 2049 2710 modo,
2093 2658 2219 2700 mox

657 2734 1078 2807 mystagogicum
1118 2741 1173 2790 et
1221 2734 1569 2806 allegoricum
1618 2748 1835 2789 sensum
1885 2735 2120 2805 exquirit
2165 2745 2219 2790 ei

659 2824 836 2881 aﬂert.
869 2810 1131 2880 Nimirum
1166 2839 1229 2881 ea
1261 2825 1585 2894 explanandi
1615 2826 1701 2879 via
1731 2826 1781 2879 in
1812 2825 2044 2881 Psalmis
2078 2836 2133 2882 et
2164 2827 2219 2881 in

657 2916 947 2988 prophetia
981 2916 1210 2980 Hesaiae,
1241 2916 1336 2973 ubi
1367 2915 1623 2985 frequens
1652 2916 1851 2972 Christi
1880 2926 1935 2973 et
1968 2918 2220 2975 Ecclesia:

658 3009 881 3073 mentio,
923 3008 1217 3077 praesertim
1264 3007 1495 3063 ineunda
1524 3017 1645 3063 est:
1676 3024 1838 3077 quam
1883 3010 2215 3080 disciplinam

660 3100 1108 3169 evangelistarum
1173 3098 1645 3169 apostolorumque
1702 3100 1947 3169 exemplo
1999 3109 2218 3157 tenuere

661 3188 763 3245 SS.
801 3189 1007 3247 Patres.
1062 3187 1417 3254 Quamobrem
1477 3188 1830 3260 Hieronymus
1868 3206 1972 3245 non
2018 3207 2084 3248 eo
2117 3194 2223 3248 Eu-

659 3281 868 3337 sebium
918 3281 1132 3349 carpit,
1177 3282 1317 3350 quod
1372 3278 1619 3335 Hesaiatn
1669 3281 1958 3352 allegorico
1996 3283 2221 3340 subinde

659 3388 813 3431 more
848 3374 1267 3442 interpretetur;
1320 3374 1412 3427 sed
1466 3372 1607 3442 quod
1666 3376 2052 3443 promissorum
2120 3377 2221 3432 im-

658 3481 884 3530 memor,
913 3466 1004 3535 qui
1034 3480 1091 3521 se
1122 3464 1407 3541 litteralcm
1436 3464 1857 3534 bistoricamque
1899 3468 2217 3522 sententiam

656 3558 944 3613 allaturum
982 3557 1260 3627 professus
1299 3565 1445 3621 erat,
1492 3557 1760 3611 interdum
1794 3559 1858 3611 ad
1908 3558 2217 3629 allegoriam

656 3650 905 3706 declinet.
955 3648 1087 3705 Nam
1142 3649 1256 3717 ipse
1305 3646 1664 3717 Hieronymus
1696 3650 1748 3703 in
1792 3649 2064 3719 allegoriis
2112 3649 2220 3706 i‘re-

655 3755 853 3809 quens,
905 3740 1046 3794 hanc
1098 3739 1261 3793 tradit
1302 3735 1356 3791 in
1407 3750 1629 3807 prouogo
1679 3740 1962 3807 regulam:
2016 3759 2035 3793 ‹
2068 3740 2220 3798 Unde

654 3840 776 3900 post
830 3828 1072 3884 historia:
1121 3830 1438 3890 veritatem,
1490 3828 1841 3897 spiritualiter
1911 3830 2216 3899 accipienda

658 3932 795 3977 sunt
814 3924 991 3977 omnia
1018 3939 1032 3977 :
1062 3930 1117 3976 et
1162 3920 1242 3975 sic
1277 3918 1457 3976 Judata
1502 3929 1557 3973 et
1603 3912 1926 3985 Jérusalem,
1972 3921 2216 3992 Babylon

658 4024 714 4068 et
751 4012 1118 4077 Philisthiim,
1165 4010 1319 4068 Moab
1364 4020 1421 4066 et
1473 4010 1799 4079 Damascus,
1846 4012 2113 4083 Egyptus
2164 4024 2219 4069 et

659 4104 935 4160 desertum
988 4116 1155 4164 mare,
1204 4101 1432 4155 ldumtea
1461 4110 1514 4155 et
1560 4100 1775 4166 Arabia,
1819 4116 1885 4156 ac
1930 4101 2098 4157 Vallis
2141 4104 2221 4158 vi-

660 4193 873 4257 sionis;
912 4202 967 4247 et
1018 4191 1085 4245 ad
1134 4200 1432 4245 extremum
1478 4189 1654 4261 Tyrus
1695 4201 1750 4247 et
1788 4194 1927 4247 visio
1973 4194 2216 4262 quadru-

659 4284 873 4354 pedum,
923 4284 1272 4352 intelligenda
1310 4287 1463 4346 sunt;
1496 4291 1553 4336 ut
1582 4292 1775 4339 cuncta
1809 4298 2118 4355 quaramus
2166 4287 2218 4339 in

656 4389 818 4429 sensu
842 4392 856 4429 :
885 4384 939 4429 et
973 4374 1026 4427 in
1052 4374 1305 4428 omnibus
1332 4374 1438 4437 bis,
1469 4374 1865 4443 quasi'sapiens
1890 4377 2220 4433 architectus

660 4465 857 4519 Paulus
908 4464 1179 4533 apostolus
1207 4462 1377 4533 iaciat
1426 4463 1876 4530 fundamentum,
1920 4467 2063 4536 quod
2111 4482 2216 4522 non

657 4567 740 4611 εει
774 4556 915 4610 aliud
945 4564 1139 4623 prazter
1163 4555 1343 4611 Jesum
1372 4541 1665 4612 Christum.
1698 4573 1718 4607 ι

731 4646 1091 4717 Hexaplorum
1146 4662 1208 4701 ac
1260 4656 1499 4702 veterum
1548 4647 1905 4717 interpretum
1954 4648 2218 4704 lectiones

660 4739 860 4808 passim
916 4737 1074 4793 aiiert
1117 4737 1415 4802 Eusebius,
1466 4748 1521 4794 et
1562 4739 1779 4808 quidem
1819 4738 2015 4795 multas
2062 4741 2217 4809 queis

660 4830 1020 4899 Hieronymus
1070 4845 1202 4883 usus
1257 4845 1362 4883 non
1411 4840 1509 4886 est.
1560 4832 1743 4886 Sicubi
1798 4846 1926 4885 vero
1971 4833 2215 4885 eamdem

660 4930 892 4989 uterque
935 4920 1219 4975 lectionem
1280 4924 1559 4989 exscribit,
1587 4924 1850 4981 Eusebius
1896 4924 2216 4993 prolixiores

658 5012 926 5066 exhibet:
973 5027 1095 5065 nam
1153 5010 1510 5085 Hiemnymus
1568 5031 1671 5069 una
1735 5016 1974 5071 alterave
2034 5014 2220 5070 vocula

661 5112 967 5166 contentus,
1002 5104 1281 5159 lectionem
1320 5107 1448 5163 item
1490 5104 1810 5161 Hebraicam
1840 5106 2050 5176 adjicit,
2077 5106 2217 5177 quod

660 5208 718 5247 ra
730 5194 841 5249 rius
876 5206 1099 5264 praestat
1130 5196 1409 5255 Eusebius.

1052 5300 1135 5351 ΠΙ.
1161 5302 1291 5352 Nihil
1310 5302 1444 5353 dubii
1464 5316 1544 5365 κιρι
1565 5317 1817 5366 τησιάηςος.

732 5382 840 5440 Res
883 5400 949 5441 ex
983 5400 1041 5441 se
1069 5386 1214 5442 clara
1252 5397 1305 5442 et
1335 5399 1518 5458 aperta
1554 5400 1655 5453 est,
1696 5390 1877 5457 hosce,
1905 5406 2042 5462 quos
2073 5406 2217 5447 nunc

660 5476 886 5542 edimus,
918 5493 1203 5549 germanos
1227 5490 1278 5534 et
1308 5496 1465 5535 veros
1489 5497 1609 5539 esse
1635 5482 1850 5539 Eusebii
1885 5485 1939 5539 in
1968 5483 2218 5539 Hesaiam

663 5567 1111 5626 Commentarios.
1161 5571 1216 5626 ld
1270 5570 1581 5643 Hieronymi
1652 5576 1954 5633 testimonio
2006 5576 2218 5644 conspi-

734 5730 810 5802 (3)
840 5731 970 5787 Vide
997 5741 1197 5790 tomum
1228 5735 1579 5804 superiorem.

2323 1905 2583 1960 suscitabo
2635 1910 2781 1963 vobis
2841 1907 3060 1977 Medos,
3137 1910 3252 1980 ipse
3319 1912 3565 1967 historia
3637 1923 3897 1979 eventus,

2324 1987 2789 2057 testimonium.“
2847 2002 3005 2059 iidem
3054 2003 3206 2058 addit
3250 2020 3265 2059 :
3303 2018 3423 2073 qua:
3471 2004 3699 2059 historia
3752 2006 3898 2075 apud

2323 2088 2565 2159 Graecos,
2594 2092 2686 2162 qui
2723 2092 3047 2158 Chaldaica,
3078 2093 3365 2165 Asqriaca
3406 2102 3462 2151 et
3514 2093 3717 2151 Medica
3755 2095 3898 2152 scri-

2324 2191 2566 2251 pserunt,
2599 2185 2870 2253 reperitur
2899 2200 3173 2256 :qoorum
3223 2201 3323 2243 nos
3373 2186 3686 2243 testimonia
3721 2185 3895 2242 multa

2324 2271 2634 2343 collegimus
2660 2274 2711 2328 in
2742 2274 3011 2331 Chronicis
3039 2276 3264 2334 nostris.
3303 2294 3323 2330 s

2323 2376 2404 2429 IV.
2435 2378 2542 2438 Quo
2577 2381 2803 2443 tempore
2844 2379 3331 2433 hecCommentaria
3370 2380 3620 2432 Eusebius
3658 2381 3892 2432 ediderit.

2394 2462 2519 2519 Hac
2554 2477 2718 2533 porro
2770 2478 2876 2519 una
2928 2464 2983 2519 in
3040 2464 3126 2521 his
3163 2464 3586 2521 Commentariis
3637 2464 3895 2534 temporis

2325 2562 2453 2608 nota
2483 2563 2783 2624 comparet.
2814 2556 2941 2612 Post
2969 2554 3114 2612 edita
3149 2571 3344 2627 nempe
3374 2555 3659 2623 Chronica,
3696 2555 3751 2611 id
3786 2568 3893 2634 est,

2320 2653 2443 2714 post
2487 2659 2688 2699 annum
2732 2644 2859 2712 εει,
2884 2645 3259 2717 Expositiones
3300 2649 3355 2701 in
3389 2645 3641 2701 Hesaiam
3692 2645 3899 2711 edidis,

2321 2750 2427 2806 quo
2487 2747 2675 2791 autem
2736 2750 2916 2799 anno,
2975 2752 3044 2793 ne
3104 2737 3412 2809 conjectare
3487 2737 3706 2809 quidem
3763 2749 3899 2808 ινα-

2322 3012 2362 3067 ι.
2402 3012 2661 3087 Eusebius
2691 3030 2847 3083 parce
2872 3024 2928 3087 et
2958 3016 3126 3087 sobrie
3161 3014 3229 3087 tle
3272 3013 3415 3070 Filio
3441 3014 3540 3071 Dei
3568 3015 3802 3087 loquitur
3843 3015 3909 3078 in

2392 3083 2475 3153 his
2531 3083 2951 3139 Commentariis.
3023 3084 3087 3140 ll.
3159 3083 3355 3140 Contra
3412 3087 3592 3141 etlscos
3631 3083 3686 3141 et
3733 3102 3891 3153 gene-

2248 3156 2290 3214 C
2395 3152 2615 3209 thliacos
2644 3156 2904 3226 interdum
2932 3156 3059 3226 agit.
3082 3153 3170 3210 Ill.
3195 3155 3471 3226 Apostolus
3504 3152 3896 3224 quatuordccim

2402 3234 2665 3294 numeral.
2704 3223 2793 3279 IV.
2840 3223 3143 3294 Singularis
3172 3223 3587 3294 dcimarlyrib'us
3635 3227 3893 3279 narratio.

2398 3288 2461 3344 V.
2492 3292 2799 3363 Principum
2846 3288 3175 3349 sa'c'ulariuns
3218 3311 3341 3365 erga
3381 3288 3673 3349 Ecclesium
3709 3297 3897 3365 pietas.

2326 3403 2364 3453 Ι.
2388 3403 2631 3453 Eusebius
2669 3418 2816 3467 parce
2842 3410 2895 3455 et
2914 3404 3076 3469 sobrie
3104 3405 3168 3454 de
3204 3404 3333 3469 Filio
3352 3403 3451 3455 Dei
3493 3405 3717 3469 loquitur
3740 3407 3795 3456 in
3824 3406 3911 3457 his

2912 3466 3303 3517 Commentariis.

2392 3545 2491 3611 Qui
2548 3546 2601 3601 in
2652 3546 3065 3602 Commentariis
3117 3548 3169 3602 in
3225 3546 3472 3603 Psalmos
3542 3562 3785 3605 errorem
3828 3549 3899 3603 de

2327 3636 2460 3693 Filio
2496 3636 2590 3693 Dei
2630 3653 2787 3693 suum
2843 3639 3043 3707 passim
3097 3639 3430 3709 insperserat
3476 3638 3761 3706 Eusebius,
3808 3640 3897 3694 hic

2322 3746 2487 3802 parce
2532 3742 2587 3788 et
2628 3733 2809 3788 sobrie
2849 3748 2913 3788 ea
2964 3733 3029 3788 de
3081 3746 3140 3787 re
3168 3739 3228 3786 ut
3277 3731 3569 3802 plurimum
3612 3732 3894 3802 loquitur:

2327 3824 2676 3892 quamobrem
2719 3824 3076 3896 Hieronymus
3105 3823 3195 3893 qni
3224 3821 3563 3878 Psalmorum
3594 3822 3900 3892 Expositio-

2328 3930 2451 3968 nem
2478 3915 2747 3971 Arianicis
2777 3916 3054 3970 erroribus
3084 3928 3359 3985 aspersam
3396 3927 3517 3969 esse
3553 3914 3899 3980 testiﬁcatur,

2328 4009 2458 4062 nihil
2494 4009 2799 4078 huiusmodi
2835 4010 3087 4065 observat
3111 4010 3163 4065 in
3202 4011 3308 4067 hoc
3337 4010 3754 4066 commentario.
3787 4009 3894 4066 Sed

2326 4100 2448 4167 quia
2478 4102 2706 4155 arduum
2749 4110 2834 4155 est
2871 4102 2960 4156 diu
2996 4102 3330 4173 multumque
3360 4103 3620 4167 scribere,
3663 4103 3796 4172 quin
3831 4117 3897 4159 ex

2324 4201 2517 4247 mente.
2549 4193 2829 4263 scriptoris
2872 4192 3074 4263 aliquid
3125 4192 3207 4248 vel
3257 4194 3628 4265 imprudenter
3674 4192 3893 4258 eﬁluat,

2326 4300 2429 4339 non
2478 4282 2708 4341 obscure
2748 4288 3072 4341 sententiam
3107 4300 3259 4341 suam
3300 4288 3481 4355 prodit
3513 4286 3781 4344 Eusebius
3825 4290 3894 4343 ad

2326 4390 2444 4446 cap.
2473 4392 2629 4441 mn,
2661 4377 2751 4431 ubi
2786 4376 2839 4430 in
2868 4378 2981 4432 haec
3015 4375 3177 4433 verba
3211 4396 3224 4430 :
3264 4376 3407 4446 Ἐγὼ
3433 4380 3463 4431 ὁ
3494 4378 3647 4445 Θεὸς,
3680 4381 3777 4434 καὶ
3795 4381 3899 4436 οὐκ

2326 4471 2438 4527 ἐστι
2467 4470 2642 4543 παρὲξ
2670 4470 2804 4541 ἐμοῦ
2850 4471 3057 4537 σώζων,
3083 4473 3135 4527 id
3170 4483 3254 4527 est
3278 4490 3293 4528 :
3331 4490 3349 4523 ι
3378 4471 3489 4541 Ego
3509 4472 3674 4539 Deus,
3702 4482 3759 4527 et
3788 4488 3895 4529 non

2323 4574 2613 4633 estpraeter
2637 4578 2723 4619 me
2746 4565 2838 4633 qui
2866 4565 3071 4619 salvum
3090 4563 3307 4633 faciat,»
3326 4566 3506 4621 sicille
3520 4566 3684 4621 habet
3707 4583 3722 4619 :
3746 4568 3895 4631 Μιᾶς

2319 4654 2428 4725 γὰρ
2464 4654 2630 4727 οΰσης
2666 4656 2861 4727 ἀρχῆς.
2893 4654 2990 4725 μία
3019 4657 3103 4726 εἴη
3134 4655 3256 4728 δινή
3294 4655 3504 4728 θεότης,
3537 4651 3572 4731 ᾖ
3602 4674 3899 4730 συμπαρα-

2320 4746 2649 4817 λαμϐάνεται
2693 4747 2786 4798 καὶ
2832 4745 2989 4817 ήτοῦ
3038 4746 3374 4815 Μονογενοῦς
3402 4749 3567 4802 αὐτοῦ
3620 4748 3893 4819 Θιολογια.

2321 4837 2433 4893 Hoc
2480 4848 2563 4893 est
2598 4857 2612 4893 :
2654 4855 2672 4888 ι
2702 4836 2837 4891 Nam
2869 4852 2987 4892 cum
3023 4854 3189 4895 unum
3239 4850 3310 4896 sit
3371 4841 3696 4911 principium
3720 4883 3737 4909 ,
3789 4858 3899 4897 una

2321 4932 2481 4987 fuerit
2524 4942 2579 4986 et
2610 4932 2806 4994 deitas,
2852 4943 3083 5000 quacum
3117 4934 3412 4988 assumitur
3462 4932 3737 5004 Unigeniti
3769 4934 3893 5004 eius

2322 5025 2678 5095 theologiam
2733 5021 2825 5076 ubi
2878 5037 2982 5078 non
3034 5024 3156 5081 ideo
3202 5024 3324 5079 Filii
3378 5025 3705 5097 theologiam
3765 5042 3892 5083 cum

2320 5125 2541 5183 paterna
2574 5114 2776 5169 deitate
2820 5118 3022 5173 assumi
3054 5117 3192 5183 vult,
3224 5120 3366 5188 quod
3416 5118 3588 5174 deitas
3629 5118 3750 5175 Filii
3784 5136 3890 5176 una

2320 5210 2618 5277 eademque
2649 5209 2721 5262 sit
2749 5216 2912 5278 atque
2942 5218 3171 5280 paterna
3197 5230 3210 5266 :
3244 5227 3365 5266 nam
3396 5226 3515 5271 eam
3552 5210 3641 5268 ille
3669 5223 3889 5269 senten-

2321 5300 2446 5353 tiam
2477 5311 2536 5355 ut
2587 5300 2947 5356 Sabellianam
2989 5304 3219 5373 respuit;
3256 5305 3356 5359 sed
3399 5304 3541 5375 quod
3587 5306 3657 5361 ob
3692 5306 3889 5362 simili-

2322 5391 2558 5445 tudinem
2609 5393 2915 5461 quamdam,
2962 5395 3031 5450 ab
3062 5406 3185 5450 ortu
3235 5395 3376 5452 Deus
3425 5397 3728 5467 appellatus
3780 5400 3891 5466 sit,

2320 5485 2583 5555 siquidem
2612 5485 2857 5555 principii
2882 5496 2936 5541 et
2963 5487 3180 5545 deitatis
3211 5490 3473 5545 unitatem
3505 5490 3559 5545 in
3586 5490 3701 5546 solo
3723 5491 3889 5550 Patre

2321 5578 2527 5634 servari
2559 5578 2634 5633 ait
2663 5577 2771 5647 hic,
2801 5588 2854 5636 et
2885 5582 3084 5648 passim
3114 5582 3462 5654 apertiusque
3508 5584 3563 5640 in
3596 5584 3718 5642 aliis
3752 5601 3890 5659 ope-
