4090 6452
221 412 293 467 85
1179 407 1695 464 COMMENTARIA
1741 404 1805 457 IN

1949 405 2025 457 .IA
2039 401 2107 457 Μ.
2151 431 2216 440 -—-
2255 396 2654 455 PRASFATIU.
2889 431 2892 436 -
3490 402 3558 451 86

225 529 424 587 ribus,
503 533 571 577 ut
644 529 1117 577 cotntnonstt'atur
1177 537 1228 573 Ill
1293 521 1754 589 pralitninaribus
1806 518 1871 570 ad
1904 522 1948 577 Α
1979 524 2326 578 accedentes,
2366 518 2713 579 usurparent.
2745 507 2946 562 Locum
3001 505 3198 563 aﬂerre
3246 525 3314 564 ne
3359 511 3559 580 pigeat.

220 615 732 670 Conunentarium
767 615 818 667 in
855 612 1122 675 Psalmos,
1156 613 1243 666 ubi
1279 614 1496 667 vitlesis.

368 724 434 772 ll.
459 722 656 775 Contra
686 722 862 770 atheus
884 728 936 769 et
959 719 1300 783 genet-hiiacos
1321 718 1572 767 interdum
1595 721 1713 780 agit.

294 806 450 875 Quia
534 807 764 862 Eusebii
823 822 966 869 mvo,
1019 805 1156 858 athei
1217 803 1518 865 multifet
1576 803 1852 872 religionis

221 901 443 955 nullius
506 899 772 953 homines
844 908 1040 960 erant,
1092 897 1181 966 qui
1243 897 1355 952 fato
1415 913 1605 951 omnes
1670 912 1852 952 rerum

220 1003 468 1047 eventus
514 993 898 1053 ascriberent;
933 989 1174 1056 ejusdem
1221 987 1410 1041 farinze
1456 987 1704 1041 homines
1739 1001 1854 1055 pas-

221 1085 327 1137 sim
364 1085 696 1138 insectatur
727 1082 991 1136 Eusebius
1027 1081 1137 1145 hic,
1171 1090 1228 1133 ut
1262 1081 1314 1134 in
1344 1079 1772 1134 Commentariis
1799 1081 1851 1134 in

223 1175 492 1228 Psalmos
517 1194 530 1227 :
559 1174 654 1227 ubi
689 1183 802 1228 tum
832 1173 1060 1237 ratione,
1079 1182 1188 1226 tum
1217 1172 1484 1240 exemplis
1507 1173 1849 1242 comprobat,

225 1266 484 1320 numinis
534 1264 887 1335 providentia
928 1264 1184 1317 mundum
1223 1261 1617 1316 administrari.
1663 1279 1680 1311 ι
1714 1260 1849 1316 Nam

226 1371 353 1410 cum
393 1356 690 1424 sapientes
729 1354 888 1422 hujus
937 1353 1136 1418 saeculi,
1165 1371 1184 1405 ι
1220 1353 1301 1406 sic
1351 1351 1441 1405 ille
1473 1353 1541 1405 ad
1587 1366 1710 1420 cap.
1744 1366 1849 1417 ιι..

231 1468 248 1501 ι
280 1448 478 1501 ontnia
533 1455 843 1516 spontaneo
893 1445 1107 1500 cuidam
1145 1459 1327 1499 rerum
1376 1444 1580 1506 motui,
1628 1458 1691 1498 ac
1743 1442 1850 1496 for-

226 1542 371 1596 tuito
423 1539 679 1595 naturali
739 1538 993 1604 casui_et
1039 1537 1150 1592 fato
1180 1538 1494 1602 ascribant;
1541 1539 1852 1593 necessario

224 1648 485 1703 praesens
538 1648 750 1698 sermo,
809 1631 1009 1686 nullam
1055 1646 1238 1685 rerum
1294 1629 1525 1685 fortuito
1576 1645 1704 1685 casu
1750 1647 1847 1685 ex-

226 1722 456 1787 sistere,
489 1722 593 1777 sed
630 1721 817 1776 omnia
858 1737 979 1775 cum
1029 1735 1282 1774 mensura
1327 1729 1384 1774 et
1420 1735 1648 1774 numero
1681 1735 1708 1773 a
1748 1720 1852 1774 Do-

225 1817 407 1883 mino,
453 1816 554 1887 qui
593 1815 740 1870 Deus
781 1815 1128 1884 prmdicalnr,
1174 1813 1476 1868 constituta
1527 1813 1714 1878 fuisse,
1750 1815 1847 1868 de-

1958 608 2037 660 Ad
2069 606 2215 659 illum
2249 605 2453 659 liesaire
2481 617 2695 656 versum
2722 615 2841 668 cap.
2869 615 2992 654 κων
3019 620 3029 653 :
3057 594 3245 665 οὗτος
3267 600 3421 669 sps:-
3449 601 3560 656 Τοῦ

1961 699 2110 754 Θεοῦ
2142 702 2292 768 εἰμι,
2330 698 2424 751 καὶ
2472 691 2651 758 οὗτος
2695 692 2993 758 ,ϐοήσεται
3045 693 3142 746 ἐπὶ
3192 692 3270 757 τῷ
3317 695 3561 762 ércfjuan

1971 792 2204 852 Ἰακὼϐ,
2253 790 2349 843 xui
2401 788 2602 854 Ett'pcr;
2650 785 2965 853 ἐπιγράφει
3025 783 3096 851 τῇ
3152 783 3300 852 χειρὶ
3348 784 3556 840 αὐτοῦ·

1963 884 2074 937 Τοῦ
2108 882 2257 936 (⁵)εωῦ
2289 885 2424 950 εἰμι,
2463 881 2557 932 καὶ
2593 879 2689 931 ἐπὶ
2728 877 2806 943 τῷ
2838 880 3082 947 ὀνόματι
3118 877 3367 947 Ἰσραὴλ
3403 878 3558 945 ,Βοή-

1955 992 2157 1029 σεται’
2196 975 2247 1028 id
2298 983 2382 1028 est
2428 993 2438 1026 :
2476 991 2493 1023 ι
2528 971 2624 1024 llic
2671 971 2810 1024 dicet
2846 990 2856 1023 :
2904 971 2994 1024 Dei
3034 985 3184 1035 smn,
3213 980 3269 1024 et
3321 969 3408 1022 hic
3450 970 3560 1024 cla-

1957 1071 2125 1121 mabit
2175 1068 2226 1120 in
2279 1067 2498 1119 nomine
2544 1063 2742 1128 Iacob;
2795 1073 2850 1117 et
2898 1047 3038 1118 alius
3083 1063 3356 1117 describet
3393 1079 3557 1117 manu

1956 1175 2051 1214 sua
2083 1177 2092 1210 :
2123 1157 2214 1210 Dei
2257 1173 2402 1221 sum,
2435 1166 2491 1209 et
2542 1155 2592 1208 in
2633 1155 2854 1207 nomine
2887 1153 3055 1207 Israel
3099 1153 3389 1218 clamabit;
3424 1175 3442 1206 ι
3480 1156 3559 1210 sic

1956 1252 2119 1305 habet
2157 1250 2244 1303 ille
2287 1267 2298 1302 :
2348 1247 2640 1317 Θαυμάσαι
2673 1246 2730 1298 δὲ
2784 1246 2932 1308 ἐστι,
2985 1247 3079 1298 καὶ
3135 1246 3558 1316 καταπλαγῆναι

1955 1342 2168 1412 ἀληθῶς
2222 1341 2321 1412 τὴν
2375 1339 2483 1392 τῶν
2537 1338 2890 1409 προᾳητικὼν
2955 1337 3127 1405 λόγων
3182 1337 3432 1410 δύναμιν,
3482 1338 3559 1402 ὡς

1955 1439 2135 1499 αὐτοῖς
2170 1435 2354 1506 ἔργοις
2401 1432 2467 1485 τὰ
2519 1433 2933 1502 ἀποτελέσματα
2987 1431 3426 1502 παρειλήφαμεν.
3469 1433 3556 1485 Ἐν

1954 1530 2084 1598 γοῦν
2121 1531 2231 1590 τοῖς
2277 1526 2398 1578 καθ’
2448 1529 2596 1596 ἡμᾶς
2650 1527 2850 1588 αὐτοὺς
2906 1525 3222 1595 γενομένοις
3270 1525 3555 1596 διωγμοῖς,

1956 1623 2183 1686 πολλοὺς
2218 1621 2326 1673 τῶν
2369 1620 2682 1688 ἀλλοφύλων
2731 1620 2900 1673 ἐθνῶν
2933 1619 3301 1690 ἐθεασάμεθα,
3346 1634 3557 1689 προαρ-

1956 1716 2227 1780 πάζοντας
2271 1716 2485 1777 ἑαυτοῖς
2519 1714 2614 1776 τὲς
2657 1712 2764 1766 τῶν
2813 1713 2983 1780 ἁγίων
3023 1711 3232 1784 ἀνδρῶν
3278 1728 3556 1783 προσηΥΟ’

1958 1810 2107 1878 ρίας·
2154 1803 2228 1862 ὧν
2271 1809 2297 1859 ὁ
2347 1807 2444 1876 μὲν
2481 1807 2671 1860 ἑαυτὸν
2729 1803 2904 1858 Ισκὼῦ
2956 1805 3173 1866 ἐκάλει,
3229 1805 3323 1857 καὶ
3369 1804 3557 1874 ἕτερος

225 1908 482 1988 uarat.)
540 1907 674 1961 Pari
727 1908 887 1962 modo
944 1906 1216 1961 invehitur
1263 1906 1316 1959 in
1365 1919 1460 1960 eos
1501 1907 1626 1976 qui,
1676 1907 1843 1961 motui

1967 1900 2204 1972 Ἰσραὴλ,
2264 1898 2423 1962 ἄλλος
2457 1899 2512 1952 δὲ
2571 1897 2860 1969 Ἰερεμίαν,
2917 1897 3010 1950 καὶ
3055 1896 3282 1949 Ἡσαΐαν
3327 1895 3553 1965 ἕτερος,

225 2010 521 2056 astrorum
588 1998 782 2054 omnia
857 1999 1228 2064 ascribentes,
1279 1999 1522 2068 genesim
1586 1998 1852 2068 cujusque

224 2093 650 2161 explorabant:
685 2093 780 2163 qui
815 2091 1131 2162 frequentes
1183 2091 1275 2144 illa
1308 2099 1629 2159 tempestate
1661 2100 1844 2144 erant.

228 2183 502 2255 Legimus
549 2200 691 2240 sane
730 2185 1020 2239 Eusebium
1058 2183 1420 2247 Emesenum,
1464 2185 1609 2253 quod
1652 2185 1850 2236 ἀποτε-

224 2275 590 2349 lecturi.th
667 2285 990 2341 exerceret,
1047 2290 1075 2330 a
1131 2274 1290 2345 plebe
1358 2273 1578 2344 pulsum
1650 2276 1850 2333 throno

223 2367 409 2425 fuisse

365 2460 456 2512 ΠΙ.
499 2461 782 2525 Apostolos
802 2463 1177 2525 quatuordecim
1201 2469 1430 2514 numerat
1454 2462 1714 2514 Eusebius.

303 2546 615 2617 Apostolos
658 2547 1077 2616 quatuordecim
1129 2558 1380 2604 recenset
1425 2548 1718 2613 Eusebius,
1764 2547 1848 2602 ni-

229 2639 444 2695 mirum
493 2640 794 2695 duodecim
834 2640 957 2697 illos
990 2640 1272 2714 pristinos,
1303 2640 1530 2697 Matthia
1565 2643 1619 2698 in
1665 2641 1846 2696 locum

225 2730 392 2789 Iudae
460 2733 772 2803 proditoris
819 2733 1203 2790 duodecimum
1271 2734 1453 2790 locum
1513 2741 1844 2803 occupante,

231 2821 470 2879 Paulum
498 2835 556 2880 et
585 2823 854 2880 Iacobum
887 2824 1112 2880 fratrem
1146 2825 1394 2892 Domini;
1426 2840 1550 2880 nam
1583 2824 1845 2881 Jacobum

228 2914 389 2970 illum
423 2916 658 2972 fratrem
693 2915 929 2982 Damini,
959 2917 1122 2970 alium
1155 2933 1184 2972 a
1213 2917 1415 2973 Jacobo
1445 2918 1651 2988 Alpluei
1684 2927 1842 2989 putat

229 3025 384 3065 esse.
437 3009 580 3064 Tres
642 3010 828 3078 itaque
875 3008 1204 3080 ὁμωνύμους
1262 3010 1540 3082 apostolos
1592 3022 1844 3069 numerat

235 3101 535 3168 Eusebius,
579 3101 842 3158 Jacobum
893 3103 1124 3157 fratrem
1168 3101 1418 3170 Joannis,
1456 3103 1718 3161 Iacobum
1748 3108 1844 3162 Al-

231 3194 416 3264 phazi.
452 3204 512 3250 et
565 3192 834 3250 Jacobum
883 3193 1108 3250 fratrem
1149 3194 1403 3264 Domini,
1448 3212 1608 3268 quem
1653 3199 1730 3254 ait
1774 3200 1842 3255 ab

233 3285 356 3354 ipso
378 3285 601 3341 Christo
622 3285 932 3356 episcopum
953 3283 1464 3357 Jerosolymitanum
1487 3293 1841 3348 constitutum

235 3377 426 3433 tuisse.
482 3377 645 3433 Hunc
676 3394 838 3447 porro
878 3379 1057 3435 locum
1094 3379 1459 3453 Hieronymus
1499 3398 1566 3440 ex
1606 3384 1843 3442 Eusebio

235 3473 303 3527 ad
345 3474 573 3528 verbum
623 3489 787 3543 pene,
837 3482 897 3528 ut
929 3475 1134 3543 passim
1179 3476 1355 3540 solet,
1403 3477 1712 3541 transtulit,
1751 3480 1840 3548 qui

235 3572 419 3620 tamen
455 3580 582 3620 eam
633 3567 805 3635 ipsam
847 3567 1159 3636 Opinionem
1194 3569 1246 3621 in
1288 3568 1430 3624 libro
1471 3568 1670 3626 Contra
1712 3569 1843 3625 Hel-

233 3656 438 3711 vidium
485 3667 808 3728 oppugnat,
859 3660 1104 3730 duosque
1171 3669 1378 3717 tantum
1427 3660 1661 3719 Jacobos
1722 3679 1843 3719 esse

234 3749 504 3806 defendit.
533 3751 728 3805 Trium
765 3768 929 3823 porro
971 3753 1298 3809 Jacohorum
1328 3756 1638 3826 opinionem
1671 3756 1844 3814 Euse-

232 3844 360 3900 bius
401 3860 473 3900 ex
520 3844 768 3914 Origene
801 3855 1085 3902 mutuatus
1116 3847 1372 3902 videtur:
1407 3863 1530 3902 nam
1585 3849 1631 3904 is
1679 3865 1839 3920 quem

232 3937 340 3992 sibi
372 3938 617 3992 alterum
665 3936 784 4004 ejus
821 3939 1099 4008 opinionis
1138 3951 1422 3996 auctorem
1455 3941 1682 3996 ascribit
1736 3943 1840 3998 Eu-

232 4031 442 4098 sebius,
487 4030 591 4084 lib.
621 4045 658 4083 ιι
703 4028 848 4084 Hist.
873 4032 1025 4099 eccl.,
1060 4047 1179 4103 cap.
1211 4033 1263 4101 1,
1300 4033 1559 4089 Clemens
1591 4036 1842 4091 videlicet

232 4121 675 4186 Alexandrinus,
705 4121 923 4178 Eusebii
964 4126 1254 4180 sententia:
1282 4125 1628 4189 adversatur,
1658 4127 1751 4181 δύο
1781 4129 1838 4182 δὲ

232 4213 495 4282 γεγόνασι
533 4211 809 4277 Ἰάκωϐοι,
842 4215 921 4269 sic
967 4214 1078 4278 ille,
1109 4212 1191 4281 εἷς
1221 4219 1250 4270 ὁ
1290 4216 1528 4281 δίκαιος·
1565 4218 1752 4290 ἕτερος
1784 4221 1840 4274 δὲ

231 4307 261 4358 ὁ
293 4305 715 4377 καρατομηθείς
754 4324 768 4360 :
812 4324 830 4357 ε
863 4307 978 4362 Duo
1007 4315 1187 4362 autem
1246 4306 1431 4364 Jacobi
1473 4309 1659 4375 fuere;
1703 4311 1840 4366 alius

230 4396 428 4465 justus,
455 4414 480 4451 ο
533 4396 657 4451 sive
689 4397 894 4464 Minor;
948 4417 967 4449 ε
1001 4397 1140 4454 alius
1176 4400 1268 4469 qui
1320 4401 1503 4471 capite
1556 4413 1838 4459 truncatus

234 4497 338 4551 est,
362 4506 382 4540 ι
413 4502 514 4543 seu
558 4486 758 4556 Major.
787 4485 896 4544 Nec
931 4487 1146 4544 felicius
1170 4495 1358 4545 eodem
1395 4491 1555 4556 libro,
1593 4508 1716 4563 cap.
1741 4493 1833 4557 25,

1954 1995 2045 2048 καὶ
2103 1994 2299 2064 Δανιὴλ
2343 1994 2504 2047 πάλιν
2551 1991 2730 2055 ἄλλος.
2779 1989 3018 2042 Τοιαῦτα
3065 1989 3194 2058 γοῦν
3247 1987 3551 2058 ἐπιγραφό-

1956 2103 2106 2155 μενοι
2178 2087 2418 2154 ὀνόματα
2480 2084 2572 2136 ἐπὶ
2625 2083 2685 2136 τὸ
2757 2081 3054 2153 μαρτύριον
3109 2079 3204 2132 τοῦ
3263 2079 3398 2132 Θεοῦ
3456 2080 3556 2133 σὺν

1952 2179 2132 2250 πολλῴ
2163 2179 2354 2250 Θάρσει
2387 2178 2479 2231 καὶ
2516 2175 2799 2249 implenda
2835 2174 3118 2246 παρῄεσαν
3139 2191 3151 2202 ·
3189 2172 3224 2226 ἃ
3252 2171 3316 2242 δὴ
3351 2172 3553 2244 σημαί-

1949 2285 2114 2323 νουσα
2158 2271 2190 2340 ἡ
2226 2269 2534 2339 προφητεία
2581 2268 2779 2338 φησίν⁸
2821 2261 3010 2331 Οὗτος
3054 2264 3192 2332 ὲρεῖο
3245 2263 3356 2318 Τοῦ
3405 2263 3552 2318 Θεοῦ

1950 2365 2086 2432 εἰμι,
2111 2380 2164 2416 κ.
2196 2379 2244 2414 τ.
2272 2360 2322 2414 λ.
2351 2361 2463 2415 lloc
2487 2371 2572 2415 est
2596 2380 2606 2414 :
2643 2380 2660 2412 ‹
2687 2358 3051 2428 Μὶηιτίξνιειιιε
3081 2357 3228 2413 subit
3255 2357 3553 2427 prophetiae

1950 2457 2058 2511 vim
2095 2467 2149 2511 et
2176 2455 2499 2518 efﬁcaciam,
2530 2464 2586 2508 et
2620 2468 2784 2524 quam
2822 2466 2952 2506 vere
2980 2452 3057 2506 rei
3090 2462 3348 2509 eventum
3377 2450 3553 2504 oculis

1949 2546 2379 2617 perceperimus.
2429 2542 2564 2597 Nam
2596 2543 2648 2597 in
2683 2539 3160 2612 persecutionibus
3188 2547 3379 2604 nostro
3415 2547 3550 2592 tem-

1949 2653 2083 2709 pore
2110 2637 2424 2700 concitatis,
2451 2635 2652 2691 multos
2693 2648 2761 2689 ex
2797 2630 3126 2701 alienigenis
3171 2628 3424 2698 gentibus
3471 2628 3554 2681 vi-

1950 2732 2151 2796 dimus,
2199 2731 2290 2800 qui
2348 2740 2666 2785 sanctorum
2729 2727 2974 2781 virorum
3032 2725 3256 2780 nomina
3315 2736 3552 2790 usurpa-

1948 2822 2108 2888 bant;
2146 2821 2286 2878 alius
2318 2823 2520 2893 quippe
2549 2836 2670 2876 sese
2715 2818 2980 2875 Jacobum
3028 2814 3368 2884 appellabat;
3409 2816 3551 2869 alius

1949 2917 2229 2981 lsraelem,
2263 2916 2403 2971 alius
2451 2913 2782 2979 Jeremiam;
2831 2912 2918 2967 hic
2955 2909 3237 2973 Hesaiam,
3289 2908 3394 2962 iste
3433 2905 3544 2961 Da-

1948 3009 2170 3065 nielem.
2226 3008 2440 3063 Etenim
2495 3007 2579 3062 his
2632 3005 2738 3061 sibi
2792 3002 3047 3073 ascriptis
3103 3000 3436 3064 nominibus,
3472 2999 3542 3053 ad

1950 3101 2271 3173 martyrium
2336 3115 2435 3170 pro
2489 3100 2600 3154 Deo
2657 3095 3002 3151 subeundum
3066 3106 3190 3148 cum
3244 3089 3442 3145 ﬁducia
3492 3099 3549 3145 et

1949 3195 2257 3251 constantia
2292 3192 2646 3247 accedebant.
2674 3189 2804 3257 Quze
2841 3185 3122 3258 prophetia
3149 3183 3380 3250 indicat,
3413 3183 3542 3238 dum

1951 3290 2029 3344 ait
2077 3309 2090 3342 ε
2140 3285 2241 3340 Hic
2269 3286 2404 3339 dicet
2439 3301 2455 3337 :
2488 3285 2580 3338 Dei
2617 3299 2764 3348 sum,
2799 3293 2904 3335 etc.
2956 3299 2974 3333 ι

2057 3379 2117 3432 ν.
2146 3377 2434 3441 Principum
2457 3377 2765 3426 saacularium
2791 3387 2912 3437 erga
2939 3373 3213 3422 Ecclesiatn
3248 3372 3426 3434 pietas.

2019 3460 2080 3518 In
2138 3464 2283 3518 hunc
2337 3477 2554 3516 versum
2614 3475 2737 3530 cap.
2791 3473 2918 3513 xm
2954 3476 2967 3512 :
3001 3475 3019 3510 ι
3057 3457 3122 3511 Et
3175 3467 3340 3512 erunt
3389 3469 3548 3526 reges

1946 3558 2162 3614 nutritii
2197 3556 2303 3622 tui,
2340 3565 2395 3611 et
2443 3554 2646 3624 regina:
2685 3552 2932 3607 nutrices
2979 3561 3124 3616 tuae,
3152 3569 3170 3602 ι
3217 3550 3335 3604 haec
3379 3548 3546 3603 habet

1945 3651 2217 3707 Eusebius
2254 3658 2558 3704 memoratu
2615 3647 2777 3717 plane
2828 3644 3033 3714 digna:
3077 3661 3096 3695 ι
3127 3642 3282 3711 Quod
3329 3643 3396 3698 ad
3447 3643 3542 3697 lit-

1949 3754 2122 3800 teram
2159 3744 2442 3814 impletum
2496 3741 2629 3812 ipsis
2667 3738 2847 3795 oculis
2873 3739 3173 3804 cernimus,
3211 3740 3338 3793 dum
3380 3738 3418 3793 ii
3450 3736 3544 3806 qui

1945 3851 2260 3907 supremum
2316 3834 2607 3906 imperium
2647 3832 2921 3898 obtinent,
2972 3831 3311 3896 Ecclesiam,
3362 3831 3541 3885 nutri-

1947 3930 2144 3983 tiorum
2181 3930 2375 3990 instar,
2423 3934 2639 3996 gestant
2668 3935 2724 3980 et
2763 3925 2993 3982 fovent:
3032 3941 3097 3980 ac
3149 3926 3352 3995 regina:
3402 3939 3540 3994 gen-

1945 4019 2098 4082 tium,
2134 4019 2184 4070 id
2221 4026 2324 4079 est,
2366 4017 2706 4086 singularum
2755 4017 2996 4085 gentium
3045 4025 3096 4071 et
3131 4016 3540 4085 provinciarum

1945 4116 2322 4185 magistratus,
2368 4127 2605 4182 superno
2647 4111 2765 4180 regi
2814 4111 3229 4176 ministrantes,
3278 4119 3540 4181 tanquam

1943 4207 2208 4270 nutrices,
2266 4203 2597 4274 pauperibus
2659 4203 2919 4258 Ecclesia:
2977 4202 3333 4273 imperatorio
3403 4212 3540 4258 nutu

1940 4313 2208 4355 annonam
2259 4296 2652 4367 suppeditant:
2687 4311 2859 4364 quare
2901 4295 3144 4350 nutrices
3178 4296 3299 4366 ejus
3338 4310 3542 4350 vocan-

1943 4400 2061 4456 tur;
2093 4389 2206 4444 sive
2233 4389 2530 4443 secundum
2552 4386 2962 4457 Symmachum,
2988 4405 3007 4438 ‹
3034 4386 3118 4442 lac
3146 4387 3488 4457 praebentes;
3513 4405 3535 4441 ι

1940 4483 2020 4538 sic
2062 4483 2207 4537 enim
2241 4481 2408 4536 habet
2465 4499 2478 4533 :
2525 4479 2592 4534 Et
2637 4480 2831 4550 regina:
2871 4497 3053 4535 eorum
3088 4481 3172 4536 lac
3207 4483 3535 4538 vrwbebuut.

235 4575 608 4650 negesippum
638 4588 698 4631 ut
725 4578 827 4633 sibi
858 4579 1244 4650 astipulantem
1270 4579 1448 4636 atteri.
1481 4581 1572 4638 Ille
1601 4599 1837 4655 namque
1871 4585 1914 4639 υ
1945 4577 2078 4644 Quis
2107 4586 2288 4632 autem
2341 4583 2670 4630 memoratos
2715 4572 3002 4643 prrrfeclos
3053 4589 3286 4632 cernens
3344 4577 3399 4631 in
3447 4591 3539 4632 ec-

230 4665 495 4725 Jacobnm
548 4670 774 4740 quidem
821 4685 942 4726 cum
989 4671 1250 4742 apostolis
1287 4672 1587 4731 Ecclesiam
1620 4675 1840 4733 Jeroso-

236 4763 557 4835 lymitanam
596 4766 808 4822 rexisse
852 4767 961 4833 ait,
1008 4783 1110 4823 nec
1145 4769 1266 4824 ideo
1316 4779 1494 4826 tamen
1543 4773 1718 4841 ipsum
1769 4788 1836 4829 ex

237 4858 305 4912 I9.
336 4859 724 4929 apostolorum
771 4875 997 4916 numero
1041 4876 1148 4916 non
1197 4844 1388 4929 fuisse,
1430 4865 1515 4920 vel
1571 4867 1835 4933 declarat,

234 4950 315 5005 vel
344 4952 554 5006 innuit.
591 4949 751 5017 Quod
792 4966 920 5007 vero
952 4953 1004 5008 in
1035 4951 1472 5013 Commentariis
1505 4958 1559 5012 in
1587 4958 1837 5016 Psalmos

235 5041 312 5096 ait
354 5043 664 5106 Eusebius,
695 5043 840 5097 haud
875 5043 1094 5101 diﬂicile
1129 5061 1250 5102 esse
1292 5047 1562 5118 cujusque
1613 5061 1836 5120 aposto—

234 5127 407 5187 lorum
459 5133 676 5187 tribum
727 5134 1039 5203 assignare,
1082 5136 1172 5191 hic
1220 5136 1549 5194 conﬁrmare
1598 5140 1834 5209 videtur,

236 5223 361 5278 dum
400 5224 484 5279 ait
535 5222 747 5277 Judam
812 5227 1114 5294 apostolum
1167 5228 1503 5298 proditorem
1563 5246 1632 5286 ex
1692 5233 1836 5287 tribu

237 5312 497 5384 Ephraim
531 5315 734 5370 fuisse.

378 5431 461 5481 Π.
491 5431 785 5494 Singularis
805 5430 1002 5484 Eusebii
1024 5435 1089 5483 de
1116 5435 1411 5498 martyribus
1434 5441 1666 5489 narratio.

309 5515 608 5584 Singulare
664 5529 891 5584 prorsus
932 5528 1017 5572 est
1059 5519 1205 5586 quod
1243 5520 1409 5575 habet
1454 5523 1726 5578 Eusebius
1771 5524 1837 5579 de

234 5607 305 5663 iis
348 5609 477 5680 qui,
523 5623 595 5663 ex
630 5607 928 5675 gentilibus
959 5611 1026 5666 ad
1064 5611 1224 5666 ﬁdem
1273 5617 1554 5681 conversi,
1588 5617 1654 5670 ad
1688 5631 1835 5670 mar-

233 5702 431 5770 tyrium
479 5699 861 5766 accedebant;
910 5706 1054 5773 quod
1087 5705 1317 5773 scilicet,
1353 5710 1590 5780 prapriis
1641 5709 1837 5780 positis

233 5792 571 5857 nominibus,
603 5791 909 5863 priscorum
946 5796 1388 5868 patriarcharum
1433 5811 1490 5855 et
1535 5801 1832 5871 propheta-

230 5897 349 5940 rum
387 5887 700 5946 vocabula.
747 5886 813 5940 ad
858 5904 1046 5945 necem
1085 5904 1184 5946 nro
1229 5889 1448 5949 Christo
1498 5893 1835 5952 subeundam

1943 4669 2105 4723 clesia
2143 4668 2235 4722 Dei
2269 4682 2446 4737 genua
2486 4665 2731 4731 ﬂectere,
2761 4681 2826 4720 ac
2863 4667 2916 4720 in
2950 4665 3192 4723 frontem
3225 4668 3378 4723 humi
3417 4685 3535 4740 pro-

1941 4759 2234 4823 cumbere,
2278 4773 2385 4813 non
2448 4759 2684 4813 fateatur
2737 4757 2878 4814 hanc
2933 4760 3274 4829 prophetiam
3331 4761 3400 4816 ad
3445 4761 3532 4815 lit-

1945 4861 2112 4906 teram
2159 4851 2486 4920 completam
2540 4867 2698 4918 esse,
2749 4871 2854 4924 qua
2902 4855 3106 4910 diserte
3156 4855 3269 4910 ait:
3299 4873 3318 4906 ‹
3359 4854 3536 4924 Super

1941 4947 2136 5001 faciem
2161 4954 2319 5000 terra:
2345 4945 2651 5001 adorabunt
2676 4957 2750 5011 te,
2778 4957 2833 5003 et
2871 4948 3146 5017 pulverem
3201 4947 3536 5018 pedumtuo-

1949 5055 2070 5093 rum
2097 5039 2358 5110 litigent.»
2397 5039 2495 5094 Ubi
2523 5039 2672 5094 vides
2705 5041 2833 5094 item
2867 5056 3077 5097 morem
3111 5039 3534 5111 genuﬂectendi,

1942 5147 2005 5188 ac
2035 5131 2088 5185 in
2126 5142 2326 5186 terram
2364 5133 2780 5200 procumbendi,
2820 5135 2907 5190 hic
2940 5147 2999 5190 ut
3031 5136 3084 5190 in
3113 5135 3534 5190 Commentariis

1941 5221 1994 5277 in
2042 5221 2290 5277 Psalmos
2323 5222 2635 5292 pra'dicari.

2659 5313 2686 5384 §
2730 5313 2819 5370 IV.

1941 5405 1982 5460 Ι.
2023 5404 2329 5458 Deuteroses
2377 5403 2711 5458 Iudaeorum.
2747 5405 2808 5459 ll.
2849 5405 2925 5459 De
2960 5405 3279 5475 patriam/tis
3311 5414 3361 5456 et
3407 5421 3537 5475 apo-

2010 5476 2161 5529 stolis
2214 5476 2354 5543 apud
2398 5475 2638 5528 Iudaeos.
2701 5475 2789 5530 ΙΙΙ.
2840 5476 3099 5530 Eusebius
3157 5474 3380 5528 Hebr-reo
3435 5474 3537 5529 do-

2011 5557 2153 5686 ;tore
2193 5557 2267 5599 est
2303 5563 2450 5599 usus.
2485 5543 2570 5597 ιν.
2601 5545 2686 5596 Ait
2729 5557 2925 5600 terram
2961 5564 3062 5601 non
3110 5562 3218 5600 esse
3273 5548 3538 5613 sphwrica

2037 5632 2203 5669 arma.

2374 5708 2410 5757 Ι.
2451 5707 2760 5757 Deutcroses
2793 5710 3093 5759 Judaorum.

2013 5794 2230 5852 ludatis
2267 5809 2588 5868 plerumque
2623 5796 2941 5861 insectatur,
2973 5801 3087 5865 qui,
3114 5795 3341 5852 dimisso
3379 5792 3531 5846 Scri-

1942 5900 2230 5951 Nurarutn
2266 5905 2394 5948 vero
2448 5887 2688 5957 tramite,
2726 5908 2746 5942 ι
2778 5891 3052 5947 fabulosas
3103 5890 3418 5948 dentem-ses
3461 5886 3531 5940 ad

3441 70 3516 78 _...__.-.
3551 70 3580 77 ι...-
3639 71 3666 78 -ι-
