4090 6414
654 347 725 404 85
1317 338 1588 397 EUSEBH
1620 336 2091 395 CESARIENSIS
2128 336 2278 392 OPP.
2316 333 2493 389 PARS
2528 334 2617 389 ill.
2655 361 2725 375 -—
2762 328 3169 386 EXEGETICA.
3811 327 3868 384 81

647 464 807 521 dubia
838 474 994 531 opera
1034 465 1303 519 censetur.
1339 457 1619 513 Hodiernis
1650 470 1809 526 porro
1839 454 2197 524 scriptoribus
2225 457 2271 514 Α
2299 451 2495 516 cuum',
2539 448 2633 519 qui
2681 448 2809 502 hinc
2841 442 3238 515 quamplurima
3287 441 3621 510 eapiscatur,
3651 454 3708 495 et
3747 456 3873 494 nom

645 554 760 609 hac
805 551 1081 607 dubitandi
1122 564 1279 605 causa
1307 557 1409 614 est,
1456 548 1729 607 silentium
1778 562 1970 617 nempe
2003 546 2195 601 Hiero-

643 641 812 713 nymi,
840 642 933 713 qui
966 656 1089 697 cum
1116 642 1168 695 in
1200 641 1420 710 prologo
1453 653 1551 693 suo
1580 638 1647 692 ad
1677 636 1889 693 Hesaiae
1919 638 2198 692 Commen-

640 735 779 787 taria
829 748 1043 802 omnes,
1093 741 1355 801 quotquot
1405 740 1561 785 antea
1619 729 1823 785 Hesaia:
1878 732 2196 798 interpretes

638 833 894 893 egerant,
944 831 1190 878 accurate
1248 831 1554 883 recenseat,
1610 838 1675 876 ne
1721 822 1825 892 γρὺ
1871 820 2086 889 quidem
2132 819 2197 872 de

638 912 820 968 Basilii
875 913 1263 968 commentario
1319 912 1523 976 habet;
1575 909 1777 966 Graecis
1827 918 2005 963 autem
2071 908 2195 961 hinc

638 1003 783 1058 haud
812 1004 973 1057 dubie
1003 1003 1238 1071 suspicio
1286 1004 1622 1065 nascebatur,
1650 1003 1790 1072 quod
1835 1002 2005 1073 stylus
2033 1000 2196 1055 Com-

639 1094 1023 1153 mentariorum
1088 1096 1358 1151 Basiliano
1406 1098 1557 1166 longe
1610 1094 1874 1149 absimilis
1927 1094 2189 1148 videatur.

637 1187 772 1243 Rem
815 1186 1079 1242 mittimus
1115 1189 1334 1253 nostris,
1377 1188 1467 1258 qui
1500 1186 1681 1241 Basilii
1725 1199 1948 1255 operum
1999 1184 2193 1238 editio-

637 1289 759 1334 nem
788 1292 994 1332 novam
1015 1278 1299 1332 adornant.

705 1368 831 1423 Haec
870 1375 1063 1423 catena
1102 1383 1131 1422 a
1171 1367 1377 1423 Joanne
1424 1368 1724 1437 Drungario
1766 1368 1990 1422 collecta
2040 1382 2193 1438 repe-

635 1460 777 1516 ritur
810 1460 937 1515 item
985 1459 1037 1513 in
1077 1459 1259 1514 codice
1307 1458 1477 1529 Regio
1534 1473 1684 1513 num.
1714 1458 1874 1523 i89i,
1908 1457 2085 1513 saeculi
2136 1473 2189 1525 x,

636 1552 1083 1616 membranaceo,
1126 1558 1313 1617 estque
1355 1550 1425 1604 ibi
1459 1564 1649 1619 magna
1691 1550 1774 1603 sui
1821 1557 1971 1619 parte
2008 1547 2192 1602 mutila

2301 556 2577 611 nunquam
2629 538 2845 594 Eusebii
2896 534 3395 604 interpretationes,
3434 541 3492 585 ut
3542 531 3633 586 hic
3672 531 3875 586 haben-

2298 644 2405 697 tur,
2455 632 2611 702 quasi
2666 631 2763 686 abs
2812 644 2869 684 re
2907 628 3068 682 datas
3107 626 3326 695 depellit
3355 634 3417 680 et
3442 622 3713 679 coniutat.
3756 622 3873 678 lmo

2299 726 2414 793 ipse
2450 722 2716 779 Eusebius
2756 735 2878 776 sese
2922 718 3098 791 prodit
3152 717 3312 785 hujus
3345 715 3740 773 Commentarii
3776 730 3876 770 auo

2297 825 2532 881 cterem,
2580 830 2699 870 cum
2752 823 2927 869 motas
2982 814 3050 868 ab
3103 811 3351 867 Ethnicis
3402 813 3465 865 in
3506 809 3876 866 Christianum

2296 920 2491 961 nomen
2541 907 2854 961 vexationes
2902 915 2958 961 et
2996 903 3361 971 carniﬁcinas,
3389 904 3628 972 itemque
3674 904 3877 971 princi-

2295 1012 2420 1067 pum
2465 996 2595 1051 olim
2643 996 2939 1051 inﬁdelium
2974 996 3042 1050 ad
3099 994 3258 1050 [idem
3309 995 3761 1058 conversionem,
3816 1000 3884 1047 ut

2293 1090 2539 1144 oculatus
2592 1088 2743 1144 testis
2784 1096 3088 1142 memorat:
3128 1089 3225 1143 sed
3280 1088 3516 1142 maxime
3570 1086 3660 1141 ubi
3696 1086 3875 1141 Chro-

2294 1181 2414 1235 nica
2462 1182 2530 1235 ab
2580 1195 2639 1236 se
2693 1180 2838 1236 edita
2893 1180 3081 1235 laudat
3132 1179 3219 1235 his
3268 1180 3450 1234 verbis
3499 1180 3565 1234 ad
3620 1194 3741 1249 cap.
3771 1190 3874 1233 xm

2294 1268 2519 1335 Hesaia‘,
2553 1271 2642 1342 Τῷ
2679 1272 2737 1326 δὲ
2765 1273 3027 1343 φάσκοντι
3058 1273 3222 1343 λόγῳ·
3269 1273 3414 1327 Ἰδοὺ
3444 1270 3703 1341 ἐπεγερῶ
3735 1268 3878 1339 ὑμῖν

2292 1362 2433 1428 τοὺς
2475 1362 2739 1431 Μήδους,
2793 1366 3140 1437 μαρτυρεῖ.ὴ
3189 1364 3289 1435 τῆς
3336 1363 3573 1435 ἱστορίας
3611 1362 3873 1425 ἔκϐασις·

2292 1450 2638 1523 ἀνάγραπτος
2669 1450 2804 1508 οὖσα
2838 1456 2988 1526 παρὰ
3018 1456 3133 1518 τοῖς
3189 1453 3456 1525 Ἑλλήνων
3487 1452 3556 1506 τὰ
3597 1449 3883 1517 Χαλδαϊκὰ

2292 1538 2386 1592 καὶ
2416 1541 2485 1593 τὰ
2521 1542 2855 1614 Ἀσσυριακὰ
2885 1541 3386 1615 συγγραψαμένοις.
3415 1544 3529 1605 τοῖς
3560 1558 3621 1594 τε
3652 1540 3722 1593 τά
3764 1541 3880 1611 Μἠ’

638 1643 708 1697 ab
743 1643 915 1697 initio.
941 1641 1137 1697 Catena
1171 1649 1354 1694 autem
1390 1640 1500 1695 alia
1542 1641 1595 1695 in
1631 1640 1799 1711 Regio
1832 1640 2018 1695 codice
2051 1637 2189 1693 2457

2305 1628 2415 1685 Ξικὰ
2460 1632 2834 1704 ἱστορηκόσινο
2867 1626 2941 1688 ὧν
2976 1634 3072 1688 καὶ
3117 1635 3292 1705 ἡμεῖς.
3319 1633 3579 1697 πλείστας
3619 1633 3879 1699 ἀνελιξάο

639 1735 708 1789 ab
745 1735 847 1789 hac
892 1732 1050 1802 longe
1097 1732 1314 1787 diversa
1360 1738 1476 1796 est,
1516 1745 1578 1785 ac
1605 1745 1864 1800 perquam
1918 1729 2189 1783 minimam

2296 1719 2434 1789 μεθα
2481 1725 2792 1794 μαρτυρίας
2833 1725 2891 1778 ὲν
2925 1727 3036 1789 τοῖς
3052 1724 3359 1796 πονηθεῖσιν
3398 1726 3529 1796 ἡμῖν
3565 1724 3883 1794 Χρονικοῖς

638 1826 880 1880 locorum
917 1830 1127 1893 partem
1162 1820 1339 1888 aii'ert,
1385 1820 1785 1889 innumerisque
1835 1820 2042 1875 mendis
2086 1818 2189 1875 {me
2221 1805 2264 1862 Β
2297 1812 2738 1884 συγγράμμασι.
2781 1812 2837 1872 ld
2882 1824 3000 1882 est,
3044 1833 3062 1868 ι
3092 1815 3228 1871 Huic
3265 1817 3442 1872 autem
3477 1816 3623 1872 dicto
3674 1834 3688 1871 :
3736 1813 3875 1869 Ecce

641 1917 829 1982 datur,
874 1916 977 1973 etsi
1027 1912 1345 1984 perantiqua
1390 1929 1405 1965 :
1447 1925 1570 1967 nam
1607 1910 1800 1967 decimi
1851 1911 1979 1966 item
2017 1910 2199 1969 saeculi

638 2016 745 2064 αι.

640 2116 709 2171 ll.
728 2118 1014 2183 Degenere
1046 2116 1484 2229 interpretandis?
1504 2115 1569 2165 de
1611 2119 1835 2166 veterum
1875 2114 2200 2177 interpretum

710 2283 869 2353 Quod
906 2284 973 2339 ad
1016 2280 1406 2355 interpretandi
1456 2279 1745 2344 rationem,
1792 2294 1896 2351 qua
1943 2279 2203 2336 Eusebius

640 2377 744 2434 hoc
786 2378 841 2432 in
876 2374 1267 2432 Commentaric
1318 2374 1511 2438 utitur,
1562 2370 1825 2427 adeantur
1879 2385 1947 2425 ea
1992 2385 2112 2440 quae
2145 2372 2199 2426 in

641 2466 1096 2523 Prteliminaribus
1144 2465 1212 2520 ad
1263 2464 1638 2535 Expositiones
1707 2463 1761 2518 in
1812 2462 2054 2519 Psalmos
2098 2464 2201 2519 bac

643 2560 711 2614 de
744 2572 803 2631 re
837 2557 1071 2612 diximus
1110 2556 1193 2626 (5)
1225 2574 1239 2610 :
1276 2557 1460 2612 eodem
1512 2554 1655 2609 enim
1706 2553 1988 2624 utrobique
2026 2553 2199 2624 explis

641 2649 798 2703 candi
842 2662 1039 2716 genere
1083 2646 1324 2717 procedit
1364 2664 1378 2700 :
1413 2659 1477 2700 ac
1525 2644 1813 2701 litteralem
1852 2647 2033 2711 modo,
2076 2660 2202 2701 mox

640 2738 1061 2811 mystagogicum
1102 2744 1156 2793 et
1205 2738 1551 2809 allegoricum
1601 2751 1818 2792 sensum
1868 2736 2103 2807 exquirit
2148 2746 2202 2791 et

641 2829 819 2885 aﬂ'ert.
852 2814 1114 2884 Nimirum
1149 2842 1213 2884 ea
1244 2828 1569 2898 explanandi
1598 2828 1685 2881 via
1715 2829 1765 2881 in
1796 2826 2028 2882 Psalmis
2061 2837 2116 2883 et
2147 2828 2203 2882 in

640 2920 929 2993 prophetia
964 2920 1194 2983 Hesaiae,
1224 2919 1319 2976 ubi
1350 2918 1607 2988 frequens
1636 2918 1835 2975 Christi
1864 2927 1919 2974 et
1951 2919 2203 2977 Ecclesiae

642 3013 864 3077 mentio,
906 3011 1201 3082 praesertim
1247 3010 1478 3066 ineunda
1508 3020 1629 3066 est:
1660 3026 1822 3080 quam
1868 3012 2199 3082 disciplinam

644 3104 1093 3173 evangelistarum
1157 3102 1629 3172 apostolorumque
1687 3102 1932 3172 exemplo
1984 3111 2202 3159 tenuere

645 3192 748 3250 SS.
786 3193 991 3251 Patres.
1047 3191 1402 3257 Quamobrem
1461 3191 1815 3263 Hieronymus
1852 3208 1957 3247 non
2003 3209 2068 3249 eo
2102 3195 2207 3250 Eu-

644 3284 853 3341 sebium
903 3284 1117 3351 carpit,
1162 3284 1302 3353 quod
1355 3281 1603 3338 Hesaiatn
1653 3283 1943 3354 allegorica
1981 3284 2206 3342 subinde

644 3390 799 3434 more
833 3377 1253 3445 interpretetur;
1304 3376 1397 3431 sed
1450 3375 1592 3445 quod
1650 3378 2037 3445 promissorum
2104 3378 2206 3433 im-

644 3484 870 3534 memor,
899 3469 990 3537 qui
1019 3483 1077 3523 se
1107 3467 1393 3541 litteralem
1421 3466 1843 3537 historicamque
1884 3469 2203 3524 sententiam

644 3560 931 3615 allaturum
968 3560 1246 3629 professus
1284 3567 1431 3623 erat,
1477 3560 1746 3614 interdum
1778 3562 1843 3615 ad
1893 3560 2203 3631 allegoriam

643 3653 892 3708 declinet.
942 3651 1074 3707 Nam
1128 3651 1242 3720 ipse
1291 3648 1649 3720 Hieronymus
1682 3652 1734 3705 in
1778 3652 2053 3722 allegoriis
2099 3651 2205 3708 fre-

643 3757 841 3811 quens,
892 3742 1033 3797 hanc
1085 3741 1248 3795 tradit
1288 3737 1342 3794 in
1392 3754 1614 3811 promgo
1665 3742 1949 3810 regulam:
2002 3761 2022 3794 ι
2054 3742 2206 3799 Unde

641 3842 764 3902 post
818 3831 1059 3887 historia:
1108 3832 1424 3893 veritatem,
1476 3830 1827 3901 Spiritualiter
1897 3832 2203 3900 accipienda

647 3934 783 3980 sunt
801 3927 979 3980 omnia
1005 3942 1019 3980 :
1049 3933 1105 3978 et
1149 3922 1229 3978 sic
1264 3920 1443 3978 Judma
1488 3931 1543 3977 et
1589 3916 1913 3988 Jérusalem,
1958 3923 2203 3994 Babylon

646 4025 703 4071 et
740 4014 1105 4080 Philisthiim,
1152 4012 1306 4073 Iloah
1351 4023 1407 4069 et
1460 4013 1786 4082 Damascus,
1833 4014 2100 4085 Egyptus
2151 4025 2206 4071 et

648 4106 923 4163 desertum
976 4117 1143 4167 mare,
1192 4103 1419 4158 idumaea
1448 4114 1501 4158 et
1546 4103 1762 4169 Arabia,
1807 4119 1872 4158 ac
1917 4103 2084 4159 Vallis
2129 4106 2208 4159 vi-

648 4196 863 4261 sionis;
900 4204 955 4250 et
1006 4194 1073 4248 ad
1122 4202 1420 4247 extremum
1464 4193 1641 4265 Tyrus
1682 4204 1738 4250 et
1775 4195 1914 4249 visio
1961 4196 2203 4264 quadru-

648 4287 863 4357 pedum,
912 4286 1261 4355 intelligenda
1298 4290 1450 4349 sunt;
1483 4294 1541 4339 ut
1570 4294 1763 4341 cuncta
1796 4298 2105 4356 quaeramus
2153 4288 2205 4340 in

645 4392 807 4433 sensu
831 4394 846 4432 :
875 4386 927 4431 et
962 4377 1015 4430 in
1041 4377 1293 4431 omnibus
1320 4376 1426 4440 bis,
1456 4377 1852 4446 quasi'sapiens
1878 4378 2207 4434 architectus

650 4467 847 4522 Paulus
897 4466 1167 4536 apostolus
1196 4464 1366 4536 iaciat
1416 4467 1864 4531 fundamentum,
1908 4468 2051 4537 quod
2098 4482 2203 4523 non

646 4569 729 4614 est
763 4558 904 4612 aliud
934 4568 1127 4627 praeter
1152 4558 1331 4614 Iesum
1361 4543 1653 4615 Christum.
1686 4576 1706 4609 ι

720 4648 1079 4720 Hexaplorum
1135 4665 1197 4704 ac
1248 4659 1488 4705 veterum
1536 4650 1893 4719 interpretum
1943 4649 2206 4705 lectiones

650 4742 849 4811 passim
906 4740 1064 4796 altert
1106 4740 1403 4805 Eusebius,
1455 4750 1511 4796 et
1550 4742 1768 4811 quidem
1808 4740 2004 4796 multas
2051 4742 2205 4811 queis

649 4834 1009 4903 Hieronymus
1060 4848 1191 4887 usus
1246 4848 1350 4887 non
1400 4841 1499 4887 est.
1550 4833 1732 4887 Sicubi
1787 4846 1915 4887 vero
1959 4834 2204 4886 eamdem

650 4934 881 4993 uterque
924 4924 1208 4978 lectionem
1268 4926 1549 4991 exscribit,
1577 4926 1839 4982 Eusebius
1885 4925 2205 4994 prolixiores

648 5015 915 5069 exhibet:
962 5031 1084 5069 nam
1142 5014 1500 5088 Hieronymus
1558 5032 1660 5071 una
1725 5017 1963 5071 alterave
2023 5015 2209 5071 vocula

651 5115 956 5171 contentus,
990 5108 1269 5163 lectionem
1308 5110 1438 5165 item
1480 5106 1799 5163 Hebraicam
1829 5106 2039 5177 adjicit,
2066 5107 2207 5178 quod

650 5198 832 5252 rarius
866 5209 1088 5269 praestat
1118 5200 1399 5257 Eusebius.

1041 5304 1124 5355 ΙΙΙ.
1150 5306 1281 5355 Nihil
1301 5305 1435 5355 dubii
1455 5319 1535 5367 περὶ
1555 5318 1806 5367 metam...

722 5386 831 5443 Res
873 5403 939 5444 ex
973 5403 1030 5445 se
1059 5390 1205 5445 clara
1242 5400 1297 5445 et
1326 5401 1509 5459 aperta
1544 5400 1645 5454 est,
1684 5391 1868 5456 hosce,
1896 5406 2032 5462 quos
2063 5406 2207 5446 nunc

652 5479 877 5545 edimus,
908 5496 1193 5552 germanos
1217 5493 1268 5537 et
1298 5498 1456 5537 veros
1480 5498 1599 5539 esse
1626 5482 1840 5538 Eusebii
1875 5484 1929 5539 in
1958 5482 2210 5539 Hesaiam

655 5570 1101 5629 Commentarios.
1152 5574 1207 5629 id
1260 5573 1572 5644 Hieronymi
1643 5576 1944 5633 testimonio
1996 5576 2208 5644 conspi-

726 5732 802 5803 (5)
832 5733 961 5790 Vide
989 5743 1189 5791 tomum
1219 5735 1570 5805 superiorem.

2235 4513 2282 4569 D

2304 1905 2564 1960 suscitabo
2617 1909 2763 1962 vobis
2823 1906 3042 1975 Medos,
3119 1909 3233 1979 ipse
3300 1909 3545 1965 historia
3617 1919 3878 1975 eventus,

2306 1986 2771 2057 testimonium‘et
2828 2001 2987 2058 tidem
3036 2002 3188 2057 addit
3230 2017 3247 2057 :
3284 2015 3404 2071 que
3451 2001 3680 2056 historia
3734 2001 3879 2071 apud

2304 2089 2547 2159 Graecos,
2576 2091 2668 2162 qui
2705 2091 3030 2157 Cheldaica,
3060 2092 3346 2163 Assyriaca
3386 2099 3443 2148 et
3494 2090 3699 2148 Medica
3737 2092 3880 2148 scd-

2305 2191 2549 2252 pserunt,
2581 2184 3156 2255 reperitur:q-uoram
3205 2199 3304 2241 nos
3355 2181 3877 2240 testimoniarmulta

2306 2273 2617 2344 collegimus
2642 2274 2694 2328 in
2724 2273 2993 2330 Chronicis
3022 2274 3246 2332 nostris.
3285 2292 3306 2328 ι

2305 2377 2386 2430 IV.
2417 2379 2525 2439 Quo
2560 2382 2787 2443 tempore
2827 2379 2935 2430 hac
2954 2380 3314 2432 Commentarta
3353 2377 3601 2429 Eusebius
3639 2377 3875 2428 ediderit.

2377 2462 2501 2519 Hac
2537 2477 2701 2533 porro
2752 2478 2859 2519 una
2911 2463 2966 2518 in
3024 2463 3109 2520 his
3146 2462 3567 2519 Commentariis
3619 2460 3877 2530 temporis

2307 2562 2435 2609 nota
2466 2556 2775 2625 comparet.
2798 2556 2924 2611 Post
2952 2553 3097 2611 edita
3132 2568 3327 2626 nempe
3356 2553 3642 2619 Chronica,
3677 2552 3745 2607 id
3767 2563 3875 2630 est,

2304 2653 2426 2715 post
2469 2660 2671 2700 annum
2715 2644 2843 2711 526,
2868 2644 3242 2716 Expositiones
3282 2647 3338 2699 in
3371 2641 3623 2699 Hesaiam
3673 2641 3881 2707 edidit»,

2304 2751 2411 2806 quo
2471 2747 2658 2792 autem
2720 2750 2899 2798 anno.
2959 2750 3028 2791 ne
3087 2736 3395 2807 conjectare
3469 2734 3688 2805 quidem
3744 2745 3880 2804 pos-

2306 3013 2346 3068 l.
2388 3012 2645 3069 Eusebius
2676 3030 2831 3084 parce
2861 3023 2913 3069 et
2941 3014 3111 3084 sobrie
3145 3012 3213 3084 (ξε
3256 3011 3398 3068 Filio
3425 3011 3523 3067 Dei
3551 3011 3784 3083 loquitur
3826 3011 3890 3073 ita

2376 3084 2459 3137 his
2515 3081 2935 3139 Comntentariis.
3007 3083 3070 3139 ll.
3142 3081 3339 3137 Contra
3396 3084 3575 3137 atlases
3615 3081 3668 3137 et
3716 3096 3874 3149 gene-

2380 3153 2599 3210 thliacos
2629 3155 2888 3225 interdum
2916 3155 3043 3225 agit.
3067 3151 3155 3208 ili.
3178 3152 3470 3225 Apostolus
3484 3153 3878 3225 quatuordecius

2387 3234 2650 3293 numerat.
2688 3223 2778 3279 IV.
2825 3223 3127 3293 Singularis
3156 3223 3220 3276 de
3253 3223 3570 3293 martyribus
3618 3223 3876 3293 narratio.

2383 3289 2445 3345 V.
2477 3293 2783 3363 Principum
2831 3289 3159 3348 swc'alarium
3203 3308 3326 3362 ergo
3365 3289 3655 3346 Ecclesium
3692 3292 3880 3361 picus.

2311 3404 2349 3455 Ι.
2373 3403 2617 3454 Eusebius
2654 3417 2801 3467 parce
2826 3408 2880 3454 et
2899 3403 3061 3467 sobrie
3089 3403 3153 3452 de
3189 3402 3318 3467 Filio
3337 3400 3436 3453 Dei
3478 3402 3700 3466 loquitur
3723 3402 3776 3451 in
3806 3401 3893 3452 his

2896 3465 3288 3517 Commentariis.

2377 3545 2476 3611 Qui
2533 3546 2586 3601 in
2637 3546 3050 3601 Commentariis
3102 3547 3154 3600 in
3210 3544 3457 3601 Psalmos
3527 3558 3767 3601 errorem
3809 3544 3881 3598 de

2312 3637 2445 3693 Filio
2482 3637 2576 3693 Dei
2615 3652 2773 3692 suum
2828 3639 3028 3707 passim
3082 3637 3415 3707 iusperserat
3462 3635 3743 3702 Eusebius,
3789 3634 3879 3689 hic

2308 3747 2473 3802 parce
2518 3742 2573 3788 et
2614 3732 2795 3788 sobrie
2835 3746 2899 3788 ea
2949 3732 3015 3787 de
3066 3745 3125 3786 re
3153 3737 3213 3785 ut
3262 3728 3555 3799 plurimum
3596 3727 3877 3798 loquitur:

2314 3824 2662 3893 quamobrem
2704 3824 3062 3895 Hieronymus
3090 3821 3181 3891 qui
3209 3819 3549 3875 Psalmorum
3580 3818 3881 3888 Expositio-

2314 3931 2437 3969 nem
2464 3914 2733 3970 Arianicis
2763 3915 3040 3970 erroribus
3070 3925 3345 3983 aspersam
3382 3925 3502 3967 esse
3539 3909 3881 3976 testiﬁcatur,

2314 4009 2445 4062 nihil
2480 4008 2785 4078 bujusmodi
2822 4008 3073 4064 observat
3097 4008 3150 4063 in
3188 4008 3293 4063 hoc
3323 4006 3737 4063 commentario.
3770 4004 3877 4061 Sed

2313 4100 2435 4168 quia
2464 4100 2693 4155 arduum
2735 4108 2821 4155 est
2858 4101 2947 4155 diu
2982 4100 3316 4171 multumque
3346 4101 3605 4163 scribere,
3648 4098 3780 4168 quin
3814 4113 3882 4155 ex

2311 4200 2504 4247 ruente.
2536 4192 2815 4262 scriptoris
2859 4191 3061 4261 aliquid
3112 4190 3194 4245 vel
3242 4192 3614 4263 imprudenter
3659 4188 3878 4253 emuat.

2313 4301 2416 4340 non
2464 4280 2696 4340 obscure
2735 4287 3059 4340 sententiam
3094 4298 3246 4339 suam
3286 4285 3468 4353 prodit
3500 4283 3764 4340 Eusebius
3809 4284 3878 4338 ad

2313 4390 2431 4446 cap.
2460 4370 2617 4441 xuii,
2648 4377 2739 4431 ubi
2773 4375 2826 4430 in
2855 4376 2969 4431 haec
3002 4373 3164 4432 verba
3198 4393 3211 4428 :
3251 4373 3394 4443 Ἐγὼ
3420 4377 3450 4429 ὁ
3481 4374 3633 4443 Θεὸς,
3665 4377 3761 4430 καὶ
3779 4377 3884 4432 οὐκ

2313 4470 2426 4527 ἐστι
2454 4469 2629 4543 παρὲξ
2657 4470 2792 4541 ἐμοῦ
2837 4470 3045 4536 σώζων,
3070 4471 3123 4525 id
3157 4480 3240 4525 est
3265 4488 3281 4525 :
3318 4488 3337 4521 ι
3366 4468 3477 4539 Ego
3497 4470 3661 4535 Deus,
3688 4478 3744 4523 et
3772 4484 3879 4524 non

2311 4574 2391 4619 est
2406 4574 2601 4633 praeter
2625 4578 2711 4618 me
2734 4564 2826 4633 qui
2854 4564 3059 4619 salvum
3079 4562 3294 4630 faciat,»
3313 4563 3494 4618 sicille
3507 4563 3670 4618 habet
3693 4579 3708 4616 :
3732 4563 3881 4627 Μιᾶς

2308 4654 2416 4725 γὰρ
2452 4654 2619 4727 οΰσης
2654 4656 2849 4727 ἀρχῆς,
2882 4655 2978 4725 μία
3007 4655 3091 4725 εῐη
3122 4654 3244 4725 ἂνὴ
3282 4653 3492 4725 θεότης,
3524 4649 3559 4728 ᾖ
3590 4670 3884 4726 συμπαρα-

2308 4744 2638 4817 λαμϐάνεται
2682 4747 2775 4798 καὶ
2821 4745 2977 4816 ήτοῦ
3026 4744 3363 4813 Μονογενοῦς
3390 4746 3555 4799 αὑτοῦ
3608 4744 3877 4815 Oculum.

2310 4838 2422 4892 Hoc
2469 4848 2553 4892 est
2587 4856 2601 4892 :
2643 4855 2661 4887 ι
2692 4836 2825 4891 Nam
2857 4851 2977 4892 cum
3012 4853 3178 4895 unum
3228 4848 3299 4895 sit
3360 4839 3683 4910 principium
3706 4878 3723 4906 ,
3774 4853 3885 4893 uita

2309 4931 2470 4987 fuerit
2513 4941 2569 4986 et
2599 4930 2795 4994 deitas,
2840 4943 3072 5000 quacum
3106 4933 3401 4987 assumitur
3450 4929 3723 5001 Unigeniti
3754 4930 3877 5000 ejus

2311 5024 2667 5094 theologiam
2722 5021 2814 5077 ubi
2866 5038 2971 5078 non
3023 5024 3145 5081 ideo
3190 5023 3313 5079 Filii
3367 5022 3692 5094 theologiam
3750 5038 3879 5078 eum

2309 5124 2530 5184 paterna
2564 5113 2766 5168 deitate
2810 5117 3011 5172 assumi
3043 5115 3181 5180 vult,
3213 5118 3355 5185 quod
3404 5115 3576 5171 deitas
3616 5114 3736 5171 Fiiii
3769 5132 3877 5171 una

2310 5209 2607 5277 eademque
2638 5208 2711 5261 sit
2739 5215 2902 5277 atque
2933 5217 3199 5278 paterna:
3232 5223 3353 5263 nam
3384 5223 3505 5269 eam
3540 5207 3630 5264 ille
3657 5218 3875 5265 senten-

2310 5300 2435 5353 tiam
2467 5310 2526 5355 ut
2577 5299 2937 5355 Sabellianam
2978 5301 3208 5370 respuit;
3245 5302 3344 5354 sed
3388 5301 3542 5371 quod"
3576 5303 3646 5357 ob
3680 5302 3876 5357 simili-

2312 5391 2549 5446 tudinem
2599 5392 2905 5460 quamdam,
2952 5392 3020 5447 ab
3051 5403 3175 5447 ortu
3224 5391 3365 5448 Deus
3414 5393 3717 5464 appellatus
3767 5396 3878 5461 sit,

2310 5485 2573 5555 siquidem
2602 5484 2847 5555 principii
2872 5494 2926 5540 et
2952 5485 3170 5542 deitatis
3200 5487 3462 5541 unitatem
3495 5487 3549 5542 in
3576 5487 3690 5542 solo
3713 5487 3875 5545 Patre

2311 5578 2517 5634 servari
2548 5577 2625 5633 ait
2654 5576 2762 5645 hic,
2791 5586 2845 5634 et
2875 5579 3074 5647 passim
3104 5579 3453 5651 apertiusque
3498 5581 3554 5637 in
3586 5580 3709 5639 aliis
3742 5596 3876 5655 ope-
