4090 6452
240 406 322 461 85
1207 406 1723 462 COMMENTARIA
1770 405 1833 459 IN
1876 403 2133 460 ISAIAM.
2177 435 2242 443 —
2281 401 2680 458 PRAiFATlO.
2909 429 2916 440 κ
3514 411 3584 459 86

524 525 590 570 ut
664 525 1143 571 cmnmonstt'alur
1205 535 1257 571 Ill
1321 519 1782 588 pra-liminaribus
1834 519 1898 571 ad
1930 523 1974 580 Α
2005 527 2350 581 accedentes,
2391 524 2738 583 usurparent.
2771 513 2972 569 Locum
3026 512 3223 570 alferre
3271 533 3338 572 ne
3383 519 3582 589 pigeat.

1983 610 2062 662 Ad
2095 609 2239 662 illum
2273 609 2477 663 llesaire
2506 623 2719 661 versum
2746 621 2864 674 cap.
2894 622 3016 660 xuv
3043 627 3054 660 :
3081 603 3270 672 Οὗτος
3292 609 3444 676 ἐρεῖ·
3473 609 3584 664 Τοῦ

1985 702 2134 756 Θεοῦ
2165 705 2316 771 εἰμι,
2353 702 2449 755 καὶ
2495 696 2675 763 εὗτρς
2718 699 3016 764 βοήσεται
3068 700 3165 752 ἐπὶ
3217 699 3294 765 τῷ
3340 703 3583 771 ὀνιζαατι

1995 794 2227 855 Ἰακὼϐ,
2277 794 2373 847 καὶ
2425 793 2624 858 ἔτξχρος
2672 791 2987 859 ἐπίῃ-ἅψει
3050 790 3119 858 τῇ
3174 791 3321 860 χειρὶ
3369 793 3576 849 ίιῠτθῦ⁸

1987 887 2097 940 Τοῦ
2131 885 2281 939 Θεοῦ
2311 889 2446 954 εἰμι,
2485 886 2579 938 καὶ
2615 884 2711 936 ἐστὶ
2750 883 2828 948 τῷ
2859 886 3105 952 ὀνόματι
3141 885 3388 954 Ἰσραὴλ
3425 887 3578 954 ,Βοή-

1978 995 2180 1032 σεται’
2219 978 2271 1031 id
2322 987 2405 1033 est
2450 997 2460 1030 ;
2498 997 2514 1028 ι
2549 976 2645 1029 llic
2691 977 2832 1030 «licet
2867 996 2877 1029 :
2925 977 3016 1030 Dei
3055 993 3206 1041 sum,
3235 989 3289 1031 et
3341 977 3429 1031 hic
3470 978 3579 1032 cla-

1979 1073 2148 1124 mabit
2197 1071 2248 1123 iu
2302 1072 2520 1124 nomine
2565 1069 2762 1134 lat-ob;
2816 1078 2870 1122 et
2919 1053 3059 1124 a'lius
3104 1069 3375 1124 describet
3412 1087 3576 1125 manu

1977 1177 2073 1216 sua
2105 1179 2114 1212 :
2144 1161 2236 1214 Dei
2279 1177 2422 1225 sum,
2456 1171 2511 1213 et
2562 1160 2612 1212 in
2653 1159 2874 1212 nomine
2908 1159 3076 1214 Israel
3119 1160 3408 1226 clamabit;
3444 1183 3462 1214 ι
3499 1164 3578 1219 sic

1977 1254 2140 1308 habet
2178 1253 2265 1307 ille
2308 1271 2320 1306 :
2369 1252 2659 1322 Θαυμὰται
2692 1252 2748 1304 δὲ
2804 1251 2952 1316 ἐστι,
3006 1254 3098 1305 καὶ
3154 1253 3576 1324 καταπλαγῆναι

1975 1345 2189 1416 ἀληθῶς
2243 1346 2341 1416 τὴν
2394 1345 2502 1396 τῶν
2555 1344 2909 1415 προφητικῶν
2973 1343 3146 1412 λόγων
3201 1345 3450 1418 δύναμιν,
3500 1346 3577 1410 ὡς

245 521 412 571 ribus
432 558 446 580 ,

240 609 752 663 Commentarium
791 609 844 662 in
882 608 1148 673 Psalmos,
1183 611 1271 664 ubi
1307 613 1522 667 \'ltiCSlS.

398 718 460 766 ll.
482 717 675 769 Contra
705 717 890 765 albens
911 725 962 765 et
984 717 1326 779 genethliacos
1348 717 1597 766 interdum
1621 721 1738 780 agit.

319 801 474 868 Quia
554 802 788 856 Eusebii
847 817 992 865 aevo,
1042 803 1183 855 athei
1244 802 1542 863 multifet
1601 805 1877 872 religionis

238 894 469 949 nullius
527 894 794 948 homines
871 904 1064 958 erant,
1117 895 1207 964 qui
1269 895 1380 950 fato
1439 911 1630 951 onmes
1693 913 1876 952 rerum

234 996 493 1041 eventus
533 988 924 1049 ascriberent;
958 987 1198 1053 ejusdem
1245 986 1433 1039 fariuze
1479 988 1728 1041 homines
1763 1003 1877 1056 pas-

233 1078 348 1130 sim
389 1079 714 1131 iusectatur
746 1078 1013 1132 Eusebius
1050 1078 1161 1143 hic,
1196 1088 1253 1131 ut
1287 1079 1338 1132 in
1368 1078 1794 1135 Commentariis
1822 1082 1874 1138 in

236 1167 548 1224 Psalmos:
577 1169 670 1222 ubi
705 1179 825 1223 tum
856 1170 1082 1235 ratione,
1101 1179 1212 1224 tum
1241 1171 1507 1239 exemplis
1531 1173 1870 1244 comprobat,

236 1261 508 1314 numinis
552 1260 909 1329 providentia
951 1261 1207 1314 mundum
1246 1261 1638 1316 administrari.
1685 1280 1702 1312 s
1735 1261 1870 1318 Nam

235 1365 370 1404 cum
413 1350 706 1418 sapientes
749 1350 909 1418 hujus
957 1350 1158 1415 seculi,
1188 1369 1208 1402 ο
1243 1351 1324 1404 sic
1373 1350 1463 1404 ille
1494 1352 1562 1405 ad
1608 1367 1730 1422 cap.
1765 1367 1870 1419 χι..

240 1461 259 1494 ι
293 1441 500 1495 omnia
551 1450 865 1511 spontaneo
913 1442 1128 1497 cuidam
1167 1458 1349 1497 rerum
1397 1444 1600 1507 motui,
1648 1459 1712 1499 ac
1764 1444 1870 1498 for-

234 1535 385 1589 tuito
441 1534 694 1589 naturali
759 1535 1013 1600 casui,et
1059 1534 1172 1590 fato
1202 1538 1513 1602 ascribunt;
1561 1541 1871 1595 necessario

231 1641 506 1696 praesens
555 1643 770 1692 sermo,
829 1627 1030 1681 nullam
1075 1643 1259 1682 rerum
1315 1628 1543 1685 fortuito
1595 1647 1723 1686 casn
1769 1650 1866 1687 ex-

230 1715 473 1781 sistere,
509 1717 608 1770 sed
645 1716 836 1770 omnia
876 1732 998 1771 cum
1050 1732 1301 1771 mensura
1347 1728 1403 1773 et
1439 1736 1667 1775 numero
1699 1737 1726 1774 a
1766 1722 1841 1776 Do

1975 1719 2244 1783 πάζοντας
2289 1720 2502 1782 ἑαυτοῖς
2536 1719 2632 1781 τὰς
2674 1717 2780 1771 τῶν
2830 1718 3000 1785 ἁγίων
3039 1718 3250 1790 ἀνδρῶν
3295 1735 3573 1790 προσηγοα

231 1811 418 1876 mino,
468 1810 571 1880 qui
609 1810 757 1864 Deus
797 1811 1147 1879 praedicatur,
1195 1813 1492 1866 constituta
1545 1814 1732 1880 fuisse,
1769 1817 1852 1870 de-

1976 1812 2125 1881 ρίας·
2172 1807 2246 1864 ὧν
2288 1813 2314 1863 ὁ
2364 1811 2461 1881 μὲν
2497 1811 2688 1864 ἑαυτὸν
2747 1809 2922 1862 ῐακὼϐ
2972 1811 3190 1873 ἐκάλει,
3245 1813 3339 1864 καὶ
3385 1811 3573 1882 ἕτερος

227 1901 444 1956 clarat.
477 1921 503 1954 ι
558 1901 687 1956 Pari
743 1903 904 1957 modo
962 1903 1236 1958 invehitur
1283 1903 1335 1957 in
1384 1918 1477 1959 eos
1519 1907 1643 1975 qui,
1694 1919 1843 1962 motu

1985 1903 2221 1974 Ἰσραὴλ,
2281 1903 2438 1966 ἄλλος
2473 1903 2528 1955 δὲ
2587 1902 2877 1974 Ἰερεμίαν,
2933 1903 3026 1956 καὶ
3072 1902 3298 1956 Ἡσαΐαν
3343 1902 3568 1972 ἕτερος,

229 1975 538 2049 astrorum
604 1993 798 2049 omnia
872 1996 1248 2061 ascribentes,
1297 1997 1540 2066 genesim
1603 1998 1852 2069 cujttsqut

1972 1997 2062 2049 καὶ
2121 1997 2316 2067 Δανιὴλ
2360 1997 2520 2050 πάλιν
2567 1996 2745 2059 ἄλλος.
2795 1995 3033 2048 Τοιαῦτα
3081 1995 3210 2064 γοῦν
3262 1995 3566 2064 ἐπιγραφό-

225 2087 663 2155 explorabant:
698 2089 794 2158 qui
830 2087 1149 2157 frequentes
1201 2089 1293 2143 illa
1327 2097 1646 2157 tempestate
1678 2100 1852 2144 erant.

1972 2105 2122 2156 μενοι
2195 2090 2435 2158 ὀνόματα
2496 2087 2588 2140 ἐπὶ
2642 2087 2701 2140 τὸ
2771 2086 3070 2158 μαρτύριον
3126 2086 3219 2139 τοῦ
3278 2086 3414 2138 Θεοῦ
3470 2087 3570 2139 σὺν

229 2177 519 2249 Legimus
565 2195 702 2235 sane
745 2181 1038 2236 Eusebium
1075 2180 1437 2246 Emesenum,
1481 2184 1626 2252 quod
1669 2184 1852 2238 ἀποτε-

1968 2181 2149 2252 πολλῷ
2180 2181 2370 2254 θάρσει
2402 2181 2494 2234 καὶ
2531 2180 2814 2254 παρῂσίᾳ
2850 2180 3166 2252 παρῄεσαν·
3204 2179 3238 2233 ἃ
3267 2179 3330 2249 δὴ
3366 2178 3568 2250 σημαί-

225 2269 604 2344 λεσματικὴν
679 2281 1006 2338 exerceret,
1064 2287 1092 2326 a
1147 2271 1307 2342 plebe
1376 2272 1593 2342 pulsum
1667 2276 1852 2334 thronc

1966 2288 2130 2324 νουσα
2174 2274 2206 2343 ἡ
2243 2272 2550 2342 προφητεία
2596 2272 2793 2342 φησίν·
2835 2267 3024 2337 Οὗτος
3069 2271 3206 2338 ἐρεῖ·
3260 2270 3369 2324 Τοῦ
3418 2269 3569 2324 Θεοῦ

224 2360 410 2419 fuisse
961 2367 968 2372 “

1965 2367 2102 2433 εἰμι,
2126 2383 2180 2418 κ.
2212 2382 2260 2417 τ.
2289 2363 2338 2417 λ.
2368 2363 2478 2418 lloe
2503 2374 2587 2418 est
2611 2385 2621 2418 :
2658 2384 2674 2416 ‹
2702 2363 3065 2435 Μίηπίξνιθηε
3095 2364 3241 2418 subit
3269 2363 3570 2434 prophetiae

365 2453 462 2505 ΠΙ.
513 2455 795 2518 Apostolus
816 2459 1192 2520 quatuordecim
1217 2467 1446 2513 numerat
1469 2461 1729 2514 Eusebius.
1965 2458 2073 2513 vim
2110 2469 2164 2513 et
2191 2457 2514 2522 ellicaciam,
2545 2468 2602 2512 et
2635 2472 2798 2528 quam
2836 2472 2967 2512 vere
2994 2458 3072 2512 rei
3103 2469 3361 2515 eventum
3390 2456 3570 2510 oculis

1975 1442 2155 1502 αὐτοῖς
2191 1439 2374 1510 ἔργοις
2419 1437 2485 1490 τὰ
2537 1438 2952 1507 ἀπῡτελέσματα
3006 1438 3445 1509 παρειλήφαμεν.
3486 1441 3574 1492 Ἐν

1974 1533 2104 1601 γοῦν
2141 1536 2250 1595 τοῖς
2296 1531 2416 1583 καθ’
2466 1533 2613 1601 ἡμᾶς
2668 1532 2868 1593 αὐτοὺς
2925 1531 3239 1602 γενομένοις
3287 1533 3572 1603 διωγμοῖς,

1975 1626 2202 1690 πολλοὺς
2237 1626 2344 1677 τῶν
2387 1625 2699 1693 ἀλλοφύλων
2748 1625 2918 1678 ἐθνῶν
2951 1626 3317 1696 ἐθεασάμεθα,
3363 1641 3572 1696 προαρ-

304 2539 626 2611 Apostolos
668 2543 1091 2611 quatuordecim
1142 2557 1396 2602 recenset
1441 2546 1733 2613 Eusebius,
1779 2548 1862 2602 ni-

230 2633 447 2690 mirum
501 2633 808 2690 duodecim
850 2635 972 2693 illos
1003 2637 1287 2710 pristinos,
1318 2638 1544 2696 Matthia
1579 2642 1632 2697 iu
1678 2641 1860 2696 locum

225 2724 390 2782 Iudas
464 2728 786 2796 proditoris
835 2728 1218 2786 duodecimum
1286 2731 1467 2788 locum
1527 2741 1858 2802 occupante,

230 2815 474 2873 Paulum
504 2829 566 2874 et
595 2817 870 2874 Iacobum
902 2819 1123 2877 fratrem
1159 2822 1408 2890 Domini;
1439 2839 1564 2879 nam
1596 2823 1858 2880 Iacobum

227 2908 386 2965 illum
422 2910 668 2966 fratrem
705 2909 943 2977 Domini,
972 2913 1134 2967 alium
1167 2930 1197 2968 a
1226 2914 1428 2972 Jacobo
1458 2916 1664 2987 Alphtei
1697 2927 1854 2988 putat

228 3018 380 3059 esse.
435 3003 588 3058 Tres
651 3005 843 3073 itaque
888 3005 1216 3077 ὁμωνύμους
1275 3008 1553 3079 apostolos
1605 3023 1856 3070 numerat

233 3095 541 3162 Eusebius,
587 3095 856 3152 Iacobum
906 3098 1135 3154 fratrem
1180 3097 1430 3169 Joannis,
1468 3102 1729 3161 Iacobum
1759 3108 1855 3162 Al-

228 3189 514 3291 phteiLet
571 3186 847 3290 Iacobum
895 3189 1118 3291 fratrem
1160 3191 1414 3262 Domini,
1459 3211 1618 3266 quem
1664 3199 1740 3255 ait
1784 3201 1853 3255 ah
1884 3232 1926 3291 ο

230 3279 350 3348 ipso
371 3279 605 3335 Christo
627 3280 942 3351 episcopum
963 3279 1474 3354 Jerosolymitanum
1497 3292 1851 3348 constitutum

231 3371 422 3428 fuisse.
479 3371 650 3428 Hunc
683 3388 849 3442 porro
887 3375 1065 3431 locum
1103 3377 1470 3451 Hieronymus
1509 3397 1575 3438 ex
1616 3383 1853 3442 Eusebio

231 3468 297 3522 ad
337 3468 577 3523 verbum
627 3483 799 3538 pene,
847 3478 906 3524 ut
939 3473 1142 3540 passim
1189 3473 1364 3537 solet,
1412 3477 1722 3541 transtulit,
1759 3481 1852 3549 qui

230 3567 415 3615 tamen
453 3575 586 3616 eam
635 3563 816 3631 ipsam
856 3563 1166 3632 opinionem
1202 3566 1255 3619 in
1297 3565 1437 3622 libro
1479 3567 1678 3626 Contra
1720 3569 1854 3626 Hel-

229 3652 436 3706 uidium
485 3663 818 3724 oppugnat,
868 3656 1111 3727 duosque
1178 3667 1386 3714 tantum
1434 3659 1668 3718 Jacobos
1729 3679 1853 3720 esse

229 3744 504 3802 defendit.
534 3746 737 3802 Trium
773 3763 936 3818 porro
979 3748 1306 3806 Jacoliorum
1335 3755 1645 3824 Opinionem
1678 3756 1853 3814 Euse-

227 3838 354 3894 hius
399 3855 473 3894 ex
521 3840 775 3910 Origene
810 3851 1092 3898 mutuatus
1122 3844 1379 3900 videtur:
1414 3861 1537 3900 nam
1592 3849 1638 3904 is
1686 3866 1848 3921 quem

228 3932 332 3987 sibi
368 3932 616 3987 alterum
666 3931 792 4000 ejus
829 3935 1106 4004 opinionis
1144 3948 1429 3994 auctorem
1462 3940 1689 3996 ascribit
1743 3944 1848 3998 Eu-

227 4025 441 4091 sebius,
487 4025 590 4079 lib.
621 4040 659 4079 Il
706 4023 852 4080 Hist.
878 4027 1031 4095 eccl.,
1067 4044 1186 4100 cap.
1216 4030 1269 4099 1,
1307 4030 1566 4088 Clemens
1599 4036 1849 4091 videlicet

227 4116 675 4182 Alexandrinus,
709 4117 928 4174 Eusebii
970 4123 1260 4177 sententia:
1288 4123 1634 4188 adversatur.
1665 4127 1757 4182 δύο
1787 4130 1845 4183 δὲ

227 4207 495 4276 γεγόνασι
535 4206 815 4272 Ἴάκωόοι,
847 4211 926 4265 sic
974 4210 1084 4276 ille,
1116 4209 1196 4279 εἷς
1227 4217 1255 4268 ὁ
1296 4214 1504 4280 δίκαιος
1524 4235 1535 4246 ·
1572 4218 1758 4290 ἕτερος
1790 4221 1845 4275 δὲ

226 4303 255 4352 ὁ
285 4301 718 4372 καρατομηθείς
758 4319 772 4356 :
817 4320 835 4353 ι
867 4302 983 4358 Duo
1012 4311 1192 4359 autem
1251 4303 1438 4363 Jacobi
1481 4307 1664 4375 fuere;
1709 4311 1847 4367 alius

224 4389 427 4459 justus,
455 4409 480 4446 ι
534 4392 656 4446 sive
689 4392 900 4460 Minor;
953 4413 972 4446 ι
1005 4394 1146 4450 alius
1181 4399 1273 4467 qui
1326 4399 1508 4469 capite
1561 4412 1844 4459 truncatus

227 4491 332 4545 est,
357 4500 380 4533 ι
412 4496 516 4536 seu
560 4482 762 4553 Major.
791 4481 901 4539 Nec
936 4483 1150 4541 felicius
1174 4493 1364 4543 eodem
1400 4489 1560 4555 libro,
1598 4507 1720 4563 cap.
1745 4493 1838 4558 23,

1964 2548 2394 2618 perceperimus.
2443 2545 2578 2600 Nam
2611 2547 2662 2600 in
2698 2544 3174 2617 persecutionibus
3202 2554 3392 2610 nostro
3428 2553 3568 2597 tem-

1963 2654 2098 2710 pore
2124 2639 2439 2703 concitatis,
2465 2639 2666 2694 multos
2707 2653 2775 2694 ex
2811 2636 3140 2707 alienigenis
3184 2634 3437 2705 gentibus
3485 2634 3570 2688 vi-

1963 2733 2166 2797 dimus,
2213 2734 2304 2802 qui
2362 2743 2680 2788 sanctorum
2742 2731 2988 2787 virorum
3046 2731 3269 2786 nomina
3328 2742 3567 2795 usurpa-

1961 2823 2122 2889 bant;
2159 2823 2299 2880 alius
2331 2826 2534 2896 quippe
2562 2839 2684 2881 sese
2729 2822 2994 2880 Jacobum
3041 2821 3380 2892 appellabat;
3422 2822 3566 2877 alius

1961 2918 2241 2984 lsraelem,
2276 2918 2416 2973 alius
2464 2916 2794 2984 Jeremiam;
2844 2917 2932 2972 hic
2968 2915 3251 2980 liesaiam,
3302 2915 3407 2969 iste
3447 2912 3560 2969 Da-

1960 3009 2182 3068 nielem.
2238 3010 2453 3066 Etenim
2506 3011 2591 3066 his
2645 3010 2752 3065 sibi
2805 3009 3060 3079 ascriptis
3115 3007 3449 3072 nominibus,
3486 3008 3558 3062 ad

1961 3104 2283 3174 martyrium
2349 3118 2447 3173 pro
2501 3103 2612 3157 Deo
2669 3101 3014 3156 subeundum
3078 3113 3204 3154 cum
3257 3096 3455 3153 ﬁducia
3505 3109 3563 3154 et

1961 3197 2269 3253 constantia
2304 3196 2658 3251 accedebant.
2685 3193 2816 3262 Quae
2853 3192 3134 3264 prophetia
3162 3191 3393 3258 indicat,
3426 3192 3555 3247 dum

1961 3291 2039 3345 ait
2088 3310 2101 3344 :
2150 3287 2252 3342 Hic
2281 3289 2415 3342 dicet
2450 3305 2466 3341 :
2499 3289 2592 3342 Dei
2627 3303 2776 3353 sum,
2810 3298 2915 3342 etc.
2967 3305 2986 3338 ›

2067 3381 2127 3434 ν.
2156 3379 2445 3444 Principum
2469 3381 2776 3430 saecularium
2802 3393 2922 3443 erga
2950 3379 3225 3428 Ecclesiam
3260 3380 3437 3442 pietas.

2029 3462 2090 3520 ln
2149 3466 2294 3520 hunc
2347 3481 2564 3520 versum
2625 3479 2747 3535 cap.
2801 3479 2928 3519 χιιι
2965 3483 2977 3519 ;
3011 3482 3030 3516 ι
3067 3463 3132 3518 Et
3186 3475 3350 3520 erunt
3401 3478 3560 3535 reges

1957 3559 2172 3614 nutritii
2207 3559 2313 3624 tui,
2350 3569 2404 3614 et
2453 3558 2656 3628 regina:
2695 3558 2942 3612 nutrices
2989 3567 3134 3623 tute,
3162 3577 3180 3610 ι
3228 3558 3345 3613 hac
3389 3557 3557 3613 habet

1955 3651 2227 3708 Eusebius
2264 3662 2567 3707 memoratu
2624 3651 2787 3721 plane
2837 3650 3042 3721 digna:
3087 3669 3105 3702 ι
3136 3651 3292 3718 Quod
3338 3651 3405 3706 ad
3456 3652 3552 3705 lit-

1959 3755 2131 3801 teram
2168 3746 2451 3816 impletum
2506 3745 2638 3816 ipsis
2676 3744 2855 3801 oculis
2882 3745 3182 3811 cernimus,
3220 3748 3347 3800 dum
3389 3745 3426 3800 ii
3458 3745 3553 3815 qui

1954 3852 2270 3909 supremum
2325 3838 2616 3909 imperium
2656 3839 2929 3904 obtinent,
2979 3836 3318 3904 Ecclesiam,
3369 3841 3549 3894 nutri-

1957 3932 2152 3985 tiorum
2189 3933 2384 3994 instar,
2432 3939 2648 4000 gestant
2677 3941 2732 3986 et
2771 3931 3000 3988 fovent:
3040 3947 3104 3986 ac
3157 3933 3360 4003 reginze
3409 3948 3547 4002 gen-

1953 4021 2106 4084 tium,
2142 4021 2192 4074 id
2229 4029 2332 4084 est,
2374 4020 2713 4090 singularum
2762 4022 3003 4091 gentium
3051 4031 3103 4077 et
3137 4024 3547 4092 provinciarum

1953 4118 2329 4187 magistratus,
2375 4131 2612 4186 superno
2654 4117 2772 4186 regi
2821 4116 3235 4183 ministrantes,
3285 4126 3546 4189 tanquam

1951 4209 2214 4273 nutrices,
2272 4207 2603 4278 pauperibus
2665 4208 2925 4264 Ecclesiae
2982 4209 3339 4280 imperatorio
3409 4221 3547 4267 nutu

1947 4317 2215 4357 annonam
2266 4301 2658 4370 suppeditant:
2693 4317 2864 4371 quare
2906 4301 3150 4356 nutrices
3183 4303 3304 4373 ejus
3344 4318 3548 4359 vocan-

1949 4401 2067 4458 tur;
2099 4392 2212 4447 sive
2239 4393 2536 4446 secuudum
2557 4391 2967 4462 Symmachum,
2993 4411 3012 4445 ‹
3039 4393 3123 4449 lac
3150 4395 3493 4464 prazhentes;
3519 4414 3542 4450 ι

1945 4485 2024 4540 sic
2068 4485 2212 4539 enim
2246 4484 2413 4539 habet
2469 4503 2482 4537 :
2530 4483 2597 4537 Et
2642 4485 2836 4556 regina:
2876 4503 3057 4541 eorum
3093 4488 3176 4543 loc
3211 4490 3540 4547 nrwbebum.

227 4569 606 4643 Hegesippum
636 4583 700 4627 ut
729 4573 832 4628 sibi
864 4575 1248 4645 astipulantem
1275 4577 1453 4634 aﬂ'erl.
1485 4579 1576 4637 Ille
1606 4599 1841 4655 namque
1876 4585 1920 4640 D
1950 4577 2083 4645 Quis
2112 4589 2293 4634 autem
2345 4587 2675 4634 memoratos
2721 4578 3006 4648 prefectos
3057 4595 3290 4639 cernens
3349 4584 3404 4639 in
3451 4599 3544 4641 ec-

222 4659 495 4718 Jacobnm
548 4665 778 4735 quidem
827 4680 947 4721 cum
995 4669 1254 4739 apostolis
1291 4669 1591 4729 Ecclesium
1624 4675 1844 4733 Jeroso-

229 4755 557 4828 lymitanam
595 4760 815 4816 rexisse
858 4762 967 4829 ait,
1012 4779 1113 4820 nec
1149 4765 1270 4822 ideo
1321 4777 1498 4824 tamen
1548 4772 1722 4841 ipsum
1774 4789 1840 4830 ex

229 4851 296 4904 l9.
331 4854 728 4922 apostolorum
775 4869 1000 4911 numero
1045 4873 1150 4913 non
1200 4842 1391 4927 fuisse,
1433 4863 1520 4919 vel
1574 4867 1838 4933 declarat,

227 4943 308 4997 vel
342 4946 552 5000 innuit.
589 4944 754 5012 Quod
797 4960 925 5001 vero
957 4948 1008 5003 in
1038 4948 1475 5011 Commentariis
1509 4957 1561 5011 in
1589 4957 1840 5016 Psalmos

225 5033 303 5088 ait
349 5035 662 5101 Eusebius,
697 5037 846 5091 haud
881 5037 1096 5098 diﬂicile
1130 5059 1252 5100 esse
1296 5044 1564 5116 cujusque
1616 5060 1839 5119 aposto-

226 5121 402 5179 lorum
455 5126 674 5180 tribum
729 5128 1041 5198 assignare,
1083 5133 1172 5188 hic
1221 5133 1551 5192 conﬁrmare
1601 5139 1836 5209 videtur,

227 5215 354 5269 dum
393 5216 477 5272 ait
530 5215 750 5271 ludam
818 5222 1113 5286 apostolum
1167 5224 1504 5295 proditorem
1564 5245 1634 5285 ex
1695 5232 1838 5288 tribu

229 5304 489 5375 Ephraim
523 5309 579 5362 fu
590 5308 735 5364 isse.

367 5423 451 5473 lV.
481 5424 790 5489 Singularis
812 5422 1005 5477 Eusebii
1026 5430 1089 5478 de
1114 5431 1412 5494 martyribus
1434 5441 1666 5489 narratio.

295 5506 599 5576 Singulare
657 5521 897 5578 prorsus
937 5522 1019 5565 est
1059 5516 1202 5582 quod
1243 5517 1409 5573 habet
1454 5521 1726 5579 Eusebius
1771 5525 1837 5580 de

227 5595 290 5652 iis
336 5602 465 5671 qui,
512 5615 584 5655 ex
619 5599 934 5669 gentilibus
964 5605 1028 5660 ad
1063 5607 1222 5664 ﬁdem
1273 5615 1554 5680 conversi,
1587 5617 1654 5670 ad
1687 5631 1834 5670 mar-

225 5693 418 5759 tyrium
466 5691 869 5757 accedebant;
916 5700 1054 5763 quod
1085 5703 1317 5769 scilicet,
1353 5708 1588 5777 pmpriis
1640 5710 1836 5779 positis

226 5783 557 5850 nominibus,
589 5783 916 5855 priscorum
952 5793 1387 5858 patriarcharum
1432 5808 1488 5852 et
1534 5801 1830 5870 propheta-

222 5884 340 5928 rum
375 5879 690 5937 vocabula.
743 5875 818 5930 ad
865 5893 1048 5936 necem
1084 5901 1179 5943 oro
1225 5887 1448 5945 Christo
1497 5893 1832 5952 subeundam

1947 4671 2110 4724 clesia
2146 4671 2239 4725 Dei
2273 4685 2450 4740 genua
2491 4669 2736 4736 ﬂectere,
2766 4686 2830 4725 ac
2867 4672 2920 4726 in
2954 4671 3196 4729 frontem
3230 4675 3382 4730 humi
3421 4693 3540 4747 pro-

1945 4761 2238 4825 cumbere,
2281 4776 2388 4816 non
2451 4763 2688 4816 fateatur
2741 4762 2882 4819 hanc
2935 4767 3278 4835 prophetiam
3336 4768 3404 4822 ad
3450 4768 3536 4823 lit-

1948 4862 2116 4907 teram
2162 4853 2490 4923 completam
2544 4871 2702 4923 esse,
2753 4875 2857 4928 qua
2905 4860 3109 4915 diserte
3159 4861 3272 4916 ait:
3303 4879 3322 4913 ι
3362 4861 3540 4932 Super

1944 4947 2138 5002 faciem
2164 4955 2322 5002 terra:
2348 4949 2654 5004 adorabunt
2680 4962 2754 5016 te,
2782 4962 2837 5008 et
2875 4953 3149 5022 pulverem
3205 4954 3540 5025 pedumtuo-

1952 5055 2073 5094 rum
2101 5041 2360 5111 litigent.»
2400 5041 2497 5097 Ubi
2524 5042 2676 5098 vides
2707 5045 2836 5099 item
2871 5061 3080 5102 morem
3113 5046 3537 5116 genuﬂectendi,

1944 5149 2008 5189 ac
2038 5132 2091 5187 in
2129 5144 2329 5188 terram
2366 5137 2782 5205 procumbeudi,
2822 5140 2909 5194 hic
2943 5152 3001 5195 ut
3033 5141 3087 5195 in
3115 5141 3538 5197 Commentariis

1943 5223 1996 5278 in
2045 5223 2292 5279 Psalmos
2325 5225 2639 5296 praedicari.

2661 5317 2687 5389 §
2732 5319 2820 5374 tv.

1942 5406 1984 5461 Ι.
2023 5406 2353 5480 Desieroses
2378 5406 2712 5480 Judreorum.
2749 5410 2809 5464 Il.
2850 5411 2926 5465 De
2961 5411 3280 5480 patriarcﬁhis
3312 5419 3362 5462 et
3407 5427 3540 5480 apo~

2011 5478 2162 5530 stolis
2215 5479 2355 5544 apud
2399 5477 2638 5530 Iudaeos.
2703 5479 2790 5534 ΙΙΙ.
2840 5477 3100 5536 Eusebius
3156 5479 3380 5533 llebnzo
3435 5477 3538 5536 ilo-

2010 5558 2154 5687 ;tore
2192 5557 2267 5601 est
2304 5566 2450 5601 usus.
2485 5545 2571 5599 lV.
2601 5549 2688 5600 Ait
2731 5561 2926 5604 terram
2961 5569 3062 5605 non
3110 5566 3218 5605 esse
3273 5553 3538 5618 sphwrica

2037 5634 2203 5671 arma.

2374 5711 2410 5760 Ι.
2450 5710 2761 5761 Deutcroses
2793 5715 3092 5764 Iudaeorum.

2012 5795 2229 5853 Iudaeos
2266 5811 2587 5869 plerumque
2623 5798 2942 5864 insectatur,
2973 5804 3086 5868 qui,
3113 5799 3340 5854 dimisso
3378 5797 3531 5853 Scri-

1940 5901 2228 5952 t‘olurarum
2265 5908 2392 5950 vero
2447 5888 2691 5960 tramite,
2729 5913 2749 5946 ι
2780 5894 3050 5951 fabulosas
3102 5893 3417 5951 deuterOscs
3461 5894 3530 5948 ad
