4090 6412
606 382 673 437 87
1281 367 1547 427 EUSEBI’I
1583 360 2059 423 CESARIENSIS
2096 356 2247 412 OPP.
2292 352 2469 407 PARS
2506 350 2595 404 111.
2637 379 2705 390 -
2741 345 3163 403 EXEGETICA.
3766 340 3840 395 88

610 496 853 553 lectionis
883 490 1299 563 explicationem
1330 486 1664 542 adhiberent.
1701 481 1958 535 Doctores
1991 488 2165 527 autem
2198 478 2241 534 Α
2271 469 2479 563 Videt"?
2512 466 2841 563 Ερίιτὶιίιηῖυε
2873 463 3013 563 ἥξετε.
3034 476 3409 563 ιξπιιξννηυτηο
3439 461 3471 512 4
3494 460 3835 563 εηῦῦῖοςθγξιρ

606 594 863 657 ipsorum,
888 585 979 655 qui
1021 582 1325 637 doctrinam;
1373 574 1833 645 cauponabantur,
1872 583 1903 623 e
1936 582 1993 622 re
2036 582 2164 621 cau-

603 693 768 746 pones
797 675 925 730 dicti
959 682 1121 727 snnt:
1156 670 1246 739 qui
1279 669 1458 721 vinum
1493 680 1630 733 aqua
1674 662 1996 722 miscebant,
2036 659 2161 710 dum

601 782 855 833 sermone
900 765 952 820 in
989 776 1179 833 aquam
1232 758 1486 822 resoluto,
1528 769 1729 810 meram
1771 762 1825 807 et
1854 750 2161 805 restrictam

600 862 907 915 divinarum
961 855 1361 922 Scripturarum
1424 860 1700 910 mentem,
1749 859 1847 913 per
1885 855 2163 896 commen-

553 952 750 1006 -titias
805 962 932 1004 suas
999 947 1315 1001 deuteroses
1378 940 1664 996 lmdarent.
1698 954 1716 987 ι
1774 934 1941 988 Erant
2002 943 2164 999 porro

602 1044 943 1103 deuteroses,
993 1037 1106 1091 sive
1154 1034 1405 1090 secundat
1458 1031 1809 1093 traditiones,
1867 1022 2163 1094 Epiphanio

604 1138 739 1185 teste
769 1131 898 1183 hair.
929 1142 1122 1189 xx-xnt,
1156 1141 1209 1178 n.
1235 1124 1292 1188 9,
1320 1118 1681 1191 quadrUplicis
1704 1116 1944 1185 generis;
1978 1114 2163 1183 prima:

606 1219 803 1288 Moysis
836 1216 1055 1272 nomine
1091 1211 1646 1272 circumferebantur;
1691 1206 1942 1260 secunda:
1992 1202 2162 1255 Rabbi

605 1302 838 1367 ’Λκισας
871 1301 1041 1355 tertia:
1070 1298 1255 1363 Adda,
1318 1296 1433 1350 sive
1467 1292 1649 1356 ludat;
1686 1298 1891 1364 quartae
1930 1288 2162 1341 ﬁliorum

599 1393 926 1449 Assamonmi
970 1400 1144 1446 erant.
1174 1387 1512 1442 Traditiones
1551 1383 1671 1437 illas
1708 1382 1919 1437 llebrtei
1968 1386 2164 1434 vocant

596 1494 784 1552 nam,
818 1485 1014 1550 Hisna,
1043 1483 1185 1553 quod
1236 1480 1374 1535 idem
1415 1486 1571 1531 sonat
1603 1485 1766 1545 atque
1795 1472 2024 1528 secunda
2062 1482 2165 1524 (ra.

599 1581 751 1632 ditio.
780 1578 861 1632 An
893 1592 1053 1648 porro
1080 1576 1180 1630 illm
1210 1574 1276 1628 ab
1309 1570 1549 1639 antiquis
1583 1569 1815 1623 laudatae
1849 1565 2161 1620 traditiones

600 1672 799 1725 eaedem
854 1679 1016 1737 atque
1068 1667 1342 1721 hodiernae
1397 1665 1537 1727 sint,
1595 1662 1896 1717 edissercre
1940 1674 2043 1714 non
2077 1666 2159 1714 est

598 1762 831 1817 instituti
871 1761 1062 1816 nostri.

780 1873 843 1923 ll.
868 1874 942 1923 De
970 1873 1256 1935 patriarchis
1282 1877 1334 1921 et
1362 1870 1594 1933 apostolis
1616 1869 1742 1931 apud
1763 1868 1973 1916 Iudaeos.

666 1958 817 2025 Quod
866 1957 932 2011 ad
982 1956 1323 2027 patriarchas
1361 1953 1705 2015 Judazorum,
1755 1966 1875 2021 quae
1924 1948 2161 2019 dignitas

599 2049 813 2104 nonnisi
856 2056 977 2119 post
1014 2048 1163 2102 urbis
1200 2044 1468 2101 excidium
1501 2052 1754 2112 usurpata
1802 2050 2041 2111 putatur,
2073 2056 2161 2093 eo-

596 2158 715 2197 rum
767 2146 1099 2200 mentionem
1152 2142 1280 2198 facit
1334 2140 1597 2195 Eusebius
1643 2138 1706 2192 ad
1747 2146 1906 2205 caput
1953 2135 2162 2191 llesaitc

594 2248 675 2297 ιιι,
704 2250 756 2287 v.
782 2237 835 2295 4.
872 2236 955 2289 his
997 2223 1175 2289 verbis
1200 2252 1212 2287 :
1241 2234 1335 2295 Τίς
1377 2228 1467 2286 οὖν
1496 2231 1637 2301 ὀρῶν
1678 2232 1805 2293 τοὺς
1848 2228 1997 2300 παρὰ
2035 2230 2162 2281 Ἰου-

595 2325 761 2388 δαίοις
801 2325 1233 2396 ὀνομαζομένους
1271 2325 1643 2396 πατριάρχας,
1681 2322 1995 2384 νεανίσκους
2034 2320 2163 2389 ἀλη-

594 2416 720 2479 Θῶς,
750 2417 810 2468 οὐ
837 2416 935 2487 τὴν
967 2417 1073 2469 τῶν
1110 2418 1377 2486 σωμάτων
1404 2416 1639 2487 ἠλικίαν,
1679 2413 1813 2467 ἀλλά
1845 2414 1943 2477 τὰς
1986 2413 2161 2484 ψυχὰς

593 2506 821 2569 ἀτελεῖς,
858 2508 952 2560 καὶ
980 2508 1175 2569 ὲνδεείς
1212 2508 1455 2577 φρενῶνς
1490 2506 1615 2569 τούς
1653 2522 1709 2559 τε
1740 2504 1956 2566 λοιποὺς
1983 2502 2161 2555 αὐτῶν

594 2598 964 2662 διδασκάλους,
1001 2600 1101 2651 οὐκ
1132 2598 1367 2651 ἂνσεῖποι
1401 2598 1705 2670 ἐμπαίκτας
1736 2595 1901 2660 εἶναι,
1948 2596 2041 2649 καὶ
2068 2594 2161 2657 οὓς

594 2688 625 2753 ἡ
657 2686 963 2757 προφητεία
986 2687 1207 2757 ὲδήλου;
1242 2687 1294 2740 ld
1322 2695 1403 2740 est
1437 2709 1448 2741 :
1483 2705 1501 2737 ι
1529 2686 1659 2752 Quis
1700 2699 1829 2756 ergo
1855 2683 2161 2754 conSpectis

594 2776 737 2839 illis,
789 2777 878 2845 qui
928 2778 1067 2846 apud
1110 2777 1322 2834 Judaeos
1375 2779 1695 2849 patriarcha:
1741 2786 2025 2841 vocantur,
2070 2792 2161 2833 eos

594 2884 697 2923 non
729 2884 988 2937 corporea
1031 2878 1259 2934 statura,
1287 2870 1381 2925 sed
1416 2870 1582 2924 animi
1623 2868 2062 2935 imperfectione,
2097 2885 2161 2926 ac

592 2960 789 3014 mentis
839 2960 1169 3031 indigentia,
1216 2976 1341 3015 vere
1388 2976 1584 3027 pueros
1630 2975 1735 3015 non
1788 2970 1979 3026 vocet;
2029 2960 2160 3015 reli-

594 3066 836 3119 quosque
861 3066 1046 3105 eorum
1077 3052 1347 3118 doctores,
1396 3067 1501 3106 non
1536 3052 1684 3107 dicat
1714 3067 1834 3109 esse
1864 3053 2159 3117 derisores,

594 3140 776 3207 quales
807 3142 1087 3210 praphetia
1130 3141 1361 3195 indicat?
1389 3162 1405 3193 ι
1444 3142 1610 3196 Erant
1640 3158 1799 3212 porro
1838 3146 2162 3213 patriarcha:

594 3232 866 3301 principes
892 3232 1131 3287 Iudaica:
1157 3233 1351 3302 gentis,
1386 3242 1519 3290 teste
1547 3234 1844 3304 Epiphanio
1868 3237 2000 3293 hair.
2030 3254 2159 3303 xxx,

597 3341 743 3379 num.
770 3325 825 3387 4,
856 3336 904 3379 et
941 3324 1139 3381 Codice
1184 3327 1557 3383 Theodosiano
1589 3327 1624 3380 l.
1656 3344 1769 3393 xvr,
1808 3330 1891 3384 tit.
1919 3330 1973 3385 8.
2009 3330 2163 3388 Hunc

594 3431 723 3470 vero
777 3417 993 3471 Eusebii
1049 3418 1223 3472 locum
1272 3418 1351 3472 sic
1398 3419 1653 3489 exprimit
1699 3418 2062 3492 Hieronymus
2110 3423 2162 3478 in

595 3509 842 3562 eumdem
893 3510 1215 3564 versiculum
1256 3529 1269 3563 :
1305 3528 1323 3561 ι
1354 3510 1770 3568 Consideremus
1822 3514 2165 3584 patriarchas

596 3600 925 3663 Judazorum,
954 3613 1007 3657 et
1034 3603 1279 3672 juvenes,
1316 3605 1430 3659 sive
1462 3620 1681 3675 pueros,
1712 3606 2164 3680 ell‘eminatosque

594 3708 658 3747 ac
688 3693 897 3750 deliciis
933 3696 1229 3761 aﬁlueutes.
1260 3707 1314 3753 et
1354 3698 1627 3768 impletam
1675 3702 2013 3771 praphetiam
2044 3718 2165 3759 esse

594 3797 915 3852 cernemus;
951 3808 970 3840 ι
1012 3788 1063 3842 id
1112 3804 1179 3842 ex
1215 3790 1471 3853 Eusebio,
1523 3801 1581 3845 ut
1631 3801 1687 3847 et
1732 3793 1987 3865 pleraque
2035 3796 2163 3863 alia,

595 3885 895 3932 mutuatus.
928 3879 1000 3932 De
1034 3881 1291 3948 apostolis
1320 3881 1446 3935 item
1481 3879 1790 3938 Judzeorum
1831 3886 1993 3940 verba
2036 3886 2166 3941 facit

593 3962 856 4021 Eusebius
896 3971 960 4023 ad
1003 3981 1357 4037 caput.xvttt,
1386 3973 1519 4040 v.1,
1559 3973 1612 4026 Ὀ
1661 3974 2057 4029 ἀποστέλλων
2097 3976 2165 4029 ἐν

596 4056 877 4128 θαλάσσῃ
912 4060 1130 4129 δμηραο
1170 4065 1221 4118 id
1255 4075 1337 4121 est
1369 4086 1383 4120 :
1419 4085 1437 4116 ι
1467 4066 1565 4133 Qui
1598 4067 1766 4121 mittit
1812 4067 1864 4121 in
1890 4082 2038 4123 mare
2069 4070 2166 4124 ob-

596 4148 781 4201 sides:
814 4167 832 4198 ι
883 4151 970 4203 ubi
1020 4152 1377 4222 Symmachus
1421 4155 1605 4221 vertit,
1650 4156 1997 4210 ἀποστέλλων
2034 4158 2167 4211 ἀπο-

596 4238 811 4300 στόλους
836 4242 892 4293 ὲν
913 4239 1173 4313 θαλάσστγ
1206 4263 1223 4295 t
1248 4244 1347 4319 Qui
1378 4247 1539 4300 mittil
1564 4247 1835 4317 apostolos
1856 4249 1907 4301 in
1936 4264 2115 4316 mare;
2144 4267 2160 4299 ι

595 4329 708 4382 lucc
734 4331 877 4384 enim
905 4332 1087 4399 adjicit
1119 4352 1132 4387 :
1156 4336 1223 4387 Οἵ
1261 4353 1320 4388 τε
1348 4336 1631 4390 ἀπόστολοι
1658 4337 1859 4403 αὐτῶν,
1884 4338 2167 4401 ἐπιστολάς

595 4420 834 4489 βιϐλίνας
866 4425 1232 4497 κομιζόμενοι,
1265 4428 1521 4501 ὑπεράνω
1553 4446 1613 4481 τε
1648 4427 1755 4483 τῶν
1789 4429 1992 4483 ὑδάτων
2040 4447 2167 4482 ναυ-

592 4510 929 4581 τιλλόμενοι,
962 4515 1057 4569 καὶ
1119 4518 1216 4589 τὴν
1270 4518 1542 4573 θάλασσαν
1589 4518 1945 4589 ἐμπλέοντες,
1990 4522 2164 4576 ἁπαν-

595 4602 767 4672 ταχοῦ
806 4605 908 4675 γῆς
957 4606 1246 4678 διέτρεχον,
1290 4610 1382 4661 τὸν
1428 4608 1680 4680 περὶτοῦ
1722 4608 1970 4682 Σωτῆρος
2010 4611 2165 4683 ἡμῶν

595 4696 1027 4763 ἐνδιαόάλλοντες
1072 4701 1245 4769 λόγον.
1288 4705 1639 4769 Ἀποστόλους
1665 4706 1721 4758 δὲ
1750 4706 1916 4759 εἰσέτι
1951 4708 2044 4759 καὶ
2071 4708 2165 4761 νῦν

595 4783 713 4849 ἔθος
755 4789 902 4842 ἐστὶν
953 4791 1224 4856 Ἰουδαίοις
1271 4794 1553 4865 ὀνομάζειν
1618 4797 1744 4859 τοὺς
1780 4797 1849 4849 τὰ
1902 4796 2166 4865 ἐγκύκλια

592 4880 896 4951 γράμματα
944 4886 1095 4957 παρὰ
1144 4886 1251 4939 τῶν
1294 4888 1568 4958 ἀρχόντων
1625 4891 1802 4945 αὐτῶν
1851 4891 2165 4963 ἐπικομιζο-

607 4970 815 5039 μένους.
860 4972 973 5030 Hoc
1019 4988 1106 5031 est
1158 4996 1171 5032 :
1227 4998 1244 5029 ι
1274 4979 1621 5050 Apostolique
1644 4998 1859 5049 eorum,
1910 4984 2166 5053 epistolas

598 5060 829 5119 liiblinas
864 5065 1194 5133 deferentes,
1236 5086 1300 5123 ac
1331 5086 1490 5141 supra
1520 5074 1737 5129 dorsum
1785 5091 2069 5144 aquarum,
2112 5085 2167 5131 et

598 5156 650 5207 in
690 5157 822 5210 mari
851 5158 1189 5229 navigantes,
1239 5162 1437 5232 ubique
1474 5174 1735 5219 terrarum
1769 5168 2166 5236 discurrebant,

597 5260 898 5302 sermonem
950 5250 1020 5304 de
1076 5250 1367 5310 Servatore
1434 5265 1623 5311 nostro
1672 5259 1959 5313 calumniis
2012 5258 2167 5313 velli-

596 5349 796 5393 cantes.
825 5340 1104 5408 Apostolos
1130 5359 1259 5400 vero
1287 5348 1450 5402 etiam
1482 5364 1623 5404 nunc
1657 5348 1820 5404 Judazi
1855 5364 2166 5419 nuncupare

598 5429 776 5481 solent
808 5446 923 5499 eos,
972 5432 1065 5502 qui
1120 5436 1414 5493 circulares
1464 5432 1779 5510 principum
1808 5457 2025 5496 suorum
2076 5442 2167 5496 lit-

600 5528 741 5572 teras
774 5521 1196 5593 circumquaque
1222 5528 1522 5583 deferunt.»
1550 5530 1673 5586 llzec
1707 5548 1865 5602 porro
1896 5543 2164 5602 postrema

596 5610 781 5675 verba,
812 5614 1142 5681 ἀποστόλους
1184 5619 1241 5672 δὲ
1284 5621 1447 5674 εἰσέτι
1494 5624 1587 5676 καὶ
1630 5623 1744 5689 νῦν,
1776 5636 1902 5691 etc.,
1934 5628 2167 5696 ascripta

600 5699 764 5757 habes
787 5708 923 5773 apud
948 5706 1354 5775 (Ecumeuium,
1377 5713 1444 5764 ad
1474 5712 1765 5780 Epistolam
1787 5718 1854 5769 ad
1879 5716 2161 5774 Romanos.

594 5789 672 5845 De
721 5789 979 5864 apostolis
1030 5798 1333 5857 Juda'orutn
1405 5803 1619 5872 paulum
1684 5807 1892 5864 diversa
1951 5809 2163 5867 tradere

2264 562 2291 611 ὁ
2332 556 2591 626 Ἰώσηπος
2640 554 2744 606 τῶν
2797 553 2925 622 παρ’
2956 550 3139 612 αὐτοῖς
3189 546 3571 618 ἀξιωματικῶν
3628 545 3837 616 ἀνδρῶν

2264 648 2572 720 ἐναρίθμιος
2619 642 2705 715 ἦν.
2736 644 2855 697 Εἰσὶ
2898 642 2954 695 δὲ
2988 636 3132 695 οὗτοι
3175 639 3312 711 μετὰ
3355 640 3445 692 τὸν
3490 638 3838 709 πατριάρχην

2264 738 2545 794 ἀπόστολοι
2608 734 2957 804 καλούμενον
3010 730 3430 803 προσεδρεύουσι
3483 730 3538 782 δὲ
3596 728 3675 799 τῷ
3728 746 3836 782 πα-

2263 832 2519 903 τριάρχῃ,
2548 828 2645 881 καὶ
2676 830 2772 881 σὺν
2812 824 2960 893 αύτῷ
3003 822 3282 884 πολλάκις,
3314 823 3407 875 καὶ
3452 823 3509 875 ὲν
3547 821 3701 875 νυκτὶ
3742 817 3838 873 καὶ

2261 926 2319 978 ὲν
2360 924 2558 995 ἡμέρᾳ,
2609 919 2844 989 συνεχῶς
2889 918 3166 985 διάγουσι,
3214 913 3304 968 διὰ
3339 914 3400 967 τὸ
3445 910 3837 984 συμβουλεύειν

2261 1017 2357 1070 καὶ
2406 1014 2694 1086 ἀναφέρειν
2754 1008 2904 1080 αύτῷ
2950 1007 3020 1061 τὰ
3064 1005 3205 1060 κατὰ
3250 1005 3340 1058 τὸν
3396 1005 3578 1075 νόμον.
3615 1002 3671 1057 ld
3716 1011 3833 1057 est:

2269 1127 2288 1161 ι
2320 1108 2531 1163 Etenim
2579 1107 2665 1159 hic
2726 1104 2839 1172 ipse
2886 1099 3152 1169 Iosephus
3199 1098 3342 1151 inter
3383 1097 3641 1165 dignitate
3699 1110 3839 1164 prae.

2263 1207 2470 1255 stantes
2517 1196 2662 1250 viros
2728 1208 2891 1263 penes
2946 1189 3153 1247 Iudaeos
3210 1188 3652 1241 numerabatur:
3700 1198 3842 1253 quos

2262 1301 2385 1362 post
2424 1288 2784 1360 patriarcham
2828 1282 3098 1355 apostolos
3135 1280 3435 1335 nominant.
3477 1278 3731 1333 Assident
3780 1276 3839 1331 hi

2262 1376 2605 1448 patriarchae,
2636 1383 2689 1428 et
2739 1386 2861 1427 cum
2909 1386 2974 1425 eo
3025 1368 3220 1438 stepius
3266 1368 3356 1423 diu
3397 1377 3668 1437 noctuque
3712 1382 3839 1421 ver-

2263 1477 2451 1523 santur
2477 1485 2492 1520 :
2520 1466 2662 1537 quod
2708 1465 2881 1519 eidem
2918 1478 2946 1518 a
2983 1459 3227 1517 consiliis
3258 1460 3398 1525 sint,
3436 1466 3493 1513 et
3537 1459 3605 1513 de
3652 1459 3716 1513 .is
3751 1473 3840 1512 re-

2262 1560 2471 1622 ferant,
2519 1572 2638 1627 qua:
2686 1556 2750 1610 ad
2788 1555 2955 1625 legem
3012 1550 3285 1622 pertinere
3322 1549 3636 1603 videntur.»
3686 1547 3835 1615 Quos

2264 1654 2426 1724 igitur
2473 1652 2537 1706 ad
2593 1651 2802 1705 litteras
2846 1648 2987 1702 ultro
3035 1646 3287 1714 citroque
3336 1642 3586 1697 ferendas
3634 1641 3846 1696 consti-

2263 1756 2406 1798 tutos
2440 1747 2515 1797 ait
2563 1742 2859 1803 Eusebius,
2909 1737 3126 1792 eosdem
3175 1743 3386 1800 contra,
3440 1742 3598 1789 noctu
3638 1734 3841 1801 diuque

2188 1830 2236 1889 B
2266 1848 2444 1891 astare
2494 1833 2837 1903 patriarchae,
2886 1830 3096 1899 ipsique
3136 1843 3164 1881 a
3206 1826 3451 1881 consiliis
3482 1840 3604 1881 esse
3654 1833 3843 1879 narrat

2261 1928 2615 1998 Epiphanius.
2673 1925 2869 1979 Verum
2926 1921 3139 1978 Eusebii
3188 1920 3477 1990 explicatio
3530 1934 3653 1974 cum
3709 1933 3848 1973 voce

2264 2018 2587 2081 ἀπόστολος,
2636 2016 2685 2069 id
2742 2024 2824 2069 est
2872 2015 3083 2080 minus,
3135 2013 3307 2082 magis
3357 2012 3629 2066 consentit
3678 2029 3691 2065 :
3750 2012 3839 2065 cui

2262 2109 2656 2165 acciuitCodex
2683 2106 3087 2163 Theodosianus
3105 2105 3179 2159 De
3211 2103 3438 2168 Iudicis,
3476 2102 3569 2160 lib.
3599 2117 3712 2165 xtv,
3748 2103 3842 2172 qui

2262 2201 2341 2256 sic
2374 2202 2535 2255 habet
2562 2219 2574 2254 :
2618 2219 2636 2251 ι
2669 2195 3102 2267 Superstitionis,
3135 2194 3341 2263 inquit,
3370 2193 3597 2261 indignae
3629 2203 3749 2257 est,
3784 2202 3846 2247 ut

2264 2292 2689 2361 archisynagogi,
2720 2290 2832 2345 sive
2878 2287 3177 2359 presbyteri
3226 2284 3551 2347 Iudaeorum,
3576 2283 3660 2336 vel
3704 2298 3851 2351 quos

2264 2382 2364 2452 ipsi
2414 2382 2686 2452 apostolos
2742 2388 2963 2445 vocant,
3006 2379 3097 2448 qui
3154 2377 3219 2431 ad
3268 2377 3589 2447 exigendum
3642 2389 3837 2429 aurum

2261 2482 2421 2541 atque
2468 2480 2766 2541 argentum,
2795 2486 2823 2523 a
2864 2469 3170 2538 patriarcha
3216 2476 3364 2522 certo
3412 2474 3654 2535 tempore
3701 2464 3837 2519 diri-

2261 2573 2476 2634 guntur,
2518 2580 2546 2618 a
2585 2563 2809 2634 singulis
2843 2572 3087 2617 exactam
3134 2574 3399 2615 summam
3444 2568 3609 2628 atque
3648 2572 3839 2613 susce-

2261 2665 2429 2725 ptam,
2476 2656 2541 2710 ad
2576 2655 2822 2713 eumdem
2855 2661 3152 2723 reportent.
3190 2671 3210 2705 ›
3256 2650 3361 2707 Sed
3395 2650 3625 2707 fortasse
3662 2651 3843 2706 concl-

2261 2746 2451 2802 lientut
2498 2747 2798 2816 opiniones,
2842 2745 2886 2799 si
2929 2745 3190 2808 dicamus,
3233 2741 3505 2812 apostolos
3534 2741 3844 2798 Iudaeorum

2263 2845 2548 2903 atrumque
2578 2835 2896 2904 praestitisse
2924 2850 3149 2901 munus;
3188 2842 3245 2887 ut
3278 2832 3485 2888 scilicet
3513 2832 3839 2902 patriarcha:

2260 2928 2582 2994 assiderent,
2610 2943 2676 2982 ac
2704 2928 2820 2998 ejus
2853 2925 3005 2996 iussa
3038 2934 3092 2981 et
3124 2924 3383 2995 epistolas
3411 2923 3556 2980 ultro
3592 2925 3842 2995 citroque

2267 3016 2562 3073 deferrent.

2520 3168 2605 3218 IlI.
2634 3167 2879 3217 Eusebius
2902 3166 3113 3217 Hebrao
3136 3166 3336 3216 doctore
3358 3171 3435 3216 est
3457 3180 3591 3215 usus.

2332 3317 2413 3372 Ad
2443 3325 2603 3386 caput
2635 3332 2764 3373 vero
2790 3331 2824 3367 v
2853 3316 2929 3369 ait
2958 3313 3196 3380 Iudaeos,
3225 3315 3316 3385 qui
3349 3313 3416 3369 ab
3457 3314 3746 3368 atheorum
3787 3322 3843 3369 et

2264 3409 2666 3463 idololatrarum
2694 3405 2971 3462 consortio
2994 3405 3216 3460 minime
3246 3404 3633 3467 abhorrebant,
3667 3403 3840 3458 selum

2264 3500 2695 3555 Christianorum
2730 3495 3143 3553 contubernium
3175 3498 3463 3563 aversari,
3502 3497 3714 3565 piaeque
3761 3510 3847 3550 re-

2264 3592 2483 3663 ligionis
2531 3591 2765 3646 cultores
2803 3590 3004 3659 ubique
3036 3587 3236 3658 pellere
3265 3596 3322 3643 et
3368 3602 3586 3642 vexare.
3629 3586 3739 3641 Nec
3765 3596 3847 3641 ta-

2266 3698 2385 3738 men
2416 3684 2634 3738 insitum
2666 3681 2794 3737 illud
2820 3680 3130 3735 Judzeorum
3162 3677 3362 3733 animis
3392 3678 3446 3733 in
3474 3678 3843 3733 Christianum

2267 3790 2461 3830 nomen
2511 3776 2691 3829 odium
2750 3772 3038 3830 Eusebium
3092 3771 3395 3836 deterruit,
3446 3770 3735 3842 quominus
3787 3771 3845 3825 in

2265 3865 2681 3922 Commentariis
2728 3866 2840 3919 suis
2872 3864 3099 3920 Hebraeo
3142 3866 3367 3920 doctore
3398 3864 3470 3919 sit
3499 3877 3650 3927 usus,
3680 3878 3710 3917 a
3740 3877 3849 3931 quo

2266 3974 2371 4013 non
2415 3958 2578 4013 semel
2609 3973 2667 4012 se
2714 3958 3191 4028 interpretationes
3234 3955 3470 4009 mutuari
3506 3969 3635 4009 suas
3675 3953 3847 4023 proﬁ-

2268 4057 2427 4103 tetur.
2457 4048 2544 4115 Et,
2573 4051 2715 4118 quod
2745 4049 3003 4104 observes
3029 4047 3214 4112 velim,
3244 4048 3554 4116 ubicunque
3582 4046 3847 4128 Eusebia:-

2268 4155 2329 4195 se
2371 4141 2434 4194 ab
2464 4139 2688 4195 Hebraeo
2720 4140 2962 4205 doctore,
2992 4138 3078 4193 vel
3122 4139 3191 4193 ab
3225 4137 3468 4192 Hebraeis
3500 4136 3703 4206 aliquid
3734 4136 3849 4191 edi-

2269 4232 2464 4287 dicisse
2494 4232 2600 4297 ait,
2650 4231 2848 4286 ibidem
2887 4230 3246 4301 llierouymus
3277 4245 3337 4285 se
3379 4230 3609 4300 idipsutn
3643 4230 3711 4285 ab
3743 4226 3849 4285 He-

2273 4323 2426 4379 braeo
2458 4325 2680 4379 doctore
2706 4323 2980 4392 accepisse
3008 4321 3349 4376 testiﬁcatur.

2369 4435 2452 4486 ιν.
2482 4434 2732 4486 Eusebius
2755 4436 2825 4485 ait
2844 4439 3028 4485 terram
3053 4447 3152 4483 non
3179 4445 3290 4482 esse
3308 4434 3547 4496 sphterlca
3570 4434 3738 4484 forma.

2342 4521 2606 4577 Eusebius
2630 4521 2951 4592 plerumque
2984 4520 3037 4573 in
3067 4518 3493 4573 Commentariis
3523 4517 3576 4571 in
3604 4516 3847 4573 Psaltnos

2272 4613 2398 4670 dicit
2421 4614 2679 4669 mundum
2709 4610 2971 4681 sphaerica
3006 4609 3174 4664 forma
3196 4621 3347 4672 esse;
3382 4609 3475 4663 sed
3506 4609 3683 4663 addita
3715 4625 3848 4665 cau-

2276 4707 2436 4772 tione,
2484 4720 2603 4761 eam
2652 4718 2777 4761 esse
2826 4702 3180 4774 quorumdam
3230 4702 3537 4772 opinionem
3584 4704 3695 4768 ait,
3747 4719 3846 4759 ncc

2273 4802 2502 4858 obscure
2543 4798 2850 4855 subindicat
2883 4813 2943 4853 se
2977 4796 3106 4852 item
3138 4797 3327 4853 eadem
3368 4796 3635 4851 sententia
3671 4812 3796 4853 esse
3827 4814 3846 4851 :

2271 4906 2369 4946 nec
2401 4901 2580 4945 tamen
2613 4890 2664 4944 id
2696 4898 2882 4959 aperte
2930 4889 3171 4959 proﬁteri
3204 4888 3394 4955 audet,
3434 4889 3561 4955 quia
3597 4886 3846 4944 fortassis

2271 4984 2426 5055 longe
2457 4983 2603 5038 aliud
2644 4982 2987 5037 testimabant
3023 4981 3169 5035 illius
3215 4980 3395 5036 seculi
3428 4979 3741 5033 Christiani.
3775 4973 3847 5035 At

2271 5076 2359 5130 hic
2420 5083 2643 5131 coactus
2713 5074 3006 5129 secundum
3064 5072 3338 5143 vulgarem
3412 5070 3845 5128 Christianorum

2271 5178 2504 5222 mentem
2560 5166 2709 5221 illum
2762 5165 2974 5221 Hesaite
3028 5165 3202 5219 locum
3248 5179 3368 5233 cap.
3417 5179 3486 5217 ιι.
3528 5163 3843 5231 explanare,

2280 5278 2297 5310 ι
2329 5258 2426 5325 Qui
2461 5258 2653 5315 statuit
2680 5257 2877 5314 etelutn
2920 5256 3073 5327 quasi
3112 5254 3395 5320 fornicem,
3427 5266 3481 5310 et
3510 5255 3757 5309 extendit
3790 5263 3849 5309 ut

2272 5350 2674 5406 tabernaculum
2720 5350 2785 5404 ad
2820 5348 3198 5415 habitandum,
3227 5367 3246 5402 ι
3296 5348 3360 5402 ad
3394 5347 3600 5402 Cosmte
3630 5349 3845 5417 opinio-

2272 5458 2393 5497 nem
2429 5457 2651 5514 prorsus
2679 5442 2888 5499 accedit
2914 5460 2930 5499 :
2962 5460 2983 5493 ι
3012 5442 3230 5505 Deinde.
3255 5443 3447 5511 lnqttit,
3482 5457 3785 5497 sermonem
3813 5458 3845 5497 e

2275 5543 2414 5588 terra
2442 5535 2680 5606 erigens,
2711 5535 2993 5590 universos
3022 5535 3241 5599 excitat,
3281 5543 3339 5588 ut
3365 5534 3640 5591 celestem
3675 5533 3845 5589 forni-

2270 5640 2409 5689 cem,
2434 5636 2489 5680 et
2520 5627 2956 5697 hemisphaerium
2984 5626 3109 5681 illud
3130 5640 3290 5695 supra
3321 5635 3517 5680 terram
3543 5626 3764 5693 elatum,
3788 5636 3843 5680 et

2271 5732 2499 5773 camera:
2536 5719 2710 5773 instar
2733 5719 2985 5773 omnibus
3026 5719 3332 5783 imminens,
3372 5718 3745 5785 admirentur;
3778 5734 3842 5774 ac

2272 5809 2508 5880 cogitent
2535 5820 2734 5881 quanta
2761 5812 2828 5867 sit
2853 5811 3026 5869 virtus
3054 5809 3195 5882 ejus,
3223 5810 3314 5883 qui
3338 5811 3533 5869 calum
3565 5810 3843 5878 condidit;
