4090 6466
199 399 266 462 £9
1247 397 1758 456 COMMENTARIA
1801 398 1870 454 IN
1910 398 2174 454 ISMAM.
2209 429 2278 441 —
2315 400 2472 455 CAP.
2513 401 2555 455 1.
3492 410 3552 466 9t

199 521 736 594 considerentqne,
791 535 898 576 non
942 519 1057 574 sine
1095 534 1256 575 causa
1293 523 1361 574 ah
1406 534 1470 574 eo
1506 517 1710 574 cmlnm
1759 526 1842 572 ts-
1871 521 1918 581 Α
1951 516 2107 581 vidit,
2152 531 2260 571 non
2297 532 2484 586 parem
2533 517 2639 574 iilis
2673 518 2727 573 in
2778 520 3171 592 pbilosopbicis
3219 532 3550 583 astronomi-

199 613 493 668 bernaculi
557 615 753 669 instar
788 612 1145 668 constitutum
1198 612 1392 677 luisse,
1439 626 1676 680 superne
1711 613 1834 679 qui-

198 703 319 758 dem
357 719 703 776 expansum
735 720 898 777 supra
932 706 1137 769 omnia,
1167 720 1286 776 quae
1320 705 1460 759 intra
1499 703 1674 774 ipsum
1707 718 1838 759 con-

199 794 498 861 tinentur;
539 795 622 850 iis
675 811 808 852 vero
834 796 925 866 qui
966 811 1130 866 supra
1173 794 1371 850 cmlum
1403 802 1551 857 sunt,
1590 793 1836 847 substra-

1937 607 2127 678 cisque
2161 607 2414 677 peritiam
2449 609 2666 666 indidit.
2707 610 2850 678 Quid
2886 613 3032 670 enim
3080 616 3147 670 ad
3201 621 3551 676 sanctitatem

1939 716 2268 771 morumque
2300 702 2677 758 sinceritatem
2725 706 2982 762 conferat
3019 707 3247 776 hujusce
3286 713 3361 766 rei
3413 715 3548 769 noti-

1937 791 2009 845 tia
2029 792 2264 847 iVerum
2283 795 2382 847 hac
2395 793 2464 849 de
2485 810 2542 848 re
2575 795 2824 864 pluribus
2846 809 3028 854 actum
3047 811 3134 854 est
3154 801 3206 854 in
3232 803 3548 872 praefatione

194 895 304 939 tum
357 887 430 940 ad
504 887 878 942 domicilium.
908 907 927 940 ι
981 886 1112 956 Quae
1177 885 1446 956 lpsissima
1489 894 1572 940 est
1621 882 1835 940 Cosme
1933 885 2004 940 ad
2044 885 2254 940 Cosmm
2285 884 2533 957 Egyptii
2580 888 3008 961 Topographiam
3056 892 3447 952 Christianam.
3500 900 3549 954 Is

193 975 477 1050 Egyptii,
538 995 608 1033 ac
645 995 788 1050 pene
816 982 1056 1036 omnium
1102 989 1348 1035 veterum
1391 979 1648 1043 Patrum,
1700 993 1827 1033 sen-

195 1069 387 1130 tentia.
438 1069 853 1142 Chrysoslomi
895 1071 1123 1133 scilicet,
1156 1069 1434 1126 Severiani
1473 1068 1824 1133 Gabalorum,

193 1159 502 1228 Augustini
537 1172 600 1215 et
635 1162 893 1227 aliorum,
923 1163 1013 1232 qui
1043 1162 1241 1219 caelum
1272 1165 1324 1216 in
1359 1161 1583 1216 fornicis
1615 1177 1821 1218 morem

193 1261 353 1306 terra!
402 1251 745 1317 imminere,
789 1271 852 1310 ac
885 1259 1245 1326 undequaque
1279 1255 1450 1309 muris
1491 1254 1821 1310 ﬁrmissimis

193 1353 354 1399 terra:
387 1343 591 1413 inniti,
617 1347 872 1402 arbitrati
900 1355 1049 1413 'sunt,
1081 1349 1476 1418 antipoilasque
1511 1357 1818 1417 negarunt:

194 1435 292 1489 rati
330 1451 442 1490 non
482 1451 663 1505 posse
698 1439 942 1494 homines
974 1440 1026 1494 in
1065 1439 1330 1507 oppositis
1370 1450 1526 1494 terra:
1573 1440 1820 1509 partibus

192 1529 440 1584 adversis
475 1533 747 1602 vestigiis
794 1541 960 1601 stare,
991 1534 1326 1604 splneraeque
1348 1535 1658 1604 opinionem
1691 1548 1817 1587 cum

190 1621 478 1692 Scriptura
513 1625 715 1678 divina
749 1640 1008 1693 pugnare.
1038 1625 1305 1680 Nimirum
1337 1625 1510 1690 Deus,
1539 1629 1630 1695 qui
1665 1626 1817 1681 nobis

1932 978 2078 1031 enim
2117 993 2226 1033 non
2264 980 2426 1036 modo
2474 980 2701 1037 Patrum
2748 985 3062 1053 opinionem
3113 1004 3212 1059 pro
3233 990 3400 1052 °virili
3449 993 3546 1047 de-

1931 1070 2121 1139 fendit,
2153 1083 2209 1125 et
2257 1075 2325 1126 ab
2360 1085 2678 1130 exterorum
2728 1090 2930 1134 conatu
2969 1081 3256 1138 vindicare
3305 1085 3538 1156 satagit;

1925 1163 2023 1217 sed
2067 1164 2256 1226 etiam,
2303 1174 2566 1234 quantum
2621 1168 2854 1226 facultas
2905 1173 3138 1229 humana
3195 1187 3402 1244 potest,
3446 1160 3544 1232 ex;

1927 1257 2092 1322 plicat
2139 1265 2194 1311 et
2225 1258 2424 1325 aperit,
2473 1262 2567 1329 qui
2617 1262 2831 1330 possint
2881 1267 3178 1322 secundum
3216 1280 3537 1326 Sanctorum

1926 1348 2146 1402 Patrum
2199 1353 2562 1416 sententiam,
2612 1370 2806 1410 cursus
2878 1358 3032 1425 solis,
3087 1359 3322 1431 eclipses
3376 1363 3538 1430 lunae,

1928 1453 2202 1495 astrorum
2273 1456 2484 1507 motus,
2541 1455 2848 1518 cmtcraque
2901 1451 3085 1505 omnia
3154 1453 3406 1522 intelligi.
3461 1455 3538 1511 lbi

1931 1537 2152 1588 vidcsis.
2205 1534 2330 1590 Haec
2387 1537 2438 1590 in
2485 1541 2831 1596 eruditorum
2887 1546 3236 1600 commodum
3296 1550 3539 1618 premit-

1930 1630 2088 1679 tenda
2139 1627 2416 1684 duximus.
2461 1631 2538 1684 Tu
2577 1646 2725 1696 vero,
2779 1636 3010 1692 candide
3073 1635 3266 1705 lector,
3317 1639 3439 1695 vale
3483 1651 3538 1694 et

190 1727 409 1771 sanctos
444 1718 578 1772 illo:
616 1720 674 1771 in
711 1719 970 1773 doctrinae
1019 1734 1342 1789 morumque
1379 1721 1667 1788 magistros
1700 1734 1827 1789 pro-
1860 1707 1901 1764 Β
1935 1718 2018 1772 his
2045 1717 2247 1773 fruere.

1593 1876 1788 1890 *-

189 1876 584 1892 _——.

2189 1879 3475 1908 Ἦ

807 2042 1610 2177 ΕΥΣΕΒΙΟΥ
1693 2042 2934 2183 ΥΠΟΜΝΗΜΑΤΑ

1519 2288 1692 2375 ΕΙΣ
1752 2292 2150 2379 ΗΣΑΙΑΝ
2168 2357 2188 2377 .

441 2609 1018 2727 EUSEBII
1104 2613 2170 2741 COMMENTARIA
2251 2628 2401 2743 IN
2493 2625 3186 2748 HESAIAM.

733 2996 1131 3053 ΚΕΦΑΛΑΙυΝ
1170 2999 1249 3056 A'.

246 3105 265 3137 ι
315 3087 571 3160 ὐρασις
620 3087 832 3158 ῆνλδεν
877 3091 1106 3156 Ἡσαΐας
1156 3093 1272 3157 υἱὸς
1314 3093 1526 3166 Ἀμὼς,
1575 3097 1642 3167 ἣν
1685 3096 1796 3149 ἴδεν
1824 3082 1865 3137 C

178 3180 315 3233 κατὰ
341 3181 445 3251 τῆς
486 3179 764 3244 Ἰουδαίας
803 3184 897 3236 καὶ
931 3184 1072 3238 κατὰ
1127 3186 1487 3259 Ἰερουσαλὴμ
1541 3189 1598 3241 ἐν
1637 3189 1792 3260 βασι-

177 3271 288 3343 his}
325 3271 552 3337 Ὀζίου,
600 3273 698 3326 καὶ
742 3273 1114 3348 Ἱωαθὰμ,καὶ
1151 3279 1342 3350 Ἀχὰζ,
1380 3283 1476 3336 καὶ
1519 3281 1788 3348 Ἐζεκίου,

176 3364 220 3416 at
263 3364 640 3419 ἐϐασίλευσαν
684 3367 784 3437 τῆς
837 3369 1114 3435 Ἰουδαίας.
1158 3375 1381 3438 Ἄκουε,
1414 3376 1647 3448 οὺρανὲ,
1696 3378 1793 3431 καὶ

174 3457 452 3522 ὲνωτίζου.
490 3459 593 3530 γῆ,
636 3461 719 3513 ὅτι
749 3462 952 3533 Κύριος
983 3465 1264 3539 ἐλάλησεν.
1302 3468 1469 3534 Υξοὺς
1520 3471 1792 3541 ἐγέννησα

172 3547 266 3600 καὶ
292 3548 529 3618 ὕψωσαο
563 3553 723 3605 αὐτοὶ
752 3553 807 3606 δέ
845 3571 912 3626 με
943 3557 1239 3630 ἠθέτησαν.
1277 3581 1295 3614 ι
1327 3562 1590 3628 Σύνθετος
1630 3567 1658 3618 ὁ
1696 3565 1790 3619 άν-

171 3641 389 3712 θρωπος
423 3647 490 3696 ὲκ
523 3644 711 3716 ψυχῆς
740 3648 831 3700 καὶ
858 3647 1128 3720 σώματος·
1157 3655 1189 3718 ἡ
1224 3655 1361 3727 σάρξ
1389 3656 1498 3710 ἀπὺ
1529 3658 1632 3729 τῆς
1661 3663 1784 3731 γῆς,

170 3734 374 3806 ἡψυχὴ
419 3737 682 3808 οὐρανία.
729 3739 881 3794 Ἐπεὶ
920 3739 1015 3796 οὖν
1059 3746 1195 3817 πρὸς
1234 3749 1524 3822 ἀμφότερα,
1548 3752 1784 3824 αὑτῶνή

171 3828 463 3894 συγγένειά
488 3832 667 3895 ἐστιν,
694 3832 914 3886 ἐπὶτῶν
941 3836 1288 3894 οἰκειοτάτων
1318 3844 1484 3898 αὐτοῦ
1520 3845 1618 3917 τὴν
1650 3865 1787 3920 μαρ-

168 3919 355 3991 τυρίαν
409 3921 686 3992 ἐλέγχει·
738 3943 756 3975 ι
811 3924 978 3992 Υἱοὺς
1025 3929 1291 4002 ἐγέννησα
1355 3938 1450 3990 καὶ
1500 3919 1777 4008 sema.)

168 4009 482 4083 Γεννήσεως
545 4014 666 4086 εἴδη
729 4015 852 4070 δῦθι
887 4021 919 4090 ἡ
949 4021 1047 4090 μὲν
1080 4024 1114 4092 ἡ
1137 4026 1276 4080 κατὰ
1301 4027 1433 4082 Θεὸν
1477 4032 1779 4102 μόρφωσις,

167 4102 224 4170 ἐξ
254 4104 434 4176 ἔργων
498 4108 601 4161 καὶ
638 4110 955 4183 παραδοχῆς
1004 4113 1293 4186 δογμάτων
1336 4122 1734 4197 ἐπιτελουμένη
1763 4144 1775 4158 ’

165 4195 238 4262 ὡς
264 4202 433 4273 γεννᾷ
461 4200 687 4266 Παῦλος
704 4201 773 4254 δι’
795 4203 1134 4274 Εὑαγγελιου
1155 4212 1282 4276 τοὺς
1305 4215 1557 4286 μαθητὰς
1588 4195 1774 4275 αὑτοῦ.

237 4488 256 4519 ι
289 4471 474 4541 Ἔγνω
507 4471 645 4542 βοῦς
666 4473 761 4527 τὸν
783 4479 1150 4550 κτησάμενον,
1173 4483 1265 4536 καὶ
1295 4483 1416 4548 ὄνος
1439 4484 1537 4557 τὴν
1565 4489 1773 4562 φάτνην

2540 3004 2776 3062 CAPUT
2827 3006 2869 3061 Ι.

1981 3098 2142 3154 Vens.
2189 3101 2242 3164 1,
2293 3101 2346 3155 9..
2414 3121 2432 3153 ι
2468 3099 2618 3156 Visio
2653 3115 2818 3171 quam
2876 3101 3012 3158 vidit
3077 3101 3307 3158 Besaias
3360 3104 3508 3162 illius

1902 3190 2091 3255 Aluos,
2126 3207 2292 3260 quam
2330 3192 2466 3246 vidit
2495 3201 2692 3247 contra
2731 3190 2996 3260 Judazam,
3029 3201 3084 3248 et
3125 3204 3314 3250 contra
3338 3192 3503 3251 Jeru-

1898 3284 2091 3352 salem,
2120 3287 2481 3354 regnantibus
2513 3284 2668 3350 Ozia,
2715 3285 2993 3352 Joatbam,
3048 3287 3232 3342 Achaz
3268 3298 3322 3342 et
3365 3289 3505 3346 Eze-

1896 3376 2044 3442 chia,
2075 3379 2168 3447 qui
2215 3389 2585 3448 regnaverunt
2638 3381 2692 3434 in
2741 3379 2952 3439 Iudaea.
3000 3380 3140 3436 Audi
3176 3382 3399 3448 caelum,
3446 3395 3504 3439 et

1897 3471 2126 3524 auribus
2152 3470 2371 3540 percipe
2420 3483 2589 3535 terra,
2639 3474 2769 3543 quia
2815 3474 3080 3530 Dominus
3111 3474 3329 3531 locutus
3389 3489 3496 3533 est.

1895 3562 2060 3618 Filios
2089 3565 2250 3634 genui
2281 3574 2336 3618 et
2361 3565 2596 3620 exaltavi
2628 3584 2642 3620 :
2675 3567 2749 3621 illi
2771 3578 2969 3622 autem
3001 3578 3330 3639 spreverunt
3352 3586 3493 3626 me.»

1894 3655 2070 3712 llomo
2099 3673 2164 3714 ex
2196 3661 2378 3713 anima
2413 3671 2465 3713 et
2493 3675 2729 3729 corpore
2752 3662 3085 3717 constitutus
3115 3673 3238 3719 est:
3267 3679 3396 3720 caro
3428 3679 3496 3720 ex

1893 3761 2062 3813 terra,
2119 3753 2302 3807 anima
2358 3753 2607 3809 caelestis
2661 3754 2902 3810 exsistit.
2969 3756 3106 3824 σεῦα
3164 3773 3296 3814 vero
3366 3773 3492 3814 cum

1891 3853 2123 3912 utroque
2153 3861 2344 3901 eorum
2376 3847 2766 3918 cognationem
2797 3849 2960 3906 habet
2990 3853 3155 3907 homo
3175 3896 3189 3920 ,
3231 3856 3378 3908 circa
3420 3869 3488 3909 ea

1884 3954 2009 4007 qua
2067 3940 2164 4009 ipsi
2236 3943 2477 3995 maxime
2523 3943 2746 4010 propria
2826 3953 2955 3998 sunt
3023 3947 3336 4002 testimonio
3391 3961 3495 4002 suo

1888 4032 2063 4100 ipsum
2096 4035 2346 4104 coarguit
2380 4052 2394 4088 :
2425 4054 2443 4087 ι
2470 4035 2639 4092 Filios
2672 4038 2834 4105 genui
2862 4045 2917 4092 et
2949 4039 3210 4097 exaltavi.
3243 4059 3263 4092 ι
3311 4036 3493 4096 Gene-

1885 4123 2120 4179 rationis
2174 4125 2294 4180 dna:
2344 4127 2558 4195 species
2604 4138 2752 4195 sunt,
2806 4144 3037 4199 quarum
3087 4132 3190 4186 alia
3246 4141 3347 4192 est.
3397 4131 3489 4186 illa

1884 4216 2186 4269 secundum
2249 4216 2422 4272 Deum
2479 4216 2676 4285 forma,
2724 4234 2846 4288 quze
2885 4236 2951 4275 ex
2995 4221 3252 4291 operibus
3307 4228 3362 4276 et
3418 4235 3486 4276 ex

1884 4308 2268 4363 mandatorum
2326 4312 2678 4380 perceptione
2725 4312 3009 4382 perﬁcitur
3051 4332 3065 4369 :
3107 4329 3213 4383 qua
3269 4313 3490 4369 ratione

1882 4399 2084 4455 Paulus
2115 4402 2412 4472 discipulos
2445 4419 2574 4458 suos
2607 4419 2706 4474 per
2735 4405 3092 4479 Evangelium
3123 4409 3319 4478 gignit.
3425 4414 3427 4417 ’

1951 4491 2118 4548 Vens.
2159 4495 2214 4550 5.
2257 4513 2275 4548 ι
2311 4495 2579 4568 Cognovit
2608 4498 2705 4555 bos
2749 4514 3149 4570 possessorem,
3190 4511 3245 4556 et
3295 4502 3486 4556 asinus

301 4563 494 4636 κυρίου
536 4564 713 4619 αὐτοῦ
742 4587 754 4598 ·
807 4569 1023 4666 Ἰσραῂλ
1053 4572 1110 4628 δέ
1154 4591 1220 4644 με
1264 4577 1366 4630 οὐκ
1408 4577 1569 4647 ἔγνω,
1617 4559 1771 4638 καὶτὸ

1898 4599 2118 4655 traesepe
2148 4587 2355 4643 domini
2395 4591 2499 4655 sui,
2534 4588 2705 4646 Israel
2728 4602 2910 4647 autem
2938 4609 3025 4650 me
3055 4607 3163 4648 non
3196 4595 3475 4666 cognovit,

165 4648 284 4715 λαός
310 4671 376 4724 με
407 4656 472 4708 οὐ
502 4656 804 4726 συνῆκεν.»
832 4648 1098 4732 ὼῦῖμὲν
1118 4664 1210 4716 καὶ
1232 4665 1374 4732 ὄνος,
1407 4673 1610 4741 φυσικῇ
1638 4689 1774 4740 φαν-

165 4744 321 4815 τασίᾳ
343 4748 476 4811 τοὺς
488 4748 800 4819 τρέφοντας
823 4753 1281 4822 ἐπιγινώσκουσιν
1299 4775 1313 4791 ο
1343 4761 1392 4813 oi
1417 4761 1473 4814 δὲ
1499 4763 1772 4836 τοσαύτης

162 4835 484 4903 ἀξιωθέντες
519 4841 680 4913 παρὰ
708 4843 805 4896 τοῦ
831 4844 966 4899 Θεοῦ
992 4848 1268 4919 προνοίας,
1290 4851 1367 4914 ὡς
1398 4852 1472 4925 μὴ
1504 4854 1664 4924 μόνον
1685 4856 1772 4909 λο-

163 4933 342 4995 γικοὺς
373 4934 757 5005 καταστῆναι,
791 4935 925 4990 ἀλλὰ
961 4938 1060 4993 καὶ
1099 4939 1225 4994 λαδν
1257 4943 1395 4998 Θεοῦ
1429 4950 1769 5018 χρηματίσαι

164 5020 590 5096 καταξιωθῆναι,
622 5027 759 5080 υἱῶν
816 5045 873 5083 τε
913 5035 1257 5107 προσηγορία
1283 5037 1611 5109 τιμηθῆναι,
1658 5044 1768 5098 οὐδ’

161 5113 356 5184 δμοίως
407 5120 529 5183 τοῖς
584 5119 806 5189 ἀλόγοις
840 5123 1124 5195 θρέμμασι
1162 5128 1252 5182 τὸν
1301 5133 1644 5202 γεννήσαντα
1673 5139 1770 5193 καὶ

162 5206 454 5279 θρέψαντα,
493 5214 815 5287 τιμήσαντά
845 5234 904 5270 τε
946 5219 1044 5272 καὶ
1089 5220 1382 5291 ὑψώσαντα
1425 5227 1625 5293 αὐτοὺς
1655 5233 1770 5285 Κύ-

163 5316 269 5370 ριον
294 5303 570 5374 ἔγνωσαν.
604 5304 774 5378 Οἶμαι
794 5309 850 5363 δὲ
871 5311 961 5366 διὰ
985 5312 1192 5368 τούτων
1219 5320 1579 5390 προφητικῶς
1600 5323 1770 5376 αἰνίτ-

159 5393 356 5461 τεσθαι,
371 5399 451 5462 ὡς
465 5399 564 5454 τὸν
576 5401 623 5453 Χ
633 5401 816 5470 ριστὸν
829 5403 920 5458 τοῦ
933 5404 1072 5458 Θεοῦ
1088 5408 1248 5463 αὐτὸν
1275 5410 1405 5463 ὄντα
1419 5411 1510 5465 τὸν
1539 5415 1622 5468 Κύ
1632 5434 1766 5488 ριον,

165 5481 337 5552 μόνοις
365 5490 560 5555 αὐτοῖς
585 5491 646 5558 ἐξ
679 5492 936 5549 ἁπάντων
975 5495 1089 5550 τῶν
1130 5499 1300 5556 ἐθνῶν
1347 5481 1766 5579 ἐπιδημήσαντα

159 5578 291 5640 κατὰ
330 5582 432 5654 τὴν
508 5583 967 5658 ἐνανθρὼπησιν,
1054 5591 1114 5642 οὐ
1170 5578 1596 5665 παραδέξονταις
1646 5602 1768 5656 οὐδὲ

158 5668 551 5742 ἔπιγνώσσνται
585 5677 773 5746 αὐτὸν,
823 5681 944 5737 οὐδὲ
977 5682 1291 5753 νοήσουσιν,
1329 5687 1446 5742 ἀλλ’
1480 5690 1598 5744 οὐδὲ
1634 5711 1762 5750 συν-

155 5763 186 5832 ῆ
194 5780 331 5821 West
339 5807 355 5822 .

222 5872 244 5909 ι
277 5858 413 5915 ωαὶ
459 5861 620 5932 ἔθνος
663 5865 1011 5941 ἁμαρτωλὸν,
1040 5873 1166 5943 λαὸς
1190 5876 1411 5950 πλήρης
1447 5876 1722 5950 ἁμαρτίας
1747 5919 1761 5946 ν

1874 4685 1930 4731 et
1965 4679 2201 4748 populus
2237 4697 2326 4734 me
2363 4697 2472 4738 non
2513 4682 2810 4739 intellexit.
2840 4701 2861 4736 ι
2899 4683 3004 4739 Bos
3033 4684 3251 4755 quidem
3284 4695 3340 4742 et
3370 4688 3482 4742 asi-

1875 4784 1977 4823 nus
2016 4785 2080 4824 ex
2128 4771 2363 4827 naturali
2421 4774 2686 4828 instinctu
2724 4789 2841 4841 eos,
2889 4775 2985 4845 qui
3019 4775 3341 4831 alimentum
3371 4776 3476 4832 sibi

1874 4863 2264 4932 suppeditant,
2319 4868 2831 4939 eognoscunt:qui
2887 4883 3020 4925 vero
3069 4879 3223 4924 tanta
3283 4886 3314 4926 a
3368 4871 3482 4927 Deo

1873 4955 2221 5021 providentia
2249 4959 2453 5028 dignati
2482 4968 2642 5022 sunt,
2677 4969 2734 5014 ut
2777 4976 2885 5016 non
2928 4961 3090 5016 modo
3121 4962 3478 5019 rationabiles

1873 5055 2079 5112 essent,
2110 5049 2205 5103 sed
2233 5050 2398 5104 etiam
2441 5051 2674 5122 populus
2713 5053 2806 5108 Dei
2838 5065 3188 5121 vocarentur,
3213 5056 3479 5111 ﬁliorum-

1871 5150 1977 5204 que
2009 5139 2230 5194 nomine
2256 5153 2612 5207 ornarentur,
2651 5159 2758 5200 non
2809 5147 2928 5215 pari
2967 5156 3132 5217 atque
3171 5148 3330 5203 bruta
3382 5149 3476 5217 ju-

1872 5235 2057 5283 menta
2094 5232 2255 5286 modo
2284 5249 2409 5289 eum
2443 5236 2535 5304 qui
2568 5250 2628 5290 se
2659 5238 2868 5307 genuit,
2904 5239 3188 5308 enutrivit,
3229 5241 3472 5297 honora-

1870 5320 1957 5375 vit
2006 5331 2063 5376 et
2117 5326 2401 5392 exaltavit,
2460 5328 2748 5384 Dominum
2799 5347 3098 5403 agnovere.
3158 5335 3255 5392 His
3308 5350 3474 5404 porro

1870 5412 2108 5472 arbitror
2131 5422 2452 5489 prophetice
2485 5423 2844 5491 subindicari,
2872 5428 2990 5482 fore
3013 5437 3072 5482 ut
3100 5427 3271 5484 Judaei
3297 5429 3469 5496 illum,

1869 5514 1962 5582 qui
2010 5513 2262 5570 Christus
2313 5516 2408 5572 Dei
2459 5524 2515 5571 et
2553 5516 2674 5586 ipse
2719 5519 3026 5588 Dominus,
3067 5527 3274 5595 quique
3324 5528 3470 5594 apud

1870 5607 2016 5674 illos,
2055 5624 2169 5679 prae
2199 5610 2322 5665 aliis
2353 5611 2611 5667 omnibus
2638 5614 2913 5682 gentibus,
2963 5618 3124 5673 homo
3151 5619 3470 5690 peregrina-

1873 5710 1962 5757 tus
1995 5710 2106 5766 est,
2143 5716 2252 5757 non
2282 5704 2654 5773 susciperent,
2689 5721 2866 5776 neque
2899 5721 3315 5778 cognoscerent,
3363 5723 3467 5766 nec

1871 5802 2052 5848 mente
2083 5792 2469 5865 intelligerent.

1949 5882 2116 5944 Vilis.
2160 5887 2213 5944 4.
2278 5889 2415 5944 «Va:
2477 5889 2622 5958 genti
2677 5891 3001 5961 pcecatriei,
3052 5893 3248 5965 populo
3295 5890 3461 5961 pleno
