4090 6408
651 351 711 405 9|
1326 344 1593 401 EUSEBll
1632 340 2112 398 (ΖιΕΞᾹΚΙΕΝΞΙΞ
2150 338 2266 394 ΟΡΓ

2286 379 2297 390 .
2341 338 2518 393 PARS
2558 335 2643 391 Ill.
2686 366 2756 379 —-
2792 331 3206 389 EXEGETICA.
3833 326 3897 380 92

651 465 952 533 iniquitate,
980 463 1174 517 semini
1215 461 1378 526 malo,
1412 461 1533 514 lilii-3
1571 459 1794 527 iniquis.
1848 455 2220 524 Dereliquistis
2251 474 2266 513 λ

2280 472 2292 513 ι
2328 454 2551 525 σπέρμα
2571 451 2827 522 πονηρὸν,
2848 448 2954 501 υίοὶ
2979 447 3188 518 ἄνομοι.
3227 440 3640 511 Ἑγκατελίπετε
3676 438 3768 492 τὸν
3795 438 3895 491 Κύ-

651 557 955 618 υοιιιιιιιιιιι⁹
990 564 1044 609 et
1082 555 1336 608 irritastis
1384 559 1633 605 sanctum
1684 549 1846 604 Israel
1879 569 1890 603 :
1923 548 2214 603 abalienati

2328 563 2456 614 ριον,
2483 546 2575 597 καὶ
2592 541 2977 612 παρωργίσατε
3004 538 3091 590 τὸν
3110 537 3261 603 ἅγιον
3294 533 3387 587 τοῦ
3411 531 3644 603 Ἰσραήλθ
3664 529 3894 599 ἀπηλλοσ

649 632 769 701 sunt
834 659 1157 700 retrorsum.
1190 664 1207 695 ι
1274 643 1398 697 ideo
1456 658 1587 711 ergo
1640 641 1950 695 .lndmorum
2002 650 2215 709 gentem

2322 635 2630 707 τριώθησαν
2661 636 2739 696 είς
2760 632 2828 685 τὰ
2849 631 3040 684 ὀπίσω.
3071 648 3089 681 ι
3121 628 3217 680 Διά
3241 626 3411 679 ταῦτα
3446 624 3573 693 γοῦν
3608 620 3899 689 ἀπελέγχει

649 740 893 810 coarguit
950 740 1309 805 miseramque
1367 737 1626 805 prmdicat
1680 734 1917 802 Spiritus
1974 744 2216 793 sanctus,

2322 730 2383 781 τὸ
2428 726 2694 781 Ἰουδαίων
2746 725 2916 786 ἔθνος,
2955 723 3048 775 καὶ
3072 718 3346 783 ταλανίξει
3376 717 3569 779 αὐτοὺς
3588 715 3648 766 τὸ
3682 711 3903 779 Πνεῦμα

648 833 771 899 quia
808 831 1044 884 omnium
1076 831 1229 896 plane
1263 828 1507 895 gentium
1553 827 1788 881 deterior
1839 833 1943 889 est,
1994 834 2049 879 et
2093 830 2218 893 quia

2323 822 2383 873 τὸ
2410 822 2594 889 ἅγιον,
2645 818 2720 881 ὡς
2765 817 2983 869 πάντων
3014 813 3121 867 τῶν
3150 810 3319 863 ὲθνῶν
3345 809 3579 881 χείρους,
3609 805 3701 859 καὶ
3728 804 3803 865 ῶς
3842 804 3904 854 τὸ

650 922 724 975 illi
760 936 933 989 neque
958 935 1022 973 ex
1047 918 1356 986 adoptione,
1402 933 1579 987 neque
1609 932 1675 971 ex
1716 920 1925 972 honore
1960 915 2221 969 divinitus

2328 915 2492 986 μηδὲν
2530 911 2928 981 ὠφεληθέντας,
2968 910 3102 978 μήτε
3133 908 3195 958 ὲκ
3223 905 3320 973 τῆς
3355 902 3641 963 υἱοθεσίας,
3670 900 3805 989 μήτε
3847 895 3906 989 ἐξ

651 1014 755 1068 sibi
806 1012 1020 1076 collato,
1073 1010 1298 1064 exaltati
1348 1011 1626 1073 videlicet,
1680 1025 1744 1064 ac
1791 1008 2221 1077 przeccllentibns

2324 1004 2391 1077 ἧς
2422 1004 2571 1074 παρὰ
2594 1001 2730 1055 Θεοῦ
2755 1001 2921 1071 τιμῆς
2947 997 3253 1069 ἠξιώθησαν
3272 1013 3285 1025 ·
3311 993 3615 1062 ύψωθέντες
3634 991 3728 1044 καί⁵
3756 987 3906 1039 πλεί-

653 1107 967 1161 muneribus
1002 1104 1067 1155 ab
1096 1118 1161 1155 eo
1189 1104 1396 1168 donati,
1430 1104 1701 1171 quidpiam
1750 1076 1997 1156 utilitatis
2036 1117 2221 1170 perce-

2329 1076 2466 1149 σέων
2512 1096 2650 1147 ὅσων
2684 1091 2977 1161 ὲξαιρέτων
3006 1086 3155 1156 παρά
3176 1082 3339 1137 αὑτοῦ
3368 1080 3755 1151 τετυχηκότες·
3790 1076 3904 1130 ἀλλ’

653 1205 846 1265 perunt
875 1214 889 1249 :
923 1198 1028 1249 imo
1070 1211 1197 1250 vero
1225 1212 1291 1249 ne
1318 1211 1383 1249 cx
1416 1170 1587 1262 plagis
1636 1195 1853 1263 quidem
1887 1203 1941 1249 et
1984 1195 2222 1263 castiga-

2325 1189 2445 1242 ούδὲ
2471 1188 2527 1253 ἐξ
2551 1179 2625 1238 ὧν
2649 1183 2908 1246 πολλάκις
2934 1180 3247 1249 ἐπλήγησαν
3279 1176 3345 1229 δι’
3361 1170 3907 1265 ύπερϐολὴνῌάγάπης

655 1289 911 1351 tionibus,
965 1288 1119 1355 queis
1161 1304 1190 1341 a
1237 1287 1344 1340 Deo
1384 1286 1699 1355 frequenter
1750 1286 1801 1340 vi
1848 1284 2052 1340 amoris
2103 1300 2227 1353 per-

2326 1279 2461 1333 Θεοῦ
2488 1281 2818 1348 τυπτόμενοι
2848 1275 2940 1328 καὶ
3010 1269 3378 1339 κολαζόμενοι,
3405 1265 3513 1317 τῶν
3544 1262 3909 1355 ἀσεϐημάτων

662 1389 835 1442 ιιιοιο,
872 1380 1168 1446 impietatis
1197 1393 1306 1433 sua:
1357 1393 1521 1453 causa
1557 1376 1739 1432 allecti
1788 1387 1933 1444 sunt,
1986 1377 2226 1446 resipue-

2328 1371 2505 1425 αὐτῶν
2543 1371 2764 1423 ἓνεκεν’
2806 1387 2825 1420 ‹
2875 1369 2971 1419 ⁸ον
3018 1364 3123 1434 γὰρ
3166 1361 3356 1430 ἀγαπᾷ
3400 1357 3604 1437 Κύριος
3638 1350 3907 1453 παιδεύει,

656 1480 826 1526 runt:
859 1485 1006 1535 nam,
1050 1486 1069 1520 ι
1096 1486 1251 1533 qnetu
1284 1449 1775 1539 diligit'Dominus,
1827 1468 2079 1538 castigat,
2127 1468 2225 1521 ﬂa-

2333 1464 2583 1535 μαστιγοῖ
2608 1461 2664 1513 δὲ
2697 1460 2873 1513 πάντα
2890 1458 3022 1519 υἱὸν,
3040 1455 3098 1507 ὃν
3120 1452 3496 1524 παραδέχεται.
3516 1467 3532 1498 ι
3549 1447 3645 1509 Τίς
3677 1446 3731 1539 δὲ
3752 1440 3820 1514 ἦν
3850 1441 3909 1539 ὃν

669 1562 832 1632 gellat
860 1569 1036 1614 autem
1070 1574 1280 1614 onmem
1315 1534 1503 1621 filium,
1537 1574 1695 1629 quem
1725 1559 1918 1629 accipit
1942 1534 2006 1612 ίῖ.
2035 1534 2071 1609 »ν
2098 1558 2229 1625 Quis

2330 1534 2705 1623 ἐγκατέλιπον,
2730 1552 2809 1622 ἢὸ
2825 1547 3073 1621 Χριστός
3093 1546 3152 1599 ὃν
3174 1544 3262 1597 διὰ
3288 1543 3348 1595 τὸ
3378 1538 3791 1632 παρωργικέναι
3814 1534 3912 1588 καὶ

658 1628 837 1705 autem
874 1652 962 1706 ille
996 1651 1115 1717 fuit,
1160 1665 1315 1717 quem
1348 1628 1753 1718 dereliquerunt
1777 1689 1792 1713 ,
1825 1628 1931 1704 nisi
1958 1649 2226 1716 Christus,

2332 1643 2866 1715 ἐγκαταλελοιπέναι,
2912 1639 2982 1693 τὰ
3002 1638 3127 1708 ἑξῆς
3158 1634 3520 1705 ἐπιλεγόμενα
3544 1628 3906 1689 πεπόνθασινς

657 1758 815 1810 quem
861 1742 983 1809 quia
1032 1741 1383 1795 irritaverunt
1432 1750 1486 1794 et
1526 1740 1956 1811 dereliquerunt,
1998 1755 2059 1796 ea
2109 1756 2230 1810 qua

657 1835 1057 1902 snbscqnnn'ur
1086 1835 1327 1903 perpessi
1360 1833 1525 1889 sunt?
2260 1826 2303 1881 Β

666 1988 667 1991 γ
729 1894 888 1979 Vens.
927 1926 981 1989 5,
1014 1894 1133 1980 δίς
1165 1894 1305 1991 Quid
1338 1924 1514 1979 adhuc
1544 1923 1927 1992 percutiamini
1960 1924 2222 1991 adjicien-

2409 1930 2427 1961 ι
2469 1909 2533 1962 Τί
2582 1909 2661 1961 ἔτι
2712 1906 2955 1977 πληγῆτε
3009 1900 3393 1975 προστιθέντες
3440 1895 3706 1967 ἀνομίαν;
3762 1894 3913 1992 πᾶσα

658 2030 740 2075 tes
772 2016 1157 2087 iniquitatem?
1185 2030 1349 2070 omne
1395 2024 1558 2084 caput
1604 2015 1655 2069 in
1704 2014 1909 2081 labore,
1964 2024 2017 2071 et
2068 2031 2231 2071 omne

2335 2001 2539 2071 κεφαλὴ
2567 2001 2646 2063 εἰς
2686 1999 2866 2060 πόνον,
2892 1996 2986 2050 καὶ
3027 1996 3177 2049 πᾶσα
3223 1990 3421 2062 καρδία
3452 1990 3533 2052 είς
3559 1987 3737 2053 λύπην
3758 2002 3772 2015 ο
3806 1982 3917 2087 ἀπὸ

656 2126 752 2169 cor
792 2110 844 2164 in
896 2109 1158 2170 tristitia;
1196 2124 1224 2161 a
1266 2106 1490 2177 pedibus
1522 2122 1694 2177 usque
1717 2109 1784 2163 ad
1816 2118 1978 2177 caput
2010 2123 2120 2163 non
2146 2116 2232 2162 est

2335 2093 2510 2147 ποδῶν
2556 2092 2660 2154 ἕως
2701 2088 2944 2159 κεφαλὴν
2989 2086 3089 2139 οὐκ
3121 2085 3266 2139 ἐστιν
3304 2085 3362 2135 ὲν
3404 2079 3554 2151 αὐτῷ
3601 2075 3916 2148 ὁλοκληρία.

658 2202 715 2258 in
745 2214 810 2256 eo
838 2200 1068 2255 sanitas.
1121 2198 1347 2263 Vulnus,
1396 2196 1559 2263 livor,
1610 2198 1769 2269 plaga
1825 2210 2062 2255 tumens.
2115 2198 2229 2252 Non

2334 2186 2586 2258 Τραῦμα,
2624 2182 2859 2254 μώλωψ,
2914 2180 3097 2251 πληγὴ
3147 2176 3575 2248 φλεγμαίνουσα.
3632 2172 3747 2226 Οὐκ
3792 2169 3919 2269 ἔστι

658 2294 787 2350 licet
810 2292 1073 2361 malagma
1108 2291 1388 2361 imponere
1409 2330 1426 2358 ,
1460 2305 1633 2361 neque
1658 2292 1863 2358 oleum,
1894 2307 2071 2361 neque
2098 2292 2232 2363 liga-

2337 2274 2599 2347 μάλαγμα
2621 2270 2910 2335 ἐπιθεῖναι,
2936 2268 3061 2322 οὗτε
3085 2267 3285 2331 ἔλαιον,
3319 2264 3442 2319 οὔτε
3471 2260 3862 2333 καταδεσμούς.
3890 2278 3913 2312 a

657 2396 859 2441 menta.
884 2402 909 2432 ι
947 2353 1050 2451 ὀιιί
1083 2353 1201 2437 ﬂeri
1232 2353 1466 2453 poterat,
1499 2353 1564 2436 υἱ
1588 2381 1734 2437 aliud
1768 2353 2168 2438 ad'sani-tatemv
2178 2392 2235 2439 et

2333 2367 2456 2432 Πῶς
2494 2366 2551 2421 δὲ
2588 2367 2683 2419 καὶ
2720 2358 2830 2418 οἷόν
2878 2381 2937 2416 τε
2991 2358 3058 2433 ἦν
3099 2360 3286 2431 ἕτερον
3334 2356 3532 2420 αὐτοὺς
3592 2354 3786 2423 ὑγείας
3822 2353 3920 2453 καὶ

660 2475 891 2531 salutem
930 2474 1326 2531 restituendam
1357 2473 1710 2543 phartnacum
1744 2476 2084 2545 reperirent,
2136 2476 2230 2545 qui

2336 2457 2607 2531 σωτηρίας
2650 2454 2934 2526 ποιητικὸν
2965 2451 3221 2525 εὑρέσθαι
3263 2450 3557 2521 φάρμακον
3597 2442 3919 2545 ἀρνησαμξῗ

662 2566 948 2622 Dominum
1008 2567 1343 2636 abnegarant
1383 2580 1397 2616 :
1444 2580 1601 2635 quem
1660 2580 1765 2621 non
1815 2576 2082 2623 noverunt
2129 2583 2232 2623 nec

2333 2568 2455 2615 νους
2497 2550 2588 2602 τὸν
2633 2548 2866 2619 Κύριον
2920 2543 3054 2616 μηδὲ
3098 2538 3478 2611 ὲπεγνωκότας
3534 2537 3722 2604 αὐτὸν,
3781 2533 3922 2636 μηδὲ

663 2659 1047 2714 intellexerunt
1093 2658 1377 2712 advenisse
1420 2656 1526 2711 sibi
1582 2657 1885 2713 animarum
1937 2659 2229 2726 medicum,

2336 2647 2611 2709 συνιέντας
2642 2642 3051 2715 ἐπιδημήσαντα
3065 2639 3247 2702 αὐτοῖς
3268 2636 3359 2690 τὸν
3384 2632 3693 2726 ψυχῶν
3712 2628 3917 2726 ἰατρόν,

663 2753 754 2821 qui
789 2753 935 2808 solus
985 2766 1200 2807 omnem
1248 2754 1497 2808 morbum
1542 2759 1597 2806 et
1658 2765 1877 2808 omnem
1925 2752 2231 2808 animarum

2334 2740 2427 2793 τὸν
2458 2739 2617 2811 μόνον
2649 2739 2830 2789 πᾶσαν
2860 2734 3011 2787 νόσον
3045 2732 3139 2785 καὶ
3182 2730 3363 2783 πᾶσαν
3411 2724 3681 2799 μαλακίαν
3724 2718 3917 2792 ψυχῶν

664 2820 1033 2898 inﬁrmitatem
1061 2856 1254 2897 curare
1284 2840 1531 2912 poterat?

2332 2830 2471 2904 ὁμοῦ
2498 2832 2593 2885 καὶ
2613 2827 2880 2899 σωμάτων
2911 2823 3163 2879 ἰάσασθαι
3189 2820 3487 2889 δυνάμενον
3508 2858 3521 2883 ,

737 2930 903 2985 Vsus.
940 2931 992 2993 7,
1039 2929 1091 2985 8.
1156 2948 1175 2981 ι
1214 2906 1383 2985 Terra
1444 2936 1620 2984 vestra
1681 2930 1931 2998 deserta,
1980 2930 2233 2989 civitates

2410 2942 2427 2975 ι
2474 2924 2538 2977 Ἡ
2568 2923 2640 2992 γῆ
2673 2919 2825 2991 ὑμῶν
2864 2916 3088 2989 ἔρημος,
3125 2914 3182 2967 at
3226 2911 3410 2974 πόλεις
3452 2907 3607 2980 ὑμῶν
3649 2906 3923 2978 πυρίκαυ-

665 3032 859 3078 vestrae
904 3036 1179 3076 succensa:
1220 3021 1333 3092 igni
1369 3039 1381 3074 :
1420 3020 1700 3091 regionem
1758 3031 1998 3077 vestram
2047 3038 2232 3079 coram

2336 3033 2450 3071 στοι
2479 3017 2580 3085 τὴν
2620 3011 2802 3083 χώραν
2831 3008 2982 3081 ὑμῶν
3019 3006 3250 3060 ἐνώπιον
3280 3002 3435 3074 ὑμῶν
3489 3000 3763 3072 ἀλλότριοι
3792 3016 3924 3053 κατ-

669 3113 828 3167 vobis
857 3112 1018 3167 alieni
1068 3112 1376 3168 devorant:
1416 3121 1472 3167 et
1514 3111 1757 3167 desolata
1808 3123 1912 3179 est,
1963 3129 2156 3170 eversa
2203 3130 2232 3169 a
2266 3163 2284 3179 ,

2336 3110 2607 3164 εσθίουσιν
2639 3106 2841 3177 αὑτήν⁸
2883 3102 2977 3155 καὶ
3014 3098 3299 3169 ἡρέμωται
3330 3094 3793 3165 κατεστραμμένη
3819 3092 3928 3146 ὑπὸ

665 3204 879 3276 populis
909 3204 1123 3269 alienis,
1147 3205 1290 3263 sicut
1312 3204 1719 3260 tabernaculum
1738 3203 1793 3259 in
1815 3205 1996 3271 vinea,
2024 3215 2076 3264 et
2098 3207 2238 3263 sicut
2261 3186 2280 3221 ¹

2338 3203 2481 3257 λαῶν
2535 3199 2848 3270 ἀλλοτρίων,
2904 3196 2980 3258 ὡς
3032 3190 3205 3263 σκηνὴ
3253 3192 3311 3243 ὲν
3365 3186 3668 3259 ἀμπελῶνι,
3722 3186 3821 3240 καὶ
3852 3186 3927 3249 ὡς

668 3296 940 3368 tugurium
970 3300 1023 3351 in
1070 3294 1467 3363 cucumerario,
1522 3298 1666 3353 sicut
1713 3297 1909 3354 civitas
1942 3299 2187 3356 obsessa.
2215 3320 2234 3353 ι

2339 3294 2783 3367 όπωροφυλάκιον
2831 3295 2887 3345 ὲν
2922 3289 3256 3362 σικυηλάτῳ,
3289 3289 3366 3351 ὼς
3420 3287 3576 3350 πόλις
3606 3284 3932 3355 πολιορκου-

666 3388 747 3444 Ad
770 3389 1069 3443 custodiam
1100 3388 1368 3444 fructuum
1406 3390 1459 3443 in
1491 3389 1663 3445 vineis
1694 3391 2034 3446 nascentium
2069 3392 2243 3461 lignu-

2344 3388 2476 3458 μένη
2492 3386 2588 3455 (ι).
2602 3404 2621 3434 ι
2646 3386 2739 3448 Et;
2756 3380 2996 3455 φρουρὰν
3006 3380 3113 3433 τῶν
3134 3384 3191 3433 ἐν
3207 3381 3325 3440 ταῖς
3339 3376 3604 3448 ἀμπέλοις
3628 3372 3862 3447 καρπῶν
3876 3374 3930 3425 αἱ

671 3491 759 3535 tur
798 3481 1051 3536 tentoria.
1111 3481 1245 3535 Cum
1297 3496 1425 3552 ergo
1479 3482 1639 3539 vinea
1690 3482 1923 3553 propriis
1970 3482 2241 3545 fructibus

2344 3479 2539 3548 σκηναὶ
2573 3478 2893 3548 πήγνυνται.
2926 3476 3094 3527 Ὅταν
3119 3466 3339 3543 μὲν-οῦν
3361 3469 3558 3542 εὐθηνῇ
3578 3470 3690 3531 τοῖς
3710 3467 3933 3529 οἰκείοις

669 3574 839 3641 probe
894 3572 1157 3627 instructa
1216 3580 1335 3639 est,
1382 3574 1530 3628 omni
1576 3589 1706 3629 cura
1773 3585 1828 3630 et
1875 3574 2245 3634 sollicitudine

2345 3574 2579 3644 καρποῖς
2609 3574 2643 3641 ἡ
2670 3570 2941 3641 ἄμπελος,
2981 3565 3393 3635 σπουδάζεταιή
3423 3562 3595 3634 σκηνὴ
3628 3560 3724 3614 καὶ
3750 3560 3934 3628 πάσης

678 3662 973 3716 tentorium
1008 3671 1286 3726 servatur,
1322 3663 1395 3717 ita
1420 3674 1477 3717 nt
1504 3673 1688 3719 custos
1716 3666 2001 3737 diligenter
2036 3665 2247 3735 prospi-

2344 3664 2585 3729 ἀξιοῦται
2640 3661 2992 3733 ὲπιμελείαςο
3038 3659 3179 3712 ῶστε
3223 3657 3316 3710 ἀπ’
3362 3654 3533 3723 αὐτῆς
3574 3650 3936 3705 κατοπτεύειν

672 3748 799 3813 ciat,
832 3763 919 3809 ne,
948 3748 1038 3817 qui
1068 3749 1120 3801 in
1158 3749 1238 3803 via
1267 3760 1615 3818 praetereunt,
1654 3753 1861 3808 fructus
1907 3754 2024 3824 ejus
2056 3755 2245 3809 decer«

2344 3758 2434 3810 τὸν
2461 3756 2697 3826 φύλακα,
2732 3756 2940 3824 μήποτε
2970 3750 3242 3823 τρυγῶσιν
3265 3748 3437 3817 αὐτὴν
3468 3746 3518 3798 οἱ
3540 3743 3934 3814 παραπορευό-

674 3848 822 3904 pant.
864 3838 999 3893 Cum
1049 3850 1227 3896 autem
1272 3842 1431 3896 vinea
1488 3843 1826 3900 infructuosa
1879 3856 1982 3912 est,
2035 3847 2167 3901 illud
2212 3862 2241 3900 a

2357 3867 2503 3921 μενοι
2549 3848 2648 3917 τὴν
2698 3846 2838 3899 ὁδόν.
2890 3845 3054 3896 Ὅταν
3106 3842 3163 3894 δὲ
3215 3840 3465 3910 ἄκαρπος
3510 3832 3585 3909 ᾗ,
3644 3834 3934 3904 ἀμελεῖται

672 3930 919 3997 custode,
945 3940 1002 3985 ut
1028 3942 1453 3988 consentaneum
1484 3943 1586 4003 est,
1627 3937 1933 4008 negligitur.
1959 3939 2238 4005 Quamob-

2348 3940 2660 4009 ἀναγκαίως
2701 3938 2800 4007 τῆς
2835 3933 3082 4005 ἀμπέλου
3125 3931 3193 3984 τὰ
3236 3930 3601 4000 φυλακτήρια.
3642 3925 3743 3978 Διὰ
3777 3924 3936 3977 τοῦτο

676 4034 789 4073 rem
824 4019 1177 4076 lsraeliticum
1212 4026 1463 4093 populum
1494 4026 1813 4083 derelictum
1881 4029 1947 4083 iri
2001 4030 2246 4086 intermi-

2347 4030 2441 4084 τοῦ
2485 4026 2877 4100 Ἰσραηλιτικοῦ
2908 4025 3036 4078 λαοῦ
3066 4026 3165 4094 τὴν
3192 4020 3576 4091 ὲγκατάλειψιν
3592 4018 3830 4083 ἀπειλεῖ,
3861 4019 3936 4079 t'o;

677 4122 860 4176 natur,
941 4121 1130 4181 utpote
1188 4115 1279 4184 qui
1338 4129 1762 4175 consentaneum
1829 4120 2067 4177 fructum
2134 4138 2242 4178 non

2354 4126 2427 4196 μὴ
2455 4120 2926 4193 καρποφοροῦντος
2952 4119 3021 4172 τά
3061 4116 3438 4172 ὲπιῦάλλοντα.
3475 4111 3810 4183 Φοϐηθῶμεν
3843 4106 3936 4163 οὖν

676 4204 911 4259 emittat.
941 4205 1263 4260 Timendum
1298 4208 1481 4277 itaque
1512 4212 1667 4273 nobis
1700 4223 1802 4278 est,
1828 4228 1895 4268 ne
1923 4214 2244 4271 infructuosi

2350 4211 2488 4268 εἶναι
2536 4214 2792 4283 ἄκαρποι,
2845 4212 2919 4281 μὴ
2948 4207 3467 4279 ὲγκαταλειφθῶμεν
3495 4204 3719 4274 ὑπὸτῆς
3764 4202 3936 4273 ὀργῆς

678 4294 865 4362 simus,
904 4305 959 4350 ut
984 4312 1050 4351 ne
1071 4314 1134 4352 ex
1162 4299 1242 4353 ira
1272 4299 1366 4354 Dei
1396 4302 1729 4358 deseramur.
1766 4304 2002 4376 Spiritus
2023 4316 2245 4363 sanctus

2348 4305 2443 4359 τοῦ
2472 4302 2627 4359 Θεοῦ.
2662 4305 2735 4356 Τὸ
2782 4303 3051 4372 φυλάσσον
3097 4303 3266 4373 ἡμᾶς,
3299 4301 3361 4353 τὸ
3407 4297 3631 4368 Πνεῦμα
3676 4296 3739 4349 τὸ
3780 4297 3937 4364 ἆγιόν

676 4390 881 4456 estqui
930 4404 1027 4445 uos
1065 4392 1322 4445 custodit.
1387 4392 1519 4448 Cum
1577 4394 1741 4464 igitur
1798 4397 1978 4453 anima
2028 4398 2241 4454 fructus

2351 4398 2516 4448 ἐστιν.
2558 4396 2725 4448 Ὅταν
2772 4394 2868 4464 μὲν
2910 4390 3000 4447 οῦν
3044 4394 3369 4465 καρποφορῇ
3416 4391 3451 4461 ἡ
3496 4388 3642 4460 ψυχὴ
3666 4386 3796 4452 ἄξια
3828 4386 3938 4440 τῶν

678 4488 1005 4532 aternorum
1036 4482 1413 4548 penuariorum
1453 4482 1644 4549 dignos
1688 4484 1915 4554 profert,
1966 4496 2077 4543 tun.
2124 4504 2247 4559 per-
2282 4506 2293 4561 ι

2324 4487 2584 4541 καίωνίων
2634 4485 2949 4555 ἀποθηκῶν,
2998 4486 3306 4556 παραμένει
3354 4484 3448 4536 καὶ
3493 4481 3789 4551 φυλάσσει,
3843 4483 3939 4534 καὶ

680 4578 865 4623 manet
894 4570 982 4624 ille
1023 4580 1227 4637 custos,
1268 4582 1322 4629 et
1352 4573 1642 4643 singularis
1665 4576 1765 4631 feri
1802 4577 2024 4634 insidias
2056 4581 2244 4649 procul

2348 4578 2631 4651 πόρρωθεν
2671 4576 2923 4647 ἀπείργει
2952 4576 3052 4640 τάς
3090 4576 3186 4629 τοῦ
3231 4575 3414 4646 μονιοῦ
3446 4572 3539 4627 τοῦ
3584 4574 3783 4645 ἀγρίου
3816 4576 3938 4627 επι-

682 4661 886 4731 abigit;
920 4676 1045 4717 cum
1076 4672 1255 4716 autem
1290 4680 1449 4717 uvam
1474 4664 1615 4721 fellis
1642 4675 1697 4721 et
1722 4669 1943 4724 botrum
1978 4672 2243 4727 amaritu-

2349 4670 2543 4733 δουλάς
2563 4686 2574 4698 ⁸
2615 4670 2739 4721 ὅταν
2776 4668 2830 4721 δὲ
2862 4667 3132 4738 σταφυλὴν
3172 4666 3334 4737 χολῆς
3366 4665 3583 4736 γεωργῇ
3611 4664 3708 4717 καὶ
3740 4663 3940 4735 βότρυν

681 4750 822 4804 diuis
852 4751 1086 4820 profert,
1142 4753 1535 4811 infructuosam
1587 4758 1825 4814 animam
1869 4760 1961 4816 ille
2003 4762 2243 4819 deserit:

2350 4762 2574 4833 πικρίας
2606 4760 2833 4833 ἐκφέρῃ,
2858 4758 3439 4829 ὲγκαταλιμπάνειτὴν
3466 4757 3712 4827 ἄκαρπον
3733 4757 3936 4826 ψυχήν·

682 4850 733 4893 et
758 4849 881 4895 tunc
907 4844 958 4896 in
980 4846 1228 4913 quemvis
1258 4847 1475 4902 brutum
1504 4850 1819 4919 cogitatum,
1845 4862 1899 4907 et
1924 4852 1976 4906 in
2001 4856 2246 4923 quamvis

2354 4855 2446 4906 καὶ
2472 4853 2589 4905 τότε
2623 4852 2727 4904 ὑπὸ
2758 4851 2960 4915 παντὸς
2990 4850 3252 4921 λογισμοῦ
3284 4848 3581 4921 θηριώδους
3616 4848 3713 4899 καὶ
3757 4849 3941 4918 πάσης

683 4933 1109 4990 irrationabilem
1158 4940 1652 5010 concupiscentiam
1702 4944 1901 4999 decidit
1962 4944 2075 5000 illa.
2133 4944 2247 4999 Pleo

2350 4948 2543 5016 ἀλόγου
2576 4946 2873 5016 ἐπιθυμίας
2900 4948 3311 4999 καταπεσεῖται.
3348 4940 3623 5012 Πολλαχοῦ
3657 4940 3715 4993 δὲ
3742 4958 3907 5012 τροπι
3929 4971 3943 4982 -

682 5037 909 5093 rumque
958 5042 1120 5096 porro
1152 5028 1436 5098 Scriptura
1472 5030 1725 5088 lsraelem
1774 5037 1989 5090 vineam
2049 5036 2253 5105 trepice

2350 5038 2461 5103 κῶς
2476 5038 2770 5109 ἀμπελῶνα
2789 5037 2877 5090 τὸν
2910 5038 3125 5108 Ἰσραὴλ
3147 5040 3174 5089 ὀ
3206 5035 3361 5101 λόγος
3385 5031 3785 5104 προσαγορεύει
3806 5049 3819 5062 δ
3866 5032 3943 5094 ὡς

682 5128 984 5185 nuncupat;
1024 5124 1164 5192 utﬁt
1191 5118 1414 5175 Vineam
1447 5136 1511 5177 ex
1558 5122 1791 5195 Egypto
1836 5126 2196 5195 transtulisti;
2230 5146 2248 5179 ι

2349 5130 2429 5193 τὸ,
2456 5147 2473 5180 ι
2508 5128 2786 5199 ’Ἄμπελον
2816 5128 2874 5194 ἐξ
2908 5128 3186 5196 Αἰγύπτου
3221 5128 3483 5196 μετῆρας·
3509 5143 3527 5176 ι
3547 5125 3661 5185 καὶ,
3684 5143 3701 5175 ι
3735 5124 3944 5193 Ἀμπε-

682 5214 755 5273 et,
822 5227 840 5260 ι
868 5208 1033 5265 Vinea
1067 5211 1208 5265 facta
1243 5222 1328 5268 est
1360 5213 1558 5269 dilecto
1588 5212 1697 5281 ¹⁶;ι
1747 5226 1821 5282 et,
1881 5234 1899 5268 ι
1926 5218 2037 5287 Ego
2071 5229 2252 5274 autem

2351 5218 2456 5271 λὼν
2490 5217 2718 5289 ἐγενήθη
2739 5217 2816 5288 τῷ
2842 5220 3026 5289 ἡγαπη
3036 5216 3197 5287 μένῳ·
3214 5236 3231 5266 ι
3249 5216 3363 5281 καὶ,
3390 5234 3407 5265 ι
3431 5214 3572 5283 Ἐγὼ
3591 5214 3647 5267 δὲ
3664 5214 3944 5283 ἐφύτευσα

685 5299 918 5368 plantavi
954 5312 1003 5357 te
1042 5304 1253 5359 vineam
1302 5304 1659 5372 fructuosam,
1709 5317 1875 5363 totam
1924 5324 2108 5364 veram
2156 5311 2196 5367 ³.
2230 5329 2248 5363 ι

2358 5329 2416 5364 σε
2442 5313 2685 5382 ἄμπελον
2738 5312 3107 5382 καρποφόρον,
3160 5310 3340 5362 πᾶσαν
3364 5307 3646 5378 ἀληθινήν.
3681 5325 3699 5357 ι
3732 5306 3797 5359 El
3823 5306 3881 5359 δὲ
3913 5307 3942 5357 ὁ

762 5421 806 5451 ¹’
834 5420 993 5475 Prov.
1025 5437 1107 5485 ιιι,
1130 5422 1214 5476 12.
1291 5424 1311 5454 ²
1336 5422 1475 5477 Psal.
1506 5438 1692 5487 Lxxu,
1726 5420 1780 5479 9.
1832 5435 1852 5463 ι
1877 5433 1894 5454 ·
1920 5430 2031 5487 .lsa.
2061 5448 2114 5497 v,
2150 5431 2200 5483 l.
2226 5430 2245 5460 ³
2271 5427 2380 5485 Jer.
2415 5446 2473 5495 ιι,
2503 5431 2593 5490 21.

759 5516 833 5581 (4)
983 5517 1176 5598 similia
1209 5518 1370 5598 habet
1399 5518 1835 5598 Hieronymusin
1875 5521 2016 5575 liun'c
2050 5523 2249 5598 locum,
2365 5521 2537 5598 solent
2584 5518 2723 5598 natis
2748 5516 3279 5598 frugilnts,.abigunt.
3333 5515 3470 5569 Cum
3525 5524 3703 5569 autem
3729 5517 3937 5598 ⁸τιιιξιιια

692 5594 853 5661 atque
888 5587 957 5638 ita
988 5588 1264 5656 loquitur:
1302 5606 1319 5638 ι
1354 5589 1406 5641 In
1438 5587 1813 5644 eucutnerario
1844 5606 2079 5660 quoque,
2106 5595 2249 5661 quod
2357 5591 2565 5645 fuerint
2589 5589 2888 5661 istiusmodi
2910 5588 3204 5661 geniniina,
3248 5597 3526 5661 remanent
3565 5588 3775 5641 arentia
3830 5587 3940 5661 fru-

695 5651 838 5730 LXX_
880 5651 1148 5723 pontorum
1207 5660 1497 5711 custodiam
1547 5669 1759 5725 vocant,
1827 5651 2077 5730 parvula).
2117 5651 2251 5717 fiunt
2360 5662 2523 5715 ticum
2576 5651 2937 5730 umbracula:
2988 5658 3291 5725 casulmque
3339 5658 3623 5711 recedente
3674 5660 3940 5711 custode:

697 5727 889 5806 casula:
931 5736 1157 5806 propter
1188 5729 1435 5806 ardorem
1479 5730 1607 5806 so_li_s
1656 5744 1715 5805 ac
1744 5727 1937 5806 .radins
1983 5733 2248 5806 declinam
2356 5732 2481 5806 quia
2509 5745 2612 5806 non
2647 5729 2807 5806 liabet
2835 5729 2974 5806 ultra
3004 5729 3146 5806 quod
3177 5737 3393 5806 servet.“
3414 5747 3431 5778 ι
3460 5739 3515 5784 et
3546 5738 3743 5785 caetera
3767 5771 3782 5797 ,
3820 5741 3943 5800 qua:

699 5800 794 5849 dos
816 5815 826 5849 :
850 5807 901 5851 et
931 5797 1056 5850 inde
1080 5796 1157 5852 vel
1193 5798 1547 5866 homines,vel
1569 5800 1839 5867 bestiolas,
1860 5817 1977 5871 qum
2004 5802 2245 5860 insidiari

2004 5802 2245 5860 insidiari
2358 5796 2483 5858 item
2524 5800 2607 5855 ille
2647 5799 2943 5870 (\‘austulit,
2975 5800 3067 5855 sed
3097 5798 3454 5861 συνοπτικῶς.
3611 5817 3614 5821 ·
