4090 6408
604 336 675 448 9b
1287 367 1553 429 EUSEBII
1591 355 2062 422 CESARIENSIS
2094 352 2192 413 0P1

2295 350 2470 410 PARS
2499 345 2596 406 ιιι.
2646 378 2692 388 -
2742 339 3153 402 Εχεοετιοι.
3792 334 3860 393 ω

683 506 842 561 \‘ns.
890 501 1073 557 l3-l5.
1119 517 1137 551 t
1165 495 1393 553 Calcare
1442 490 1640 546 atrium
1680 500 1858 545 meum
1895 498 2004 539 non
2043 477 2182 549 adli-

2358 493 2377 527 ι
2414 474 2615 528 Πατεῖν
2667 469 2755 541 τὴν
2804 468 2977 539 αύλήν
3026 481 3129 536 μου
3168 462 3230 516 ού
3274 456 3668 533 προσθήσεσθε.
3736 456 3860 511 Ἐὰν

609 596 788 653 cistis.
825 591 882 647 Si
922 587 1151 645 tuleritis
1185 584 1441 649 similam,
1468 593 1669 635 vanum
1700 575 2021 648 thymiama,
2050 571 2181 627 abo-

610 687 837 744 minatio
860 684 993 738 mihi
1019 689 1121 736 est.
1168 674 1495 732 Neomcnias
1544 680 1767 734 vestras,
1818 676 1873 722 et
1917 664 2181 730 Sabbata,

608 790 664 837 et
693 779 834 834 diem
871 787 1120 845 magnam
1158 784 1265 825 non
1291 768 1411 823 iero
1448 782 1463 821 :
1492 762 1760 836 jejunium
1812 767 1866 814 et
1916 755 2181 813 cessatio-

609 851 821 927 nem'et
852 864 1167 927 neomenias
1198 870 1416 917 vestras
1448 869 1504 914 et
1556 852 1927 913 solemnitates
1969 858 2184 904 vestras

608 965 724 1020 odit
763 962 942 1016 anima
979 970 1117 1010 mea.
1156 953 1314 1009 Facti
1353 952 1490 1008 estis
1539 948 1671 1005 mihi
1720 949 1774 999 in
1825 943 2183 1000 satietatem:

612 1071 717 1112 non
750 1054 890 1109 ultra
928 1047 1171 1105 tolerabo
1196 1052 1422 1118 peccata
1450 1052 1655 1098 vestra.
1687 1038 1904 1094 Etcum
1923 1033 2185 1091 extende

610 1148 735 1204 ritis
763 1158 953 1199 manus
992 1149 1204 1197 vestras
1246 1139 1313 1194 ad
1354 1150 1462 1204 me,
1504 1141 1749 1190 avertam
1810 1129 1997 1186 oculos
2037 1140 2185 1183 meos

612 1254 642 1294 a
670 1236 825 1292 vobis
860 1254 874 1288 :
903 1243 959 1288 et
991 1233 1035 1286 si
1060 1224 1549 1301 multiplicaveritis
1577 1222 2055 1294 supplicationem,
2077 1231 2182 1272 non

611 1329 898 1386 exaudiam
935 1341 1056 1381 vos:
1083 1340 1207 1379 nam
1232 1334 1423 1377 manus
1440 1327 1636 1373 vestrae
1659 1315 1924 1386 sanguine
1956 1311 2181 1383 plenam

611 1421 718 1478 Sed
742 1422 868 1491 quia
900 1434 1004 1473 non
1036 1422 1408 1488 cognoverunt
1437 1406 1753 1475 Dominu'm,
1801 1417 1856 1463 et
1900 1406 2027 1477 qlia
2080 1414 2187 1459 non

612 1513 1001 1569 intellexerunt
1063 1523 1208 1574 eum,
1260 1506 1389 1575 quia
1446 1502 1857 1572 dereliquerunt
1914 1510 2075 1561 eum,
2136 1502 2189 1550 et

615 1605 970 1660 irritaverant
1014 1608 1259 1655 sanctum
1308 1597 1477 1652 Israet
1507 1614 1521 1651 :
1556 1602 1613 1649 et
1670 1594 1736 1647 ad
1790 1592 1906 1646 haec
1970 1587 2185 1651 omnia,

616 1696 745 1766 quia
784 1710 973 1749 manus
997 1706 1186 1747 eorum
1224 1689 1487 1759 sanguine
1514 1685 1687 1755 plena:
1720 1684 1961 1748 luerunt,
1987 1681 2055 1735 ob
2084 1693 2191 1734 ca!-

615 1788 736 1843 dem
769 1785 992 1850 Christi,
1015 1798 1175 1853 quam
1201 1790 1321 1852 post
1352 1786 1645 1834 sexcentos
1677 1775 2028 1842 interemptos
2063 1784 2188 1842 pro-

2287 570 2488 640 φέρητε
2520 563 2830 635 σεμίδαλιν,
2879 560 3103 632 μάταιον
3136 555 3405 627 θυμίαμα,
3444 549 3722 623 βδέλυγμα
3775 546 3861 619 μοί

2464 660 2575 721 Τὰς
2621 653 2917 727 νουμηνίας
2958 650 3148 723 ὑμῶν,
3205 648 3300 701 καὶ
3335 646 3404 700 τὰ
3445 642 3719 704 Σάϐϐατα,
3770 638 3862 693 καὶ

2284 754 2499 825 ἡμέραν
2532 748 2774 822 μεγάλην
2803 748 2902 801 οὐκ
2936 744 3219 814 ἀνέχομαι,
3250 737 3504 811 νηστείαν
3534 734 3631 789 καὶ
3665 732 3863 805 ἀργίαν

2282 824 2379 900 καὶ
2404 824 2507 907 τὰς
2536 838 2833 912 νουμηνίας
2862 835 3014 908 ὑμῶν
3050 835 3145 889 καὶ
3170 832 3272 897 τάς
3303 830 3495 904 ἑορτὰς
3527 825 3682 899 ὑμῶν
3717 824 3864 896 μισεῖ

2281 939 2315 1008 ή
2351 936 2497 1008 ψυχή
2543 950 2663 1005 μου.
2702 928 3029 1001 Ἐγενήθητέ
3065 942 3154 998 μοι
3182 927 3261 985 είς
3294 922 3613 995 πλησμονήν
3634 936 3647 949 ·
3678 916 3864 971 οὐκέτι

2284 1031 2470 1102 ἀνήσω
2526 1027 2617 1091 τὰς
2650 1024 2923 1097 ἁμαρτίας
2954 1019 3127 1091 ὑμῶν.
3182 1018 3354 1071 Ὅταν
3402 1014 3501 1078 τὰς
3547 1014 3740 1083 χεῖρας
3768 1010 3865 1062 εκ-

2282 1122 2495 1193 τείνητε
2527 1120 2656 1192 πρὸς
2686 1117 2775 1190 μὲ,
2803 1113 3130 1186 ἀποστρέψει)
3156 1110 3279 1174 τοὺς
3304 1105 3613 1180 ὀφθαλμούς
3640 1120 3739 1176 μου
3756 1102 3867 1193 Δἀφ’

2286 1191 2442 1285 ὑμῶν
2459 1228 2472 1241 ·
2510 1191 2604 1264 καὶ
2627 1208 2724 1261 ἐὰν
2746 1204 3060 1277 ’πληθύνητε
3080 1202 3176 1274 τὴν
3196 1199 3400 1270 δέησιν,
3428 1197 3529 1251 ούκ
3551 1191 3871 1249 είσακούσο-

2291 1322 2387 1376 μαι
2416 1304 2569 1373 ὑμῶν
2590 1318 2606 1335 ο
2641 1301 2697 1356 αἱ
2726 1299 2835 1371 γὰρ
2870 1300 3052 1369 χεῖρες
3091 1292 3245 1364 ὑμῶν
3279 1291 3511 1361 αἵματος
3545 1287 3793 1358 πλήρεις.
3842 1302 3862 1336 t

2300 1396 2436 1451 Ἀλλ’
2452 1397 2532 1448 ὅτι
2552 1392 2626 1465 μὴ
2652 1392 2897 1460 ἔγνωσαν
2914 1388 3005 1442 τὸν
3037 1386 3261 1458 Κύριον,
3287 1382 3381 1435 καὶ
3402 1381 3485 1435 ὅτι
3517 1380 3591 1452 μὴ
3625 1376 3877 1448 συνῆκαν

2287 1490 2481 1551 αὑτὸν,
2526 1488 2609 1541 ὃτι
2645 1483 3005 1555 ἐγκατέλιπον
3051 1480 3235 1543 αύτδν,
3271 1478 3367 1531 καὶ
3417 1473 3747 1546 παρώξυναν
3773 1470 3871 1524 τὸν

2290 1584 2443 1652 ἀγιον
2478 1578 2571 1634 τοῦ
2616 1578 2866 1651 Ἰσραὴλ,
2907 1576 3003 1631 καὶ
3044 1574 3181 1644 πρὸς
3214 1572 3387 1627 ἀπασι
3421 1568 3653 1633 τούτοις,
3698 1568 3780 1621 δτι
3810 1565 3873 1620 αι

2290 1677 2471 1748 χεῖρες
2520 1671 2700 1726 αὐτῶν
2752 1670 3040 1741 γεγόνασιν
3091 1667 3323 1737 αἵματος
3360 1662 3587 1733 πλήρεις
3627 1658 3720 1714 διὰ
3767 1656 3876 1729 τῆς

2291 1767 2433 1822 κατὰ
2464 1764 2558 1821 τοῦ
2586 1764 2825 1837 Χριστοῦ
2855 1760 3190 1835 μιαιφονίας,
3222 1758 3291 1829 ἢν
3316 1754 3454 1828 μετά
3489 1753 3688 1827 μυρίας
3720 1767 3874 1822 προ-

611 1836 1265 1949 ιζίιειεεῖρξνριείιιιιυιιιι,
1293 1880 1347 1926 et
1380 1870 1646 1939 sanguine
1690 1865 1879 1936 repleti
1907 1836 2031 1919 sunt
2051 1836 2079 1929 ;~
2104 1862 2189 1917 his

2295 1836 2649 1931 φητοκτονίας
2676 1853 3022 1926 εἰργάσαντο,
3046 1850 3141 1905 καὶ
3164 1848 3452 1920 γεγόνασιν
3476 1846 3711 1916 αἵματος
3731 1842 3875 1915 πλήο

611 1971 863 2026 ontnibus
896 1968 1205 2028 recensitis,
1244 1978 1455 2019 necnon
1491 1961 1627 2031 legis
1659 1935 1929 2015 solutione
1952 1996 1967 2023 ,
1999 1955 2186 2027 templi

2295 1966 2429 2024 ρεις,
2449 1948 2641 2029 crevsa,
2655 1944 2787 2017 γοῦν
2813 1942 3119 2009 διεξελθὼν,
3141 1940 3237 1995 καί⁸
3263 1939 3361 2012 τὴν
3386 1937 3482 1993 τοῦ
3506 1938 3672 2009 νόμον
3692 1935 3879 2003 λύσιν,

614 2061 853 2126 excidio,
886 2075 950 2116 ac
988 2056 1312 2115 omnimodis
1362 2026 1676 2123 suppliciis;
1728 2048 1971 2120 peccati,
2035 2026 2191 2117 cujus

2295 2044 2387 2097 καὶ
2416 2040 2513 2095 τοῦ
2546 2026 2676 2093 ναοῦ
2699 2038 2798 2110 τήν
2824 2035 3140 2099 κατάλυσιν,
3174 2032 3268 2087 καὶ
3300 2030 3397 2096 τὰς
3419 2026 3766 2093 παντοδαπὰς
3786 2044 3841 2082 τι
3860 2056 3872 2069 -

613 2169 777 2210 causa
808 2113 927 2209 haec
955 2149 1198 2221 perpessi
1228 2153 1377 2213 sunt,
1408 2113 1645 2213 speciem
1663 2113 1865 2197 edocet
1891 2156 1906 2194 :
1938 2113 2192 2210 ipsosque

2296 2135 2526 2208 μωρίας,
2576 2133 2639 2187 τὺ
2686 2127 2825 2196 εἶδος
2854 2132 2953 2203 τῆς
2994 2127 3274 2201 ἁμαρτίας
3316 2122 3577 2191 ἐδίδαξεν,
3624 2113 3687 2176 οὗ
3709 2120 3875 2193 χάριν

615 2250 863 2308 accusat,
891 2212 997 2297 ιιοή
1028 2212 1096 2294 «Ιέ
1131 2212 1403 2293 idolorum
1435 2212 1605 2297 cultu,
1643 2247 1767 2308 non,
1795 2231 1861 2286 de
1900 2225 2190 2294 adulterio,

2295 2225 2630 2280 πεπόνθασι·
2672 2225 2765 2278 καὶ
2804 2224 3100 2294 κατηγορεῖ
3138 2216 3338 2280 αὐτῶν,
3374 2216 3476 2270 οὐκ
3510 2212 3747 2271 είδώλων
3784 2212 3876 2268 θε-

615 2349 716 2390 nec
754 2334 821 2387 de
844 2306 1109 2397 avaritia;
1143 2327 1238 2384 sed
1275 2329 1340 2383 de
1368 2327 1535 2382 cede.
1568 2322 1704 2378 Nam
1738 2307 1885 2377 omni
1917 2320 2192 2390 impietate

2295 2318 2550 2391 ραπείαν,
2575 2316 2697 2371 οὐδὲ
2722 2315 2968 2388 μοιχείαν
2999 2308 3457 2376 καὶτππλεονεξίαν,
3489 2306 3625 2362 ἀλλά
3655 2322 3878 2379 μιαιφο-

613 2437 668 2482 et
698 2426 987 2496 iniquitate
1036 2422 1276 2479 deterior
1322 2428 1408 2476 est
1445 2432 1635 2475 eorum
1672 2425 1863 2472 contra
1905 2414 2190 2469 Dominum

2295 2413 2428 2468 νίαν.
2459 2412 2651 2483 Πάσης
2684 2410 2793 2482 γὰρ
2831 2406 3151 2470 δυσσεϐείας
3193 2406 3287 2459 καὶ
3316 2398 3685 2475 παρανομίας,
3715 2398 3878 2472 χαλι-

614 2488 829 2572 insania
861 2534 876 2583 ;
911 2518 1025 2571 haec
1067 2515 1266 2585 quippe
1313 2527 1418 2566 vox
1460 2510 1675 2565 illorum
1724 2517 1854 2563 est:
1910 2524 1929 2558 ι
1957 2502 2186 2573 Sanguis

2295 2506 2516 2577 πωτέρα
2543 2506 2577 2577 ή
2599 2502 2741 2558 κατὰ
2772 2499 2866 2555 τοῦ
2892 2498 3106 2572 Κυρίου
3139 2494 3306 2570 μανία
3328 2513 3343 2528 ·
3374 2492 3558 2549 αὐτῶν
3588 2488 3700 2564 γάρ
3727 2490 3878 2544 ἐστιν

616 2607 737 2675 ejus
769 2579 933 2675 super
964 2620 1062 2661 nos
1086 2579 1343 2673 ets-oper
1376 2599 1516 2656 ﬁlios
1546 2606 1762 2653 nostros
1786 2596 1828 2650 ⁸.
1860 2613 1878 2646 ι
1921 2594 2020 2649 llic
2061 2607 2190 2648 san-

2295 2600 2326 2670 ή
2349 2597 2521 2668 φωνὴ,
2561 2615 2580 2649 ι
2626 2594 2699 2648 Τὸ
2721 2588 2860 2665 αἷμα
2890 2588 3054 2646 αὐτοῦ
3071 2590 3159 2661 ἐφ’
3182 2587 3332 2660 ἡμᾶς
3356 2585 3454 2640 καὶ
3491 2582 3586 2637 ἐπὶ
3610 2580 3683 2637 τά
3708 2579 3879 2635 τέκνα

616 2670 736 2769 guis
763 2670 883 2753 illos
914 2696 1159 2767 pristinis
1206 2670 1543 2762 optimisque
1593 2687 2038 2759 possessionibus
2072 2684 2189 2754 pri-

2295 2689 2471 2761 ήμῶν.
2518 2706 2536 2741 t
2564 2686 2733 2741 Τοῦτο
2760 2686 2822 2739 τδ
2847 2678 3004 2755 αἷμα,
3031 2682 3131 2769 τῆς
3157 2678 3391 2743 παλαιᾶς
3424 2674 3621 2738 αὐτοὺς
3651 2670 3880 2744 Enim-

618 2762 763 2846 vavit
794 2810 807 2846 :
839 2762 929 2845 hic
954 2789 1177 2860 sanguis
1200 2786 1320 2842 illos
1343 2800 1441 2857 per
1474 2788 1646 2840 totum
1677 2780 1867 2836 orbem
1897 2775 2191 2849 inquilinos

2295 2798 2387 2835 σεν
2417 2778 2710 2852 εὐκληρίας
2731 2794 2745 2808 ’
2779 2776 2939 2830 τοῦτο
2968 2774 3028 2829 τὸ
3067 2766 3209 2845 αἷμα
3237 2769 3522 2844 μετοίκους
3566 2763 3666 2836 τῆς
3697 2762 3880 2818 οίκου-

617 2882 819 2939 ell'ecit.

2296 2874 2465 2949 μένης
2490 2873 2757 2943 ἀπέφηνε.

693 2974 856 3031 Vens.
900 2973 988 3040 l6,
1016 2973 1099 3029 l7.
1144 2992 1162 3024 ι
1186 2968 1500 3033 Lavamini,
1534 2966 1722 3023 mundi
1756 2973 1951 3033 estote,
1981 2959 2192 3017 auferte

2370 2986 2388 3021 ι
2425 2963 2705 3020 Λούσασθε
2725 3004 2739 3029 ,
2773 2959 3004 3033 καθαροὶ
3041 2954 3289 3028 γένεσθε,
3316 2952 3544 3027 ἀφέλετε
3574 2951 3677 3016 τὰς
3708 2962 3881 3023 πονη-

618 3064 855 3123 malitias
899 3065 969 3120 de
1008 3064 1295 3119 animabus
1340 3061 1539 3117 vestris
1584 3059 1654 3114 ab
1713 3056 1887 3113 oculis
1936 3053 2184 3110 vestris:

2299 3064 2422 3135 ρίας
2454 3060 2564 3116 ἀπὸ
2602 3058 2712 3112 τῶν
2742 3056 2932 3129 ψυχῶν
2964 3053 3117 3127 ὑμῶν
3152 3052 3417 3108 ἀπέναντι
3444 3052 3552 3105 τῶν
3584 3044 3881 3119 ὀφθαλμῶν

620 3158 886 3229 quiescite
935 3173 966 3211 a
1007 3154 1230 3210 malitiis
1263 3153 1465 3209 vestris
1488 3190 1506 3218 ,
1542 3151 1731 3207 discite
1759 3149 1897 3204 bene
1926 3147 2130 3204 facere.
2167 3164 2187 3199 ι

2298 3154 2474 3227 ὑμῶν⁸
2510 3150 2793 3207 παύσασθε
2842 3148 2951 3203 ἀπὸ
2992 3146 3101 3203 τῶν
3149 3144 3424 3218 πονηριῶν
3472 3141 3647 3216 ὑμῶν,
3678 3140 3881 3213 μάθετε

620 3250 924 3315 Admodum
982 3244 1381 3316 consequenter
1428 3254 1719 3316 postquam
1758 3242 1937 3313 prima
1986 3240 2192 3297 dixerat

2299 3244 2463 3300 καλὸν
2498 3244 2692 3297 ποιεῖν.
2736 3258 2755 3294 ι
2787 3239 2999 3311 Σφόδρα
3038 3235 3171 3306 γοῦν
3212 3233 3523 3298 ἀκολούθως
3566 3231 3635 3287 τὰ
3685 3229 3883 3299 πρῶτα

616 3342 784 3407 Deus,
816 3341 902 3395 his
948 3339 1077 3393 item
1115 3345 1443 3391 memoratos
1489 3335 1851 3389 Sodomorum
1894 3331 2192 3404 principes,

2299 3336 2538 3411 είρηκὼς
2560 3338 2589 3390 ό
2615 3334 2768 3402 Θεὸς,
2803 3334 2884 3388 ἐτι
2910 3330 3199 3388 καὶταῦτα
3219 3330 3357 3403 πρὸς
3383 3330 3509 3392 τοὺς
3540 3324 3885 3398 δηλωθέντας

617 3446 684 3487 ac
715 3429 966 3501 populum
994 3426 1310 3485 Gomorrha:
1334 3427 1386 3481 in
1418 3441 1569 3497 spem
1604 3425 1803 3480 bonam
1841 3421 2105 3479 transfert
2140 3428 2196 3478 et

619 3530 847 3588 evocat;
900 3521 945 3576 si
993 3521 1255 3575 malitiam
1288 3506 1645 3591 dep'onentes,
1698 3521 1839 3571 et'a
1890 3513 2196 3572 voluntario

622 3616 715 3671 lilo
749 3616 1047 3670 secundum
1076 3627 1398 3685 corpoream
1432 3612 1605 3681 legem
1632 3610 1784 3667 cultu
1815 3609 2193 3677 abscedentes,

622 3708 772 3762 Novo
799 3706 1170 3774 Testamento,
1190 3718 1451 3776 novaeque
1476 3704 1582 3775 legi
1609 3715 1663 3759 et
1692 3704 1858 3759 verbo
1881 3702 2194 3772 obsequen-

624 3811 706 3857 tes
734 3800 954 3855 fuerint.
991 3799 1352 3867 Quamobrem
1386 3810 1672 3868 postquam
1710 3791 1779 3851 ea'
1817 3811 1935 3867 quas
1978 3794 2197 3852 Veteris

622 3889 953 3945 Testamenti
981 3899 1160 3956 erant,
1186 3892 1417 3960 carptim
1447 3889 1660 3959 tetigit,
1694 3886 1829 3942 Novi
1862 3886 2195 3942 Testamenti

624 3986 885 4053 mysteria
919 3984 1148 4038 inducit.
1202 3983 1332 4051 Quae
1361 3984 1475 4054 ipse
1519 3981 1573 4035 in
1605 3979 1917 4051 Evangeliis
1952 3978 2196 4043 tradidit,

624 4070 830 4137 dicens,
865 4090 883 4122 ε
912 4070 1026 4125 Nisi
1076 4072 1198 4141 quis
1253 4080 1474 4145 renatus
1505 4070 1669 4125 fuerit
1694 4084 1763 4125 ex
1804 4084 1947 4140 aqua
1974 4078 2029 4125 et
2076 4067 2199 4139 Spi-

626 4162 754 4228 ritu,
792 4176 896 4217 non
929 4163 1151 4216 intrabit
1190 4162 1243 4215 in
1278 4176 1503 4232 regnum
1534 4162 1794 4218 caelorum
1821 4163 1864 4214 ⁷.
1894 4158 2198 4227 t-«Qum-

626 4254 731 4309 rite
754 4252 1044 4323 judicium.
1076 4253 1306 4308 liberate
1336 4252 1946 4332 oppressumnjudicate
1969 4251 2195 4322 pupillo,

624 4346 895 4401 defendite
916 4346 1155 4400 viduam.
1184 4364 1202 4398 ι
1246 4345 1301 4400 ld
1333 4354 1416 4400 est
1440 4361 1468 4400 a
1509 4346 1717 4401 malitia
1741 4345 2009 4412 translati,
2053 4359 2121 4399 ne
2140 4344 2195 4399 in

627 4451 695 4493 eo
719 4436 1025 4504 steteritis;
1058 4436 1152 4491 sed
1182 4436 1349 4491 vitam
1394 4435 1597 4493 virtute
1626 4442 1874 4492 ornatam
1909 4434 2194 4503 suscipite.

700 4696 868 4753 Vens.
902 4696 990 4754 l8.
1038 4716 1056 4749 ι
1086 4697 1152 4752 Et
1191 4697 1389 4766 venite,
1426 4707 1481 4755 et
1511 4697 2051 4768 disceptemus,’dicit
2091 4699 2198 4755 Do-

632 4792 812 4846 minus
849 4810 860 4844 :
894 4800 949 4846 et
1002 4792 1047 4846 si
1098 4790 1303 4845 fuerint
1354 4803 1577 4862 peccata
1604 4799 1789 4847 vestra
1833 4800 1895 4846 ut
1939 4806 2201 4862 purpura,

630 4884 992 4952 quasinivem
1035 4881 1331 4950 dealbabo;
1371 4892 1427 4938 et
1457 4884 1501 4939 si
1532 4882 1737 4939 fuerint
1784 4892 1846 4938 ut
1893 4884 2197 4949 coccinum,

631 4974 784 5044 quasi
821 4974 997 5028 lanam
1032 4974 1315 5030 dealbabo.
1352 4992 1372 5028 ι
1406 4975 1609 5031 Deinde
1638 4976 1792 5047 quasi
1840 4975 1895 5029 in
1943 4972 2200 5028 tribunali

631 5082 731 5137 ego
775 5077 829 5121 et
862 5082 957 5123 vos
996 5066 1359 5137 disceptemus
1397 5082 1542 5140 :ego
1598 5070 1815 5140 quidem
1870 5080 2202 5122 enumerans

628 5167 833 5226 quanta
865 5158 964 5212 sim
994 5172 1021 5211 a
1041 5158 1192 5213 vobis
1222 5172 1536 5229 perpessus,
1562 5170 1618 5215 et
1652 5166 1856 5231 quanta
1890 5158 2047 5213 vobis
2079 5172 2200 5211 mu-

635 5264 763 5304 nera
796 5251 1117 5305 contulerim
1146 5269 1161 5306 :
1188 5266 1251 5307 ac
1285 5252 1559 5322 quomodo
1588 5259 1711 5323 post
1752 5259 1901 5307 tanta
1933 5250 2198 5315 facinora,

636 5343 876 5399 omnium
911 5342 1177 5399 malorum
1220 5353 1530 5399 vestrorum
1561 5342 1792 5410 oblitus,
1824 5352 2039 5398 vestras
2064 5354 2203 5411 pra:-

640 5434 785 5490 dicto
809 5438 1069 5506 sanguine
1095 5449 1396 5507 purpureas
1430 5436 1643 5491 animas
1667 5433 2101 5499 emundaverim,
2135 5447 2201 5489 ae

636 5542 732 5594 per
794 5526 1070 5583 lavacrum
1132 5526 1563 5598 regenerationis
1613 5525 1739 5581 nive
1804 5524 2207 5595 splendidiores

694 5670 714 5701 ⁸
744 5668 1224 5737 Matth.xxvtt,25.
1300 5668 1321 5700 '
1352 5667 1509 5724 Joan.
1541 5681 1625 5732 ιιι,
1657 5665 1711 5721 5.

711 5788 787 5859 (5)
853 5786 977 5844 llaec
1007 5785 1133 5845 item
1166 5784 1419 5857 exprimit
1449 5782 1805 5851 Hieronymus
1830 5781 1898 5840 ad
1926 5782 2070 5842 hunc
2096 5781 2201 5842 loc.

2299 3430 2564 3503 ἄρχοντας
2594 3426 2862 3498 Σοδόμων,
2889 3423 2982 3479 καὶ
3014 3423 3105 3477 τὸν
3138 3421 3265 3477 λαὸν
3297 3418 3580 3492 Γομόρρας
3608 3416 3882 3489 διεξέρχε-

2298 3540 2389 3577 ται
2418 3520 2517 3594 (5),
2568 3519 2661 3573 ἐπὶ
2694 3516 2907 3589 ἀγαθὰς
2932 3514 3154 3577 ἐλπίδας
3195 3512 3391 3575 αὐτοὺς
3416 3506 3883 3582 προκαλούμενος,

2300 3613 2349 3666 εί
2384 3608 2744 3684 μεταθέμενοι
2790 3607 2887 3678 τῆς
2934 3603 3133 3668 κακίας
3161 3603 3256 3658 καὶ
3289 3602 3388 3674 τῆς
3430 3597 3886 3671 ὲθελοθρησκείας

2300 3701 2400 3772 τῆς
2454 3697 2596 3753 κατὰ
2647 3696 2739 3750 τὸν
2797 3693 3108 3766 σωματικὸν
3164 3691 3330 3763 νόμον
3383 3690 3843 3762 ἀναχωρήσαντες
3866 3726 3882 3752 ,

2304 3792 2535 3863 ὑπήκοοι
2561 3788 2806 3858 γένοιντο
2835 3787 2934 3857 τῆς
2961 3784 3171 3854 Καινῆς
3208 3782 3488 3855 Διαθήκης
3514 3782 3608 3834 καὶ
3634 3778 3730 3834 τοῦ
3759 3797 3884 3834 και-

2303 3884 2393 3939 νοῦ
2424 3883 2590 3954 νόμου
2624 3881 2720 3933 καὶ
2750 3879 2930 3947 λόγου.
2961 3875 3050 3929 Διὸ
3081 3874 3217 3946 μετά
3235 3874 3336 3947 τὴν
3361 3872 3667 3946 παρόρασιν
3695 3871 3803 3926 τῶν
3827 3872 3887 3927 ὲν

2302 3979 2369 4048 τῇ
2389 3974 2605 4044 Παλαιᾷ
2628 3970 2893 4042 Διαθήκῃ,
2919 3968 2989 4021 τὰ
3015 3966 3112 4037 τῆς
3138 3966 3347 4037 Καινῆς
3378 3963 3655 4036 Διαθήκης
3675 3962 3887 4033 εἰσάγει

2308 4066 2608 4138 μυστήρια.
2634 4065 2701 4116 "A
2727 4060 2792 4133 δὴ
2824 4060 2920 4113 καὶ
2943 4061 2998 4112 ὲν
3024 4059 3137 4120 τοῖς
3157 4055 3515 4125 Εὑαγγελίοις
3543 4053 3708 4119 αύτὺς
3746 4070 3890 4127 παρ-

2305 4154 2477 4209 εδίδου
2510 4153 2713 4222 λέγων’
2757 4169 2775 4202 ι
2827 4148 2954 4202 Ἐὰν
2985 4146 3057 4218 μή
3111 4158 3197 4211 τις
3230 4144 3567 4216 ἀναγεννηθῇ
3594 4142 3653 4211 ἐξ
3686 4143 3883 4207 ὓδατος

2305 4247 2399 4300 καὶ
2422 4244 2751 4315 πνεύματος,
2784 4241 2846 4295 ού
2882 4239 2955 4310 μὴ
2988 4235 3207 4311 είσέλθῃ
3233 4237 3316 4301 εἱς
3339 4236 3439 4309 τὴν
3472 4234 3751 4307 βασιλείαν
3778 4235 3889 4289 τῶν

2303 4340 2599 4414 οὐρανῶν.»
2618 4369 2688 4378 -
2717 4357 2735 4390 ι
2778 4335 3148 4408 Ἐκζητήσατε
3174 4333 3379 4406 κρίσιν,
3407 4330 3645 4405 ῥύσασθε
3669 4329 3889 4386 ἀδικού-

2308 4450 2489 4507 μενον,
2538 4431 2763 4505 κρίνατε
2818 4426 3078 4502 ὀρφανῷ,
3126 4426 3220 4480 καὶ
3276 4424 3601 4480 δικαιώσατε
3651 4426 3824 4497 χήρᾳ.
3863 4440 3882 4476 ι

2224 4540 2280 4604 ι)
2309 4524 2514 4593 Ἥγουν
2546 4520 2941 4597 μεταϐαλόντες
2981 4518 3081 4589 τῆς
3113 4516 3334 4582 κακίας,
3371 4515 3445 4588 μὴ
3480 4515 3642 4588 μέχρι
3694 4514 3887 4569 τούτου

2308 4615 2487 4686 στῆτε,
2519 4613 2609 4666 τὸν
2630 4611 2686 4665 δὲ
2706 4613 2825 4665 κατ’
2850 4610 3051 4683 ἀρετὴν
3077 4606 3377 4663 ἀναλάόετε
3408 4606 3542 4678 βίον.

2380 4725 2398 4759 t
2434 4706 2545 4760 Καὶ
2569 4701 2754 4770 δεῦτε,
2788 4705 2881 4758 καί¹
2913 4700 3287 4773 διαλεχθῶμεν
3330 4700 3433 4773 (6),
3463 4699 3615 4769 λέγει
3654 4700 3884 4773 Κύριος·

2303 4799 2399 4853 καὶ
2439 4798 2532 4851 ἐὰν
2576 4790 2709 4849 ὦσιν
2738 4797 2794 4849 αί
2848 4792 3113 4867 ἁμαρτίαι
3149 4790 3306 4863 ὑμῶν
3356 4791 3432 4855 ὡς
3461 4790 3766 4861 φοινικοῦν,
3811 4790 3889 4854 ὡς

2303 4890 2458 4962 χιόνα
2506 4886 2782 4941 λευκανῶ·
2816 4885 2911 4940 ὲάν
2936 4886 2993 4940 δὲ
3024 4877 3158 4938 ὦσιν
3190 4883 3268 4949 ὼς
3292 4883 3567 4947 κόκκινον,
3607 4882 3686 4948 ὼς
3742 4882 3895 4955 ἔριον

2304 4979 2571 5037 λευκανῶ.
2613 4998 2630 5032 ι
2660 4974 2775 5032 Εἴθ’
2808 4978 2883 5042 ὡς
2910 4979 2967 5031 ὲν
2996 4977 3331 5048 δικαστηρίῳ
3345 4975 3747 5050 διελεγχθῶμεν
3777 4974 3890 5046 ἐγώ

2305 5092 2365 5128 τε
2387 5074 2482 5128 καὶ
2514 5073 2671 5144 ὑμεῖς
2690 5090 2703 5102 ·
2739 5069 2849 5140 ἐγὼ
2878 5070 2973 5141 μὲν
2997 5070 3105 5134 ὅσα,
3123 5067 3370 5123 πέπονθα
3392 5068 3673 5139 ὑφ’ύμῶν,
3704 5068 3809 5122 ὅσα
3828 5085 3889 5122 τε

2309 5162 2453 5233 ὑμᾶς
2481 5159 2669 5232 ἔτυχον
2702 5158 3070 5231 εὐεργετήσας
3108 5157 3642 5231 καταριθμούμενος,
3686 5159 3785 5212 καί⁵
3815 5158 3891 5222 ὡς

2311 5254 2450 5325 μετὰ
2475 5253 2714 5308 τοσαῦτα
2744 5251 3194 5323 πλημμελήματα
3227 5251 3448 5305 πάντων
3479 5249 3667 5305 κακῶν
3706 5250 3889 5323 ἀμνή-

2311 5361 2490 5414 στειαν
2524 5341 2865 5411 ποιούμενος,
2897 5341 3320 5413 πεφοινιγμένας
3333 5340 3486 5414 ὑμῶν
3506 5339 3605 5405 τὰς
3623 5339 3804 5413 ψυχὰς
3826 5342 3891 5396 ὲκ

2306 5430 2399 5484 τοῦ
2439 5429 2828 5503 προλεχθέντος
2881 5428 3113 5499 αἵματος
3158 5428 3440 5502 ἐκάθηρα,
3495 5429 3890 5504 λαμπροτέρας

2307 5524 2482 5593 χιόνος
2519 5523 2689 5589 αὑτὰς
2712 5523 2803 5579 διὰ
2831 5526 2930 5599 τῆς
2952 5525 3045 5580 τοῦ
3077 5524 3304 5597 λουτροῦ
3338 5524 3765 5596 παλιγγενεσίας
3793 5543 3890 5583 κα-

2383 5777 2460 5851 (6)
2497 5776 2627 5853 Reg.
2656 5777 2899 5839 secunda
2930 5792 3115 5849 manu,
3151 5773 3569 5850 διιλεγχθῶμιν.
