4090 6428
209 429 279 486 97
1110 391 1112 393 ’
1243 427 1750 484 εοννεΝτΑιιιΑ
1788 425 1829 486 ll

1934 423 2161 484 ΒΔΙΑΜ.
2200 455 2276 468 —-
2311 424 2466 485 CAP.
2507 423 2550 479 ι.
3483 428 3552 482 93

207 545 538 619 ταπὴσαςο
584 549 764 623 ὗμεΐς
791 550 850 606 δὲ
880 550 1057 616 εῐπτις
1092 549 1221 622 ὑμῖν
1267 551 1404 623 πρὸς
1442 550 1541 622 τὴν
1575 549 1829 623 τοσαύτης

1954 547 2077 604 illas
2126 545 2545 608 constituerim,
2599 555 2701 598 vos
2756 549 2960 610 autem,
3017 543 3062 598 si
3115 543 3300 616 aliqua
3354 554 3550 600 contra

207 641 373 711 χάριν
398 640 640 696 ἑνεσται
670 643 858 711 λόγος,
893 644 974 706 εἰς
1002 641 1237 714 φανερὸν
1268 641 1460 696 τοῦτον
1492 641 1679 710 ἄγετε.

288 749 308 783 ι
344 734 464 785 Καὶ
497 735 608 788 ἐὰν
634 732 838 806 θέλητε
871 735 965 789 καὶ
998 733 1360 805 είσακούσητέ
1393 750 1518 804 μου,
1547 732 1620 787 τὰ
1659 734 1843 803 ἀγαθὰ

206 822 308 894 τῆς
343 824 457 894 γῆς
491 825 759 895 φάγεσθε
783 844 798 858 ο
834 826 930 880 ἐὰν
953 825 1028 898 μὴ
1049 825 1262 898 θέλητε,
1311 826 1448 898 μηδέ
1473 827 1840 898 είσακούσητέ

212 934 333 988 μου.
376 918 652 990 μάχαιρα
683 919 837 992 ὑμᾶς
857 920 1175 975 κατέδεται’
1207 920 1269 974 τὺ
1297 918 1407 991 γάρ
1432 921 1608 992 στόμα
1631 922 1840 994 Κυρίου

210 1008 447 1082 ἐλάλησε
507 1009 724 1067 ταῦτα.
781 1031 801 1065 ι
867 1010 1136 1066 Ἐνταῦθα
1185 1011 1243 1065 δὲ
1285 1013 1314 1064 ό
1359 1011 1520 1081 λόγος
1565 1012 1643 1076 ὡς
1697 1012 1839 1084 πρὸς

225 1101 528 1166 Ἰουδαίους
550 1102 970 1175 διαλεγόμενος,
1001 1098 1091 1157 οἶα
1121 1103 1352 1174 νηπίους
1385 1104 1584 1168 αὐτοὺς
1622 1103 1711 1158 διὰ
1739 1104 1842 1175 τῆς

215 1192 558 1263 σωματικῆς
591 1194 934 1264 ἐπαγγελίας
950 1194 1231 1250 πείθεσθαι
1244 1197 1359 1258 τοῖς
1374 1195 1686 1267 εἰρημένοις
1707 1212 1841 1266 προ-

209 1283 437 1353 τρέπει·
476 1284 632 1356 πρὺς
679 1285 742 1340 δὲ
788 1285 881 1340 τὸν
911 1285 1087 1358 ἀληθῆ
1133 1285 1314 1354 λόγον,
1362 1286 1468 1356 γῆς
1512 1287 1611 1358 τῆς
1653 1285 1835 1358 ψυχῆς

207 1375 516 1447 νοουμένης
571 1377 725 1432 κατὰ
772 1379 874 1450 τὴν
920 1380 1189 1450 σωτήριον
1243 1376 1598 1450 παραϐολήνο
1656 1377 1690 1448 ἢ
1741 1377 1836 1430 τὸν

209 1466 549 1538 ἐπουράνιον
581 1467 808 1536 λέγεται
831 1466 1237 1540 παραδέχεσθαι
1273 1468 1497 1539 σπόρον,
1537 1466 1834 1522 ἀκόλουθόν

209 1561 357 1614 ἐστιν
388 1559 590 1629 ἀγαθὰ
607 1561 796 1633 ψυχῆς
821 1563 960 1618 νοεῖν
981 1560 1215 1632 ἧτοιτὰς
1245 1562 1365 1613 κατ’
1390 1560 1593 1632 ἀρετὴν
1626 1577 1832 1632 προκο-

209 1651 316 1714 πὰς
353 1653 455 1705 καὶ
490 1650 841 1717 τελειώσεις,
874 1652 907 1722 ἢ
949 1651 1020 1706 τά
1054 1649 1446 1722 ἐπηγγελμένα
1483 1653 1627 1722 αὐτῇ
1664 1651 1722 1704 ἐν
1761 1654 1830 1722 τῇ

205 1741 317 1795 τῶν
363 1743 635 1816 οὐρανῶν
678 1743 950 1814 βασιλείᾴ.
992 1743 1157 1797 Ὅθεν
1187 1744 1325 1816 πρὸς
1375 1744 1476 1815 μὲν
1517 1742 1617 1815 τὴν
1649 1741 1830 1810 λέξιν,

205 1835 402 1888 αὐτίκα
437 1839 563 1900 τοῖς
593 1835 781 1905 λόγοις
806 1835 1164 1908 ἐπηκολούθει
1195 1838 1229 1908 η
1261 1836 1350 1890 διὰ
1377 1836 1488 1890 τῶν
1518 1836 1697 1908 ἔργων
1736 1835 1829 1888 ἐκ·

1946 652 2155 700 tantam
2203 642 2438 714 gratiam
2475 641 2634 695 adest
2666 639 2833 704 ratio,
2862 653 2984 694 eam
3022 639 3236 710 publice
3283 644 3546 710 proferte.

2018 736 2187 793 Vsus.
2216 735 2304 802 i9,
2331 733 2427 790 20.
2473 751 2492 784 ι
2542 732 2608 788 Ει
2636 733 2682 788 si
2715 731 3001 788 volueritis
3028 743 3084 789 et
3116 733 3398 791 audieritis
3426 750 3538 800 me,

1943 829 2084 884 bona
2149 836 2312 882 terrae
2360 822 2700 889 comedetis;
2753 824 2898 894 quod
2964 824 3011 878 si
3062 823 3388 890 nolueritis,
3444 841 3548 883 nec

1943 917 2230 973 audieritis
2282 930 2370 971 me
2400 955 2417 982 ,
2488 913 2704 985 gladius
2756 928 2852 970 vos
2911 914 3196 969 devorabit
3238 933 3252 970 :
3308 931 3432 970 nam
3484 933 3548 974 os

1944 1010 2157 1065 Domini
2194 1010 2310 1064 haec
2357 1009 2601 1064 locutum
2656 1017 2764 1064 est.
2797 1026 2816 1061 ι
2848 1006 2949 1063 Hic
2977 1010 3135 1077 quasi
3166 1007 3385 1066 Judmos
3414 1011 3546 1066 allo-

1941 1117 2142 1175 quens,
2196 1103 2346 1172 ipsos
2390 1116 2493 1156 ceu
2547 1099 2788 1155 infantes
2818 1113 2918 1169 per
2950 1113 3274 1169 corpoream
3310 1102 3547 1171 promis-

1939 1197 2156 1251 sionem
2196 1193 2472 1256 hortatur,
2501 1203 2559 1246 ut
2591 1191 2758 1248 dictis
2787 1194 3177 1260 obtemperent
3204 1208 3218 1256 ;
3257 1203 3316 1246 at
3343 1208 3546 1249 secun-

1939 1288 2068 1343 dum
2103 1300 2292 1340 veram
2329 1281 2671 1354 intelligendi
2719 1283 3010 1344 rationem,
3062 1298 3189 1337 cum
3238 1293 3385 1338 terra
3443 1300 3544 1354 pro

1938 1376 2118 1431 anima
2153 1375 2455 1446 reputanda
2496 1374 2591 1439 sit,
2623 1373 2925 1428 secundum
2957 1373 3265 1429 Salvatoris
3301 1376 3544 1444 parabo-

1937 1467 2047 1522 iam
2082 1479 2096 1525 :
2131 1481 2256 1537 qua
2287 1475 2433 1520 terra
2463 1467 2691 1519 cmleste
2738 1478 2920 1519 semen
2970 1465 3254 1535 suscipere
3307 1466 3542 1534 dicitur;

1936 1560 2066 1615 hinc
2094 1557 2454 1628 consequitur
2477 1556 2674 1610 anima:
2713 1557 2853 1610 bona
2891 1557 2980 1612 hic
3012 1571 3136 1612 esse
3168 1557 3544 1628 intelligenda,

1935 1645 2148 1702 scilicet
2176 1645 2482 1715 profectum
2516 1655 2574 1701 et
2606 1644 3002 1716 perfectionem
3036 1647 3333 1701 secundum
3370 1649 3547 1702 virtu-

1935 1747 2044 1793 tem
2073 1749 2390 1807 acceptam,
2444 1737 2532 1794 vel
2586 1737 2732 1792 bona
2785 1737 2888 1807 ipsi
2940 1739 2995 1792 in
3051 1754 3220 1809 regno
3267 1739 3543 1795 caalorum

1933 1832 2230 1902 promissa.
2275 1831 2626 1901 Quapropter
2667 1831 2972 1886 secundum
3025 1829 3267 1885 litteram
3295 1831 3542 1902 quidem,

205 1925 366 1993 ϐασις
385 1947 399 1958 ·
429 1930 804 2002 παραχρῆμα
834 1930 942 2002 γὰρ
975 1930 1071 1984 καὶ
1091 1930 1193 1984 οὐκ
1222 1932 1304 1994 είς
1333 1929 1554 2002 μακρὰν
1581 1932 1629 1983 oi
1661 1930 1823 1983 ἀπει-

1934 1925 2101 1980 verba
2141 1939 2327 1978 rerum
2374 1931 2605 1978 eventus
2664 1937 2790 1978 mox
2840 1933 3171 1978 consecutus
3231 1933 3354 1989 est;
3409 1940 3539 1979 nam

204 2018 497 2092 θήσαντες,
527 2026 599 2095 τῇ
634 2022 750 2077 τῶν
789 2022 1065 2094 πολεμίων
1109 2024 1356 2096 μαχαίρᾳ
1399 2023 1783 2095 παρεδόθησαν
1807 2039 1821 2054 ·

203 2112 558 2171 ἐπελθόντων
591 2097 805 2179 ἀὐτοῖς
850 2116 1140 2187 Ῥωμαίων
1166 2157 1180 2181 ,
1235 2118 1332 2170 καὶ
1388 2116 1630 2189 πολέμου
1675 2117 1828 2189 νόμῳ

203 2205 418 2271 πάντας
451 2207 896 2279 χειρωσαμὲνων
917 2225 929 2239 ο
965 2209 1015 2263 εί
1048 2209 1106 2264 δὲ
1145 2199 1242 2264 καὶ
1272 2207 1554 2279 διαϐολική
1587 2209 1674 2272 τίς
1708 2211 1826 2262 ἐστι

206 2298 482 2371 μάχαιρα,
514 2299 616 2353 καὶ
634 2298 816 2372 ταύτῃ
838 2299 1044 2355 ἔκδοτοι
1069 2301 1350 2371 γεγόνασι,
1381 2297 1471 2354 διὰ
1503 2300 1565 2354 τὸ
1591 2299 1815 2370 ἀπειθῆ-

203 2404 294 2444 σαι
321 2395 392 2463 τῇ
427 2392 640 2464 κλήσει
663 2391 766 2462 τῆς
791 2390 885 2444 τοῦ
908 2392 1045 2446 Θεοῦ
1075 2394 1322 2465 χάριτος.

273 2586 293 2620 ι
314 2567 451 2633 Πῶς
487 2567 720 2638 ἐγένετο
761 2567 935 2641 πόρνη
983 2568 1140 2634 πόλις
1185 2569 1354 2642 πιστὴ
1396 2569 1557 2632 Σιὼν,
1613 2571 1829 2644 πλήρης

200 2659 480 2732 apicem;
519 2661 582 2713 ἐν
689 2659 1005 2733 δικαιοσύνη
1042 2659 1314 2733 ἐκοιμήθη
1349 2662 1406 2714 ἐν
1455 2662 1617 2734 αὐτῇ,
1656 2661 1750 2715 νῦν
1772 2662 1830 2716 δέ

201 2751 490 2822 φονευταί.
517 2769 651 2804 ›-‹
684 2752 820 2805 Τίνα
844 2752 954 2806 τῶν
985 2750 1283 2824 προφητῶν
1306 2752 1404 2806 οὐκ
1422 2752 1755 2807 ἀπέκτειναν
1781 2755 1829 2806 οἱ

205 2843 445 2916 πατέρες
466 2843 630 2914 ὑμῶν
652 2843 749 2897 καὶ
770 2843 959 2915 ὑμεῖςς
985 2862 1004 2896 ι
1027 2843 1285 2897 Διδάσκει
1300 2844 1482 2898 τοίνυν
1505 2845 1533 2897 ὁ
1551 2844 1708 2913 λόγος
1725 2844 1828 2916 (7),

203 2933 279 3000 ὑς
337 2936 518 2990 πάλαι
554 2935 659 3006 μὲν
692 2935 794 3006 τὴν
826 2934 982 2989 πόλιν
1031 2934 1256 3007 ᾤκησαν
1303 2935 1496 3008 ἄνδρες
1513 2925 1716 3002 πιστοὶ,
1761 2935 1830 2990 δι’

202 3018 279 3079 ὧν
311 3026 486 3096 πιστὴ
522 3024 686 3089 πόλις
707 3024 1111 3096 ἐχρημάτιζεν
1145 3024 1336 3098 ὥσπερ
1370 3025 1439 3080 ἂν
1471 3025 1528 3080 ei
1546 3043 1630 3090 τις
1661 3028 1829 3090 εῐποι,

209 3114 420 3169 πιστῶν
457 3114 620 3177 πόλις
642 3131 659 3146 ο
705 3113 844 3168 ἀλλὰ
878 3113 973 3168 καὶ
1009 3114 1226 3186 πλήρης
1251 3115 1490 3188 κρίσεως
1521 3111 1591 3188 ἧν
1621 3117 1719 3171 καὶ
1749 3116 1830 3170 δι-

206 3208 529 3279 καιοσύνης,
566 3208 649 3271 ὡς
690 3207 758 3262 ἂν
796 3206 1070 3279 ἐναρέτων
1110 3207 1302 3278 ψυχῶν
1337 3208 1654 3282 οίκητήριόν
1696 3227 1828 3263 ποτε

203 3302 500 3374 γενομένη’
527 3301 616 3354 διὸ
634 3299 1000 3371 κεηιμᾶσθαι
1021 3302 1079 3354 ἐν
1103 3302 1240 3372 αὐτῇ
1269 3300 1637 3372 δικαιοσύνην,
1662 3319 1824 3356 τουτ-

205 3394 369 3458 έστιν,
420 3392 714 3464 ἐνοικῆσαι
766 3394 862 3447 καὶ
914 3393 1333 3449 ἀναπεπαῦσθαι
1373 3393 1612 3467 εἴρηται.
1647 3396 1826 3450 Πάλαι

207 3486 315 3557 γὰρ
336 3486 562 3558 πλήρης
594 3485 804 3540 τούτων
830 3485 1094 3557 ἐτύγχανε
1114 3503 1128 3517 ·
1174 3485 1317 3558 τάχα
1363 3503 1467 3540 που
1511 3487 1656 3541 κατὰ
1698 3490 1827 3552 τοὺς

205 3579 432 3648 χρόνους
475 3577 671 3644 Δαυῒδ,
701 3578 761 3642 ὃς
792 3579 1010 3651 πρῶτος
1056 3578 1191 3633 ἐλὼν
1225 3580 1325 3652 τὴν
1356 3579 1512 3634 πόλιν
1545 3582 1610 3634 ἐκ
1645 3581 1828 3653 χειρὸς

205 3669 548 3741 ἀλλοφύλων,
581 3673 687 3744 τὴν
715 3670 948 3725 κιϐωτὸν
974 3671 1068 3725 τοῦ
1123 3670 1261 3726 Θεοῦ
1288 3674 1381 3726 καὶ
1403 3672 1503 3745 τὴν
1533 3673 1740 3745 σκηνὴν
1767 3675 1827 3728 ἐν

206 3763 341 3835 αὐτῇ
376 3765 788 3834 κατεστήσατο,
817 3763 982 3827 αὐτός
1034 3780 1093 3818 τε
1122 3763 1294 3836 αὐτὴν
1320 3761 1508 3835 ᾤκησε
1556 3763 1825 3836 βασίλειον

207 3856 499 3926 ἀποδείξας
531 3855 760 3922 ἑαυτοῦ,
785 3857 860 3922 ὡς
883 3857 1223 3930 χρηματίσαι
1249 3857 1405 3912 πόλιν
1435 3857 1618 3912 Δαυῒδ.

283 4056 303 4090 t
326 4037 402 4091 Τδ
425 4035 704 4108 ἀργύριον
731 4034 887 4106 ὑμῶν
923 4035 1212 4107 ἀδόκιμονο
1255 4036 1306 4088 οἱ
1347 4034 1586 4107 κάπηλοί
1623 4052 1719 4090 σου
1745 4035 1827 4106 μί-

210 4144 398 4199 σγουσι
432 4128 533 4182 τὸν
565 4122 716 4181 οἶνον
739 4126 911 4182 ὕδατι.
935 4147 954 4180 ι
987 4122 1097 4181 Ἦν
1122 4129 1233 4199 γὰρ
1263 4128 1324 4181 τὸ
1355 4127 1621 4202 ἀργύριον
1642 4127 1825 4182 αὐτῶν

210 4223 492 4295 ἀδόκιμον,
535 4219 733 4292 ἐπειδὴ
773 4219 912 4292 μετὰ
943 4219 1006 4273 τὸ
1037 4218 1424 4291 ὲκπορνεῦυαι,
1474 4219 1568 4274 καὶ
1630 4237 1824 4290 φονευ-

209 4314 302 4380 τάς
322 4311 614 4385 γενέσθαι,
662 4309 1086 4383 προσεποιοῦντο
1114 4309 1430 4373 θεοσεϐείας
1461 4309 1617 4380 λόγον
1640 4313 1824 4380 ἀπαγ-

210 4405 418 4474 γέλλειν
452 4405 554 4460 καὶ
585 4404 689 4467 τὰς
717 4401 867 4467 θείας
899 4402 1122 4476 Γραφὰς
1150 4402 1534 4474 διερμηνεύειν
1563 4404 1659 4458 καὶ
1697 4404 1823 4457 δευ-

212 4499 474 4572 τερώσεις
512 4494 760 4569 μυθικὰς
787 4495 1058 4552 ποιεῖσθαι
1087 4495 1199 4549 τῶν
1217 4495 1684 4566 ἀναγνωσμάτων.
1715 4497 1825 4550 Καὶ

1929 2015 2244 2081 confestim,
2298 2031 2400 2071 nec
2442 2016 2615 2072 multo
2656 2027 2781 2087 post
2812 2018 2997 2085 elapso
3033 2025 3300 2097 tempore,
3329 2017 3541 2080 immo-

1929 2109 2098 2181 rigeri
2127 2108 2201 2164 illi
2233 2109 2422 2179 gladio
2451 2109 2804 2163 inimicorum
2832 2110 3019 2164 traditi
3044 2120 3192 2176 sunt,
3218 2111 3538 2180 irrumpen-

1932 2201 2078 2256 tibus
2114 2200 2387 2256 Romanis
2416 2216 2482 2257 ac
2521 2200 2650 2256 belli
2676 2201 2792 2270 lege
2816 2203 3032 2256 cunctis
3073 2202 3126 2256 in
3160 2203 3539 2272 captivitatem

1929 2293 2194 2360 redactis;
2224 2293 2372 2364 quod
2423 2293 2470 2347 si
2526 2292 2837 2348 diabolicus
2891 2293 3112 2364 gladius
3168 2293 3362 2359 fuerit,
3411 2295 3540 2350 huic

1930 2399 2152 2457 quoque
2192 2386 2361 2442 dediti
2401 2397 2555 2455 sunt,
2601 2387 2748 2459 quod
2797 2388 3018 2441 vocanti
3060 2387 3250 2458 gratia:
3290 2386 3387 2442 Dei
3427 2402 3539 2444 non

1846 2505 1848 2507 >
1931 2477 2400 2547 obtemperarent.

2009 2567 2173 2628 γωδ
2213 2571 2308 2628 Si.
2354 2590 2376 2625 ι
2423 2572 2708 2640 Quomodo
2741 2576 2883 2632 facta
2929 2585 3012 2632 est
3042 2577 3309 2631 meretrix
3335 2576 3539 2633 civitas

1935 2662 2112 2720 ﬁdelis
2143 2662 2299 2730 Sion,
2331 2663 2490 2735 plena
2514 2665 2749 2734 judicii?
2779 2668 2833 2722 in
2866 2683 2971 2738 qua
2995 2667 3213 2736 justitia
3252 2670 3538 2733 dormivit,

1934 2769 2082 2810 nunc
2119 2763 2303 2810 autem
2337 2757 2650 2812 homicidae.
2691 2777 2711 2811 ι
2755 2787 2828 2800 -
2867 2775 2887 2809 t
2934 2757 3105 2826 Quem
3139 2759 3537 2829 prophetarum

1933 2858 2045 2898 non
2084 2842 2482 2902 interfecerunt
2522 2856 2704 2918 patres
2761 2847 2929 2903 vestri
2978 2857 3034 2902 et
3062 2863 3159 2904 vos
3187 2848 3254 2902 ’τ
3302 2867 3322 2901 ι
3368 2849 3535 2905 Docet

1934 2935 2102 3007 igitur
2123 2936 2256 2992 olim
2289 2937 2510 3006 quidem
2559 2939 2840 2994 civitatem
2894 2939 3193 2995 Incoluisse
3244 2939 3432 2996 ﬁdeles
3456 2942 3536 2995 vi-

1937 3041 2049 3095 ros,
2081 3042 2317 3098 quorum
2357 3043 2524 3085 causa
2555 3029 2754 3086 civitas
2805 3029 2984 3108 ﬁdelis
3027 3030 3357 3098 vocabatur;
3401 3045 3466 3086 ac
3488 3033 3536 3086 si

1934 3117 2064 3188 quis
2090 3119 2320 3186 diceret,
2351 3120 2550 3176 civitas
2594 3108 2876 3188 ﬁdelium;
2917 3121 3027 3176 imo
3063 3120 3232 3176 etiam
3261 3121 3422 3193 plena
3446 3121 3540 3191 jn-

1936 3210 2068 3266 dicii
2099 3221 2298 3268 eratet
2339 3211 2600 3283 justitize,
2639 3223 2826 3284 utpote
2871 3227 2992 3283 qua:
3044 3213 3345 3284 probarum
3401 3212 3536 3267 olim

1933 3300 2246 3357 animarum
2276 3303 2618 3359 domicilium
2667 3304 2833 3360 fuerit
2868 3323 2883 3361 :
2936 3286 3347 3376 quarejustitia
3388 3305 3442 3360 itt
3471 3321 3536 3360 ea

1932 3393 2292 3462 dormivisse,
2323 3396 2376 3451 id
2408 3406 2515 3462 est,
2552 3397 2896 3453 inhabitasse
2919 3407 2975 3453 et
2997 3398 3273 3468 quievisse
3311 3397 3538 3455 dicitur.

1931 3484 2076 3542 Olim
2116 3489 2322 3560 quippe
2355 3489 2557 3546 talibus
2612 3490 2772 3560 plena
2825 3491 2958 3547 viris
3007 3502 3162 3557 erat;
3206 3502 3264 3545 nt
3305 3489 3540 3546 fortasse

1933 3588 2180 3650 tempore
2243 3580 2485 3647 Davidis,
2543 3584 2637 3653 qui
2693 3583 2908 3652 primus
2960 3586 3153 3638 urbem
3205 3583 3409 3652 eripuit
3467 3598 3538 3638 ex

1932 3671 2190 3726 manibus
2270 3671 2711 3744 allophylorum,
2764 3688 2952 3729 arcam
3019 3674 3110 3729 Dei
3163 3683 3218 3728 et
3283 3673 3539 3728 taberna-

1933 3759 2119 3815 culum
2161 3761 2236 3816 ibi
2283 3764 2515 3842 .posuit,
2575 3764 2632 3820 in
2685 3779 2862 3834 eaque
2914 3765 3030 3834 ipse
3088 3764 3374 3830 habitavit,
3445 3779 3536 3818 re-

1931 3853 2190 3923 giamque
2229 3854 2566 3920 constituit,
2609 3855 2681 3908 ita
2719 3866 2778 3910 ut
2827 3856 3022 3912 civitas
3076 3857 3247 3910 David
3289 3857 3538 3927 appella-

1932 3956 2105 4000 retur.

2001 4038 2169 4093 Vsus.
2207 4039 2298 4094 22.
2336 4060 2353 4092 ι
2395 4039 2695 4109 Argentum
2749 4052 2990 4095 vestrum
3047 4057 3152 4096 non
3192 4041 3480 4111 probatum
3516 4057 3534 4097 :

1931 4145 2207 4201 caupones
2247 4133 2325 4186 tui
2368 4134 2554 4187 vinum
2611 4147 2753 4201 aqua
2797 4133 3053 4189 miscent.
3098 4152 3117 4185 ι
3166 4132 3409 4202 Eratque
3442 4147 3533 4187 ar-

1931 4232 2152 4290 gentum
2175 4237 2366 4276 eorum
2403 4236 2510 4278 non
2535 4223 2853 4292 probatum,
2889 4225 3016 4293 quia
3042 4234 3332 4294 postquam
3358 4223 3536 4279 forni-

1929 4312 2066 4367 carii
2092 4323 2150 4369 et
2172 4314 2462 4370 homicidae
2484 4325 2611 4370 sunt
2634 4314 2838 4381 eﬂecti,
2863 4331 2924 4371 se
2944 4332 3086 4371 vera:
3111 4317 3386 4388 religionis
3414 4332 3537 4373 ver-

1929 4405 2058 4460 bum
2083 4409 2414 4465 annuntiare
2446 4419 2503 4465 et
2545 4409 2762 4465 divinas
2813 4410 3130 4481 Scripturas
3183 4411 3534 4480 interpretari

1930 4498 2295 4566 simulabant,
2328 4502 2460 4556 dum
2495 4500 2767 4557 fabulosas
2814 4502 3138 4558 deuteroses
3171 4503 3239 4558 ad
3280 4491 3536 4558 lectionis

214 4591 366 4652 αύτοὶ
391 4591 452 4646 δὲ
483 4591 535 4643 oi
551 4587 882 4644 ’διδάσκαλοι
909 4586 1089 4642 αὐτῶν
1112 4587 1523 4658 καπηλεύοντες
1549 4587 1648 4659 τὴν
1681 4587 1823 4641 διδα-

1934 4593 2356 4664 csplicationem
2385 4594 2730 4650 adhiberent.
2783 4596 3046 4652 Doctores
3085 4611 3217 4651 vero
3263 4595 3533 4665 ipsorum,

214 4684 462 4748 σκαλιαν,
495 4681 742 4754 κάπηλοι
776 4681 1070 4753 προσφυῶς
1099 4681 1500 4753 ὠνομάσθησαν
1539 4681 1826 4753 μιγνύντες

214 4777 297 4830 τὸν
326 4773 475 4831 οἶνον
513 4776 695 4836 ὕδατι,
749 4773 890 4846 λόγῳ
935 4774 1284 4846 ἐξυδαροῦντι
1326 4774 1417 4827 τὸν
1455 4774 1696 4849 ἄκρατον
1731 4776 1826 4828 καὶ

214 4869 609 4923 ἐπιστυπτικὸν
635 4867 748 4922 τῶν
783 4867 1155 4922 θεοπνεύστων
1190 4867 1424 4938 Γραφῶν
1455 4867 1581 4922 νοῦν
1605 4868 1694 4922 διὰ
1725 4874 1824 4940 τῆς

217 4962 448 5034 μυθικῆς
472 4960 667 5017 αὐτῶν
701 4962 795 5014 καὶ
826 4960 1099 5036 ληρώδους
1120 4960 1518 5031 δευτερώσεως.

287 5144 388 5204 ὰοὶ
445 5145 713 5219 ἄρχοντές
747 5163 838 5199 σου
868 5146 1174 5208 ἀπειθοῦσι,
1218 5145 1464 5198 κοινωνοὶ
1499 5143 1766 5198 κλεπτῶν.
1800 5161 1816 5193 ι

221 5240 368 5294 οὕτω
406 5238 749 5309 καλούμενοι
796 5238 899 5292 ὑπὸ
938 5238 1031 5292 τοῦ
1068 5239 1328 5308 Σωτῆρος
1373 5236 1472 5307 οὐχ
1499 5237 1778 5307 ὑπήκουον
1808 5251 1819 5264 ’

221 5331 398 5396 ἀτελῶς
427 5332 488 5386 δὲ
519 5333 723 5394 εἰπεῖν,
743 5328 860 5402 Θεῷ
889 5330 1228 5393 ἀπειθοῦσιν,
1256 5329 1595 5392 ἐκκλίνοντες
1618 5330 1711 5380 ἀπ’
1737 5327 1832 5380 αύο

216 5424 308 5478 τοῦ
336 5427 434 5480 καὶ
481 5427 597 5486 τοῖς
630 5421 1077 5494 διατεταγμένοις
1109 5423 1202 5477 ὑπ’
1238 5421 1403 5476 αὐτοῦ
1441 5422 1515 5493 μὴ
1558 5420 1832 5492 ἐμμένον-

217 5531 323 5582 τες,
370 5535 390 5568 ι
419 5515 763 5585 ἀγαπῶντες
794 5515 960 5586 δῶρα,
998 5515 1288 5579 διώκοντες
1329 5515 1698 5585 ἀνταπόδομα.
1745 5516 1837 5586 ὀρ-

217 5610 403 5676 ψανοῖς
432 5608 499 5660 οὐ
531 5607 838 5678 κρίνοντες,
868 5608 961 5660 καὶ
1011 5605 1196 5678 κρίσιν
1227 5603 1410 5677 χηρῶν
1440 5606 1502 5658 ού
1535 5605 1835 5676 προσέχον-

283 5721 304 5751 ⁸
343 5724 446 5776 Αιι
507 5735 612 5783 vn,
653 5719 744 5773 52.

1936 4688 2027 4758 qui
2061 4686 2368 4741 doctrinam
2407 4690 2891 4756 cauponabantur,
2947 4702 2979 4742 e
3003 4704 3062 4742 re
3094 4702 3376 4758 caupones
3401 4689 3532 4743 dicti

1935 4787 2084 4844 stitit,
2121 4780 2210 4848 qui
2240 4780 2424 4832 vinum
2460 4793 2603 4848 aqua
2651 4779 2976 4843 miscebant,
3019 4779 3147 4831 dum
3197 4793 3448 4834 sermone
3480 4779 3532 4832 in

1935 4885 2130 4940 aquam
2187 4870 2462 4936 resoluto,
2492 4886 2703 4925 meram
2753 4881 2807 4925 et
2863 4872 3174 4927 restrictam
3224 4873 3529 4926 divinarum

1935 4961 2344 5030 St-ripturarttnt
2383 4973 2618 5016 mentem
2666 4979 2762 5033 per
2801 4964 3211 5022 commentitias
3240 4978 3369 5020 suas
3398 4963 3531 5019 deu-

1937 5063 1986 5103 te.
1996 5066 2146 5104 roses
2174 5050 2317 5104 fmda
2327 5061 2468 5105 rent.

2013 5141 2177 5195 Vens.
2208 5142 2302 5196 23.
2345 5162 2362 5194 ι
2399 5141 2683 5212 Principes
2707 5144 2782 5198 tui
2814 5158 2919 5199 non
2955 5144 3364 5215 obtemperant,
3397 5143 3517 5202 soci

1937 5234 2136 5287 furum.
2170 5251 2190 5286 ι
2234 5235 2327 5288 Sic
2378 5235 2554 5289 vocati
2592 5250 2620 5288 a
2675 5233 2974 5289 Serv-atere
3027 5251 3132 5288 non
3183 5236 3527 5303 obtempera-

1933 5325 2191 5378 bantzin
2230 5341 2465 5388 summa,
2524 5326 2633 5380 Deo
2687 5337 3017 5396 repugnant,
3074 5327 3413 5381 declinantes
3465 5323 3535 5374 ab

1934 5432 2019 5482 eo,
2054 5427 2109 5471 et
2137 5419 2190 5471 in
2223 5418 2513 5489 prteccptis
2540 5421 2660 5485 ejus
2689 5435 2794 5471 non
2831 5431 3141 5482 manentes,
3181 5437 3198 5469 ι
3238 5415 3526 5483 diligentes

1938 5523 2188 5572 munera,
2229 5509 2644 5564 retributionem
2696 5520 3111 5578 persequentes,
3162 5506 3370 5576 pupillo
3424 5520 3530 5558 non

1931 5599 2263 5670 judicantes,
2302 5610 2354 5652 et
2396 5614 2618 5653 causam
2673 5598 2845 5651 viduae
2900 5614 3005 5651 non
3063 5598 3411 5649 attendentes
3451 5613 3462 5646 :
3508 5612 3526 5644 ο

284 5819 363 5885 (7)
408 5815 542 5869 llaec
590 5811 866 5869 nonnullis
909 5815 1136 5885 adiectis
1188 5811 1481 5872 manifeste
1529 5811 1812 5870 transtulit
1876 5809 2264 5879 Hieronymus,
2301 5807 2392 5880 qui
2446 5807 2518 5860 ait
2557 5826 2567 5859 :
2607 5805 2713 5859 Nec
2757 5807 2964 5876 ambigo
3003 5807 3168 5874 [ηἱεπσ
3203 5805 3252 5856 in
3297 5819 3355 5856 ea
3398 5820 3523 5857 δεκ-

215 5884 320 5944 ειοε
353 5890 518 5954 riras,
551 5895 607 5942 et
647 5896 870 5954 caetera,
900 5901 1018 5956 qua:
1056 5884 1131 5939 ibi
1160 5886 1384 5940 videsis.
