4090 6400
602 419 673 472 99
1278 405 1539 464 BUSEBII
1581 398 2065 459 C/ESARIENSIS
2105 396 2254 453 OPP.
2301 390 2477 447 PARS
2516 391 2604 447 Ill.
2664 421 2715 431 —
2740 386 3156 446 EXEGETICA.

3771 389 3867 442 100

603 545 725 583 cum
745 525 1014 596 proditore
1034 522 1168 577 Juda
1188 521 1399 575 iurante
1417 523 1821 578 concurrentes,
1842 510 1981 580 juris
2003 510 2169 579 atqui-

2294 522 2384 569 τες.
2411 524 2429 556 ι
2465 503 2559 574 2Γῷ
2581 497 2673 557 οὖν
2707 502 2937 575 προδότῃ
2952 502 3121 573 Ἰούδᾳ
3149 501 3427 554 κλέπτοντι
3450 503 3745 567 συνιόντες,
3772 505 3869 574 τὴν

605 630 769 674 tatem
801 616 957 670 donis
1002 614 1418 667 venumdabant.

679 712 838 766 Vens.
870 710 939 763 24
972 709 1101 763 -26.
1158 728 1177 759 ι
1214 706 1499 774 Propterea
1552 702 1684 757 ‘haec
1737 700 1869 756 dicit
1922 696 2176 753 Dominus

608 804 867 860 Dominus
897 802 1135 856 Sabaoth
1169 819 1180 852 :
1211 798 1300 851 Van
1330 793 1826 865 potentibuslsraei
1860 810 1873 846 :
1910 806 2021 845 non
2056 803 2174 842 ces-

608 895 754 948 sabit
796 895 937 947 enim
971 892 1119 946 furor
1152 904 1302 942 meus
1352 888 1406 941 in
1438 885 1792 949 adversariis,
1834 893 1887 937 et
1916 880 2175 951 judicium

608 986 675 1038 de
703 986 947 1038 hostibus
994 982 1122 1035 meis
1154 979 1365 1032 faciam.
1406 978 1469 1030 Et
1500 976 1726 1029 inferam
1760 986 1974 1026 manum
2007 982 2179 1021 meam

610 1086 797 1129 cantra
840 1084 908 1137 te,
956 1083 1008 1126 et
1040 1070 1381 1124 inﬂammabu
1428 1079 1477 1121 te
1527 1067 1592 1120 ad
1652 1080 1844 1134 purum
1878 1078 1894 1115 :
1926 1061 2178 1114 immori-

611 1182 771 1236 geros
818 1174 994 1217 autem
1041 1163 1263 1229 perdam
1317 1169 1371 1215 ct
1426 1157 1771 1212 consiliarios
1825 1164 1945 1207 tuos
1990 1150 2181 1205 sicuta

610 1258 896 1327 principio.
964 1274 981 1306 ι
1021 1252 1377 1306 Inﬂammabo
1429 1258 1482 1303 te
1536 1249 1704 1317 igitur
1748 1245 1810 1299 ad
1858 1258 2075 1313 purum,
2129 1241 2181 1295 id

611 1359 716 1411 est,
767 1349 831 1402 ad
876 1346 1215 1416 purgandum
1256 1351 1309 1395 et
1356 1339 1775 1395 discernendum
1819 1335 2093 1405 improbos
2116 1333 2182 1386 ab

609 1440 852 1496 urbanis.
906 1437 1087 1503 Quare
1146 1432 1443 1489 secundum
1498 1428 1887 1501 Symmachum
1943 1425 2179 1479 dicitur:

616 1550 639 1585 σ
675 1532 740 1585 Ει
771 1529 1118 1583 inﬂammabo
1148 1525 1213 1578 ad
1241 1538 1432 1594 purum
1463 1522 1692 1577 scoriam
1721 1528 1895 1583 tuam;
1936 1534 1955 1567 ι
1990 1531 2183 1569 secun-

613 1626 738 1680 dum
792 1622 1039 1692 Aquilam
1094 1634 1257 1672 vero:
1306 1633 1324 1666 ι
1376 1616 1440 1668 Et
1481 1611 1822 1667 inﬂammabo
1871 1608 1934 1662 ad
1995 1622 2183 1677 purum

618 1717 838 1770 acinum
889 1725 1059 1765 tuum.
1100 1730 1117 1761 ι
1169 1705 1631 1775 Quemadmodum
1681 1704 1823 1758 enim
1869 1700 1959 1770 qui
2016 1715 2086 1754 ms
2133 1707 2185 1752 et

618 1808 826 1861 ferrum
856 1806 975 1873 igne
1008 1808 1259 1872 purgant,
1293 1799 1524 1852 scoriam
1553 1795 1844 1863 abjiciunt,
1875 1802 1932 1846 et
1963 1791 2053 1861 qui
2087 1793 2181 1843 bo-

2279 595 2545 667 ὀρθότητα
2572 596 2665 647 τοῦ
2690 593 2897 647 δικαίου
2924 591 3115 664 δώροις
3138 593 3495 663 ἐπίπρασκον.

2356 707 2375 738 ι
2406 687 2504 739 Διὰ
2525 687 2682 739 τοῦτο
2712 685 2835 738 τάδε
2859 685 3007 753 λέγει
3030 684 3236 755 Κύριος
3267 686 3295 737 ὁ
3320 683 3593 753 Δεσπότης
3614 682 3871 750 Σαϐαὼθ,

2282 780 2416 832 Οὐαὶ
2450 780 2499 832 οἰ
2543 778 2813 847 ἰσχύοντες
2861 776 3103 847 Ἰσραήλ·
3149 777 3211 827 ού
3259 775 3520 828 παύσεται
3554 774 3665 846 γάρ
3716 792 3819 843 μου
3846 777 3874 827 ὁ

2283 873 2450 943 θυμὸς
2480 876 2537 925 ἐν
2563 876 2673 933 τοῖς
2701 872 3062 934 ὑπεναντίοις,
3098 871 3192 922 καὶ
3224 870 3403 940 κρίσιν
3428 870 3491 921 ὲκ
3521 868 3629 921 τῶν
3661 867 3872 939 ἐχθρῶν

2287 982 2387 1035 μου
2427 967 2667 1035 ποιήσω’
2706 964 2800 1017 καὶ
2832 962 3017 1028 ἐπάξω
3053 962 3152 1032 τὴν
3192 962 3351 1033 χεῖρά
3398 980 3498 1033 μου
3536 962 3628 1014 ἐπὶ
3663 963 3748 1026 σὲ,
3782 962 3876 1015 καὶ

2285 1052 2523 1124 πυρώσω
2576 1070 2632 1105 σε
2668 1056 2745 1116 εἰς
2775 1052 3034 1123 καθαρὸν,
3068 1053 3192 1115 τοὺς
3241 1052 3299 1104 δὲ
3348 1053 3711 1116 ἀπειθοῦντας
3770 1054 3879 1106 ἀπ-

2284 1149 2475 1210 ολέσω,
2505 1148 2596 1199 καὶ
2629 1147 2754 1207 τοὺς
2800 1144 3132 1214 συμϐούλους
3178 1161 3269 1196 σου
3300 1144 3374 1208 ώς
3421 1146 3480 1197 τὸ
3511 1145 3602 1197 ἀπ’
3629 1146 3825 1214 ἀρχῆς.
3851 1158 3875 1196 ι

2286 1236 2533 1306 Πυρώσω
2572 1252 2630 1287 σε
2650 1230 2741 1287 οῦν
2773 1235 2852 1297 εἰς
2873 1234 3130 1302 καθαρὸν,
3156 1233 3451 1296 τουτέστιν,
3479 1236 3571 1287 ἐπὶ
3600 1234 3677 1304 τῷ
3709 1233 3879 1288 καθᾶρ-

2290 1344 2375 1397 ραι
2412 1328 2505 1378 καὶ
2533 1325 2804 1395 διακρῖναι
2866 1327 2991 1387 τοὺς
3029 1324 3261 1393 φαύλους
3324 1324 3431 1377 ἀπὸ
3461 1325 3571 1377 τῶν
3610 1322 3876 1379 ἀστείων.
3906 1358 3917 1364 ~

2288 1417 2380 1469 Διὸ
2418 1418 2559 1471 κατὰ
2592 1416 2683 1469 τὸν
2718 1416 3013 1487 Σύμμαχον
3056 1417 3291 1486 εἴρηται·
3333 1435 3349 1467 ι
3376 1416 3484 1469 Καὶ
3516 1417 3755 1487 πυρώσω
3800 1419 3880 1482 εἰς

2288 1510 2524 1580 καθαρὸν
2551 1509 2646 1581 τὴν
2680 1510 2918 1581 σκωρίαν
2943 1526 3035 1561 σου
3055 1526 3067 1538 °
3094 1528 3114 1561 ι
3152 1510 3295 1563 κατὰ
3316 1510 3372 1562 δὲ
3402 1509 3476 1578 (8)
3504 1510 3595 1563 τὸν
3625 1510 3878 1564 Ἀκύλαν·

2293 1618 2311 1649 ι
2344 1601 2453 1653 Καί
2478 1598 2712 1670 πυρώσω
2744 1600 2823 1661 εἰς
2854 1598 3090 1670 καθαρὸν
3109 1598 3171 1650 τὸ
3195 1595 3527 1671 γιγαρτῶδές
3548 1617 3663 1654 σου.
3698 1621 3716 1652 ι
3753 1601 3882 1654 Ὠσ-

2288 1709 2392 1762 περ
2420 1690 2527 1761 γὰρ
2557 1692 2606 1741 oi
2639 1690 2989 1761 καθαίροντες
3024 1689 3111 1741 διὰ
3146 1689 3238 1743 τοῦ
3276 1690 3449 1761 πυρὸς
3493 1691 3695 1761 χαλκὸν
3729 1692 3762 1763 ἢ
3801 1692 3880 1744 σί-

2289 1782 2473 1855 δηρον,
2504 1782 2602 1852 τὴν
2630 1782 2871 1853 σκωρίαν
2898 1780 3287 1845 ἀποϐάλλουσι,
3336 1783 3430 1836 καὶ
3462 1785 3509 1835 οἱ
3537 1786 3661 1845 τοὺς
3688 1784 3883 1855 βότρυς

615 1908 730 1953 trus
774 1898 947 1950 vinea:
1000 1895 1051 1947 iu
1110 1890 1471 1946 torcularibus
1527 1894 1800 1953 premunt,
1859 1885 2073 1937 acinum
2126 1892 2183 1936 et

2294 1876 2389 1945 τῆς
2420 1874 2664 1945 ἀμπέλου
2693 1874 2749 1925 ὲν
2768 1875 2888 1935 ταῖς
2921 1872 3100 1943 ληνοῖς
3122 1872 3419 1938 πιέζοντες,
3441 1874 3501 1927 τὸ
3523 1874 3881 1946 γιγαρτῶδεςο

613 1986 881 2058 superﬂua
902 1985 1231 2039 calcatarum
1263 1993 1487 2034 uvarum
1515 1975 1824 2045 expellunt;
1858 1976 2071 2038 eodem,
2104 1974 2184 2026 in-

616 2081 754 2150 quit,
784 2077 942 2131 modo
976 2086 1031 2129 et
1063 2090 1160 2143 ego
1194 2070 1543 2127 inﬂammabo
1594 2066 1659 2121 ad
1707 2081 1901 2137 purum
1965 2065 2182 2120 acinum

619 2182 791 2225 luunt.

689 2262 856 2315 Vens.
879 2263 968 2315 27.
1001 2279 1018 2311 ι
1054 2258 1118 2313 Et
1142 2267 1259 2326 post
1281 2257 1394 2311 haec.
1419 2254 1699 2310 vocaberis
1721 2253 1916 2308 civitas
1935 2250 2187 2321 justitize,

624 2350 945 2418 metropolis
984 2348 1160 2402 lidelis
1189 2347 1319 2401 Sion
1355 2364 1369 2399 :
1404 2361 1527 2399 nam
1568 2360 1691 2400 cum
1720 2344 1923 2414 judicio
1955 2343 2189 2398 salvabi-

620 2454 707 2499 tur
741 2442 1028 2512 captivitas
1055 2442 1195 2509 ejus.
1230 2459 1248 2491 ι
1294 2440 1650 2494 Communem
1694 2438 1975 2491 civitatem
2008 2444 2190 2505 postea

615 2534 1048 2592 constituendam
1081 2533 1391 2600 alloquitur,
1436 2546 1603 2598 quam
1642 2529 1868 2597 iustitiae
1913 2528 2190 2582 civitatem

617 2636 799 2692 vocat,
833 2636 889 2681 et
919 2624 1260 2693 metropolim
1306 2622 1517 2676 ﬁdelem
1568 2621 1722 2684 Sion,
1767 2622 1866 2689 piae
1916 2618 2193 2689 religionis

619 2718 926 2775 institutum
967 2726 1020 2770 et
1043 2725 1241 2771 costum
1290 2715 1390 2768 hoc
1440 2714 1660 2767 nomine
1709 2726 2001 2766 exornans.
2047 2710 2195 2765 Sane

619 2824 754 2865 vero
785 2808 876 2863 ille
903 2808 1033 2862 olim
1059 2806 1197 2875 apud
1224 2803 1441 2859 Judaaos
1472 2803 1691 2872 sapiens
1715 2801 2023 2868 exciderat;
2054 2815 2197 2855 nunc

620 2912 801 2956 autem
830 2900 883 2954 in
904 2899 1157 2953 universa
1183 2905 1327 2951 terra
1360 2910 1455 2965 per
1479 2894 1679 2950 Christi
1710 2894 2001 2950 Ecclesiam
2034 2891 2194 2963 erigi-

620 3004 728 3057 tur,
760 2992 1010 3048 fundatus
1040 3006 1203 3061 supra
1250 3002 1478 3058 petram.
1516 2988 1580 3042 Hi
1625 3003 1754 3043 vero
1795 2996 1921 3041 sunt
1962 2987 2198 3055 pulchra:

618 3084 859 3143 civitatis
904 3081 1181 3152 praesules,
1227 3079 1441 3149 judices
1487 3087 1541 3131 et
1584 3075 1899 3139 consiliarii,
1936 3074 2039 3153 qui
2086 3074 2196 3128 ini-

621 3178 760 3232 tium
803 3176 871 3229 ab
922 3172 1182 3243 apostolis
1228 3179 1283 3225 et
1336 3168 1612 3239 discipulis
1666 3168 1969 3226 Salvatoris
2024 3165 2193 3221 nostri

625 3274 987 3335 acceperunt:
1026 3278 1091 3317 ex
1130 3276 1315 3317 eorum
1349 3275 1478 3315 vero
1510 3261 1855 3316 successione
1872 3259 2193 3322 etiamnum,

624 3358 777 3427 quasi
794 3370 859 3410 ex
887 3355 1027 3410 bono
1042 3355 1249 3409 semine
1276 3353 1379 3409 orti
1407 3354 1773 3424 resplendent,
1809 3352 1903 3407 Dei
1937 3350 2195 3407 Ecclesia:

623 3446 880 3518 praesides
913 3444 1217 3500 constituti.
1256 3444 1470 3500 Etenim
1516 3444 1607 3513 qui
1642 3443 1785 3513 apud
1818 3443 1985 3497 Deum
2020 3441 2195 3497 salute

624 3538 769 3608 digni
798 3536 1018 3606 indicati
1046 3535 1266 3599 fuerint,
1301 3535 1361 3601 ii,
1397 3535 1599 3605 inquit,
1636 3534 1737 3589 soli
1778 3532 2046 3602 promissa
2069 3548 2196 3587 con-

624 3640 961 3699 sequentur:
1000 3628 1124 3683 dum
1165 3626 1333 3681 Judaei
1362 3626 1566 3681 frustra
1610 3626 1984 3697 imaginantur
2030 3626 2196 3680 tntius

626 3722 803 3790 gentis
832 3734 945 3774 sua:
966 3718 1383 3774 conversionem
1416 3716 1551 3772 fore.
1581 3715 1981 3772 Liberationem
2017 3724 2225 3773 autem,

629 3829 658 3862 ιι
698 3811 1010 3877 captivitate
1061 3809 1463 3877 intelligendum
1516 3816 1593 3863 est
1661 3823 1777 3862 esse
1841 3807 2195 3861 mutationem

628 3904 930 3955 animarum
986 3902 1054 3955 ab
1093 3916 1277 3956 errore
1335 3900 1397 3955 ad
1433 3915 1613 3953 veram
1657 3900 1750 3954 Dei
1780 3899 2143 3969 cognitionem
2180 3916 2192 3951 :

629 4009 791 4064 quam
844 3992 1093 4047 Salvator
1142 3992 1461 4058 declaravit,
1498 4008 1647 4054 cum,
1686 4000 1909 4059 accepto
1946 3991 1997 4043 in
2037 4004 2197 4058 syna-

631 4099 762 4153 goga
811 4084 1016 4138 ilesaire
1057 4084 1217 4149 libro,
1270 4084 1517 4152 lectaque
1563 4081 1807 4136 clausula
1849 4095 1918 4135 ex
1968 4095 2195 4151 persona

631 4183 748 4251 ejus
784 4183 895 4235 haec
921 4180 1236 4243 dicente’-;t
1285 4182 1523 4250 Spiritus
1552 4181 1765 4236 Domini
1795 4195 1961 4250 super
1995 4195 2098 4242 me,
2133 4194 2197 4234 eo

632 4270 775 4339 quod
827 4271 1040 4324 unxerit
1095 4284 1212 4336 me,
1254 4272 1629 4341 evangelizare
1679 4272 2005 4340 pauperibus
2050 4271 2199 4324 misit

635 4373 739 4425 me,
774 4379 790 4409 ι
829 4370 946 4415 etc.
980 4398 996 4425 ,
1038 4359 1296 4428 replicata
1342 4360 1482 4415 libro
1538 4361 1720 4414 intulit
1753 4377 1768 4415 :
1798 4378 1818 4411 ι
1860 4358 2031 4414 Hodie
2086 4361 2200 4413 hinc

634 4448 911 4519 Scriptura
947 4449 1164 4520 impleta
1210 4458 1293 4506 est
1344 4451 1398 4505 in
1444 4452 1665 4505 auribus
1695 4451 1910 4516 vestris,
1945 4470 1965 4503 ›
2001 4452 2199 4505 docens

634 4554 692 4593 se
718 4542 1111 4609 redemptorem
1149 4542 1506 4596 humanarum
1544 4543 1849 4595 animarum
1874 4556 2015 4596 esse.

712 4804 868 4857 Vens.
903 4803 991 4858 28.
1032 4823 1050 4856 ι
1087 4804 1153 4859 Ει
1180 4814 1532 4861 conterentur
1568 4809 1771 4878 iniqui,
1804 4820 1859 4863 et
1886 4819 2201 4877 peccatores

636 4896 815 4963 simul,
838 4906 889 4950 et
910 4898 1003 4965 qui
1036 4897 1436 4966 dereliquerunt
1469 4899 1746 4955 Dominum
1773 4902 2148 4956 conticientur.
2176 4922 2193 4952 ι

640 4987 743 5039 Sed
776 4988 841 5043 de
877 4988 1051 5042 medio
1083 4990 1346 5044 tollendos
1374 5006 1495 5047 esse
1528 4994 1604 5046 ait
1633 4994 1886 5060 nequitia:
1922 4995 2195 5048 doctores.

637 5078 861 5143 Quinam
895 5094 1023 5134 vero
1052 5082 1086 5134 ii
1119 5092 1322 5145 essent,
1354 5083 1404 5135 in
1438 5083 1863 5151 praecedentibus
1892 5084 2202 5136 declaratur

639 5170 722 5222 his
754 5171 965 5224 verbis:
1005 5189 1023 5225 ι
1055 5171 1144 5225 Vae
1163 5174 1308 5241 genti
1343 5174 1629 5241 peccatrici
1687 5175 1880 5243 nopulo
1913 5173 2069 5243 pleno
2098 5176 2200 5227 iui-

638 5262 876 5327 (Illilillib.
916 5281 933 5312 ι

713 5352 984 5432 Vens.‘29.
1032 5373 1051 5404 ι
1094 5356 1227 5417 Quia
1282 5357 1679 5410 confundantur
1708 5372 1869 5426 super
1907 5357 2045 5410 idola
2077 5372 2198 5423 sua,

642 5454 759 5503 Qum
804 5444 904 5513 ipsi
960 5446 1232 5511 volebant,
1272 5456 1328 5500 et
1360 5447 1762 5501 conluudeutnr
1807 5464 1969 5515 super
2014 5450 2197 5502 hortus

642 5548 787 5597 suos,
821 5552 956 5603 quos
990 5540 1431 5605 concupiverunt.
1463 5559 1480 5590 ι
1513 5537 1776 5595 Canertxtu
1808 5540 2026 5607 pudoris
2077 5556 2198 5594 sen-

712 5632 730 5655 θ’
768 5629 898 5693 Luc,
934 5646 1001 5697 tv,
1043 5638 1130 5697 18,
1159 5632 1249 5685 21.

713 5746 792 5815 (8)
845 5744 970 5799 Hmc
1022 5742 1435 5812 interpretatio,
1501 5755 1637 5803 teste
1712 5746 2077 5820 Hieronymo,
2128 5763 2208 5809 est
2272 5756 2657 5817 'l‘heodotionis
2706 5780 2718 5820 :

642 5817 872 5870 videtur.

2294 1970 2387 2019 καὶ
2420 1966 2487 2019 τὰ
2518 1964 2752 2035 περισσὰ
2804 1964 2912 2017 τῶν
2934 1963 3347 2034 ὲκπατηθὲντων
3385 1964 3624 2036 βοτρύων
3655 1963 3884 2039 ἀπορῤΓ

2289 2076 2504 2123 πτουσι,
2536 2058 2625 2110 τὸν
2688 2056 2848 2110 αὐτὸν
2880 2057 3080 2127 τρόπον
3108 2054 3283 2125 κάγὼ,
3326 2056 3479 2127 φησί,
3525 2054 3767 2127 πυρώσω
3805 2057 3885 2121 εἰς

2285 2149 2527 2221 καθαρὸν
2558 2149 2619 2201 τὸ
2650 2148 2985 2218 γιγαρτῶδές
3015 2164 3129 2203 σου.

2366 2260 2383 2290 ι
2408 2240 2517 2292 Καὶ
2554 2238 2693 2309 μετὰ
2720 2238 2894 2291 ταῦτα
2919 2236 3169 2311 κληθήσῃ
3203 2238 3353 2302 πόλις
3379 2237 3745 2308 δικαιοσύνης,
3786 2254 3890 2309 μη·

2288 2332 2538 2404 τρόπολις
2575 2331 2737 2401 πιστὴ
2768 2330 2933 2384 Σιών⁸
2980 2330 3117 2401 μετὰ
3152 2331 3259 2403 γὰρ
3291 2332 3557 2403 κρίματος
3585 2330 3890 2402 σωθήσεται

2291 2428 2323 2495 ὴ
2356 2422 2700 2494 αἰχμαλωσία
2734 2423 2925 2493 αὐτῆς.
2950 2440 2968 2473 ›
2999 2422 3077 2492 Τῇ
3122 2422 3261 2491 μετὰ
3295 2420 3469 2475 ταῦτα
3509 2422 3889 2494 συστησομένῃ

2292 2520 2442 2588 κοινῇ
2478 2516 2652 2582 πόλει,
2682 2514 2750 2586 ἥν
2772 2532 2893 2568 τινα
2922 2514 3018 2568 καὶ
3052 2513 3206 2567 πόλιν
3231 2512 3577 2583 δικαιοσύνης
3611 2512 3887 2582 ὀνομάζει,

2294 2610 2386 2663 καὶ
2416 2609 2743 2681 μητρόπολιν
2779 2608 2975 2678 πιστὴν
3005 2605 3166 2668 Σιὼν,
3200 2606 3345 2660 οὓτω
3373 2604 3685 2678 προσειπὼν
3712 2604 3777 2656 τὸ
3798 2605 3892 2657 σύ-

2296 2717 2476 2771 στημα
2516 2699 2610 2752 τοῦ
2655 2699 2936 2770 θεοφιλοῦς
2993 2697 3409 2769 πολιτεύματος.
3458 2698 3516 2749 '0
3572 2696 3741 2750 πάλαι
3792 2695 3892 2765 μὲν

2296 2794 2513 2855 συνετὸς
2559 2790 2711 2863 παρὰ
2752 2790 3028 2853 Ἰουδαίοις
3103 2786 3501 2843 διεπεπτώκειο
3547 2786 3641 2841 νῦν
3676 2788 3734 2841 δὲ
3766 2786 3890 2841 καθ’

2295 2886 2421 2955 ὅλης
2444 2885 2542 2955 τῆς
2572 2883 2899 2952 οἰκουμένης
2921 2881 3008 2935 διὰ
3034 2882 3133 2952 τῆς
3155 2880 3248 2933 τοῦ
3280 2880 3518 2952 Χριστοῦ
3563 2878 3892 2949 Ἐκκλησίας

2298 2978 2591 3048 ἐγήγερται
2625 2973 3086 3045 τεθεμελιωμένος
3112 2972 3206 3025 ἐπὶ
3237 2972 3338 3044 τὴν
3374 2973 3600 3042 πέτραν.
3632 2970 3798 3024 Αὐτοὶ
3833 2970 3894 3024 δι

2296 3071 2395 3142 τῆς
2418 3069 2589 3139 καλῆς
2611 3068 2817 3131 πόλεως
2840 3069 2886 3121 οἰ
2910 3064 3275 3138 προεστῶτες,
3302 3066 3506 3137 κριταὶ,
3530 3065 3625 3118 καὶ
3651 3061 3895 3133 σύμϐου-

2298 3163 2401 3227 λοι,
2435 3163 2484 3215 οῑ
2516 3161 2690 3232 ἀρχὴν
2739 3159 2837 3230 μὲν
2872 3158 2979 3211 ἀπὸ
3008 3157 3116 3210 τῶν
3150 3157 3464 3211 ἀποστόλων
3500 3157 3595 3210 καὶ
3627 3153 3889 3227 μαθητῶν

2298 3255 2393 3310 τοῦ
2418 3256 2669 3325 Σωτῆρος
2694 3252 2853 3325 ἡμῶν
2878 3252 3159 3323 εἰλήφασιν
3180 3269 3193 3281 ·
3226 3253 3290 3305 ὲκ
3313 3252 3370 3306 δὲ
3404 3252 3503 3322 τῆς
3526 3251 3747 3305 ἐκείνων
3775 3248 3897 3304 διαρ-

2298 3346 2462 3419 δοχῆς
2510 3345 2675 3398 εἰσέτι
2709 3345 2803 3397 καὶ
2835 3343 2950 3409 νῦν,
2980 3342 3168 3415 ὥσπερ
3218 3345 3281 3396 ὲκ
3336 3344 3651 3415 σπέρματος
3682 3341 3897 3417 ἀγαθοῦ

2300 3435 2496 3507 φύντες
2524 3435 2943 3507 διαλάμπουσιν,
2968 3435 3219 3506 πρόεδροι
3247 3435 3346 3505 τῆς
3374 3434 3471 3488 τοῦ
3503 3435 3639 3489 Θεοῦ
3665 3435 3898 3507 Ἐκκλη-

2303 3531 2425 3595 σίας
2457 3529 2817 3593 καθεστῶτες.
2866 3530 2930 3583 Οἱ
2958 3528 3067 3600 γὰρ
3102 3529 3379 3601 σωτηρίας
3408 3527 3549 3593 ἄξιοι
3596 3527 3747 3599 παρὰ
3774 3527 3899 3599 Θεῷ

2299 3622 2597 3694 κριθέντες,
2615 3622 2765 3693 μόνοι
2780 3620 3082 3686 τεύξονται,
3104 3621 3259 3691 φησὶ,
3279 3624 3381 3692 τῆς
3409 3619 3766 3689 ἐπαγγελίας,
3784 3618 3899 3674 τῶν

2312 3712 2578 3767 Ἰουδαίων
2621 3714 2797 3784 μάτην
2839 3712 3259 3783 φανταζομένων
3292 3712 3627 3785 ἐπιστροφὴν
3676 3711 3899 3767 ἔσεσθαι

2301 3802 2393 3856 τοῦ
2419 3804 2619 3867 παντὸς
2640 3804 2823 3860 αὐτῶν
2844 3804 3050 3867 ἔθνους.
3080 3804 3472 3875 Αἰχμαλωσίας
3495 3805 3554 3859 δὲ
3581 3804 3898 3878 ἐλευθερίαν

2301 3894 2406 3965 χρὴ
2431 3897 2591 3959 νοεῖν,
2628 3896 2725 3967 τὴν
2757 3896 2864 3949 ἀπὸ
2890 3897 2991 3967 τῆς
3028 3897 3236 3968 πλάνης
3290 3900 3387 3952 ἐπὶ
3434 3898 3533 3969 τὴν
3586 3897 3764 3969 ἀληθῆ
3799 3898 3897 3953 τοῦ

2300 3986 2435 4039 Θεοῦ
2467 3987 2668 4056 γνῶσιν
2704 3988 3005 4059 μεταϐολὴν
3031 3989 3139 4042 τῶν
3162 3991 3350 4063 ψυχῶν
3375 4011 3387 4023 ο
3426 3993 3493 4064 ἣν
3519 3993 3611 4046 καὶ
3639 3994 3667 4045 ὁ
3702 3994 3898 4068 Σωτὴρ

2302 4077 2561 4150 παρίστη,
2592 4080 2826 4150 ὁπηνίκα
2868 4085 2926 4135 ὲν
2954 4085 3018 4152 τῇ
3045 4088 3334 4155 συναγωγῇ
3370 4084 3549 4138 λαϐὼν
3575 4086 3674 4156 τὴν
3711 4084 3894 4155 βίϐλον

2301 4168 2393 4221 τοῦ
2433 4170 2676 4235 Ἡσαΐου,
2704 4174 2802 4243 τήν
2823 4191 2882 4226 τε
2906 4175 3211 4246 περικοπὴν
3232 4176 3499 4247 ἀναγνοὺς
3520 4177 3617 4248 τὴν
3641 4180 3706 4230 ὲκ
3730 4193 3895 4249 προσο

2301 4261 2448 4325 ώπου
2492 4264 2656 4318 αὑτοῦ
2692 4268 2975 4336 φήσασαυο
3023 4287 3041 4318 ι
3068 4267 3292 4340 Πνεῦμα
3325 4272 3530 4343 Κυρίου
3569 4273 3656 4324 ἐπ’
3682 4272 3803 4342 ἐμὲ,
3835 4263 3896 4324 οὗ

2303 4356 2505 4409 εἵνεκεν
2530 4355 2713 4429 ἔχρισὲ
2738 4376 2825 4428 με,
2850 4360 3303 4430 εὐαγγελίσασθαι
3332 4365 3567 4433 πτωχοῖς
3588 4363 3896 4417 ἀπέσταλκέ

2305 4464 2372 4518 με
2394 4464 2407 4477 ⁸
2441 4448 2677 4520 κηρύξαι
2706 4452 3077 4521 αἰχμαλώτοις
3112 4452 3305 4523 ἄφεσιν
3330 4472 3343 4485 ⁸
3375 4474 3393 4507 ι
3432 4456 3526 4509 καὶ
3556 4454 3766 4522 πτύξας
3798 4457 3895 4526 τὴν

2231 4574 2274 4627 D
2305 4542 2503 4612 βίϐλον,
2540 4539 2661 4603 εἷπε
2684 4562 2697 4575 ⁸
2735 4564 2756 4597 ι
2779 4548 3027 4618 Σήμερον
3068 4550 3101 4619 ἡ
3136 4549 3326 4620 Γραφὴ
3370 4549 3507 4621 αῦτη
3538 4550 3897 4622 πεπλήρωται

2302 4635 2359 4685 ὲν
2378 4636 2489 4697 τοῖς
2517 4634 2649 4689 ὠσὶν
2678 4636 2831 4707 ὑμῶν
2850 4654 2864 4667 ο
2895 4658 2913 4691 ›
2942 4638 3210 4692 διδάσκων
3238 4640 3322 4711 δὴ,
3349 4640 3423 4703 ὡς
3452 4640 3613 4704 αὐτὸς
3640 4643 3725 4712 εἰη
3753 4644 3782 4695 ὁ
3803 4642 3895 4697 λυ-

2299 4728 2507 4797 τρωτὴς
2536 4728 2642 4781 τῶν
2675 4730 3032 4801 ἀνθρωπίνων
3054 4732 3264 4802 ψυχῶν.

2372 4840 2388 4869 ι
2417 4821 2527 4873 Καὶ
2562 4824 3007 4894 συντριϐήσονται
3040 4827 3087 4877 οἱ
3120 4826 3330 4895 ἄνομοι,
3365 4841 3456 4877 και
3486 4825 3531 4876 οἱ
3564 4825 3891 4896 ἁμαρτωλοὶ

2298 4914 2429 4983 ἅμα,
2466 4916 2560 4967 κα¹ι
2593 4918 2639 4967 οί
2668 4916 3123 4983 ἐγκαταλιπόντες
3165 4918 3256 4969 τὸν
3286 4916 3490 4990 Κύριον
3540 4916 3896 4988 συντελεσθῆ-

2306 5022 2504 5061 σονται.
2542 5025 2559 5056 ι
2610 5006 2748 5058 Ἀλλ’
2780 5008 3024 5060 ἐκποδὼν
3072 5007 3316 5075 γίνεσθαι
3342 5008 3469 5069 τοὺς
3498 5007 3597 5076 τῆς
3628 5008 3895 5079 πονηρίας

2302 5097 2673 5163 διδασκάλους.
2705 5099 2861 5162 Τίνες
2914 5099 2970 5152 δὲ
3003 5094 3142 5169 ἦσαν
3185 5094 3349 5161 οὗτοι,
3399 5085 3637 5164 ἐδίδαξεν
3680 5099 3709 5151 ὁ
3740 5098 3896 5169 λόγος

2302 5187 2388 5240 διὰ
2414 5190 2523 5241 τῶν
2555 5190 2882 5262 ἔμπροσθεν,
2916 5189 3082 5243 εἰπών
3103 5208 3115 5219 ·
3155 5211 3173 5242 ι
3198 5190 3333 5244 Ούαὶ
3365 5191 3513 5253 ἔθνος
3534 5192 3891 5262 ἁμαρτωλόν’

2303 5277 2427 5342 λαὸς
2455 5266 2669 5351 πλῆρης
2698 5277 2944 5349 ἀνομίας.
2973 5299 2990 5331 ι

2378 5392 2394 5421 ι
2422 5373 2567 5425 Διότι
2595 5372 3144 5445 καταισχυνθήσονται
3178 5375 3271 5426 ἐπὶ
3294 5378 3405 5436 τοῖς
3434 5372 3673 5437 εἰδώλοις
3690 5373 3891 5436 αὐτῶν,

2304 5464 2339 5518 ἃ
2376 5465 2527 5517 αύτοί
2558 5465 2870 5535 ἠϐούλοντο,
2929 5467 3023 5519 καὶ
3068 5466 3591 5537 ἐπαισχυνθήσονται
3642 5467 3736 5519 ὲπί
3786 5468 3895 5528 τοῖς

2308 5555 2502 5623 κήποις
2555 5554 2752 5621 αὐτῶν,
2787 5555 2821 5608 ἃ
2848 5556 3224 5627 ἐπεθύμησαν.
3255 5578 3271 5606 ι
3329 5556 3472 5626 Πλὴν
3510 5558 3602 5609 ἐπὶ
3650 5560 3763 5620 τοῖς
3813 5557 3893 5609 αἱ·

2706 5776 2941 5830 ;quare
3017 5764 3224 5836 Aquilre
3302 5781 3497 5822 nomen
3584 5768 3874 5840 irrepsisse

3700 5914 3716 6031 ἰ
