4090 6422
157 415 245 468 ίθΙ
1184 410 1691 470 COMMENTARIA
1737 410 1802 466 IN
1844 411 2099 468 ISAIAM.
2136 442 2200 454 -—
2243 409 2397 466 CAP.
2436 410 2502 468 ll.
3405 420 3506 474 1οΞ

156 535 336 604 σιροῖς
369 533 635 604 αἰσχύνη
669 534 739 586 ἐκ
776 533 1184 604 συναισθήσεως
1223 534 1405 594 αὐτοῖς
1437 531 1768 603 ἐγγενομένη

1908 546 2024 594 sus,
2060 544 2220 599 quem
2255 529 2323 585 de
2345 530 2507 585 {mdis
2536 529 2653 585 suis
2681 530 2852 598 gestis
2877 535 3191 604 percepturi
3223 547 3370 604 sunt,
3397 538 3504 594 im-

153 626 250 697 τῆς
292 627 696 698 ἀναισχύντου
728 628 824 681 καὶ
852 625 1106 690 ἀναιδοῦς
1159 627 1537 697 προαιρέσεως
1568 625 1768 697 μεταϐο

1903 622 2125 692 pudenti
2142 631 2199 679 et
2217 623 2592 679 inverecunda
2613 638 2806 679 eorum
2831 626 3118 696 proposito
3141 639 3501 687 mutationem

155 718 248 793 λὴν
274 720 468 784 αὐτοῖς
501 719 758 790 ἔμελλεν
783 722 1124 791 ἐμποιήσειν.

1901 712 2114 768 afferet.

223 831 243 864 ι
258 813 530 866 Ἔσονται
553 813 679 885 γὰρ
698 811 776 876 ὡς
801 810 1114 886 τερέϐινθος
1134 811 1545 884 ἀποϐεϐληκυῖα
1575 813 1645 867 τὰ
1670 813 1768 884 (pii)

1972 805 2136 860 Vens.
2167 806 2258 864 50.
2296 823 2316 859 t
2341 805 2512 860 Erunt
2541 807 2686 863 enim
2720 808 2860 864 sicut
2895 811 3237 866 terebinthus
3261 812 3500 870 deﬂuen-

156 904 235 969 λα,
272 905 370 959 καὶ
407 906 490 969 ὡς
527 906 880 977 παράδεισος
926 903 1072 975 ὕδωρ
1106 904 1180 975 μὴ
1239 904 1408 974 ἔχωνο
1436 925 1453 956 ι
1519 908 1566 958 oi
1624 907 1768 960 πάλα

1900 896 2046 953 tibus
2105 897 2270 967 foliis,
2328 907 2384 954 et
2449 901 2590 956 sicut
2631 903 2921 970 paradisus
2962 905 3080 958 sine
3113 921 3253 974 aqua
3291 925 3304 960 :
3346 927 3364 958 ι
3405 911 3498 979 qui

157 997 300 1065 ὀντες
329 997 620 1068 ἀμπελὼν
663 997 876 1068 Κυρίου
917 995 1168 1062 Σαϐαὼθ,
1217 998 1311 1050 καὶ
1343 997 1499 1050 ἐλαία
1551 996 1768 1061 εδσκιος

1898 989 2031 1043 olim
2057 999 2215 1044 erant
2244 991 2404 1046 vinea
2430 992 2646 1048 Domini
2678 994 2942 1057 Sabaoth,
2967 1006 3022 1049 et
3049 997 3190 1052 oliva
3218 1000 3495 1056 umbrosa.

159 1091 217 1144 El
249 1091 379 1159 γοῦν
401 1108 496 1154 τις
533 1091 810 1143 θεάσαιτο
835 1090 934 1153 τὰς
959 1090 1087 1160 παρ’
1113 1089 1298 1153 αὐτοῖς
1318 1089 1428 1142 τῶν
1459 1089 1622 1144 θείων
1650 1092 1765 1164 Γρα

1900 1080 1958 1135 Si
1996 1082 2121 1151 quis
2153 1084 2300 1137 enim
2335 1087 2641 1152 respexerit
2663 1087 2728 1140 ad
2761 1089 3030 1157 promissa
3060 1106 3180 1159 qua:
3221 1092 3272 1145 in
3301 1093 3500 1150 divinis

159 1183 268 1253 φῶν
300 1184 687 1253 ἐπαγγελίας,
739 1182 980 1254 νομικῶν
1014 1199 1073 1235 τε
1108 1184 1202 1236 καὶ
1236 1184 1594 1254 προφητικῶν
1644 1186 1768 1257 Γραῖ

1898 1171 2201 1243 Scripturls
2226 1190 2392 1244 penes
2423 1176 2542 1231 illos
2568 1173 2864 1243 habelltur,
2897 1182 2964 1235 ad
3009 1179 3258 1253 legalium
3290 1195 3345 1238 et
3366 1195 3506 1255 pro-‘

161 1277 270 1345 φῶν
302 1277 693 1346 ἀναγνώσεις,
729 1276 925 1347 βίϐλων
959 1293 1016 1329 τε
1064 1274 1352 1348 ἱστορικῶν
1388 1279 1481 1330 καὶ
1513 1279 1768 1350 στιχηρῶ·

1894 1265 2240 1332 pheticarum
2292 1266 2713 1338 Scripturarum
2764 1271 3066 1339 lectiones,
3113 1275 3178 1328 ad
3231 1277 3494 1334 librorum

160 1370 329 1438 λόγον,
363 1371 671 1441 ὑμνῳδίας
704 1387 764 1423 τε
792 1371 1046 1442 τρόπους,
1081 1371 1174 1422 καὶ
1209 1369 1561 1441 ψαλμῳδίας·
1601 1362 1768 1440 ϐψετα

1896 1367 2005 1411 tam
2059 1358 2469 1424 historicorum,
2510 1377 2674 1430 quam
2721 1366 3074 1420 metricorum
3128 1378 3482 1435 concentum,

160 1461 492 1531 παράδεισον
523 1461 782 1533 ἀληθῶς,
831 1462 924 1514 καὶ
955 1461 1199 1532 λειμῶνα
1231 1463 1500 1517 παντοίων
1543 1463 1766 1532 ἀγαθῶν

1893 1447 2084 1503 modos
2108 1457 2161 1502 et
2186 1449 2546 1518 psalmodias.
2578 1453 2624 1507 is
2652 1469 2779 1510 vere
2811 1457 3146 1524 paradisum.
3182 1469 3235 1513 et
3263 1473 3485 1528 pratum

159 1551 215 1605 El
239 1553 294 1604 δὲ
329 1552 607 1623 ζητήσειε
662 1553 801 1623 παρ’
831 1553 1010 1616 αὐτοῖς
1039 1552 1130 1606 τὸν
1174 1551 1414 1623 ἔμψυχον
1443 1554 1537 1606 καὶ
1563 1555 1768 1626 γόνιμο·

1891 1538 2050 1594 bonis
2077 1541 2332 1595 omnibus
2378 1543 2645 1610 repletum
2682 1546 2883 1601 videat.
2917 1549 3073 1615 Quod
3105 1549 3151 1605 si
3184 1555 3306 1619 quis
3337 1554 3482 1622 apud

157 1647 244 1698 καὶ
273 1645 454 1710 ζῶντα
494 1645 711 1713 Λόγον,
741 1639 804 1697 οὗ
829 1647 858 1698 ὅ
885 1645 1052 1697 πίνων
1084 1636 1404 1716 πηγὴνέξει
1433 1645 1624 1707 ὓδατος
1651 1646 1786 1711 ζῶν-

155 1753 236 1801 τος
263 1738 576 1809 ἁλλομένου
617 1740 706 1802 εἰς
736 1736 877 1808 ζωὴν
905 1736 1121 1791 αἰώνιον
1147 1756 1158 1767 ’
1187 1737 1286 1791 οὐκ
1317 1738 1382 1792 ἂν
1403 1738 1574 1810 εὖροι.

223 2022 242 2054 ι
269 2003 382 2057 Καὶ
411 2002 582 2057 ἐσται
621 2007 658 2075 ἡ
699 2003 1062 2075 ίσχὺςξαὺτῶν
1093 2007 1167 2068 ὡς
1204 2006 1424 2077 καλάμη
1451 2009 1776 2073 στυππείου,

153 2095 240 2148 καὶ
287 2099 345 2150 αί
386 2096 669 2169 ἐργασίαι
709 2097 889 2150 αὐτῶν
915 2098 988 2161 ὼς
1020 2099 1318 2171 στΞινθίρες
1344 2117 1356 2129 ο
1383 2100 1477 2152 καὶ
1505 2118 1781 2154 κατακαυ-

152 2187 406 2258 θήσονται
429 2192 484 2242 οί
519 2192 752 2262 ἄνομοι,
786 2191 879 2244 καὶ
907 2192 956 2244 οἱ
979 2192 1299 2264 ἁμαρτωλοὶ
1349 2194 1465 2264 ἀμα
1491 2212 1504 2225 ο
1549 2196 1644 2249 καὶ
1679 2198 1780 2249 οὐκ

152 2274 299 2328 ἔσται
327 2279 357 2330 ό
385 2277 636 2330 σϐἐσων.
666 2297 684 2328 ι
723 2277 798 2329 Οὐ
829 2276 998 2341 σίτου,
1024 2278 1144 2331 οὑδέ
1176 2297 1317 2342 τινος
1346 2282 1535 2352 ἐτέρου
1571 2281 1680 2334 τῶν
1712 2283 1777 2335 ἁ-

153 2369 428 2436 ναγκαίων
453 2369 722 2441 καλάμη,
750 2368 839 2422 διὸ⁸
873 2369 929 2422 τὸ
949 2371 1261 2444 ἀφῃρῆσθαι
1283 2373 1378 2426 ἀπ’
1411 2372 1594 2426 αὐτῶν
1624 2374 1776 2444 ἰσχύ-

150 2476 272 2512 οντα
302 2462 402 2514 καὶ
441 2461 773 2532 ἰσχύουσαν,
830 2461 924 2515 καὶ
972 2464 1126 2532 ίσχὺν
1152 2464 1342 2534 ἄρτου,
1398 2465 1491 2518 καὶ
1523 2465 1596 2517 τά
1624 2465 1774 2534 ἑξῆς.

148 2552 234 2604 Διὸ
257 2552 392 2605 οὐδὲ
441 2553 715 2614 δύνανται
758 2551 939 2620 λέγειν
981 2557 1095 2617 τοῖς
1139 2555 1375 2625 Χριστοῦ
1423 2557 1696 2629 μαθηταῖς
1723 2561 1778 2610 ὀ-

152 2643 314 2712 μοὶως
339 2661 362 2675 ο
417 2668 437 2694 ι
461 2644 662 2700 Πάντα
699 2645 958 2716 ίσχύομεν
983 2648 1041 2698 ἐν
1087 2646 1164 2718 τῷ
1195 2648 1587 2720 ἐνδυναμοῦντι
1628 2651 1777 2720 ἡμᾶς

149 2735 290 2808 Θεᾷγ
319 2757 337 2790 ι
384 2740 506 2804 καὶ,
545 2757 566 2790 ι
585 2738 689 2802 Τίς
734 2740 884 2810 ἡμᾶς
905 2741 1129 2812 χωρίσει
1165 2743 1274 2795 ἀπὸ
1302 2743 1400 2814 τῆς
1427 2745 1653 2817 ἀγάπης
1678 2745 1774 2798 τοῦ

149 2830 434 2903 Χριστοῦ;
469 2830 718 2903 θλίψιςῆ
753 2835 1120 2906 στενοχωρία;
1151 2854 1167 2886 ι
1203 2837 1298 2888 καὶ
1326 2835 1395 2890 τὰ
1429 2837 1580 2908 ἑξῆς.
1616 2840 1776 2893 υῦτω

149 2922 201 2977 δὲ
221 2924 460 2994 γέγονεν
489 2923 677 2978 αὐτῶν
726 2925 760 2996 ἠ
793 2927 947 2997 ἰσχὺς
979 2927 1056 2991 ὼς
1081 2929 1302 2999 καλάμη
1341 2933 1666 2997 στυππείου,
1700 2933 1775 2997 ὡς

157 3019 227 3090 μὴ
278 3021 452 3091 μόνον
485 3019 758 3074 ἀπολέσαι
789 3021 890 3092 τὴν
940 3020 1280 3093 ἐλευθερίαν,
1327 3018 1446 3096 ἐνῇ
1505 3025 1773 3098 πρότερον

154 3113 392 3184 ἐκόμων,
443 3111 753 3184 αὐτονομίᾳ
795 3113 891 3166 καὶ
949 3112 1195 3186 βασιλείᾳ
1246 3115 1422 3187 οἰκείᾳ
1471 3115 1771 3188 χρώμενοι,

1890 1627 2010 1682 illos
2031 1629 2356 1694 animalum,
2385 1631 2564 1688 fertile
2595 1648 2659 1687 ac
2691 1635 2886 1690 vivens
2915 1639 3153 1694 Verbum
3186 1643 3487 1710 quasierit.

1888 1736 1952 1775 ex
2011 1738 2120 1792 quo
2177 1724 2427 1794 quisquis
2481 1728 2727 1793 biberit,
2791 1729 3016 1785 habebit
3072 1731 3278 1789 fontem
3333 1750 3490 1804 aqua

1891 1815 2057 1878 vim,
2091 1813 2342 1871 salientis
2395 1819 2448 1871 in
2499 1820 2668 1874 vitam
2710 1830 3007 1891 aeternam;
3047 1827 3364 1897 neutiquam
3399 1828 3486 1884 in-

1820 1890 1861 1943 B
1893 1907 2095 1962 veniat.

1956 1997 2124 2054 νειιε.
2149 2001 2242 2058 3|.
2273 2020 2295 2055 ι
2329 2003 2396 2058 Et
2431 2003 2537 2059 erit
2581 2002 2846 2062 fortitudo
2871 2006 3090 2062 illorum
3131 2018 3192 2063 ut
3238 2008 3486 2068 calamus

1881 2101 2094 2163 stuppa
2125 2106 2179 2150 et
2206 2110 2344 2165 opus
2370 2112 2561 2151 eorum
2593 2108 2649 2152 ut
2679 2099 2972 2154 scintillae:
2999 2111 3053 2153 et
3087 2102 3485 2159 comburentur

1883 2184 2055 2253 iniqui
2103 2195 2160 2240 et
2205 2200 2524 2258 peccatores
2562 2189 2745 2255 simul,
2788 2201 2842 2245 et
2871 2207 2981 2246 non
3014 2195 3228 2265 eritqui
3271 2198 3484 2252 exstiu-
3578 2228 3582 2232 ~

1881 2286 2030 2347 guat.
2073 2295 2091 2330 ι
2122 2277 2240 2333 Non
2284 2278 2579 2347 frumenti,
2621 2289 2716 2336 aut
2765 2281 2995 2342 alterius
3045 2285 3348 2354 cujuspiam
3385 2303 3481 2342 ue-

1881 2371 2143 2426 cessaria:
2199 2371 2300 2436 rei,
2358 2371 2647 2438 calamus,
2689 2372 2819 2444 quia
2875 2375 3092 2432 ablatus
3140 2388 3226 2433 est
3265 2380 3332 2434 ab
3372 2379 3482 2434 illis

1881 2461 2143 2518 robustus
2168 2475 2223 2518 et
2264 2463 2513 2541 robusta,
2557 2465 2726 2520 robur
2778 2467 2956 2536 panis,
2988 2477 3092 2522 etc.
3135 2468 3262 2525 Ideo
3300 2472 3484 2526 dicere

1879 2566 2157 2626 nequeunt
2179 2557 2408 2626 perinde
2443 2567 2608 2628 atque
2639 2558 2847 2614 Christi
2889 2559 3146 2631 discipuli
3176 2583 3187 2617 :
3223 2580 3241 2614 t
3282 2561 3479 2619 Omnia

1878 2663 2168 2718 possumus
2222 2649 2274 2703 in
2313 2663 2396 2714 eo,
2453 2650 2546 2718 qui
2595 2665 2694 2706 nos
2733 2651 3006 2705 confortat
3059 2653 3170 2706 Deo
3208 2654 3290 2719 '°;
3330 2672 3348 2704 ι
3378 2663 3474 2708 et:

1884 2759 1903 2792 ι
1937 2740 2071 2808 Quis
2103 2756 2204 2796 nos
2237 2742 2515 2811 separabit
2537 2757 2565 2795 a
2604 2742 2875 2799 cltaritate
2898 2743 3102 2800 Christi
3128 2746 3150 2799 ?
3179 2747 3478 2813 tribulatio,

1878 2847 1944 2886 an
1985 2832 2234 2903 angustia
2283 2833 2381 2884 “?
2425 2855 2445 2884 ι
2495 2842 2551 2887 et
2599 2841 2818 2887 cetera.
2872 2833 2946 2888 Ita
3001 2850 3165 2904 porro
3217 2836 3482 2892 fortitudo

1878 2939 2066 2980 eorum
2104 2934 2164 2978 ut
2205 2924 2452 2978 calamus
2476 2934 2686 2993 stuppa:
2726 2926 2866 2978 facta
2908 2936 3031 2989 est;
3086 2937 3140 2980 ut
3174 2942 3279 2980 non
3310 2930 3472 2983 modo

1878 3016 2217 3081 libertatem,
2247 3031 2352 3084 qua
2402 3016 2556 3084 prius
2581 3017 2801 3086 proprio
2819 3017 2944 3088 jure
2970 3033 3034 3073 ac
3064 3034 3237 3089 regno
3261 3031 3480 3076 utentes

1875 3107 2160 3170 ﬂorebant,
2190 3108 2464 3162 amittere.
2495 3116 2548 3172 t,
2582 3111 2677 3162 sed
2705 3109 2870 3163 etiam
2902 3110 3186 3180 quibusvis
3215 3109 3479 3168 Romanis

153 3204 284 3258 ἀλλά
311 3205 416 3258 καὶ
450 3207 572 3268 τοῖς
595 3202 823 3274 τυχοῦσι
865 3201 1155 3275 Ῥωμαίων
1185 3205 1550 3277 στρατιώταις
1575 3207 1768 3278 ἀνδρά-

1878 3196 2143 3253 militibus
2170 3199 2466 3254 servirent.
2493 3197 2694 3252 Eorum
2718 3199 2921 3269 quippe
2942 3214 3109 3270 opera
3135 3201 3278 3272 ignis
3305 3217 3472 3256 causa

154 3315 203 3350 σι
234 3296 535 3352 δουλεύειν.
573 3297 690 3351 Καὶ
713 3296 894 3350 αὐτῶν
919 3295 1030 3367 γὰρ
1055 3297 1110 3350 αἱ
1137 3297 1389 3367 ἐργασίαι
1418 3299 1553 3370 τιυρὶ
1577 3300 1770 3364 αἴτιαι,

155 3389 246 3442 an
284 3389 347 3442 οὐ
381 3388 598 3461 χρυσὸν
615 3388 740 3442 οὐδὲ
775 3389 1016 3460 ἄργυρον
1049 3389 1170 3443 οὐδὲ
1202 3388 1385 3452 λίθους
1417 3391 1657 3461 τιμίους,
1685 3391 1775 3455 ξύ-

153 3479 238 3534 λον
281 3482 337 3536 δέ
372 3482 542 3552 μόνον
586 3481 684 3535 καὶ
719 3480 973 3552 καλάμην
1004 3481 1453 3553 οίκοδομούντων.
1509 3483 1677 3555 Ὁρᾷς
1720 3485 1775 3536 ὃ·

157 3590 268 3636 πως
312 3573 675 3645 πυρπόλησιν
724 3573 818 3626 καὶ
871 3574 1200 3644 ἐμπρησμὸν
1247 3575 1466 3628 ἀπειλεῖ
1516 3575 1702 3639 αὐτοῖς
1746 3577 1774 3627 ό

151 3664 306 3733 λόγος
334 3682 347 3695 ’
406 3666 504 3718 καὶ
545 3664 712 3718 τοῦτο
741 3663 891 3728 τέλος
951 3665 1050 3736 τῆς
1101 3666 1382 3736 παρούσης
1434 3667 1557 3720 κατ’
1591 3667 1772 3720 αὐτῶν

154 3757 528 3830 προφητείας·
559 3757 589 3811 ὅ
627 3757 692 3828 δὴ
725 3758 819 3812 καὶ
843 3757 1188 3830 παραχρῆμα
1216 3759 1352 3830 πρὸς
1386 3759 1529 3824 λέξιν
1565 3758 1768 3830 ἀπέϐη,

151 3850 247 3902 καὶ
281 3850 384 3903 οὐκ
423 3851 510 3913 είς
551 3848 774 3920 μακρὰν
807 3848 948 3920 μετά
977 3848 1075 3920 τὴν
1105 3849 1247 3902 κατά
1293 3849 1388 3902 τοῦ
1423 3849 1678 3920 Σωτῆρος
1706 3853 1769 3920 ἡ⁴

155 3939 275 4011 μῶν
301 3941 513 4013 τόλμαν
538 3939 986 4012 πυρποληθείσης
1013 3941 1198 4005 αὐτοῖς
1230 3940 1331 4009 τῆς
1355 3942 1764 4013 μητροπόλεως,

152 4033 263 4086 τῶν
294 4051 356 4088 τε
403 4035 466 4087 ἐν
504 4034 650 4104 αὐτῇ
695 4033 907 4086 ἀσεϐῶν
951 4035 1015 4087 ἐκ
1043 4033 1150 4088 τῶν
1183 4033 1398 4089 οἰκείων
1448 4035 1766 4108 σπινθήρων

153 4126 213 4179 τὸ
241 4126 515 4181 ἄσϐεστον
544 4125 662 4196 πῦρ
707 4126 768 4179 τὸ
800 4126 1036 4190 αἰώνιον,
1075 4128 1170 4180 καὶ
1199 4126 1299 4196 τὴν
1325 4129 1389 4180 ἐκ
1426 4127 1562 4182 Θεοῦ
1597 4127 1766 4200 ὀργὴν

153 4221 211 4272 ἐν
231 4220 418 4293 ἡμέρᾳ
437 4219 622 4290 ὀργῆς
652 4219 833 4283 αὐτοῖς
853 4222 1326 4292 ταμιευσαμένων.

713 4310 1110 4363 ΚΕΦΛΛΑΙΟΝ
1147 4311 1224 4364 B'.

228 4422 246 4453 ι
268 4402 325 4456 Ὀ
351 4402 520 4472 λόγος
547 4403 579 4454 ὁ
612 4402 901 4472 γενόμενος
936 4403 1086 4474 παρά
1119 4402 1326 4475 Κυρίου
1356 4405 1494 4473 πρὸς
1533 4405 1762 4460 Ἠσαίαν

157 4495 268 4548 υἱὸν
294 4494 481 4566 ’Δμὼς
507 4496 644 4564 περὶ
674 4495 770 4565 τῆς
801 4494 1058 4554 Ἰουδαίας
1079 4496 1172 4548 καὶ
1205 4496 1336 4567 περὶ
1367 4498 1758 4568 Ἰερουσαλήμο

1881 3284 2152 3343 fuerunt:
2195 3287 2398 3358 quippe
2436 3287 2530 3356 qui
2571 3302 2678 3342 non
2719 3304 2952 3356 aurum,
3002 3305 3110 3346 non
3165 3303 3474 3362 argentum.

1879 3394 1986 3434 non
2027 3377 2238 3448 lapides
2271 3380 2570 3448 pretiosos,
2601 3380 2697 3434 sed
2741 3380 2950 3452 lignum
2995 3391 3204 3437 tantum
3230 3393 3285 3438 et
3325 3383 3478 3440 cala-

1880 3488 2026 3527 mum
2077 3470 2440 3530 zedilicareut.
2483 3472 2670 3530 Viden'
2697 3473 2972 3543 quomodo
3013 3473 3263 3534 ﬂammas
3299 3487 3353 3533 et
3387 3477 3478 3532 itt-

1877 3561 2130 3618 cendium
2171 3564 2540 3618 comminetur
2563 3564 2738 3634 ipsis?
2763 3564 2828 3619 Et
2857 3565 2946 3620 hic
2968 3565 3092 3621 linis
3120 3574 3206 3622 est
3243 3583 3478 3637 praesen-

1878 3654 1946 3710 tis
1987 3664 2182 3709 contra
2224 3654 2348 3709 illos
2403 3655 2730 3724 prophetia,
2779 3654 2937 3723 cujus
2985 3668 3212 3713 eventus
3262 3658 3472 3725 statim,

1877 3765 2055 3821 neque
2094 3749 2168 3804 ita
2201 3749 2372 3804 multo
2400 3759 2524 3819 post
2569 3759 2948 3819 perpetratum
2995 3761 3186 3807 contra
3220 3751 3475 3810 Salvato-

1873 3859 1988 3898 rem
2037 3853 2290 3897 nostrum
2347 3842 2581 3905 facinus,
2635 3843 2704 3896 ad
2755 3842 2996 3899 litteram
3045 3847 3293 3916 contigit,
3345 3863 3470 3901 cuni

1872 3951 2063 3992 eorum
2095 3937 2415 4006 metropolis
2442 3939 2695 3994 incendio
2726 3941 2923 3995 tradita
2955 3952 3058 4004 est,
3099 3951 3153 3997 et
3195 3943 3342 4012 impii
3369 3945 3436 3997 lto

1873 4029 2051 4082 mines
2086 4026 2140 4081 in
2169 4042 2231 4082 ea
2279 4038 2693 4084 comtuorantcs
2738 4045 2806 4083 ex
2854 4031 3105 4086 scintillis
3145 4033 3257 4086 suis
3287 4035 3466 4102 ignem

1871 4123 2374 4193 inexstinguibilem
2405 4139 2468 4179 ac
2507 4134 2770 4179 a‘teruum
2797 4165 2812 4188 ,
2855 4126 3104 4196 iramque
3143 4126 3238 4183 Dei
3283 4128 3338 4183 in
3377 4127 3469 4183 die

1873 4219 1965 4273 itte
1997 4216 2100 4273 sibi
2134 4217 2580 4272 recondideruul.

2489 4307 2723 4364 CAPUT
2769 4308 2832 4363 11.

1942 4402 2107 4457 Vens.
2143 4401 2262 4456 1-4.
2305 4418 2324 4450 t
2371 4397 2606 4452 Verbum
2639 4400 2782 4468 quod
2811 4399 3016 4454 factum
3049 4409 3132 4455 est
3163 4415 3193 4453 a
3233 4399 3466 4456 Domino

1867 4495 1934 4549 ad
1965 4493 2216 4549 liesaiam
2241 4493 2411 4547 filium
2434 4495 2600 4547 Amos
2619 4493 2762 4546 circa
2790 4491 3031 4547 Judazatn
3051 4491 3459 4548 etJerusalem:

153 4589 236 4642 ἵκει
265 4589 417 4644 ἔσται
442 4593 503 4642 ἐν
539 4590 665 4650 ταῖς
701 4587 956 4656 ἐσχάταις
997 4587 1232 4658 ἡμέραις
1265 4589 1505 4658 ἐμφανὲς
1541 4589 1602 4642 τὸ
1633 4589 1761 4660 ὅρος

1874 4588 1995 4653 quia
2053 4587 2161 4641 erit
2217 4586 2270 4640 in
2329 4586 2651 4641 novissimis
2675 4584 2870 4640 diebus
2922 4585 3250 4654 conspicuus
3304 4600 3463 4640 mons

155 4681 247 4734 τοῦ
272 4681 505 4755 Κυρίου,
547 4679 705 4732 καιιό
754 4675 898 4742 οἶκος
942 4679 1034 4731 τοῦ
1063 4679 1196 4733 Θεοῦ
1227 4680 1313 4733 ἐπ’
1349 4673 1532 4751 ἄκρων
1560 4682 1669 4735 τῶν
1702 4683 1758 4734 ό-

162 4775 309 4842 ρέων,
345 4775 440 4828 καὶ
487 4770 848 4842 ὑψωθήσεται
877 4770 1128 4843 ὑπεράνω
1163 4770 1271 4824 τῶν
1310 4771 1534 4842 βουνῶν,
1568 4774 1662 4826 καὶ
1695 4775 1758 4844 ἦ-

160 4868 329 4932 ξουσιν
353 4868 443 4920 ἐπ’
471 4863 618 4918 αὐτὸ
648 4863 821 4916 πάντα
844 4862 911 4915 τὲ
933 4861 1060 4933 ἔθνη
1111 4864 1218 4916 Καὶ
1246 4862 1601 4935 πορεύσονται
1630 4865 1756 4935 ἔθνη

162 4957 337 5022 πολλὰ,
369 4957 467 5010 καὶ
510 4953 739 5026 ἐροῦσι·
782 4952 965 5015 Δεῦτε,
1001 4955 1093 5007 καὶ
1117 4953 1409 5024 ἀναδῶμεν
1430 4956 1510 5018 είς
1535 4957 1595 5009 τὸ
1628 4957 1751 5028 ὅρος

1869 4678 2086 4734 Domini
2137 4689 2192 4732 et
2241 4679 2436 4732 domus
2477 4679 2572 4732 Dei
2616 4693 2783 4747 supra
2829 4679 3090 4732 verticem
3143 4678 3458 4731 montium:

1867 4784 1921 4828 ct
1991 4772 2302 4827 elevabitur
2356 4783 2520 4839 super
2573 4771 2788 4826 colles:
2844 4781 2898 4826 et
2949 4771 3167 4826 venient
3217 4771 3282 4822 ad
3334 4785 3462 4824 eum

1866 4879 2057 4919 omnes
2113 4873 2324 4933 gentes.
2380 4861 2447 4916 Et
2483 4863 2638 4918 ibunt
2689 4863 2870 4932 populi
2933 4861 3087 4915 multi
3121 4870 3176 4916 et
3226 4861 3455 4917 dicent:

1868 4958 2090 5022 Venite,
2153 4955 2516 5011 ascendamus
2569 4954 2638 5008 ad
2692 4967 2934 5008 montem
3003 4953 3220 5008 Domini
3278 4963 3334 5007 et
3391 4954 3457 5007 ad

1865 5051 2085 5103 donmm
2117 5048 2208 5103 Dei
2237 5045 2444 5102 Jacob:
2478 5056 2533 5101 et
2561 5047 2909 5101 annuntiabit
2930 5047 3085 5102 nobis
3107 5047 3253 5101 viam
3281 5062 3454 5108 suam,

1866 5154 1922 5196 et
1963 5143 2280 5196 incedemtts
2317 5139 2374 5194 in
2417 5155 2504 5193 ca.
2557 5139 2694 5193 Nam
2743 5155 2809 5194 ex
2850 5140 2981 5194 Sion
3026 5141 3196 5195 exibit
3243 5141 3351 5201 lex,
3405 5149 3460 5191 et

1869 5237 2093 5287 verbum
2145 5232 2356 5287 Domini
2394 5247 2458 5286 ex
2508 5229 2835 5286 Jerusalem.
2889 5231 2954 5285 Et
3004 5231 3271 5301 judicabit
3317 5231 3456 5282 inter

1864 5341 2074 5398 gentes,
2131 5336 2188 5381 et
2231 5337 2428 5400 arguet
2477 5324 2736 5394 papulum
2794 5325 3022 5378 multum
3084 5323 3220 5392 ipse.
3262 5342 3280 5371 ι
3338 5322 3456 5387 Ipso.

1864 5428 2045 5471 autem
2066 5416 2502 5484 judicavitinter
2529 5425 2746 5484 gentes,
2777 5421 2871 5470 eos
2900 5415 2991 5484 qui
3032 5429 3092 5468 se
3119 5413 3262 5481 digni
3295 5421 3455 5464 erant

1863 5510 1966 5564 sibi
2007 5523 2326 5581 segregans,
2357 5518 2690 5576 vocatosque
2724 5523 2752 5560 a
2787 5522 2893 5561 non
2937 5506 3142 5560 vocatis
3193 5503 3449 5572 seligens.

1865 5599 1958 5654 Sic
1989 5600 2175 5668 itaque
2207 5600 2288 5654 lex
2331 5596 2670 5662 evangelica,
2717 5597 2772 5650 in
2816 5596 2997 5650 medio
3037 5593 3279 5664 gentium
3313 5593 3452 5658 diju-

1865 5692 2080 5758 dicans,
2118 5692 2351 5747 multum
2387 5689 2642 5760 papulum
2673 5690 2951 5758 coarguit;
3001 5689 3114 5741 sive
3142 5686 3228 5748 iis,
3260 5686 3352 5752 qui
3394 5684 3447 5735 in

1865 5801 1925 5840 se
1944 5785 2295 5842 crediderunt
2322 5783 2388 5840 dc
2415 5781 2647 5852 pristino
2671 5794 2862 5835 errore
2888 5795 2986 5836 suo
3007 5778 3308 5841 convictis;
3330 5774 3447 5829 sive

163 5051 375 5122 Κυρίου,
400 5050 498 5101 καὶ
527 5048 616 5108 εἰς
643 5045 736 5097 τὸν
761 5039 907 5097 οἷκον
932 5043 1024 5097 τοῦ
1045 5045 1179 5098 Θεοῦ
1209 5043 1403 5098 Ἰακώϐ
1423 5063 1435 5074 ο
1473 5048 1566 5099 καὶ
1588 5049 1754 5115 ἀναγ-

161 5143 292 5209 γελεῖ
324 5145 464 5213 ἡμῖν
495 5139 606 5209 τὴν
637 5137 756 5190 ὁδὸν
787 5137 971 5202 αὑτοῦ,
1018 5140 1112 5191 καὶ
1147 5138 1525 5208 πορευσόμεθα
1568 5142 1626 5194 ἐν
1659 5142 1754 5194 αὖ-

267 5237 360 5290 Ἐκ
387 5233 508 5306 γὰρ
540 5230 688 5285 Σιὼν
733 5229 1071 5296 ἐξελεύσεται
1106 5233 1287 5302 νόμος,
1324 5235 1417 5287 καὶ
1454 5235 1612 5303 λόγος
1640 5238 1755 5289 Κν-

164 5328 270 5397 ρίου
309 5328 370 5394 ἐξ
415 5322 808 5396 Ἰερουσαλήμ.
859 5323 965 5376 Καὶ
1007 5327 1184 5394 κρινεῖ
1216 5324 1319 5378 ἀνά
1357 5328 1520 5396 μέσον
1571 5327 1678 5379 τῶν
1709 5331 1765 5380 ἐ-

163 5415 315 5483 θνῶν,
343 5415 439 5470 καὶ
461 5411 746 5482 ἐξελέγξει
772 5411 896 5465 λαὸν
926 5412 1092 5466 πολὺν
1124 5415 1304 5476 αὑτός.
1331 5434 1349 5466 ο
1380 5416 1551 5479 Λύτδς
1584 5416 1640 5469 δὲ
1669 5418 1764 5469 καὶ

163 5506 419 5582 διέκρινεν
439 5508 555 5563 ἀνά
589 5505 754 5578 μέσον
777 5505 884 5558 τῶν
925 5505 1115 5568 ἐθνῶν,
1146 5508 1413 5577 ἀφορίσας
1438 5507 1618 5578 ἐαυτῷ
1637 5509 1763 5571 τοὺς

165 5599 357 5666 ἀξίους,
395 5601 495 5654 καὶ
547 5597 914 5668 ἐκλεξάμενος
957 5597 1083 5658 τοὺς
1114 5595 1346 5666 κλητοὺς
1391 5598 1499 5650 ἀπὸ
1527 5598 1635 5651 τῶν
1688 5598 1762 5669 μὴ

165 5694 428 5747 τοιούτων.
476 5691 674 5752 υῦτως
698 5685 788 5744 οὖν
822 5689 926 5744 ἀνὰ
957 5689 1121 5762 μέσον
1151 5689 1260 5740 τῶν
1288 5688 1456 5744 ἐθνῶν
1484 5691 1764 5761 διακρίνας

163 5782 191 5834 ὁ
216 5781 578 5850 εὐαγγελικὺς
631 5779 814 5848 νόμος,
845 5778 967 5832 λαὸν
1003 5778 1172 5831 πολὺν
1213 5779 1458 5849 ἦλεγξεν,
1488 5781 1607 5853 ἦτοι
1637 5783 1763 5844 τοὺς

232 5897 537 5953 “Philipp.
577 5909 656 5959 tv,
706 5892 769 5949 l3
866 5896 901 5925 ¹¹
932 5894 1093 5951 llom.
1137 5912 1253 5964 vttt,
1291 5897 1380 5954 55.
