4090 6438
660 404 761 462 163

1380 398 1651 458 EUSEBII
1690 396 2169 457 CESARIENSIS
2206 396 2357 457 OPP.
2387 397 2570 455 PARS
2608 398 2693 455 Ill.
2735 426 2808 440 —-
2845 397 3256 454 EXEGETICA.
3712 396 3718 404 ’
3822 404 3908 458 liii

661 522 749 585 iis,
782 519 871 589 qui
908 533 1013 573 non
1044 517 1417 583 crediderunt,
1453 524 1513 571 ut
1548 521 1741 586 suapte
1768 512 1929 584 culpa
1962 514 2238 584 pereunti-

2342 517 2421 578 εἰς
2450 513 2613 567 αὑτὸν
2646 510 3079 575 πεπιστευκότας
3126 508 3434 578 ἀπελέγξας
3486 510 3584 581 τὴν
3637 511 3697 563 ἐν
3750 513 3906 576 αὐτοῖς

663 613 783 676 bus,
815 609 1136 666 confutatis.

797 810 864 866 Et
898 808 1244 881 confringant
1274 806 1487 877 gladios
1533 820 1665 863 suos
1698 806 1751 862 in
1794 814 2003 871 aratra,
2033 815 2089 861 et
2117 805 2236 860 lan-

659 920 788 967 cess
828 920 957 963 suas
1006 904 1059 958 in
1110 902 1318 957 falces:
1353 910 1409 957 et
1459 916 1568 956 non
1619 899 1820 955 levabit
1867 914 2001 971 gens
2046 907 2233 954 contra

658 994 879 1069 gentem
932 996 1191 1068 gladium,
1240 1005 1296 1050 et
1350 1010 1458 1050 non
1508 994 1916 1051 exercebuntur
1965 993 2110 1049 ultra
2166 994 2235 1048 ad

661 1094 925 1163 praelium.
962 1110 983 1144 ι
1034 1088 1151 1144 Non
1208 1089 1349 1144 ultra
1388 1087 1639 1144 bellicam
1678 1097 1852 1143 artem
1879 1086 2146 1153 ediscunt,
2180 1086 2232 1139 in

661 1182 1015 1253 quaseprius
1053 1196 1083 1236 a
1110 1196 1296 1251 puero,
1339 1168 1496 1249 q‘uasi
1544 1179 1876 1243 necessaria,
1926 1193 2024 1248 per
2074 1193 2235 1249 agros

659 1282 717 1331 et
744 1275 903 1331 urbes
930 1275 1279 1339 exercebant,
1320 1273 1623 1327 vicinorum
1659 1272 1901 1328 hostium
1942 1270 2236 1327 formidine

660 1365 935 1422 commoti.
974 1366 1086 1420 imo
1110 1366 1269 1419 etiam
1300 1363 1389 1433 qui
1416 1363 1709 1418 Dominum
1766 1370 2013 1418 nostrum
2045 1361 2233 1418 Iesum

659 1460 935 1514 Christum
1016 1466 1425 1527 susceperunt,
1489 1455 1639 1530 omni
1707 1454 1990 1525 praeliandi
2056 1454 2237 1517 studio

658 1550 913 1617 exempti.
949 1548 1000 1603 in
1034 1561 1162 1614 pace
1184 1546 1397 1601 demum
1431 1552 1751 1613 versantur;
1788 1546 1861 1599 ita
1887 1554 1946 1599 ut
1968 1559 2075 1600 non
2100 1544 2237 1600 ulte-

662 1640 776 1695 rius
841 1642 909 1695 ab
974 1638 1297 1693 adversariis
1369 1636 1736 1709 potestatibus
1801 1624 2233 1708 oppugnentur,

659 1746 835 1801 neque
891 1730 1225 1786 damonibus
1297 1728 1349 1784 in
1413 1744 1473 1785 se
1534 1728 1665 1784 olim
1732 1728 2021 1798 imperium
2090 1726 2234 1783 obti-

658 1822 913 1877 nentibus
976 1820 1177 1876 subditi
1226 1819 1355 1874 sint.
1404 1817 1611 1887 Quibus
1667 1818 1929 1874 Servator
1974 1817 2090 1888 ipse
2136 1831 2231 1887 pa-

657 1928 775 1971 cem
823 1926 1123 1981 procurans
1170 1925 1325 1967 suam
1362 1911 1439 1966 ait
1468 1929 1481 1964 :
1533 1906 1561 1962 ἰ
1597 1908 1793 1964 Pacem
1826 1922 2003 1964 meam
2036 1908 2107 1965 do
2140 1923 2235 1963 νο-
2267 1884 2308 1940 Β

659 2000 744 2062 bis
771 2005 837 2061 η.
886 2023 905 2057 ι

730 2096 891 2151 Vens.
927 2097 982 2151 5.
1024 2115 1043 2148 ι
1084 2094 1152 2150 Et
1196 2110 1365 2161 nunc,
1404 2095 1599 2151 domus
1640 2093 1829 2159 Jacob,
1865 2091 2072 2157 venite,
2119 2106 2230 2145 am-

658 2187 906 2244 bulemus
940 2187 995 2242 in
1040 2185 1248 2241 lumine
1290 2186 1526 2243 Domini.
1558 2204 1578 2239 ι
1608 2184 2024 2256 Consequenter
2054 2186 2238 2255 itaque

657 2281 943 2351 propheta,
965 2287 1249 2349 postquam
1273 2280 1515 2347 gentium
1542 2278 1904 2341 vocationem,
1931 2284 1987 2331 et
2011 2273 2235 2331 eii‘usam

657 2372 712 2428 in
753 2386 942 2427 omnes
992 2369 1240 2426 homines
1294 2384 1485 2439 pacem
1540 2368 1853 2435 recensuit,
1904 2382 2061 2423 suum
2108 2380 2237 2434 erga

658 2462 957 2518 familiares
1004 2477 1134 2518 suos
1183 2461 1441 2517 eiectum
1495 2470 1940 2535 commonstrat:
1970 2457 2226 2529 populum

658 2571 817 2610 suum
848 2552 1369 2620 commonefaciens,
1404 2561 1465 2607 ut
1520 2550 1722 2607 Christi
1770 2550 2006 2621 gratiam
2055 2548 2235 2603 omni-

657 2648 759 2702 bus
785 2646 1043 2716 gentibus
1078 2646 1262 2701 datam
1305 2654 1360 2700 et
1409 2643 1589 2698 lumen
1634 2642 2008 2713 evangelicum
2061 2643 2238 2697 susci-

658 2739 823 2811 piat:
867 2752 1137 2808 seseque.
1194 2738 1262 2792 ad
1318 2737 1701 2792 concitandum
1756 2734 2238 2805 instigandumque

657 2830 960 2899 populum,
1023 2828 1214 2883 iisdem
1278 2826 1622 2890 adnumerat,
1677 2835 1978 2894 auctorque
2034 2835 2120 2881 est
2178 2835 2239 2881 ut

660 2922 832 2977 lucem
868 2920 1081 2975 Domini
1139 2920 1356 2975 adeant.
1395 2917 1592 2974 Lucem
1634 2934 1797 2989 porro
1820 2918 2036 2974 Domini
2081 2929 2240 2974 vocat

656 3012 833 3083 legem
884 3010 1018 3067 Novi
1072 3011 1408 3067 Testamenti
1459 3027 1526 3068 ex
1576 3010 1709 3065 Sion
1768 3009 2155 3080 prodeuntem,
2182 3020 2239 3067 et

658 3105 902 3162 salutare
921 3103 1407 3174 evangelicumque
1435 3102 1685 3157 verbum.

2340 607 2612 679 προτέραν
2644 605 2873 674 πλάνην,
2917 605 2950 673 ἢ
3002 604 3129 666 τοὺς
3165 604 3239 676 μὴ
3270 604 3350 666 εἰς
3380 603 3541 657 αὑτὸν
3570 606 3908 658 πεπιστευκό-

2337 716 2438 763 τας
2477 697 2701 767 ἐλέγξας
2726 695 2877 767 παρά
2920 695 3021 766 τὴν
3073 694 3251 751 αὐτῶν
3290 697 3468 752 αἰτίαν
3499 696 3904 766 ἀπολλυμένους.

2417 818 2435 851 ι
2458 800 2569 853 Καὶ
2601 798 2928 867 συγκόψουσι
2950 793 3050 858 τὰς
3083 793 3359 865 μαχαίρας
3392 790 3572 845 αὐτῶν
3596 790 3677 853 εἰς
3702 789 3906 861 ἄροτρα,

2341 894 2435 947 καὶ
2464 892 2561 955 τάς
2596 890 2817 955 ζιὸύνας
2854 887 3144 949 αύτῶν.εἰς
3168 886 3444 956 δρέπανω
3482 884 3575 938 καὶ
3612 883 3671 936 ού
3706 883 3778 953 μὴ
3816 883 3907 954 ἄρῃ

2341 983 2493 1045 ἔθνος
2520 970 2605 1035 ἐπ’
2629 980 2780 1043 ἔθνος
2811 977 3107 1049 μάχαιραν,
3136 976 3231 1029 καὶ
3253 975 3313 1027 ού
3350 974 3425 1046 μὴ
3459 973 3703 1045 μάθωσιν
3725 970 3799 1023 ἔτι
3829 989 3909 1025 πο-

2340 1076 2548 1146 λεμεῖν.
2577 1093 2595 1125 ι
2633 1071 2831 1126 Οὐκέτι
2865 1070 2975 1142 γὰρ
3007 1068 3346 1121 διδάσκονται
3376 1066 3446 1119 τά
3474 1063 3764 1136 πολεμικὰ,
3790 1062 3823 1117 ἃ
3853 1062 3908 1133 δὴ

2341 1168 2603 1238 πρότερον
2623 1165 2699 1229 ώς
2723 1165 2996 1233 ἀναγκαῖα
3018 1163 3081 1215 ἐκ
3105 1160 3307 1215 παίδων
3335 1158 3456 1212 κατ’
3485 1158 3687 1230 ἀγροὺς
3711 1155 3801 1209 καὶ
3823 1172 3911 1208 κα-

2340 1260 2411 1313 τά
2463 1260 2644 1323 πόλεις
2686 1257 2954 1327 ἠσκοῦντο
2979 1255 3065 1309 διά
3098 1254 3189 1308 τὸν
3235 1253 3347 1307 ἀπὸ
3398 1252 3505 1306 τῶν
3540 1247 3910 1323 πλησιοχώρων

2344 1351 2616 1424 πολεμίων
2656 1350 2820 1421 φόϐον
2844 1367 2857 1379 ·
2894 1348 3030 1403 ἀλλά
3066 1348 3158 1401 καὶ
3184 1346 3233 1399 οἱ
3256 1342 3677 1413 καταδεξάμενοι
3699 1342 3785 1396 τὸν
3807 1342 3909 1393 Κύ-

2342 1462 2456 1516 ριον
2501 1444 2656 1516 ήμῶν
2695 1440 2900 1515 Ἰησοῦν
2928 1440 3184 1513 Χριστὸν,
3222 1439 3403 1508 πάσης
3454 1435 3756 1506 πολεμικῆς
3787 1449 3909 1505 προ-

2339 1538 2602 1607 αιρέσεως
2636 1534 3061 1603 ἀπαλλαγέντες,
3095 1534 3153 1585 ἐν
3183 1532 3377 1605 εἰρήνῃ
3399 1528 3583 1582 λοιπὸν
3612 1528 3905 1596 διάγουσιν·

2340 1630 2415 1693 ὡς
2455 1628 2653 1702 μηκέτι
2688 1628 2794 1681 ὑπό
2829 1627 2933 1681 τῶν
2957 1608 3345 1696 ἀντικειμένων
3369 1623 3651 1692 δυνάμεων
3677 1620 3913 1689 πολεμεῖ-

2342 1719 2487 1784 σθαι,
2527 1719 2661 1791 μηδέ
2692 1719 3035 1791 ὑποχειρίους
3063 1714 3201 1771 εἶναι
3234 1716 3343 1769 τῶν
3373 1714 3540 1770 πάλαι
3581 1712 3911 1783 κρατούντων

2340 1816 2518 1869 αὐτῶν
2565 1813 2857 1885 δαιμόνων.
2888 1807 2983 1877 Ui;
3011 1813 3106 1866 καὶ
3138 1813 3166 1865 ό
3194 1811 3385 1883 Σωτήρ
3405 1810 3567 1872 αὐτὸς
3598 1811 3698 1881 τὴν
3732 1806 3911 1862 ἑαυτοῦ

2337 1906 2613 1980 προξενῶν
2647 1906 2867 1978 εἰρήνην
2901 1904 3071 1976 φησί’
3120 1923 3139 1955 ι
3166 1904 3403 1975 Εἰρήνην
3426 1903 3527 1973 τὴν
3557 1903 3697 1974 ἐμήν
3736 1901 3911 1971 δίδωμι

2336 2001 2485 2071 ὑμῖν.

2413 2111 2431 2144 ι
2464 2091 2573 2147 Καὶ
2602 2091 2718 2154 νῦν,
2746 2090 2776 2143 ό
2803 2085 2951 2154 οἶκος
2977 2089 3071 2143 τοῦ
3112 2087 3329 2153 Ἰακὼδ,
3366 2087 3544 2152 δεῦτε,
3575 2085 3915 2160 πορευθῶμεν

2336 2186 2394 2238 ἐν
2423 2184 2501 2256 τῷ
2523 2185 2662 2253 φωτὶ
2687 2182 2914 2255 Κυρίου.
2942 2201 2961 2234 ι
3006 2181 3338 2245 ’Δκολούθως
3366 2181 3543 2235 τοίνυν
3568 2183 3596 2234 ό
3619 2180 3913 2252 προφήτης,

2338 2276 2625 2345 διεξελθὼν
2663 2275 2772 2330 τῶν
2811 2274 2982 2328 ἐθνῶν
3024 2274 3124 2346 τὴν
3161 2273 3377 2344 κλῆσιν,
3413 2273 3507 2327 καὶ
3540 2274 3638 2344 τὴν
3675 2272 3915 2343 χυθεῖσαν

2338 2372 2419 2433 εἰς
2450 2369 2657 2432 πάντας
2679 2366 3000 2441 ἀνθρώπους
3031 2368 3275 2438 εἰρήνην,
3309 2366 3408 2437 τὴν
3436 2369 3513 2430 εἰς
3533 2367 3659 2430 τοὺς
3698 2367 3917 2429 οἰκείως

2338 2458 2671 2514 ἐνδείκνυται
2690 2456 3090 2528 φιλοστοργίαν,
3121 2455 3456 2528 παρακαλῶν
3483 2457 3573 2510 τὸν
3589 2457 3717 2511 λαὸν
3739 2455 3915 2520 αὑτοῦ,

2337 2549 2699 2615 ὑποδέξασθαι
2720 2549 2819 2619 τὴν
2842 2550 2976 2603 πᾶσι
3000 2551 3113 2613 τοίς
3133 2548 3312 2602 ἔθνεσι
3326 2547 3663 2619 δωρηθεωαν
3681 2547 3777 2601 τοῦ
3801 2548 3919 2619 Χρι-

2339 2639 2466 2696 στοῦ
2491 2642 2672 2712 χάριν,
2706 2640 2798 2694 καὶ
2828 2640 2891 2694 τὸ
2928 2638 3044 2710 φῶς
3075 2639 3137 2693 τὸ
3178 2639 3551 2709 εύαγγελικόν.
3583 2637 3916 2709 Συγκαταλὲ·

2337 2752 2425 2804 γει
2448 2734 2505 2788 δὲ
2537 2734 2767 2797 ἐκείνοις
2794 2735 2889 2788 καὶ
2916 2732 3128 2799 ἑαυτὸν,
3157 2735 3238 2798 εἰς
3264 2733 3577 2806 προτροπὴν
3608 2736 3705 2788 καὶ
3724 2732 3919 2806 παρόρ-

2342 2844 2509 2899 μησιν
2527 2825 2620 2880 τοῦ
2661 2826 2815 2891 λαοῦ,
2846 2824 3249 2897 παραινετικῶς
3275 2824 3607 2897 παρακαλῶν
3632 2810 3730 2880 τοῦ
3754 2824 3921 2894 φωτὸς

2338 2918 2547 2991 Κυρίου
2580 2919 3009 2990 μεταλαγχάνειν
3026 2937 3040 2949 ·
3067 2918 3184 2990 φῶς
3211 2919 3417 2992 Κυρίου
3447 2918 3731 2990 ὀνομάζων
3753 2918 3844 2971 τὸν
3862 2918 3922 2969 ἐκ

2340 3009 2478 3065 Σιὼν
2506 3010 2835 3083 προελθόντα
2855 3012 3019 3082 νόμον
3044 3012 3145 3083 τῆς
3161 3012 3368 3083 Καινῆς
3394 3012 3687 3084 Διαθήκης,
3714 3011 3809 3066 καὶ
3837 3008 3922 3063 τὸν

2340 3104 2609 3175 σωτήριον
2642 3106 2738 3158 καὶ
2766 3104 3120 3174 εὐαγγελικδν
3147 3105 3327 3174 λόγον.

730 3192 897 3250 Vna;
925 3193 980 3249 6.
1014 3212 1034 3246 ι
1071 3192 1285 3249 Dimisit
1308 3191 1453 3246 enim
1496 3190 1753 3262 populum
1793 3204 1950 3246 suum
1972 3227 1989 3256 ,
2019 3192 2235 3246 domum

2418 3214 2437 3248 ι
2460 3196 2657 3267 Ἀνῆκε
2683 3196 2790 3269 γάρ
2812 3197 2903 3251 τὸν
2922 3196 3048 3250 λαὸν
3069 3198 3256 3263 αὑτοῦ,
3284 3196 3375 3251 τδν
3396 3192 3543 3252 οἰκον
3583 3196 3825 3269 Ἰσραὴλ,
3846 3196 3924 3250 ὅτι

657 3286 828 3341 Israel
876 3299 892 3339 :
944 3285 1073 3355 quia
1125 3284 1334 3353 repleta
1393 3290 1479 3337 est
1537 3292 1597 3337 ut
1659 3297 1690 3337 a
1752 3282 2021 3353 principio
2089 3292 2234 3337 terra

655 3392 848 3432 eorum
906 3377 1179 3433 vaticiniis
1217 3417 1232 3444 ,
1295 3386 1358 3433 ut
1422 3388 1567 3434 terra
1629 3375 2061 3447 alienigenarum
2108 3392 2126 3433 :
2180 3386 2237 3430 et

660 3470 812 3524 multi
886 3470 985 3525 lilii
1033 3470 1352 3542 alienigenae
1391 3470 1520 3526 facti
1572 3478 1699 3526 sunt
1741 3469 1844 3525 eis.
1882 3486 1904 3521 ι
1948 3468 2045 3524 Hic
2082 3470 2235 3538 quasi

656 3560 772 3616 Deo
817 3560 1187 3618 defensionem
1265 3576 1467 3631 parans
1501 3603 1517 3629 ,
1597 3575 1823 3616 causam
1900 3559 2059 3616 affert
2140 3576 2239 3615 cur

657 3667 756 3708 eos
788 3651 1054 3707 dimiserit
1086 3652 1174 3709 his
1219 3652 1402 3708 verbis
1432 3670 1446 3708 :
1480 3670 1499 3704 ι
1529 3651 1669 3719 Quia
1719 3652 1927 3723 repleta
1978 3659 2083 3715 est,
2120 3664 2236 3706 uta

660 3744 947 3815 principio,
997 3751 1143 3798 terra
1198 3758 1388 3799 eorum
1436 3743 1733 3810 vaticiniis,
1790 3762 1810 3795 ι
1867 3752 1922 3799 et
1969 3754 2171 3799 caetera
2221 3761 2236 3797 :

661 3838 858 3907 quibus
900 3835 1143 3891 declarat
1185 3835 1362 3905 ipsum
1408 3850 1516 3891 non
1572 3835 1692 3891 sine
1737 3849 1908 3891 causa
1955 3849 2052 3891 eos
2082 3837 2241 3891 dirui-

560 4006 563 4011 !
660 3932 820 3986 sisse.

733 4022 897 4077 Vsus.
932 4022 1045 4077 7-9.
1089 4038 1106 4073 ι
1146 4018 1371 4091 Replela
1412 4028 1499 4076 est
1545 4019 1690 4074 enim
1734 4028 1883 4075 terra
1922 4034 2111 4076 eorum
2159 4035 2241 4077 ar-

664 4126 827 4183 gemo
858 4123 913 4168 et
944 4127 1113 4180 auro,
1159 4120 1216 4166 οι
1256 4127 1383 4167 ιιοῐιν
1407 4121 1527 4168 erat
1559 4126 1822 4167 numerus
1854 4113 2239 4167 ιίιεεοιιτοινιιιῐι

666 4208 915 4264 illorum:
952 4214 1008 4261 et
1040 4205 1242 4275 repleta
1275 4215 1362 4260 est
1388 4214 1531 4262 terra
1562 4206 1747 4274 equis,
1784 4213 1841 4261 et
1872 4205 2242 4261 innumerabi-

663 4298 742 4354 ies
771 4312 963 4353 currus
997 4295 1116 4365 ejus
1144 4314 1157 4349 :
1192 4304 1247 4350 et
1281 4294 1486 4366 repleta
1516 4305 1602 4351 est
1633 4305 1781 4351 terra
1816 4297 2243 4353 abominatioiii-

663 4392 766 4446 bus
786 4404 1009 4461 operum
1034 4404 1290 4445 manuum
1314 4404 1504 4446 eorum
1523 4431 1538 4457 ,
1565 4398 1621 4446 et
1643 4390 2007 4446 adoraverunt
2026 4404 2090 4446 ea
2118 4406 2238 4462 qua:

661 4482 913 4539 fecerunt
954 4483 1106 4555 digiti
1137 4497 1362 4538 eorum:
1404 4491 1461 4538 et
1496 4482 1805 4538 incurvavit
1850 4496 1910 4537 se
1954 4482 2150 4549 homo,
2186 4494 2242 4537 et

2339 3287 2581 3359 ἐπλήσθη
2617 3286 2692 3351 ώς
2714 3289 2775 3342 τὸ
2801 3290 2896 3343 ἀπ’
2915 3290 3139 3362 ἀρχῆςή
3163 3290 3313 3363 χώρα
3327 3290 3507 3344 αὐτῶν
3535 3288 3924 3363 κληδονισμῶν,

2338 3381 2414 3444 ώς
2444 3382 2477 3451 ή
2507 3380 2618 3433 τῶν
2653 3380 2986 3450 ἀλλοφύλων,
3024 3384 3119 3437 καὶ
3155 3382 3322 3437 τέκνα
3356 3382 3525 3437 πολλά
3567 3383 3845 3454 ἀλλόφυλα
3877 3384 3929 3436 ἐ-

2338 3470 2539 3542 γενήθη
2567 3472 2768 3536 αὐτοῖς.
2798 3491 2816 3523 ι
2850 3472 2950 3525 Διά
2979 3472 3032 3527 τί
3057 3473 3114 3526 δὲ
3141 3473 3304 3528 αὑτὸν
3326 3475 3546 3546 ἀνῆκεν,
3581 3475 3778 3549 ὥσπερ
3797 3476 3928 3530 ἀπο-

2338 3562 2663 3634 λογούμενος
2698 3565 2838 3636 ὑπὲρ
2864 3564 2961 3618 τοῦ
3010 3564 3166 3631 Θεοῦ,
3200 3565 3301 3630 τάς
3330 3567 3509 3631 αἰτίας
3550 3567 3769 3639 τίθησιν
3804 3568 3927 3637 ἑξῆς

2339 3656 2635 3728 ἐπιφέρων⁸
2675 3658 2829 3711 ι”υτι
2850 3657 3156 3731 ἐνεπλήσθη
3189 3662 3222 3732 ή
3254 3660 3406 3731 χώρα
3432 3661 3612 3714 αὐτῶν
3644 3661 3725 3725 ὡς
3750 3661 3813 3714 τὸ
3837 3659 3928 3715 ἀπ’

2341 3747 2516 3819 ἀρχῆς
2544 3748 2940 3819 κλῃδονισμῶν,
2964 3773 2982 3803 ο
3041 3752 3135 3806 καὶ
3160 3753 3229 3806 τά
3253 3751 3379 3825 ἐξῆς
3403 3770 3417 3782 °
3468 3754 3533 3806 δι’
3555 3745 3630 3807 ὧν
3660 3753 3929 3826 παρίστη-

2344 3855 2448 3903 σιν,
2472 3840 2552 3892 ὃτι
2578 3840 2651 3912 μὴ
2683 3840 2891 3911 ἀλόγως
2921 3843 3116 3907 αὐτοὺς
3139 3845 3360 3917 ἀνῆκεν.

2419 4037 2437 4070 ι
2492 4018 2826 4092 Ἐνεπλήσθη
2877 4021 2987 4093 γάρ
3021 4024 3055 4093 ή
3098 4023 3252 4095 χώρα
3294 4025 3475 4079 αὐτῶν
3527 4028 3802 4100 ἀργυρίου
3842 4028 3932 4083 καὶ

2342 4114 2588 4183 χρυσίου,
2622 4115 2715 4167 καὶ
2748 4114 2847 4168 ούκ
2874 4110 2941 4187 ἦν
2979 4116 3213 4188 ἀριθμὸς
3243 4118 3353 4171 τῶν
3386 4120 3682 4192 θησαυρῶν
3717 4121 3927 4177 αὐτῶν·

2343 4206 2437 4258 καὶ
2467 4206 2771 4277 ἐνεπλήσθη
2806 4208 2840 4279 ή
2870 4207 2942 4278 γῆ
2972 4208 3177 4275 ἵππων,
3204 4212 3300 4265 καὶ
3321 4213 3421 4266 οὐκ
3452 4208 3521 4283 ἦν
3555 4214 3795 4287 ἀριθμὸς
3828 4215 3932 4267 τῶν

2345 4297 2604 4370 ἁρμάτων
2641 4299 2854 4353 αὐτῶν·
2890 4301 2986 4355 καὶ
3017 4303 3322 4377 ἐνεπλήσθη
3355 4308 3388 4379 ή
3424 4306 3497 4377 γῆ
3541 4305 3932 4379 βδελυγμάτων

2342 4388 2448 4441 τῶν
2507 4388 2681 4461 ἔργων
2722 4390 2831 4444 τῶν
2870 4393 3067 4465 χειρῶν
3117 4395 3330 4462 αὐτῶν,
3382 4399 3475 4451 καὶ
3508 4400 3934 4472 προσεκύνησαν

2342 4476 2425 4545 οἷς
2455 4483 2717 4554 ἐποίησαν
2748 4486 2795 4537 οἱ
2826 4485 3080 4539 δάκτυλοι
3115 4487 3297 4541 αὐτῶν
3315 4504 3329 4519 ο
3361 4490 3455 4543 καὶ
3488 4490 3689 4547 ἔκυψεν
3719 4492 3957 4565 ἀνθρωο,

663 4575 986 4632 humiliatus
1028 4584 1115 4631 est
1171 4576 1274 4630 vir.
1303 4578 1339 4627 ἰ
1397 4574 1637 4642 Eorum,
1690 4589 2083 4646 quorumnam,
2137 4577 2238 4631 nisi

2346 4590 2464 4637 πος,
2506 4575 2601 4640 καὶ
2633 4574 2971 4647 ἐταπεινώθη
3020 4578 3180 4649 ἀνήρ.
3238 4598 3256 4630 ι
3295 4579 3466 4634 Τίνων
3500 4580 3703 4647 αὐτῶν,
3742 4584 3776 4655 ἢ
3829 4583 3935 4637 τῶν

661 4668 1094 4737 alienigenarum
1117 4667 1479 4722 habitatorum
1506 4668 1598 4739 qui
1631 4670 1999 4723 adoraverunt
2025 4684 2089 4725 ea
2120 4685 2243 4739 qua:

663 4757 918 4815 fecerunt
940 4758 1093 4828 digiti
1122 4759 1345 4814 eorum?
1387 4758 1511 4815 Haec
1534 4775 1698 4829 porro
1725 4762 1911 4818 omnia
1945 4772 2139 4833 gentes
2169 4764 2243 4817 si-

664 4851 927 4922 gniﬁcant
966 4851 1321 4923 alienigenas,
1356 4867 1477 4923 quas
1523 4854 1577 4909 in
1619 4851 1925 4909 Jerusalem
1971 4864 2027 4910 et
2061 4856 2113 4909 in
2142 4854 2241 4910 Ju-

672 4945 783 4996 ilaca
808 4943 1134 4998 habitatura:
1165 4951 1343 4999 erant.
1391 4944 1522 5011 Qua:
1562 4954 1683 5015 post
1726 4944 2030 5002 Salvatoris
2068 4947 2237 5003 nostri

670 5035 983 5099 adventum,
1007 5042 1061 5089 et
1086 5043 1205 5104 post
1226 5034 1487 5089 emissam
1508 5034 1679 5089 lucem
1703 5035 2096 5107 evangelicam,
2119 5050 2239 5106 quae

673 5122 999 5178 illuminavit
1051 5138 1240 5179 omnes
1302 5132 1536 5194 gentes,
1586 5126 1852 5194 completa
1901 5136 2066 5182 sunt:
2112 5127 2237 5196 quia

673 5215 995 5285 prophetam
1047 5230 1151 5270 non
1195 5218 1504 5281 audierunt,
1555 5230 1617 5270 se
1668 5216 1744 5272 ita
1797 5218 2233 5288 compellanlem,

676 5326 699 5358 ς
740 5308 948 5376 Venite,
984 5308 1415 5366 ambulemus'in
1449 5309 1658 5365 lumine
1694 5311 1929 5366 Domini.
1970 5330 1990 5363 ι

706 5466 905 5547 δθιιιε.
941 5490 1126 5546 ιο-ιε.
1160 5510 1178 5543 ι
1214 5493 1280 5546 Et
1307 5507 1413 5547 non
1440 5492 1707 5548 dimittam
1738 5507 1871 5549 eos:
1904 5504 1959 5550 et
2002 5494 2241 5567 ingredi-

675 5585 804 5638 mini
840 5585 891 5638 in
945 5597 1150 5654 petras,
1196 5596 1250 5641 et
1289 5586 1686 5642 abscondimini
1722 5588 1774 5641 in
1830 5599 1969 5643 terra
2018 5603 2047 5641 a
2101 5587 2241 5643 facie

677 5675 888 5729 timoris
920 5675 1127 5730 Domini
1158 5686 1214 5731 et
1256 5692 1286 5731 a
1322 5677 1493 5748 gloria
1526 5676 1868 5738 fortitudinis
1898 5679 2017 5751 ejus
2050 5698 2063 5736 :
2116 5694 2239 5736 cum

750 5820 791 5850 ι’
814 5817 966 5873 Joan.
998 5834 1106 5883 xw,
1133 5819 1222 5874 27.

2346 4666 2656 4737 ἀλλοφύλων
2688 4669 2986 4740 οἰκητόρων
3018 4670 3067 4722 οἳ
3102 4674 3197 4724 καὶ
3232 4673 3645 4745 προσεκύνησαν
3674 4672 3763 4740 οἷς
3794 4677 3935 4731 ἐποί-

2348 4773 2483 4827 ησαν
2516 4760 2563 4810 οἰ
2598 4757 2852 4811 δάκτυλοι
2904 4759 3115 4825 αὑτῶν;
3164 4762 3351 4815 Ταῦτα
3390 4764 3567 4817 πάντα
3613 4763 3938 4838 σημαντικά

2345 4849 2599 4919 τυγχάνει
2642 4849 2954 4918 ἀλλοφύλων
2992 4852 3180 4914 ἐθνῶν,
3214 4855 3515 4924 μελλόντων
3552 4859 3728 4912 οἰκεῖν
3766 4860 3937 4931 αὐτήν

2347 4956 2404 4991 τε
2437 4940 2533 5010 τὴν
2571 4940 2930 5013 Ἰερουσαλὴμ
2974 4944 3067 4996 καὶ
3093 4944 3189 5015 τὴν
3235 4946 3492 5000 Ἰουδαίαν
3521 4947 3735 5019 χώραν.
3782 4953 3851 5004 ’Δ
3874 4950 3937 5022 δὴ

2348 5032 2648 5103 ἐπληροῦτο
2694 5033 2833 5103 μετὰ
2867 5035 2965 5105 τήν
2998 5034 3091 5089 τοῦ
3124 5037 3375 5110 Σωτῆρος
3404 5040 3560 5111 ήμῶν
3602 5048 3937 5115 παρουσίαν,

2347 5125 2440 5175 καὶ
2476 5124 2615 5194 μετὰ
2647 5124 2739 5177 τὸν
2780 5125 2935 5194 λόγον
2965 5128 3057 5182 τὸν
3102 5132 3412 5199 φωτίσαντα
3447 5132 3623 5186 πάντα
3660 5134 3735 5189 τὰ
3771 5136 3901 5207 ἔθνη
3923 5155 3936 5167 ·

2347 5218 2531 5290 ἐπειδὴ
2574 5219 2649 5290 μὴ
2693 5220 3009 5290 ὑπήκουσαν
3040 5222 3133 5276 τοῦ
3184 5225 3513 5296 κεκληκότος
3555 5227 3767 5293 αὐτοὺς
3804 5248 3939 5299 προ-

2346 5311 2544 5380 φήτου·
2582 5330 2599 5362 ι
2646 5311 2807 5367 Δεῦτε
2856 5314 2948 5367 καὶ
2996 5315 3350 5387 πορευθῶμεν
3394 5319 3451 5370 ἐν
3502 5317 3581 5388 τῷ
3623 5325 3778 5389 φωτὶ
3828 5325 3939 5377 κν-

2353 5419 2487 5473 ριου.
2525 5423 2544 5456 ι

2430 5514 2448 5547 ι
2485 5498 2594 5551 Καὶ
2626 5498 2686 5550 ού
2720 5498 2794 5569 μὴ
2832 5499 3016 5570 ἀνήσω
3059 5502 3290 5566 αὐτοὺς,
3322 5504 3417 5557 καὶ
3447 5506 3836 5564 συνεισέλθετε
3866 5512 3941 5573 εἰς

2348 5586 2447 5651 τὰς
2483 5589 2705 5659 πέτρας,
2738 5590 2833 5643 καὶ
2863 5589 3172 5662 κρύπτεσθε
3202 5596 3283 5659 εἰς
3312 5595 3411 5667 τὴν
3441 5597 3543 5667 γῆν
3572 5599 3685 5651 ἀπὸ
3718 5602 3941 5671 προσώ-

2352 5698 2453 5733 που
2485 5680 2579 5735 τοῦ
2605 5681 2767 5751 φόϐου
2799 5683 3027 5755 Κυρίου,
3058 5687 3152 5740 καὶ
3179 5688 3285 5742 ἀπὸ
3310 5689 3409 5761 τῆς
3436 5690 3596 5763 δόξης
3625 5694 3731 5766 τῆς
3760 5695 3941 5768 ἰσχύος
