4090 6418
662 435 764 491 ³307
1332 425 1595 485 EUSEBII
1631 412 2106 481 CESARIENSIS
2142 410 2290 475 OPP.
2335 414 2513 475 PARS
2553 420 2639 475 Ill.
2683 450 2750 460 -—
2789 416 3201 473 EXECETlCA.
3819 410 3921 466 l08

1266 566 1492 623 CAPUT
1526 567 1613 622 ιιι.
2247 544 2297 599 Α
2875 557 2881 610 ι

2247 544 2297 599 Δ
2875 553 3269 610 usit/won
3306 550 3377 605 β.

737 661 894 717 V'ns.
940 658 1061 714 1-2.
1096 676 1113 710 t
1150 656 1289 712 Ecce
1333 655 1590 711 Dominus
1642 652 1883 707 Sabaoth
1939 648 2148 705 auferet
2188 662 2219 700 a

2400 668 2419 700 ι
2463 648 2593 703 Ἰδοὺ
2623 649 2689 719 δὴ
2716 650 2744 701 ὁ
2781 648 3048 716 δεσπότης
3077 645 3283 717 Κύριος
3320 641 3550 699 Σαϐαὼθ
3589 642 3783 712 ἀφελεῖ
3808 642 3919 695 ἀπὸ

659 754 839 806 Jndaa
869 759 924 806 et
959 766 987 805 a
1023 746 1346 811 Jerusalem,
1390 746 1670 801 robustum
1700 752 1755 799 et
1795 744 2069 798 robustam
2090 782 2105 807 ,
2142 753 2223 794 ro-

2323 737 2424 808 τῆς
2480 738 2739 800 Ἰουδαίας
2793 738 2889 791 καὶ
2932 736 3040 790 ἀπὸ
3095 735 3475 808 Ἰερουσαλήμ,
3520 732 3777 803 ἰσχύοντα
3821 734 3920 786 καὶ

658 846 760 897 bur
790 842 945 913 panis
970 851 1028 896 et
1060 840 1226 895 robur
1269 852 1445 908 aquae,
1488 836 1763 907 gigantem
1814 845 1867 889 et
1914 836 2104 897 fortem
2143 830 2223 885 vi-

2327 829 2613 899 ἰσχύουσαν
2637 869 2653 893 ,
2691 830 2845 899 ίσχὺν
2873 829 3040 899 ἄρτου
3078 827 3172 879 καὶ
3221 828 3375 897 ίσχὺν
3404 826 3634 892 ὕδατος,
3678 824 3918 896 γίγαντα

657 948 805 995 rum,
875 931 1188 985 bellatorem
1256 938 1310 984 et
1358 925 1616 995 iudicem,
1668 933 1727 979 et
1769 924 2126 994 prophetam,
2165 931 2223 977 et

2326 921 2420 975 καὶ
2448 920 2698 991 ίσχύοντα
2718 919 3022 991 ἄνθρωπον,
3048 918 3380 990 πολεμιστήν
3398 918 3495 973 καὶ
3510 918 3792 987 δικαστήν,
3820 919 3918 971 καὶ

658 1020 913 1085 ariolum,
951 1029 1005 1075 et
1034 1034 1241 1075 senem.
1276 1038 1294 1070 ι
1332 1018 1387 1073 1d
1420 1031 1583 1087 porro
1612 1017 1887 1086 continget
1936 1014 2069 1079 illis,
2110 1026 2219 1067 non

2327 1016 2634 1085 προφήτην,
2658 1014 2752 1067 καὶ
2775 1012 3099 1084 στοχαστήν,
3133 1013 3228 1066 καὶ
3261 1011 3655 1083 πρεσϐύτερον.
3696 1030 3715 1062 ι
3738 1009 3918 1064 Τοῦτο

657 1111 728 1166 ob
758 1110 1138 1174 idololatriam,
1164 1124 1265 1164 nec
1294 1109 1363 1163 ob
1396 1108 1501 1163 alia
1537 1108 1783 1178 quaedam
1816 1105 2091 1170 facinora;
2127 1103 2220 1158 sed

2322 1105 2379 1158 δὲ
2411 1105 2746 1177 συμϐήσεται
2769 1104 2973 1169 αὐτοῖς,
2996 1103 3119 1158 οὔτε
3139 1104 3206 1157 δι’
3230 1103 3691 1173 είδωλολατρείαν,
3707 1101 3832 1156 οὔτε
3843 1100 3915 1156 δι’

657 1204 728 1258 ob
755 1201 925 1256 solum
967 1202 1251 1257 consilium
1283 1216 1407 1256 vere
1448 1201 1695 1271 impium,
1734 1199 1999 1256 nefarium
2027 1206 2083 1252 et
2127 1196 2222 1251 im-

2323 1196 2517 1269 ἑτέρας
2558 1195 2785 1267 πράξεις
2824 1196 3005 1259 τινάς·
3054 1195 3143 1249 διὰ
3186 1196 3356 1267 μόνην
3399 1196 3457 1250 δὲ
3500 1194 3696 1267 βουλήν
3748 1194 3913 1250 ἄθεον

658 1293 887 1364 probqu
942 1303 1133 1349 contra
1197 1293 1485 1349 Dominum
1554 1292 1768 1347 initum.
1837 1292 2222 1347 Animadverte

2322 1285 2559 1358 ἀληθῶς,
2595 1286 2688 1340 καὶ
2728 1285 2922 1355 ἀσεϐῆ,
2960 1286 3055 1339 καὶ
3091 1285 3355 1357 πονηρὰν,
3382 1285 3481 1357 τὴν
3506 1285 3647 1338 κατὰ
3678 1284 3771 1339 τοῦ
3807 1287 3918 1339 Κυ-

660 1384 822 1452 igitur
866 1398 974 1453 quo
1016 1390 1174 1453 pacto
1226 1392 1347 1451 post
1402 1381 1522 1435 illas
1568 1396 1759 1437 onmes
1795 1382 2057 1437 adversus
2099 1379 2221 1435 illos

2325 1379 2462 1448 ρίου.
2502 1377 2612 1433 Θέα
2650 1377 2781 1449 γοῦν
2818 1379 2969 1444 ὅπως
3006 1378 3145 1451 μετᾶ
3192 1379 3373 1442 πάσας
3410 1378 3509 1442 τὰς
3560 1381 3685 1432 κατ’
3728 1378 3916 1433 αὐτῶν

655 1476 951 1531 intentatas
992 1475 1187 1538 minas,
1220 1473 1304 1528 his
1346 1474 1525 1527 verbis
1553 1471 1749 1528 inferat
1780 1490 1795 1526 :

1392 1474 1525 1527 erbis
1553 1471 1749 1528 inferat.
1780 1490 1795 1526 :
2322 1470 2551 1537 ἀπειλὰς
2579 1472 2776 1541 ἐπάγει
2801 1471 2975 1541 λέγων
2994 1488 3007 1502 ο

724 1583 745 1618 ι
768 1566 1050 1621 Peccatum
1078 1576 1254 1620 autem
1285 1580 1495 1627 eorum,
1528 1566 1680 1634 quasi
1714 1564 2092 1630 Sodomorum,
2117 1578 2219 1621 an-

2397 1580 2416 1614 t
2450 1562 2561 1634 Τὴν
2583 1562 2641 1617 δὲ
2668 1563 2941 1636 ἁμαρτίαν
2969 1562 3150 1617 αὐτῶν
3178 1564 3254 1627 ὡς
3284 1563 3532 1633 Σοδόμων
3564 1563 3915 1635 ἀπήγγειλαν

651 1661 1097 1716 nuntiaveruntet
1113 1660 1257 1715 decla
1269 1671 1541 1719 raveruut.
1556 1660 1646 1716 Vm
1658 1660 1850 1715 animae
1864 1675 2073 1728 eorum,
2090 1661 2219 1731 quia

2320 1654 2415 1707 καὶ
2459 1654 2802 1723 ἐνεφάνισαν.
2853 1654 2990 1708 Ούα)⁸
3025 1656 3089 1724 τῇ
3135 1653 3281 1724 ψυχῇ
3329 1653 3531 1717 αὐτῶν,
3590 1655 3672 1708 ὅτι
3720 1648 3913 1727 βεϐού-

649 1753 887 1807 inierunt
918 1752 1200 1807 consilium
1237 1751 1432 1805 malum
1452 1761 1638 1807 contra
1674 1754 1901 1822 seipsos,
1934 1752 2215 1809 dicentes:

2319 1745 2533 1801 λευνται
2576 1748 2774 1821 βουλήν
2826 1749 3064 1821 πονηρὰν
3101 1749 3221 1803 καθ’
3269 1749 3480 1803 ἑαυτῶν
3527 1750 3799 1818 είπόντες,
3826 1752 3912 1806 ὅτι

646 1844 939 1912 Alligemus
991 1844 1217 1913 justum,
1260 1845 1385 1914 quia
1435 1842 1673 1900 diﬂicilis’
1708 1844 1864 1939 nobis
1892 1854 1995 1900 est.
2036 1862 2055 1897 ι
2091 1842 2261 1939 [iam]

2318 1838 2583 1909 Δήσωμεν
2610 1838 2704 1893 τὸν
2728 1839 2958 1902 δίκαιον,
2986 1841 3419 1913 ὅτιδύσχρηστος
3448 1845 3580 1913 ἡμῖν
3605 1845 3743 1898 ἐστι.
3782 1864 3802 1897 ι
3834 1845 3912 1897 Τὸ

644 1935 843 2005 quippe
861 1949 1021 1989 causa
1042 1936 1307 1989 minarum
1329 1936 1569 1989 omnium
1593 1943 1725 1989 erat.
1747 1934 1883 1989 Hinc
1906 1949 2067 2004 porro
2090 1934 2210 1989 sine
2244 1929 2259 1939 ’

2316 1929 2425 2002 γὰρ
2446 1930 2617 1984 αἴτιον
2645 1931 2754 1985 τῶν
2778 1933 3186 2003 ἀπειλουμένων
3212 1934 3468 1988 ἁπάντων
3493 1935 3654 1989 τοῦτο
3677 1932 3767 2007 ἦν.
3795 1937 3910 1991 Καὶ

646 2025 1017 2080 controversia
1068 2025 1281 2095 probari
1336 2026 1543 2079 aestimo
1583 2025 1697 2080 haec
1744 2034 1877 2094 post,
1914 2024 2209 2081 Salvatoris

2312 2023 2376 2075 ὲκ
2422 2021 2627 2077 τούτων
2692 2024 2751 2078 δὲ
2793 2025 3211 2095 ἀναμφιλέκτως
3253 2022 3408 2097 οἶμαι
3452 2028 3803 2083 συνίστασθαι
3846 2029 3910 2081 τὸ

645 2120 935 2171 adventum
974 2119 1132 2173 ﬁnem
1173 2120 1467 2189 accepisse.
1501 2116 1801 2173 Cunfertim
1844 2133 1973 2188 ergo
2017 2126 2072 2173 et
2102 2134 2211 2173 una

2315 2114 2452 2184 μετὰ
2484 2115 2581 2187 τὴν
2618 2118 2886 2188 σωτήριον
2920 2117 3226 2189 παρουσίαν
3256 2117 3429 2172 ταῦτα
3460 2118 3647 2182 τέλους
3674 2136 3909 2191 τετυχη-

645 2211 941 2265 secundum
990 2210 1359 2279 prophetiam,
1402 2208 1582 2263 omnia
1634 2209 1702 2264 ab
1750 2207 2049 2263 Jerusalem
2081 2218 2137 2264 et
2179 2222 2210 2263 ι

2313 2204 2485 2259 κέναι.
2529 2206 2764 2278 Ἀθρόως
2806 2203 2900 2262 οὖν
2939 2209 3151 2276 ἐξέλιπε
3185 2211 3282 2264 καὶ
3326 2210 3577 2283 ἀφῃρέθη
3623 2209 3763 2264 κατὰ
3800 2210 3908 2280 τὴν

641 2300 823 2356 Judaaa
859 2300 1175 2356 defecerunt
1211 2310 1265 2356 et
1309 2301 1487 2356 ablata
1538 2312 1696 2368 sunt,
1734 2316 1842 2355 non
1882 2302 2018 2367 alio,
2049 2316 2208 2371 quam

2311 2298 2668 2368 προφητείαν,
2718 2300 2827 2353 ἀπό
2873 2318 2934 2354 τε
2980 2300 3081 2371 τῆς
3138 2301 3491 2373 Ἰερουσαλὴμ
3518 2302 3613 2355 καὶ
3653 2302 3763 2354 ἀπὸ
3798 2301 3906 2372 τῆς

641 2401 973 2448 structarum
1007 2403 1194 2447 contra
1225 2392 1569 2447 Salvatorem
1609 2402 1857 2446 nostrum
1892 2392 2207 2446 insidiarum

2324 2386 2600 2452 Ἰουδαίας,
2645 2388 2781 2459 ὁμοῦ
2817 2390 2885 2443 τὰ
2924 2390 3125 2454 πάντα,
3164 2390 3264 2443 ούκ
3308 2389 3496 2444 ἄλλοτε
3542 2391 3575 2462 ἢ
3616 2391 3760 2445 κατὰ
3798 2394 3904 2466 τὴν

642 2494 905 2554 tempore.
950 2486 1025 2537 Ac
1060 2486 1237 2553 primo
1266 2484 1428 2539 ablati
1490 2493 1619 2538 sunt
1672 2484 1923 2539 robustus
1954 2493 2009 2538 et
2043 2483 2209 2539 robu-

2308 2477 2402 2532 τοῦ
2432 2478 2681 2551 Σωτῆρος
2706 2480 2862 2552 ήμῶν
2891 2480 3205 2552 ἐπιϐουλήν.
3230 2483 3342 2535 Καὶ
3376 2481 3590 2553 πρῶτον
3620 2484 3906 2556 ἀφῃρέθη-

640 2580 748 2638 sta,
786 2574 923 2638 sive,
958 2576 1251 2628 secundum
1306 2574 1575 2641 Aquilam,
1626 2592 1646 2625 ι
1696 2572 1923 2628 fulcmm
1955 2581 2011 2628 et
2054 2574 2210 2630 fulci-

2310 2585 2408 2623 σαν
2462 2571 2715 2641 ἰσχύοντα
2758 2573 2849 2625 καὶ
2896 2572 3221 2643 ίσχύουσαν·
3260 2573 3294 2644 ἢ
3330 2573 3470 2627 κατὰ
3502 2574 3594 2628 τὸν
3642 2576 3902 2643 Ἀκύλαν,

638 2672 882 2718 mentum
903 2706 917 2726 ,
959 2684 976 2716 ι
1013 2665 1115 2727 vel,
1140 2666 1428 2719 secundum
1460 2665 1867 2736 Symmachum,
1890 2682 1910 2715 ι
1944 2650 2208 2719 ειιειοιῆε-

2313 2680 2333 2712 t
2390 2661 2623 2734 ἔρεισμα
2646 2665 2747 2717 καὶ
2794 2667 3080 2736 ὲρεισμόν’
3123 2684 3141 2716 ι
3190 2665 3221 2736 ἢ
3267 2665 3406 2719 κατὰ
3443 2666 3535 2719 τὸν
3578 2666 3900 2739 Σύμμαχον,

638 2754 818 2811 culum
836 2766 887 2811 et
908 2757 1243 2811 sustentatio.
1258 2776 1278 2809 ι
1299 2757 1450 2824 Quod
1476 2757 1738 2828 intelligas
1759 2757 2054 2812 secundum
2084 2773 2207 2828 apo-

2312 2771 2331 2804 ι
2366 2755 2641 2825 στήριγμα
2668 2757 2759 2808 καὶ
2790 2757 3110 2827 στηριγμόν.
3148 2777 3166 2808 ι
3198 2758 3373 2828 Ὅπερ
3398 2760 3613 2828 νοήσεις
3643 2761 3783 2814 κατὰ
3807 2762 3901 2814 τὸν

635 2850 883 2906 stolicum
920 2863 1245 2911 sermonem,
1273 2851 1360 2919 qui
1394 2850 1640 2904 homines
1666 2859 1851 2904 sancta
1894 2850 2003 2903 vita
2047 2864 2207 2904 exor-

2306 2847 2660 2901 ἄποστολικὸν
2689 2848 2864 2915 λόγον,
2897 2848 2957 2910 ὃς
2984 2849 3112 2911 τοὺς
3142 2847 3243 2919 βίῳ
3266 2848 3339 2919 τῷ
3363 2849 3504 2902 κατὰ
3527 2850 3661 2903 Θεὸν
3682 2852 3900 2922 ἐμπρᾶ-

636 2947 817 3003 natos,
834 2938 1114 2992 columnas
1138 2947 1193 2991 et
1220 2937 1371 2991 ﬁrma
1383 2946 1619 2991 mentum
1642 2936 1874 2991 vocavit.
1896 2933 1961 2988 Et
1985 2934 2204 3005 quidem

2308 2955 2509 3002 ποντας
2542 2938 2765 3002 στύλους
2800 2956 2859 2991 τε
2903 2940 2995 2992 καὶ
3038 2940 3317 3010 ἑδραίωμα
3350 2940 3618 3010 ὠνόμασε.
3666 2942 3900 3009 Πάντως

633 3030 799 3082 etiam
835 3029 973 3098 apud
1001 3029 1244 3097 priscum
1278 3028 1423 3081 illum
1454 3028 1707 3097 populum
1766 3026 1987 3096 quidam
2022 3036 2201 3091 erant,

2304 3029 2362 3082 δέ
2390 3046 2491 3082 που
2524 3031 2617 3083 καὶ
2657 3028 2808 3101 παρὰ
2828 3030 2906 3099 τῷ
2937 3029 3189 3101 προτέρῳ
3216 3028 3329 3099 λαῷ
3359 3024 3497 3100 ἦσαν
3530 3048 3674 3095 τινες
3701 3030 3899 3103 ὥσπερ

631 3114 723 3182 qui
762 3129 857 3183 pro
889 3114 1051 3168 totius
1077 3116 1251 3183 gentis
1274 3115 1641 3169 sustentaculo
1685 3114 1877 3171 haberi
1909 3125 2157 3187 poterant
2183 3135 2196 3171 :

2306 3120 2655 3192 ἑδραιώματα
2686 3122 2779 3174 τοῦ
2815 3108 3015 3185 παντὸς
3047 3122 3227 3176 αὐτῶν
3258 3120 3477 3187 ἔθνους,
3521 3121 3614 3187 οὓς
3652 3124 3896 3197 ἀρθήσε-

630 3219 770 3273 quos
814 3205 877 3259 de
920 3206 1094 3259 medio
1136 3220 1321 3259 eorum
1355 3206 1624 3261 tollendos
1654 3221 1776 3263 esse
1812 3210 2192 3263 comminatur.
2218 3218 2245 3277 ’4

1654 3221 1776 3263 esse
1812 3210 2192 3263 comminatur.
2218 3218 2269 3277 ἐ
2305 3212 2427 3267 σθαι
2456 3214 2551 3267 ἀπ’
2587 3214 2764 3266 αὐτῶν
2796 3214 2825 3266 ὁ
2853 3214 3009 3283 λόγος
3036 3214 3264 3267 ἀπειλεῖ.

708 3319 727 3352 ι
778 3301 958 3355 Robur
990 3302 1145 3370 panis
1174 3310 1226 3354 et
1276 3302 1444 3355 robur
1483 3317 1655 3371 aqua}.
1708 3323 1727 3356 ι
1778 3302 1903 3359 Haec
1932 3319 2063 3359 vero
2098 3305 2204 3375 spi-

2382 3325 2401 3356 t
2450 3306 2624 3376 ’ἰσχὺν
2667 3306 2832 3377 ἄρτου
2881 3307 2975 3360 καὶ
3023 3307 3177 3377 ἰσχὺν
3218 3306 3429 3371 ὓδατος.
3490 3326 3511 3359 ι
3560 3307 3785 3379 Νοητῶς
3833 3310 3894 3364 δὲ

632 3393 813 3447 rituali
845 3410 992 3448 more
1022 3380 1316 3461 accipiens,
1347 3394 1600 3449 advertas
1628 3395 1807 3459 velim,
1841 3411 1943 3451 non
1980 3412 2197 3465 panem,

2301 3397 2777 3469 ἐκλαμϐανόμενος
2803 3398 2994 3463 ταῦτα,
3021 3401 3143 3471 ὅρα,
3170 3401 3253 3453 ὅτι
3271 3400 3371 3454 οὐκ
3390 3399 3575 3471 ἄρτον,
3592 3399 3892 3475 οὖτε,ῦδωρ

629 3499 735 3536 non
780 3498 973 3550 aquam
1012 3482 1359 3537 auferendam
1408 3499 1528 3539 esse
1575 3486 1702 3551 dici,
1760 3487 1855 3541 sed
1898 3488 2066 3543 robur
2110 3506 2199 3559 pa-

2300 3484 2452 3543 εἷπεν
2487 3490 2737 3559 ἀφελεῖν,
2784 3490 2899 3543 ἀλλ’
2938 3492 3092 3562 ίσχὺν
3131 3492 3298 3563 ἄρτου
3337 3492 3430 3545 καὶ
3467 3491 3619 3561 ἰσχὺν
3659 3474 3888 3559 ὓδατος·

628 3573 713 3625 nis
760 3581 813 3625 et
868 3572 1031 3626 robur
1090 3568 1276 3641 aquae;
1328 3574 1473 3642 quod
1532 3586 1598 3627 ex
1644 3574 1867 3630 alterius
1916 3579 2197 3647 praphetat

2299 3582 2435 3654 ὅπερ
2459 3584 2672 3653 νοήσεις
2695 3585 2787 3652 ἀφ’
2819 3584 3006 3655 ἑτέρου
3038 3585 3317 3655 προφήτου
3347 3586 3618 3655 φήσαντος
3637 3602 3651 3614 ’
3688 3604 3706 3635 ι
3755 3586 3893 3641 Ἰδοὺ

628 3660 810 3716 verbis
865 3662 1166 3730 intelligas:
1234 3680 1253 3713 ι
1296 3660 1462 3726 Ecce,
1527 3663 1728 3733 inquit,
1784 3667 1898 3721 dies
1948 3670 2189 3737 veniunt,

2296 3676 2500 3746 ἡμέραι
2536 3675 2801 3745 ἔρχονται,
2832 3676 2978 3744 λέγει
3010 3677 3213 3747 Κύριος
3235 3718 3248 3742 ,
3283 3678 3376 3730 καὶ
3405 3676 3690 3731 ἀποστελῶ
3727 3677 3893 3750 λιμὸν

626 3754 757 3805 dicit
794 3752 1081 3817 Dominus,
1130 3763 1185 3807 et
1235 3755 1444 3807 mittam
1490 3754 1686 3810 famem
1739 3771 1903 3826 super
1961 3768 2191 3827 terram;

2297 3768 2389 3820 ἐπὶ
2425 3768 2523 3836 τὴν
2564 3767 2699 3835 τῆν’
2746 3767 2807 3819 ού
2851 3765 3005 3837 λιμὸν
3042 3769 3226 3838 ἄρτου,
3286 3768 3401 3822 οὐδὲ
3455 3768 3614 3837 δίψαν
3656 3769 3889 3836 ὓδατος,

629 3861 737 3899 non
784 3843 976 3899 famem
1027 3846 1182 3915 panis
1210 3886 1225 3909 ,
1283 3860 1384 3900 nec
1424 3847 1570 3903 sitim
1617 3865 1804 3918 aquae;
1851 3852 1944 3906 sed
1996 3852 2192 3909 famem

2302 3856 2437 3910 ἀλλὰ
2465 3856 2623 3926 λιμὸν
2654 3854 2745 3908 τοῦ
2782 3856 3011 3909 ἀκοῦσαι
3049 3856 3203 3925 λόγον
3234 3858 3459 3928 Κυρίου.
3502 3878 3519 3909 ι
3566 3860 3753 3914 Ἔστιν
3792 3858 3891 3916 οὖν

625 3936 879 3991 audiendi
909 3937 1129 3992 verbum
1169 3938 1377 3992 Domini
1407 3939 1471 3994 ".
1508 3960 1526 3993 ι
1559 3940 1652 3995 Est
1684 3943 1845 4012 igitur
1884 3945 2077 3998 animae
2106 3961 2197 4015 pa-

2296 3946 2476 4017 ψυχῆς
2506 3948 2667 4018 ἄρτος
2698 3947 2987 4019 θρεπτικὸς
3032 3964 3114 4010 τις
3141 3946 3296 4016 λόγος
3324 3986 3336 4009 ,
3384 3950 3477 4003 καὶ
3510 3952 3673 4004 ποτὸν
3704 3953 3888 4007 ὡσαύ-

624 4027 729 4093 nis,
764 4042 940 4083 sermo
972 4030 1243 4099 quispiam
1288 4032 1470 4088 alendi
1521 4033 1895 4103 vi'praeditus;
1928 4036 2196 4090 similiter-

2294 4056 2402 4102 τως
2442 4037 2690 4105 λογικόν’
2741 4032 2815 4091 ὧν
2862 4040 2909 4090 εί
2964 4038 3059 4091 καὶ
3106 4037 3385 4109 νομίζουσι
3439 4040 3886 4111 μεταλαμϐάνειν

622 4132 729 4184 quc
756 4127 914 4184 potus
956 4119 1326 4175 rationabilis:
1362 4137 1594 4192 quorum
1632 4124 1733 4178 etsi
1771 4122 1940 4180 Judaei
1979 4142 2035 4181 se
2076 4144 2193 4196 par-

2310 4126 2577 4181 Ίουδαίων
2610 4127 2814 4191 παῖδες,
2849 4129 2907 4181 ὲν
2938 4126 3015 4198 τῷ
3043 4126 3142 4191 τὰς
3188 4127 3338 4192 θείας
3378 4130 3690 4201 διέρχεσθαι
3741 4133 3886 4203 Γρα-

625 4208 814 4276 ticipes
842 4222 961 4262 esse
992 4220 1213 4279 putent,
1261 4215 1389 4267 dum
1423 4213 1634 4269 divinas
1684 4214 1991 4284 Scriptutas
2022 4228 2194 4273 trans-

2295 4217 2421 4287 φὰς,
2452 4219 2545 4271 καὶ
2576 4218 2706 4290 περὶ
2734 4218 2835 4281 τὰς
2861 4217 3196 4290 ἐκμαθήσεις
3220 4220 3313 4273 καὶ
3336 4222 3668 4290 ἐπαγγελίας
3697 4224 3884 4278 αὐτῶν

610 4310 871 4361 currunt,
913 4310 968 4355 et
1011 4302 1153 4356 circa
1197 4303 1539 4372 disciplinam
1577 4309 2079 4379 promissionesqne
2106 4327 2192 4365 ea-

2295 4309 2633 4379 φιλοκαλείν·
2663 4310 2799 4363 ἀλλὰ
2831 4310 2929 4382 τὴν
2966 4310 3041 4383 (6)
3080 4311 3232 4380 ἰσχὺν
3272 4312 3380 4365 τῶν
3426 4313 3738 4385 θρεπτικῶν
3793 4316 3884 4371 λό-

624 4406 739 4442 rum
784 4392 1023 4446 studiose
1068 4405 1393 4449 versantur:
1439 4407 1495 4449 at
1532 4398 1698 4451 robur
1735 4401 2030 4456 nutrientis
2070 4416 2190 4456 ser-

2294 4419 2423 4470 των,
2460 4402 2554 4455 καὶ
2583 4402 2644 4455 τὸ
2686 4402 2975 4474 θρεπτικὸν
3006 4404 3105 4474 τῆς
3138 4403 3401 4467 ζωοποιοῦ
3434 4408 3538 4477 γῆς
3568 4410 3669 4463 ούκ
3696 4409 3764 4461 ἄν
3798 4411 3882 4463 εύ-

618 4482 796 4539 monis
820 4524 834 4547 ,
872 4486 1204 4554 viviiiczeque
1240 4497 1400 4543 terra:
1445 4490 1797 4559 alimentum,
1855 4511 2012 4549 nemo
2048 4500 2186 4566 apud
2219 4553 2233 4571 ε

2296 4512 2406 4565 ροις
2440 4496 2569 4566 παρ’
2609 4496 2810 4558 αὐτοῖς.
2859 4497 3059 4567 ¹Ἄρτου
3087 4496 3265 4550 τοίνυν
3300 4498 3459 4551 πάλιν
3484 4499 3584 4552 ούκ
3612 4499 3880 4571 αἰσθητοῦ

621 4587 763 4641 ipsos
817 4577 1066 4645 reperiat.
1114 4577 1312 4633 Panem
1374 4594 1504 4650 ergo
1558 4585 1810 4638 sensilem
1874 4553 2236 4659 neutiquaml

2263 4553 2653 4659 ’μνήμονέύεν
2699 4553 2813 4642 ἀλλ’
2847 4553 2967 4643 οὐδὲ
3019 4591 3225 4645 ύδάτων
3272 4590 3381 4645 τῶν
3422 4594 3479 4645 ὲν
3535 4553 3878 4666 καταχρήσει

619 4679 913 4735 memorat;
953 4686 1048 4724 nec
1093 4687 1259 4741 aquas
1304 4674 1492 4727 itidem
1536 4692 1655 4744 qua:
1692 4679 1800 4732 triti
1842 4695 1903 4733 ac
1947 4696 2187 4736 commn-

2290 4676 2471 4752 κοινῇ·
2529 4682 2736 4735 ἐκείνου
2784 4682 2840 4735 δὲ
2897 4682 3095 4753 μᾶλλον
3146 4685 3273 4756 περὶ
3322 4678 3382 4737 οὗ
3435 4703 3597 4757 φησιν
3644 4690 3673 4741 ὁ
3712 4691 3877 4746 Δαυῖδ

621 4760 702 4813 nis
730 4761 838 4815 sint
873 4777 1029 4830 usus;
1062 4766 1156 4818 sed
1193 4767 1338 4820 illum
1377 4771 1557 4835 potius
1590 4787 1819 4839 panem,
1857 4774 1924 4827 de
1963 4790 2069 4843 quo
2107 4777 2185 4831 ait

2294 4792 2312 4825 ε
2348 4774 2514 4845 ἄρτον
2528 4773 2759 4846 οὐρανοῦ
2792 4773 2989 4827 ἔδωκεν
3021 4776 3224 4840 αὐτοῖς,
3263 4776 3424 4849 ἄρτον
3453 4778 3703 4847 ἀγγέλων
3734 4783 3872 4853 ἔφα-

619 4851 782 4905 David
819 4869 832 4905 :
870 4872 887 4904 ι
922 4853 1121 4909 Panem
1156 4858 1277 4910 caeli
1314 4859 1460 4912 dedit
1493 4862 1594 4923 eis,
1641 4879 1832 4932 panem
1868 4866 2203 4935 angelorum.

2286 4882 2381 4932 γεν
2426 4866 2727 4935 ἄνθρωπος.
2789 4887 2807 4919 ι
2867 4866 3102 4919 Ὑδάτων
3140 4885 3199 4920 τε
3246 4868 3644 4941 διαμεμνῆσοαί
3686 4851 3874 4946 φαμεν

616 4947 957 5001 manducavit
984 4949 1143 5002 homo
1170 4950 1265 5001 ".i
1301 4950 1479 5018 Aquas
1509 4954 1634 5007 item
1669 4956 1842 5022 ipsum
1877 4959 2196 5012 meminisse

2286 4960 2445 5013 αὑτὸν
2476 4959 2703 5029 νοητῶν,
2740 4959 2867 5029 περὶ
2895 4952 2969 5011 ὧν
3007 4960 3168 5023 αὑτός
3199 4961 3301 5013 πού
3334 4979 3497 5032 φησιν
3523 4964 3551 5015 ὁ
3578 4968 3873 5050 προφήτης

613 5037 841 5092 dicimus
891 5040 1234 5107 spirituales,
1291 5045 1359 5097 de
1421 5045 1617 5112 quibus
1677 5046 1843 5099 Isaias
1907 5052 2167 5117 pr0plteta

2303 5053 2558 5115 Ἡσαῖας-
2598 5070 2614 5101 ι
2637 5052 2746 5103 και
2762 5052 3115 5121 ἀντλήσουσιν
3133 5052 3274 5123 ὕδωρ
3307 5056 3421 5123 μετ’
3448 5037 3789 5129 εὐφροσύνηνς
3806 5037 3874 5116 ἐκ

612 5127 738 5182 alibi
771 5128 817 5161 ¹⁸
850 5131 973 5184 talia
1011 5132 1179 5187 fatur:
1221 5153 1239 5186 ι
1276 5136 1350 5189 Ει
1381 5136 1633 5189 baurient
1666 5154 1860 5207 aquam
1902 5155 2022 5193 cum
2050 5157 2181 5210 gau-

2289 5143 2395 5197 τῶν
2430 5143 2620 5213 πηγῶν
2654 5142 2747 5195 τοῦ
2778 5142 3051 5212 Σωτηρίου
3076 5160 3087 5170 ·
3123 5162 3140 5194 ›
3165 5144 3257 5196 καὶ
3288 5144 3392 5215 μὴν
3422 5147 3514 5197 καὶ
3531 5148 3737 5213 αύτδςὸ
3755 5152 3872 5206 Σω-

609 5220 691 5273 ilio
736 5220 805 5275 de
836 5220 1080 5279 fontibus
1110 5224 1412 5284 Salutaris:
1458 5248 1476 5281 ›
1512 5231 1638 5298 quin
1669 5240 1721 5284 et
1750 5232 1861 5301 ipse
1894 5230 2175 5287 Salvator:

2284 5237 2416 5306 τήρ·
2470 5254 2485 5285 ι
2526 5235 2640 5297 Πᾶς
2682 5235 2710 5285 ὁ
2740 5235 2909 5287 πίνων
2939 5237 3001 5286 ἐκ
3032 5232 3126 5286 τοῦ
3156 5233 3346 5298 ὕδατος
3374 5237 3563 5291 τούτου
3584 5280 3598 5301 ,
3646 5240 3867 5315 διψήσει

605 5326 623 5357 ‹
676 5309 867 5365 Omnis
896 5314 983 5381 qui
1018 5315 1152 5369 bibit
1177 5331 1243 5371 ex
1283 5318 1384 5373 hac
1424 5334 1583 5385 aqua,
1632 5320 1778 5375 sitiet
1815 5320 2048 5389 iterum;
2088 5324 2179 5392 qui

2281 5326 2467 5379 πάλιν·
2496 5326 2553 5390 ὃς
2578 5326 2622 5377 δ’
2650 5325 2715 5379 ἂν
2748 5327 2844 5398 πίῃ
2876 5329 2938 5379 ὲκ
2963 5328 3055 5380 τοῦ
3084 5326 3273 5391 ὓδατος
3296 5323 3355 5382 οὗ
3378 5328 3489 5397 ἐγὼ
3508 5330 3665 5386 δώσω
3694 5336 3865 5409 αύτῷ,

604 5414 738 5457 vero
775 5402 971 5457 biberit
1024 5419 1089 5458 ex
1141 5421 1317 5476 aqua,
1369 5424 1530 5479 quam
1568 5424 1667 5481 ego
1700 5413 1839 5467 dabo
1872 5414 1942 5480 ei,
1982 5414 2075 5469 ﬂet
2125 5418 2177 5472 in

2278 5422 2565 5491 γενήσεται
2593 5421 2651 5472 ὲν
2683 5419 2830 5489 αὐτῷ
2859 5420 3008 5491 πηγὴ
3049 5420 3239 5485 ὓδατος
3280 5421 3576 5492 ἁλλομένου
3605 5428 3685 5489 είς
3718 5427 3867 5502 ζωὴν

605 5502 664 5543 eo
712 5491 832 5549 fons
869 5508 1020 5566 aqua:
1052 5494 1301 5553 salientis
1333 5501 1386 5554 in
1430 5500 1595 5554 vitam
1622 5512 1879 5558 aeternam
1912 5504 1974 5558 “.
2007 5524 2026 5557 ‹
2066 5505 2205 5561 iiii--

2280 5509 2516 5567 αἰώνιον.
2573 5530 2591 5563 ι
2635 5511 2797 5575 Σύνες
2828 5512 2883 5564 δὲ
2924 5513 3168 5585 ἀκριϐῶς
3210 5514 3309 5579 τὰς
3358 5516 3723 5586 περὶτούτων
3766 5520 3861 5575 τοῦ

681 5668 724 5699 ⁸³
755 5669 917 5726 Amos
965 5686 1086 5735 Viti,
1129 5672 1209 5728 ll.
1286 5675 1329 5706 “
1365 5674 1505 5730 Psal.
1537 5692 1739 5743 uxvn,
1765 5680 1858 5734 24.
1938 5682 1981 5713 ³⁸
2008 5681 2142 5755 Cap.
2168 5687 2296 5754 1",:

1365 5674 1505 5730 Psal.
1537 5692 1739 5743 uxvn,
1765 5680 1858 5734 24.
1938 5682 1981 5713 ³⁸
2008 5681 2142 5755 Cap.
2168 5700 2267 5754 xu,
2288 5687 2342 5742 3.
2420 5690 2464 5725 ¹⁶
2488 5687 2647 5744 Joan.
2673 5702 2745 5754 tv,
2776 5688 2857 5757 l3,
2886 5690 2969 5747 Η.

675 5852 811 5920 (9-6)
849 5853 999 5914 ilunc
1030 5858 1155 5916 item
1189 5858 1364 5918 locum
1393 5864 1665 5935 expressit.
1694 5863 2070 5939 Hieronymus,
2100 5870 2253 5933 initio
2280 5874 2497 5931 secundi
2537 5874 2686 5931 libri.
