4090 6452
241 483 336 541 ιω
721 477 726 481 ’
1199 477 1712 542 COIHENTABIA
1752 481 1820 540 ιιι

1913 481 2120 541 ὶᾹΙΑΜ.
2161 518 2229 529 -—
2266 481 2419 543 CAP.
2459 482 2547 542 III.
3425 501 3528 555 iii)

236 605 512 677 προφήτου
542 605 765 676 φωνάς’
807 605 870 660 οὐ
903 606 1014 679 γὰρ
1051 608 1273 681 εἴρηκεν
1305 608 1493 674 ἁπλῶς
1526 609 1834 681 ἀφαιρεθή-

1934 609 2026 680 jus
2054 623 2219 681 porro
2248 611 2529 681 prophetae
2561 624 2624 666 ea
2670 610 2738 668 de
2770 627 2830 669 re
2858 627 3024 669 voces
3063 625 3318 672 accurate
3367 615 3531 672 intel-

237 697 416 752 σεσθαι
436 699 552 755 τῶν
598 700 874 754 Ἰουδαίων
889 701 1054 773 ἄρτον
1081 720 1141 756 τε
1159 702 1252 757 καὶ
1277 701 1443 776 ὕδωρ,
1473 703 1589 758 ἀλλ’
1617 721 1637 754 ι
1676 706 1832 774 ίσχύν

1939 700 2118 772 ligas:
2171 715 2278 755 non
2317 705 2465 755 enim
2511 701 2839 773 simpliciter
2877 704 3053 771 dixit,
3090 704 3446 762 auferendum
3495 724 3525 760 ιι

231 790 390 865 ἄρτου
410 794 506 846 καὶ
535 793 699 863 ἰσχὺν
722 792 941 857 ὓδατος·
984 812 1006 846 ι
1027 795 1123 848 καὶ
1137 794 1219 848 δεῖ
1242 795 1392 866 ἡμᾶς
1414 794 1620 850 οἴεσθαι
1649 795 1828 849 τοιοῦ-

1935 792 2140 850 Judaeis
2173 807 2298 850 esse
2328 808 2525 866 panem
2571 806 2627 850 et
2664 810 2906 867 aquam;
2949 796 3043 854 sed
3084 816 3103 850 r
3154 799 3323 856 robur
3367 800 3525 870 panis

228 878 312 937 τόν
334 900 387 940 τι
408 884 694 939 διδάσκειν
723 883 1008 954 βούλεσθαι
1036 885 1218 940 αὐτόν.
1256 885 1450 956 Ἡμεῖς
1473 886 1584 958 γὰρ
1604 888 1719 952 τοῖς
1746 890 1825 940 ls-

1935 895 1990 941 et
2019 887 2188 941 robur
2214 900 2407 955 aquae:
2445 908 2464 942 ι
2501 903 2708 959 parque
2740 899 2827 945 est
2866 901 2926 944 ut
2955 905 3055 946 nos
3085 905 3210 947 eum
3245 893 3523 964 quidpiam

231 973 338 1045 ροις
363 976 868 1048 περιτυγχάνοντες
906 975 1108 1046 λόγοις,
1161 977 1255 1032 καὶ
1292 978 1390 1043 τὰς
1436 979 1588 1045 θείας
1634 981 1828 1050 ἀναγι-

1933 977 2112 1034 simile
2147 979 2379 1035 edocere
2439 981 2789 1037 arbitremur.
2839 980 2953 1040 Nos
2993 984 3196 1056 quippe
3245 987 3300 1042 in
3349 987 3525 1044 sacris

229 1063 520 1131 νὼσκοντες
585 1067 834 1138 Γραφὰς,
901 1064 1023 1124 εἶτα
1080 1069 1356 1136 συνιέντες
1407 1071 1600 1139 αὐτὰς,
1668 1073 1825 1144 ίσχύν

1932 1069 2281 1126 sermonibus
2322 1082 2630 1140 versantes,
2680 1087 2746 1128 ac
2786 1072 3002 1130 divinas
3043 1073 3358 1148 Scripturas
3398 1093 3525 1150 per-

225 1157 380 1229 ἄρτου
417 1159 625 1232 νοητοῦ
672 1159 974 1232 δεχόμεθα*
1018 1182 1037 1215 r
1079 1163 1155 1217 Οὐ
1181 1163 1292 1236 γὰρ
1331 1164 1417 1218 ἐπ’
1450 1164 1600 1237 ἄρτῳ
1654 1161 1822 1238 μόνῳ,

1931 1174 2076 1229 sape
2119 1161 2378 1232 legentes,
2431 1177 2497 1219 ac
2545 1164 2767 1219 demum
2805 1165 2954 1236 ipsas
2996 1164 3398 1237 intelligentes,
3430 1171 3520 1226 hic

225 1251 370 1320 φησι,
423 1248 663 1323 ζήσεται
716 1252 1038 1324 ἄνθρωπος’
1096 1253 1212 1309 ἀλλ’
1260 1256 1354 1310 ἐπὶ
1398 1257 1565 1310 παντὶ
1614 1258 1822 1329 ῥήματι

1931 1252 2235 1322 spiritualis
2273 1254 2433 1324 panis
2477 1254 2586 1309 vim
2621 1255 3019 1328 intelligimus:
3061 1274 3081 1310 t
3122 1256 3239 1314 Non
3283 1261 3428 1316 enim
3463 1262 3518 1316 in

223 1339 645 1414 ἐκπορευομένῳ
702 1343 792 1398 διὰ
848 1344 1115 1416 πόματος
1168 1344 1326 1402 Θεοῦ.
1396 1366 1416 1399 ι
1479 1348 1714 1419 Ὀμοίως
1762 1347 1820 1402 δὲ

1929 1359 2074 1414 pane
2127 1345 2279 1410 solo,
2343 1347 2454 1411 ait,
2501 1347 2642 1401 vivet
2687 1347 2890 1412 homo;
2953 1349 3052 1404 sed
3110 1349 3164 1403 in
3202 1352 3352 1406 omni
3389 1367 3517 1407 ver-

224 1435 426 1506 νοήσεις
456 1435 563 1490 καὶ
610 1438 699 1505 ἐφ’
749 1436 958 1491 ὑδάτων
1007 1436 1236 1508 νοητῶν.
1297 1438 1546 1494 Ἰουδαῖοί
1600 1457 1664 1509 γε
1713 1440 1820 1513 μὴν

1930 1435 2001 1490 bo
2047 1436 2190 1504 quod
2236 1437 2515 1505 egreditur
2557 1452 2655 1507 per
2695 1453 2759 1493 os
2791 1438 2884 1494 Dei
2914 1438 2979 1492 ".
3026 1457 3046 1491 ι
3088 1438 3276 1508 Aquas
3311 1441 3523 1509 pariter

221 1524 393 1596 ιιουσι
431 1528 538 1599 μὲν
563 1531 661 1584 τὸν
683 1527 849 1602 ἄρτον
887 1529 983 1582 καὶ
1007 1528 1071 1583 τὸ
1105 1529 1252 1602 ὕδωρ
1275 1531 1354 1584 ἔτι
1425 1531 1821 1606 πολυπραγμο-

1926 1527 2244 1598 spiritualea
2289 1529 2565 1601 intelligas
2604 1540 2846 1599 oportet.
2875 1530 3049 1620 Judaei
3077 1547 3211 1588 sane
3239 1549 3438 1604 panem
3461 1545 3520 1592 et

221 1615 362 1673 νοῦσι
377 1619 490 1694 γὰρ
519 1619 596 1673 τὰ
618 1620 899 1684 Μωύσὲως
917 1621 1244 1693 γράμματα,
1273 1623 1816 1696 καὶ-ἀναγινώσκουσι

1924 1635 2126 1689 aquam
2167 1619 2374 1676 habent
2403 1621 2717 1689 hactenus;
2753 1637 2878 1676 nam
2908 1615 3110 1696 Moysis
3161 1625 3369 1696 scripta
3419 1641 3519 1684 eu-

219 1709 303 1764 τὸν
337 1711 503 1782 νόμον
523 1729 538 1741 ·
579 1712 774 1783 ἐπειδὴ
806 1712 864 1766 δὲ
895 1712 1260 1782 γινώσκουσιν
1289 1694 1465 1780 οὐδὲν,
1502 1717 1601 1770 οὐκ
1631 1717 1816 1789 ἔχουσι

1926 1715 2135 1768 riosius
2177 1712 2471 1781 evolvunt,
2508 1714 2792 1786 legemque
2823 1694 3173 1791 sperlegunt;
3207 1694 3334 1789 quia
3387 1735 3519 1777 vero

219 1801 310 1875 τὴν
335 1805 490 1874 ίσγὺν
523 1803 626 1860 τοῦ
658 1807 848 1878 ἄρτου,
885 1805 1010 1861 οὐτε
1045 1807 1152 1879 μὴν
1170 1807 1270 1881 τὴν
1299 1809 1453 1881 ίσχύν
1480 1810 1574 1864 τοῦ
1597 1811 1810 1875 ὓδατος.

1925 1801 2060 1856 nihil
2096 1801 2444 1875 intelligunt,
2493 1807 2663 1860 robur
2709 1809 2868 1875 panis
2916 1823 3023 1863 non
3065 1808 3291 1876 habent,
3338 1826 3517 1883 neque

218 1891 378 1946 ῗιλὴν
421 1899 530 1964 γὰρ
585 1892 777 1959 αὐτοῖς
823 1896 915 1950 καὶ
960 1897 1122 1968 μόνον
1170 1897 1232 1952 τὸ
1286 1901 1522 1972 γράμμα
1562 1901 1809 1967 δέδοται,

1924 1894 2093 1950 robur
2127 1910 2282 1965 aquze
2309 1897 2579 1953 obtinent.
2635 1895 2763 1952 Sola
2813 1899 3017 1970 quippe
3057 1909 3113 1956 et
3154 1904 3300 1958 nuda
3334 1903 3517 1959 littera

216 1983 377 2056 ἇρτου
411 1989 516 2059 μὲν
548 1988 651 2040 καὶ
679 1985 873 2052 ὓδατος
903 1987 1174 2060 ὑπόληψιν
1223 1989 1364 2061 ἔχον,
1397 1991 1596 2062 τρέφον
1626 1993 1684 2046 δὲ
1717 1994 1817 2046 αὐ-

1921 2001 2182 2043 concessa
2222 1987 2332 2044 illis
2369 1997 2487 2055 est,
2537 2005 2659 2060 qua:
2711 1989 2929 2059 quidem
2979 1991 3220 2063 aliquam
3267 1995 3426 2064 panis
3460 2005 3519 2049 et

218 2081 338 2145 τοὺς
365 2084 490 2136 κατ’
517 2081 717 2136 οὐδένα
739 2080 944 2154 τρόπον
975 2084 1056 2146 είς
1089 2078 1301 2148 εὐεξίαν
1331 2083 1430 2155 τὴν
1450 2085 1669 2155 νοητήν.
1703 2085 1817 2138 Καὶ

1923 2092 2079 2148 aqua:
2105 2079 2372 2136 rationem
2405 2089 2462 2136 et
2493 2081 2807 2150 opinionem
2847 2083 3064 2150 habeat,
3109 2101 3288 2157 neque
3330 2095 3517 2142 tamen

220 2175 560 2246 μαρτυρήσει
599 2174 833 2245 γράφων
865 2176 894 2228 ὁ
924 2171 1172 2238 Παῦλος·
1219 2194 1238 2228 ι
1289 2175 1454 2248 Ἄχρι
1490 2177 1600 2248 γὰρ
1643 2178 1816 2248 σήμε-

1922 2171 2046 2227 illos
2079 2171 2355 2229 ullatenus
2384 2173 2500 2229 alat
2527 2176 2596 2230 ad
2625 2174 2827 2230 bonam
2855 2177 3085 2248 spiritus
3115 2178 3512 2236 valetudinem.

220 2280 325 2336 ρον,
369 2265 543 2337 ἡνίκα
582 2263 1024 2333 ἀναγινώσκεται
1067 2265 1340 2338 Μωῦσῆς,
1397 2265 1665 2338 κάλυμμα
1720 2267 1814 2319 ἐπὶ

1918 2261 2094 2331 Quam
2137 2281 2252 2321 rem
2290 2265 2493 2323 Paulus
2547 2269 2911 2334 testiﬁcatur,
2959 2269 3046 2324 his
3070 2271 3294 2325 verbis:
3347 2289 3367 2322 r
3405 2267 3515 2326 Sed

214 2359 306 2430 τὴν
338 2357 571 2430 καρδίαν
602 2356 787 2412 αὐτῶν
831 2361 1040 2422 κεῖται,
1087 2377 1108 2412 ι
1160 2358 1235 2430 μὴ
1273 2359 1811 2431 ἀνακαλυπτόμενον,

1918 2371 2091 2426 usque
2119 2357 2172 2412 in
2200 2356 2529 2414 hodiernum
2565 2360 2732 2426 diem,
2767 2375 2892 2417 cum
2921 2360 3120 2435 legitur
3147 2361 3380 2435 Moyses,
3417 2377 3514 2419 ve-

215 2445 293 2499 ετι
316 2446 640 2520 ἕνΧριστῷ
676 2449 1056 2519 καταργεῖται.
1086 2448 1200 2503 Καὶ
1236 2448 1361 2504 καθ’
1381 2448 1570 2522 ῑτερον
1605 2449 1662 2504 δὲ
1689 2448 1815 2518 τρό-

1917 2447 2096 2504 lamen
2136 2441 2374 2520 positum
2417 2451 2508 2506 est
2538 2466 2703 2519 super
2747 2466 2845 2507 cor
2891 2467 3081 2508 eorum
3113 2452 3181 2519 η,
3215 2471 3234 2504 ι
3277 2467 3382 2507 non
3422 2467 3512 2508 re-

217 2555 313 2592 πον
337 2539 667 2615 ἀφῃρῆσθαι
711 2552 894 2612 φαμεν
933 2543 999 2595 ὲκ
1037 2539 1139 2612 τῆς
1178 2541 1448 2597 Ἰουδαίων
1489 2541 1815 2612 συναγωγῆς

1915 2539 2173 2608 velatum,
2205 2543 2333 2613 quia
2367 2544 2421 2600 in
2461 2544 2688 2600 Christo
2718 2543 2984 2600 aufertur.
3021 2544 3144 2600 Alio
3177 2545 3306 2600 item
3346 2545 3508 2600 mode

216 2631 363 2702 ίσχύν
385 2633 562 2705 ἄρτου
591 2633 691 2688 καὶ
723 2634 878 2704 ίσχὺν
905 2633 1096 2697 ὓδατος
1117 2651 1132 2664 ο
1155 2635 1251 2688 καὶ
1277 2634 1438 2706 λόγος
1467 2635 1587 2690 ἐστὶ
1621 2651 1814 2707 μυστιο

1917 2628 2149 2686 dicimus
2178 2631 2419 2688 ablatum
2453 2634 2626 2690 fuisse
2665 2650 2697 2688 a
2735 2631 3050 2690 Iudaeorum
3093 2649 3369 2707 synagoga
3419 2650 3510 2691 ro-

212 2716 322 2786 ιός.
363 2722 564 2796 Ἡμεῖς
601 2724 706 2796 μὲν
734 2724 846 2797 γὰρ
869 2726 920 2779 oi
938 2724 1026 2779 διὰ
1053 2725 1293 2791 πίστεως
1318 2726 1646 2800 κεκλημένοι
1675 2725 1813 2799 πρὸς

1915 2721 2020 2776 bur
2053 2724 2214 2793 panis
2243 2735 2297 2780 et
2349 2724 2521 2782 robur
2563 2741 2720 2796 aqua:
2750 2745 2765 2781 :
2808 2741 2992 2781 sermo
3023 2737 3204 2782 autem
3247 2729 3510 2797 mysticus

212 2816 508 2889 ἁγιασμδν,
533 2817 632 2873 τὸν
657 2816 823 2892 ἄρτον
852 2815 1051 2891 ἔχομεν
1079 2819 1172 2874 τὸν
1188 2819 1248 2885 ἐξ
1275 2820 1531 2892 οὐρανοῦ,
1565 2820 1812 2874 τουτέστι

1914 2821 2017 2868 est.
2067 2813 2179 2870 Nos
2230 2817 2432 2889 quippe
2485 2818 2578 2889 qui
2632 2832 2730 2889 per
2781 2817 2940 2874 ﬁdem
2988 2819 3163 2874 vocati
3218 2834 3411 2875 sumus
3436 2821 3507 2874 ad

213 2906 465 2978 Χριστὸν,
517 2908 645 2980 ἦτοι
681 2907 745 2963 τδ
779 2909 940 2981 σῶμα
988 2909 1174 2965 αὐτοῦ.
1219 2909 1283 2964 El
1319 2909 1378 2964 st
1407 2909 1470 2981 δή
1505 2928 1588 2975 τις
1612 2911 1809 2982 ἔροιτο,

1916 2906 2434 2975 sanctiﬁcationem,
2475 2922 2671 2977 panem
2721 2912 2986 2964 baoemus
3027 2912 3094 2964 de
3143 2912 3308 2977 ccelo,
3365 2908 3506 2966 scili-

211 2995 334 3052 ποία
358 2995 447 3063 τίς
485 3001 642 3053 ἔστιν
676 3001 714 3072 ὴ
741 3001 896 3071 ίσχὺς
927 2999 1116 3066 αὐτοῦ,
1165 3001 1345 3070 φαμὲν
1380 3000 1463 3054 ὄτι
1513 2998 1807 3065 ζωοποιόςδ

1913 3013 2002 3055 cet
2029 2999 2329 3065 Chi-istum,
2375 3002 2492 3056 sive
2522 3017 2726 3071 corpus
2757 3002 2897 3073 ejus.
2933 3002 3088 3070 Quod
3117 3003 3160 3057 si
3196 3003 3325 3074 quis
3357 3018 3505 3074 qua:-

211 3089 386 3146 δίδωσι
429 3093 545 3167 γὰρ
587 3093 670 3164 τῷ
711 3093 902 3167 κόσμῳ
952 3093 1123 3165 ζωήν.
1164 3095 1472 3166 Προσίεμεν
1512 3094 1569 3147 δὲ
1608 3095 1812 3165 ὁμοίως

1916 3100 2022 3156 rat,
2063 3093 2340 3160 quodnam
2389 3093 2461 3148 sit
2512 3095 2682 3150 robur
2720 3093 2869 3164 ejus,
2927 3095 3178 3160 dicimus,
3226 3095 3504 3150 viviﬁcurn

210 3183 298 3236 καὶ
317 3185 382 3256 τῇ
413 3183 504 3239 διὰ
534 3184 634 3239 τοῦ
678 3185 836 3254 ἁγίου
863 3184 1242 3256 βαπτίσματος
1273 3185 1480 3256 χάριτι,
1517 3184 1612 3238 τοῦ
1645 3183 1812 3253 ἁγιά-

1913 3196 2077 3237 esse:
2116 3197 2242 3237 nam
2275 3183 2369 3238 dat
2403 3184 2575 3240 vitam
2621 3187 2846 3240 mundo.
2884 3186 3211 3241 Accedimus
3253 3185 3503 3242 similiter

204 3275 381 3343 ξονι-ος
408 3279 563 3351 ἡμᾶς
595 3277 788 3344 ὕδατος
811 3280 910 3353 τὴν
941 3279 1096 3349 ίσχὺν
1124 3273 1262 3332 εἶναι
1301 3277 1572 3346 λέγοντες,
1617 3281 1808 3351 ἁμαρ-

1920 3273 1986 3328 ad
2019 3276 2251 3346 gratiam
2295 3276 2444 3331 sacri
2483 3277 2780 3349 baptismi:
2825 3293 2890 3332 ac
2935 3279 3167 3334 dicimus
3206 3292 3363 3348 aquae
3405 3293 3503 3334 nos

203 3339 326 3425 τιῶν
358 3339 667 3436 ατοόθεσιν,
708 3339 1068 3444 ἀναγέννησιν
1113 3339 1492 3441 πνευματικὴν
1529 3339 1613 3432 είς

1911 3366 2309 3422 sanctiﬁcantis
2376 3367 2547 3425 robur
2617 3383 2742 3425 esse
2801 3380 3152 3440 peccatorum
3205 3370 3503 3440 depositio-

204 3462 434 3536 μορφῑαν
483 3463 584 3536 τὴν
616 3465 699 3528 είς
739 3463 900 3517 αὐτὸν
938 3464 1030 3518 τὸν
1067 3459 1338 3536 Χριστόν·
1382 3462 1480 3516 καὶ
1519 3459 1663 3532 πρὸς
1713 3461 1810 3514 ἐπὶ

1911 3475 2058 3525 nem,
2096 3460 2570 3528 regenerationem
2606 3461 2950 3530 spiritualetn
3001 3465 3069 3518 ad
3118 3460 3485 3518 conformatio

196 3555 419 3625 τούτοις,
466 3556 785 3632 παρρησίαν
808 3557 1010 3613 είσόδου
1037 3557 1130 3630 τῆς
1154 3557 1238 3622 εις
1258 3555 1363 3627 τὴν
1396 3553 1514 3608 τῶν
1545 3553 1808 3626 οὐρανῶν

1910 3564 2034 3606 nem
2076 3550 2130 3604 in
2166 3550 2343 3620 ipsum
2385 3549 2713 3615 Christum;
2758 3551 2826 3606 ad
2877 3552 2993 3608 haec
3039 3566 3191 3618 vero,
3245 3551 3502 3608 ﬁduciam

191 3647 487 3718 βασιλείαν.
562 3651 689 3706 Ἐὰν
757 3651 864 3724 γάρ
930 3669 1031 3717 τις,
1083 3650 1236 3722 φησὶ,
1280 3667 1304 3702 ι
1347 3649 1430 3720 μὴ
1463 3648 1712 3719 γεννηθῇ
1750 3647 1806 3714 ἐξ

1910 3643 2254 3715 ingrediendi
2306 3645 2359 3698 in
2389 3657 2616 3709 regnum
2662 3642 2930 3698 calorum
2964 3660 2979 3710 ;
3018 3659 3143 3699 nam
3176 3644 3293 3700 ait:
3327 3663 3346 3698 t
3385 3643 3501 3702 Nisi

188 3735 372 3805 ὕδατος
419 3743 516 3796 καὶ
579 3741 899 3815 πνεύματος,
947 3745 1004 3797 οὐ
1064 3741 1294 3796 δύναται
1361 3736 1643 3792 εἰσελθεῖν
1722 3738 1803 3801 είς

1908 3737 2033 3806 quis
2071 3745 2293 3790 renatus
2339 3735 2509 3791 fuerit
2538 3751 2605 3791 ea
2655 3749 2796 3805 aqua
2841 3744 2899 3790 et
2948 3737 3178 3804 Spiritu,
3229 3752 3338 3792 non
3394 3753 3497 3807 po-

183 3833 278 3905 τὴν
330 3832 616 3904 βασιλείαν
674 3835 782 3888 τῶν
828 3817 1097 3908 οὐρανῶν.
1138 3853 1161 3887 ι
1202 3830 1586 3902 Ἕστέρηνται
1635 3829 1698 3884 δι
1756 3832 1798 3884 oi

1911 3837 2016 3885 test
2055 3829 2262 3885 intrare
2297 3830 2350 3883 in
2391 3841 2621 3900 regnum
2651 3827 2916 3884 cclorum
2940 3830 3004 3882 ⁸⁸.
3055 3848 3075 3882 ι
3111 3826 3281 3883 ιιιιάαεί
3317 3839 3499 3885 autem

197 3924 440 3980 Ἰουδαῖοι
487 3926 602 3982 τῶν
631 3927 890 3981 τοιούτων
933 3924 1188 3994 ἀγαθῶν·
1229 3925 1293 3977 οὐ
1341 3924 1458 3996 γάρ
1507 3924 1626 3976 ὶστι
1672 3921 1806 3992 παρ’

1909 3921 1994 3976 bis
2055 3921 2212 3976 bonis
2267 3921 2592 3992 privantur:
2655 3934 2761 3973 non
2808 3921 2954 3975 enim
3019 3936 3184 3990 penes
3245 3922 3366 3978 illos
3415 3933 3497 3977 est

188 3998 366 4082 αὐτοῖς
405 4020 570 4090 ἰσχὺς
606 4021 799 4090 ἄρτου,
835 4018 1116 4070 τουτέστιν
1149 4017 1184 4084 ἡ
1214 4016 1272 4068 ὲν
1295 4013 1527 4085 Χριστῷ
1571 4013 1803 4078 ζωοποι-

1909 4013 2078 4065 robur
2111 4025 2292 4080 panis,
2343 4011 2398 4065 id
2432 4020 2535 4074 est,
2585 4009 2885 4065 viviﬁcatio
2932 4012 2984 4065 in
3019 4013 3281 4066 Christo:
3321 4025 3499 4082 neque

189 4123 330 4180 ησις,
357 4112 470 4165 οὐδ’
503 4111 695 4182 έχουσι
716 4110 817 4182 τὴν
845 4107 940 4162 τοῦ
965 4107 1158 4169 ὓδατος
1189 4105 1338 4176 ἰσχύν
1365 4122 1378 4135 ο
1409 4107 1804 4176 ἀπομεμένηκε

1908 4102 2036 4157 item
2090 4102 2256 4158 robur
2285 4115 2440 4171 aqua!
2472 4100 2764 4156 obtinent:
2825 4116 2950 4155 nam
2995 4117 3164 4170 penes
3210 4102 3330 4157 illos
3365 4117 3496 4173 pec-

193 4202 298 4272 γὰρ
318 4204 379 4257 ιν
406 4203 602 4265 αὐτοῖς
635 4199 1009 4262 ἀναπόνιπτος
1034 4200 1069 4269 ἠ
1109 4197 1354 4268 ἁμαρτία
1373 4213 1388 4226 ·
1426 4197 1531 4250 οὐκ
1565 4194 1806 4249 sissitan

1906 4202 2086 4248 catum
2119 4193 2238 4250 sine
2264 4194 2543 4248 ablutione
2593 4201 2882 4260 remanet;
2933 4209 3110 4263 neque
3151 4196 3218 4250 ad
3266 4211 3493 4267 regnum

193 4309 375 4350 νουσιν
403 4296 490 4358 εις
518 4293 623 4364 τὴν
652 4291 763 4345 τῶν
797 4288 1045 4361 οὐρανῶν
1088 4287 1386 4359 βασιλείαν,
1421 4287 1514 4342 τὸν
1556 4286 1805 4358 εἰσκομί-

1907 4285 2174 4340 ccelorum
2216 4283 2465 4344 tendunt,
2511 4284 2603 4352 qui
2649 4283 2930 4340 Christum
2966 4297 3033 4338 eo
3083 4285 3369 4340 ducentem
3409 4288 3499 4343 de-

196 4382 354 4450 ζοντα
393 4385 643 4460 Χριστὸν
687 4381 1070 4452 ἀτιμάζοντες.
1115 4381 1189 4434 Οὐ
1234 4381 1344 4453 γὰρ
1390 4381 1679 4434 ἐπίστευον
1718 4379 1806 4433 λέ-

1907 4377 2101 4431 decore
2141 4373 2440 4430 affecerint.
2500 4374 2686 4445 Neque
2723 4375 2868 4429 enim
2905 4375 3257 4432 crediderunt
3307 4377 3497 4435 dicen-

193 4490 394 4547 γοντιοι
416 4476 572 4548 Ἐγώ
606 4478 725 4547 ειμι
753 4476 788 4546 ἡ
817 4474 954 4538 ὁδὸς,
977 4495 995 4526 ι
1021 4475 1138 4536 καὶ,
1161 4492 1177 4525 ι
1202 4471 1344 4542 Ἑγὼ
1372 4475 1490 4544 εἰμι
1523 4473 1555 4543 ή
1583 4471 1744 4542 θύρα.
1779 4490 1797 4523 ι

1908 4471 1983 4537 ti,
2024 4488 2044 4521 ι
2083 4469 2194 4539 Ego
2224 4485 2344 4524 sum
2375 4469 2460 4522 via
2491 4469 2561 4534 “,
2602 4487 2621 4520 ι
2657 4477 2734 4535 et,
2771 4486 2789 4520 ι
2829 4470 2940 4540 Ego
2978 4486 3096 4524 sum
3128 4472 3327 4525 ostium
3358 4472 3425 4530 “.
3467 4490 3491 4530 ι

320 4572 438 4626 Καὶ
471 4568 972 4640 πεντηκόνταρχον,
1002 4567 1096 4620 καὶ
1124 4564 1440 4636 θαυμαστὸν
1473 4562 1798 4635 σύμϐουλον,

1978 4563 2144 4618 Vsus.
2181 4563 2301 4617 34.
2358 4581 2378 4615 ι
2415 4561 2481 4616 Ει
2520 4563 2823 4633 principem
2867 4578 3032 4634 super
3073 4565 3493 4635 quinquaginta,

193 4664 305 4718 καὶ·
332 4663 511 4734 σοφὸν
547 4659 914 4732 ἀρχιτέκτονα
933 4699 948 4721 ,
975 4659 1072 4713 καὶ
1108 4657 1326 4711 συνετὸν
1357 4657 1656 4729 ἀκροατήν.
1688 4655 1800 4708 Καὶ

1905 4663 1961 4709 et
1999 4653 2374 4709 admirabilem
2419 4653 2830 4720 consiliarium,
2867 4664 2922 4707 et
2963 4652 3268 4723 sapientem
3320 4654 3497 4709 archi-

193 4753 482 4826 ἰπιστήσω
505 4751 839 4813 νεανίσκους
861 4748 1126 4819 ἄρχοντας
1152 4747 1352 4808 αὐτῶν,
1380 4747 1475 4799 καὶ
1496 4747 1797 4817 ἐμπαῖκται

1907 4755 2106 4800 tectum
2147 4752 2202 4798 et
2255 4744 2576 4814 prudentem
2648 4743 2976 4797 auditorem.
3040 4741 3109 4797 Et
3166 4745 3493 4800 constituam

191 4845 588 4917 κυριεύσουσιν
626 4840 828 4898 αὐτῶν.
877 4859 896 4892 ι
936 4839 1012 4911 (7)
1046 4839 1143 4903 Τίς
1182 4836 1276 4893 οὖν
1309 4838 1454 4911 ὁρῶν
1493 4839 1620 4901 τοὺς
1648 4836 1800 4908 παρὰ

1900 4853 2102 4908 pueros
2131 4837 2406 4907 principes
2446 4851 2660 4901 eorum,
2704 4845 2759 4891 et
2808 4836 3084 4892 derisores
3132 4835 3495 4892 dominabun.

204 4937 489 5002 Ἰουδαίοις
568 4930 1006 5005 ὀνομαζομένους
1072 4931 1440 5004 πατριάρχας,
1478 4931 1797 4996 νεανίσκους

1902 4941 1992 4988 tur
2027 4932 2127 4988 eis.
2167 4951 2186 4984 ι
2222 4931 2355 4997 Quis
2402 4945 2532 5002 ergo
2586 4930 2890 4999 conspectis
2939 4929 3032 4995 iis,
3070 4929 3163 4999 qui
3215 4929 3360 5000 apud
3384 4928 3491 5006 Ju-

191 5029 435 5100 ἀληθῶς,
465 5028 536 5082 οὐ
574 5027 682 5098 τὴν
707 5024 817 5079 τῶν
845 5027 1114 5097 σωμάτων
1141 5025 1378 5096 ἠλικίαν,
1406 5023 1543 5078 ἀλλὰ
1567 5022 1667 5086 τὰς
1699 5021 1802 5093 ψυ-

1903 5027 2050 5082 dcos
2076 5026 2409 5096 patriarcha
2447 5034 2748 5088 vocantur;
2783 5037 2891 5077 non
2929 5036 3058 5077 vere
3103 5036 3326 5094 pueros,
3381 5039 3491 5079 non

190 5121 290 5193 κάς
319 5121 551 5185 ἀτελεῖς
585 5119 688 5172 καὶ
711 5116 908 5182 ἐνδεεῖς
945 5117 1180 5189 φρενῶν,
1212 5117 1339 5180 τοὺς
1369 5133 1430 5169 τε
1463 5114 1682 5177 λοιποὺς
1706 5113 1803 5166 αὐ-

1904 5133 2167 5188 corporea
2191 5127 2425 5178 statura,
2455 5115 2550 5170 sed
2583 5115 2750 5170 aiiimi
2787 5114 3218 5184 iniperlectione.
3249 5131 3313 5169 ac
3341 5131 3494 5170 men-

189 5213 294 5267 τῶν
323 5211 727 5274 διδασκάλους,
766 5210 865 5263 οὐκ
893 5209 957 5264 ἂν
995 5209 1140 5263 εῖποι
1167 5209 1480 5280 ὲμπαίκτας
1511 5202 1674 5271 εἶναι,
1709 5206 1803 5259 καὶ

1904 5210 1974 5265 tis
2023 5209 2361 5280 indigentia,
2426 5218 2720 5274 nuncupet,
2778 5208 3120 5277 reliquosque
3156 5222 3345 5263 eorum
3389 5207 3494 5263 do-

187 5300 279 5367 οὓς
303 5306 340 5376 ἡ
380 5299 726 5376 προφητεία
749 5298 965 5370 ὶδήλου,

1901 5313 2120 5360 ctores.
2170 5315 2276 5354 non
2329 5299 2606 5354 derisores
2662 5300 2839 5366 dicat,
2887 5310 2942 5354 et
2981 5299 3172 5369 quales
3220 5299 3312 5355 hic
3358 5315 3493 5370 pro-

1902 5397 2066 5464 pheta
2107 5392 2417 5463 signiﬁcat?

258 5510 278 5543 ι
311 5488 432 5547 Καὶ
451 5489 832 5560 συμπεσεῖται
856 5489 885 5541 ό
915 5486 1066 5552 λαὸς,
1103 5486 1393 5559 ἄνθρωπος
1427 5488 1564 5560 πρὸς
1586 5487 1802 5559 ἄνθρω-

1980 5485 2143 5540 Vstts.
2185 5485 2239 5539 5.
2283 5503 2301 5536 ι
2351 5483 2418 5538 Ει
2463 5483 2635 5536 irruet
2685 5483 2936 5553 populus,
2989 5485 3152 5539 homo
3199 5484 3264 5537 ari
3309 5482 3488 5538 homi-

185 5597 308 5651 ita»,
331 5583 438 5639 καὶ
472 5580 780 5650 ἄνθρωπος
810 5580 944 5651 πρὸς
968 5580 1061 5633 τὸν
1090 5578 1320 5651 πλησίον
1352 5579 1549 5636 αὐτοῦ’
1578 5600 1596 5632 ι
1627 5579 1796 5651 μηδε-

1907 5592 2054 5646 nem,
2085 5587 2139 5632 et
2177 5580 2342 5633 homo
2373 5576 2438 5632 ad
2469 5577 2780 5646 proximum
2817 5593 3016 5632 suum:
3068 5597 3086 5628 ι
3123 5577 3264 5646 quod
3311 5574 3492 5631 nullus

251 5745 526 5802 "Matth.
554 5757 634 5807 tv,
655 5740 714 5796 ι.
795 5737 838 5770 ⁸⁸
858 5736 896 5793 ll
916 5739 1044 5796 Cor.
1075 5753 1158 5806 ιιι,
1195 5739 1284 5798 l5.
1366 5741 1408 5775 ι’
1437 5739 1596 5798 Joan.
1626 5756 1707 5807 nt,
1735 5739 1790 5794 3.
1865 5764 1866 5767 η

1195 5739 1284 5798 l5.
1366 5741 1408 5775 ι’
1437 5739 1596 5798 Joan.
1626 5756 1707 5807 nt,
1735 5739 1790 5794 3.
1865 5736 2096 5797 “Joan.
2126 5753 2242 5804 xiv,
2279 5740 2332 5794 6.
2411 5740 2454 5771 ²¹
2485 5737 2706 5804 Joan.x,
2734 5740 2782 5793 Ἰ.

309 5894 330 5959 )
362 5889 476 5945 Hic
506 5885 907 5959 Hieronymus,
933 5883 1414 5959 «Consideremug
1445 5885 1789 5957 patriarchas
1901 5900 1965 5941 ac
1997 5885 2208 5942 deliciis
2240 5886 2549 5958 aﬁluenlcs;
2584 5896 2640 5942 et
2667 5885 2942 5955 impletam
2993 5884 3332 5956 praphetiam
3364 5895 3488 5938 esse

176 5953 540 6018 Iudaeorum;
569 5967 630 6014 et
659 5953 912 6025 iuvenes,
943 5956 1056 6013 sive
1078 5971 1302 6029 pueros,
1342 5953 1789 6028 eﬁcininatosque
1899 5971 2212 6016 cernemus.
2246 5977 2265 6012 ι
