4090 6434
1288 344 1555 419 Eusebi]
1592 355 2069 417 CESARIENSIS
2106 354 2197 414 ορ

2298 356 2480 413 PARS
2513 354 2604 411 Ill.
2644 386 2711 397 -—
2749 351 3158 412 EXEGETICA.

3760 355 3861 408 “6

633 480 1062 563 conmustionis..
1079 478 1146 535 Et
1170 478 1364 545 veniet,
1392 489 1447 533 et
1473 480 1581 535 erit
1612 489 1755 534 totus
1794 479 1951 535 locus
1982 478 2185 534 montis

2298 475 2551 539 καύσεως.
2588 474 2695 528 Καὶ
2723 472 2862 543 ἥξει,
2917 471 3013 523 καὶ
3050 469 3201 522 ἔσται
3231 469 3338 531 πᾶς
3384 466 3547 529 τόπος
3578 464 3675 517 τοῦ
3708 464 3865 535 ὅρους

636 568 864 633 Sion,et
896 570 1079 645 omnia
1105 581 1222 637 qua:
1255 566 1308 620 in
1352 566 1579 621 circuitu
1627 566 1745 635 ejus
1795 574 1941 632 sunt,
1989 567 2182 620 nebula

669 662 739 717 iel
768 662 1135 726 obumbrabit,
1178 668 1233 715 et
1255 660 1409 731 quasi
1455 658 1624 723 fumo,
1686 668 1740 714 et
1792 660 1943 730 quasi
1986 658 2188 713 lumine

634 749 796 807 'noctu
826 754 1068 816 ardente.
1098 750 1244 807 omni
1287 750 1459 818 gloria
1510 751 1813 821 obtegetur.
1877 749 1940 806 Et
1989 752 2099 807 erit
2135 752 2189 804 in

630 845 881 899 umbram
915 844 983 898 ab
1010 854 1163 905 astu,
1201 852 1255 898 et
1282 842 1333 896 in
1361 843 1749 912 protectionem
1799 851 1852 896 et
1877 841 2193 897 absconsio-

631 950 754 989 nem
799 950 828 989 a
855 933 1050 989 duritie
1081 943 1136 988 et
1159 933 1359 1004 pluvia.
1390 950 1409 984 ι
1454 931 1751 986 Lavacrum
1809 931 2189 1001 regeneratio-

636 1024 744 1087 nis,
787 1024 929 1092 quod
976 1024 1130 1091 prius
1177 1021 1487 1077 declarabat
1548 1022 1631 1077 his
1694 1021 1895 1085 verbis,
1947 1038 1967 1072 ε
2017 1018 2191 1078 ἰάθη·

634 1112 792 1178 mini,
816 1112 1001 1179 mundi
1030 1121 1226 1177 estote,
1253 1130 1274 1164 ι
1304 1112 1468 1167 etiam
1499 1127 1641 1165 nunc
1666 1122 1850 1179 aperte
1880 1110 2185 1182 pollicetur.

637 1203 760 1260 Haec
787 1204 1109 1275 porrodicit
1135 1206 1201 1260 de
1229 1205 1314 1269 iis,
1347 1204 1437 1273 qui
1475 1219 1599 1259 cum
1626 1206 1790 1260 caedis
1819 1204 2019 1260 Christi
2061 1220 2189 1276 par-

636 1296 831 1365 ticipes
861 1294 1112 1361 fuissent,
1166 1310 1265 1349 nec
1299 1295 1528 1349 multum
1592 1306 1780 1365 postea
1829 1296 2189 1366 resipuerunt,

634 1397 692 1441 et
718 1386 1067 1456 Evangelium
1104 1387 1273 1457 ipsius
1305 1398 1661 1455 agnoverunt.
1705 1387 1841 1443 Hinc
1874 1389 1939 1442 de
1980 1386 2191 1443 ﬁliabus

635 1478 765 1534 Sion
801 1480 928 1551 agit,
956 1495 1074 1550 quae
1120 1481 1170 1533 in
1202 1478 1467 1547 superiori
1523 1480 1761 1535 clausula
1805 1480 2192 1535 incusabantur

634 1570 722 1627 his
746 1572 925 1626 verbis
951 1593 963 1627 :
997 1590 1015 1621 ι
1049 1569 1181 1637 Quia
1208 1572 1455 1629 exaltatze
1481 1572 1739 1627 suntﬁlia:
1752 1571 1903 1635 Sion,
1931 1581 1984 1626 et
2008 1580 2190 1626 erecta

633 1663 845 1717 cervice
894 1662 1275 1726 incedebant,»
1321 1673 1375 1717 et
1422 1673 1639 1719 cetera.
1676 1663 2009 1733 Sanguinem
2064 1676 2191 1717 vero

2282 565 2452 635 Σιὼν,
2477 566 2568 617 καὶ
2601 564 2776 617 πάντα
2805 562 2875 615 τά
2901 559 3211 631 περικύκλῳ
3238 557 3407 628 αὐτῆς
3433 555 3645 609 σκιάσει
3668 554 3865 625 νεφέλη

2292 656 2521 729 ἡμέρας,
2545 655 2639 708 καὶ
2668 654 2740 716 ὼς
2782 651 3011 715 καπνοῦ,
3035 650 3128 703 καὶ
3158 649 3235 713 ὡς
3255 648 3432 717 φωτὸς
3451 646 3746 717 καιομένου
3777 663 3868 699 νυ-

2292 750 2437 814 κτὸς,
2455 750 2603 819 πάσῃ
2615 750 2682 817 τῇ
2698 744 2826 818 δόξῃ
2840 743 3301 813 σκεπασθήσεται.
3320 742 3429 794 Καὶ
3446 740 3598 792 ἔσται
3612 740 3693 801 είς
3709 736 3867 791 σκιὰν

2289 842 2397 896 ἀπὸ
2416 839 2711 911 καύματος,
2744 838 2839 891 καὶ
2869 839 2928 889 tv
2964 834 3139 905 σκέπη
3182 834 3277 887 καὶ
3309 835 3368 885 tv
3406 830 3728 902 ἀποκρύφῳ,
3758 830 3869 883 ἀπὸ

2293 932 2658 1004 σκληρότητος
2682 930 2778 993 καὶ
2807 927 2985 981 ὑετοῦ.
3021 945 3041 979 ι
3072 924 3267 994 Σαφῶς
3296 924 3405 995 γάρ
3432 924 3492 977 τὸ
3522 921 3747 993 λουτρὸν
3768 920 3869 991 τῆς

2295 1022 2737 1093 παλιγγενεσίας,
2760 1020 2899 1073 δικαὶ
2915 1018 3004 1073 διὰ
3016 1017 3127 1071 τῶν
3145 1016 3452 1088 ἔμπροσθεν
3470 1015 3656 1087 ἐδήλου
3670 1013 3868 1082 λέγων’

2298 1135 2319 1168 ι
2357 1112 2658 1177 Δούσασθε,
2682 1113 2777 1166 καὶ
2800 1111 3030 1183 καθαροὶ
3050 1109 3295 1179 γένεσθε,
3325 1128 3341 1160 ι
3372 1111 3467 1163 καὶ
3491 1109 3586 1163 νῦν
3606 1108 3850 1178 ὲπαγγέλ

2291 1206 2461 1262 λεται.
2492 1207 2651 1272 Λέγει
2675 1205 2732 1259 δὲ
2765 1203 2941 1259 ταῦτα
2966 1200 3226 1273 περὶτῶν
3263 1202 3738 1272 κεκοινωνηκότων
3772 1200 3869 1271 μιν

2289 1303 2359 1371 τῇ
2390 1300 2531 1353 κατά
2561 1297 2653 1352 τοῦ
2682 1297 2935 1367 Σωτῆρος
2969 1292 3271 1365 μιαιφονίᾳ,
3315 1294 3511 1364 μικρὸν
3552 1292 3609 1347 δὲ
3643 1292 3872 1364 ὕστερον

2296 1390 2706 1463 μεταϐαλόντων
2728 1388 2824 1440 καὶ
2846 1386 3229 1457 γνωρισάντων
3252 1383 3417 1439 αὑτοῦ
3435 1384 3498 1437 τὸ
3519 1383 3868 1453 Εὑαγγέλιον.

2292 1484 2404 1536 Καὶ
2433 1480 2736 1551 θυγατέρας
2763 1478 2900 1531 Σιὼν
2928 1477 3199 1548 ἐπιφέρει,
3236 1476 3335 1540 τὰς
3364 1479 3423 1529 tv
3452 1480 3517 1548 τῇ
3561 1474 3873 1549 ἔμπροσθεν

2293 1575 2564 1645 περικοπῇ
2594 1570 3083 1641 κατηγορηθείσας,
3116 1571 3174 1622 tv
3215 1568 3293 1639 τῷ
3328 1569 3616 1638 λέγεσθαι·
3656 1588 3676 1621 ι
3732 1566 3873 1622 Ἀνθ⁹

2290 1660 2367 1720 ὧν
2399 1664 2783 1735 ύψώθησαναί
2824 1661 3123 1733 Θυγατέρες
3166 1659 3335 1724 Σιὼν,
3367 1660 3462 1714 καὶ
3499 1660 3875 1732 ἐπορεύθησαν

632 1753 934 1808 Jerusalem
981 1755 1120 1808 miro
1171 1766 1303 1809 sane
1352 1754 1511 1809 modo
1552 1763 1707 1809 vocat
1759 1754 1966 1809 caedem
2018 1754 2088 1808 ibi
2135 1752 2187 1806 in

2298 1756 2483 1829 ὑψηλῷ
2506 1756 2783 1829 τραχήλῳ,
2824 1774 2842 1806 ι
2890 1756 2985 1808 καὶ
3016 1754 3084 1809 τά
3114 1753 3325 1819 τούτοις
3352 1754 3613 1824 ἑπόμενα.
3643 1747 3791 1823 Αἷμα
3814 1751 3873 1805 δὲ

634 1842 922 1896 Servatore
942 1852 1302 1911 perpetratam
1331 1858 1345 1897 :
1377 1845 1503 1913 quia
1540 1844 1727 1898 isthsc
1772 1857 1933 1897 causa
1964 1841 2065 1896 init
2093 1856 2187 1896 ex-

2302 1818 3010 1917 Ὶερούσαλὴμθαυμαστῶς
3040 1818 3313 1899 ἀποκαλεῖ
3333 1846 3434 1917 τὴν
3458 1818 3610 1899 -κατά
3631 1818 3728 1899 τού
3764 1845 3874 1898 Σων

640 1937 951 1993 ιτειιιπιοοί
986 1938 1128 1992 illius
1177 1938 1515 1993 vastationis.
1559 1937 1624 1991 Et
1658 1940 1971 1993 consideres
2016 1937 2174 1991 velim

2298 1940 2453 2013 τῆρος
2488 1936 2853 2009 προαχθεῖσαν
2887 1939 2944 1989 tv
2976 1938 3112 2009 αὐτῇ
3160 1937 3493 2007 μιαιφονίαν,
3533 1935 3621 1989 διά
3651 1936 3713 1989 τὸ
3742 1935 3873 1989 ταύ-

634 2046 814 2085 annon
849 2032 937 2085 hic
966 2045 1141 2087 sermo
1172 2032 1413 2101 apprime
1457 2031 1745 2086 conveniat
1789 2045 1910 2085 cum
1959 2044 2191 2099 evange-

637 2122 745 2177 lico
787 2122 876 2177 illo
922 2122 1227 2176 testimonio
1274 2121 1340 2175 de
1386 2120 1675 2176 Servatore
1714 2130 1924 2183 nostro,
1962 2119 2054 2175 ubi
2108 2119 2190 2175 sic

634 2215 880 2278 habetur,
914 2234 933 2267 ι
957 2214 1073 2283 Ipse
1108 2228 1204 2269 vos
1232 2215 1531 2284 baptisabit
1570 2217 1623 2269 in
1664 2214 1870 2283 Spiritu
1913 2225 2101 2270 sancto
2136 2224 2192 2269 et

634 2303 758 2375 igne
782 2306 849 2358 “.
880 2324 898 2357 ι
937 2304 1067 2359 Illud
1099 2304 1263 2369 enim,
1304 2322 1323 2356 ι
1351 2305 1405 2358 in
1446 2304 1641 2374 spiritu
1685 2304 1872 2373 indicii
1904 2314 1957 2359 et
1995 2306 2048 2359 in
2080 2306 2193 2374 spi-

634 2399 739 2453 ritu
763 2396 1178 2462 combustionis,
1214 2418 1232 2449 »
1269 2398 1404 2453 nihil
1443 2396 1624 2453 din'ert
1663 2397 1730 2452 ab
1774 2396 1886 2464 illo,
1937 2416 1953 2449 I
1987 2397 2039 2451 in
2072 2396 2194 2464 Spi-

633 2488 739 2542 ritu
770 2497 958 2544 sancto
978 2498 1031 2543 et
1053 2488 1195 2559 igne.
1234 2506 1254 2541 ι
1290 2488 1433 2559 lgnei
1466 2502 1592 2542 vero
1626 2500 1903 2541 sermones
1951 2485 2059 2540 illis
2098 2487 2193 2539 ad-

635 2579 788 2643 moti,
822 2586 1163 2647 peccatorum
1192 2578 1625 2634 emundationem
1650 2578 1999 2647 peragebant.
2034 2577 2191 2631 Item-

635 2684 741 2738 qne
772 2668 1020 2725 Salvator
1050 2680 1234 2725 noster
1261 2670 1317 2725 in
1351 2669 1643 2740 Evangelia
1669 2669 1867 2724 dicitur
1916 2669 2193 2738 baptizare

634 2774 740 2813 non
776 2761 828 2814 in
870 2775 1005 2830 aqua
1032 2800 1047 2824 ,
1087 2762 1179 2816 sed
1229 2760 1282 2815 in
1318 2760 1545 2837 Spiritu
1611 2770 1667 2814 et
1713 2759 1853 2829 igne.
1907 2758 2018 2813 Hoc
2046 2758 2191 2815 enim

632 2854 823 2906 edocet
862 2848 1119 2916 Joannes,
1161 2852 1231 2908 de
1265 2867 1324 2908 se
1361 2853 1576 2921 quidem
1635 2852 1841 2915 dicens,
1889 2869 1908 2902 ι
1937 2850 2047 2920 Ego
2097 2864 2194 2905 vos

633 2941 847 3010 baptizo
878 2942 930 2995 in
959 2957 1095 3012 aqua
1116 2942 1198 3007 ⁸⁸ς
1230 2960 1248 2994 ι
1276 2943 1341 2997 de
1357 2941 1637 2996 Salvatore
1666 2952 1865 3005 autem,
1896 2958 1916 2992 ε
1957 2939 2076 3010 Ipse
2098 2954 2195 2995 vos

636 3029 929 3099 baptizabit
958 3031 1011 3084 in
1045 3028 1247 3099 Spiritu
1276 3038 1466 3085 sancto
1499 3038 1553 3085 et
1592 3030 1714 3099 igne
1730 3030 1799 3084 “.
1828 3048 1847 3081 ι

1250 3304 1478 3361 CAPUT
1519 3305 1579 3358 ν.

708 3395 869 3451 Vens.
904 3396 957 3449 1.
997 3414 1015 3447 ι
1043 3395 1284 3451 Cantabo
1309 3396 1507 3451 dilecto
1539 3397 1811 3452 canticum
1842 3398 2031 3454 Dilecti
2068 3400 2197 3463 mei,

634 3488 807 3542 vineae
832 3502 983 3541 meas.
1013 3476 1182 3542 Vinea
1212 3486 1345 3542 facta
1372 3497 1453 3542 est
1479 3488 1671 3543 dilecto
1696 3490 1749 3542 in
1781 3504 1970 3555 cornu,
1992 3491 2043 3545 in
2080 3491 2199 3545 loco

636 3579 842 3648 pingui.
874 3596 893 3629 ι
928 3577 1041 3633 Hoc
1070 3578 1230 3647 igitur
1263 3579 1495 3644 cantico,
1527 3593 1646 3647 ane
1672 3580 1725 3633 in
1758 3581 1913 3636 vinea
1946 3597 2043 3636 sua
2071 3597 2199 3651 ope-

637 3681 787 3726 ratus
826 3681 908 3726 est
933 3681 1233 3736 enumerat,
1259 3671 1533 3740 vinemque
1584 3672 1986 3741 improbitatem
2038 3689 2197 3728 coar-

636 3765 781 3833 guit:
816 3778 879 3816 ac
910 3777 971 3816 ea
1000 3777 1119 3831 quae
1148 3762 1246 3831 ipsi
1282 3773 1537 3816 eventura
1563 3772 1689 3817 sunt
1712 3764 2058 3818 vaticinatur.
2114 3764 2202 3817 Di-

636 3858 779 3908 citur
802 3869 930 3924 ergo
962 3855 1015 3909 in
1044 3869 1208 3909 cornu
1238 3867 1377 3919 esse,
1421 3855 1545 3923 quia
1574 3856 1639 3909 .in
1674 3870 1788 3923 Ipsa
1828 3854 2199 3925 Hierosolyma

639 3948 785 4015 regia
820 3946 1127 4015 metropolis
1178 3946 1460 4001 consistit:
1510 3945 1646 4001 solet
1688 3958 1868 4001 autem
1919 3946 2199 4016 Scriptura

642 4054 843 4093 cornua
874 4039 1026 4109 regni
1054 4053 1289 4093 memora
1299 4053 1373 4092 re.

712 4218 872 4272 Vens.
907 4218 959 4272 Ξ.
1009 4236 1028 4270 ι
1076 4217 1139 4270 Et
1185 4232 1363 4286 sepem
1410 4218 1769 4289 circumposni
1802 4228 1858 4274 et
1890 4219 2113 4283 vallavi,
2143 4229 2205 4275 et

639 4311 880 4381 plantavi
909 4312 1121 4365 vineam
1157 4308 1357 4363 Sorec:
1390 4320 1442 4379 ct
1470 4310 1728 4365 aediﬁcavi
1761 4311 1949 4364 turrim
2003 4313 2055 4364 in
2102 4328 2207 4367 me-

2290 2052 2391 2107 την
2417 2034 2594 2089 αἰτίαν
2616 2030 2898 2101 γεγονέναι
2919 2031 3017 2101 τῆς
3043 2032 3275 2102 ἐσχάτης
3298 2030 3533 2101 ἐρημίας
3560 2028 3657 2082 τοῦ
3683 2029 3872 2082 τόπου.

2291 2129 2403 2181 Καὶ
2435 2125 2534 2179 θέα
2562 2126 2610 2177 εί
2654 2122 2729 2196 μὴ
2771 2122 2976 2194 σφόδρα
3005 2122 3292 2193 σύμφωνός
3328 2124 3476 2175 ἔστιν
3502 2122 3532 2173 ό
3559 2120 3753 2192 παρὼν
3783 2121 3875 2174 λό-

2292 2237 2387 2289 γος
2408 2220 2474 2289 τῇ
2494 2217 2823 2288 εὐαγγελικῇ
2852 2216 3127 2287 μειιρτυρίειι
3146 2217 3275 2286 περὶ
3298 2214 3392 2268 τοῦ
3419 2214 3672 2287 Σωτῆρος
3693 2214 3874 2285 ἡμῶν.

2292 2312 2326 2384 ἡ
2358 2310 2601 2364 ἐδίδασκε
2635 2308 2869 2378 λέγουσα
2893 2326 2906 2339 ·
2941 2327 2959 2359 ι
2990 2308 3161 2370 Αὐτὸς
3186 2307 3329 2378 ὑμᾶς
3356 2304 3605 2375 βαπτίσει
3627 2307 3684 2358 tv
3712 2304 3877 2359 Πνεύ-

2300 2420 2427 2474 ματι
2467 2402 2609 2472 ἁγίῳ
2655 2402 2748 2454 καὶ
2776 2400 2931 2471 πυρί.
2966 2418 2984 2451 ι
3022 2400 3096 2451 Τὸ
3128 2398 3258 2469 γὰρ,
3296 2417 3314 2450 ι
3361 2400 3418 2451 tv
3451 2396 3722 2471 πνεύματι
3755 2399 3878 2470 κρί-

2295 2509 2433 2556 σεως
2484 2491 2577 2544 καὶ
2630 2488 2902 2560 πνεύματι
2961 2486 3207 2549 καύσεως
3243 2506 3260 2537 ι
3286 2484 3404 2549 τοῦ,
3448 2504 3465 2535 ι
3505 2485 3562 2536 tv
3597 2483 3878 2554 Πνεύματι

2295 2585 2435 2656 ἀγίῳ
2458 2584 2551 2638 καὶ
2579 2582 2732 2653 πυρὶ,
2762 2600 2779 2633 ι
2815 2581 2967 2633 οὐδὲν
2994 2578 3257 2649 διαφέρει.
3278 2578 3388 2632 Ka‘t
3413 2577 3463 2630 οί
3492 2574 3800 2647 πυρωτικοὶ
3820 2574 3878 2627 δὲ

2294 2676 2464 2746 λόγοι,
2496 2674 2901 2744 καθαπτόμενοι
2933 2670 3133 2734 αὐτῶν,
3171 2670 3435 2739 κάθαρσιν
3466 2666 3743 2720 ένεποίουν
3772 2664 3881 2718 τῶν

2294 2767 2731 2839 ἁμαρτημάτων.
2772 2763 2883 2817 Καὶ
2919 2765 2948 2816 ό
2976 2762 3167 2832 Σωτὴρ
3202 2761 3404 2831 ὁμοίως
3436 2761 3494 2811 tv
3522 2758 3601 2829 τῷ
3635 2758 3879 2826 Εὑαγγε-

2294 2858 2394 2929 λίῳ
2440 2855 2724 2928 βαπτίσειν
2756 2855 2975 2922 λέγεται
3000 2854 3121 2922 οὐχὶ
3160 2851 3332 2914 ὕδατι,
3358 2850 3471 2904 ἀλλ’
3497 2852 3555 2903 tv
3598 2850 3881 2921 Πνεύματι

2296 2951 2391 3004 καὶ
2434 2950 2492 3002 tv
2537 2948 2690 3020 πυρί.
2726 2946 2898 3000 Τοῦτο
2929 2944 3038 3014 γὰρ
3074 2944 3315 3010 ἐδίδαξεν
3356 2944 3385 2994 ό
3438 2942 3715 3013 Ἰωάννης,
3753 2943 3883 3013 περὶ

2302 3042 2401 3113 μὲν
2445 3040 2640 3093 ἑαυτοῦ
2685 3037 2877 3102 εἰπὼν,
2930 3055 2948 3090 t
3011 3037 3152 3105 Ἐγὼ
3195 3037 3294 3106 μὲν
3340 3036 3485 3107 ὑμᾶς
3531 3034 3784 3105 βαπτίζω
3823 3036 3883 3087 tv

2221 3148 2264 3205 ε
2298 3134 2469 3186 ὕδατι·
2516 3152 2535 3183 ι
2568 3132 2697 3202 περὶ
2720 3118 2777 3184 δὲ
2809 3130 2904 3183 τοῦ
2946 3130 3217 3200 Σωτῆρος·
3252 3148 3271 3179 ι
3314 3129 3483 3191 Αὐτὸς
3513 3128 3659 3199 ὑμᾶς
3684 3125 3882 3196 βαπτί-

2304 3240 2383 3276 σει
2414 3225 2470 3275 ὲν
2505 3222 2779 3292 Πνεύματι
2808 3220 2947 3290 ἁγίῳ
2980 3221 3073 3272 καὶ
3096 3219 3248 3290 πυρί.
3288 3237 3306 3270 ι

2815 3311 3211 3365 ΚΕΦΑΛΑΙΟΝ
3256 3312 3328 3363 E'.
3748 3360 3757 3363 -

2376 3423 2394 3455 ι
2431 3404 2582 3475 ’ᾼσω
2615 3404 2680 3475 δὴ
2724 3402 2804 3473 τῷ
2846 3402 3190 3473 ἠγαπημένῳ
3231 3398 3385 3473 ᾆσμα
3422 3398 3516 3455 τοῦ⁹
3567 3398 3883 3469 ’Δγαπητοῦ

2303 3516 2425 3570 μου,
2460 3498 2537 3568 τῷ
2566 3496 2851 3567 ἀμπελῶνί
2882 3513 3003 3567 μου.
3052 3493 3341 3565 ’Δμπελὼν
3364 3492 3599 3564 ἐγενήθη
3638 3492 3718 3564 τῷ
3747 3494 3883 3563 ἠγαο

2300 3590 2529 3660 πημένῳ
2569 3591 2628 3642 tv
2660 3588 2870 3658 κέρατι,
2905 3588 2963 3640 tv
2998 3587 3147 3656 τόπῳ
3176 3586 3341 3640 πίονι.
3386 3604 3405 3637 ι
3440 3586 3538 3638 Διά
3571 3587 3754 3641 τοίνυν
3785 3587 3885 3659 τῆς

2301 3681 2444 3752 ᾠδῆς
2466 3680 2670 3751 ταύτης
2706 3678 2805 3743 τὰς
2830 3681 2911 3742 είς
2950 3679 3041 3730 τὸν
3071 3678 3372 3749 ἀμπελῶνα
3400 3676 3592 3731 ἑαυτοῦ
3618 3678 3887 3749 ἐργασίας

2303 3774 2742 3845 καταριθμεῖται,
2796 3772 2889 3824 καὶ
2933 3769 3028 3823 τοῦ
3075 3768 3397 3840 ἀμπελῶνος
3435 3766 3534 3839 τὴν
3579 3766 3887 3839 μοχθηρίαν

2302 3865 2538 3933 ἐλέγχει·
2586 3862 2828 3925 θεσπίζει
2861 3860 2919 3913 δὲ
2959 3860 3052 3912 καὶ
3079 3858 3149 3911 τὰ
3184 3858 3443 3929 μέλλοντα
3484 3857 3632 3927 αὐτῷ
3672 3856 3886 3928 συμϐή-

2304 3955 2512 4008 σεσθαι.
2545 3953 2775 4021 Λέγεται
2804 3950 2934 4019 γοῦν
2965 3952 3022 4001 tv
3058 3951 3250 4020 κέρατι
3280 3943 3440 4013 εἶναι,
3480 3947 3568 4001 διὰ
3600 3948 3662 4000 τὸ
3693 3947 3889 4018 συστῆ-

2306 4066 2391 4101 ναι
2420 4046 2701 4116 βασιλικὴν
2742 4042 3073 4115 μητρόπολιν
3113 4044 3172 4095 tv
3214 4043 3349 4113 αὐτῇ
3387 4044 3453 4112 τῇ
3494 4040 3883 4112 Ἰερουσαλήμ.

2302 4136 2461 4189 εἴωθε
2490 4135 2598 4205 γὰρ
2625 4137 2657 4203 ἡ
2688 4133 2875 4204 Γραφὴ
2902 4132 3114 4203 κέρατα
3134 4131 3235 4200 τῆς
3270 4130 3543 4201 βασιλείας
3574 4128 3887 4200 ὀνομάζειν.

2384 4246 2402 4278 ι
2434 4228 2540 4279 Kal.
2565 4224 2817 4296 φραγμὸν
2834 4222 3136 4294 περιέθηκα
3155 4223 3253 4276 καὶ
3275 4221 3626 4292 ἐχαράκωσα,
3646 4221 3741 4273 καὶ
3761 4218 3889 4289 ἀφύ-

2305 4335 2471 4372 τευσα
2518 4316 2757 4387 ἄμπελον
2800 4315 3013 4385 Σορήκ·
3056 4314 3151 4367 καὶ
3191 4313 3518 4385 ᾠκοδόμησα
3568 4312 3779 4383 πύργον
3831 4313 3890 4365 tv

642 4405 731 4458 dio
760 4400 897 4469 ejus,
946 4411 998 4454 et
1044 4400 1383 4469 protorcular
1416 4399 1523 4454 fodi
1573 4404 1622 4453 in
1672 4416 1755 4453 ea.
1789 4419 1807 4451 ι
1846 4400 2039 4469 Sepent
2076 4416 2197 4455 ch

2314 4411 2462 4481 μέσῳ
2491 4408 2677 4472 αὑτοῦ,
2712 4409 2803 4461 καὶ
2833 4408 3122 4479 προλήνιον
3147 4405 3334 4477 ῶρυξα
3359 4406 3417 4459 tv
3462 4403 3612 4475 αύτῷ
3684 4422 3700 4456 ι
3733 4404 3891 4476 Περι-

644 4496 1025 4564 circumposuit
1046 4496 1116 4559 ei,
1140 4494 1385 4548 videlicet
1406 4491 1551 4545 omni
1580 4490 1793 4560 populo,
1814 4507 1970 4558 quem
2001 4494 2197 4559 angelis.

2313 4503 2507 4572 έθηκεν
2556 4497 2649 4555 οὖν
2693 4499 2840 4570 αὑτῷ
2883 4500 3158 4569 φραγμὸν,
3204 4496 3405 4569 δηλαδὴ
3444 4495 3523 4566 τῷ
3546 4497 3709 4549 παντὶ
3748 4495 3889 4567 λαῷ,

643 4590 1067 4655 circumquaque
1126 4585 1371 4638 munivit.
1422 4582 1543 4636 Alio
1594 4584 1721 4636 item
1774 4584 1934 4636 modo
1986 4584 2209 4637 Va”:th

643 4694 787 4742 eam,
829 4677 1102 4746 prophetis
1145 4686 1199 4730 et
1242 4675 1441 4729 sanctis
1476 4673 1608 4727 viris
1660 4674 1829 4741 ipsam
1873 4674 2103 4729 fulciens
2153 4685 2208 4728 et

644 4780 971 4827 sustentans.
1000 4767 1138 4834 Quin
1183 4767 1345 4821 etiam
1393 4765 1655 4835 plantavit
1684 4780 1803 4819 eam
1849 4766 2060 4819 vineam
2105 4766 2203 4820 So-

647 4880 763 4929 rec,
822 4878 983 4933 quam
1044 4862 1403 4931 Symmachus
1471 4860 1879 4927 interpretatur,
1957 4860 2208 4914 electam.

644 4955 773 5022 Qum:
803 4964 979 5007 autem
1018 4953 1205 5007 istbaac
1227 4952 1381 5004 vinea
1416 4958 1554 5012 erat,
1600 4949 1702 5003 nisi
1738 4950 1894 5019 plane
1924 4948 2209 5019 Scriptura

650 5048 911 5103 divinitus
965 5045 1246 5113 inspirata,
1297 5053 1351 5098 et
1404 5042 1506 5111 piae
1558 5042 1832 5111 religionis
1878 5057 2079 5106 sermo,
2128 5043 2211 5096 vel

650 5144 812 5197 etiam
841 5139 1017 5207 ipsum
1042 5137 1134 5189 Dei
1164 5134 1419 5199 Verbum,
1450 5135 1592 5203 quod
1649 5136 1702 5188 in
1748 5134 2055 5203 Evangeliis
2096 5134 2211 5189 hazc

651 5240 717 5291 de
744 5252 800 5292 se
826 5238 983 5291 docet
1016 5248 1077 5289 ac
1116 5234 1372 5303 loquitur,
1422 5253 1440 5283 ι
1470 5233 1579 5301 Ego
1618 5247 1735 5287 sum
1788 5232 1913 5286 vitis
1961 5248 2110 5293 vera,
2152 5243 2207 5286 et

650 5326 811 5380 Pater
840 5341 990 5380 meus
1030 5324 1261 5394 agricola
1294 5334 1376 5379 est
1397 5324 1483 5377 '7?
1519 5343 1537 5374 ι
1584 5322 1661 5376 Ex
1690 5324 1806 5392 ipso
1841 5323 2034 5392 quippe
2061 5325 2209 5392 prior

652 5420 778 5471 item
805 5418 1029 5487 populus
1058 5418 1356 5471 divinarum
1393 5415 1797 5483 disciplinarum
1822 5414 2209 5481 plantationem

652 5508 875 5575 accepit.
905 5506 1247 5561 Protorcular
1281 5518 1463 5560 autem
1500 5505 1632 5558 fodit
1669 5504 1722 5555 in
1760 5515 1846 5565 ea,
1880 5502 2051 5557 altare
2102 5504 2208 5557 sri-

654 5596 779 5652 licet
818 5597 1047 5665 positum
1078 5609 1201 5653 ante
1231 5597 1503 5666 templum.

1807 5778 1846 5807 "
1880 5774 2011 5830 Ibid.

724 5778 767 5809 "
807 5778 994 5833 Matth.
1022 5792 1104 5843 ιιι,
1136 5779 1215 5831 Η.
1294 5778 1333 5805 ⁵⁵
1370 5776 1521 5829 Jnan
1572 5791 1607 5840 t,
1643 5778 1725 5831 26.

2312 4594 2525 4655 παντως
2548 4611 2648 4646 που
2671 4594 2921 4661 ἀγγέλοις
2944 4592 3109 4644 αὑτὸν
3132 4589 3493 4661 περιφράξας.
3536 4588 3892 4660 Ἐχαράκωσε

2312 4684 2367 4736 δὲ
2396 4685 2488 4736 καὶ
2530 4683 2702 4746 ἄλλως
2730 4683 2909 4745 αὑτὸν,
2962 4681 3272 4750 προφήταις
3301 4680 3395 4732 καὶ
3426 4678 3601 4747 ἁγίοις
3632 4678 3895 4750 ἀνδράσιν

2315 4773 2694 4843 ὑποστηρίξας.
2749 4769 2908 4823 Ἀλλὰ
2951 4769 3044 4821 καὶ
3072 4767 3471 4835 κατεφύτευσεν
3506 4765 3676 4833 αὐτὴν
3713 4764 3893 4835 ἀμπε-

2309 4866 2397 4919 λον
2420 4867 2599 4937 Σορήκ
2619 4881 2631 4893 ·
2660 4864 2727 4934 ῆν
2744 4866 2772 4915 ὁ
2798 4862 3092 4931 Σύμμαχος
3120 4861 3463 4931 ἡρμήνευσεν
3488 4857 3773 4929 ἐκλεκτήν.
3798 4858 3895 4922 Τίς

2307 4957 2362 5008 δὲ
2389 4951 2455 5025 ἦν
2488 4955 2624 5026 αὕτη
2662 4956 2695 5023 ἡ
2721 4952 2965 5023 ἄμπελος
2995 4952 3029 5023 ἢ
3081 4952 3297 5014 πάντως
3332 4968 3435 5003 που
3462 4953 3495 5021 ἡ
3537 4949 3899 5013 θεόπνευστος

2312 5049 2350 5099 Γ
2357 5048 2521 5118 ραφὴ,
2550 5047 2642 5099 καί
2665 5048 2694 5098 ό
2723 5045 2821 5114 τῆς
2844 5042 3151 5106 θεοσεϐείας
3176 5042 3352 5111 λόγος,
3379 5042 3412 5113 ἢ
3438 5042 3531 5094 καὶ
3557 5040 3718 5103 αὐτὸς
3748 5042 3777 5093 ό
3800 5039 3896 5093 τοῦ

2312 5138 2446 5190 Θεοῦ
2475 5139 2669 5206 Λόγος,
2706 5136 2735 5187 ὁ
2776 5136 2835 5187 tv
2879 5134 3234 5205 Εὑαγγελίοις
3276 5134 3406 5205 περὶ
3442 5130 3638 5186 ἑαυτοῦ
3678 5132 3896 5198 διδάξας

2316 5231 2409 5282 καὶ
2443 5230 2633 5295 εἰπὼν,
2664 5248 2683 5280 t
2738 5227 2879 5296 Ἐγώ
2914 5230 3030 5297 εἰμι
3058 5229 3090 5298 ὴ
3124 5227 3367 5298 ἄμπελος
3406 5225 3715 5296 ήὰληθινὴ,
3749 5225 3841 5278 καὶ
3870 5229 3898 5277 ό

2316 5323 2503 5392 Πατήρ
2538 5340 2637 5391 μου
2668 5323 2697 5374 ό
2721 5321 3001 5393 γεωργός;
3046 5339 3064 5372 ι
3117 5319 3208 5383 Ἐξ
3233 5318 3397 5371 αὑτοῦ
3427 5317 3536 5387 γὰρ
3565 5318 3658 5368 καὶ
3686 5318 3715 5368 ό
3744 5318 3897 5387 πρῶ-

2312 5431 2403 5475 τος
2434 5414 2561 5477 λαὸς
2603 5414 2699 5485 τὴν
2739 5413 2850 5467 τῶν
2882 5414 3042 5468 θείων
3076 5411 3333 5483 μαθητῶν
3378 5408 3771 5482 [μαθημάτωνι
3801 5428 3899 5478 φυ-

2316 5504 2463 5556 τείαν
2526 5505 2731 5574 εἴληφε.
2776 5504 3072 5575 Προλήνιον
3116 5500 3210 5557 οὖν
3258 5501 3473 5573 ὀρύττει
3519 5500 3577 5553 tv
3612 5500 3764 5568 αὐτῷ
3844 5502 3902 5555 τιτι

2320 5595 2422 5662 πρὸ
2450 5595 2541 5647 τοῦ
2582 5595 2709 5648 ναοῦ
2753 5595 3150 5667 θυσιαστήριον.

2304 5773 2446 5828 illan.
2482 5790 2564 5834 λγ,
2600 5777 2644 5829 Ι.
