4090 6404
643 404 753 460 H9

1306 393 1573 453 EUSEBII
1608 386 2088 450 CESARIENSlS
2125 384 2275 443 OPP.
2318 382 2502 440 PARS
2538 380 2627 437 ιη.
2667 411 2737 423 -
2776 376 3189 436 EXEGETICA.

3790 376 3895 433 120

649 519 776 575 llaec
816 513 947 584 ipsis
982 511 1049 567 ad
1082 510 1317 566 litteram
1347 518 1403 563 et
1435 505 1731 562 secundum
1762 502 2048 567 historiam
2082 513 2211 555 eve-

2320 496 2413 568 μέν
2463 491 2557 551 οὖν
2604 492 2853 565 ἐπῆλθεν·
2880 493 3065 555 αὐτοῖς
3110 490 3286 545 ταῦτα
3333 488 3451 544 καθ’
3504 490 3750 561 ἱστορίαν
3802 493 3891 545 ἐπὶ

645 613 841 665 nemnt
870 605 969 660 sub
1001 602 1328 671 Vespasiano
1350 608 1405 654 et
1432 597 1670 652 Adriano
1715 594 2080 651 Romanorum
2117 590 2211 645 im-

644 698 1025 771 peratoribus;
1053 691 1346 751 secundum
1403 699 1643 744 mentem
1694 701 1829 743 vero
1860 685 2021 742 etiam
2061 698 2212 738 nunc

645 788 957 844 rationabili
998 799 1135 857 pane
1186 782 1314 835 vitae
1344 780 1565 852 privati,
1615 777 1755 833 fame
1817 774 2057 832 ctelestis
2108 772 2208 827 ali-

644 882 814 935 menti
848 888 1182 949 premuntur,
1241 871 1534 929 secundum
1591 870 1932 936 Scripturam
1983 867 2051 920 de
2104 864 2210 919 illis

646 973 720 1026 ita
749 972 1080 1039 loquentem,
1126 986 1145 1021 ι
1182 966 1585 1022 Convertentur
1619 964 1686 1016 ad
1716 973 2021 1030 vesperam,
2046 966 2099 1011 et
2128 955 2209 1010 fa-

644 1076 787 1116 mem
806 1061 1079 1131 patientur
1109 1066 1165 1111 ut
1187 1057 1360 1122 canis,
1390 1062 1446 1108 et
1463 1052 1778 1108 circuibunt
1796 1050 2070 1106 civitatem
2096 1046 2164 1101 '°.
2186 1065 2205 1097 ι

644 1155 723 1207 Ac
778 1166 897 1206 cum
941 1150 1239 1219 principem
1290 1146 1412 1200 vitae
1466 1144 1807 1212 negaverint.
1871 1141 1924 1194 in
1980 1146 2208 1193 mortem

646 1244 843 1298 anima
872 1242 1163 1311 lapsisunt
1192 1258 1206 1293 :
1245 1251 1475 1307 cumque
1499 1237 1897 1305 redemptorem
1923 1230 2212 1300 captivita-

646 1338 719 1391 tis
778 1335 1106 1401 animarum,
1146 1333 1237 1402 qui
1284 1332 1636 1401 praedicatum
1708 1334 1930 1380 venerat
1979 1322 2208 1394 captivis

646 1404 1050 1491 remissionem,
1084 1434 1137 1481 et
1170 1408 1329 1479 cateia
1360 1423 1509 1477 visus
1532 1412 2209 1479 restitutionem,aversati

645 1520 775 1584 sint,
838 1517 1077 1572 inimicis
1107 1512 1482 1584 spiritualibus
1512 1511 1719 1575 traditi,
1750 1518 1808 1565 et
1835 1507 2209 1578 captivitatem

647 1609 951 1671 animarum
979 1606 1217 1677 perpessi
1255 1615 1403 1661 sunt.

717 1700 886 1756 Vsus.
940 1701 1033 1755 20.
1083 1717 1100 1749 ι
1137 1698 1228 1753 τω
1282 1697 1371 1766 qui
1430 1696 1610 1751 dicitis
1648 1693 1849 1748 malum
1902 1693 2125 1753 bonum,
2158 1696 2213 1743 et

643 1792 842 1845 bonum
888 1788 1117 1851 malum;
1151 1789 1239 1855 qui
1270 1787 1471 1857 ponitis
1503 1786 1756 1840 tenebras
1799 1784 1997 1844 lucem,
2040 1790 2096 1835 et
2130 1779 2210 1833 lu-

2313 583 2721 641 Ούεσπασιανοῦ
2764 585 2860 637 καὶ
2906 582 3186 653 ⁹Δδριανοῦ
3226 582 3510 653 Ῥωμαίων
3558 582 3893 651 αὐτοκρατό-

2315 696 2452 750 ρων·
2489 677 2584 731 καὶ
2611 676 2755 730 κατά
2785 676 3023 741 διάνοιαν
3064 673 3122 727 δὲ
3158 673 3513 747 στερηθέντες
3540 671 3637 725 τοῦ
3674 670 3893 741 λογικοῦ

2313 768 2478 840 ἄρτου
2510 767 2610 837 τῆς
2644 766 2813 836 ζωῆς,
2850 764 2929 819 ἐτι
2954 764 3050 818 καὶ
3082 763 3177 817 νῦν
3202 765 3409 836 τροφῆς
3440 763 3766 833 ἐπουρανίου
3794 762 3895 827 τὰς

2311 860 2488 931 ψυχάς
2521 856 2855 929 λιμώττουσι
2896 856 3046 936 κατὰ,
3079 855 3176 926 τὴν
3209 856 3525 925 φάσκουσαν
3558 856 3685 925 περὶ
3716 853 3896 907 αὐτῶν

2312 950 2556 1021 Γραφηνσ
2581 966 2599 999 t
2622 945 3071 1017 Ἐπιστρέψουσιν
3088 947 3166 1008 είς
3183 945 3442 1016 ἑσπέραν,
3462 944 3556 998 καὶ
3566 943 3615 996 λι
3624 941 3897 1014 μώξουσιν

2311 1038 2388 1102 ὡς
2422 1038 2588 1103 κύων,
2637 1037 2732 1090 καὶ
2751 1037 3089 1091 κυκλὼσουσι
3137 1034 3314 1088 πόλιν.
3344 1054 3363 1087 ι
3384 1036 3493 1089 Καὶ
3528 1035 3619 1088 τὸν
3651 1032 3897 1105 ἀρχηγὸν

2311 1128 2368 1181 δὲ
2389 1130 2487 1199 τῆς
2521 1118 2665 1198 ζωῆς
2708 1128 3177 1199 ἀπαρνησάμενοι,
3213 1124 3291 1196 τῷ
3320 1125 3421 1195 τῆς
3451 1126 3630 1195 ψυχῆς
3677 1121 3899 1193 Θανάτῳ

2313 1220 2803 1292 περιπεπτώκασι·
2859 1221 2949 1274 τόν
2994 1238 3051 1274 τε
3100 1217 3380 1291 λυτρωτὴν
3420 1218 3519 1288 τῆς
3560 1218 3669 1270 τῶν
3708 1214 3897 1286 ψυχῶν

2313 1314 2692 1384 αἰχμαλωσίας
2737 1313 3198 1385 ἀποστραφέντες,
3243 1310 3337 1364 τὸν
3388 1309 3610 1364 ἐλθόντα
3659 1307 3897 1379 κηρῦξαι

2313 1404 2675 1476 αἰχμαλώτοις
2698 1405 2893 1475 ἄφεσιν
2922 1406 3017 1459 καὶ
3047 1405 3268 1473 τυφλοῖς
3298 1401 3611 1474 ἀνάϐλεψιν,
3636 1404 3752 1464 τοῖς
3780 1417 3901 1471 νοη-

2313 1500 2427 1561 τοῖς
2462 1498 2740 1570 πολεμίοις
2770 1497 3165 1570 παρεδόθησαν,
3204 1495 3299 1550 καὶ
3324 1494 3425 1565 τὴν
3449 1492 3636 1564 ψυχῶν
3668 1491 3901 1563 ὑπέμει-

2314 1610 2410 1646 ναν
2436 1592 2829 1663 αἰχμαλωσίαν.

2391 1702 2409 1732 ‹
2438 1684 2571 1736 (mal
2596 1684 2646 1735 οἱ
2676 1682 2925 1751 λέγοντες
2952 1682 3013 1734 τὸ
3046 1680 3281 1750 πονηρὸν
3311 1678 3497 1744 καλὸν,
3518 1678 3613 1730 καὶ
3641 1677 3702 1730 τὸ
3736 1676 3902 1731 καλὸν

2316 1779 2583 1851 πονηρόψ
2627 1778 2678 1830 οἱ
2724 1776 2964 1839 τιθέντες
3005 1774 3065 1828 τὸ
3114 1775 3304 1837 σκότος
3350 1772 3486 1843 φῶς,
3536 1772 3632 1825 καὶ
3672 1772 3736 1824 τὸ
3784 1770 3902 1839 φῶς

644 1895 761 1933 cem
805 1878 1094 1944 tenebras;
1125 1878 1214 1946 qui
1243 1877 1442 1948 ponitis
1473 1891 1719 1930 amarum
1765 1873 1943 1934 dulce,
1971 1883 2027 1927 et
2054 1872 2213 1925 dulce

2320 1872 2538 1935 σκότος’
2572 1871 2623 1923 οἱ
2655 1869 2898 1933 τιθέντες
2936 1868 2995 1921 τὸ
3030 1858 3226 1939 πικρὸν
3271 1866 3467 1935 γλυκὺ,
3502 1866 3594 1919 καὶ
3630 1864 3693 1918 τὸ
3714 1865 3901 1931 γλυκὺ

641 1984 962 2024 amarum.»
1013 1968 1079 2021 Et
1127 1968 1242 2023 ἱλαεο
1296 1981 1511 2037 quoque
1559 1964 1995 2036 praecedentibus
2042 1962 2214 2029 subji-

644 2061 887 2122 ciuntur,
917 2062 1074 2130 quasi
1103 2061 1168 2115 de
1194 2069 1433 2131 tempore
1474 2058 1682 2114 Christi
1712 2058 1877 2113 dicta.
1924 2055 2061 2110 Nam
2087 2070 2211 2111 cum

644 2152 844 2206 multos
880 2152 1143 2207 doctrinae
1166 2165 1445 2205 sermones
1475 2165 1505 2203 a
1533 2148 1817 2204 Salinatore
1858 2148 2207 2207 audivissent,

643 2258 856 2299 necnon
881 2227 1071 2312 postea
1111 2243 1178 2299 ab
1209 2241 1470 2313 apostolis
1517 2241 1652 2310 ejus,
1711 2242 1848 2295 nihil
1897 2241 2025 2296 hinc
2071 2238 2212 2293 utili-

646 2337 773 2391 tatis
799 2335 1076 2391 consecuti
1109 2344 1235 2391 sunt
1261 2374 1278 2401 ,
1321 2334 1415 2392 sed
1440 2335 1493 2388 in
1524 2333 1905 2388 incredulitate
1945 2343 2000 2388 et
2030 2342 2212 2402 gesto-

644 2443 766 2481 rum
793 2427 1127 2481 absurditate
1156 2434 1591 2497 perseverantes,
1616 2423 1857 2495 peccatis
1883 2423 1996 2478 suis
2024 2438 2211 2479 acces-

645 2520 855 2573 sinnem
898 2517 1215 2571 attulerunt.
1269 2515 1390 2571 Alio
1441 2517 1569 2571 item
1620 2515 1781 2569 modo
1829 2514 1943 2568 haec
1983 2513 2072 2577 iis,
2116 2514 2211 2583 qui

643 2609 799 2681 prius
834 2598 1246 2673 incusabantur,
1283 2607 1653 2662 conveniunt:
1691 2606 1890 2661 etenim
1925 2604 2088 2661 iidem
2116 2620 2208 2659 sa-

647 2717 772 2755 nam
808 2701 1111 2755 doctrinam
1159 2710 1493 2761 aversantes,
1536 2708 1591 2753 et
1626 2698 1677 2752 in
1719 2698 1892 2753 lucem
1932 2697 2209 2767 Evangelii

643 2792 903 2847 salutaris
935 2791 1247 2861 hlasphema
1278 2790 1638 2860 proferentes,
1687 2798 2055 2859 putantesque
2094 2788 2212 2844 dul-

643 2893 736 2932 ces
770 2877 893 2932 illos
940 2893 1003 2933 ac
1058 2878 1235 2933 alendi
1287 2878 1337 2931 vi
1388 2877 1645 2947 praeditos
1690 2875 1990 2932 Salvatoris
2037 2878 2209 2932 nostri

644 2984 949 3036 sermones,
1001 2985 1215 3025 amaros
1264 2984 1407 3038 esse,
1469 2969 1746 3039 improbas
1801 2970 2111 3025 econtrario
2159 2979 2212 3024 et

646 3059 916 3128 malignas
964 3060 1341 3130 cogitationes,
1398 3071 1460 3115 ut
1503 3061 1675 3115 bonas
1722 3060 2208 3129 amplectebantur,

646 3166 712 3205 ac
762 3152 1015 3207 tenebras
1060 3152 1291 3215 erroris,
1345 3166 1463 3221 quat
1515 3161 1751 3207 mentem
1785 3167 1936 3205 suam
1972 3166 2208 3220 occupa-

2319 1962 2533 2033 πικρόν.
2560 1980 2579 2012 ι
2635 1961 2744 2014 Kal
2793 1958 2964 2013 ταῦτα
3012 1957 3068 2010 δὲ
3113 1960 3226 2021 τοῖς
3271 1954 3649 2027 προλεχθεῖσιν
3707 1955 3902 2007 ἕπεται

2317 2052 2393 2116 ὡς
2430 2052 2521 2104 ἐπί¹
2556 2047 2814 2122 Χριστοῦ.
2862 2048 3079 2102 Πολλῶν
3116 2048 3227 2118 γὰρ
3274 2045 3680 2109 ἐπακούσαντες
3750 2045 3900 2099 διδα-

2322 2142 2593 2198 σκαλικῶν
2643 2142 2815 2211 λόγων
2844 2140 2938 2195 τοῦ
2990 2139 3262 2211 Σωτῆρος,
3308 2138 3417 2191 τῶν
3465 2154 3526 2190 τε
3575 2137 3691 2207 μετ’
3737 2137 3903 2191 αὑτὸν

2318 2235 2631 2289 ἀποστόλων
2666 2232 3041 2295 αύτοῦ,ούδὲν
3092 2232 3189 2302 μὲν
3237 2231 3374 2303 πρὸς
3412 2229 3679 2300 ὠφέλειαν
3726 2230 3898 2300 ἐκαρ-

2318 2324 2549 2376 ποῦντο·
2606 2325 2673 2394 τῇ
2708 2322 2765 2375 δὲ
2816 2322 3045 2393 ἀπιστίᾳ
3094 2320 3446 2391 ἐπιμένοντες
3494 2319 3589 2373 καὶ
3630 2322 3745 2382 τοῖς
3790 2320 3899 2372 τῶν

2318 2414 2493 2485 ἔργων
2538 2414 2873 2485 ἀτοπήμασι,
2906 2411 3222 2483 προσθήκας
3253 2409 3535 2482 ἐποιοῦντο
3583 2409 3692 2463 τῶν
3720 2410 3904 2480 ἀμαρ-

2316 2524 2383 2577 τη
2392 2507 2594 2577 μάτων.
2642 2506 2753 2559 Καὶ
2796 2498 2972 2567 ἄλλως
3004 2503 3062 2557 δὲ
3093 2502 3267 2558 ταῦτα
3316 2504 3429 2566 τοῖς
3476 2501 3730 2573 ἀνωτέρω
3767 2518 3902 2554 κατ-

2317 2597 2663 2670 ηγορηθεῖσιν
2702 2597 2950 2669 ἁρμόζε.·
2980 2598 3029 2650 οῖ
3061 2596 3174 2670 γὰρ
3198 2597 3352 2651 αὐτοὶ
3381 2596 3475 2651 τὸν
3504 2596 3629 2667 ὑγιῆ
3654 2594 3903 2667 διαστρέ-

2318 2708 2509 2759 φοντες
2536 2689 2714 2759 λόγον,
2746 2690 2841 2744 καὶ
2872 2689 2934 2742 τὸ
2968 2688 3086 2759 φῶς
3114 2687 3211 2743 τοῦ
3241 2687 3514 2760 σωτηρίου
3563 2686 3901 2756 Εὐαγγελίου

2320 2782 2785 2854 βλασφημοῦντες,
2828 2780 3060 2853 πικρούς
3096 2798 3159 2835 τε
3197 2776 3494 2845 εἶναιτοὺς
3538 2779 3759 2849 γλυκεῖς
3805 2779 3903 2834 καὶ

2316 2874 2615 2947 τροφίμους
2666 2874 2759 2927 τοῦ
3108 2873 3268 2946 ἡμῶν
3299 2867 3507 2944 ’λόγους
3560 2871 3899 2944 ἡγούμενοι,

2319 2967 2587 3020 ἀνάπαλιν
2618 2968 2743 3030 τοὺς
2789 2967 3096 3038 μοχθηροὺς
3147 2967 3240 3020 καὶ
3293 2969 3561 3039 πονηροὺς
3603 2966 3903 3035 λογισμοὺς

2318 3058 2392 3121 ὼς
2424 3056 2660 3125 ἀγαθοὺς
2687 3057 3095 3127 προσεδέχοντο,
3133 3057 3228 3111 καὶ
3255 3056 3318 3110 τὸ
3347 3057 3535 3121 σκότος
3560 3057 3659 3128 τῆς
3687 3057 3902 3126 πλάνης

2318 3150 2381 3205 τὸ
2412 3150 2632 3220 συνέχον
2660 3148 2839 3202 αὐτῶν
2866 3148 2966 3213 τὰς
2992 3148 3190 3221 ψυχὰς,
3221 3149 3279 3202 ἐν
3308 3148 3461 3221 χώρᾳ
3499 3148 3674 3218 φωτὸς
3706 3148 3906 3202 ἐτίθεν-

645 3246 796 3311 bant,
842 3247 963 3298 vice
1006 3243 1225 3298 luminis
1264 3243 1575 3313 ponebant:
1624 3242 1847 3298 malitia:
1890 3257 2019 3298 vero
2053 3257 2211 3299 acer-

2320 3259 2377 3295 το
2395 3258 2409 3273 ο
2434 3241 2535 3311 τῆς
2562 3258 2622 3293 τε
2643 3240 2844 3305 κακίας
2868 3240 2968 3311 τὴν
3001 3241 3207 3311 πικρὰν
3240 3241 3333 3294 καὶ
3363 3241 3689 3313 δηλητήριον
3715 3240 3901 3310 φύσιν,

644 3336 768 3389 bam
795 3346 850 3389 et
872 3335 1161 3391 exitiosam
1194 3345 1467 3400 naturam,
1515 3336 1669 3405 quasi
1723 3336 1935 3390 dulcem
1977 3336 2213 3407 aliquam

644 3427 977 3499 voluptatem
1010 3428 1503 3497 persequebantur.
1539 3429 1607 3483 Et
1639 3443 1771 3484 sane
1804 3430 1870 3486 ad
1904 3430 2008 3485 hoc
2046 3447 2215 3501 usque

650 3530 861 3588 tempus
891 3520 1080 3573 videas
1101 3519 1340 3588 ejusdem
1392 3522 1563 3575 moris
1610 3518 1827 3576 Jndzeos
1884 3534 2045 3577 esse:
2094 3537 2215 3576 nam

651 3610 926 3680 Evangelii
960 3611 1240 3665 veritatem
1279 3616 1601 3667 aversantur
1629 3654 1646 3678 ,
1700 3613 1872 3669 aniles
1910 3623 2095 3668 autem
2136 3612 2218 3668 fa-

648 3700 830 3765 bulas,
855 3710 909 3754 et
934 3701 1252 3772 ignorantia:
1300 3704 1553 3758 tenebras
1591 3713 1889 3759 sectantur.
1932 3703 2049 3759 Hoc
2084 3704 2216 3759 aﬂ‘e-

646 3803 741 3848 ctu
779 3794 1050 3862 instructi,
1084 3794 1356 3851 Christum
1384 3796 1600 3866 quidem
1629 3797 1985 3866 abnegarunt,
2015 3798 2216 3853 Barab-

649 3886 774 3939 hain
801 3899 929 3940 vero
958 3886 1329 3957 expetierunt,
1361 3901 1487 3944 cum
1516 3888 1817 3943 latronibus
1852 3898 1908 3967 et
1950 3889 2219 3945 facinoro-

650 3978 727 4032 sis
784 3979 1090 4046 portionem
1167 3995 1318 4034 suam
1373 3992 1655 4050 ponentes.
1699 3979 1812 4037 lino
1870 3976 2032 4036 etiam
2093 3998 2216 4037 cum

650 4069 828 4123 atlieis
864 4082 919 4123 et
951 4071 1127 4139 impiis
1159 4072 1469 4126 nationibus
1513 4074 1848 4142 congregati,
1894 4073 2213 4131 idololatras

653 4159 871 4228 quidem
915 4162 1210 4229 recipiunt,
1239 4162 1467 4230 probum
1512 4172 1690 4216 autem
1722 4174 1777 4217 et
1826 4172 2220 4233 temperantem

651 4248 852 4304 Christi
887 4248 1140 4319 populum
1172 4261 1496 4304 aversantur
1522 4262 1576 4305 et
1608 4263 2025 4322 persequuntur.

730 4341 887 4395 Vens.
906 4341 995 4406 2i,
1020 4342 1111 4397 22.
1136 4361 1154 4394 ι
1178 4342 1270 4397 Vae
1288 4338 1668 4411 quisapientes
1686 4345 1816 4399 estis
1848 4346 1901 4399 in
1932 4348 2223 4403 vobismet-

657 4434 811 4503 ipsis,
851 4442 905 4487 et
956 4450 1137 4487 coram
1176 4434 1330 4489 vobis
1363 4434 1515 4501 ,ipsis
1566 4437 1878 4503 prudentes.
1930 4437 2021 4492 Vas
2057 4439 2224 4495 fortes

2317 3331 2507 3402 ὥσπερ
2538 3330 2659 3384 τινὰ
2699 3330 2974 3402 γλυκεράν
3012 3331 3205 3403 ἡδονὴν
3255 3332 3605 3387 κατεδίωκον.
3652 3332 3822 3396 Ἴδοις,
3853 3332 3901 3386 δ’

2315 3421 2382 3477 ἂν
2409 3421 2576 3475 είσέτι
2609 3422 2701 3475 καὶ
2732 3420 2827 3474 νῦν
2854 3419 3131 3487 τοιούτους
3166 3422 3297 3487 τοὺς
3322 3422 3431 3477 τῶν
3468 3422 3737 3477 Ἰουδαίων
3768 3426 3904 3479 παῖ-

2315 3516 2429 3578 δας,
2472 3509 2572 3585 τὴν
2616 3514 2714 3584 μὲν
2746 3512 3002 3585 ἀλήθειαν
3042 3514 3137 3568 τοῦ
3186 3513 3517 3582 Εὐαγγελίου
3562 3515 3907 3587 ἀποστρεφο-

2322 3609 2535 3679 μένους,
2562 3607 2689 3671 τοὺς
2712 3606 2769 3660 δὲ
2800 3605 3068 3678 γραώδεις
3100 3606 3301 3677 μύθους
3333 3608 3429 3660 καὶ
3459 3607 3520 3660 τὸ
3546 3607 3647 3678 τῆς
3679 3608 3909 3676 ἀγνοίας

2319 3700 2509 3762 σκότος
2562 3697 3014 3770 μεταδιώκοντας.
3058 3698 3245 3773 Ταύτῃ
3278 3702 3345 3771 τῇ
3389 3700 3708 3772 προαιρέσει
3734 3702 3909 3774 ἠρνή-

2321 3809 2483 3846 σαντο
2517 3792 2616 3862 μὲν
2659 3791 2752 3845 τὸν
2782 3791 3039 3861 Χριστὸν,
3069 3792 3343 3861 ᾐτήσαντο
3383 3790 3440 3845 δὲ
3468 3790 3560 3844 τὸν
3585 3786 3907 3862 Βαραϐϐᾶν,

2324 3883 2460 3954 μετὰ
2506 3882 2717 3955 λῃστῶν
2763 3884 2859 3936 καὶ
2912 3882 3237 3955 κακούργων
3282 3883 3383 3956 τὴν
3431 3882 3641 3936 ἐαυτῶν
3683 3881 3908 3954 θέμενοι

2328 3977 2538 4050 μερίδα.
2581 3976 2742 4031 Ἀλλά
2781 3966 3017 4042 καὶτοῖς
3059 3977 3241 4042 ἀθέοις
3294 3978 3389 4031 καὶ
3432 3976 3685 4031 ἀσεϐέσιν
3727 3977 3908 4031 ἔθνεσι

2327 4067 2830 4142 συναγελαζόμενοι,
2864 4071 2991 4133 τοὺς
3047 4071 3145 4142 μὲν
3186 4068 3580 4140 είδωλολάτρας
3610 4068 3910 4140 ἀποδέχω-

2322 4179 2442 4225 ται,
2480 4160 2570 4213 τὸν
2606 4161 2664 4215 δὲ
2702 4160 2899 4233 σεμνὸν
2946 4162 3043 4215 καὶ
3086 4160 3339 4232 σώφρονα
3376 4159 3470 4214 τοῦ
3503 4160 3741 4232 Χριστοῦ
3779 4159 3909 4214 λαὸν

2323 4251 2753 4323 ἀποστρέφονται
2785 4254 2879 4307 καὶ
2910 4252 3218 4306 διώκουσιν.

2400 4364 2418 4397 ι
2441 4344 2578 4397 Οὐαὶ
2612 4347 2660 4399 οί
2704 4346 2914 4400 συνιετο)⁵
2959 4346 3017 4399 ἐν
3052 4348 3288 4408 ἑαυτοῖς,
3327 4345 3422 4399 καὶ
3461 4342 3695 4397 ἐνώπιον
3721 4343 3909 4408 αὐτῶν

2323 4438 2702 4509 ἐπιστήμονες.
2751 4438 2889 4492 om
2930 4439 2981 4492 οῖ
3026 4437 3301 4508 ίσχύοντες
3342 4435 3519 4507 ὑμῶν,
3564 4436 3615 4488 οῖ
3657 4434 3909 4499 πίνοντες

651 4526 848 4592 vestri,
880 4527 969 4595 qui
1006 4527 1190 4581 bibunt
1217 4527 1423 4589 vinum,
1470 4536 1524 4579 et
1554 4537 1823 4596 p0tentes,
1870 4531 1960 4599 qui
1997 4531 2214 4585 miscent

2326 4529 2414 4582 τὸν
2437 4524 2594 4594 οἶνον,
2630 4530 2725 4583 καὶ
2749 4530 2798 4583 οἱ
2826 4528 3081 4583 δυνάσται
3106 4530 3156 4582 οἱ
3175 4528 3529 4601 κεραννύντες
3558 4526 3629 4580 τά
3653 4526 3902 4598 σίκερα.»

651 4619 900 4673 siceram.
932 4637 951 4671 ι
976 4619 1279 4673 Secundum
1308 4619 1451 4673 aliud
1478 4634 1605 4674 vero
1630 4623 1987 4690 propositum,
2012 4621 2224 4678 Judan-

655 4727 778 4764 rum
827 4712 1068 4783 magistri
1115 4711 1411 4768 Salvatoris
1454 4713 1795 4769 sermonibus
1837 4714 2075 4768 animum
2118 4730 2223 4770 non

660 4801 1004 4868 adhibentes,
1037 4820 1095 4860 se
1130 4806 1265 4873 ipsis
1313 4806 1573 4875 improbis
1605 4807 1919 4863 doctoribus
1956 4819 2086 4862 sunt
2115 4809 2221 4874 nsi,

658 4906 842 4965 utpote
896 4898 1170 4967 sapientes
1216 4898 1269 4952 in
1322 4900 1537 4969 seipsis,
1580 4908 1635 4955 et
1683 4916 1866 4955 coram
1914 4904 2225 4971 semetipsis

656 4990 977 5056 prudentes.
1015 4988 1219 5045 Deinde
1253 5006 1406 5056 vero,
1454 4993 1607 5062 quasi
1638 5002 1888 5062 potentes
1911 5002 1967 5048 et
1999 4996 2223 5049 multum

661 5082 801 5147 apud
826 5080 1033 5150 plebem
1082 5086 1408 5141 auctoritate
1459 5086 1726 5151 valentes,
1776 5089 2013 5143 animam
2070 5105 2223 5145 suam

662 5172 923 5228 ebrietate
955 5175 1385 5244 circumdedere,
1414 5178 1733 5249 ignorantiae
1762 5181 2005 5237 tenebris
2039 5182 2221 5250 sopiti.

662 5262 779 5316 lam
817 5278 947 5319 vero
975 5264 1095 5320 aliis
1134 5267 1381 5322 dolosum
1439 5280 1625 5338 potum
1668 5272 1959 5335 miscuere,
1999 5271 2090 5338 qui
2135 5286 2228 5327 vo-

664 5362 819 5407 catur
847 5354 1042 5421 sicera,
1076 5371 1347 5427 quemque
1393 5362 1720 5430 interpretes
1747 5361 1861 5425 alii,
1900 5364 2222 5418 ebrietatem

665 5443 1031 5587 appellarunt.
1062 5445 1174 5503 Hoc
1204 5463 1366 5519 porro
1397 5449 1643 5506 fecerunt
1690 5464 2060 5522 cauponantes
2101 5468 2225 5509 ver-

703 5549 791 5586 um
826 5534 937 5587 Dei.

703 5549 791 5586 unt
826 5534 937 5589 Dei.

742 5623 898 5679 Vens.
936 5626 1025 5682 ει.
1074 5648 1093 5680 ι
1134 5630 1302 5687 lladix
1335 5647 1520 5689 corutn
1551 5634 1728 5705 pulvis
1758 5636 1883 5702 erit,
1926 5648 1984 5693 et
2008 5636 2104 5694 llos
2132 5652 2226 5694 eo-
2272 5698 2275 5699 ν

736 5824 780 5857 ⁸⁸
819 5827 960 5884 l'sal.
987 5846 1141 5894 tvm,
1170 5830 1220 5885 7.

2330 4619 2465 4674 Καθ’
2518 4621 2710 4692 ἑτέραν
2763 4620 2822 4673 δὲ
2868 4618 3123 4689 ἐπιϐολὴν
3178 4619 3252 4689 μὴ
3306 4617 3660 4689 προσέχοντες
3703 4619 3753 4668 οἱ
3797 4618 3911 4673 τῶν

2341 4717 2605 4771 Ἰουδαίων
2629 4715 2940 4786 καθηγηταὶ
2966 4717 3080 4779 τοῖς
3106 4714 3201 4768 τοῦ
3224 4714 3473 4785 Σωτῆρος
3491 4713 3689 4781 λόγοις,
3715 4716 3911 4777 κακοῖς

2327 4809 2660 4871 διδασκάλοις
2690 4808 2842 4861 αὐτοὶ
2877 4808 3088 4870 ἑαυτοῖς
3127 4806 3447 4876 ἐχρήσαντο,
3486 4796 3564 4868 ὡς
3612 4803 3823 4855 συνετοὶ
3849 4805 3911 4855 ἐν

2329 4904 2556 4966 ἑαυτοῖς,
2597 4901 2691 4955 καὶ
2742 4898 2972 4953 ἐνώπιον
3008 4897 3217 4951 ἑαυτῶν
3266 4898 3646 4969 ἐπιστήμονες.
3673 4896 3910 4949 Ἔπειτα

2328 4994 2404 5058 ὼς
2439 4993 2712 5064 ἰσχύοντες
2742 4991 2835 5044 καὶ
2867 4988 3037 5043 πολλά
3073 4990 3359 5061 δυνάμενοι
3400 4990 3459 5041 ἐν
3493 4987 3573 5059 τῷ
3603 4986 3736 5059 λαῷ,
3766 4988 3915 5062 μέθῃ

2337 5086 2434 5157 μὲν
2460 5086 2558 5156 τὴν
2588 5084 2796 5139 ἑαυτῶν
2830 5083 3005 5155 ψυχὴν
3038 5083 3413 5156 περιέϐαλλον,
3441 5080 3519 5153 τῷ
3556 5081 3654 5151 τῆς
3681 5082 3911 5150 ἀγνοίας

2334 5180 2509 5249 σκότῳ
2541 5176 2890 5249 καρούμενοι.
2926 5174 3062 5247 Ἤδη
3090 5175 3147 5229 δὲ
3184 5176 3279 5229 καὶ
3318 5175 3523 5247 ἑτέροις
3564 5172 3725 5227 ποτὸν
3761 5174 3911 5227 δεδο-

2332 5270 2591 5342 λιωμένον
2636 5269 2887 5340 ἐκίρνων,
2936 5269 2998 5321 τὸ
3036 5266 3368 5340 καλούμενον
3418 5266 3644 5339 σίκεραο
3680 5267 3821 5337 ὅπερ
3858 5270 3911 5321 οι

2326 5362 2501 5416 λοιποὶ
2549 5360 2882 5432 ἐρμηνευταὶ
2933 5357 3185 5429 μέθυσμα
3234 5359 3555 5430 ὠνόμασαν
3609 5356 3704 5411 καὶ
3750 5356 3916 5412 τοῦτο

2329 5455 2614 5527 ἔπραττον,
2655 5452 3053 5525 καπηλεύοντες
3079 5452 3172 5506 τὸν
3199 5451 3356 5521 λόγον
3389 5450 3483 5505 τοῦ
3510 5450 3666 5506 Θεοῦ.

2409 5660 2427 5693 ε
2468 5641 2527 5696 Ἦ
2566 5639 2691 5712 ῥίζα
2723 5639 2898 5695 αὐτῶν
2936 5642 2964 5695 ὁ
2992 5640 3117 5712 χοῦς
3150 5640 3321 5705 ἔσται,
3356 5640 3450 5693 καὶ
3480 5638 3540 5693 τὸ
3592 5637 3751 5703 ἄνθος
3807 5633 3901 5692 τών
