4090 6434
205 402 301 462 lii

1185 399 1696 460 COMMENTARIA
1733 399 1800 458 ΙΝ
1839 398 2087 459 ISAIAII.
2127 433 2200 446 —
2234 400 2387 459 οΔιι.
2427 399 2519 459 Vl.

3406 402 3442 456 Ἰ
3451 403 3521 458 ει

199 523 310 581 ὤν
337 524 480 582 ὡσεὶ
514 524 808 596 κονιορτὸς
835 521 1194 594 ἀναϐήσεται.
1219 545 1238 576 ι
1259 524 1322 578 Ἦ
1341 525 1636 598 ὡραιότης,
1671 525 1826 596 φησὶ,

1934 539 2052 578 rum
2081 523 2238 595 quasi
2282 523 2459 593 pulvis
2492 529 2775 577 ascenoet.
2807 539 2828 574 ι
2875 519 3124 588 Species,
3167 519 3365 591 inquit,
3391 537 3521 577 cor-

202 616 297 676 ωῦ
330 617 626 692 σώματος,
659 620 759 673 καὶ
791 620 825 691 ἡ
853 617 948 673 τοῦ
989 618 1225 673 πλούτου
1253 619 1382 684 δόξα
1421 621 1519 673 καὶ
1558 619 1654 672 τοῦ
1686 636 1825 672 παν-

203 712 295 777 τδς
321 712 522 776 ἔθνους
549 715 587 784 ἡ
619 713 947 783 εὐπρέπεια,
970 713 1097 767 ὅσον
1125 712 1338 766 οὐδέπω
1367 711 1651 785 κονιορτοῦ
1671 713 1828 784 δίκην

203 805 770 877 διασκεδασθήσεται.
811 823 831 857 ι
853 806 926 861 Οὐ
948 805 1060 876 γὰρ
1089 805 1363 876 ἠθέλησαν
1381 804 1476 857 τὸν
1518 806 1683 876 νόμον
1716 807 1830 859 Κυ-

206 898 318 971 ρίου
371 897 622 962 Σαᾷαώθ
646 914 662 927 ·
714 896 854 951 ἀλλά
891 898 953 952 τὸ
999 898 1184 967 λόγιον
1239 895 1334 950 τοῦ
1385 898 1548 966 ἁγίου
1611 897 1827 970 Ἰσραὴλ

204 987 564 1061 τωρώξυναν.
601 1007 622 1040 a
659 989 823 1042 Ποῖον
853 990 1034 1061 νόμον,
1071 989 1104 1060 ἢ
1138 989 1280 1059 τάχα
1312 990 1440 1060 περὶ
1472 984 1536 1043 οὗ
1564 989 1827 1062 ἀνωτέρω

202 1079 406 1148 ἔλεγεν,
429 1100 449 1132 ι
477 1080 582 1133 Ἐκ
631 1078 744 1151 γὰρ
782 1078 921 1133 Σιὼν
953 1079 1297 1144 ἐξελεύσεται
1331 1079 1518 1150 νόμος,
1549 1080 1641 1133 καὶ
1669 1079 1826 1148 λόγος

203 1171 406 1243 Κυρίου
442 1170 508 1236 ἐξ
551 1171 945 1242 ’ῐερουσαλήμς
979 1190 998 1222 ι
1043 1169 1286 1240 Ἐπειδὴ.
1316 1169 1505 1239 φησὶν,
1533 1170 1636 1222 οὐκ
1661 1169 1826 1238 ὴὸου-

201 1261 445 1334 λήθησαν
476 1263 578 1315 τὸν
619 1263 789 1334 νόμον
820 1264 917 1334 τῆς
954 1262 1150 1333 καινῆς
1184 1262 1464 1334 Διαθήκης
1487 1277 1502 1292 ·
1550 1261 1687 1315 ἀλλά
1733 1262 1825 1316 τὸν

204 1353 378 1420 ζῶντα
405 1354 509 1408 τοῦ
545 1355 690 1409 Θεοῦ
721 1355 892 1424 Λόγον
920 1352 1263 1426 παρώξυναν.

275 1466 292 1497 ι
323 1445 543 1499 Τούτου
574 1445 744 1518 χάριν
775 1443 1030 1514 ἐθυμώθη
1074 1442 1281 1513 Κύριος
1315 1441 1410 1494 ἐπὶ
1437 1441 1531 1494 τὸν
1563 1441 1694 1496 λαὸν
1725 1442 1826 1494 αύ-

205 1537 321 1594 τοῦ·
347 1558 363 1589 ι
390 1538 452 1591 ὃν
475 1537 655 1601 αὐτὸς
681 1538 782 1608 μὲν
813 1535 1071 1606 ὴῦούλετο
1099 1536 1300 1589 οἰκεῖον
1329 1531 1496 1586 αὑτοῦ
1530 1533 1657 1585 λαὸν
1681 1527 1829 1585 εἷναί

205 1649 262 1686 τε
297 1634 392 1686 καὶ
417 1628 833 1703 χρηματίζειν·
877 1630 925 1682 οἱ
971 1627 1015 1681 δ’
1051 1627 1152 1681 οὐκ
1199 1625 1507 1679 ἐϐούλοντο.
1555 1624 1832 1696 Σημαίνει

204 1723 258 1778 δὶ
284 1724 371 1778 διά
395 1723 620 1777 τούτων
649 1721 926 1791 πολεμίων
954 1719 1143 1788 ἔφοδον
1172 1719 1268 1772 καὶ
1295 1717 1506 1788 πλῆθος
1536 1715 1644 1770 τῶν
1669 1717 1833 1770 ἀναι-

207 1818 489 1888 ρουμένων
510 1833 526 1846 ·
567 1815 768 1879 ὡςκαὶ
801 1813 940 1867 αὐτὰ
973 1811 1312 1884 πληροῦσθαι
1352 1809 1423 1864 τά
1456 1810 1561 1880 ὅρη
1612 1809 1832 1879 νεκρῶν

208 1911 502 1980 σωμάτων,
551 1909 655 1962 καὶ
693 1906 792 1978 τὴν
833 1905 1016 1977 χώραν
1063 1905 1284 1959 ἃπασαν
1332 1902 1442 1956 τῶν
1479 1901 1832 1972 θνησιμαίων

207 1997 383 2055 αὐτῶν
417 2001 639 2072 μεστὴν
663 1999 937 2070 γενέσθαι.
966 1999 1151 2052 Πάντα
1180 1997 1238 2050 δὲ
1260 1996 1432 2048 ταῦτα
1464 1995 1651 2057 αὐτοῖς
1683 2011 1830 2065 συμ-

207 2092 430 2165 ϐήσεται
467 2096 538 2148 ἐκ
568 2092 674 2163 τῆς
705 2091 816 2145 τῶν
835 2089 1110 2161 πολεμίων
1139 2088 1350 2158 ἐφόδου·
1379 2089 1448 2158 ἣν
1477 2088 1580 2141 οὐκ
1611 2085 1672 2151 ἐξ
1698 2088 1832 2139 ἑαυ-

206 2186 311 2239 τῶν
366 2187 748 2257 ἐποιήσαντο·
802 2181 934 2246 Θεὸς
981 2182 1039 2235 δὲ
1082 2178 1222 2252 ἦγεν
1265 2181 1482 2245 αὐτοὺς,
1540 2180 1832 2251 μονονουχὶ

211 2276 390 2348 σύρων
427 2277 532 2330 καὶ
565 2274 748 2329 ἕλκων
797 2273 891 2326 ἰπὶ
917 2273 1016 2346 τὴν
1046 2273 1157 2326 τῶν
1186 2272 1675 2345 καταγορηθέντων
1728 2288 1832 2326 πο-

209 2367 481 2442 λιορκίαν.

282 2481 302 2514 ι
343 2461 492 2515 Ἀλλ’
525 2462 613 2515 ἔτι
652 2463 688 2532 ἡ
739 2460 862 2533 χεὶρ
891 2458 1069 2530 ὑψηλή
1093 2475 1108 2490 ·
1147 2456 1434 2529 τοιγαροῦν
1463 2456 1588 2527 ἀρετ
1621 2455 1828 2528 σύσσηο

212 2570 310 2626 μον
340 2557 460 2618 τοῖς
494 2553 683 2608 ἔθνεσι
712 2554 824 2615 τοίς
861 2549 1155 2622 μακρόθεν,
1184 2551 1278 2603 καὶ
1309 2551 1488 2620 συριεῖ
1513 2548 1710 2611 αὐτοὺς
1732 2547 1829 2601 ἀπ’

209 2646 381 2719 ἄκρου
411 2647 520 2718 τῆς
553 2645 684 2715 γῆς.
714 2663 733 2696 ι
783 2641 992 2715 Ὑψηλὴ
1038 2641 1171 2712 γοῦν
1203 2643 1236 2712 ἡ
1269 2639 1364 2694 τοῦ
1393 2639 1531 2693 Θεοῦ
1561 2640 1683 2711 χεὶρ
1705 2641 1826 2693 κατ’

213 2738 390 2792 αὐτῶν
424 2738 656 2808 ὑπῆρχε
693 2736 786 2790 διὰ
820 2737 881 2788 τὸ
913 2734 1174 2805 ἐπίμονον
1208 2733 1384 2788 αὐτῶν
1416 2733 1518 2803 τῆς
1547 2733 1823 2795 ἀπιστίας.

211 2830 284 2884 Τὸ
309 2831 423 2902 γάρ
451 2830 523 2901 δὴ
555 2832 767 2901 χεῖρον,
798 2829 878 2881 ὅτι
907 2827 1026 2881 οὐδὲ
1061 2827 1268 2882 τούτων
1308 2825 1632 2896 γινομένων,
1668 2825 1825 2897 φησὶ,

214 2923 627 2994 ἰπιεικὲστεροι
682 2920 995 2990 γεγόνασιν,
1049 2918 1187 2973 ἀλλά
1238 2921 1351 2982 τοῖς
1396 2917 1584 2982 αὐτοῖς
1633 2917 1831 2990 ἐπιμέ-

215 3031 416 3068 νουσιν.

286 3129 305 3161 ι
327 3109 444 3163 Καὶ
467 3105 665 3178 βοήσει
687 3105 756 3158 δι’
779 3103 974 3168 αὐτοὺς
990 3105 1047 3156 ὲν
1063 3106 1128 3173 τῇ
1156 3102 1343 3174 ἡμέρᾳ
1372 3100 1560 3174 ἐκείνῃ
1579 3101 1655 3164 ὡς
1675 3102 1828 3174 φωνὴ

1929 616 2095 686 poris,
2140 615 2470 671 divitiarum‘
2512 612 2686 683 gloria
2740 621 2799 666 et
2869 611 3036 668 totius
3087 612 3268 680 gentis
3328 614 3518 680 decor,

1928 707 2166 778 pulveris
2190 707 2304 763 fere
2327 708 2509 762 instar
2529 705 2914 776 dissipabitur.
2968 723 2989 756 ι
3025 703 3326 761 Noluerunt
3372 707 3520 761 enim

1928 800 2098 873 legem
2129 801 2346 856 Domini
2400 799 2685 864 Sabaoth;
2735 799 2831 854 sed
2879 798 3104 853 verbum
3135 799 3314 854 sancti
3353 798 3524 854 Israel

1928 894 2313 950 irritaverunt.
2339 912 2358 945 ι
2396 893 2571 959 Quam
2599 891 2798 958 legem,
2831 891 2934 945 nisi
2966 906 3086 944 eam
3127 891 3195 946 de
3224 906 3329 961 qua
3359 905 3524 960 supe-

1928 989 2043 1042 rius
2078 986 2320 1050 «licebat,
2355 970 2542 1040 «Nam
2574 985 2644 1039 de
2671 983 2803 1037 Sion
2837 985 3014 1038 exibit
3065 983 3176 1046 lex.
3209 993 3266 1039 et
3294 983 3523 1039 verbum

1927 1077 2141 1133 Domini
2179 1077 2247 1132 de
2279 1075 2628 1133 Jerusalem?
2665 1095 2683 1130 I
2737 1074 2900 1144 Quia,
2933 1076 3135 1144 inquit,
3163 1075 3298 1130 Novi
3330 1074 3528 1131 Testa-

1927 1170 2098 1224 menti
2158 1170 2333 1240 legem
2366 1168 2700 1236 noluerunt;
2765 1169 2877 1224 iuno
2932 1169 3096 1224 etiam
3139 1166 3379 1224 Verbum
3430 1169 3527 1224 Dei

1926 1262 2120 1316 vivens
2146 1261 2527 1316 irritaverunt.

2004 1440 2176 1497 Vsus.
2202 1442 2297 1498 25.
2343 1460 2364 1494 ι
2399 1441 2526 1498 ldeo
2555 1443 2729 1498 iratus
2759 1451 2845 1497 est
2891 1443 3156 1500 Dominus
3183 1445 3242 1500 in
3269 1446 3528 1518 populum

1932 1548 2119 1587 suum.
2157 1551 2176 1585 ι
2218 1532 2390 1600 Quem
2423 1534 2541 1605 ipse
2573 1535 2796 1604 quidem
2827 1537 3112 1607 proprium
3133 1539 3238 1593 sibi
3269 1539 3530 1609 populum

1935 1639 2060 1680 esse
2090 1636 2145 1680 et
2169 1626 2434 1696 appellari
2467 1627 2714 1691 volebat;
2751 1629 2852 1699 ipsi
2889 1645 3021 1685 vero
3062 1630 3400 1686 abnuerunt.
3433 1630 3532 1686 His

1934 1731 2099 1786 porro
2139 1717 2412 1786 signiﬁcat
2446 1717 2804 1774 inimicorum
2860 1721 3221 1791 irruptionem
3241 1737 3318 1778 ac
3358 1738 3534 1780 ceso-

1935 1823 2055 1863 nnn
2093 1809 2500 1865 multitudinem
2533 1853 2548 1878 ,
2589 1813 2662 1867 ita
2691 1822 2750 1867 ut
2788 1815 2953 1869 etiam
3001 1825 3214 1870 montes
3245 1817 3536 1872 cadaveri-

1863 1878 1908 1934 Β
1936 1903 2038 1955 hus
2069 1900 2405 1970 repleantur,
2440 1909 2501 1956 et
2528 1903 2784 1958 universa
2824 1904 2974 1976 regio
3007 1906 3313 1960 morticinis
3339 1921 3535 1962 eorum

1934 1994 2091 2065 plena
2125 1998 2343 2052 evadat.
2375 1994 2501 2052 Haec
2547 2009 2734 2052 autem
2767 1998 2950 2052 omnia
2992 2013 3057 2052 ex
3098 2000 3336 2055 hostium
3381 2001 3540 2056 inva-

1933 2089 2088 2144 sione
2113 2089 2245 2160 ipsis
2284 2090 2585 2146 evenient:
2630 2106 2796 2160 quam
2829 2092 2934 2162 ipsi
2971 2108 3080 2147 non
3122 2102 3328 2164 suopte
3381 2103 3534 2148 motu

1933 2179 2188 2236 fecerunt
2221 2225 2237 2249 ,
2270 2185 2365 2237 sed
2391 2182 2502 2237 Deo
2531 2193 2758 2254 agente,
2788 2195 2842 2240 et
2872 2194 3086 2239 tantum
3134 2200 3243 2241 non
3282 2185 3538 2241 trahente

1933 2287 2000 2328 ac
2025 2274 2266 2344 pellente
2292 2274 2416 2330 illos
2439 2275 2506 2328 ad
2542 2290 2763 2330 reorum
2811 2277 3179 2333 obsidionem.

2004 2454 2168 2511 Vsus.
2195 2455 2286 2510 26.
2340 2476 2358 2509 v
2399 2457 2507 2512 Sed
2540 2431 2765 2527 insuper
2803 2473 2998 2513 manus
3031 2457 3128 2514 Dei
3153 2458 3400 2516 excelsa:
3429 2460 3533 2531 igi-

1934 2557 2020 2602 tur
2051 2549 2294 2604 elevahit
2325 2551 2541 2622 signum
2570 2551 2826 2623 gentibus
2879 2551 3219 2622 longinquis,
3267 2561 3321 2607 et
3353 2551 3534 2607 trahet

1930 2655 2026 2696 eas
2051 2640 2120 2696 ab
2148 2651 2402 2698 extremo
2433 2655 2614 2699 term.
2663 2664 2680 2696 ι
2729 2644 2952 2700 Excelsa
2990 2645 3158 2716 igitur
3193 2653 3384 2702 contra
3412 2645 3534 2700 illos

1932 2732 2037 2787 fuit
2070 2749 2264 2789 manus
2301 2735 2424 2802 Dei,
2452 2736 2523 2791 oh
2572 2735 2983 2791 incredulitatis
3033 2751 3227 2792 eorum
3277 2750 3507 2807 perseve

1930 2825 2190 2883 rantiam.
2237 2825 2393 2893 Quod
2447 2825 2598 2882 enim
2643 2827 2890 2883 deterius
2927 2838 3034 2891 est,
3074 2843 3141 2883 ne
3178 2829 3284 2884 illis
3309 2828 3530 2899 quidem

1932 2915 2004 2970 ita
2041 2918 2213 2987 gestis
2252 2919 2526 2988 aequiores
2570 2918 2703 2973 lacti
2739 2925 2901 2985 sunt,
2940 2916 3264 2974 sedeodem
3301 2919 3354 2974 in
3383 2927 3530 2974 statu

1933 3025 2263 3079 perseveran
2274 3021 2310 3066 ι.

2006 3101 2172 3157 Vens.
2197 3101 2289 3158 30.
2338 3121 2358 3156 ι
2398 3103 2466 3158 Et
2494 3103 2758 3158 clamabit
2799 3110 3025 3173 propter
3059 3117 3157 3158 eos
3204 3103 3257 3157 in
3294 3102 3385 3158 die
3433 3101 3528 3159 illa

215 3200 497 3272 θαλάσσης
564 3195 1012 3268 κυμαινούσης.»
1083 3193 1352 3248 Ἐνταῦθα
1406 3189 1501 3248 οῦν
1558 3194 1828 3265 προσήκει

1932 3196 2088 3264 quasi
2130 3210 2233 3251 vox
2267 3197 2439 3250 maris
2470 3197 2776 3251 aestuantis.
2805 3214 2824 3248 ι
2861 3194 2962 3250 Hic
2985 3197 3531 3252 animadvertendum

215 3292 516 3363 ὶκιστῆσαι
567 3289 665 3342 τὸν
709 3287 870 3350 νοῦν,
920 3286 996 3352 ὡς
1042 3286 1105 3340 τὸ
1154 3286 1361 3358 πλῆθος
1402 3285 1514 3339 τῶν
1552 3285 1827 3359 πολεμίων

1931 3297 2036 3354 est,
2095 3287 2273 3356 ipsum
2340 3287 2750 3344 multitudinem
2805 3286 3047 3343 hostium
3096 3288 3265 3344 maris
3321 3289 3528 3344 sonitui

214 3387 363 3458 φωνῇ
395 3383 692 3452 θαλάσσης
725 3381 982 3451 ἐξομοιοῖ.

767 3471 1166 3526 ΚΕΦΑΛΑΙΟΝ
1201 3473 1290 3538 (τ’.

287 3588 307 3622 ι
333 3570 448 3624 Καὶ
480 3568 712 3637 ἐγένετο
737 3563 831 3618 τοῦ
877 3563 1148 3628 ἐνιαυτοῦ,
1179 3559 1241 3618 οὗ
1270 3562 1544 3617 ἀπέθανεν
1585 3563 1765 3629 Ὀζίας
1799 3565 1828 3617 6

213 3659 492 3733 βασιλεύς.
523 3680 543 3712 a
585 3658 693 3712 Διά
729 3658 785 3710 τί
810 3657 883 3736 μὴ
914 3656 993 3710 ἐτι
1021 3656 1226 3720 ζῶντος
1267 3655 1444 3721 Ὀζίου
1473 3655 1574 3728 τὴν
1607 3673 1828 3728 προκει-

213 3756 382 3825 μένην
409 3753 544 3823 δψιν
576 3749 752 3822 ἑώρα,
779 3749 892 3802 ἀλλ’
921 3752 978 3804 ἑν
1001 3748 1080 3820 τῷ
1103 3749 1217 3803 ἔτει
1238 3741 1283 3816 ᾧ
1307 3747 1577 3802 ἀπέθανεν
1601 3765 1615 3813 ;
1650 3744 1824 3820 οἶμαι,

210 3846 321 3909 δτι,
372 3846 468 3900 διά
520 3844 588 3898 τὸ
641 3841 952 3915 ιπαρθῆναι
1007 3841 1209 3902 αὑτὸν,
1260 3833 1512 3912 καίει-ὴν
1562 3839 1828 3913 μηδαμῶς

212 3942 616 4012 προσήκουσαν
646 3934 799 4002 αὐτῷ
829 3934 1150 4006 ἐγχειρῆσαι
1185 3931 1378 3986 θυσίαν
1415 3935 1825 4004 προσενεγκεῖν,

211 4029 352 4087 ὥστε
380 4031 485 4085 καὶ
518 4025 628 4100 τὴν
658 4026 864 4100 λέπραν
891 4023 1302 4096 ὲπανθῆσαιτῷ
1327 4023 1608 4096 προσώπῳ
1634 4023 1825 4089 αὐτοῦ,

211 4126 360 4190 sine;
393 4119 466 4195 ἦν
510 4117 1002 4191 ἀνακεχωρηκέναι
1039 4117 1141 4190 τὴν
1173 4117 1334 4188 χάριν
1358 4115 1455 4170 τοῦ
1481 4115 1618 4170 Θεοῦ
1648 4119 1828 4172 πάντα

211 4217 301 4271 τὸν
341 4216 552 4289 χρόνον
600 4211 708 4284 τῆς
743 4209 907 4265 αὑτοῦ
943 4210 1112 4281 ζωῆς,
1149 4208 1272 4264 καθ’
1307 4208 1366 4263 ὅν
1412 4209 1828 4283 λελεπρωμένος

213 4309 457 4382 κατῴκει
491 4305 600 4378 τὴν
643 4302 1026 4375 Ἰερουσαλήμ.
1055 4302 1275 4374 Λεπροῦ
1311 4302 1421 4376 γὰρ
1452 4302 1714 4373 βασιλέως
1744 4306 1823 4356 οι-

212 4400 439 4464 κοῦντος
467 4398 572 4453 τὸν
593 4395 786 4460 τόπον,
812 4395 1037 4460 είκότως
1060 4396 1482 4468 ἀνακεχωρήκει
1511 4397 1544 4468 ἡ
1577 4394 1704 4462 δόξα
1729 4395 1826 4450 τοῦ

210 4493 369 4548 Θεοῦ.
420 4491 588 4547 Ἐπεὶ
621 4489 682 4542 δὲ
727 4487 982 4542 ἐτελεύτα
1015 4489 1116 4560 μὲν
1148 4490 1375 4553 ἐκεῖνος,
1431 4488 1654 4542 Ἶωάθαν
1695 4488 1752 4543 δὲ
1796 4489 1826 4541 6

1932 3394 2278 3450 comparare.

2545 3469 2780 3528 CAPUT
2825 3471 2905 3527 Vl.

2004 3558 2168 3617 Vsus.
2203 3562 2254 3616 l.
2301 3581 2320 3614 ι
2351 3563 2417 3616 Et
2441 3563 2646 3618 factum
2681 3574 2770 3619 est
2817 3566 2873 3620 iu
2919 3582 3088 3630 anno.
3131 3582 3239 3637 quo
3283 3574 3539 3622 mortuus

1929 3664 2013 3706 est
2066 3670 2159 3708 rex
2205 3654 2389 3711 Ozias.
2421 3675 2439 3707 ι
2475 3655 2659 3724 Quare
2720 3673 2827 3713 non
2887 3660 3110 3714 vivente
3163 3660 3346 3716 adhuc
3394 3660 3532 3716 Ozia

1929 3745 2069 3800 hanc
2095 3745 2362 3802 visionem
2409 3747 2623 3815 habuit,
2673 3749 2769 3804 sed
2817 3764 2884 3805 eo
2932 3765 3078 3804 anno
3105 3765 3216 3820 quo
3247 3751 3337 3805 ille
3380 3765 3532 3805 mor-

1933 3850 2055 3894 tuus
2080 3841 2204 3895 est?
2231 3841 2358 3909 quia
2391 3841 2480 3896 ille
2502 3833 2682 3898 elatus
2703 3843 2912 3910 animo,
2939 3845 3272 3899 sacrillcium
3299 3843 3527 3913 ollerre,

1928 3933 2080 4003 quod
2106 3931 2270 3990 olllcii
2302 3934 2384 3988 sui
2414 3949 2522 3989 non
2545 3943 2690 4001 erat,
2710 3951 3001 4007 aggressus
3029 3945 3137 4002 est,
3184 3936 3258 3992 ita
3288 3946 3347 3991 ut
3377 3937 3532 4008 lepra

1931 4028 1984 4081 in
2036 4025 2186 4080 vultu
2234 4027 2351 4097 ejus
2386 4038 2727 4097 erumperet,
2781 4029 3024 4084 arbitror
3078 4043 3178 4099 par
3228 4027 3421 4091 fuisse.
3467 4035 3531 4084 ut

1929 4121 2102 4187 gratia
2131 4119 2225 4175 Dei
2259 4119 2539 4176 recederet
2573 4128 2688 4173 toto
2713 4122 2838 4175 vita
2886 4119 3034 4176 illius
3090 4130 3359 4189 tempore,
3415 4135 3531 4190 quo

1929 4208 2176 4279 leprosus
2202 4209 2484 4264 habitabat
2520 4209 2573 4263 in
2620 4207 2949 4267 Jerusalem.
2988 4209 3128 4265 Nam
3154 4214 3374 4280 leproso
3399 4225 3534 4280 rege

1931 4301 2110 4356 locum
2136 4300 2433 4366 incolente,
2459 4300 2634 4370 gloria
2661 4301 2757 4358 Dei
2786 4303 2984 4358 merito
3016 4312 3345 4358 recesserat.
3368 4301 3530 4358 Post-

1929 4409 2096 4464 quam
2123 4402 2304 4446 autem
2349 4393 2582 4449 obiisset
2619 4393 2734 4459 ille,
2795 4404 2852 4451 et
2908 4393 3165 4451 Joatham
3218 4394 3365 4449 illius
3407 4395 3531 4465 ejus

1931 4502 2157 4558 regnum
2181 4487 2514 4557 excepisset,
2544 4489 2612 4540 de
2659 4502 2768 4557 quo
2797 4487 3065 4559 scriptum
3100 4496 3205 4561 est,
3249 4506 3266 4540 ι
3298 4486 3365 4542 Et
3393 4486 3527 4542 fecit

214 4585 328 4650 υἱδς
354 4582 535 4639 αὐτοῦ
569 4580 674 4654 τὴν
707 4579 980 4652 βασιλείαν
1005 4580 1299 4647 διεδέξατο,
1351 4580 1480 4653 περὶ
1519 4574 1582 4634 οῦ
1627 4581 1828 4653 γέγρα-

1940 4589 2144 4634 rectum
2198 4578 2251 4633 in
2302 4578 2478 4635 oculis
2523 4578 2736 4634 Domini
2774 4578 2853 4644 ³¹;
2911 4598 2931 4632 ι
2986 4577 3112 4648 jure
3157 4580 3349 4635 eodem
3406 4580 3534 4648 ipso

213 4694 366 4742 πται,
395 4696 414 4728 ι
442 4675 562 4729 Καὶ
593 4672 824 4745 εποίησε
842 4673 903 4726 τὸ
919 4673 1075 4737 seet;
1090 4675 1148 4728 ὲν
1163 4672 1461 4744 όςρθαλμοῖς
1475 4674 1700 4746 Κυρίου·
1718 4695 1735 4726 ι
1758 4677 1836 4728 εί-

214 4771 386 4835 me;
414 4767 544 4823 κατ’
569 4764 740 4820 αὑτὸν
756 4766 962 4819 ἐκεῖνον
977 4765 1068 4819 τὸν
1085 4763 1330 4818 ἐνιαυτὸν
1352 4759 1410 4817 ὲν
1434 4757 1478 4832 ᾧ
1503 4765 1532 4816 6
1553 4763 1831 4831 λελεπρω-

217 4863 375 4936 μένος
412 4857 761 4931 μετηλλάχει
803 4857 893 4912 τὸν
937 4855 1072 4928 βίον,
1113 4859 1142 4910 6
1183 4855 1242 4910 δὲ
1277 4856 1572 4929 εὐάρεστος
1599 4856 1682 4928 ’τῷ
1713 4856 1834 4928 Θεῷ

215 4953 312 5027 τὴν
357 4951 660 5025 βασιλείαν
705 4949 997 5016 διεδέξατο,
1049 4945 1211 5012 αὖθις
1250 4949 1294 5019 ἡ·
1327 4947 1455 5016 δόξα
1490 4947 1699 5020 Κυρίου
1743 4949 1835 5001 ἑπ-

218 5049 373 5121 ανῄει
407 5047 509 5100 ἐπὶ
541 5044 640 5098 τὸν
685 5037 853 5106 οἷκον,
881 5041 1080 5114 δηλαδὴ
1115 5040 1210 5095 τὸν
1240 5040 1367 5094 ναὸν
1391 5039 1620 5112 Κυρίου.
1657 5041 1723 5094 '0
1759 5039 1824 5111 δὴ

215 5139 306 5194 καὶ
333 5139 555 5213 ἱστορεῖ
575 5137 608 5189 6
633 5134 1155 5207 προφήτηςλὴωνμ
1177 5134 1288 5187 Καὶ
1301 5132 1520 5202 ἐγένετο
1531 5131 1626 5186 τοῦ
1647 5135 1829 5187 ὲνιαυ-

217 5229 328 5297 τοῦ,
359 5223 424 5284 οὗ
451 5228 744 5284 ἀπέθανεν
779 5226 960 5292 Ὀζίας
982 5229 1011 5281 6
1036 5226 1310 5298 βασιλεὺς,
1339 5219 1479 5280 εἶδον
1503 5227 1597 5280 τὸν
1622 5226 1828 5298 Κύριον

219 5323 541 5397 καθήμενον
586 5319 687 5373 ἐπὶ
727 5310 919 5390 θρόνου
964 5319 1173 5391 ὑψηλοῦ
1212 5320 1307 5373 καὶ
1352 5319 1688 5392 ιπηρμένου·
1734 5320 1829 5373 καὶ

222 5415 436 5490 πλήρης
461 5418 494 5469 6
529 5406 688 5476 οἶκος
723 5411 822 5481 τῆς
857 5411 1016 5484 δόξης
1057 5409 1248 5468 αὑτοῦ.
1270 5430 1289 5464 ι
1322 5406 1491 5482 Οἶμαι
1521 5411 1580 5465 δὲ
1614 5412 1708 5466 καὶ⁵
1736 5411 1826 5466 διά

221 5509 424 5564 τούτων
450 5503 840 5577 παρίστασθαι
863 5505 950 5570 τίς
970 5507 1089 5559 ποτ’
1107 5499 1178 5576 ἦν
1204 5507 1234 5558 6
1253 5503 1343 5558 διά
1371 5504 1551 5575 πάσης
1569 5506 1671 5576 τῆς
1694 5524 1827 5580 προ-

223 5601 450 5670 nasia;
493 5596 840 5672 δηλούμενος
882 5594 1086 5670 Κύριος
1133 5596 1384 5654 Σαϐαὼθ.
1410 5599 1508 5664 Τίς
1549 5593 1825 5667 δὲοῦτος;

233 5690 291 5752 ὀ
320 5688 654 5762 Μονογενὴς
672 5687 820 5755 Υἱὸς,
844 5691 873 5744 6
895 5689 974 5746 an
1003 5693 1084 5756 είς
1109 5690 1202 5746 τὸν
1235 5689 1434 5746 κόλπον
1465 5690 1560 5746 τοῦ
1588 5692 1824 5765 Πατρὸς,

291 5877 334 5910 ³⁸
364 5873 428 5932 ιγ
465 5875 610 5944 Reg.
651 5883 751 5938 xv,
780 5869 868 5926 δι.

1932 4685 2099 4735 anno,
2135 4687 2243 4740 quo
2301 4679 2358 4728 et
2408 4672 2661 4742 leprosus
2694 4672 2861 4726 vitam
2903 4672 3140 4739 obierat,
3178 4682 3233 4727 et
3281 4673 3368 4728 vir
3411 4672 3534 4729 Deo

1934 4763 2171 4834 placitus
2219 4779 2450 4834 regnum
2489 4775 2806 4834 exceperat,
2853 4763 3027 4835 gloria
3097 4764 3312 4820 Domini
3363 4781 3529 4835 super

1932 4856 2153 4911 domum
2179 4871 2394 4912 reversa
2423 4866 2531 4920 est,
2560 4855 2772 4910 scilicet
2804 4871 2969 4927 super
2995 4857 3254 4926 templum
3280 4856 3526 4915 Domini.

1932 4949 2086 5018 Quod
2144 4950 2398 5006 videlicet
2428 4960 2657 5006 enarrat
2703 4951 2969 5022 propheta
3025 4950 3248 5007 dicens:
3297 4969 3317 5004 ι
3349 4950 3415 5005 Et
3445 4951 3528 5004 l'a-

1933 5053 2080 5097 ctum
2111 5052 2194 5098 est
2228 5044 2280 5098 in
2318 5058 2484 5110 anno,
2514 5057 2624 5112 quo
2661 5054 2912 5098 mortuus
2940 5053 3025 5098 est
3075 5059 3169 5097 rex
3202 5041 3388 5110 Ozias,
3416 5045 3528 5098 vidi

1933 5136 2222 5191 Dominum
2284 5137 2568 5192 sedentem
2618 5152 2786 5208 super
2831 5139 3089 5194 thronum
3138 5137 3417 5194 excelsum
3473 5149 3530 5194 et

1934 5228 2248 5286 elevatum:
2287 5240 2341 5284 et
2389 5230 2547 5300 plena
2590 5241 2712 5287 erat
2741 5235 2937 5289 domus
2983 5231 3154 5300 gloria
3185 5232 3322 5300 ejus.
3363 5252 3384 5286 ι
3427 5232 3530 5288 £-

1936 5323 2099 5380 stimo
2125 5322 2211 5377 his
2235 5323 2560 5392 signiﬁcari,
2586 5325 2710 5395 quis
2745 5327 2819 5382 sit
2860 5327 2950 5382 ille
2986 5325 3250 5383 Dominus
3280 5328 3528 5381 Sabaoth

1937 5413 1992 5469 in
2045 5413 2147 5470 hac
2211 5424 2323 5470 tota
2383 5416 2674 5484 prophetia
2728 5417 3022 5475 indicatus.
3078 5417 3278 5487 Ecquis
3340 5426 3526 5473 autem

1936 5507 2070 5563 ille?
2113 5506 2440 5578 Unigenitus
2473 5507 2670 5571 Filius.
2705 5510 2798 5580 qui
2830 5520 2917 5567 est
2947 5511 2999 5565 in
3034 5509 3158 5565 sinu
3190 5509 3392 5574 Patris,
3430 5510 3525 5580 qui

1935 5601 2269 5656 descendens
2295 5615 2359 5654 ex
2386 5600 2608 5671 propria
2647 5601 3047 5670 magnitudine,
3079 5601 3205 5656 inde
3243 5614 3366 5655 sese
3397 5599 3526 5652 visi-

1937 5693 2103 5749 bilem
2141 5702 2196 5750 ct
2235 5692 2792 5763 comprehensibilem
2823 5693 3136 5751 hominibus
3161 5690 3526 5750 ellicit.Visus
