4090 6432
624 388 726 444 123

1282 380 1552 441 ΕιιεΕΒιι
1589 375 2066 438 CESARIENSIS
2102 375 2254 435 OPP.
2295 372 2477 432 PARS
2511 372 2601 430 III.
2639 403 2712 414 —-
2749 370 3165 430 EXEGETICA.

3772 373 3877 429 ιει

621 509 781 555 estet
809 499 1140 564 Abrahamo,
1181 511 1304 555 cum
1338 497 1475 553 dixit
1510 495 1586 561 ei,
1622 513 1643 548 ι
1672 492 1880 549 Semini
1919 502 2012 548 tuo
2053 492 2178 548 dab:

2294 489 2743 544 ὕποκαταϐαίνων
2797 488 2890 543 τοῦ
2945 489 3075 543 ίδίου
3127 486 3409 561 μεγέθους,
3461 486 3777 561 σμικρῦνων
3819 489 3875 543 δὲ

627 603 826 646 terram
856 592 994 646 hanc
1023 592 1087 644 ³⁹.
1124 610 1143 644 ι
1172 587 1337 645 Infert
1365 589 1554 658 itaque
1586 585 1892 657 Scriptura,
1922 603 1941 637 ι
1969 584 2034 640 Ει
2059 584 2188 639 αεᾱί-

623 681 810 738 ticavit
835 683 907 738 ibi
931 682 1103 738 altare
1133 679 1381 744 Domino,
1417 679 1509 748 qui
1540 677 1687 732 visus
1724 676 1901 732 fuerat
1948 677 1999 730 ei
2035 675 2080 706 ⁸³
2111 692 2126 742 ;
2162 692 2181 726 ι

616 788 684 828 ac
725 789 963 843 rursum,
1011 791 1030 826 ι
1059 772 1339 827 Abraham
1371 770 1550 826 factus
1579 777 1664 825 est
1694 783 1963 824 annorum
2017 782 2188 822 nona-

617 866 793 934 ginta,
833 874 888 920 et
923 855 1072 920 visus
1123 872 1208 917 est
1251 862 1298 917 ei
1337 861 1600 918 Dominus
1638 861 1723 927 ";
1775 877 1795 913 ι
1852 859 2182 928 iterumque,

623 973 644 1006 ι
677 955 742 1010 Ει
784 955 930 1011 visus
962 962 1045 1010 est
1071 953 1329 1008 Dominus
1371 952 1602 1006 Abrahae
1639 950 1704 1005 ad
1737 963 1996 1018 quercum
2020 947 2188 1002 Mam-

617 1047 717 1102 hre
747 1046 813 1100 ³³.
842 1065 863 1099 ι
896 1047 971 1101 De
1007 1042 1158 1099 Isaac
1193 1057 1411 1114 quoque
1451 1042 1654 1096 dictum
1689 1051 1796 1106 est,
1836 1058 1854 1092 ι
1891 1039 1958 1094 Et
1995 1038 2184 1109 profe-

619 1147 855 1193 ctus'est
883 1145 937 1192 et
967 1137 1217 1192 ascendit
1244 1135 1310 1190 ad
1347 1128 1567 1204 puteum
1604 1132 1921 1204 juramenti,
1956 1141 2012 1187 et
2037 1133 2187 1188 visus

617 1238 705 1284 est
734 1229 991 1285 Dominus
1022 1228 1124 1299 ipsi
1171 1227 1225 1282 in
1261 1235 1421 1281 nocte
1447 1224 1538 1278 illa
1574 1223 1640 1278 ³⁸.
1678 1242 1697 1275 ι
1746 1222 2088 1293 Rursumque
2119 1224 2187 1277 de

614 1319 785 1377 Iacob
835 1321 1050 1383 dicitur,
1107 1337 1127 1371 ι
1161 1318 1275 1390 Ego
1313 1333 1431 1372 sum
1486 1317 1648 1380 Deus,
1706 1317 1798 1385 qui
1849 1316 2001 1370 visus
2065 1331 2183 1370 sum

614 1413 755 1478 tibi;
793 1431 815 1465 ι
847 1412 942 1468 sed
972 1413 1138 1466 etiam
1191 1425 1313 1466 cum
1360 1409 1510 1462 venit
1556 1427 1574 1459 ι
1621 1410 1675 1462 in
1729 1407 1919 1463 Bethel
1957 1407 2074 1475 ipse
2129 1417 2185 1462 ct

613 1503 868 1576 populus,
899 1502 1140 1574 quicum
1170 1517 1236 1559 eo
1267 1510 1410 1567 erat,
1439 1501 1732 1556 aediﬁcavit
1763 1500 1833 1553 ibi
1875 1499 2087 1552 altare:
2131 1508 2186 1552 et

613 1595 827 1650 vocavit
860 1608 1056 1650 nomen
1090 1594 1280 1649 domus
1326 1592 1558 1660 Bethel;
1596 1591 1665 1647 ibi
1693 1592 1835 1645 enim
1876 1591 1976 1660 ipsi
2013 1605 2183 1660 appa-

612 1687 728 1741 ruit
761 1688 898 1742 Deus
917 1687 1003 1752 ³τ;
1043 1704 1065 1739 ι
1110 1685 1418 1754 iterumque
1461 1684 1663 1739 dictum
1692 1691 1798 1746 est,
1844 1700 1862 1734 ι
1897 1680 2186 1737 Visusest

2290 583 2502 647 ἑαυτὸν,
2529 581 2588 646 ἐξ
2621 580 2828 634 ἐκείνου
2853 581 3050 653 ὁρατὸν
3071 582 3166 635 καὶ
3190 580 3532 652 καταληπτὸν
3564 579 3874 653 ἀνθρώποις

2290 676 2454 728 ποιεῖ.
2495 673 2672 744 Ὠφθη
2717 673 2813 725 καὶ
2853 671 2933 743 τῷ
2973 669 3242 744 Ἀϐραὰμ,
3288 672 3450 743 ήνίκα
3493 667 3646 726 εἶπεν
3693 672 3870 743 αὐτῷ·

2295 782 2314 815 ι
2339 765 2623 837 Σπέρματι
2657 780 2752 816 σου
2772 762 2928 817 δώσω
2947 762 3046 834 τὴν
3065 764 3168 834 γῆν
3183 762 3385 836 ταύτην
3403 765 3421 831 (
3431 764 3536 834 II).
3559 783 3579 817 ι
3601 764 3876 833 Ἐπιλέγει

2287 851 2381 910 οὖν
2426 857 2460 927 ἡ
2515 856 2736 927 Γραφή·
2777 855 2926 909 «Καὶ
2972 853 3320 927 ᾠκοδόμησεν
3347 859 3464 911 ἐκεῖ
3488 858 3876 932 θυσιαστήριον

2287 946 2366 1018 τῷ
2399 947 2586 1019 Κυρίῳ
2614 946 2692 1018 τῷ
2719 946 2936 1017 ὀφθέντι
2962 947 3138 1020 αὐτῷ’
3167 968 3185 1001 ι
3212 950 3305 1002 καὶ
3347 950 3538 1004 πάλιν·
3569 968 3589 1002 ι
3624 949 3879 1022 Ἀϐραὰμ

2287 1038 2504 1106 ἐγένετο
2538 1040 2674 1092 ἑτῶν
2721 1040 3067 1111 ἐνενήκοντα,
3099 1040 3194 1094 καὶ
3233 1040 3386 1113 ὤφθη
3419 1041 3566 1112 αὐτῷ
3595 1040 3869 1114 Κύριος·›

2289 1133 2385 1185 καὶ
2417 1131 2580 1186 πάλιν
2599 1147 2612 1160 ·
2641 1148 2659 1181 ι
2680 1131 2791 1184 Καὶ
2824 1129 2979 1202 ὤφθη
3010 1129 3213 1202 Κύριος
3254 1130 3332 1202 τῷ
3369 1132 3616 1205 Ἀϐραὰμ
3642 1132 3780 1204 πρὸς
3806 1137 3874 1206 τῇ

2286 1222 2409 1294 δρυῒ
2432 1226 2498 1294 τῇ
2516 1221 2783 1295 Μαμσρῆ.
2813 1242 2831 1274 ι
2867 1224 2976 1277 Kal
3005 1225 3132 1296 περὶ
3158 1223 3253 1277 τοῦ
3271 1224 3454 1278 Ἰσαὰκ
3479 1225 3714 1298 εἴρηταισ
3733 1227 3878 1280 «Καὶ

2286 1317 2580 1389 ἐπορεύθη,
2625 1316 2719 1369 καὶ
2743 1314 2910 1386 ἀνέϐη
2963 1314 3056 1369 ἐπὶ
3115 1315 3173 1369 τὸ
3207 1315 3383 1387 φρέαρ
3420 1316 3513 1370 τοῦ
3547 1319 3734 1388 ὅρκου,
3779 1317 3879 1371 καὶ

2287 1406 2442 1478 ὤφθη
2481 1407 2684 1478 Κύριος
2722 1404 2871 1476 αὐτῷ
2913 1408 2971 1459 ὲν
2997 1408 3063 1477 τῇ
3110 1407 3263 1459 νυκτὶ
3297 1407 3498 1478 ἐκείνη·
3526 1427 3544 1457 ι
3584 1409 3677 1462 καὶ
3714 1405 3880 1474 αὖθις

2287 1500 2380 1552 ἐπὶ
2409 1498 2502 1552 τοῦ
2546 1496 2738 1552 Ἰακὼὸ
2761 1498 3005 1569 εἴρηταιο
3037 1516 3055 1549 ι
3097 1497 3236 1567 Ἐγώ
3260 1500 3376 1568 εξμι
3402 1500 3430 1552 δ
3451 1498 3602 1562 Θεὸς,
3633 1500 3663 1553 ὀ
3687 1501 3879 1570 ὀφθείς

2288 1606 2404 1644 σοι·
2433 1609 2452 1643 ι
2490 1590 2625 1644 ἀλλὰ
2668 1589 2761 1644 καὶ
2786 1591 2874 1643 ὅτε
2912 1585 3076 1660 ἦλθεν
3112 1609 3129 1641 ι
3152 1592 3230 1653 είς
3274 1589 3474 1661 Βαιθὴλ
3503 1591 3668 1656 αὐτὸς
3711 1594 3807 1645 καὶ
3848 1596 3879 1647 6

2287 1681 2414 1746 λαὸς
2453 1683 2481 1734 ὁ
2533 1684 2650 1753 μετ’
2704 1680 2893 1745 αὑτοῦ,
2930 1682 3276 1753 ᾠκοδόμησεν
3321 1685 3439 1735 ἐκεῖ
3471 1682 3878 1755 θυσιαστήριον,

612 1787 794 1833 autem
841 1778 982 1834 Deus
1020 1775 1190 1833 Jacoh
1233 1775 1415 1832 adhuc
1468 1777 1520 1831 in
1569 1773 1713 1829 Luza
1743 1774 1831 1841 ³⁸;
1868 1792 1887 1826 ι
1939 1772 2178 1843 aliasque

2287 1775 2381 1828 καὶ¹
2411 1774 2638 1829 ἐκάλεσε
2661 1773 2722 1827 τὸ
2747 1773 2917 1844 ὄνομα
2947 1773 3038 1826 τοῦ
3066 1772 3216 1826 οἴκου
3241 1773 3474 1846 Βαιθήλ’
3504 1776 3621 1828 ἐκεῖ
3641 1775 3750 1845 γὰρ
3780 1777 3877 1829 αῦ-

615 1874 756 1928 dixit
799 1871 874 1927 illi
922 1871 976 1926 in
1023 1867 1264 1926 hominis
1291 1868 1478 1938 specie
1505 1881 1798 1937 apparens,
1837 1884 1857 1917 ι
1888 1864 2003 1920 Non
2036 1865 2177 1920 ultra

2284 1866 2363 1937 τῷ
2403 1867 2575 1939 ἐφάνη
2617 1867 2645 1919 ὁ
2690 1865 2842 1930 Θεός.
2869 1885 2887 1916 ι
2936 1866 3047 1918 Καὶ
3089 1866 3250 1919 πάλιν
3289 1866 3526 1937 εἴρηται·
3565 1867 3783 1938 ιὀφθη
3820 1869 3880 1922 δὲ

611 1961 901 2017 vocabitur
924 1973 1118 2014 nomen
1150 1968 1298 2012 tuum
1329 1956 1503 2012 Jacob
1535 1974 1550 2010 :
1597 1957 1692 2011 sed
1746 1955 1908 2010 Israel
1935 1956 2045 2010 erit
2078 1971 2180 2011 no-

610 2065 738 2106 men
785 2059 936 2104 tuum
966 2049 1032 2102 ”.
1059 2067 1080 2101 ι
1112 2046 1341 2114 Quando
1388 2047 1604 2101 vocavit
1649 2061 1846 2101 nomen
1889 2045 2016 2110 loci,
2043 2047 2180 2116 Spe-

607 2144 713 2197 ciu
743 2140 866 2207 Dei,
897 2141 1103 2204 dicens,
1132 2157 1151 2191 ι
1181 2137 1302 2194 Vidi
1331 2138 1474 2192 enim
1507 2139 1673 2192 Deum
1705 2138 1846 2192 facie
1875 2139 1940 2194 ad
1963 2138 2178 2201 faciem,

608 2244 666 2288 et
689 2232 835 2288 salva
875 2231 1018 2286 facta
1043 2238 1126 2285 est
1152 2230 1331 2283 anima
1386 2243 1503 2283 mea
1530 2228 1598 2282 “.
1638 2248 1657 2282 ι
1705 2229 1920 2300 Moyses
1961 2245 2179 2300 quoque

610 2327 778 2380 Deum
831 2323 921 2393 qui
966 2321 1187 2377 oracula
1249 2322 1349 2377 sibi
1400 2321 1615 2388 edebat,
1677 2322 1890 2392 rogavit
1952 2323 2178 2386 dicens,

615 2434 634 2466 ι
672 2413 729 2469 Si
760 2411 940 2468 inveni
974 2411 1204 2482 gratiam
1235 2411 1288 2464 in
1326 2419 1614 2482 conspectu
1649 2419 1761 2475 tuo,
1794 2412 2019 2465 ostende
2049 2411 2176 2465 mihi

609 2505 864 2574 teipsum,
891 2501 1333 2572 cognoscibiliter
1390 2511 1443 2557 te
1491 2502 1703 2556 videam
1745 2502 1812 2555 “.
1840 2519 1858 2552 ι
1918 2499 2014 2554 Ille
2049 2515 2179 2556 vero

609 2599 888 2669 respondit
922 2598 972 2651 ei
1001 2598 1208 2663 dicens,
1241 2614 1260 2648 ι
1294 2595 1361 2649 Ει
1387 2595 1492 2652 hoc
1514 2598 1740 2651 verbum
1788 2597 1930 2667 quod
1970 2596 2179 2652 locutus

610 2705 694 2755 es,
742 2689 977 2744 faciam:
1035 2687 1288 2742 invenisti
1338 2688 1482 2742 enim
1535 2690 1760 2755 gratiam
1789 2688 1842 2742 in
1885 2698 2177 2757 conspectu

607 2793 730 2834 meo
750 2778 815 2830 ".
851 2798 870 2832 ι
907 2778 1154 2834 Ezechiel
1181 2780 1308 2835 item
1338 2794 1461 2834 euut
1486 2779 1575 2849 qui
1608 2781 1758 2848 sedet
1787 2794 1952 2850 super
1982 2782 2179 2835 cheru-

607 2871 719 2926 bim
750 2870 905 2936 vidit,
935 2870 1091 2941 quasi
1134 2872 1371 2940 speciem
1411 2870 1681 2927 hominis:
1730 2886 1760 2924 a
1815 2871 2014 2926 lumbis
2065 2871 2180 2939 ejus

607 2977 780 3033 usque
819 2964 886 3018 ad
938 2964 1104 3018 imum
1144 2962 1287 3035 ignis
1326 2971 1467 3028 erat,
1513 2971 1568 3016 et
1616 2978 1646 3016 a
1687 2963 1886 3019 lumbis
1934 2963 2052 3034 ejus
2083 2979 2177 3018 us-

607 3068 714 3122 que
743 3054 809 3106 ad
835 3068 1130 3118 summum,
1179 3053 1392 3124 species
1433 3052 1644 3108 electri.
1678 3053 1888 3121 Quibus
1927 3055 2179 3111 omnibus

2284 1961 2313 2013 ὁ
2353 1958 2485 2022 Θεὸς
2523 1959 2601 2028 τῷ
2650 1957 2844 2012 Ἰακὼϐ
2889 1957 2984 2011 καὶ
3031 1958 3110 2011 ἔτι
3141 1960 3198 2010 ὲν
3245 1961 3457 2024 Λονζᾶ·
3485 1979 3504 2011 ι
3543 1962 3638 2013 καὶ
3686 1960 3878 2014 ἄλλοτε

2283 2046 2434 2102 εἶπεν
2457 2049 2606 2120 αὐτῷ
2629 2051 2685 2103 ὲν
2732 2051 2969 2120 σχήματι
3003 2049 3289 2120 ἀνθρώπου
3342 2051 3556 2120 ὀφθείς·
3587 2072 3606 2103 ‹
3639 2053 3753 2106 Οὐκ
3797 2053 3880 2108 ἔτι

2285 2141 2610 2213 κληθήσεται
2649 2140 2710 2194 τὸ
2751 2141 2921 2211 ὄνομα
2952 2159 3045 2195 σου
3072 2141 3265 2196 Ἰακώϐ
3286 2160 3300 2173 ο
3329 2143 3443 2196 ἀλλ’
3479 2144 3696 2216 Ἰσραὴλ
3721 2145 3877 2198 ἔσται

2282 2234 2343 2288 τὸ
2377 2233 2547 2304 ὄνομά
2575 2249 2666 2285 σου
2690 2249 2702 2262 ⁸
2732 2251 2749 2282 ι
2778 2233 2865 2285 ὅτε
2901 2234 2996 2286 καὶ
3027 2234 3252 2287 ἐκάλεσε
3276 2236 3337 2287 τὸ
3381 2236 3551 2306 ὄνομα
3589 2235 3682 2288 τοῦ
3705 2236 3877 2289 τόπου

2277 2319 2453 2387 Εἶδος
2505 2321 2652 2376 Θεοῦ
2682 2320 2850 2374 εἰπών
2867 2337 2879 2351 ³
2913 2341 2932 2373 ι
2956 2319 3109 2375 Εδον
3139 2325 3247 2396 γὰρ
3274 2325 3404 2377 θεὸν
3426 2326 3716 2396 πρόσωπον
3739 2326 3878 2398 πρὸς

2282 2415 2591 2486 πρόσωπον,
2643 2417 2734 2469 καὶ
2785 2415 2963 2486 ἐσώθη
2999 2433 3099 2487 μου
3137 2419 3168 2486 ἡ
3218 2418 3385 2488 ψυχή.
3419 2437 3438 2469 ι
3478 2419 3588 2472 Καὶ
3632 2419 3876 2489 Μωῡσῆς

2281 2508 2339 2560 δὲ
2361 2507 2452 2561 τὸν
2476 2509 2884 2580 χρηματίζοντα
2912 2509 3062 2579 αὑτῷ
3084 2508 3215 2561 Θεὸν
3245 2510 3489 2563 ἱκέτευσε
3521 2510 3696 2578 λέγων
3717 2528 3730 2541 ⁸
3765 2531 3783 2560 ι
3813 2512 3876 2565 EI

2278 2599 2490 2672 εῦρηκα
2523 2601 2683 2670 χάριν
2710 2600 2939 2653 ἐνώπιόν
2977 2617 3090 2663 σου,
3147 2601 3448 2672 ἐμφάνισον
3482 2618 3572 2673 μοι
3605 2602 3872 2657 σεαυτόν·

2280 2690 2537 2761 γνωστιῖη
2572 2690 2667 2744 ἴδω
2705 2708 2786 2744 σε.
2813 2711 2832 2745 ι
2886 2692 2944 2744 ὐ
2986 2691 3044 2745 δὲ
3087 2692 3422 2762 ἀπεκρίνατο
3454 2691 3605 2762 αὐτῷ
3653 2692 3833 2761 λέγων
3859 2709 3874 2723 ο

2286 2798 2303 2830 ι
2335 2781 2445 2833 Καὶ
2495 2778 2684 2833 τοῦτόν
2733 2797 2816 2833 σοι
2859 2780 2950 2833 τὸν
2994 2780 3153 2848 λόγον
3215 2781 3272 2833 ὃν
3324 2784 3550 2852 εἴρηκας
3621 2786 3872 2853 ποιήσω’

2280 2872 2524 2944 εὕρηκας
2554 2871 2665 2944 γὰρ
2698 2873 2858 2944 χάριν
2885 2871 3116 2926 ἐνώπιόν
3145 2890 3268 2942 μου.
3297 2892 3313 2923 ι
3362 2872 3520 2925 Ἀλλὰ
3559 2877 3653 2926 καὶ
3682 2877 3713 2927 ὁ
3775 2876 3874 2928 Ίεο

2281 2963 2471 3036 ζεκιὴλ
2522 2964 2614 3017 τὸν
2662 2964 2756 3016 ἐπὶ
2803 2963 2913 3017 τῶν
2956 2963 3219 3034 χερουεὶμ
3255 2963 3559 3035 καθήμενον
3589 2961 3749 3028 εἶδεν,
3797 2968 3877 3031 ὡς

2281 3056 2471 3126 ὅρασιν
2513 3053 2825 3126 ἀνθρώπου,
2873 3055 2982 3109 ἀπὸ
3027 3055 3128 3124 τῆς
3173 3054 3373 3124 ὀσφύος
3425 3057 3588 3110 αὐτοῦ
3625 3059 3719 3111 καὶ
3767 3059 3876 3124 ἕως

607 3144 901 3199 ediscimus
957 3145 1194 3201 visiones
1237 3161 1267 3200 a
1319 3147 1593 3217 praedictis
1647 3147 1782 3201 viris
1825 3147 2038 3201 habitas
2071 3163 2177 3204 nou

2285 3146 2437 3198 κάτω
2469 3144 2602 3215 πῦρ,
2655 3147 2751 3198 xal
2783 3144 2892 3198 ἀπὸ
2925 3144 3027 3215 τῆς
3058 3143 3258 3213 ὀσφύος
3301 3145 3465 3199 αὐτοῦ
3496 3148 3590 3198 καὶ
3624 3147 3731 3210 ἕως
3759 3148 3876 3202 ἄνω

606 3233 815 3289 similes
843 3233 1051 3301 fuisse,
1095 3236 1188 3291 sed
1236 3237 1520 3302 diversas;
1579 3252 1702 3291 nam
1760 3236 1931 3310 Moysi
1963 3240 2178 3308 quidem

2286 3235 2446 3306 ὑπὲρ,
2475 3236 2666 3306 ὅρασιν
2693 3235 2984 3308 ἠλέκτρου.
3021 3236 3096 3288 Δι’
3124 3229 3199 3288 ὧν
3237 3235 3493 3289 ἁπάντων
3525 3236 3874 3308 μανθάνομεν

608 3326 813 3381 dictum
863 3335 986 3391 est,
1025 3345 1045 3379 ι
1076 3326 1190 3382 Non
1231 3329 1435 3399 poteris
1485 3329 1671 3384 videre
1716 3325 1907 3386 faciem
1954 3346 2176 3387 meam:

608 3431 713 3471 non
740 3417 883 3471 enim
911 3419 1116 3474 videbit
1140 3419 1303 3476 homo
1335 3420 1526 3474 faciem
1564 3435 1762 3487 meam,
1795 3431 1850 3476 et
1878 3422 2024 3478 vivet
2048 3423 2112 3476 “.
2153 3442 2173 3476 ι

609 3509 887 3577 Siquidem
934 3510 1111 3566 vultus
1139 3511 1232 3566 Dei
1265 3512 1451 3578 Verbi,
1477 3523 1532 3567 et
1558 3514 1732 3568 deitas
1760 3511 2034 3584 Uuigeuiti
2059 3514 2178 3570 Filii

606 3596 728 3664 Dei,
774 3600 985 3655 mortali
1041 3611 1248 3658 natura
1290 3604 1799 3674 comprehensibilis
1854 3606 2178 3677 neutiquam

608 3689 790 3743 fuerit.
848 3691 1113 3748 Ezechieli
1167 3704 1347 3749 autem
1405 3693 1567 3751 Verbi
1636 3695 1810 3767 gloria
1860 3711 1954 3764 per
2011 3698 2180 3769 aenig-

607 3791 750 3835 mata
776 3783 888 3838 visa
941 3783 1079 3840 fuit:
1113 3785 1344 3842 Abrahze
1400 3801 1526 3842 vero
1575 3791 1674 3845 sub
1727 3788 1960 3844 hominis
2005 3787 2178 3844 forma

611 3874 840 3943 figurate
869 3878 1020 3933 visus
1051 3890 1156 3942 est,
1205 3880 1277 3933 ita
1332 3888 1389 3935 ut
1445 3881 1546 3935 sub
1586 3896 1788 3952 quercu
1831 3882 2176 3949 consisteret,

607 3968 778 4037 pelles
804 3969 1067 4034 ablueret,
1100 3980 1155 4024 et
1185 3985 1383 4026 mensae
1404 3985 1631 4026 consors
1664 3981 1830 4026 esset.
1887 3969 2180 4027 Similiter-

612 4071 720 4125 que
758 4074 879 4112 cum
932 4060 1133 4115 Iacobo
1188 4062 1352 4116 homo
1410 4062 1621 4118 luctans
1678 4063 1981 4129 inducitur,
2015 4077 2176 4132 quem

613 4146 894 4218 Scriptura
917 4151 1133 4221 quidem
1159 4150 1437 4205 hominem
1471 4151 1744 4221 appellat;
1791 4151 1882 4206 ille
1930 4167 2060 4208 vero
2083 4151 2177 4221 qui

611 4237 890 4292 oraculum
932 4240 1147 4303 edebat,
1195 4257 1213 4290 ι
1254 4238 1370 4294 Non
1438 4240 1751 4308 rcuabitur,
1815 4240 2015 4310 inquit,
2080 4255 2180 4294 no-

609 4345 733 4384 men
790 4340 936 4386 tuum
987 4331 1193 4398 Iacob;
1242 4333 1335 4388 sed
1393 4332 1556 4388 Israel
1611 4335 1716 4389 erit
1757 4348 1948 4389 nomen
2004 4344 2174 4400 tuum,

609 4423 732 4490 quia
766 4421 920 4476 fortis
952 4423 1096 4478 fuisti
1130 4439 1254 4479 cum
1291 4425 1401 4480 Deo
1421 4424 1510 4493 “;
1551 4443 1570 4476 ι
1614 4424 1755 4479 unde
1792 4435 1846 4478 et
1892 4425 2062 4482 Iacob
2099 4428 2180 4482 di-

2281 3327 2381 3396 οὐχ
2411 3326 2601 3396 ὁμοίας
2649 3325 2746 3389 τὰς
2775 3325 3039 3388 ὀπτασίας
3061 3324 3387 3396 γεγενῆσθαι
3416 3329 3527 3390 τοῖς
3563 3326 3870 3397 προλεχθεῖ·

2282 3434 2390 3482 σιν,
2441 3417 2576 3473 ἀλλὰ
2623 3417 2947 3488 διαφόρως·
2991 3414 3070 3486 τῷ
3119 3417 3218 3486 μὲν
3262 3417 3370 3488 γὰρ
3403 3418 3610 3488 Μωῡσῇ
3660 3419 3870 3490 εῐρητοο

2287 3528 2306 3561 ι
2333 3509 2407 3562 Οὐ
2437 3509 2642 3580 δυνήσῃ
2674 3507 2802 3560 ἰδεῖν
2831 3505 2892 3559 τὸ
2923 3505 3214 3577 πρόσωπόν
3249 3522 3351 3576 μου
3374 3522 3387 3535 ·
3420 3505 3481 3557 οὐ
3513 3506 3623 3576 γὰρ
3657 3505 3743 3579 ἴδῃ
3774 3507 3870 3561 ἄν·

2283 3601 2498 3674 θρωπος
2534 3602 2593 3655 τὸ
2637 3600 2924 3673 πρόσωπόν
2981 3616 3116 3670 μου,
3164 3599 3260 3651 καὶ
3307 3598 3548 3668 ζήσεται-
3576 3617 3594 3649 ι
3647 3599 3709 3651 τὸ
3759 3598 3874 3671 γὰρ

2283 3694 2572 3764 πρόσωπον
2601 3693 2696 3746 τοῦ
2732 3690 2868 3745 Θεοῦ
2907 3691 3080 3760 Λόγου
3115 3690 3210 3744 καὶ
3249 3693 3283 3762 ἡ
3315 3689 3508 3763 θεότης
3553 3690 3649 3744 τοῦ
3685 3692 3866 3746 Μονο-

2281 3785 2472 3854 γενοῦς
2521 3785 2650 3838 Υἱοῦ
2684 3785 2777 3837 τοῦ
2811 3783 2957 3837 Θεοῦ·
2999 3783 3164 3856 θνητῇ
3215 3784 3373 3852 φύσει
3420 3785 3518 3838 οὐκ
3555 3784 3621 3837 ἂν
3659 3785 3876 3854 γένοιτο

2282 3878 2599 3947 καταληπτή
2621 3894 2634 3906 ·
2675 3878 2770 3928 καὶ
2815 3876 2894 3946 τῷ
2935 3875 3195 3946 Ἰεζεκιὴλ
3225 3876 3282 3929 δὲ
3316 3879 3348 3947 ἡ
3405 3875 3496 3930 τοῦ
3531 3876 3708 3944 Λόγου
3741 3877 3870 3946 δόξα

2280 3964 2346 4017 δι’
2383 3965 2721 4033 αἰνιγμάτων
2755 3963 3076 4035 ὲθεωρεῖτο·
3114 3964 3192 4034 τῷ
3234 3964 3290 4018 δὲ
3338 3965 3589 4037 Ἀϐραὰμ
3622 3969 3874 4038 ἐσχημα-

2279 4055 2531 4126 τισμένος
2561 4056 2771 4126 ἑωρᾶτο
2818 4056 2876 4107 ὲν
2921 4053 3210 4125 ἀνθρώπου
3259 4060 3463 4128 μορφῇ,
3509 4057 3584 4121 ὡς
3633 4059 3729 4112 καὶ
3767 4060 3874 4113 ὑπὸ

2279 4146 2378 4217 τὴν
2408 4144 2540 4216 δρῦν
2571 4145 2846 4213 γενέσθαι,
2879 4145 2975 4198 καὶ
3000 4149 3127 4210 τοὺς
3154 4148 3321 4211 πόδας
3352 4147 3743 4218 ἀπονίψασθαι,
3774 4153 3871 4205 καὶ

2278 4236 2558 4309 τραπέζης
2605 4239 2961 4308 κοινωνῆσαι·
2999 4240 3200 4310 ὁμοίως
3252 4240 3347 4293 καὶ
3389 4242 3479 4293 ἑπί
3518 4241 3612 4294 τοῦ
3669 4243 3870 4297 Ἰακὼϐ

2279 4326 2562 4398 ἄνθρωπος
2590 4330 2836 4400 εἰσῆκται
2869 4330 3135 4394 παλαίων,
3169 4330 3227 4382 ὃν
3255 4332 3287 4400 ἡ
3319 4331 3416 4402 μὲν
3443 4331 3633 4402 Γραφὴ
3657 4333 3871 4405 ἄνθρω-

2282 4439 2379 4474 πον
2409 4420 2683 4492 ὀνομάζει,
2718 4423 2877 4485 αὐτὸς
2905 4422 2959 4475 δὲ
2993 4425 3021 4475 ὁ
3066 4425 3442 4495 χρηματίζων,
3489 4443 3506 4472 ι
3532 4425 3608 4477 Οὐ
3657 4424 3866 4496 κληθή-

607 4513 789 4577 ‹·οι›οι,
826 4531 846 4566 ι
882 4512 998 4569 Vidi
1027 4515 1170 4569 enim
1203 4515 1370 4570 Deum
1406 4514 1544 4570 facie
1569 4516 1636 4570 ad
1658 4514 1875 4583 faciem,
1928 4526 1982 4572 et
2027 4518 2174 4573 salva

2282 4530 2430 4566 σεται
2473 4515 2532 4568 τὸ
2574 4515 2744 4586 ὄνομα
2800 4533 2916 4579 σου,
2969 4517 3155 4587 φησιν,
3219 4514 3432 4568 Ἰακώϐ·
3483 4515 3598 4568 ἀλλ’
3647 4518 3870 4591 Ἰσραὴλ

607 4603 752 4658 facta
787 4605 1064 4658 estanima
1097 4620 1218 4659 mea
1244 4605 1313 4660 ⁸⁸.
1341 4624 1360 4658 ι
1392 4602 1488 4660 llic
1518 4619 1646 4660 vero
1676 4606 1936 4676 propheta
1968 4623 2026 4661 se
2043 4623 2174 4678 quo-

607 4707 714 4762 que
745 4691 970 4762 gloriam
1003 4694 1119 4762 ejus
1152 4696 1354 4752 vidisse
1389 4697 1726 4752 testiﬁcatur.
1772 4699 1941 4769 Igitur
1981 4699 2174 4754 Salva-

606 4785 738 4838 toris
771 4786 936 4840 nostri
963 4785 1088 4841 Jesu
1113 4787 1308 4842 Christi
1331 4788 1581 4858 gloriam,
1603 4799 1661 4843 ut
1683 4790 1736 4844 in
1763 4792 2014 4861 praesenti
2050 4808 2174 4847 nar-

606 4884 713 4941 rat,
746 4881 1068 4946 conspexit:
1101 4895 1206 4934 non
1235 4881 1391 4950 plane
1417 4882 1686 4952 corporis,
1707 4884 1800 4937 sed
1825 4885 2022 4938 mentis
2043 4899 2172 4939 ocu—

603 4965 672 5019 lis
707 4982 737 5021 a
770 4968 975 5038 Spiritu
1020 4982 1209 5026 sancto
1254 4973 1536 5027 illustratis
1565 4994 1578 5028 :
1615 4975 1754 5030 sicut
1789 4977 1933 5030 enim
1977 4991 2172 5045 corpo—

604 5057 680 5110 ris
718 5060 855 5112 oculi
896 5075 925 5113 a
975 5060 1113 5116 lucis
1161 5063 1314 5118 radio
1359 5067 1601 5119 exterius
1645 5065 2062 5120 subministrato
2104 5067 2170 5120 ad

607 5149 884 5203 sensibilia
947 5152 1176 5207 videnda
1236 5156 1541 5225 juvantur;
1601 5157 1787 5210 eodem
1839 5157 2001 5211 modo
2043 5174 2172 5228 pur-

607 5251 744 5308 gata:
789 5244 987 5297 mentis
1027 5245 1193 5310 oculi,
1236 5247 1304 5300 ab
1345 5247 1672 5314 intelligibili
1730 5248 1849 5303 luce
1894 5248 2169 5322 irradiati,

608 5330 784 5386 divina
825 5335 1178 5406 contemplari
1217 5348 1466 5406 possunt.
1507 5338 1868 5404 Quamobrem
1910 5337 2171 5395 Servator

685 5491 1014 5562 "1300.1",
1055 5495 1108 5549 7.
1184 5495 1229 5528 ⁸³
1257 5495 1395 5550 Ibid.
1494 5497 1537 5527 ⁸⁵
1569 5496 1702 5553 Gen.
1747 5488 1876 5562 xm,
1918 5501 1967 5552 l.

2059 5499 2105 5530 ³⁸
2129 5499 2264 5553 Gen.
2306 5516 2463 5566 xrtn,
2510 5501 2558 5556 l.

2277 4602 2427 4656 ἔσται
2465 4604 2524 4656 τι
2557 4605 2728 4675 ὄνομα
2757 4622 2871 4667 σου,
2901 4607 2980 4659 ὅτι
3007 4606 3296 4676 ἐνίσχυσας
3327 4606 3463 4675 μετὰ
3494 4606 3658 4660 Θεοῦ·
3683 4627 3701 4658 ι
3741 4608 3867 4662 ὅθεν

2276 4695 2367 4748 καὶ
2412 4695 2605 4748 Ἰακὼϐ
2635 4696 2819 4766 ἔλεγεν
2839 4714 2853 4729 ·
2897 4716 2913 4748 ι
2938 4695 3088 4750 Εἶδον
3118 4697 3226 4768 γὰρ
3248 4696 3380 4750 Θεὸν
3409 4698 3702 4768 πρόσωπον
3730 4703 3867 4772 πρὸς

2273 4785 2583 4856 πρόσωπον,
2633 4788 2726 4840 καὶ
2772 4786 2949 4859 ἐσώθη
2997 4805 3097 4857 μου
3145 4789 3176 4858 ἡ
3227 4788 3394 4859 ψυχή.
3425 4808 3442 4837 ι
3491 4790 3548 4842 Ὀ
3577 4789 3632 4842 δὲ
3668 4790 3866 4860 παρὼν

2274 4879 2560 4948 προφήτης
2613 4879 2741 4931 ἰδεῖν
2785 4880 2879 4932 καί
2933 4879 3094 4942 αὖτδς
3144 4882 3504 4951 μαρτυρεῖται
3552 4881 3648 4952 τὴν
3699 4882 3862 4948 δόξαν

2278 4968 2460 5022 αὑτοῦ.
2486 4969 2695 5022 Οὐκοῦν
2714 4969 2814 5038 τῆς
2836 4968 2929 5022 τοῦ
2961 4969 3212 5040 Σωτῆρος
3239 4970 3396 5040 ἡμῶν
3425 4970 3598 5042 Ἰησοῦ
3620 4974 3864 5043 Χριστοῦ

2277 5059 2432 5125 δόξαν
2460 5061 2547 5114 διὰ
2575 5061 2682 5113 τῶν
2706 5062 3078 5131 προκειμένων
3101 5061 3366 5134 ἑώρακεν,
3388 5064 3449 5116 οὗ
3485 5064 3701 5128 πάντως
3731 5084 3865 5139 σαρ-

2279 5152 2372 5215 κὸς
2402 5154 2718 5224 ὀφθαλμοῖς,
2755 5157 2868 5218 τοῖς
2906 5154 2960 5207 δὲ
2999 5156 3098 5226 τῆς
3125 5156 3384 5217 διανοίας,
3425 5160 3863 5228 πεεεωτισμένοις

2279 5244 2384 5297 ὑπὸ
2423 5244 2518 5298 τοῦ
2571 5245 2729 5314 ἁγίου
2764 5245 3110 5317 Πνεύματος’
3141 5248 3214 5310 ὠς
3244 5246 3351 5318 γὰρ
3388 5247 3436 5299 οἱ
3469 5247 3565 5300 τοῦ
3605 5247 3860 5319 σώματος

2279 5336 2383 5390 ὑπὸ
2413 5337 2510 5408 τῆς
2550 5336 2749 5402 ἔξωθεν
2767 5340 3176 5411 χορηγουμένης
3206 5338 3298 5392 τοῦ
3321 5338 3495 5407 φωτὸς
3524 5339 3704 5410 αὐτῆς
3738 5359 3862 5396 συν-

3298 5500 3339 5532 ³⁷
3383 5501 3522 5555 Gen.

2637 5503 2681 5533 ³⁵
2719 5502 2854 5557 Cen.
2905 5517 3056 5566 xxvx,
3113 5501 3220 5568 25._
3298 5501 3339 5532 ³⁷
3383 5501 3522 5555 Gen.
3588 5518 3754 5568 xxxv,
3805 5503 3854 5552 τ.

619 5560 841 5640 fﬁeri.
891 5568 1173 5640 XI.VIII1_3.
1202 5565 1454 5640 __”_Gcn.
1507 5583 1716 5640 xxxii,
1744 5571 1833 5622 :8.
1866 5560 1871 5562 ’
1909 5570 1952 5602 ⁸⁸
1975 5567 2106 5624 Ibid.
2129 5570 2217 5624 '50.
2295 5570 2334 5602 ⁸¹
2363 5560 2531 5627 Exod.
2574 5589 2767 5639 xum,
2821 5573 2905 5628 I3.
2931 5571 2974 5602 "'
3003 5560 3134 5626 Ibid.
3164 5564 3248 5622 II.
3272 5571 3314 5603 ⁸³
3349 5573 3516 5627 Exod.
3539 5560 3853 5640 χιιιιιξὲυ.

615 5630 661 5662 ⁸⁸
686 5630 817 5684 Gen.
847 5649 1018 5701 xxx",
1048 5635 1139 5703 28,
1199 5635 1242 5667 "
1280 5634 1418 5690 Gen.
1449 5652 1617 5692 min.
1657 5637 1743 5692 50.

687 5788 804 5854 (l6)
844 5787 960 5841 Il;rr
990 5806 1196 5860 quoque
1238 5791 1590 5860 Hicmuymus
1632 5799 1900 5857 t‘nu'nnit.
1940 5799 2028 5854 sed
2074 5799 2432 5856 paucioribus.
