4090 6440
179 368 279 426 125
1174 374 1686 435 εοιιιιΕΝτΑιιιΑ
1727 378 1793 436 ΙΝ

1897 379 2104 440 iAlAI.
2137 412 2210 426 —
2243 380 2400 439 CAP.
2445 381 2536 440 Vl.
3400 387 3508 445 '36

174 481 472 557 εργοῦνται
529 500 626 553 εις
653 487 721 542 τὺ
742 485 959 558 βλέπειν
985 487 1055 544 τὰ
1085 490 1344 562 αἰσθητὰ,
1368 493 1463 548 τὸν
1489 493 1653 548 αὑτὸν
1680 494 1793 566 τρό

1917 495 2031 550 luec
2069 497 2292 552 docuit:
2339 516 2359 549 ι
2387 495 2540 551 Beati
2582 496 2789 552 mundo
2838 496 3028 560 corde,
3083 499 3343 570 quoniam
3399 501 3504 574 ipsi

173 591 274 632 ων
303 575 375 631 τὰ
410 578 524 649 τῆς
551 579 985 654 κεκαθαρμένης
1003 582 1185 654 ψυχῆς
1215 584 1444 656 δμματα
1472 586 1578 640 ὑπὸ
1607 587 1793 658 νοεροῐ

1917 587 2085 643 Deum
2125 589 2392 645 videbunt
2412 589 2479 645 “.
2515 607 2535 640 ι

171 667 349 738 φωτὸς
402 671 903 743 καταυγαζόμενα,
953 674 1023 729 τὰ
1069 674 1190 728 θεῖα
1217 680 1579 735 κατοπτεύειν
1613 679 1866 734 δύναται.
1903 681 1994 734 Διὸ
2019 682 2116 736 καὶ
2140 685 2171 738 ό
2198 685 2393 756 Σωτὴρ
2420 682 2569 737 τοῦτ’
2600 682 2850 737 ἐδίδασκε
2869 699 2884 715 ο
2920 702 2939 736 ι
2968 684 3244 757 Μακάριοι
3265 686 3316 740 οἱ
3340 686 3506 741 καθα·

173 757 252 829 ροὶ
286 759 358 832 τῇ
399 760 650 833 καρδίᾳ,
687 763 770 818 ὄτι
802 764 954 819 αὐτοὶ
978 765 1075 820 τὸν
1107 765 1246 822 Θεὸν
1275 769 1524 839 ὄψονται.
1556 791 1575 824 ι

241 868 262 901 ι
282 850 401 904 Καὶ
436 853 708 924 σεραφὶμ
737 855 1085 928 είστήκεισαν
1127 858 1320 933 κύκλῳ
1346 865 1540 929 αὑτοῦ,
1581 865 1644 931 εξ
1673 866 1793 920 πτέ-

1985 860 2155 916 Vaas.
2193 860 2250 914 2.
2295 877 2314 911 ι
2348 858 2414 914 Ει
2453 858 2728 930 seraphim
2755 859 2976 915 stabant
3012 860 3064 914 in
3100 861 3333 916 circuitu
3360 861 3505 930 eius,

170 957 334 1012 ρυγες
361 942 448 1014 τῷ
484 944 601 1007 ἑνὶ,
641 947 739 1000 καὶ
771 947 830 1014 ἐξ
877 949 1149 1021 πτέρυγες
1175 951 1257 1023 τῷ
1292 955 1392 1008 ἑνί.
1421 973 1442 1007 ι
1497 955 1788 1028 Ἀσὼματο

1913 967 2008 1010 sex
2032 954 2132 1008 alar
2169 953 2288 1016 uni,
2319 964 2373 1008 et
2399 968 2492 1007 sex
2523 952 2624 1008 alte
2652 951 2835 1008 alteri.
2870 971 2889 1004 ι
2919 952 3262 1024 [incorporeas
3304 969 3506 1027 nempe

167 1047 308 1098 τινες
341 1033 500 1089 θεῖαι
533 1039 641 1092 καὶ
687 1040 1047 1112 ὑπερκόσμιοι
1097 1043 1383 1116 δυνάμεις,
1413 1047 1484 1112 ἀς
1509 1049 1602 1102 καὶ
1633 1052 1664 1103 ό
1695 1052 1793 1104 Δα-

1913 1047 2186 1116 quadam,
2226 1045 2429 1101 divina
2465 1053 2520 1100 et
2561 1060 2726 1115 supra
2775 1045 3037 1100 mundum
3089 1047 3283 1117 posita:
3322 1051 3502 1104 virtu-

169 1124 282 1196 νιὴλ
326 1127 534 1200 ἐδήλου
583 1130 797 1201 λέγων,
855 1135 1083 1189 «Χίλιαι
1128 1136 1369 1208 χιλιάδες
1421 1141 1793 1212 ὲλειτούργουι

1909 1146 2013 1202 tes,
2048 1152 2186 1208 quas
2217 1136 2405 1191 Daniel
2426 1137 2763 1201 declarabat,
2805 1137 2994 1192 dicens
3035 1152 3052 1192 :
3112 1157 3132 1193 ι
3162 1139 3329 1197 ΜίΙΙὶε
3373 1141 3504 1198 mil-

169 1216 334 1288 αὐτῷ,
379 1219 486 1272 καὶ
527 1221 738 1294 μύριαι
781 1226 1040 1297 μυριάδες
1087 1231 1558 1302 παρειστήκεισαν
1591 1233 1793 1305 ἐμπρο-

1906 1229 2040 1286 lium
2082 1230 2473 1286 ministrabant
2511 1231 2582 1296 ei,
2623 1242 2679 1286 et
2717 1232 2904 1288 decies
2941 1232 3143 1288 millies
3193 1234 3333 1290 dena
3379 1234 3506 1291 mil-

171 1308 292 1363 σθεν
317 1311 525 1367 αὐτοῦ.
561 1332 584 1366 a
604 1314 715 1368 Δύο
741 1318 836 1387 μὲν
863 1313 1007 1372 εῖναι
1027 1320 1095 1373 τὰ
1123 1325 1372 1392 σεραφὶμ
1400 1325 1654 1379 ἐντεῦθεν
1685 1326 1793 1381 ἑνό-

1907 1321 1981 1376 lia
2020 1321 2278 1377 astabant
2317 1322 2370 1376 in
2411 1331 2708 1393 conspectu
2747 1324 2871 1395 ejus
2909 1324 2978 1380 δ’.
3028 1343 3050 1378 ι
3097 1324 3236 1382 Hinc
3276 1325 3370 1383 alii
3409 1341 3507 1385 ar-

171 1415 334 1473 μισαν
368 1401 570 1458 ἄλλοι·
619 1405 735 1474 ἐγὼ
761 1407 839 1469 δὲ,
885 1409 1192 1481 ἐπιστήσας
1225 1415 1296 1482 τῇ
1330 1413 1546 1487 διανοίᾳ
1576 1416 1678 1488 τῆς
1709 1417 1803 1470 λε·-

169 1491 370 1566 γούσης
409 1495 663 1569 Γραφῆς
714 1499 894 1570 κύκλῳ
923 1501 1088 1556 αὑτοῦ
1133 1503 1204 1558 τά
1252 1507 1506 1576 σεραφὶμ
1553 1509 1801 1573 ἑστάναι,

169 1584 410 1658 ἠγοῦμαι
464 1589 660 1643 ταῦτα
709 1594 970 1660 στεφάνου
1019 1593 1175 1668 δίκην
1217 1599 1564 1669 πανταχόθεν
1606 1600 1803 1674 ὥσπερ

171 1674 342 1744 μέγαν
390 1677 643 1748 βασιλέα
685 1680 1104 1755 δορυφοροῦντα.
1157 1686 1260 1753 Ἐξ
1301 1687 1357 1741 δὲ
1401 1690 1674 1762 πτέρυγες
1719 1691 1802 1763 τῷ

169 1765 246 1826 ἐνὶ
262 1769 530 1839 λέγονται
552 1774 1025 1844 προσπεφυκέναι,
1039 1777 1117 1846 τῷ
1133 1779 1371 1835 ἕκαστον
1395 1785 1797 1856 κεκοσμῆσθαι,

168 1856 358 1930 ὥσπερ
399 1864 703 1939 πτέρυξιν,
749 1867 1012 1937 ὲμφύτοις
1040 1870 1271 1940 ἀρεταῖς
1306 1874 1402 1927 καὶ
1445 1879 1797 1947 μετεωροπό-

172 1967 302 2025 pic,
352 1949 450 2019 αἷς
498 1956 838 2028 διιπτάμενα
890 1959 952 2014 δι’
1005 1961 1242 2032 οὐρανοῦ
1298 1966 1396 2018 καὶ
1446 1967 1797 2041 αἰθεροφόροι

168 2043 460 2118 φιρονται,
485 2053 718 2118 νοηταῖς
739 2067 850 2103 τισι
880 2051 1139 2123 χρώμενα
1166 2055 1502 2127 ἐνεργείαις,
1537 2061 1798 2133 πραγμά-

1906 1415 2095 1472 bitrati
2155 1424 2284 1470 sunt
2346 1415 2455 1470 duo
2509 1429 2631 1471 esse
2682 1417 2964 1486 seraphim
3005 1436 3019 1473 :
3061 1433 3165 1488 ego
3190 1420 3505 1478 accuratius

1906 1507 2192 1576 explorata
2235 1504 2540 1574 Scriptura:
2581 1516 2788 1571 mente,
2831 1523 2954 1577 qua
2979 1507 3082 1574 ait,
3125 1510 3405 1581 seraphim
3446 1511 3502 1566 in

1905 1599 2137 1655 circuitu
2177 1599 2295 1668 ejus
2348 1598 2588 1662 stetisse,
2651 1600 2866 1656 cstimo
2912 1602 3014 1658 hos
3067 1616 3288 1658 corona:
3327 1603 3504 1660 instar

1905 1705 2027 1746 eum
2063 1691 2306 1762 undique
2343 1707 2442 1746 ceu
2478 1705 2658 1761 regem
2692 1708 2948 1764 magnum
2972 1694 3232 1766 stipasse.
3260 1696 3371 1753 Sex
3405 1713 3505 1753 au-

1906 1795 2014 1839 tem
2068 1785 2170 1840 ala:
2208 1784 2300 1838 uni
2339 1798 2463 1840 esse
2515 1785 2794 1849 dicuntur,
2835 1788 2984 1857 quod
3037 1789 3236 1860 singuli
3293 1789 3503 1847 innatis

1902 1886 1958 1931 et
1993 1875 2322 1931 sublimibus
2358 1877 2654 1933 virtutibus
2691 1881 2847 1950 quasi
2891 1879 2990 1936 alis
3028 1891 3293 1939 ornentur
3323 1901 3339 1938 :
3379 1886 3507 1956 qui-

1903 1967 2003 2022 bus
2033 1968 2288 2024 volantes
2318 1985 2418 2038 per
2458 1969 2658 2026 coelum
2717 1981 2774 2026 et
2805 1987 2989 2027 aerem
3032 1976 3306 2042 feruntur,
3341 1976 3506 2032 intel-

1903 2058 2094 2129 ligibili
2120 2060 2356 2130 quadam
2415 2063 2612 2133 agendi
2661 2063 2712 2116 vi
2761 2073 2998 2127 utentes,
3041 2081 3149 2136 qua
3200 2068 3360 2125 nobis
3413 2084 3506 2126 res

165 2151 273 2190 των
299 2139 475 2194 τινῶν
516 2141 784 2212 ἀρρήτων
832 2144 963 2216 ἡμῖν
1011 2145 1491 2212 ἀποτελεστικαῖς.
1547 2151 1638 2216 Ὠς
1685 2154 1793 2225 γὰρ

1901 2150 2166 2220 quasdam
2199 2165 2434 2208 arcanas
2471 2163 2798 2224 operantur.
2839 2155 3312 2224 Quemadmodum
3353 2163 3502 2217 enim

169 2227 226 2281 ιν
250 2227 584 2302 ἀνθρώποις
612 2233 664 2285 oi
697 2233 842 2301 ἅγιοι
861 2232 958 2286 τοῦ
982 2233 1120 2288 Θεοῦ
1150 2237 1518 2308 χαρισμάτων
1544 2244 1798 2313 μετεῖχον

166 2322 528 2392 κρειττόνων,
561 2323 643 2388 ὡς
670 2324 1032 2396 προφητεύειν
1062 2326 1130 2380 τὰ
1157 2327 1450 2398 μέλλοντα,
1487 2334 1580 2386 καὶ
1605 2335 1801 2400 νόσους

169 2410 377 2478 ιάσθαι,
418 2413 522 2467 καὶ
563 2417 799 2486 νεκροὺς
835 2417 1080 2490 ἀνιστᾷν,
1127 2421 1226 2473 καὶ
1279 2421 1558 2489 γλώσσαις
1589 2425 1796 2492 λαλεῖν,

167 2504 366 2575 σοφίας
416 2523 482 2560 τε
558 2509 658 2561 καὶ
711 2506 964 2577 γνώσεως
1023 2512 1313 2583 μετέχειν·
1357 2515 1393 2585 ἢ
1447 2517 1542 2570 καὶ
1603 2517 1797 2592 ὥσπερ

165 2594 310 2649 κατά
334 2596 401 2650 τὺ
441 2596 614 2669 σῶμα
644 2603 893 2667 φυσικοῖς
929 2601 1313 2675 αἰσθητηρίοις
1353 2608 1680 2679 κεχρήμεθα
1703 2611 1798 2665 τὸν

165 2686 408 2761 ἀριθμὸν
454 2691 646 2755 πέντε,
699 2691 845 2746 οὕτω
887 2712 988 2747 που
1033 2697 1175 2768 τάχα
1236 2696 1338 2770 τὴν
1391 2699 1502 2753 τῶν
1541 2703 1797 2771 ἀγγέλων

170 2780 334 2849 φύσιν
371 2782 550 2847 είκὸς,
582 2783 851 2855 δυνάμεσι
889 2786 1061 2852 θείαις
1088 2789 1198 2843 τισὶ
1235 2791 1330 2844 καί
1359 2808 1524 2846 τινων
1550 2795 1797 2866 παραδό-

165 2870 270 2942 ξων
301 2875 724 2946 ὲνεργητικαῖς,
767 2880 900 2948 ἡμῖν
937 2879 993 2934 δὲ
1058 2880 1396 2950 ἀγνώστοις,
1450 2885 1792 2957 κεχρῆσθαι⁶

167 2964 231 3030 ἃς
271 2965 339 3040 δὴ
374 2968 671 3040 πτέρυγας
713 2971 743 3023 ό
784 2970 940 3040 λόγος
982 2972 1273 3045 ὠνόμασεν
1299 2992 1312 3005 ·
1361 2977 1486 3030 ἐπεὶ
1525 2981 1622 3032 καὶ
1664 2979 1796 3053 περὶ

177 3059 275 3121 at?”
301 3062 533 3135 ἀνέμων
562 3063 812 3136 εῐρηται·
849 3085 868 3118 ι
905 3066 962 3121 ⁸0
999 3067 1330 3140 περιπατῶν
1365 3071 1460 3124 ἐπὶ
1487 3073 1789 3145 πτερύγων

176 3152 392 3225 ἀνέμων
413 3174 428 3186 ’
458 3175 478 3209 ι
512 3156 579 3210 οὐ
609 3156 832 3221 πάντως
855 3159 1237 3215 ἐκπιπτόντων
1265 3163 1425 3234 ἡμῶν
1463 3168 1560 3220 ἐπὶ
1589 3166 1664 3221 τὰ
1689 3185 1797 3222 σω-

179 3248 390 3316 ματικά
414 3250 708 3320 σχήματα,
732 3249 809 3312 ὡς
833 3249 942 3305 τῶν
968 3250 1190 3324 ἀνέμων
1224 3254 1426 3327 ὀρνέων
1465 3257 1624 3330 δίκην
1670 3277 1797 3314 πτε-

178 3340 566 3411 ρυσσομένων.

249 3449 268 3481 ι
295 3433 413 3486 Καὶ
452 3435 584 3498 ταῖς
626 3433 728 3505 μὲν
765 3435 883 3490 δυσὶ
914 3438 1328 3497 κατεκάλυπτον
1364 3440 1427 3494 τὸ
1468 3443 1788 3513 πρόσωπον,

1905 2239 2049 2294 inter
2075 2241 2346 2308 homines,
2381 2245 2563 2300 sancti
2618 2245 2734 2312 Dei,
2776 2246 3172 2306 charismatum
3208 2251 3501 2309 meliorum

1901 2333 2203 2402 participes
2239 2343 2424 2399 erant,
2449 2335 2524 2390 ita
2562 2346 2620 2390 ut
2651 2336 2837 2393 futura
2868 2343 3327 2408 pramuntiarent,
3357 2360 3504 2400 mor-

1902 2423 2003 2476 bos
2040 2432 2326 2488 curarent,
2367 2435 2618 2482 mortuos
2657 2429 3019 2497 suscitarent,
3081 2433 3362 2503 variisque
3395 2435 3504 2490 lin-

1902 2516 2024 2583 guis
2052 2513 2432 2585 loquerentur,
2466 2521 2738 2590 sapientia
2773 2531 2828 2577 et
2859 2523 3094 2578 scientia
3123 2524 3382 2582 in'structi
3419 2542 3504 2584 es-

1897 2617 2059 2674 sent;
2103 2618 2200 2662 aut
2227 2611 2692 2680 quemadmodum
2729 2615 3034 2670 secundum
3060 2630 3286 2688 corpus,
3339 2628 3503 2674 natu-

1898 2701 2106 2756 ratibus
2151 2701 2412 2758 sensibus
2467 2703 2677 2759 utimur
2725 2721 2954 2762 numero
2991 2708 3274 2779 quinque;
3333 2712 3408 2767 ita
3443 2721 3502 2769 et

1899 2794 2222 2864 angelorum
2260 2805 2519 2852 naturam
2569 2798 2776 2853 divinis
2814 2800 3170 2869 quibusdam,
3211 2819 3278 2860 ac
3318 2807 3492 2861 mira-

1896 2882 2089 2939 bilium
2159 2884 2532 2944 eﬂ’ectricibus
2598 2890 2898 2946 virtutibus
2969 2892 3280 2962 ignotisque
3339 2898 3500 2953 nobis

1896 2964 1974 3029 uti
2017 2976 2316 3032 verisimile
2350 2986 2459 3044 est,
2490 2993 2629 3050 quas
2660 2979 2874 3036 scilicet
2911 2979 3026 3038 alas
3067 2981 3352 3055 Scriptura
3403 3002 3502 3042 vo-

1930 3076 2007 3121 at.
2053 3067 2503 3140 Quandoquidem
2539 3072 2608 3127 de
2643 3074 2822 3126 ventis
2885 3075 3050 3128 etiam
3119 3075 3322 3131 dictum
3391 3088 3498 3144 est,

1900 3175 1920 3208 ι
1949 3156 2054 3224 Qui
2095 3158 2339 3214 ambulat
2391 3174 2557 3230 super
2602 3175 2810 3229 pennas
2861 3171 3149 3217 ventorum
3192 3163 3273 3231 “;
3323 3182 3342 3216 ι
3405 3167 3498 3220 ubi

1895 3264 1996 3304 nos
2035 3264 2146 3304 nou
2202 3249 2270 3305 ad
2310 3263 2606 3321 corporeas
2661 3251 2864 3322 ﬁguras
2925 3253 3293 3318 decurrimus,
3340 3257 3499 3325 quasi

1892 3341 2106 3397 scilicet
2142 3342 2316 3406 venti,
2343 3343 2516 3396 instar
2539 3342 2744 3407 avium,
2785 3343 2981 3413 pennis
3019 3345 3274 3400 instructi
3329 3347 3460 3400 sint.

1971 3451 1990 3485 ι
2045 3432 2113 3487 Et
2151 3434 2364 3490 duabus
2409 3435 2631 3506 quidem
2697 3438 2957 3508 tegebant
3006 3438 3225 3505 faciem,
3289 3440 3501 3495 duabus

178 3523 271 3576 καὶ
315 3529 443 3589 ταῖς
482 3525 612 3579 δυσὶ
665 3527 1074 3583 κατεκάλυπτον
1115 3533 1240 3595 τοὺς
1293 3531 1484 3597 πόδας,
1517 3509 1630 3588 ’καὶ
1668 3536 1788 3599 ταῖς

1897 3532 2079 3578 autem
2107 3523 2362 3579 velabant
2401 3524 2592 3595 pedes,
2649 3535 2710 3580 et
2761 3526 2976 3582 duabus
3013 3528 3291 3584 volabant.
3319 3548 3341 3583 ι
3385 3530 3500 3586 Fa-

177 3616 326 3673 δυσὶν
371 3617 672 3673 ὲπέταντο.
699 3637 718 3670 ι
767 3620 842 3674 Τὸ
896 3622 1188 3694 πρόσωπον
1232 3623 1414 3679 τοίνυν
1457 3626 1791 3692 ἐκάλυπτον,

176 3710 238 3764 οὐ
282 3710 347 3764 τὸ
391 3711 495 3764 τοῦ
542 3712 780 3782 Κυρίου,
810 3712 888 3777 ὡς
915 3715 984 3768 ἀν
1011 3715 1218 3788 οἰηθείη
1253 3735 1359 3782 τις,
1386 3719 1524 3775 ἀλλά
1559 3721 1626 3774 τὸ
1665 3722 1794 3775 ἑαυ-

177 3798 318 3857 τῶνο
360 3800 442 3864 ὡς
484 3801 565 3873 μὴ
596 3801 802 3874 τολμᾷν
844 3804 1034 3868 ἀτενὲς
1071 3807 1284 3878 ἀφορᾷν
1328 3809 1409 3873 είς
1447 3809 1510 3863 τὺ
1548 3809 1794 3882 θεωρού-

179 3908 360 3961 μενον.
424 3895 564 3946 «Διὸ
614 3893 792 3959 οὐδεὶς
835 3895 977 3965 ἔγνω
1013 3897 1107 3951 τὸν
1146 3899 1297 3964 Υἱὸν,
1335 3903 1384 3954 εί
1430 3901 1506 3973 μή
1556 3903 1722 3975 μόνος
1763 3905 1793 3958 ό

176 3987 454 4056 γεννήσας
503 3985 676 4039 αὑτὸν
728 3986 936 4060 Πατήρ.
967 4007 988 4040 ι
1045 3989 1383 4046 Ἐκάλυπτον
1434 3994 1493 4047 δὲ
1534 3996 1634 4052 καὶ
1661 3998 1792 4062 τοὺς

176 4077 369 4142 πόδας,
416 4071 488 4131 τὰ
533 4078 746 4147 ἔσχατα
797 4079 896 4149 τῆς
937 4081 1146 4145 οίκείας
1197 4085 1423 4156 πορείας
1469 4089 1564 4143 καὶ
1609 4088 1687 4155 ὡς
1723 4089 1792 4143 ἂν

177 4171 322 4225 εἴποι
348 4188 457 4235 τις,
484 4168 557 4222 τὰ
590 4168 814 4240 βήματα
858 4170 953 4228 τοῦ
987 4173 1104 4242 βίου
1138 4175 1236 4239 vi;
1267 4177 1493 4248 πράξεις
1535 4182 1794 4236 summ-

177 4260 362 4328 ζοντα,
414 4263 492 4333 μὴ
542 4260 888 4326 ἀκαλύπτοις
931 4266 1060 4319 ποσὶ
1116 4266 1197 4338 τῷ
1247 4269 1459 4324 ἑαυτῶν
1503 4275 1795 4346 παραστή-

177 4369 324 4408 κοιεν
360 4353 601 4425 βασιλεῖ.

252 4467 272 4500 ι
299 4448 416 4502 Καὶ
435 4448 754 4519 ὲκέκραγον
774 4448 958 4520 Ξτερος
986 4450 1121 4523 πρὸς
1141 4452 1348 4526 ἕτερον,
1376 4454 1588 4526 Ἀγιος,
1610 4458 1790 4529 ἅγιος,

177 4539 334 4607 ἅγιος
383 4538 600 4611 Κύριος
655 4539 882 4593 Σαϐαὼθ
909 4558 923 4572 ο
981 4543 1192 4616 πλήρης
1251 4549 1400 4601 πᾶσα
1457 4550 1492 4620 ἡ
1545 4550 1622 4621 γῆ
1687 4554 1790 4622 τῆς

177 4630 337 4700 δόξης
385 4629 581 4685 αὐτοῦ.
609 4649 629 4681 ι
671 4629 747 4682 Οὐ
797 4632 924 4702 μίαν
943 4633 1053 4707 γὰρ
1077 4637 1310 4706 ήφίεσαν
1339 4639 1543 4712 φωνὴν,
1572 4641 1697 4698 οὐδὲ
1723 4646 1790 4698 ἀο

177 4721 353 4796 θρόως
377 4723 519 4800 ὁμοῦ
544 4724 732 4776 πάντα
752 4729 905 4796 κοινῇ
931 4727 1135 4798 ταύτην
1159 4731 1496 4802 ἀνέπεμπον,
1527 4735 1646 4789 ἀλλ’
1670 4736 1791 4790 ἰτε-

179 4832 270 4887 ρον
311 4813 453 4887 πρδς
492 4815 559 4868 τὸ
599 4815 789 4883 ἕτερον
832 4819 1092 4887 ἐμφαῖνον
1123 4822 1184 4874 τὸ
1226 4823 1419 4877 ἑαυτοῦ
1450 4825 1662 4899 θαῦμα,
1693 4831 1789 4883 καὶ

183 4908 274 4978 τὴν
319 4907 597 4977 ἔκπληξιν
640 4905 742 4978 τὴν
781 4909 872 4962 ἐπὶ
913 4910 992 4982 τῷ
1039 4913 1430 4988 θεωρουμένῳ·
1482 4919 1687 4990 μᾶλλον
1730 4921 1788 4975 δὲ

183 4998 669 5071 δπερεξέπληττεν
695 5000 834 5054 αὑτά
860 5002 892 5073 ἡ
926 5003 1033 5057 ἀπὸ
1059 5006 1167 5060 τῶν
1202 5007 1553 5080 ὑψηλοτάτων
1580 5013 1676 5067 ἐπὶ
1719 5013 1788 5067 τὰ

178 5093 411 5146 ταπεινά
448 5091 763 5156 κατάϐασις
795 5093 889 5148 τοῦ
919 5095 1054 5150 Θεοῦ
1087 5099 1281 5169 Λόγου.
1327 5102 1663 5174 Ἑκὲκραγον
1692 5102 1790 5161 οὖν

175 5184 276 5254 οὐχ
312 5182 468 5248 ἅπαξ
501 5184 600 5236 τὸν
639 5185 914 5256 ἀγιασμὺν
952 5189 1138 5250 αὑτοῦ,
1170 5192 1305 5248 ἀλλὰ
1340 5197 1436 5249 καὶ
1479 5198 1748 5262 πολλάκις
1773 5217 1786 5232 ·

179 5275 386 5344 μᾶλλον
421 5275 482 5326 δὲ
521 5277 609 5338 είς
653 5275 1027 5350 ἀναρίθμητον
1064 5283 1157 5336 καὶ
1187 5286 1266 5349 είς
1297 5287 1549 5360 ἄπειρον,
1582 5293 1680 5344 καὶ
1712 5295 1794 5358 είς

176 5368 262 5422 ἀεὶ
309 5365 907 5439 ὑπερεκπληττόμενα.
933 5371 1244 5443 Προγνώσει
1289 5381 1470 5434 τοίνυν
1511 5381 1609 5436 τοῦ
1660 5385 1792 5455 μέλ-

175 5458 354 5525 λοντος
419 5456 890 5528 ὑαρεθαύμαζον
931 5461 1000 5516 τὰ
1051 5469 1313 5538 σεραφὶμ,
1359 5472 1475 5544 ὃδὴ
1524 5476 1622 5528 καὶ
1668 5477 1794 5530 ἀκο.

175 5552 373 5618 ὶοὺθως
402 5555 528 5616 τοῖς
569 5548 941 5621 θεσπίσμασιν
962 5557 1212 5622 ἐτελεῖτο,
1253 5564 1391 5631 μετὰ
1421 5564 1519 5630 τὴν
1559 5568 1642 5630 εις
1683 5569 1781 5620 ἀν-

173 5643 427 5718 θρώπους
469 5644 575 5698 τοῦ
615 5643 871 5716 Σωτῆρος
909 5648 1063 5719 ἡμῶν
1092 5655 1417 5722 παρουσίαν,
1453 5657 1543 5723 Ἐξ
1571 5659 1783 5712 ἐκείνου

233 5824 279 5857 ⁸⁸
307 5824 520 5883 Matth.
573 5839 626 5890 ν,
662 5821 714 5871 3-
800 5825 834 5854 ’⁸’
870 5827 906 5883 Γ
933 5846 1004 5884 in.
1039 5846 1134 5899 \‘Il,
1178 5834 1258 5888 l0.

1342 5836 1383 5866 “'
1423 5835 1564 5895 Psal.
1607 5851 1724 5904 cm,
1754 5842 1806 5897 3.

1896 3614 2038 3669 ciem
2064 3615 2250 3685 itaque
2288 3616 2569 3680 velabant.
2595 3632 2702 3671 non
2745 3617 2983 3680 Domini.
3025 3630 3085 3675 ut
3134 3621 3259 3690 quis
3301 3625 3496 3694 putet,

1895 3706 1992 3760 sed
2033 3720 2227 3761 suam:
2269 3709 2416 3778 quod
2457 3723 2564 3764 non
2602 3710 2867 3765 auderent
2895 3709 3168 3782 obiectam
3208 3729 3324 3768 rem
3364 3714 3503 3769 deii-

1894 3798 1982 3853 xis
2032 3799 2208 3855 oculis
2279 3801 2502 3856 intueri.
2572 3801 2802 3871 «Quare
2856 3819 3021 3860 nemo
3083 3806 3234 3861 novit
3276 3807 3497 3875 Filium,

1894 3889 2005 3945 nisi
2047 3893 2138 3960 qui
2179 3894 2368 3963 genuit
2405 3894 2582 3964 ipsum
2613 3893 2796 3951 Pater.
2823 3914 2844 3950 ι
2889 3894 3061 3953 Pedes
3100 3912 3319 3969 quoque
3357 3899 3500 3954 vela-

1893 3979 2061 4046 bant,
2107 3984 2316 4040 scilicet
2382 3995 2630 4041 extrema
2689 3989 3094 4058 progressionis
3149 4005 3285 4055 sua,
3331 4000 3387 4047 et
3436 4004 3500 4048 ut

1894 4073 2166 4144 quispiam
2209 4074 2429 4140 dixerit,
2466 4075 2593 4131 vitae
2618 4093 2865 4148 gressus,
2923 4094 3038 4150 quo
3074 4081 3322 4138 actiones
3363 4097 3499 4138 suas

1893 4164 2303 4230 iuumbrarent,
2337 4174 2398 4220 ut
2429 4181 2497 4220 ne
2539 4169 2700 4223 nudis
2740 4169 2969 4238 pedibus
3031 4172 3144 4243 regi
3201 4186 3301 4226 suo
3347 4183 3499 4230 asta-

1896 4266 2044 4312 rent.

1971 4467 2142 4521 Vens.
2189 4467 2242 4519 5.
2320 4485 2341 4519 ι
2387 4467 2454 4522 Ει
2515 4467 2832 4525 clamabant
2895 4471 3037 4528 alter
3104 4474 3172 4529 ad
3231 4474 3493 4544 alterum,

1894 4558 2151 4619 Sanctus.
2185 4569 2428 4625 sanctus,
2456 4571 2678 4617 sanctus
2721 4563 2983 4621 Dominus
3013 4564 3290 4624 Sabaoth:
3335 4571 3496 4641 plena

1892 4661 1980 4707 est
2028 4653 2206 4706 omnis
2259 4663 2402 4707 terra
2447 4655 2618 4724 gloria
2657 4653 2794 4724 ejus.
2828 4676 2847 4708 ι
2889 4657 3006 4714 Non
3068 4676 3232 4716 uuam
3292 4666 3494 4735 quippe

1892 4739 2216 4793 emittebant
2253 4754 2463 4806 vocem,
2493 4758 2668 4814 neque
2699 4761 2891 4803 omnes
2917 4749 3080 4805 simul
3133 4752 3276 4808 hanc
3305 4755 3493 4824 proie-

1821 4862 1868 4918 υ
1900 4832 2114 4897 rebant,
2138 4833 2232 4888 sed
2264 4833 2403 4887 alter
2443 4836 2510 4889 ad
2542 4835 2799 4906 alterum,
2862 4840 3288 4900 admirationem
3333 4861 3490 4902 suam

1897 4920 2246 4988 exhibentes.
2295 4939 2503 4980 necnon
2576 4938 2853 4998 stuporem
2906 4947 2975 4987 ex
3037 4935 3126 4990 tali
3178 4939 3492 5007 spectaculo

1899 5026 2224 5085 conceptum
2252 5037 2268 5085 ;
2304 5020 2411 5073 imo
2439 5021 2624 5089 potius
2664 5023 3128 5094 obstupescebant
3155 5030 3227 5086 ob
3261 5031 3493 5087 descen-

1896 5125 2016 5166 sum
2052 5109 2145 5168 Dei
2179 5113 2346 5169 Verbi
2385 5131 2451 5169 ex
2478 5117 2799 5172 celsissimis
2835 5119 2902 5173 ad
2947 5122 3193 5179 humilia.
3243 5123 3358 5180 Non
3400 5141 3493 5181 se-

1899 5198 2007 5254 mel
2040 5200 2243 5270 itaque,
2301 5219 2476 5272 neque
2515 5207 2716 5274 sapius
2752 5220 2960 5267 tantum
2999 5215 3489 5270 sanctificationem

1895 5293 2014 5361 ejus
2046 5293 2356 5350 clamabant
2379 5313 2392 5361 ;
2416 5299 2511 5352 sed
2544 5302 2595 5353 in
2640 5303 2914 5359 inﬁnitum
2947 5317 3158 5377 tempus
3186 5323 3253 5363 ac
3273 5323 3492 5377 semper

1898 5396 2123 5456 stupore
2183 5390 2421 5458 perculsi
2490 5395 2975 5467 vociferabantur;
3014 5416 3080 5456 ex
3133 5399 3300 5456 futuri
3357 5415 3493 5472 ergo

1898 5478 2242 5546 praescientia
2279 5483 2557 5551 serapliim
2597 5501 2944 5561 summopere
2972 5491 3487 5555 mirabanturillud,

1895 5569 2038 5637 quod
2097 5574 2335 5639 scilicet,
2375 5589 2778 5648 consequenter
2816 5586 2882 5638 ad
2906 5584 3186 5648 vaticinia,
3232 5593 3352 5652 post
3389 5584 3490 5635 sd-

1902 5675 2122 5722 ventum
2156 5668 2459 5726 Salvatoris
2493 5674 2665 5728 nostri
2715 5677 2783 5732 ad
2836 5677 3109 5739 homines,
3153 5673 3487 5743 completum
