4090 6428
1179 401 1691 464 ωιιιιειιτιιιιι
1727 400 1799 459 IN
1833 400 2094 459 ISMAI.
2136 432 2206 445 —
2440 398 2530 458 vi.

3391 392 3499 448 £50

177 529 430 606 βλιψιτι,
468 529 576 585 καὶ
614 527 682 584 οὐ
724 525 802 600 μὴ
830 524 998 596 ῐδητε.
1039 540 1063 576 ι
1113 521 1249 577 Τίνα
1276 522 1333 576 δι
1364 521 1654 592 sum;
1685 517 1806 590 βλι-

1910 517 2243 588 respicietis,
2290 528 2346 575 et
2384 534 2493 575 non
2539 518 2816 576 videbitis.
2849 535 2872 572 a
2931 513 3194 584 Quaenam
3247 510 3499 606 videntes

174 625 358 697 ᾴουοι,
406 623 517 678 καὶ
564 622 720 686 τίνος
769 619 906 691 dum
951 614 1298 679 ἀκούσονται,
1333 613 1396 668 οὐ
1425 611 1798 686 παρέστησεν·

176 717 305 792 ἡμῖν
328 713 676 772 καταλιπὼν
702 712 926 768 σκοπεῖν
952 712 1019 766 tat
1032 709 1136 782 τῆς
1146 707 1243 763 τοῦ
1269 708 1428 776 λόγου
1454 703 1800 770 ἀκολουθίας,

177 806 452 878 λεγούσης
486 807 606 870 δτι,
636 801 842 858 Τοῦτον
865 802 925 857 ὃν
957 801 1024 857 σὺ
1072 799 1326 855 τεθίασαι
1358 797 1586 871 Κύριον,
1617 796 1713 852 καὶ
1742 795 1804 851 δν

175 903 286 966 τοῖς
307 903 432 967 σοτς
458 898 779 971 ὀφθαλμοῐς
817 891 975 961 εἶδες,
1008 888 1056 950 ὦ
1101 892 1378 967 προφῆτα,
1404 891 1597 946 τοῦτον
1641 890 1738 946 καὶ
1773 892 1804 945 ό

176 991 303 1055 λαὸς
333 983 505 1056 οὗτός
536 1006 686 1044 ποτα
720 985 931 1058 δψεταιο
958 983 1100 1040 ἀλλά
1122 983 1218 1038 καὶ
1247 982 1348 1053 τῆς
1392 979 1578 1052 φωνῆς
1606 974 1680 1051 ἧς
1707 979 1803 1033 tul

178 1081 269 1138 τοῦ
309 1083 602 1156 παρόντος
633 1080 903 1152 ἀκήκοας,
933 1075 1302 1131 ιπακούσεται
1347 1070 1527 1145 καιρῷ
1556 1088 1665 1126 τινι
1706 1071 1803 1126 καὶ

182 1172 360 1237 αὐτὸς,
403 1175 472 1227 οὐ
501 1171 622 1244 μὴν
652 1170 750 1224 καὶ
777 1169 1020 1239 συνήσει,
1043 1165 1168 1220 οὐδι
1197 1163 1488 1234 γνώσεται,
1514 1164 1638 1218 οὑδὶ
1673 1162 1799 1234 βου-

179 1264 403 1338 λήσεται
458 1262 644 1320 αὐτοῦ
693 1261 794 1334 τὴν
829 1261 988 1333 χάριν
1033 1257 1461 1332 παραδέξασθαι.
1515 1256 1714 1327 Σαφῶς
1741 1256 1800 1311 δὲ

179 1353 266 1407 διὰ
294 1353 515 1408 τούτων
541 1351 649 1424 τὴν
679 1353 763 1416 εις
798 1346 1122 1422 ἀνθρώπους
1146 1345 1314 1401 αὑτοῦ
1343 1345 1650 1419 παρουσίαν
1677 1345 1801 1417 ἐδή-

181 1446 290 1500 λου.

251 1557 271 1592 ι
313 1535 654 1610 Ἐπαχύνθη
691 1534 803 1607 γάρ
840 1536 876 1607 ἡ
924 1533 1120 1606 καρδία
1147 1531 1244 1587 τοῦ
1280 1530 1413 1586 λαοῦ
1441 1531 1658 1596 τούτου,
1704 1530 1802 1584 καὶ

180 1635 290 1698 τοῖς
313 1633 456 1687 ὠσὶν
479 1629 676 1686 αὐτῶν
700 1629 911 1702 βαρέως
930 1627 1193 1699 ἥκουσαν,
1221 1625 1460 1689 καὶτοὺς
1487 1623 1801 1695 ὀφθαλμοὺς

182 1725 358 1781 αὐτῶν
403 1725 778 1796 ικάμμυσαν,
816 1721 1026 1792 μήποτε
1067 1717 1218 1774 τδωσι
1267 1720 1382 1780 τοῖς
1420 1715 1739 1786 ὀφθαλμοῖς.
1775 1734 1796 1767 ι

193 1816 252 1870 '0
285 1815 388 1886 μὶν
419 1812 543 1886 γάρ
570 1811 792 1883 Σωτὴρ,
819 1810 916 1864 άτε
947 1809 1064 1879 φῶς
1092 1807 1377 1879 ὑπάρχων,
1410 1807 1630 1861 πάντων
1656 1804 1801 1875 ἐφώ-

182 1879 301 1971 τιςὶ
334 1879 447 1970 τάξ
460 1879 689 1975 dum
722 1879 813 1966 ’ὡς
841 1901 938 1954 και
972 1899 1197 1970 τυφλοῖς
1238 1897 1301 1952 ea
1333 1897 1552 1969 βλέπειν
1581 1895 1803 1969 καριξι-
1833 1879 1877 1936 Β

185 1991 326 2050 σθαι·
374 1996 428 2049 oi
467 1994 532 2048 δὲ
561 1995 698 2058 τοὺς
722 1989 1034 2063 ὀφθαλμοὺς
1068 1988 1256 2061 lpuov,
1285 1987 1425 2043 ὥστε
1451 1987 1528 2062 μὴ
1561 1987 1802 2060 βλέπεινο

185 2089 277 2143 καὶ
302 2086 459 2143 οὕτω
493 2085 796 2157 βλέποντες
819 2085 920 2138 οὐκ
943 2081 1188 2137 ισλεπον.
1221 2082 1389 2136 Ὅταν
1447 2080 1556 2153 γάρ
1582 2097 1688 2144 τις,
1715 2081 1804 2133 ιν-

185 2181 446 2243 ατενίσας
463 2179 571 2233 καὶ
597 2174 844 2250 άκριδῶς
869 2175 1226 2247 θεασάμενος,
1247 2173 1496 2247 ὑπερίδῃ.
1513 2174 1608 2229 καὶ
1632 2189 1805 2227 κατα-

184 2273 437 2346 φρονήσῖὶ
462 2267 569 2324 τοῦ
600 2267 906 2340 δρωμένου,
952 2266 988 2338 ἢ
1041 2265 1192 2338 μύση
1235 2264 1306 2318 ’τὰ
1354 2265 1581 2336 appara
1629 2281 1805 2336 προσ-

186 2363 523 2436 ’λυπούμενος
571 2362 650 2434 μὴ
696 2359 1023 2432 ἑωρακέναι,
1056 2359 1178 2414 τότε
1208 2357 1420 2430 βλέπων
1444 2358 1546 2412 οὐκ
1575 2353 1705 2412 ciba.
1731 2357 1807 2412 Τὸ

190 2456 289 2528 μὲν
317 2453 418 2511 οὖν
446 2453 656 2528 βλέψαι
687 2451 930 2524 ὑπῆρξεν
972 2452 1160 2517 αὐτοῖς
1194 2452 1303 2506 ἀπὸ
1326 2451 1428 2522 τῆς
1459 2451 1683 2523 χάριτος
1708 2449 1805 2504 τοῦ

185 2547 474 2619 ὀφθέντος-
509 2547 578 2601 τδ
605 2546 666 2601 δὶ
707 2544 782 2618 μὴ
809 2545 939 2600 ίδεῖν
963 2543 1313 2618 συμϐέϐηκεν
1349 2545 1462 2599 άπὸ
1485 2543 1581 2598 τοῦ
1605 2544 1808 2608 αὐτοὺς

191 2638 359 2712 μῦσαι
380 2640 523 2703 τοὺς
546 2636 764 2692 ἑαυτῶν
782 2634 1116 2708 ὀφθαλμοὺς,
1140 2637 1236 2690 καὶ
1261 2636 1700 2708 προσποιηθῆναι
1730 2636 1807 2708 μὴ

192 2729 439 2801 βλέπειν.
467 2729 640 2784 υῦτω
663 2728 724 2783 δὲ
756 2729 851 2783 καὶ
873 2730 1014 2800 άκοῇ
1043 2728 1235 2782 ἀκούει
1262 2745 1369 2794 τις,
1396 2730 1492 2784 καὶ
1519 2729 1681 2784 πάλιν
1705 2729 1808 2783 οὐκ

188 2820 403 2875 άκούειο
437 2818 675 2875 ιπειδάν
703 2820 781 2893 μὴ
811 2822 942 2892 συνῇ
971 2820 1041 2875 τά
1082 2819 1373 2892 λεγόμενα,
1408 2820 1443 2892 ἢ
1478 2822 1608 2876 δταν
1631 2838 1810 2894 παρα-

191 2917 329 2987 κούῃ
372 2916 481 2969 καὶ
515 2915 838 2986 καταφρονῇ
879 2911 990 2967 τῶν
1034 2911 1367 2984 λεγομένων.
1417 2911 1716 2985 Συμδαίνει
1748 2913 1808 2968 δὲ

193 3005 373 3072 τοῦτο,
411 3007 650 3062 tum
699 3022 787 3070 τις
833 3005 904 3060 τά
948 2999 1063 3061 ὦτα
1109 3005 1308 3062 ἑαυτοῦ
1351 3006 1581 3081 βαρύνη,
1616 3006 1807 3081 ὥσπερ

193 3092 532 3166 ἀποφράξας
575 3093 676 3148 καὶ
706 3093 1090 3164 άποκωφὼσας
1137 3096 1300 3151 αὐτά.
1351 3095 1516 3151 Ταῦτ’
1554 3092 1650 3151 οὖν
1691 3097 1811 3151 ιπ-

1905 609 2196 676 videbunt,
2221 618 2278 666 et
2303 625 2559 682 quanam
2594 612 2781 666 auditu
2821 607 3069 671 audient,
3110 619 3219 660 non
3251 601 3500 658 declara-

1903 703 2007 767 vit,
2034 701 2090 758 id
2117 701 2582 759 considerandum
2627 702 2787 758 nobis
2815 699 3134 770 relinquens
3181 709 3246 750 ex
3283 705 3500 749 sermo-

1903 793 1992 848 nis
2029 792 2196 859 serie,
2218 807 2342 864 qua
2366 792 2451 850 sic
2476 792 2646 850 babet
2681 809 2696 845 :
2723 791 2898 860 Quem
2929 800 2987 845 ιιι
3030 785 3266 842 intueris
3303 782 3496 839 Domi-

1903 899 2056 950 num,
2089 894 2148 940 et
2187 899 2352 958 quem
2382 885 2518 957 ipsis
2553 885 2729 942 oculis
2763 883 2935 950 vides,
2963 896 2998 938 ο
3026 878 3315 953 propheta.
3349 877 3501 932 bunt:

1902 985 1959 1030 et
1983 976 2072 1032 bic
2103 977 2336 1048 populus
2360 977 2655 1048 aliquando
2678 974 2888 1030 videbit
2912 989 2930 1040 ;
2962 972 3061 1029 sed
3083 971 3251 1026 etiam
3281 982 3498 1030 vocem,

1903 1083 2068 1138 quam
2111 1079 2166 1124 tu
2202 1069 2258 1125 in
2312 1069 2570 1141 presenti
2633 1067 2920 1131 audivisti,
2974 1072 3032 1122 et
3086 1065 3204 1134 ipse
3255 1060 3494 1132 quodam

1903 1171 2149 1232 tempore
2179 1162 2365 1218 audiet
2397 1180 2413 1216 :
2445 1175 2624 1233 neqpe
2652 1170 2838 1217 tamen
2871 1157 3134 1224 intelliget
3175 1156 3264 1210 vel
3295 1166 3504 1224 cogno-

1902 1263 2016 1310 scet
2044 1295 2063 1322 ,
2119 1268 2297 1324 neque
2366 1255 2601 1326 gratiam
2667 1253 2788 1322 ejus
2843 1249 3126 1321 suscipere
3175 1248 3347 1303 volet.
3408 1243 3504 1300 llis

1903 1356 2090 1402 autem
2146 1355 2338 1416 aperte
2395 1361 2557 1402 suum
2610 1345 2678 1400 ad
2734 1344 2988 1401 homines
3021 1343 3320 1399 adventum
3355 1338 3505 1394 indi-

1902 1438 2088 1495 cabat.

1979 1529 2148 1586 Vitas.
2190 1529 2278 1588 ιο.
2345 1547 2367 1584 ι
2395 1530 2771 1602 Aggravatum
2829 1539 2914 1586 est
2972 1529 3120 1584 enim
3167 1542 3265 1584 cor
3317 1512 3502 1598 populi

1906 1620 2090 1692 huius,
2135 1635 2194 1680 et
2223 1622 2454 1680 auribus
2505 1623 2751 1695 graviter
2802 1621 3138 1684 audierunt,
3198 1629 3259 1676 et
3308 1617 3504 1676 oculos

1904 1729 2035 1769 suos
2062 1714 2415 1781 clauserunt,
2473 1731 2542 1772 ne
2596 1715 2740 1771 forte
2793 1714 3016 1769 videant
3065 1711 3260 1768 oculis.
3291 1726 3314 1764 a
3363 1705 3502 1764 Nam

1907 1804 2163 1862 Salvator
2209 1807 2436 1877 quidem
2469 1817 2680 1873 uoster,
2724 1806 2909 1862 lumen
2939 1819 3063 1859 cum
3107 1804 3202 1870 sit,
3257 1803 3502 1858 omnium

1909 1897 2124 1953 animas
2151 1896 2520 1964 illuminavit,
2570 1899 2647 1954 ita
2687 1907 2748 1952 ut
2785 1905 2842 1953 et
2867 1896 3033 1954 cacis
3059 1895 3240 1950 visum
3272 1892 3507 1965 largire-

1910 1997 2042 2052 ut;
2101 1985 2176 2041 illi
2209 2001 2342 2042 vero
2367 1986 2560 2045 oculos
2599 1987 2951 2050 claudebant,
2987 1995 3051 2041 ut
3077 2000 3188 2042 non
3218 1983 3503 2050 viderent;

1907 2089 2072 2149 atque
2111 2079 2193 2135 sic
2237 2077 2487 2136 videntes
2540 2095 2650 2135 non
2705 2079 2988 2136 videbant.
3025 2077 3162 2134 Cum
3201 2077 3349 2133 enim
3380 2090 3507 2147 quis

1907 2171 2185 2239 intuitus,
2233 2182 2291 2228 et
2341 2187 2402 2229 re
2451 2181 2750 2247 conspecta
2816 2172 3126 2244 diligenter,
3177 2185 3294 2226 rem
3326 2170 3504 2225 visam

1907 2265 2143 2336 despicit
2188 2275 2246 2320 et
2284 2268 2618 2330 contemnit,
2676 2281 2743 2323 ac
2778 2265 2986 2322 claudit
3035 2264 3250 2331 oculos,
3281 2278 3345 2320 se
3393 2279 3504 2320 non

1907 2355 2099 2410 videre
2131 2353 2435 2424 simulans;
2471 2367 2601 2431 tunc
2631 2356 2961 2428 respiciens,
3008 2370 3122 2412 non
3151 2356 3309 2411 vidit.
3347 2352 3506 2423 Quod

1908 2449 2079 2521 igitur
2112 2449 2387 2516 viderent,
2436 2450 2492 2505 id
2533 2465 2601 2506 ex
2646 2451 2828 2522 gratia
2883 2450 3005 2521 ejus
3043 2450 3140 2522 qui
3192 2450 3506 2515 videbatur,

1910 2543 2044 2613 ipsis
2076 2542 2288 2610 inerat;
2330 2543 2475 2613 quod
2509 2555 2694 2601 autem
2746 2561 2854 2601 non
2915 2546 3189 2611 viderent,
3251 2545 3304 2599 id
3337 2558 3406 2599 ex
3439 2559 3507 2598 eo

1909 2635 2165 2691 veniebat
2193 2638 2339 2707 quod
2359 2637 2554 2693 oculos
2579 2637 2941 2703 clauderent,
2988 2649 3046 2694 et
3077 2653 3140 2695 se
3173 2653 3282 2693 non
3316 2637 3508 2693 videre

1908 2726 2262 2782 simularent.
2299 2727 2378 2783 lta
2408 2728 2621 2798 pariter
2648 2729 2776 2798 quis
2807 2728 2996 2784 auditu
3033 2727 3208 2794 audit,
3233 2736 3290 2786 et
3322 2739 3507 2784 tamen

1909 2832 2020 2872 non
2064 2820 2258 2886 audit;
2315 2820 2538 2891 quando
2571 2833 2635 2874 ea
2687 2835 2810 2890 qua:
2843 2821 3105 2876 dicuntur
3144 2837 3252 2877 non
3300 2821 3509 2876 intelli-

1909 2911 2033 2982 git,
2069 2921 2165 2968 aut
2194 2928 2319 2968 cum
2347 2913 2512 2969 dictis
2543 2928 2652 2968 non
2685 2913 3066 2983 obtemperat,
3103 2927 3281 2983 eaque
3325 2914 3508 2984 despi-

1909 3003 2007 3059 cit.
2061 3002 2179 3060 Hoc
2209 3005 2703 3075 porrocontingit,
2755 3019 2880 3061 cum
2911 3004 3036 3074 quis
3063 3020 3228 3060 aures
3249 3019 3382 3061 suas
3407 3021 3506 3078 ag-

1910 3106 2124 3166 gravat,
2180 3111 2275 3153 eas
2331 3098 2490 3168 quasi
2551 3098 2818 3154 obturans
2875 3108 2930 3154 et
2984 3097 3181 3153 surdas
3235 3097 3503 3153 eﬂlciens.

199 3182 319 3239 σθαι
347 3185 484 3254 περὶ
514 3184 615 3238 τὸν
642 3183 754 3240 τῶν
785 3185 1054 3242 Ἰουδαίων
1075 3187 1205 3244 λαὸν
1230 3190 1264 3260 ἡ
1293 3188 1446 3262 φωνὴ
1474 3189 1568 3242 τοῦ
1597 3189 1806 3262 Κυρίου

1913 3183 2041 3240 Htec
2064 3185 2232 3257 igitur
2258 3183 2489 3242 Iudaico
2511 3186 2712 3258 popqu
2750 3186 2934 3242 futura
2978 3201 3124 3255 esse,
3151 3203 3257 3243 vox
3290 3188 3508 3245 Domini

197 3275 514 3333 ιθόσπισεν.
563 3275 902 3350 Ἐπληροῦτο
929 3279 987 3334 δι
1027 3279 1095 3335 τὸ
1127 3279 1289 3353 ἔργον
1331 3281 1423 3334 ini
1452 3281 1553 3352 τῆς
1576 3279 1673 3334 τοῦ
1702 3280 1808 3335 Σω-

1914 3280 2264 3335 vaticinatur.
2297 3279 2582 3350 impletum
2616 3292 2800 3334 autem
2843 3279 2976 3334 illud
3017 3279 3122 3336 fuit
3171 3281 3226 3335 in
3266 3283 3508 3338 adventu

197 3367 360 3441 τῆρος
393 3371 565 3443 ἡμῶν
600 3369 918 3442 ιπιδημίας,
959 3373 1080 3427 καθ’
1109 3373 1199 3445 ἢν,
1235 3373 1482 3444 παρόντα
1519 3373 1684 3426 αὑτὸν
1711 3374 1809 3443 όφ-

201 3460 428 3534 θαλμοῖς
450 3462 721 3535 δρῶντες,
746 3463 847 3517 οὐκ
867 3463 1114 3529 εδλιπον,
1146 3465 1246 3519 καὶ
1265 3463 1590 3520 διδάσκοντα
1621 3464 1690 3519 τὰ
1715 3483 1810 3537 pu-

200 3554 402 3627 στήρια
427 3556 537 3627 τῆς
569 3553 847 3625 βασιλείας
871 3557 932 3610 οὐ
964 3558 1224 3630 συνῆκαν.

274 3664 293 3696 ι
325 3645 456 3730 Καὶ.
493 3641 655 3702 εῐπα·
707 3647 854 3712 Ἕως
879 3648 1033 3716 πότε,
1065 3649 1278 3722 Κύριε;
1318 3650 1430 3705 Καὶ
1453 3645 1626 3707 εἷπενο
1663 3651 1810 3718 Ἕως

203 3736 269 3793 ἃν
290 3739 639 3812 ιρημωθῶσι
656 3739 861 3810 πόλεις,
886 3761 906 3794 ι
943 3744 1038 3798 καὶ
1063 3743 1132 3798 τά
1155 3741 1306 3815 ἑξῆς.
1340 3744 1453 3799 Καὶ
1477 3744 1642 3818 μέχρι
1665 3743 1811 3810 τίνος

203 3831 516 3906 παρατείνῃ
543 3832 611 3886 τὸ
636 3831 1012 3906 άρῤώστημας
1049 3835 1160 3889 Καὶ
1188 3834 1368 3907 ιρωτᾷ
1385 3835 1580 3906 λέγων’
1613 3854 1632 3889 ι
1663 3836 1811 3900 Ἕως

203 3924 356 3988 πότε,
377 3925 597 3998 Κύριες
625 3943 644 3976 ι
664 3925 719 3979 τί
748 3927 857 3999 γὰρ
872 3926 1026 3982 ἔσται
1051 3926 1207 3993 τέλος
1227 3928 1330 4001 τῆς
1357 3929 1617 4002 τοιαύτης
1633 3928 1811 3984 αὐτῶν

204 4015 473 4087 άσλεψίας
503 4016 625 4088 (i3)
648 4033 664 4083 ;
703 4016 964 4090 Σημαίνει
986 4016 1082 4075 οὖν
1099 4019 1190 4076 διὰ
1216 4021 1424 4076 τούτων
1447 4022 1547 4094 τὴν
1562 4020 1814 4077 επελθοῦ-

206 4123 303 4161 σαν
319 4107 556 4180 πρώτην
585 4107 696 4162 ὑπὸ
731 4106 1015 4181 Ῥωμαίων
1035 4110 1114 4184 τῷ
1128 4111 1282 4184 τόπῳ
1306 4111 1644 4186 πολιορκίαν,
1673 4111 1814 4184 μετὰ

203 4202 274 4258 τά
294 4203 446 4259 κατὰ
466 4203 569 4258 τοῦ
593 4202 848 4277 Σωτῆρος
877 4205 1060 4270 αὐτοῖς
1078 4205 1444 4279 τολμηθέντα,
1471 4206 1594 4262 καθ’
1614 4207 1681 4280 ἢν
1702 4205 1812 4260 τῶν

217 4296 492 4351 Ἰουδαίων
516 4293 774 4350 πλεῖσται
798 4294 982 4360 πόλεις
1005 4297 1097 4351 ἐπὶ
1124 4297 1528 4370 αὐτοκράτορος
1555 4299 1810 4352 Οὐεσπα-

209 4388 394 4443 σιανοῦ
437 4386 744 4464 annibalem.
769 4387 996 4459 ἀφανεῖς
1019 4389 1302 4454 παντελῶς
1327 4390 1690 4463 κατέστησαν⁵
1734 4389 1813 4455 ὡς

208 4482 342 4554 μηδὲ
371 4483 612 4555 μνήμην
635 4478 816 4535 αὐτῶν
846 4480 983 4554 μηδι
1005 4481 1176 4555 ὄνομα
1201 4481 1630 4556 περιλείπεσθαι.
1655 4482 1814 4538 οὕτω

1910 3371 2218 3426 Salvatoris
2243 3372 2447 3436 nostri,
2475 3387 2606 3441 quo,
2643 3372 2773 3426 dum
2797 3382 3123 3442 prasentem
3151 3373 3301 3426 illum
3330 3374 3509 3429 oculis

1909 3472 2222 3529 cernerent,
2271 3479 2382 3519 non
2434 3463 2726 3531 videbant,
2784 3474 2841 3520 et
2901 3463 3194 3521 docentem
3245 3469 3510 3536 mysteria

1911 3556 2087 3626 regni,
2117 3570 2223 3610 non
2251 3555 2650 3628 intelligebaut.

1983 3651 2152 3707 Vns.
2211 3651 2303 3707 ll.
2369 3650 2486 3707 «Et
2544 3650 2679 3715 disi,
2738 3650 3058 3724 Usquequo,
3116 3653 3384 3710 Domine?
3442 3655 3513 3713 Et

1910 3741 2072 3807 dixit,
2103 3742 2287 3798 Donec
2328 3739 2648 3797 desolentur
2680 3741 2961 3806 civitates,
2992 3761 3012 3794 ι
3042 3753 3154 3798 etc.
3190 3743 3258 3797 Et
3307 3758 3513 3814 usque-

1911 3852 2019 3908 quo
2049 3835 2266 3892 durabit
2292 3833 2628 3890 inﬁrmitas?
2654 3831 2966 3906 lnterrogat
2990 3836 3202 3901 dicens,
3239 3853 3259 3888 ι
3286 3833 3479 3908 Usque

1913 3941 2048 3998 quo.
2077 3927 2353 3984 Domine?
2387 3945 2406 3979 ι
2439 3927 2564 3996 quis
2597 3927 2744 3981 enim
2763 3926 2888 3982 ﬁnis
2912 3928 3019 3981 erit
3051 3926 3364 3996 httjusmodi
3389 3931 3513 3984 illo-

1914 4034 2035 4073 rum
2077 4019 2388 4075 czcitatis?
2432 4017 2533 4074 His
2583 4018 2730 4074 enim
2795 4008 3070 4087 signiﬁcat
3123 4021 3360 4090 primam
3407 4023 3515 4078 sub

1914 4109 2180 4166 Romanis
2213 4109 2457 4166 futuram
2507 4109 2612 4166 loci
2663 4109 3031 4180 obsidionem,
3079 4121 3204 4182 post
3245 4112 3392 4168 edita
3443 4117 3515 4170 ab

1913 4201 2051 4274 ipsis
2083 4213 2273 4258 contra
2304 4201 2650 4259 Salvatorem
2682 4202 2935 4259 facinora
2967 4221 2982 4259 :
3009 4219 3118 4274 qua
3169 4204 3355 4260 multa
3407 4205 3512 4262 Ju-

1915 4295 2158 4352 daorum
2181 4295 2438 4357 civitates
2466 4297 2569 4352 sub
2600 4293 2943 4366 Vespasiano
2967 4297 3306 4368 imperatore
3329 4308 3516 4353 vasta-

1919 4398 2007 4453 ιε,
2038 4387 2155 4444 solo
2199 4388 2424 4460 penitus
2462 4399 2696 4459 cquata
2729 4399 2892 4456 sunt,
2948 4389 3024 4444 ita
3067 4399 3127 4444 ut
3171 4404 3364 4445 carum
3412 4406 3516 4446 nec

1916 4481 2184 4536 memoria
2238 4495 2340 4538 nec
2387 4495 2590 4538 nomen
2654 4480 3077 4552 relinqueretur.
3135 4479 3272 4537 Cum
3327 4493 3514 4538 autem

208 4587 324 4638 πως
357 4575 465 4646 ιρη
472 4573 610 4644 μίαν
640 4571 878 4643 παντελῆ
937 4573 1402 4645 προαγορεύοντος
1462 4573 1555 4629 τοῦ
1611 4573 1773 4643 λόγου
1795 4613 1809 4638 ,

1918 4573 2293 4630 omnimodam
2339 4571 2738 4628 desolationem
2779 4588 2962 4631 sermo
2994 4573 3292 4646 signiticet,
3329 4577 3514 4630 contio

210 4665 524 4740 ιπληρσῦτο
546 4665 608 4719 δὶ
633 4664 730 4718 καὶ
751 4662 890 4737 αὕτη
917 4665 1060 4720 κατὰ
1086 4667 1216 4730 τοὺς
1255 4666 1535 4741 Ἀδριανοῦ
1569 4666 1814 4740 χρόνους,

211 4759 327 4814 καθ’
354 4758 456 4824 οὓς
483 4756 757 4827 δευτέραν
785 4757 1179 4830 ὑπομείναντες
1216 4757 1456 4813 Ἰουδαῖοι
1476 4757 1814 4830 πολιορκίαν,

211 4853 289 4917 είς
316 4851 487 4907 τοῦτο
514 4849 582 4904 τὸ
627 4847 800 4904 κακὸν
825 4849 1213 4924 πιριόστησαν,
1253 4850 1330 4915 ὡς
1369 4851 1555 4922 νόμοις
1584 4851 1679 4905 καὶ
1703 4849 1820 4904 δια-

209 4944 492 5019 τάγμασιν
519 4943 1012 5016 αὖτοκρατορικοτς
1039 4943 1176 5017 μηδι
1206 4941 1268 5009 ιξ
1292 4944 1539 4998 ἀπόπτου
1564 4941 1665 5016 τὴν
1693 4943 1820 5016 ὲρη·

214 5033 340 5103 μίαν
362 5033 474 5105 τῆς
499 5029 723 5085 ἑαυτῶν
743 5030 1123 5105 μητροπόλεως
1152 5031 1378 5105 θεωρεῖν
1398 5032 1811 5106 ἐπιτρέπεσθαι.

283 5146 304 5181 ι
348 5129 472 5183 Καὶ
501 5125 650 5200 μετὰ
679 5125 854 5182 ταῦτα
903 5130 1171 5202 μακρυνετ
1196 5128 1226 5182 ό
1257 5127 1390 5193 Θεὸς
1419 5130 1549 5194 τοὺς
1597 5126 1813 5200 ἀνθρώ-

215 5237 369 5289 πως,
400 5219 506 5275 καὶ
529 5219 583 5274 oi
614 5217 1065 5290 καταλιιφθίντες
1085 5218 1559 5292 πληθυνθήσονται
1589 5222 1683 5274 ἐπὶ
1711 5225 1813 5296 τῆς

210 5312 330 5386 τῆςο
365 5312 488 5369 καὶ
521 5311 602 5366 δῖ’
637 5306 727 5365 δέ’
765 5311 934 5384 αὐτῆς
979 5315 1094 5368 ἔστι
1127 5314 1192 5369 τὸ
1229 5313 1567 5371 ιπιδέκατον.
1611 5336 1630 5368 ι
1666 5315 1812 5387 Σύμ-

216 5422 385 5479 μαχος
423 5405 671 5472 tetidem:
690 5420 705 5434 °
746 5423 766 5457 t
811 5405 1044 5478 Μακράν
1070 5407 1294 5479 ποιήσει
1327 5406 1532 5480 Κύριος
1558 5407 1687 5472 τοὺς
1718 5409 1813 5461 άν-

214 5495 490 5570 θρώιιους.
551 5515 573 5549 ι
613 5495 880 5568 Σημαίνει
916 5495 1028 5568 γάρ
1059 5497 1090 5550 ό
1120 5495 1278 5566 λόγος
1321 5495 1409 5550 διὰ
1448 5496 1550 5567 τῆς
1598 5495 1814 5550 τοιᾶσδε

211 5591 323 5652 τοῦ.
347 5612 365 5644 ι
389 5591 700 5664 μακρυνεῖ,
728 5584 1266 5662 ιἰρμηνείας,ῆγουν
1278 5585 1395 5653 τοῦ,
1415 5605 1435 5640 ι
1459 5586 1679 5659 μακράν
1692 5604 1816 5642 ποι-

214 5681 354 5755 ήσει,
389 5704 411 5738 ι
434 5683 510 5756 ἢν
556 5678 710 5735 κατὰ
736 5678 828 5733 τδν
864 5680 1024 5736 αὑτὸν
1055 5680 1251 5754 χρόνον
1290 5679 1590 5752 ὑπέμειναν
1609 5680 1814 5751 αἰχμα-

1918 4666 1998 4737 git
2024 4675 2080 4720 et
2105 4665 2194 4720 illa
2225 4662 2453 4720 Adriani
2515 4674 2786 4737 tempore,
2823 4681 2949 4722 cum
2983 4663 3181 4734 Judaei,
3215 4669 3514 4723 secundum

1917 4758 2061 4830 passi
2109 4757 2474 4822 obsidionem,
2536 4757 2592 4813 in
2641 4767 2855 4814 tantum
2895 4757 3230 4815 calamitatis
3278 4758 3518 4816 devene-

1916 4861 2066 4916 runt,
2091 4860 2150 4904 ut
2180 4849 2395 4922 legibus
2434 4859 2490 4905 et
2525 4848 2700 4919 jussis
2741 4851 3150 4921 imperatoriis,
3184 4866 3253 4906 ne
3287 4852 3516 4924 quidem

1918 4943 2107 5014 procul
2143 4941 2466 5012 metropolis
2508 4956 2623 4998 sum
2659 4943 2978 4998 vastitatem
3011 4944 3335 5014 conspicere
3381 4961 3512 5016 pcr-

1925 5033 2297 5114 mitterentur.

1997 5125 2162 5183 Vens.
2206 5127 2294 5182 l2.
2342 5146 2362 5181 t
2395 5126 2462 5182 Et
2508 5137 2697 5197 postea
2744 5128 3026 5200 elongabit
3060 5128 3202 5185 Deus
3238 5130 3511 5198 homines,

1921 5227 1978 5275 et
2011 5221 2106 5290 qui
2148 5219 2322 5276 relicti
2369 5221 2579 5275 fuerint
2621 5219 3139 5291 multiplicabuntur
3191 5237 3356 5292 super
3403 5233 3516 5278 ter-

1925 5327 2062 5366 ram.
2095 5313 2162 5368 Et
2189 5313 2371 5370 adhuc
2404 5329 2570 5386 super
2599 5330 2722 5370 eam
2755 5323 2840 5370 est
2871 5316 3183 5371 decimatio.
3209 5335 3230 5369 »
3264 5317 3520 5388 Symma-

1920 5405 2060 5461 chus
2101 5406 2307 5472 cdidit,
2369 5425 2389 5460 t
2419 5407 2607 5480 Longe
2655 5406 2826 5464 faciet
2869 5408 3132 5464 Dominus
3187 5408 3460 5466 homines.
3492 5431 3514 5466 ι

1923 5497 2038 5554 Hac
2088 5498 2581 5570 interpretatione,
2645 5518 2664 5551 ι
2696 5499 3015 5572 elongabit,
3051 5522 3071 5556 ι
3137 5501 3254 5558 sive
3313 5520 3332 5553 t
3361 5500 3522 5572 longe

1921 5588 2108 5654 faciet,
2141 5611 2160 5645 ι
2191 5591 2394 5648 indicat
2425 5593 2708 5663 Scriptura
2746 5594 3123 5665 captivitatem
3153 5592 3324 5658 illam,
3354 5609 3520 5662 quam

1922 5697 1991 5739 eo
2023 5683 2139 5753 ipso
2168 5693 2414 5757 tempore
2443 5685 2732 5744 multitudo
2775 5685 3014 5743 Iudaica-
3039 5685 3220 5758 gentis
3258 5698 3518 5756 perpessa

279 5866 395 5942 (ιδ)
437 5865 582 5924 Bac
619 5862 754 5919 item
797 5862 850 5916 in
889 5859 1206 5935 Hieronymi
1242 5858 1672 5932 Commentario,
1721 5860 1814 5920 sed
1851 5859 2124 5935 pluribus.
