4090 6414
625 431 719 487 131

1288 415 1560 474 ευεεειι
1597 400 2083 470 ΟᾹΞΔΚΙΕΝΞΙΞ
2120 398 2271 456 ΟΡΡ.
2312 396 2496 455 PARS
2530 396 2621 453 Ill.
2662 424 2731 435 —
2768 389 3183 447 EXEGETICA.

3770 377 3874 431 15‘!

623 562 730 613 est,
760 560 968 603 necnon
1007 537 1398 609 dispersinncm
1431 533 1576 586 illam
1610 544 1740 599 qua,
1768 526 1894 581 dum
1922 518 2179 578 instanti-

2287 516 2483 570 λωσίαν
2529 513 2590 567 τδ
2644 508 2849 579 πλῆθος
2896 506 2991 559 τοῦ
3058 503 3326 560 Ἰουδαίων
3381 500 3583 563 ἔθνους,
3631 498 3725 552 καὶ
3784 493 3876 546 τὸν

2288 606 2309 613 -
2474 605 2497 613 ι
2618 603 2630 613 -
2704 600 2725 613 -
2796 598 2821 613 .
2979 596 3031 613 .,
3078 596 3105 613 ι.
3304 592 3570 613 νμηηηη,
3611 588 3716 613 Α,
3747 591 3835 613 ,__

626 642 728 696 bns
756 632 1161 691 calamitatibus
1200 643 1260 682 se
1299 628 1662 695 proriperent,
1698 615 1996 686 disgregati
2034 618 2180 667 sunt.

626 751 645 782 ι
683 727 899 784 Residui
955 733 1081 779 vero
1134 716 1635 786 multiplicabuntur
1665 724 1835 778 super
1878 716 2079 760 terram
2112 720 2131 753 ι
2165 717 2180 754 :

620 822 712 875 alii
737 820 947 874 scilicet
978 832 1006 871 a
1039 814 1246 884 primis.
1269 809 1370 863 Tot
1401 816 1579 860 autem
1612 814 1843 855 numero
1870 798 1969 866 ipsi
2001 802 2181 856 erunt,

620 923 705 975 ut,
750 927 869 965 cum
905 908 1091 979 primis
1117 900 1436 972 comparati,
1468 894 1649 951 multis
1686 891 1930 963 partibus
1964 886 2179 942 illorum

622 1002 1022 1058 multitudinem
1053 1002 1331 1065 superent.

1212 1167 1441 1226 CAPUT
1485 1164 1587 1221 VII.

688 1270 848 1324 Vens.
892 1265 1006 1321 {-3.
1053 1282 1072 1317 ι
1103 1264 1167 1317 Ει
1214 1263 1417 1317 factum
1449 1268 1534 1313 est
1560 1258 1613 1311 in
1640 1254 1828 1311 diebus
1862 1252 2045 1306 Acha:
2087 1247 2182 1302 iilii

618 1360 908 1419 Joatliam,
966 1354 1061 1409 lilii
1100 1352 1248 1408 Ozia
1278 1351 1419 1421 regis
1465 1346 1601 1402 Juda
1630 1387 1646 1408 ,
1692 1343 1935 1399 ascendit
1980 1339 2183 1395 Baasin

618 1466 714 1505 rex
744 1450 932 1511 Aram,
975 1456 1031 1502 et
1082 1444 1294 1499 Phacee
1341 1440 1483 1494 ﬁlius
1519 1435 1779 1492 Romelia
1807 1448 1903 1487 rex
1932 1429 2099 1485 Israel
2128 1430 2184 1484 in

615 1539 941 1606 Jerusalem,
1002 1535 1068 1591 ad
1118 1532 1471 1605 praliandum
1524 1536 1710 1584 contra
1764 1539 1927 1580 eam:
1965 1531 2022 1578 et
2077 1533 2183 1576 non

615 1640 913 1702 potuerunt
961 1628 1211 1683 obsidere
1253 1640 1396 1679 eam.
1454 1622 1521 1677 Et
1567 1618 1959 1673 nuntiaverunt
2000 1609 2183 1668 domui

618 1723 789 1779 David
821 1723 1103 1778 dicentes:
1131 1716 1610 1773 ConseusitAram
1646 1724 1768 1763 cum
1810 1705 2086 1777 Epliraim,
2132 1712 2187 1757 et

617 1815 919 1884 stupefacta
966 1820 1050 1865 est
1100 1809 1281 1863 anima
1326 1806 1467 1877 ejus,
1516 1813 1571 1857 et
1618 1802 1795 1854 anima
1835 1796 2015 1868 populi
2043 1796 2183 1864 ejus,

2282 603 2673 673 διασκεδασμὸν
2701 600 2761 653 ὃν
2792 596 3249 667 διεσκεδάσθησαν
3280 592 3570 664 φεύγοντες
3610 588 3716 653 τὰς
3744 591 3871 642 ἐπι-

2283 698 2539 770 κειμένας
2568 695 2751 756 αὐτοῖς
2782 689 3085 761 συμφοράς.
3122 708 3141 739 ι
3181 688 3291 742 Καὶ
3325 687 3373 739 οἱ
3410 679 3872 750 καταλειφθέντες

2280 788 2339 845 δὲ
2372 786 2836 861 πληθυνθήσονται
2864 783 2956 836 ἐπὶ
2985 780 3088 849 τῆς
3118 780 3221 850 γῆς
3240 796 3255 809 ο
3303 797 3322 830 ι
3356 776 3533 847 ἕτεροι
3559 774 3713 836 ὅντες
3758 770 3870 861 τῷν

2283 884 2585 955 προτέρων.
2618 874 2874 933 Τοσοῦτοι
2918 874 2976 927 δὲ
3002 868 3147 926 οὗτοι
3180 870 3414 932 ἔσονται,
3446 867 3543 933 ὡς,
3579 860 3867 936 παραϐαλ-

2280 951 2543 1045 λομένους
2567 970 2763 1033 αὐτοὺς
2790 970 2904 1031 τοῖς
2934 963 3203 1038 πρώτοις,
3237 957 3698 1032 πολλοστημόριον
3726 951 3870 1008 εἶναι

2282 1062 2596 1135 νομίζεσθαι
2621 1059 2715 1114 τοῦ
2741 1058 2967 1114 ἐκείνων
2993 1054 3250 1126 πλήθους.

2814 1146 3210 1204 ΚΕΟΛΛΔΙΟΝ
3256 1147 3329 1199 Ζ’.

2360 1266 2379 1300 ι
2410 1247 2521 1300 Καὶ
2548 1244 2763 1314 ἐγένετο
2782 1258 2838 1295 εν
2861 1244 2980 1303 ταῖς
3006 1238 3241 1310 ἡμέραις
3276 1234 3445 1306 ’Δχὰζ
3468 1234 3561 1290 τοῦ
3600 1234 3867 1308 amp,

2281 1340 2377 1395 τοῦ
2398 1335 2514 1393 υἱοῦ
2551 1337 2722 1402 Ὀζίου
2750 1333 3015 1406 βασιλέως
3050 1330 3241 1393 Ἰούδα,
3276 1327 3443 1399 ἀνέϐη
3481 1327 3743 1383 Ῥαασσὶν
3772 1324 3869 1396 βα-

2286 1434 2467 1496 σιλεὺς
2517 1429 2715 1501 ’Δρὰμ,
2746 1428 2842 1482 καὶ
2888 1424 3065 1479 Φακὲε
3108 1423 3223 1486 υἱὸς
3280 1419 3577 1491 Ῥωμελίου
3610 1417 3871 1488 βασιλεὺς

2296 1523 2510 1596 Ἰσραὴλ
2540 1521 2632 1574 ἐπὶ
2668 1516 3043 1591 Ἰερουσαλὴμ,
3073 1512 3378 1584 πολεμῆσαι
3408 1511 3580 1582 αὐτήν
3599 1526 3613 1540 '
3643 1509 3740 1562 καὶ
3767 1509 3870 1563 οὐκ

2280 1614 2622 1687 ἠδυνήθησαν
2664 1608 3021 1682 πολιορκῆσαι
3061 1607 3253 1676 αὐτήν.
3303 1604 3413 1658 Καὶ
3462 1601 3746 1673 ἀνηγγέλη
3787 1601 3868 1665 είς

2282 1707 2375 1761 τὸν
2401 1703 2548 1760 οἶκον
2576 1703 2758 1766 Δαυτδ,
2792 1702 3039 1769 λέγοντες
3058 1716 3071 1729 ’
3104 1695 3492 1767 Συνεφώνησεν
3518 1694 3697 1763 Ἀρὰμ
3731 1692 3871 1763 πρὸς

2283 1798 2375 1852 τὸν
2418 1796 2687 1867 Ἑφραῖμθ
2722 1794 2817 1848 καὶ
2840 1790 3031 1860 tatam
3057 1792 3090 1860 ή
3128 1788 3272 1859 drth
3306 1785 3493 1847 αὑτοῦ,
3529 1785 3622 1838 καὶ
3656 1787 3688 1854 ή
3719 1782 3868 1853 ψυχὴ

618 1856 919 1884 ’ν’-ιιν--νι-
969 1856 1049 1865 νυ
1100 1856 1281 1863 -ν---π-
1332 1856 1467 1877 v.—~.
1526 1856 1565 1857 η
1836 1856 1852 1867 ,
1907 1856 1921 1868 ,
2072 1856 2090 1864 ,
2167 1856 2175 1859 ν

618 1910 759 1964 sicut
792 1906 987 1976 lignum
1032 1906 1085 1959 in
1136 1902 1269 1958 silva
1318 1914 1350 1953 ιι
1398 1903 1560 1951 vento
1610 1900 1875 1947 movetur.
1938 1886 2002 1942 Et
2049 1886 2185 1941 dixit

2287 1888 2376 1941 τοῦ
2408 1856 2537 1941 ludii
2570 1856 2755 1947 αθτοῦ,
2782 1883 2841 1935 ὃν
2864 1856 3064 1952 τρόπον
3079 1856 3357 1948 ’ὲννδρυμῷ
3388 1875 3540 1941 ξύλον
3567 1872 3674 1927 ὑπὸ
3704 1872 3868 1926 πνεύ-

618 1997 878 2054 Dominus
906 1997 973 2052 ad
1023 1994 1239 2057 Isaiam,
1270 1990 1541 2060 Egredere
1562 1986 1616 2040 in
1655 1994 1942 2038 occursum
1978 1976 2182 2042 Acbaz,

620 2102 679 2147 tu
724 2102 781 2147 et
824 2091 916 2163 qui
977 2087 1266 2143 derelictus
1316 2091 1398 2138 est
1435 2078 1600 2134 Jasub
1640 2074 1781 2129 illius
1826 2081 1969 2125 tuus.
2002 2088 2022 2122 ι
2079 2068 2185 2122 Par

620 2181 818 2251 quippe
852 2187 970 2235 erat
997 2187 1057 2231 ut
1098 2174 1370 2245 propheta
1411 2169 1588 2232 (ilius,
1640 2165 1730 2234 qui
1778 2177 1884 2217 non
1919 2176 2024 2215 una
2061 2172 2183 2213 cum

620 2250 819 2343 populo
850 2277 1161 2338 corruptus,
1189 2266 1282 2321 sed
1324 2271 1564 2333 paterna
1589 2257 1853 2312 doctrina
1883 2262 2041 2307 tenax
2074 2250 2186 2303 l'ue-

620 2342 729 2426 rat,
764 2362 891 2415 hinc
922 2372 1157 2429 praseus
1184 2356 1559 2411 institueretur
1580 2364 1609 2403 a
1633 2357 1807 2418 patre,
1838 2360 1963 2401 cum
1990 2342 2183 2399 ﬁducia
2204 2402 2221 2415 .

620 2450 931 2513 accedente,
958 2464 1020 2504 ac
1040 2448 1189 2519 iussa
1206 2451 1555 2513 exsequente.

701 2632 860 2686 Vens.
902 2631 955 2685 ι.
1000 2649 1019 2682 ι
1043 2628 1108 2684 Et
1138 2628 1283 2682 dices
1309 2626 1378 2688 ei,
1416 2622 1560 2677 Cave
1600 2629 1659 2675 ut
1686 2621 1958 2689 quiescas,
2019 2623 2074 2671 et
2120 2629 2187 2669 ne

622 2723 839 2787 timeas,
872 2734 1047 2791 neque
1074 2718 1375 2773 inﬂrmetur
1400 2714 1581 2767 anima
1607 2720 1695 2764 tua
1722 2725 1751 2764 a
1789 2710 1997 2762 duobus
2026 2706 2186 2776 lignis

622 2813 902 2867 titionibus
925 2809 1311 2879 fumigautibus
1338 2806 1420 2859 liis
1452 2845 1467 2870 ,
1499 2821 1519 2857 ι
1559 2802 1759 2873 quibus
1799 2800 1934 2855 nihil
1968 2799 2186 2853 luminis

623 2904 770 2970 insit,
799 2902 889 2957 sed
916 2900 1009 2970 qui
1039 2899 1309 2955 exstincto
1352 2892 1531 2949 titioni
1562 2902 1771 2953 tantum
1818 2890 2022 2946 similes
2054 2888 2182 2943 sint.

619 2992 934 3063 Huiusmodi
967 2991 1163 3060 quippe
1192 2998 1317 3043 sunt
1335 2987 1450 3045 .duo
1473 2986 1547 3040 illi
1577 2999 1753 3053 reges,
1782 2996 2015 3051 quorum
2040 2987 2184 3033 metu

616 3093 677 3139 et
722 3081 1009 3136 formidine
1052 3080 1271 3134 teneris.
1316 3075 1541 3131 Etiamsi
1588 3075 1732 3128 enim
1788 3072 1874 3127 vis
1924 3070 2013 3125 illa
2070 3083 2184 3126 mea

2287 1997 2454 2052 ματος
2505 1976 2755 2045 σαλευθῇ.
2806 1975 2917 2027 Καὶ
2962 1968 3084 2025 εἶπε
3140 1969 3345 2041 Κύριος
3396 1967 3534 2039 πρὸς
3602 1967 3865 2019 Ἡσαΐαν·

2288 2069 2507 2135 Ἔξελθε
2541 2069 2621 2131 εἰς
2644 2065 2967 2136 συνάντησιν
3001 2062 3187 2132 Ἀχὰζ,
3214 2062 3279 2114 σὺ
3306 2060 3398 2113 καὶ
3427 2060 3457 2111 ὁ
3486 2055 3870 2124 καταλειφθεὶς

2296 2159 2507 2215 ἰασοὺϐ
2539 2161 2568 2212 ὁ
2608 2157 2722 2220 uide
2752 2173 2867 2211 σου.
2908 2174 2926 2206 ι
2966 2153 3113 2206 Ἔδει
3145 2152 3201 2205 δὲ
3233 2151 3328 2203 καὶ
3375 2148 3464 2202 τὸν
3506 2147 3622 2200 υἱὸν
3653 2144 3869 2215 προφήο

2283 2270 2399 2317 του,
2449 2252 2522 2323 μὴ
2562 2247 3025 2317 συνδιαφθαρέντα
3069 2243 3148 2314 τῷ
3185 2241 3399 2312 πλήθει,
3435 2237 3869 2307 ὲναπομείναντα

2282 2343 2341 2397 δὲ
2370 2346 2435 2414 τῇ
2481 2343 2713 2413 πατρικῇ
2746 2335 3087 2405 διδασκαλίᾳ,
3137 2331 3535 2405 μαθητεύεσθαι
3568 2328 3628 2393 ἐξ
3657 2328 3867 2381 ἐκείνου

2283 2437 2362 2507 τῷ
2402 2436 2590 2505 πατρὶ,
2633 2432 2721 2486 διὰ
2744 2431 2837 2483 τοῦ
2884 2432 3131 2501 παρεῖναι
3164 2426 3313 2496 αὐτῷ
3354 2422 3664 2493 θαρσαλέως
3698 2436 3869 2492 προσο

2288 2530 2417 2581 ιόντι
2441 2528 2536 2581 καί⁵
2567 2526 2855 2597 πράττοντι
2884 2520 2951 2575 τὰ
2980 2520 3330 2591 κελευόμενα.

2360 2639 2379 2671 ι
2422 2620 2527 2672 Καὶ
2558 2619 2703 2688 ἐρεῖς
2728 2614 2904 2686 αὐτῷ·
2938 2614 3175 2679 Φύλαξαι
3212 2610 3303 2665 τοῦ
3336 2610 3627 2681 ήσυχάσαι,
3667 2606 3763 2660 καὶ
3793 2604 3868 2677 μή

2287 2710 2473 2781 φοϐοῦ,
2514 2710 2647 2780 μηδὲ
2685 2707 2981 2761 ἀσθενείτω
3010 2707 3043 2776 ὴ
3071 2704 3217 2775 ψυχή
3253 2719 3345 2755 σου
3376 2702 3484 2755 ἀπὸ
3514 2700 3623 2753 τῶν
3655 2699 3752 2752 δύο
3780 2697 3871 2763 ξύ-

2285 2804 2391 2858 λων
2417 2803 2523 2856 τῶν
2547 2799 2719 2855 δαλῶν
2741 2799 2848 2852 τῶν
2874 2795 3285 2867 καπνιζομένων
3305 2794 3529 2856 τούτων,
3565 2811 3584 2843 ι
3613 2789 3869 2862 οὐδαμῶς

2287 2895 2386 2965 μὲν
2417 2891 2533 2961 φῶς
2568 2890 2832 2962 ἐχόντων,
2866 2887 3008 2959 δαλῷ
3040 2888 3096 2942 δὲ
3150 2887 3309 2957 μόνον
3342 2883 3657 2955 ἑσϐεσμένῳ
3690 2880 3868 2937 ἐοικό-

2284 3004 2410 3040 των.
2443 2983 2687 3038 Τοιοῦτοι
2713 2984 2823 3055 γάρ
2864 2983 3007 3045 τινές
3036 2982 3174 3034 εἰσιν
3202 2981 3250 3032 οἱ
3279 2979 3373 3032 δύο
3415 2976 3673 3048 βασιλεῖς,
3700 2967 3778 3029 ὧν
3809 2972 3870 3025 ἑν

2286 3079 2436 3149 φόϐῳ
2466 3080 2560 3131 καὶ
2589 3075 2760 3145 ἀγῶνι
2788 3074 3148 3144 καθέστηκας.
3181 3071 3243 3125 Εί
3272 3068 3382 3141 γὰρ
3409 3069 3505 3123 καὶ
3530 3068 3600 3122 τά
3633 3065 3870 3136 μάλιστα

622 3175 1038 3245 castigationem
1092 3172 1436 3233 immittens,
1513 3182 1677 3237 quam
1732 3167 1864 3219 iram
1917 3162 2186 3233 appellare

2287 3171 2321 3238 ή
2354 3167 2669 3238 παιδευτική
2696 3182 2796 3236 μου
2824 3163 3071 3233 δύναμις,
3102 3163 3168 3233 ἢν
3198 3162 3366 3233 ὀργὴν
3392 3158 3685 3213 ἀποκαλεῖν
3710 3155 3869 3211 εἴωθε

622 3267 801 3322 solent
837 3266 1015 3320 divina
1043 3263 1285 3325 oracula,
1341 3275 1433 3314 vos
1462 3258 1692 3313 antehac
1734 3256 1930 3325 sapius
1972 3255 2185 3308 invase-

621 3361 715 3422 rit,
770 3358 837 3412 ad
893 3354 1315 3411 confutationem
1365 3366 1576 3414 eorum,
1619 3348 1710 3420 qui
1753 3361 1918 3415 penes
1971 3360 2067 3398 vos
2112 3344 2185 3397 dii

537 3500 539 3502 .
619 3449 1002 3503 vocabantur:
1034 3446 1227 3513 quibus
1258 3457 1356 3497 vos
1400 3442 1619 3511 quidem
1667 3437 1936 3499 ﬁdebatis,
1979 3444 2037 3490 at
2066 3434 2186 3490 illos

621 3540 758 3596 nihil
785 3552 904 3594 esse
924 3536 1330 3605 comprobatum
1359 3541 1464 3597 est,
1507 3547 1631 3586 cum
1656 3544 1750 3584 vos
1782 3528 1986 3583 inimici
2019 3526 2185 3581 vestri

622 3631 868 3686 subditos
907 3643 971 3682 ac
1001 3626 1277 3681 dedititios
1309 3632 1602 3693 caperent;
1652 3631 1885 3674 attamen
1935 3616 2184 3686 quoniam

623 3723 707 3777 ira
739 3736 854 3774 mea
905 3719 1085 3789 iniqua
1127 3734 1231 3772 non
1267 3727 1388 3781 est,
1430 3723 1618 3781 utpote
1662 3714 1836 3767 bonus
1881 3710 2042 3776 Dens,
2095 3706 2187 3776 qui

626 3828 721 3868 vos
754 3821 909 3865 antea
958 3810 1024 3863 ad
1072 3795 1363 3861 utilitatem
1413 3815 1656 3859 vestram
1712 3801 1989 3871 corripui;
2047 3813 2191 3854 nunc

623 3906 819 3961 iterum
855 3901 1219 3956 inﬁrmitatem
1280 3907 1518 3951 vestram
1575 3905 1741 3949 totam
1793 3892 2017 3955 curabo,
2067 3892 2189 3955 si,a

623 3995 853 4068 pristino
878 4006 1064 4049 errore
1093 4002 1275 4046 vestro
1302 3988 1683 4057 resipiscentes
1704 4023 1719 4050 ,
1764 3985 1850 4055 pie
1879 3997 2037 4051 agere
2067 3995 2192 4036 vere

623 4087 904 4144 ediscatis.

701 4178 863 4233 Vens.
902 4176 957 4238 8,
984 4208 1035 4230 υ.
1059 4192 1079 4226 ι
1100 4173 1206 4229 Sed
1237 4173 1414 4227 adhuc
1438 4170 1720 4240 sexaginta
1743 4166 1981 4238 quinque
2011 4165 2191 4229 annis,

626 4270 841 4326 deﬁciet
882 4281 1110 4336 regnum
1160 4265 1414 4333 Ephraim
1448 4279 1476 4316 a
1510 4261 1726 4331 populo.
1757 4279 1775 4312 ι
1840 4258 1952 4314 Ηοο
1988 4259 2117 4312 item
2162 4272 2193 4311 a

625 4361 885 4433 propheta
911 4360 1092 4413 Acha:
1125 4356 1340 4420 ediscit,
1394 4369 1499 4407 non
1550 4354 1638 4407 diu
1695 4360 1884 4421 postea
1934 4349 2195 4403 Samaria

628 4465 848 4521 regnum
878 4448 1188 4503 solvendum
1235 4460 1355 4501 esse
1376 4487 1391 4510 ,
1423 4442 1639 4497 subdito
1664 4440 1860 4507 populo
1902 4454 2008 4493 una
2066 4452 2190 4492 cum

2286 3257 2358 3311 τὰ
2401 3257 2576 3326 λόγια,
2624 3255 2887 3328 μετῆλθεν
2939 3254 3082 3324 ὑμᾶς
3113 3253 3174 3305 τὸ
3210 3251 3493 3323 πρότερον,
3526 3248 3607 3311 εἰς
3647 3245 3872 3316 ἔλεγχον

2284 3350 2391 3403 τῶν
2416 3345 2828 3419 ὀνομαζομένων
2854 3344 3008 3415 ὑμῶν
3036 3342 3195 3407 θεων,
3220 3336 3301 3405 οἷς
3333 3340 3610 3410 ὲθαρσείτε
3641 3338 3744 3407 μὲν
3772 3335 3872 3391 αὑ·

2284 3441 2387 3502 τοὶ,
2415 3440 2463 3493 οἳ
2490 3438 2547 3492 δὲ
2577 3438 2637 3491 τὸ
2667 3438 2832 3509 μηδὲν
2860 3436 3013 3499 ὄντες
3043 3433 3445 3504 ἀπηλέγχοντο,
3478 3428 3716 3499 ὁπηνίκα
3744 3424 3872 3481 ὕπο-

2285 3532 2519 3602 χειρίους
2544 3530 2687 3599 ὑμᾶς
2716 3521 2856 3580 εἷλον
2884 3527 2934 3579 oi
2965 3523 3232 3594 πολέμιον
3265 3524 3433 3593 ὅμως,
3464 3518 3587 3573 ἐπεὶ
3618 3519 3693 3589 μή
3720 3518 3871 3570 ἔστιν

2286 3625 2321 3694 η
2352 3623 2459 3693 ἐμὴ
2487 3619 2624 3692 ὀργή
2650 3619 2985 3689 παράνομος,
3009 3616 3085 3679 ὡς
3114 3614 3315 3684 ἀγαθὸς
3337 3612 3468 3675 Θεὸς
3494 3609 3655 3674 αὐτὸς
3686 3609 3783 3661 καὶ
3807 3608 3871 3661 τὸ

2289 3709 2501 3781 πρῶτον
2554 3710 2698 3779 ὑμᾶς
2742 3706 2833 3760 ἐπὶ
2866 3704 2944 3777 τῷ
2987 3704 3320 3776 συμφέροντι
3362 3701 3595 3765 παίσας·
3633 3699 3733 3753 καὶ
3772 3696 3871 3754 νῦν

2287 3798 2443 3865 αὖθις
2493 3802 2600 3854 πᾶν
2632 3800 2693 3853 τὸ
2720 3800 2933 3869 νόσημα
2958 3795 3112 3868 ὑμῶν
3157 3796 3398 3866 ἰάσομαι,
3442 3793 3539 3848 ἐὰν
3558 3831 3573 3855 ,
3604 3794 3870 3862 ἐπιστρα-

2292 3893 2479 3961 φέντες
2512 3892 2611 3963 τῆς
2644 3890 2914 3963 προτέρας
2943 3887 3173 3960 πλάνης,
3208 3887 3430 3958 μάθοιτε
3459 3883 3702 3939 εὐσεϐεῖν
3733 3881 3869 3953 άλη-

2291 3984 2419 4047 θῶς.

2367 4186 2387 4219 ι
2438 4164 2575 4219 Ἀλλ’
2608 4164 2688 4218 ἔτι
2735 4163 3000 4235 ἑξήκοντα
3030 4161 3199 4214 πέντε
3242 4159 3378 4214 ἑτῶν
3421 4158 3663 4227 ἐκλείψει
3697 4160 3731 4229 ή
3772 4157 3873 4227 βαι

2292 4258 2464 4312 σιλεία
2506 4254 2746 4328 Ἐφραῒμ
2785 4255 2893 4308 άπὸ
2942 4252 3093 4307 λαοῦ.
3155 4272 3174 4303 ι
3224 4251 3503 4307 Μανθάνει
3549 4249 3729 4303 τοίνυν
3775 4249 3873 4303 καὶ

2292 4351 2447 4405 τοῦτο
2475 4348 2625 4421 παρὰ
2657 4347 2749 4402 τοῦ
2782 4348 3058 4418 προφήτου
3089 4348 3116 4399 ὁ
3160 4344 3325 4415 Ἀχάζ
3342 4362 3355 4374 ·
3393 4344 3468 4407 ὡς
3500 4343 3621 4397 ὅσον
3652 4341 3807 4395 οὔπω
3836 4343 3871 4413 ή

2293 4443 2390 4513 τῆς
2417 4438 2727 4511 Σαμαρείας
2757 4437 3000 4508 βασιλεία
3037 4436 3494 4504 καταλυθήσεται,
3521 4433 3615 4487 τοῦ
3645 4435 3704 4487 ὲν
3727 4434 3867 4505 αὐτῇ

578 4542 843 4611 eregibus
868 4540 920 4593 in
950 4538 1320 4609 captivitatem
1367 4536 1619 4599 abducto,
1664 4539 1826 4601 atque
1862 4531 1932 4585 ob
1978 4528 2186 4585 nefaria

2298 4533 2708 4606 βασιλευομένου
2753 4529 2883 4584 λαοῦ
2931 4529 3113 4591 αὐτοῖς
3168 4526 3477 4581 ϐασιλεῦσιν
3521 4524 3866 4596 αἰχμαλώτου

628 4642 781 4703 gesta
814 4632 867 4684 in
907 4630 1155 4699 Assyrios
1193 4627 1479 4682 translato.
1532 4624 1689 4692 Quod
1741 4623 1807 4689 si,
1852 4623 1948 4687 ait,
1983 4632 2194 4691 tempus

632 4737 790 4777 nosse
819 4730 1090 4789 peroptes,
1116 4722 1253 4774 scito
1295 4720 1455 4773 annis
1488 4718 1683 4773 abhinc
1721 4713 2002 4783 sexaginta
2030 4714 2191 4781 quin-

627 4826 735 4886 que
776 4823 1057 4865 venturum
1088 4811 1437 4881 Assyriorum
1470 4823 1649 4878 regem
1677 4846 1694 4876 ,
1732 4807 1983 4875 ipsosque
2010 4818 2192 4859 omnes

629 4907 869 4976 captivos
894 4904 1273 4969 abducturum,
1306 4902 1359 4956 in
1390 4915 1650 4969 suamque
1705 4898 1978 4967 regionem
2020 4905 2196 4951 trans-

630 5006 969 5069 portaturum
995 5011 1132 5050 esse.
1172 4993 1474 5063 llacjussit
1503 4994 1643 5046 Deus
1667 4992 1986 5059 prophetam
2015 5004 2189 5043 enun-

635 5091 791 5150 tiare,
827 5096 937 5140 tum
978 5086 1076 5153 ipsi
1115 5087 1295 5141 Acha:
1319 5124 1333 5149 ,
1378 5094 1489 5138 tum
1544 5082 1757 5136 subdito
1805 5080 2002 5150 populo
2034 5096 2049 5133 :
2084 5094 2189 5147 quo

638 5179 740 5233 illis
768 5188 957 5232 auctor
990 5186 1152 5241 esset,
1200 5186 1257 5230 ut
1294 5175 1359 5229 ad
1383 5190 1441 5228 se
1468 5182 1935 5235 converterentur,
1982 5186 2045 5224 ac
2072 5184 2191 5223 cre-

635 5271 841 5332 derent,
902 5282 1076 5337 neque
1120 5268 1281 5321 dictis
1315 5266 1473 5320 (idem
1527 5273 1801 5334 negarent.
1855 5260 1982 5315 Illos
2031 5274 2191 5328 porro

633 5361 907 5429 sexaginta
936 5360 1173 5427 quinque
1212 5372 1403 5420 annos,
1441 5356 1591 5409 aiunt
1618 5354 1962 5408 Hebraeorum
1995 5351 2085 5405 lilii
2124 5351 2189 5402 ad

634 5467 798 5506 unum
849 5452 1090 5517 expletos
1147 5448 1499 5516 deprehendi,
1552 5446 1599 5500 si
1648 5447 1768 5516 quis
1808 5460 1838 5498 a
1886 5459 1989 5497 xxv
2048 5441 2193 5496 Ozias

640 5541 788 5609 regni
812 5555 953 5594 anno
976 5550 1285 5609 computum
1313 5539 1577 5592 ordiatur.

715 5804 875 5865 Vens.
916 5807 1004 5878 ιο,
1039 5806 1127 5865 ιι.
1172 5826 1192 5862 ι
1221 5807 1288 5863 Ει
1340 5805 1537 5877 adjecit
1586 5806 1843 5864 Dominus
1905 5806 2051 5876 loqui
2118 5806 2185 5863 ad

2291 4625 2672 4696 γενησομένου,
2714 4623 2810 4675 καὶ
2866 4623 2945 4683 είς
2983 4620 3301 4691 Ἀσσυρίους
3342 4617 3870 4688 ἀποικισθησομένου

2289 4717 2376 4771 διὰ
2401 4718 2497 4779 τὰς
2529 4712 2968 4786 ὑπερϐαλλούσας
2997 4712 3175 4765 αὐτῶν
3207 4712 3499 4782 ἀθεμίτους
3533 4710 3780 4782 πράξεις.
3808 4712 3872 4765 El

2288 4808 2344 4861 δὲ
2386 4806 2591 4860 καὶτὸν
2626 4804 2814 4876 χρόνον
2842 4800 3048 4865 ποθεῖς,
3085 4805 3239 4872 φησι,
3275 4801 3486 4872 μαθεῖν,
3515 4801 3772 4869 γίνωσκε,
3795 4796 3873 4864 ὡς

2289 4899 2416 4953 εἴσω
2445 4898 2705 4969 ἑξήκοντα
2736 4897 2829 4949 καὶ
2859 4895 3019 4948 πέντε
3049 4895 3185 4947 ὲτῶν
3204 4937 3217 4959 ,
3247 4894 3443 4957 ἐπιϐὰς
3474 4897 3503 4948 ὁ
3532 4893 3642 4947 τῶν
3687 4893 3872 4947 Ἀσσυ-

2293 4990 2420 5061 ρίων
2457 4987 2729 5058 βασιλεὺς,
2758 4987 2965 5047 πάντας
3003 4986 3198 5049 αὐτοὺς
3223 4985 3451 5056 λήψεται
3480 4985 3574 5037 καὶ
3599 4982 3879 5054 αἱχμαλώέ

2288 5096 2410 5142 τους
2437 5080 2517 5141 είς
2546 5078 2645 5149 τὴν
2671 5075 2865 5129 ἑαυτοῦ
2901 5077 3163 5145 μετοικιεῖ
3191 5073 3394 5145 χώραν.
3426 5071 3611 5126 Ταῦτα
3637 5071 3716 5141 τῷ
3744 5088 3873 5143 προ-

2291 5173 2435 5243 φήτῃ
2464 5170 2643 5237 λέγειν
2670 5170 2697 5220 ὁ
2723 5158 2862 5230 Θεὸς
2888 5167 3249 5239 προσέταττεν
3277 5164 3425 5236 αὑτῷ
3467 5181 3526 5217 τε
3565 5164 3642 5234 τῷ
3680 5163 3867 5233 ’Δχὰζ,

2290 5264 2381 5315 καὶ
2407 5261 2485 5331 τῷ
2513 5262 2602 5313 ὑπ’
2650 5261 2813 5313 αὐτὸν
2841 5259 2954 5331 λαῷ
2974 5277 2986 5289 ·
3025 5257 3327 5329 παρορμῶν
3377 5258 3575 5321 αὐτοὺς
3614 5255 3753 5327 πρὸς
3785 5257 3875 5309 αὖ·

2298 5352 2387 5404 ’ὸν
2421 5351 2785 5420 ἐπιστρέφειν,
2831 5348 3101 5402 πιστεύειν
3130 5365 3187 5399 τε
3222 5349 3315 5400 καὶ
3363 5348 3435 5417 μὴ
3477 5348 3725 5399 ἀπιστεῖν
3759 5348 3874 5408 τοῖς

2300 5442 2637 5513 είρημένοις’
2681 5441 2749 5493 τά
2792 5457 2854 5507 γε
2909 5440 3012 5510 μὴν
3059 5439 3317 5508 ἑξήκοντα
3366 5438 3528 5490 πέντε
3564 5436 3659 5506 ἔτη
3710 5436 3874 5502 φασὶν

2309 5533 2571 5605 Ἐϐραίων
2634 5532 2818 5594 παῖδες
2866 5532 2945 5593 είς
3003 5532 3065 5583 τὸ
3112 5529 3340 5600 ἀκριϐὲς
3397 5526 3870 5599 συμπληροῦσθαι,

2296 5625 2443 5688 εἴτις
2466 5623 2713 5697 ἀριθμεῖν
2740 5622 3103 5693 άρξηταιτοὺς
3126 5621 3348 5691 χρόνους
3372 5621 3478 5673 άπὸ
3501 5618 3594 5672 τοῦ
3618 5618 3871 5688 πέμπτου

2297 5716 2390 5770 καὶ
2414 5715 2657 5768 εἰκοστοῦ
2688 5715 2839 5775 ἔτους
2864 5712 2963 5783 τῆς
3014 5712 3191 5775 ὐζίου
3223 5711 3518 5779 βασιλείας.

2371 5828 2389 5858 ι
2437 5807 2545 5860 Καὶ
2596 5805 2891 5872 προσέθετο
2935 5805 3135 5871 Κύριος
3182 5802 3412 5871 λαλῆσαι
3464 5802 3598 5869 πρὸς
3664 5795 3867 5869 Ἀχάζθ
