4090 6442
201 426 292 481 1⁸55

1165 420 1676 482 COMMENTARIA
1715 419 1786 477 IN
1827 417 2088 476 lSAlAll.
2131 450 2195 461 —
2237 417 2394 474 CAP.
2437 415 2558 473 VII.

3417 419 3520 475 ιδι

199 543 418 613 Αἶτησαι
462 543 694 615 σεαυτῷ
724 545 950 616 σημεῖον
983 542 1133 614 παρὰ
1165 543 1376 616 Κυρίου
1406 542 1503 599 τοῦ
1535 541 1672 597 Θεοῦ
1710 557 1802 596 σου

1914 540 2101 596 Acbaz
2140 540 2352 605 dicens,
2389 537 2522 594 Pete
2548 535 2649 593 tibi
2675 535 2892 606 signum
2930 550 2960 592 a
2994 537 3228 593 Domino
3256 537 3367 594 Deo
3403 547 3519 600 tuo;

199 634 271 698 είς
309 631 498 703 βάθος,
543 633 582 705 ἢ
626 635 711 698 εις
752 632 904 702 ὕψος.
946 653 964 685 ι
1018 633 1166 687 ’Δντὶ
1191 634 1248 688 δὲ
1275 633 1396 702 τοῦ,
1433 653 1452 686 ι
1491 636 1570 698 είς
1619 633 1804 705 βάθος,

197 725 226 795 ἢ
282 725 363 789 είς
397 724 565 796 ὕψος,
610 743 632 778 s
663 725 695 778 6
730 725 831 796 μὲν
865 724 1183 797 Σύμμαχος,
1215 742 1235 776 ι
1277 724 1513 797 Αῐτησαι
1570 725 1804 795 σεαυτῷ,

198 819 342 888 φησι,
383 819 626 889 σημεῖον
661 815 820 888 παρὰ
848 816 1057 887 Κυρίου
1089 811 1227 869 Θεοῦ
1284 831 1411 869 σου·
1464 813 1694 886 βάθυνον
1723 816 1806 879 είς

199 911 342 984 ᾅδην,
369 912 405 981 ἢ
430 913 518 974 εἰς
548 910 692 982 bdo;
716 908 866 964 ἄνω·
911 927 930 962 ι
968 910 998 962 ὀ
1035 909 1092 962 δὲ
1133 907 1387 974 Ἀκύλας,
1419 927 1440 961 ι
1487 906 1806 982 Ἐπεράντη-

201 1021 284 1057 σον
310 1001 531 1074 σεαυτῷ
565 1003 806 1076 σημεῖον
830 999 983 1074 παρὰ
1019 1001 1227 1073 Κυρίου
1255 1000 1351 1055 τοῦ
1390 1000 1526 1056 Θεοῦ
1557 1017 1671 1054 σουο
1711 999 1808 1070 βά-

201 1094 346 1149 θυνον
369 1095 454 1158 εἰς
493 1093 662 1166 ᾅδην,
710 1090 1046 1165 μετεώρισον
1081 1091 1163 1154 είς
1191 1089 1358 1161 ὕψοςο
1406 1109 1426 1142 ι
1475 1093 1505 1145 6
1534 1091 1592 1145 δὲ
1617 1090 1808 1145 Θεοδο-

199 1188 345 1250 τιων,
386 1205 408 1237 ι
445 1185 695 1257 Δῐτησαι
723 1183 933 1257 σεαυτῷ
960 1184 1114 1257 παρὰ
1139 1184 1346 1257 Κυρίου
1377 1183 1471 1238 τοῦ
1499 1183 1635 1238 Θεοῦ
1667 1200 1762 1237 σου
1786 1201 1801 1215 ο

201 1277 417 1348 βάθυνον
442 1281 528 1343 είς
559 1278 723 1352 ᾅδην,
756 1278 972 1348 ὖψωσον
1011 1276 1146 1331 ἄνω.
1185 1295 1206 1330 ι
1240 1275 1537 1332 Κελεύεται
1569 1276 1752 1331 τοίνυν
1776 1279 1806 1331 6

212 1371 368 1441 ’Δχάζ
399 1374 644 1443 σημεῖον
679 1373 936 1444 αίτήσαι,
979 1369 1050 1423 δι’
1079 1363 1143 1424 οὗ
1181 1368 1528 1441 σωθήσεσθαι
1580 1369 1804 1441 ἔμελλεν

200 1462 348 1526 αὐτός
373 1480 435 1516 τε
476 1463 579 1518 καὶ
604 1466 637 1518 6
680 1465 780 1518 σὺν
805 1461 955 1534 αύτῷ
991 1462 1138 1526 λαός.
1181 1460 1464 1528 Ἐξουσίαν
1499 1461 1559 1516 δὲ
1588 1461 1804 1516 δίδωσιν

200 1552 338 1624 αὐτῷ
378 1557 408 1610 6
441 1555 586 1618 Θεὸς
630 1555 902 1626 αίρέσεως
931 1552 1028 1609 τοῦ
1064 1553 1317 1626 σημείου,
1349 1553 1461 1608 εἴτε
1505 1556 1572 1609 ὲκ
1605 1554 1804 1625 βάθους

199 1649 487 1718 αἰτήσειεν,
521 1646 686 1714 αὐτῷ
712 1647 932 1717 δοθῆναι
969 1646 1152 1710 τοῦτο,
1196 1647 1263 1700 ἔκ
1308 1646 1509 1717 βάθους
1547 1648 1646 1718 οὐχ
1686 1649 1804 1702 ἑτέ-

201 1759 286 1812 ρου
329 1741 361 1814 ἢ
391 1740 492 1795 τοῦ
520 1741 674 1796 κατὰ
704 1742 797 1796 τὸν
832 1741 998 1813 ᾅδην·
1023 1741 1134 1794 εἴτε
1168 1739 1229 1806 εξ
1266 1739 1460 1811 ὕψους,
1491 1741 1586 1794 καὶ
1618 1741 1804 1795 αὐτῶν

198 1835 298 1887 τῶν
324 1835 439 1890 ἄνω
476 1834 804 1906 μετεώρων.

1913 632 1968 687 in
1998 631 2353 703 profundum,
2389 640 2485 685 aut
2520 630 2576 685 in
2599 629 2835 687 altum.»
2869 627 2979 687 Pro
3005 630 3121 699 illo,
3157 649 3176 684 ι
3203 631 3260 687 in
3290 630 3520 702 proluu-

1910 725 2063 791 dum,
2113 736 2211 781 aut
2277 726 2332 780 in
2383 723 2596 784 altum.
2631 741 2652 775 ι
2707 720 3080 794 Symmachus
3131 723 3355 794 quidem
3419 723 3520 787 ait,

1917 835 1936 869 ι
1966 816 2096 873 Pete
2125 817 2222 873 tibi
2248 815 2468 886 signum
2497 829 2528 870 a
2562 813 2802 871 Domino
2849 813 2962 870 Deo
3001 823 3124 883 tuo,
3176 813 3424 884 deprime
3459 815 3517 870 in

1909 907 2211 970 infernum.
2236 917 2335 963 aut
2376 908 2433 964 in
2473 905 2757 964 excelsum
2803 921 3006 976 supra;
3039 925 3059 960 ι
3116 906 3316 976 Aquila
3360 921 3517 970 vero.

1915 1018 1934 1052 ι
1957 999 2108 1074 Roga
2151 1001 2250 1057 tibi
2275 1002 2494 1073 signum
2529 1015 2559 1054 a
2592 999 2828 1056 Domino
2857 999 2970 1055 Deo
3016 1008 3132 1064 tuo,
3179 997 3433 1070 deprime
3461 999 3516 1052 in

1909 1092 2210 1158 infernum,
2239 1093 2390 1150 eleva
2429 1093 2483 1148 in
2522 1091 2778 1156 altum;s
2828 1089 3158 1157 Theodotio,
3191 1110 3210 1144 ι
3241 1091 3376 1146 Pete
3418 1089 3514 1147 tibi

1909 1187 2128 1258 signum
2165 1201 2193 1242 a
2246 1185 2479 1242 Domino
2510 1185 2620 1240 Deo
2676 1193 2795 1250 tuo,
2828 1183 3076 1254 deprime
3107 1184 3160 1240 in
3213 1182 3511 1248 infernum,

1907 1279 2064 1335 eleva
2095 1279 2149 1334 in
2177 1278 2400 1332 altum.»
2429 1274 2659 1333 iubetur
2682 1291 2815 1348 ergo
2842 1276 3028 1332 Acha:
3053 1274 3272 1347 signum
3295 1285 3509 1346 petere.

1907 1386 2016 1442 quo
2051 1381 2166 1427 tum
2214 1371 2350 1441 ipse.
2403 1380 2515 1426 tum
2550 1369 2778 1441 populus
2817 1369 2936 1438 ejus
2967 1370 3199 1425 salutem
3240 1382 3510 1425 consecu-

1908 1477 2064 1521 turus
2110 1474 2252 1520 erat.
2313 1461 2657 1518 Facultatem
2698 1471 2883 1517 autem
2941 1461 3044 1533 ipsi
3097 1460 3306 1532 prabet
3363 1460 3510 1518 Deus

1907 1556 2138 1628 eligendi
2169 1555 2336 1624 signi.
2386 1569 2452 1608 ac
2484 1554 2528 1609 si
2576 1568 2644 1609 ex
2684 1551 2966 1624 profundo
3009 1560 3200 1622 petat;
3256 1567 3326 1609 ex
3373 1567 3504 1623 pro-

1910 1647 2100 1710 fundo,
2143 1661 2252 1702 non
2279 1647 2387 1701 alio
2415 1645 2630 1700 scilicet
2670 1659 2834 1716 quam
2878 1644 3127 1709 inl'eruo,
3171 1659 3233 1700 se
3272 1660 3510 1700 conces-

1908 1756 2133 1807 surum;
2171 1743 2218 1795 sl
2243 1753 2374 1794 vero
2400 1753 2468 1794 ex
2505 1738 2640 1804 alto,
2673 1745 2770 1793 aut
2801 1751 2870 1794 ex
2897 1737 3316 1796 sublimioribus
3343 1737 3507 1808 locis,

1908 1848 1967 1888 se
1995 1834 2248 1887 daturum
2277 1831 2567 1901 pollicetur

265 1947 284 1978 ι
322 1917 432 1981 Καὶ
460 1923 627 1982 εἶπεν
663 1922 854 1996 Ἀχάς,
878 1924 953 1978 Ού
993 1925 1067 1997 μὴ
1091 1926 1323 1997 αίτήσω,
1360 1925 1474 1980 οὐδ’
1496 1925 1559 1979 οὐ
1593 1924 1668 1996 μὴ
1692 1941 1802 1978 πει-

1989 1919 2150 1976 Vens.
2194 1921 2285 1976 l2.
2333 1940 2352 1973 ε
2380 1920 2448 1976 Et
2476 1920 2618 1975 dixit
2648 1919 2858 1986 Acnaz,
2889 1918 3008 1976 Non
3036 1929 3220 1990 petam
3242 1965 3257 1988 ,
3303 1929 3362 1976 et
3397 1935 3508 1976 non

201 2020 340 2090 ράσω
376 2019 614 2092 Κύριον.
663 2038 683 2072 s
729 2018 1034 2072 Ἀναίνεται
1076 2018 1140 2091 δή
1181 2014 1297 2085 οὖν,
1345 2018 1446 2074 άτε
1480 2017 1548 2090 δή
1597 2017 1804 2088 άσεὸὴς

196 2113 284 2176 ὢν,
308 2113 402 2167 καὶ
432 2111 513 2185 μή
534 2111 856 2184 πειθαρχιῖη
883 2110 962 2182 τῷ
974 2109 1094 2183 Θεῷ
1117 2112 1417 2177 κελεύοντι,
1447 2110 1526 2184 μὴ
1551 2110 1610 2164 δὲ
1631 2109 1804 2164 θέλων

196 2205 499 2278 ἀπόπειραν
529 2204 723 2259 λαϐεῖν
759 2206 860 2275 τῆς
884 2202 977 2258 τοῦ
1008 2203 1142 2259 Θεοῦ
1178 2201 1618 2276 παραδοξοποιοῦ
1649 2201 1808 2258 δυνά-

199 2314 356 2368 μεως.
1145 2349 1147 2351 .

265 2407 284 2440 ι
313 2389 426 2442 Καὶ
459 2386 624 2442 εἶπεν
646 2405 659 2417 ·
708 2385 1003 2440 ’Δκούσατε
1031 2386 1117 2456 δὴ,
1145 2379 1296 2451 οἰκος
1332 2384 1528 2440 Δαυτδ·
1576 2385 1675 2457 Μὴ
1719 2401 1808 2454 μι-

197 2481 321 2553 κρὸν
349 2482 485 2551 ὑμῖν
536 2479 732 2550 ἀγῶνα
775 2478 1034 2552 παρέχειν
1072 2478 1403 2552 ἀνθρώποις,
1443 2475 1567 2542 πῶς
1603 2477 1807 2552 Κυρίῳ

197 2574 462 2646 παρέχετε
494 2572 728 2642 ἀγῶνα;
766 2590 786 2624 ι
825 2572 949 2626 Ἐπὶ
972 2575 1037 2643 τῇ
1061 2570 1155 2626 τοῦ
1183 2571 1378 2643 ἀνδρὸς
1402 2569 1636 2643 ἀπονοία
1671 2587 1804 2640 σχε-

194 2664 416 2728 τλιάσας
454 2667 486 2718 6
531 2664 859 2736 προφήτης,
892 2661 952 2730 ἐξ
987 2662 1186 2717 οίκείου
1229 2661 1526 2735 προσώπου
1549 2660 1618 2714 τά
1667 2659 1805 2731 ἑξῆς

197 2755 455 2825 ἐπιλέγει.
485 2755 687 2811 Ταῦτα
713 2755 770 2809 δὲ
804 2757 834 2808 6
875 2755 973 2826 μὲν
1013 2754 1245 2819 Ἀκύλας
1270 2752 1460 2808 τοῦτον
1481 2755 1807 2826 ἡρμήνευσε

196 2848 282 2903 τὸν
307 2851 517 2923 τρόπον
537 2867 553 2880 ·
611 2869 632 2902 r
685 2848 980 2903 ’Δκούσατε
1011 2848 1099 2921 δή,
1127 2843 1275 2912 οἶκος
1303 2847 1496 2901 Δαυῒδο
1527 2847 1681 2918 Μήτι
1705 2845 1809 2900 ὀλία

198 2961 289 3012 γον
330 2943 578 3016 μοχθῶν
621 2941 855 3014 ἄνδρας,
897 2942 980 2996 δτι
1032 2941 1283 3013 μοχθεῖτε
1316 2939 1411 2994 καί
1445 2927 1510 3008 γε
1546 2938 1639 2992 τὸν
1671 2937 1807 2992 Θεόν

202 3052 329 3104 μου;
389 3055 408 3088 ι
452 3036 517 3090 '0
568 3035 632 3089 δὲ
687 3033 1014 3088 Θεοδοτίων·
1078 3052 1097 3085 ι
1158 3030 1454 3086 Ἀκούσατε
1501 3031 1598 3102 δὴ,
1656 3026 1807 3096 οἶκος

198 3129 386 3182 Δαυῖδο
438 3129 537 3200 Μὴ
591 3126 793 3200 μικρὸν
843 3125 1031 3194 ἀγῶνα
1089 3125 1353 3196 παρέχειν
1386 3122 1668 3195 ἀνδράσιν,
1722 3124 1806 3177 ὅτι

189 3221 379 3290 -άγῶνα
427 3220 719 3292 παρέχετε
761 3219 856 3272 καί
890 3235 955 3287 γε
986 3216 1065 3288 τῷ
1097 3215 1219 3289 Θεῷ
1255 3233 1391 3288 μου;
1428 3235 1447 3267 s
1482 3215 1617 3270 Ὀδι
1653 3215 1805 3286 Σύμ-

205 3332 400 3386 μαχος·
456 3334 478 3367 ι
556 3311 855 3367 ’Δκούσατε
889 3310 976 3386 δὴ,
1006 3306 1154 3375 οἷκος
1194 3302 1389 3364 Δαυῒδ·
1422 3309 1516 3382 Μὴ
1567 3310 1669 3363 οὐκ
1710 3307 1803 3362 αὕ-

197 3423 392 3479 ταρκες
423 3409 564 3478 ὑμῖν
598 3403 806 3458 κοποῦν
831 3401 1174 3476 ἀνθρώπους,
1200 3405 1282 3457 ὅτι
1318 3403 1553 3457 κοποῦτε
1581 3403 1662 3458 ἐτι
1706 3404 1802 3459 καὶ

199 3497 284 3551 τὸν
327 3498 464 3552 Θεόν
503 3513 653 3569 μου;
699 3513 720 3547 ι
760 3495 919 3548 Ἐστι
949 3493 1008 3548 δὲ
1043 3497 1074 3549 ὁ
1101 3493 1229 3559 νοῦς
1260 3493 1372 3547 τῶν
1417 3494 1801 3566 προκειμένων

199 3592 455 3657 τοιοῦτος·
490 3591 573 3646 Ού
600 3588 879 3644 παύσεσθε
908 3606 1039 3643 ποτε
1062 3591 1176 3653 τοῖς
1196 3588 1291 3642 τοῦ
1313 3588 1450 3643 Θεοῦ
1471 3588 1802 3660 ἀνθρώποις.

197 3681 338 3752 λέγω
363 3684 431 3756 δὴ
479 3685 605 3747 τοῖς
649 3682 979 3754 προφήταις,
1024 3681 1227 3746 κόπους
1268 3683 1362 3736 καὶ
1412 3681 1664 3753 μόχθους,
1708 3685 1803 3737 καὶ

197 3775 412 3846 ἀγῶνας
483 3775 622 3838 τοὺς
675 3774 821 3847 ὑπὲρ
863 3773 964 3845 τῆς
1014 3775 1286 3847 ὑμετέρας
1335 3775 1610 3847 σωτηρίας
1662 3792 1804 3847 παρ-

195 3864 443 3936 έχοντεςς
485 3865 658 3919 Ἀλλὰ
701 3864 770 3936 δὴ
804 3865 898 3918 καὶ
931 3863 1081 3936 αύτῷ
1123 3863 1203 3935 τῷ
1225 3862 1343 3935 ἐμῷ
1373 3863 1515 3934 Θεῷ,
1555 3864 1613 3917 ὃν
1644 3865 1803 3936 ὑμεῖς

196 3959 438 4029 ἀγνοεῖτε
497 3959 599 4014 καὶ
655 3958 940 4029 άρνεϊσθε,
997 3959 1067 4029 τῇ
1125 3955 1376 4025 πολυθέῳ
1437 3958 1803 4029 προσέχοντες

199 4050 390 4124 πλάνῃ,
406 4050 699 4121 σκυλμοὺς
718 4049 814 4102 καὶ
829 4049 1050 4114 κόπους,
1074 4049 1169 4104 καὶ
1195 4049 1414 4118 ἀγῶνας
1437 4048 1800 4120 παρέχοντες.

196 4143 269 4214 τῷ
305 4145 380 4217 μὴ
424 4141 725 4214 βούλεσθαι
761 4141 1034 4197 πιστεύειν
1081 4141 1248 4196 αὐτοῦ
1276 4144 1397 4206 ταῖς
1417 4140 1798 4210 ἐπαγγελίαις,

200 4237 326 4306 μηδὲ
359 4236 431 4290 τά
466 4232 884 4303 κεκελευσμένα
917 4235 1214 4306 πράττειν;

267 4346 286 4378 ε
339 4328 444 4382 Διὰ
483 4325 651 4380 τοῦτο
686 4322 852 4377 δώσει
900 4324 1100 4399 Κύριος
1153 4326 1316 4391 αὐτὸς
1362 4327 1492 4398 ὑμῖν
1537 4330 1796 4399 σημεῖονο

209 4417 332 4472 Ἰδοὺ
361 4416 652 4490 παρθένος
682 4418 742 4468 ὲν
771 4418 968 4489 γαστρὶ
996 4417 1247 4488 λήψεται,
1288 4419 1384 4473 καὶ
1416 4417 1631 4485 τέξεται
1662 4420 1797 4486 υἱὸν,

197 4510 284 4561 καὶ
334 4509 602 4571 καλέσεις
643 4506 706 4559 τὸ
765 4505 935 4576 ὄνομα
984 4507 1147 4562 αὐτοῦ
1209 4509 1577 4581 Ἐμμανουήλ.
1640 4529 1659 4561 ι
1712 4511 1798 4575 Τί,

1910 2013 2137 2069 tentabo
2183 2012 2497 2068 Dominum.
2531 2031 2552 2065 ι
2606 2011 2849 2068 Recusat
2903 2011 3162 2068 videlicet
3205 2023 3266 2068 ut
3303 2013 3510 2084 impius

1907 2122 1972 2162 ac
2007 2107 2101 2162 Dei
2135 2115 2410 2176 praecepto
2437 2120 2546 2160 non
2567 2105 2904 2175 obsequens,
2937 2118 3039 2160 nec
3060 2103 3254 2161 volens
3276 2116 3506 2177 stupen-

1908 2200 1990 2254 da:
2013 2197 2230 2254 virtutis
2267 2196 2365 2253 Dei
2393 2197 2828 2268 experimentum
2860 2211 3083 2268 capere.

1982 2384 2160 2440 Vens.
2193 2383 2284 2439 l3.
2332 2401 2352 2436 ι
2382 2382 2451 2439 Et
2491 2384 2651 2448 dixit.
2675 2383 2876 2440 Audite
2902 2398 3059 2455 ergo,
3090 2383 3287 2440 domus
3309 2384 3503 2452 David,

1907 2473 2178 2546 Numquid
2205 2490 2397 2546 parum
2429 2477 2586 2532 vobis
2608 2487 2692 2532 est
2717 2475 3028 2532 molestiam
3055 2477 3298 2546 prabere
3327 2477 3508 2531 homi-

1910 2568 2088 2637 nibus,
2128 2584 2226 2624 cur
2265 2569 2498 2626 Domino
2551 2570 2860 2625 molestiam
2925 2569 3217 2638 praebetis?
3245 2589 3266 2623 ι
3311 2572 3505 2626 uomi-

1910 2661 1996 2719 nis
2029 2660 2318 2718 stultitiam
2347 2663 2640 2717 miseratus
2666 2662 2960 2732 propheta.
3008 2677 3075 2717 ex
3121 2661 3342 2732 propria
3374 2677 3502 2731 per-

1907 2769 2043 2810 sona
2068 2769 2188 2824 quae
2219 2765 2522 2826 sequuntur
2553 2755 2897 2824 pronuntiat.
2933 2752 3060 2810 Haec
3103 2769 3271 2826 porro
3304 2753 3503 2823 Aquila

1909 2850 2014 2904 hoc
2065 2849 2226 2903 modo
2289 2848 2684 2918 interpretatur
2723 2865 2736 2901 :
2785 2864 2804 2898 ι
2848 2847 3048 2902 Audite
3095 2862 3251 2918 ergo,
3309 2848 3506 2902 domus

1910 2940 2104 3008 David,
2147 2938 2422 3010 Numquid
2454 2956 2647 3010 parum
2683 2939 2924 3011 alliigere
2949 2941 3116 3007 viros,
3143 2942 3271 3010 quia
3304 2939 3505 3012 ³11]ίεί-

1911 3033 1982 3089 tis
2015 3033 2181 3089 etiam
2224 3032 2397 3089 Deum
2430 3034 2652 3088 meum?
2682 3053 2700 3084 ι
2735 3031 3042 3087 Theodotio
3086 3043 3292 3099 autem,
3341 3053 3360 3086 ι
3389 3037 3506 3088 Au-

1908 3123 2022 3180 dite
2053 3140 2209 3196 ergo,
2237 3125 2432 3181 domus
2464 3124 2656 3190 David,
2688 3122 2961 3194 Numquid
2984 3137 3175 3194 parum
3199 3123 3505 3178 molestiam

1901 3216 2158 3292 praebere
2192 3218 2349 3285 viris,
2392 3217 2522 3288 quia
2557 3215 2868 3271 molestiam
2902 3215 3159 3285 praebetis
3197 3216 3361 3270 etiam
3396 3216 3508 3270 Deo

1911 3309 2124 3364 nteolo
2185 3307 2549 3380 Symmachus
2603 3321 2757 3372 vero,
2819 3307 3064 3361 «Audite
3119 3321 3274 3376 ergo,
3309 3307 3508 3364 domus

1914 3399 2120 3467 David,
2162 3401 2360 3458 Annon
2399 3399 2633 3457 suﬁciet
2674 3400 2834 3455 vobis
2872 3397 3176 3469 delatigare
3220 3400 3506 3467 homines,

1911 3499 2037 3568 quia
2089 3497 2404 3571 defatigatis
2451 3498 2616 3554 etiam
2669 3497 2843 3551 Deum
2882 3494 3160 3550 meum?)
3214 3493 3509 3553 Pmentis

1911 3604 2073 3659 porro
2114 3590 2246 3646 dicti
2280 3603 2435 3644 mens
2482 3589 2598 3646 haec
2653 3598 2758 3653 est,
2810 3585 3176 3656 Nunquamne
3215 3586 3509 3642 cessabitis

1913 3681 2006 3735 Dei
2032 3681 2377 3749 horninibus,
2404 3681 2660 3737 videlicet
2689 3680 2972 3751 prophetis
2998 3695 3097 3750 pro
3117 3690 3303 3735 vestra
3331 3678 3510 3736 salute

1912 3772 2316 3838 laborantibus,
2355 3773 2800 3844 del‘atigationes,
2850 3771 3072 3827 labores
3115 3781 3173 3828 et
3224 3770 3509 3828 molestias

1910 3864 2189 3934 prabere?
2244 3864 2354 3921 Sed
2412 3866 2653 3922 etiamne
2701 3863 2801 3932 ipsi
2851 3863 2963 3919 Deo
3015 3876 3160 3926 meo,
3213 3879 3375 3933 quem
3408 3877 3509 3917 vos

1913 3959 2176 4028 ignoratis
2227 3965 2283 4012 et
2340 3957 2579 4030 negatis,
2627 3956 2930 4011 multorum
2983 3955 3268 4010 numinum
3327 3956 3508 4012 errori

1911 4049 2106 4118 dediti,
2144 4049 2446 4116 molestias,
2483 4049 2901 4120 delatigatlones
2945 4058 3000 4102 et
3041 4041 3507 4117 labores‘pratbe-

1911 4141 2060 4209 hitis,
2112 4142 2361 4207 nolentes
2409 4143 2530 4214 ejus
2578 4139 2867 4214 promissis
2906 4139 3071 4197 ﬁdem
3103 4140 3336 4208 habere,
3400 4154 3507 4196 nec

1910 4233 2028 4304 ejus
2048 4242 2320 4304 praecepta
2345 4233 2610 4305 exsequi?

1981 4324 2150 4382 Vens.
2189 4326 2278 4382 14.
2312 4344 2332 4379 ι
2370 4325 2601 4396 Propter
2629 4326 2735 4382 hoc
2763 4325 2918 4382 dabit
2960 4323 3225 4382 Dominus
3267 4325 3386 4399 ipse
3408 4340 3508 4383 νο-

1910 4421 1995 4476 bis
2045 4422 2256 4490 signum
2285 4440 2298 4475 :
2327 4419 2470 4476 Ecce
2501 4420 2655 4490 virgo
2689 4419 2744 4474 in
2779 4431 2936 4476 utero
2965 4420 3276 4490 concipiet,
3324 4429 3380 4476 et
3409 4435 3506 4489 pa-

1911 4515 2018 4568 riet
2066 4513 2259 4580 lilium,
2310 4522 2366 4569 et
2409 4513 2632 4568 vocabis
2683 4528 2882 4568 nomen
2933 4515 3052 4584 ejus
3100 4512 3443 4569 Emmanuel.
3476 4533 3498 4566 ι

199 4603 374 4673 φησιν,
405 4603 531 4657 ἐστὶ
555 4601 621 4654 τὺ
651 4602 921 4673 σωτήριον
964 4606 1208 4673 σημεῖον,
1235 4601 1264 4656 ὃ
1295 4603 1390 4657 καὶ
1428 4602 1503 4675 μὴ
1549 4601 1802 4675 βουλομέ·

1912 4606 2063 4674 Qund
2105 4617 2232 4674 est,
2258 4605 2434 4674 inquit
2461 4646 2476 4672 ,
2509 4607 2724 4678 signum
2752 4606 3021 4674 salutare,
3055 4605 3199 4675 quod
3223 4606 3378 4662 vobis
3416 4607 3502 4661 vel

199 4713 302 4762 νοις
331 4699 468 4768 ὑμῖν
505 4693 781 4768 emptast;
820 4694 1118 4766 παράδοξόν
1160 4712 1214 4749 τι
1251 4694 1437 4753 θαῦμα
1478 4695 1633 4749 ἔσται
1663 4696 1796 4750 ποτε

197 4789 254 4841 ἐν
287 4789 632 4862 ἀνθρώποις,
678 4785 778 4840 καὶ
825 4788 1047 4856 σημεῖον
1101 4786 1372 4859 μηδέποτε
1416 4787 1682 4843 άκουσθὲν
1733 4789 1798 4840 ὲκ

196 4878 286 4933 τοῦ
322 4879 532 4943 παντὸς
563 4878 789 4942 αἰῶνος.
821 4879 1095 4950 Παρθένος
1121 4879 1315 4950 κυήσει
1351 4878 1477 4949 δίχα
1512 4879 1613 4949 τῆς
1659 4879 1798 4950 πρὸς

199 4972 360 5042 ἄνδρα
383 4969 708 5034 κοινωνίας,
743 4970 836 5024 καὶ
862 4970 993 5024 Θεὸν
1014 4973 1285 5042 γεννήσει,
1314 4972 1543 5043 Σωτῆρα
1564 4972 1655 5025 τοῦ
1687 4972 1799 5026 τῶν

199 5063 503 5136 ἀνθρώπων
532 5061 755 5131 γένους.
779 5062 1167 5123 Τοῦτοναύτὺν
1188 5065 1278 5117 τὸν
1309 5064 1570 5134 μέλλοντα
1602 5064 1803 5136 λαγχά-

199 5171 304 5208 νειν
336 5155 607 5224 τοιαύτης
628 5154 940 5224 γεννήσεως
966 5155 1098 5210 Θεδν
1123 5159 1349 5226 σημεῖον
1372 5157 1500 5227 ὑμῖν
1536 5160 1801 5230 σωτήριον

201 5245 446 5301 ἐντεῦθεν
492 5245 652 5318 ήδηὸ
695 5244 834 5308 Θεὸς
879 5247 1140 5318 παρέχει·
1193 5247 1222 5300 ὃ
1262 5247 1326 5319 δὴ
1366 5249 1460 5300 καὶ
1497 5251 1583 5312 εἰς
1636 5250 1800 5320 βάθος

203 5338 296 5406 μὲν
335 5337 402 5390 δι’
447 5339 518 5407 ἥν
561 5335 875 5406 ’ποιήσεται
921 5338 1112 5409 μέχρις
1165 5338 1290 5410 ᾅδου
1337 5340 1662 5407 κατάϐασιν,
1717 5343 1800 5405 εἰς

201 5430 326 5501 ὖτᾷος
349 5433 410 5485 δὲ
453 5430 548 5484 διὰ
584 5429 690 5501 τὴν
732 5429 814 5492 εἰς
846 5430 1106 5501 οὐρανοὺς
1136 5431 1419 5487 ἐπάνοδον.
1456 5435 1528 5487 Σὺ
1560 5430 1676 5496 οὖν,
1727 5430 1803 5487 οἷς

198 5539 287 5588 κος
317 5523 507 5587 Δαυῒδ,
546 5519 812 5576 ἐντεῦθεν
844 5520 942 5593 ήδη
989 5524 1130 5578 κατά
1168 5524 1258 5577 τὸν
1301 5525 1488 5597 καιρὸν
1521 5526 1618 5595 τῆς
1665 5527 1800 5597 πρὸς

197 5617 314 5680 τοὺς
343 5616 637 5689 παρόντας
671 5611 963 5682 πολεμίους
997 5614 1274 5686 συμϐολῆς
1303 5615 1575 5670 άνακαλοῦ
1609 5617 1792 5682 αὐτὸν,

209 5706 564 5780 Ἐμμανουὴλ
595 5702 980 5774 ἐπονομάζων,
1005 5707 1144 5779 ὅπερ
1169 5709 1235 5760 ὲκ
1255 5708 1353 5779 τῆς
1378 5709 1676 5782 ἑρμηνείας
1697 5712 1798 5782 τὴν

199 5799 288 5854 τοῦ
318 5801 482 5872 λόγου
522 5796 840 5869 παρίστησι
878 5795 1134 5872 δύναμιν·
1174 5817 1194 5851 ι
1255 5800 1373 5871 μεθ’
1420 5802 1580 5874 ἡμῶν
1621 5823 1639 5855 ι
1689 5803 1798 5876 γὰρ

208 5911 224 5946 t
260 5897 288 5950 ό
308 5895 441 5961 θεὸς
473 5916 495 5948 ι
531 5891 698 5958 δηλοῖ
722 5887 982 5957 τοῦνομα.
1015 5893 1292 5951 Πιστεύων
1314 5891 1406 5951 οὖν
1435 5897 1574 5969 Gtt:
1595 5895 1671 5966 τῷ
1702 5913 1800 5968 ση-

1911 4697 2222 4753 nolentibus
2251 4698 2561 4766 praebebit?
2603 4700 2928 4768 stupendum
2963 4698 3236 4769 quoddam
3265 4699 3502 4754 miracu-

1911 4787 2020 4842 lum
2065 4787 2359 4858 aliquando
2395 4788 2448 4842 in
2480 4788 2796 4843 hominibus
2826 4789 2973 4855 erit,
3003 4802 3067 4843 ac
3107 4789 3325 4858 signum
3364 4805 3505 4844 nun-

1910 4893 2074 4948 quam
2103 4879 2253 4934 omni
2285 4879 2484 4934 saeculo
2519 4879 2792 4934 auditum.
2821 4878 2988 4951 Virgo
3021 4890 3236 4934 uterum
3265 4881 3506 4951 gestabit

1911 4973 2030 5026 sine
2063 4970 2168 5025 ulla
2202 4985 2324 5026 cum
2367 4971 2487 5026 viro
2511 4971 2904 5026 consuetudine
2928 5013 2945 5039 ,
2981 4982 3035 5027 et
3072 4974 3239 5028 Deum
3277 4974 3499 5045 gignet,

1908 5062 2134 5117 humani
2165 5061 2382 5132 generis
2416 5061 2780 5117 Salvatorem.
2805 5064 2959 5119 Hunc
2991 5065 3190 5135 ipsum,
3215 5067 3306 5135 qui
3337 5065 3501 5120 talem

1908 5167 2089 5212 ortum
2114 5156 2380 5212 ducturus
2423 5166 2512 5212 est
2537 5199 2551 5222 ,
2585 5157 2762 5212 Deum
2789 5198 2805 5224 ,
2835 5161 2888 5214 in
2921 5160 3141 5227 signum
3168 5159 3326 5214 vobis
3353 5159 3502 5215 salu-

1910 5256 2026 5304 tare
2051 5249 2162 5318 jam
2193 5250 2396 5305 exhinc
2441 5249 2584 5306 Deus
2621 5253 2847 5308 exhibet
2881 5269 2895 5319 ;
2933 5252 3080 5322 quod
3101 5261 3155 5306 et
3186 5253 3240 5306 in
3278 5251 3504 5321 proluu-

1907 5340 2034 5396 dum
2060 5352 2116 5396 et
2141 5346 2192 5395 in
2223 5343 2390 5397 altum
2416 5345 2778 5408 extendetur;
2809 5346 2862 5398 in
2901 5342 3227 5411 profundum
3258 5342 3500 5411 quidem.

1911 5447 2006 5502 per
2034 5435 2360 5490 descensum
2394 5451 2553 5490 suum
2586 5450 2758 5505 usque
2795 5435 2867 5489 ad
2901 5435 3212 5499 infernum;
3247 5433 3299 5487 in
3330 5433 3502 5488 altum

1909 5541 2064 5592 vero,
2105 5543 2201 5597 per
2232 5543 2388 5582 suum
2416 5529 2483 5582 ad
2507 5528 2679 5582 ctelos
2710 5529 2972 5584 reditum.
3009 5527 3090 5580 Tu
3118 5541 3271 5596 ergo,
3304 5527 3502 5580 domus

1907 5618 2078 5674 David
2108 5661 2123 5687 ,
2161 5619 2277 5689 jam
2325 5620 2380 5674 in
2432 5630 2678 5691 tempore
2725 5621 2885 5689 hujus
2930 5634 3053 5675 cum
3103 5618 3344 5673 inimicis
3395 5619 3502 5672 tuis

1908 5727 2276 5783 congressus,
2326 5727 2493 5768 evoca
2539 5713 2692 5768 illum
2721 5753 2737 5777 ,
2784 5711 3107 5770 Emmanuel
3140 5724 3499 5780 nuncupatis,

1908 5806 2052 5876 quod
2089 5820 2157 5861 ex
2203 5804 2518 5876 signiﬁcatu
2567 5805 2719 5859 verbi
2762 5805 3017 5862 virtutem
3070 5801 3362 5871 declarat;
3396 5799 3502 5856 hoc

1908 5897 2108 5970 quippe
2126 5912 2345 5963 nomen,
2371 5917 2391 5952 ι
2430 5897 2721 5957 nobiscum
2749 5897 2916 5968 Deus,
2950 5916 2970 5950 ι
3007 5887 3501 5968 signiﬁcat.‘Signo
