4090 6426
590 388 698 449 1⁸55

1289 372 1558 433 EUSEBII
1591 360 2074 426 CESARlENSlS
2110 358 2261 417 OPP.
2301 352 2484 412 PARS
2524 353 2615 410 Ill.
2642 383 2703 393 —
2725 344 3140 406 EXEGE'BICA.

3750 335 3889 392 15οι

591 514 776 582 itaque
796 507 957 567 ﬁdem
1000 503 1207 559 habens
1224 496 1448 556 conllde
1477 512 1493 550 :
1518 505 1690 561 neque
1737 490 1881 544 ultra
1914 478 2162 542 Damasci
2191 531 2195 541 γ

2297 479 2405 549 ιείῳ
2433 476 2647 547 θάρσει,
2681 472 2777 527 καὶ
2815 467 3012 541 μηκέτι
3046 465 3145 537 μὲν
3173 462 3331 525 θεοὺς
3360 456 3633 514 ἀνακαλοῦ
3670 458 3854 528 Δαμα-

2371 567 2397 578 -
2542 566 2585 582 ..
2688 564 2702 580 ι
2734 580 2747 582 _
2794 560 2861 582 .-ι
2900 558 3057 582 ι---
3088 552 3316 582 n...n-:.-
3344 548 3655 582 ι-..,,.,ι..,...,
3690 564 3854 582 -.-η-

760 598 985 652 invocea
1007 632 1023 657 ,
1046 603 1227 661 neque
1251 601 1348 643 eos
1369 626 1385 650 ,
1416 584 1515 655 qui
1545 596 1651 637 non
1682 586 1832 644 sunt,
1870 575 2167 632 auxiliares

2269 548 2423 631 σκοῢ,
2461 566 2595 639 μηδὲ
2622 564 2749 626 τοὺς
2790 560 2867 632 μὴ
2898 558 3057 619 ὀντας
3088 552 3316 626 βοηθοὺς
3343 548 3655 623 έπιγράφου
3690 564 3856 601 σεαυ-

592 641 975 750 librascrihe;
1007 641 1566 758 'se—di'J'mmauuelem,
1603 682 1793 744 utpote
1819 641 2166 725 ’Deum‘cum

2299 659 2361 714 οὗ
2384 676 2399 690 ·
2436 658 2527 712 τὸν
2554 656 2613 711 δὲ
2642 648 3009 725 Ἐμμανουήλ,
3039 648 3116 711 ὼς
3139 646 3206 702 ἂν
3233 644 3366 701 Θεὸν
3392 641 3705 714 ἀνθρώποις
3736 656 3859 693 συν·

570 779 904 840 ‘hominihua
936 773 1229 842 aliquando
1258 778 1623 832 versaturum,
1644 765 1865 827 invoca,
1898 774 2021 816 eum
2046 770 2169 828 per-

588 871 737 927 lecta
770 870 969 927 ﬁducia
1004 878 1252 938 sperans.
1285 876 1351 917 ac
1375 857 1612 916 nominis
1635 854 1826 910 virtuti
1866 851 2026 907 iidem
2072 848 2169 902 ha-

594 963 755 1018 hena.

664 1053 773 1109 Sed
811 1064 910 1106 nos
942 1056 1232 1120 postquam
1262 1043 1370 1099 huc
1416 1036 1773 1097 devenimus.
1821 1030 2171 1120 animadver-
2205 1026 2215 1032 ‘

593 1153 714 1200 tere
740 1155 840 1211 par
864 1118 971 1203 est,
1009 1150 1120 1207 quo
1143 1145 1304 1206 pacto
1326 1127 1617 1201 prephetia
1665 1122 1848 1180 domui
1895 1119 2064 1176 David
2094 1118 2173 1173 di-

594 1210 1056 1301 aerteipruicipiat
1077 1270 1093 1295 ,
1139 1236 1201 1281 ut
1235 1239 1360 1279 eum
1397 1220 1488 1291 qui
1510 1233 1589 1285 ex
1612 1216 1836 1288 Virgine
1862 1210 2172 1267 nasciturus

595 1336 683 1382 est
705 1365 721 1390 ,
752 1318 1165 1379 Emmanuelem
1194 1323 1490 1385 nuncupet.
1520 1308 1657 1366 Nam
1694 1320 1749 1362 tu
1777 1308 1893 1376 ipsa
1921 1345 1937 1371 ,
1980 1304 2173 1358 domus

598 1416 798 1483 David,’
821 1428 945 1486 qua
970 1412 1082 1482 jam
1111 1407 1390 1481 propheta:
1419 1404 1552 1486 ades
1574 1440 1591 1466 ,
1634 1399 1861 1470 ejusque
1891 1402 2175 1486 sermones

594 1507 754 1563 audis
776 1480 798 1573 ν,
826 1480 1078 1574 eumqui
1102 1480 1159 1557 in
1191 1480 1454 1553 vaticinio
1481 1494 1679 1556 fertur,
1707 1488 1929 1544 vocabis
1956 1485 2176 1540 Emma-

590 1599 763 1666 nuel;
794 1596 931 1654 sesi
958 1573 1162 1651 clarius
1184 1589 1417 1655 diceret,
1448 1584 1587 1639 Eum
1624 1581 1721 1638 tibi
1746 1578 2046 1666 adiutorem
2063 1573 2173 1629 fre-

598 1690 856 1763 queutlus
875 1701 1064 1752 evoca,
1087 1684 1407 1755 plerumque
1437 1672 1856 1763 Emmanuelem
1876 1665 2176 1738 appellans,

2268 751 2528 825 εσόμενόν
2572 766 2739 816 ποτε,
2795 746 2972 809 κάλει,
3009 741 3230 815 θαρσῶν
3269 739 3368 793 σὺν
3400 733 3729 819 πεποιθήσει
3765 747 3860 786 τε·

2268 845 2408 917 λείᾳ,
2442 841 2717 899 πιστεύων
2746 842 2813 912 τῇ
2836 838 2940 910 τῆς
2974 830 3350 910 προσηγορίας
3375 827 3620 899 δυνάμει.

2353 1028 2492 1082 Ἀλλ’
2519 1023 2754 1081 ενταῦθα
2784 1019 3110 1093 γενομένους
3138 1014 3291 1089 ἡμᾶς
3338 1011 3632 1083 ἐπιστῆσαι
3684 1021 3860 1080 προσο

2271 1122 2417 1193 ήκει,
2447 1119 2524 1184 ὡς
2550 1115 2795 1189 ἀκριϐῶς
2825 1116 2861 1187 η
2904 1110 3212 1185 προφητεία
3241 1106 3322 1179 τῷ
3346 1106 3481 1177 οίκῳ
3502 1100 3667 1157 Δαυτδ
3687 1113 3863 1172 προσ-

2270 1191 2477 1280 τάττει,
2521 1209 2747 1265 καλέσαι
2791 1206 2885 1260 τὸν
2926 1206 2991 1259 ὲκ
3033 1206 3134 1279 τῆς
3176 1199 3455 1272 Παρθένου
3497 1191 3867 1280 γενησόμενον

2286 1301 2655 1379 Ἐμμανουήλ.
2700 1301 2774 1355 Σὺ
2802 1298 2914 1371 γὰρ
2939 1295 3121 1360 αὐτὸς,
3155 1295 3185 1348 δ
3211 1287 3359 1355 οῐκος
3393 1286 3576 1350 Δαυιδ,
3605 1286 3635 1339 δ
3663 1283 3761 1338 νῦν
3784 1279 3867 1352 τῷ

2275 1374 2534 1471 προφήτῃ
2589 1391 2918 1466 συμπαρὼν,
2967 1389 3065 1443 καὶ
3112 1384 3307 1441 τούτου
3361 1378 3713 1455 ἀκροώμενος
3753 1374 3866 1429 τῶν

2274 1466 2459 1559 λύγων.
2495 1466 2588 1541 seu
2625 1482 3021 1553 θεσπιζόμενον
3067 1477 3321 1539 καλέσεις
3372 1466 3752 1545 Ἐμμανουήλ·

2276 1583 2325 1635 εί
2349 1552 2362 1559 ⁷
2391 1577 2723 1651 σαφέστερον
2782 1552 2988 1641 ἔλεγεν,
3064 1562 3358 1624 Ἐπικαλοῦ
3418 1561 3613 1634 βοηθὸν
3682 1552 3869 1626 ἑαυτῷ

2278 1647 2540 1742 συνεχιῖις,
2598 1647 2860 1731 πολλάκις
2914 1656 3265 1733 Ἐμμανουήλ
3304 1652 3609 1727 ὀνομάζων,
3655 1650 3752 1703 καὶ
3792 1647 3871 1712 ὡς

602 1738 667 1836 ge
690 1787 750 1834 ut
779 1738 1108 1849 praestem
1150 1772 1243 1827 tibi
1278 1738 1447 1827 Deum
1476 1763 1808 1821 vociferans.
1834 1758 1988 1815 Licet
2028 1757 2174 1813 enim

2297 1738 2508 1819 τυνόντα
2537 1779 2619 1815 σοι
2646 1760 2801 1824 Θεὸν,
2833 1754 3023 1811 τοῦτον
3046 1748 3485 1821 ἀνακαλούμενος
3504 1762 3518 1777 ⁸
3562 1746 3612 1798 εί
3635 1743 3747 1816 γὰρ
3774 1738 3873 1796 καὶ

601 1826 1170 1939 longissimis-abhinc
1202 1859 1539 1931 temporibus
1569 1854 1809 1910 futurum
1834 1850 1928 1915 sit,
1952 1856 2011 1903 ut
2050 1862 2175 1903 eum

2297 1857 2349 1912 :&
2374 1854 2608 1929 μάλιστα
2636 1852 2869 1924 μακροῖς
2897 1848 3124 1919 ὕστερον
3150 1842 3363 1917 χρόνοις
3382 1843 3418 1912 ἡ
3448 1836 3727 1911 Παρθένος
3749 1831 3875 1889 τοῦ-

590 1938 775 2030 Yirgo
815 1958 868 2014 in
908 1966 1067 2012 utero
1090 1962 1273 2026 gestet
1293 1960 1352 2007 et
1387 1947 1605 2021 pariat;
1629 1945 1851 2015 quando
1887 1938 2182 2012 prophetia

608 2050 1068 2122 complementum
1093 2045 1365 2110 adveniet,
1402 2039 1622 2112 quando
1656 2037 1747 2092 ille
1773 2034 1941 2091 totius
1968 2032 2184 2105 generis

608 2142 834 2200 humani
884 2140 1139 2197 Salvator
1163 2134 1553 2196 declarabitur,
1600 2128 1713 2185 alio
1744 2136 1933 2184 utetur
1964 2124 2186 2182 nomine

608 2256 640 2291 a
680 2236 851 2292 salute
874 2233 1150 2297 derivato;
1181 2230 1276 2286 sed
1299 2228 1412 2298 iam
1434 2226 1538 2282 hoc
1577 2233 1824 2293 tempore
1864 2229 1920 2275 tu
1945 2260 1963 2287 ,
1991 2218 2188 2275 domus

609 2327 784 2385 David
806 2365 823 2393 ,
866 2339 991 2397 qua
1019 2324 1218 2379 bonum
1266 2335 1296 2374 a
1318 2318 1443 2373 Deo
1489 2316 1688 2387 pignus
1718 2308 1976 2378 accepisti
2007 2348 2025 2375 ,
2062 2320 2186 2362 eum

610 2420 803 2476 invoca
828 2457 846 2486 ,
889 2411 1300 2473 Emmanuelem
1344 2408 1621 2480 appellans
1654 2421 1671 2460 :
1712 2402 1943 2459 salutem
1989 2398 2191 2469 quippe

610 2508 711 2565 tibi
754 2503 1003 2563 credenti
1046 2513 1103 2559 et
1146 2500 1308 2556 dictis
1354 2494 1755 2568 obtemperanti
1805 2504 2000 2547 nomen
2058 2486 2189 2543 illud

610 2597 949 2657 conciliabit.
986 2594 1047 2652 Si
1087 2594 1233 2651 enim
1262 2592 1473 2648 dictum
1509 2588 1703 2644 fuisset
1723 2624 1741 2653 ,
1771 2600 1792 2636 ι
1828 2583 1896 2639 Et
1921 2582 2193 2637 vocabunt

613 2705 814 2775 nomen
849 2690 967 2757 eius
993 2682 1350 2749 Emmanuel,
1389 2700 1410 2735 ι
1447 2681 1627 2738 visum
1648 2678 1844 2735 luisset
1866 2676 1920 2731 in
1948 2672 2191 2730 futurum

611 2766 827 2853 ieiunus
852 2789 1019 2837 totam
1049 2776 1391 2849 prophetiam
1423 2772 1741 2836 remittere;
1788 2768 1893 2823 hoc
1923 2766 2067 2821 enim
2095 2779 2191 2833 pa-

498 2946 504 2951 r
613 2885 705 2933 cto
728 2870 1014 2929 dubitandi
1038 2884 1208 2926 causa
1231 2864 1635 2938 amphibologia
1667 2863 1723 2918 in
1762 2874 2021 2917 sermone
2058 2857 2195 2913 luis-

616 2977 737 3033 set;
772 2961 1210 3035 quandoquidem
1242 2960 1288 3014 is
1311 2958 1405 3029 qui
1445 2970 1513 3012 es
1554 2965 1741 3011 sancta
1781 2952 2008 3025 Virgine
2034 2959 2197 3005 natus

612 3063 709 3111 est
743 3054 993 3111 Salvator
1034 3060 1239 3116 noster,
1255 3041 1258 3045 ’
1277 3064 1383 3103 non
1406 3045 1733 3102 Emmanuel
1758 3086 1772 3112 ,
1796 3044 1891 3100 sed
1918 3039 2077 3098 Jesus
2103 3054 2199 3093 vo-

618 3157 775 3203 catus
796 3154 880 3201 est
906 3182 924 3209 ,
963 3142 1261 3198 secundum
1289 3137 1467 3208 angeli
1504 3136 1786 3192 oraculum
1819 3131 2054 3202 Josepbo
2084 3131 2198 3186 edi-

620 3248 735 3294 tum
764 3238 850 3294 his
878 3236 1080 3304 verbis,
1112 3253 1134 3289 ι
1172 3232 1252 3288 Ne
1287 3233 1479 3286 timeas
1517 3228 1769 3296 accipere
1799 3224 2026 3279 Mariam
2059 3237 2191 3276 con-

615 3330 798 3403 iugem
832 3339 980 3383 tuam
1009 3343 1025 3381 :
1054 3323 1199 3396 quod
1240 3322 1389 3377 enim
1426 3322 1479 3376 in
1510 3335 1574 3375 ea
1607 3328 1792 3373 natum
1819 3323 1904 3373 est
1927 3357 1943 3381 ,
1973 3330 2037 3370 ex
2070 3313 2195 3384 Spi-

619 3423 946 3489 ritusancto
968 3426 1073 3473 est.
1105 3415 1289 3469 Pariet
1313 3421 1494 3468 autem
1534 3409 1703 3464 lilium
1727 3450 1743 3476 ,
1768 3419 1823 3465 et
1850 3408 2069 3463 vocabis
2100 3422 2198 3462 no-

620 3529 747 3571 men
774 3508 1107 3583 ejusclesum
1137 3526 1152 3561 :
1182 3507 1299 3577 ipse
1326 3508 1472 3559 enim
1504 3504 1712 3558 salvum
1748 3502 1914 3557 faciet
1943 3500 2198 3573 populum

624 3622 785 3664 suum
814 3619 844 3658 a
882 3600 1126 3682 peccatis
1150 3600 1268 3670 ejus
1287 3598 1361 3651 σί.
1401 3614 1421 3649 ι
1459 3596 1517 3652 Si
1549 3596 1731 3664 itaque
1756 3593 1935 3661 Jesus,
1970 3608 2074 3648 non
2103 3608 2200 3647 au-

625 3710 736 3755 tem
765 3691 1103 3757 Emmanuel,
1133 3705 1329 3746 nomen
1367 3687 1581 3756 accepit
1622 3686 1885 3742 Dominus
1927 3696 2114 3741 noster
2146 3693 2201 3739 et

628 3792 881 3849 Salvator
920 3803 988 3843 ex
1037 3785 1257 3855 Virgine
1288 3790 1451 3838 natus
1477 3779 1774 3836 secundum
1816 3776 2154 3850 prophetiam
2183 3794 2198 3843 ;

627 3880 899 3955 quomodo
929 3893 1116 3935 verum
1140 3872 1306 3933 luerit
1330 3873 1614 3946 oraculum
1643 3872 1859 3937 dicens,
1888 3889 1907 3923 ι
1942 3870 2008 3926 Et
2038 3885 2205 3926 voca-

630 3979 769 4033 bunt
816 3984 1012 4030 nomen
1055 3968 1173 4038 eius
1220 3965 1581 4024 Emmanuel?
1618 3985 1638 4019 ι
1678 3964 2043 4033 Quamobrem
2094 3977 2204 4018 non

630 4069 727 4126 illo
776 4066 937 4120 modo
963 4063 1164 4119 dictum
1208 4071 1336 4128 est,
1376 4076 1487 4115 non
1531 4059 1677 4115 enim
1719 4057 1786 4113 ab
1820 4058 2073 4112 omnibus
2104 4057 2208 4112 hoc

632 4155 854 4213 nomine
888 4151 1241 4224 appellandus
1266 4161 1425 4215 erat;
1456 4150 1552 4205 sed
1581 4158 1831 4204 accurate
1859 4147 2208 4219 propheticus

632 4259 813 4303 sermo
855 4244 934 4299 sic
973 4243 1176 4306 habet,
1210 4259 1231 4295 ι
1273 4240 1341 4296 Et
1397 4240 1644 4295 vocabis.
1691 4257 1712 4291 ι
1748 4238 1828 4294 Tu
1872 4238 2019 4293 enim
2047 4238 2162 4305 ipsa
2188 4276 2204 4301 ,

631 4339 827 4394 domus
862 4334 1053 4403 David,
1083 4333 1241 4402 cuius
1268 4348 1431 4389 causa
1472 4332 1573 4387 hoc
1599 4329 1910 4385 vaticinium
1954 4329 2210 4385 enuntia-

632 4441 745 4499 tur,
776 4438 1001 4500 accepto
1029 4427 1223 4484 salutis
1251 4426 1473 4497 pignore
1500 4466 1516 4491 ,
1546 4439 1655 4495 quo
1690 4432 1931 4493 tempore
1956 4422 2078 4478 cum
2109 4422 2211 4476 ini-

2279 1928 2384 2005 τον
2404 1948 2598 2019 κυήσει
2633 1944 2729 2000 καὶ
2759 1941 2973 2008 τέξεται
2992 1956 3007 1971 ο
3047 1940 3137 1993 ὅτε
3176 1935 3272 1990 καὶ
3300 1934 3361 1988 τὺ
3392 1928 3747 2000 ἀποτέλεσμα
3778 1941 3874 1996 γερ

2281 2042 2504 2113 νήσεται
2534 2038 2635 2109 τῆς
2667 2031 3025 2107 προφητείας,
3059 2029 3149 2083 ὀτε
3181 2025 3278 2081 καὶ
3309 2021 3500 2094 Σωτὴρ
3527 2021 3875 2091 ἀναφανήσεο

2283 2112 2375 2186 ται
2401 2127 2497 2183 τοῦ
2522 2126 2726 2190 παντὸς
2748 2123 2847 2180 ἀνθ
2857 2120 3056 2196 ρώπων
3074 2118 3289 2189 γένους,
3316 2114 3396 2187 τῷ
3417 2112 3590 2186 ἑτέρω
3611 2112 3876 2187 χρήσεται

2285 2225 2509 2296 ὀνόματι
2544 2223 2644 2293 τῆς
2673 2217 2947 2289 σωτηρίας
2978 2211 3253 2283 ἐπωνύμῳ
3272 2227 3285 2241 ·
3315 2208 3430 2262 ἀλλ’
3459 2202 3707 2259 ἐντεῦθεν
3747 2200 3874 2272 ήδη,

2289 2291 2393 2381 σὺ,
2405 2318 2433 2370 ὀ
2452 2291 2608 2378 οἶκος.
2620 2309 2803 2373 Δαυτδ,
2822 2306 3029 2378 ἀγαθὸν
3055 2303 3308 2374 σύνθημα
3327 2298 3478 2373 παρὰ
3498 2294 3634 2350 Θεοῦ
3670 2291 3874 2355 λαϐὼν,

2288 2404 2585 2469 ἀνακαλῶ,
2610 2402 2703 2457 τὸν
2742 2397 3092 2472 Ἐμμανουήλ
3116 2392 3399 2467 ὀνομάζων
3416 2407 3431 2422 ο
3464 2385 3738 2458 σωτηρίαν
3767 2382 3880 2453 νάρ

2292 2517 2374 2554 σοι
2412 2495 2723 2552 πιστεύοντι
2772 2494 2866 2547 καὶ
2909 2487 3299 2561 πειθαρχοῦντι
3327 2486 3439 2547 τοῖς
3482 2478 3799 2549 λεγομένοις
3844 2474 3880 2547 ή

2288 2587 2515 2659 τοιαύτη
2540 2584 2863 2658 προξενήσει
2892 2580 3104 2651 κλῆσις.
3130 2575 3196 2631 Ei
3229 2576 3328 2647 μὲν
3351 2569 3444 2628 οὖν
3472 2570 3679 2642 εἴρητο,
3713 2585 3734 2617 ι
3768 2564 3883 2619 Καὶ

2292 2655 2595 2748 καλέσουσιν
2616 2677 2678 2732 τδ
2714 2675 2889 2745 ὄνομα
2915 2669 3080 2727 αὐτοῦ
3132 2663 3500 2740 Ἐμμανουήλ,
3541 2681 3560 2713 ι
3602 2656 3781 2725 ἔδοξεν
3814 2655 3884 2710 ἃν

2293 2773 2375 2836 είς
2427 2768 2689 2842 μέλλοντα
2730 2765 2922 2839 χρόνον
2956 2764 3055 2834 τήν
3098 2762 3280 2815 πᾶσαν
3319 2755 3711 2842 παραπέμπειν
3749 2764 3883 2842 προς

2295 2832 2525 2934 φητέίαν
2547 2876 2561 2889 ·
2593 2832 2890 2926 οὔτω-’γὰρ
2924 2832 3255 2924 ἀμφιϐολίαν
3299 2841 3444 2916 εἶχεν
3474 2846 3505 2897 ὀ
3534 2841 3692 2910 λόγος
3711 2855 3725 2869 ·
3761 2832 3889 2934 έπεὲ

2416 2923 2949 3023 Ἐμμανουήλ,τάΠά
2971 2923 3191 3015 Ἰησοῦς
3213 2938 3479 3008 κέκληται
3502 2934 3564 2988 τὸ
3588 2932 3761 3001 ὄνομα
3785 2923 3887 2981 τοῦ

2298 3024 2371 3104 ἐκ
2391 3048 2490 3119 τῆς
2518 3046 2681 3115 ἁγίας
2721 3041 2998 3114 Παρθένου
3031 3035 3381 3107 γεννηθέντος
3419 3030 3672 3101 Σωτῆρος
3704 3024 3886 3097 ἡμῶν,

2300 3117 2456 3195 κατὰ.
2474 3139 2565 3192 τὸν
2590 3136 2685 3190 τοῦ
2712 3134 2946 3205 ἀγγέλου
2975 3126 3363 3203 χρηματισμὸν
3388 3127 3635 3197 φήσαντα
3668 3119 3747 3189 τῲ
3783 3117 3891 3170 ’ἰω-

2302 3234 2411 3305 σήφ
2429 3249 2445 3263 ·
2476 3249 2495 3282 ι
2534 3228 2627 3301 Μή
2653 3226 2895 3298 φοϐηθῇς
2923 3219 3257 3294 παραλαϐεῖν
3286 3217 3505 3289 Μαρίαν
3530 3213 3626 3284 τήν
3653 3208 3896 3279 γυναῖκά

2301 3342 2431 3381 σουο
2474 3324 2536 3377 τὸ
2571 3322 2682 3393 γὰρ
2720 3322 2778 3372 ὲν
2807 3320 2945 3388 αὐτῇ
2996 3313 3256 3385 γεννηθὲν
3298 3312 3364 3365 ὲκ
3394 3305 3711 3377 Πνεύματός
3741 3305 3893 3357 ἐστιν

2297 3418 2476 3489 ἁγίου.
2504 3414 2730 3479 Τέξεται
2762 3412 2821 3465 δὲ
2854 3410 2991 3474 υἱὸν,
3022 3408 3119 3461 καῖ⁴
3146 3403 3400 3467 καλέσεις
3440 3400 3501 3455 τὸ
3526 3400 3697 3468 ὄνομα
3726 3394 3893 3450 αὑτοῦ

2311 3487 2518 3581 Ἰησοῦν
2538 3522 2552 3537 ο
2595 3503 2758 3567 αὐτὸς
2797 3502 2907 3574 7&9
2952 3499 3117 3553 σώσει
3158 3498 3251 3551 τὸν
3278 3494 3406 3550 λαὸν
3435 3490 3601 3549 αὐτοῦ
3644 3489 3753 3543 ἀπὸ
3783 3487 3897 3543 τῶν

2299 3580 2583 3674 ἁμαρτιῶν
2622 3593 2808 3650 αὑτοῦ.
2860 3612 2878 3645 ι
2926 3592 2990 3646 El
3034 3585 3126 3645 οὖν
3167 3587 3413 3661 Ἰησοῦς,
3457 3584 3569 3638 ἀλλ’
3603 3580 3725 3650 ούχὶ
3765 3580 3899 3649 Ἐμ-

2304 3671 2544 3766 μανουὴλ
2580 3690 2642 3743 τὸ
2674 3686 2968 3756 ἐπώνυμον,
3010 3682 3230 3754 εἴληφεν
3263 3682 3293 3733 ὀ
3342 3678 3547 3749 Κύριος
3601 3672 3759 3745 ήμῶν
3807 3671 3899 3725 καὶ

2302 3785 2516 3856 Σωτὴρ,
2540 3784 2605 3836 ὲκ
2629 3780 2730 3851 τῆς
2752 3776 3030 3850 Παρθένου
3068 3772 3350 3845 γεννηθεὶς
3377 3768 3520 3823 κατά
3555 3765 3654 3837 τήν
3690 3781 3901 3836 προφηο

2302 3877 2480 3932 τείαν·
2517 3872 2637 3937 πῶς
2669 3871 2735 3925 ἂν
2771 3870 2853 3923 ἔτι
2883 3865 3151 3938 ἠλήθευσε
3177 3863 3241 3917 τὸ
3267 3861 3449 3930 λόγιον
3480 3858 3683 3930 φῆσαν,
3728 3876 3746 3907 ι
3788 3856 3905 3910 Καὶ

2304 3968 2593 4025 καλέσουσι
2616 3964 2678 4017 τὸ
2697 3963 2869 4033 ὄνομα
2893 3959 3059 4015 αὐτοῦ
3096 3952 3483 4027 Ἐμμανουήλ;
3522 3971 3539 4003 ι
3569 3951 3771 4021 Διόπερ
3798 3949 3904 4003 οὐκ

2305 4060 2521 4133 εἴρηται
2566 4055 2664 4127 μὲν
2710 4052 2914 4116 οὓτως’
2966 4052 3028 4105 ού
3081 4048 3193 4121 γὰρ
3244 4046 3468 4116 ἔμελλεν
3519 4042 3625 4096 ὑπὸ
3678 4042 3905 4097 πάντων

2304 4153 2478 4223 τούτῳ
2506 4146 2787 4204 καλεῖσθαι
2814 4144 2893 4216 τῷ
2923 4144 3273 4217 προσρήματι
3294 4155 3308 4170 ⁸
3345 4134 3589 4209 ἀκριϐῶς
3621 4134 3679 4189 δὲ
3706 4132 3739 4187 ὀ
3766 4149 3910 4205 προ-

2306 4243 2532 4316 φητικδς
2573 4241 2752 4310 λόγος,
2790 4258 2810 4290 ι
2851 4238 2961 4291 Καὶ
2994 4234 3264 4296 καλέσεις.
3311 4250 3329 4283 ι
3372 4227 3637 4301 περιέχει.
3682 4226 3757 4280 Σὺ
3791 4224 3905 4295 7&9

2307 4314 2488 4395 αὐτὸς,
2523 4330 2552 4382 ὀ
2579 4325 2726 4391 οἶκος
2758 4325 2941 4387 Δαυῒδ,
2974 4324 3041 4377 δι’
3071 4324 3130 4377 ὃν
3171 4321 3343 4376 ταῦτα
3386 4318 3726 4382 θεσπίζεται,
3776 4314 3907 4369 σύν-

2314 4424 2465 4495 θημα
2512 4420 2785 4493 σωτηρίας
2835 4415 3018 4471 λαϐὼν
3063 4413 3202 4469 κατὰ
3242 4412 3332 4466 τὸν
3376 4409 3569 4481 καιρὸν
3609 4410 3711 4479 τῆς
3762 4408 3904 4480 πρὸς

635 4522 793 4579 micis
837 4519 1183 4593 congrederis
1205 4559 1222 4583 ,
1255 4520 1433 4588 ipsum
1486 4516 1896 4574 Emman‘uelem
1926 4529 2059 4569 voca
2084 4554 2101 4578 ,
2152 4523 2195 4569 el

2308 4517 2435 4579 τοὺς
2469 4512 2759 4583 πολεμίους
2810 4508 3107 4580 συμϐολῆς,
3175 4501 3527 4574 Ἐμμανουήλ
3577 4500 3755 4562 κάλει,
3807 4500 3905 4553 καὶ

633 4611 880 4667 victoria
922 4611 990 4665 de
1020 4609 1261 4664 inimicis
1296 4619 1464 4678 parta:
1509 4616 1791 4663 auctorem
1832 4604 2042 4661 ascribe
2072 4622 2085 4657 :
2118 4606 2211 4674 qui

636 4700 928 4773 aliquando
957 4700 1171 4770 quidem
1208 4714 1297 4773 es,
1327 4699 1551 4769 Virgine
1593 4698 1937 4763 nasciturus,
1978 4697 2073 4752 sed
2098 4694 2211 4765 iam

638 4796 781 4851 Deus
808 4804 865 4850 et
886 4793 1161 4848 nobiscum
1179 4800 1283 4857 est,
1311 4800 1365 4846 et
1382 4792 1492 4862 jam
1523 4790 1621 4846 tibi
1651 4806 1845 4862 magna
1879 4790 1946 4845 ad
1982 4790 2211 4845 salutem

638 4887 849 4943 tribuit.
879 4885 1071 4939 Divino
1106 4884 1291 4953 itaque
1315 4891 1583 4954 praecepto
1616 4882 1776 4937 [idem
1818 4882 2026 4937 habens
2050 4920 2066 4947 ,
2097 4880 2214 4936 l're-

636 4989 869 5053 quenter
892 4978 1067 5046 ipsum
1097 4976 1290 5032 invoca
1315 4975 1647 5045 adiutorem,
1672 4973 2077 5029 Emmanueiem
2112 4988 2212 5045 ap-

638 5073 864 5144 pellans.
893 5070 1135 5138 Quadam
1172 5068 1321 5123 enim
1350 5066 1659 5135 huiusmodi
1709 5082 1805 5121 ceu
1838 5067 2213 5122 incantatione

640 5180 777 5235 opus
802 5170 888 5218 est
910 5200 927 5227 ,
953 5171 1014 5216 ut
1046 5173 1113 5216 ne
1158 5157 1495 5214 daemonibus
1533 5157 1884 5213 auxiliaribus
1924 5158 2173 5213 attendas
2198 5197 2214 5223 ,

643 5258 738 5313 sed
766 5255 940 5324 solum
966 5252 1373 5309 Emmanueiem
1403 5252 1622 5306 invoces
1644 5288 1661 5315 ,
1692 5265 1757 5305 ac
1787 5264 1882 5322 per
1910 5252 2083 5321 ipsum
2128 5265 2217 5305 sa-

644 5350 809 5405 lutem
836 5346 1192 5403 nanciscaris.
1220 5343 1474 5401 Nonnulli
1509 5357 1640 5399 vero
1666 5343 1776 5398 hac
1818 5342 2040 5398 minime
2067 5344 2215 5413 cogi-

647 5451 822 5496 tantes
842 5480 859 5508 ,
885 5439 940 5502 in
968 5436 1259 5509 Evangelio
1284 5435 1581 5492 secundum
1611 5432 1923 5488 ﬂanimeum
1952 5477 1967 5498 ,
1998 5450 2096 5505 pro
2120 5434 2212 5488 illo

651 5548 673 5585 ι
710 5540 766 5586 et
790 5530 1035 5595 vocabis,
1071 5547 1090 5581 ι
1133 5546 1153 5580 ι
1182 5536 1239 5585 et
1260 5528 1554 5594 vocabunt,
1588 5542 1608 5577 ι
1640 5526 1905 5594 scripsere
1941 5545 1955 5581 :
1986 5536 2041 5581 at
2082 5540 2212 5596 pro-

648 5622 866 5692 phetica
917 5621 1078 5677 lectio
1119 5634 1224 5675 non
1251 5618 1335 5675 sic
1360 5617 1561 5686 habet;
1589 5618 1687 5673 sed
1728 5614 1997 5674 Hebraica
2052 5618 2213 5675 lectio

716 5801 767 5835 ⁸¹
788 5798 977 5858 Iatth.
1013 5814 1052 5859 I.
1078 5798 1168 5860 20.
1205 5796 1299 5855 τι.

2311 4609 2411 4679 τῆς
2443 4607 2550 4676 τῷν
2586 4602 2860 4674 πολεμίων
2891 4602 3058 4671 ἥττης
3108 4597 3417 4670 ὲπιγρὰφου
3454 4592 3643 4649 τοῦτον
3688 4592 3899 4645 αἴτιον·

2314 4704 2378 4755 ὲκ
2419 4698 2699 4772 Παρθένου
2741 4697 2840 4767 μὲν
2873 4690 3269 4763 γεννησόμενόν
3313 4706 3465 4752 ποτε,
3512 4687 3716 4760 ήδηηδὲ
3769 4685 3905 4740 Θεὸν

2313 4791 2462 4853 ὅντα,
2506 4790 2600 4843 καὶ
2652 4787 2767 4858 μεθ’
2804 4782 2961 4855 ήμῶν
3001 4782 3149 4843 ὀντα,
3195 4777 3445 4832 ἐντεῦθεν
3483 4776 3541 4830 δὲ
3573 4776 3674 4847 ήδη
3706 4775 3779 4828 τὰ
3808 4790 3908 4845 με-

2314 4882 2457 4953 γάλα
2491 4877 2627 4953 προς
2655 4875 2931 4947 σωτηρίαν
2961 4871 3353 4944 χαριτούμενόν
3384 4886 3487 4923 σοι.
3505 4866 3787 4921 Πιστεύων
3810 4861 3906 4920 οὖν

2314 4974 2393 5045 τῷ
2454 4972 2583 5043 θείῳ
2636 4969 3054 5041 προστάγματι,
3114 4962 3354 5033 συνεχῶς
3427 4960 3589 5014 αὑτὸν
3640 4956 3906 5012 έπικαλοῦ

2319 5063 2532 5136 βοηθὸν,
2583 5056 2930 5131 Ἐμμανουήλ
2969 5054 3272 5126 ὀνομάζων.
3310 5051 3583 5121 Τοιαύτης
3629 5051 3737 5121 γάρ
3761 5066 3909 5113 τινος

2314 5158 2505 5229 ὥσπερ
2554 5153 2769 5224 ἐπῳδῆς
2800 5150 2978 5223 χρεία,
3024 5149 3161 5221 πρὸς
3198 5148 3261 5201 τὸ
3308 5146 3383 5218 μὴ
3424 5146 3645 5217 δαίμοσι
3688 5141 3908 5217 βοηθοῖς

2318 5249 2638 5322 προσέχειν
2687 5243 2847 5315 μόνον
2877 5242 2931 5295 δὲ
2964 5242 3055 5294 τὸν
3114 5237 3461 5310 Ἐμμανουήλ
3500 5237 3903 5303 ἑπικαλεὲσθαι,

2317 5340 2412 5393 καὶ
2445 5338 2513 5392 δι’
2546 5332 2713 5390 αὐτοῦ
2746 5330 3035 5395 σώζεσθαι.
3062 5328 3249 5383 Ταῦτα
3293 5329 3368 5399 μὴ
3395 5327 3691 5399 νοήσαντές
3737 5344 3905 5391 τινες,

2314 5431 2372 5482 ὲν
2401 5426 2480 5499 τῷ
2504 5424 2648 5481 κατὰ
2672 5422 2949 5478 Ματθαίον
2978 5421 3317 5492 Εύαγγελίῳ,
3341 5419 3463 5473 ἀντὶ
3484 5418 3603 5480 τοῦ,
3637 5437 3655 5469 ι
3690 5424 3787 5472 καὶ
3808 5437 3910 5473 κα-

2310 5522 2512 5586 λέσεις,
2532 5537 2655 5571 ι-ι
2676 5516 2770 5569 καὶ
2782 5513 3089 5576 καλέσουσι,
3126 5531 3142 5565 ι
3183 5513 3546 5584 πεποιήκασιν
3565 5527 3580 5542 ο
3606 5510 3705 5581 οὐχ
3733 5509 3911 5574 οὕτως

2312 5615 2543 5688 ἐχούσης
2568 5613 2669 5684 τῆς
2693 5608 3040 5682 προφητικῆς
3060 5606 3260 5675 λέξεως
3283 5623 3295 5637 ⁸
3327 5607 3363 5677 δή
3394 5622 3455 5659 τε
3488 5603 3598 5678 γὰρ
3642 5600 3910 5676 Ἑϐραῖχὴ
