4090 6414
2995 11 3270 22 -ση-ῂ-’ν-Ῥ-

2597 26 2648 28 ___
2667 25 2690 28 ν,
2707 24 2742 26 --.
2753 20 2966 27 __———————

173 445 273 501 l37
1120 438 1633 498 COMMENTARIA
1672 436 1739 492 IN
1777 433 2037 493 ISAIAI.
2077 465 2145 476 —
2181 431 2335 489 CAP.
2380 427 2489 484 VII.
3371 423 3469 478 l38

173 562 351 632 φωνὴ,
384 560 574 633 ταύτῃ
609 577 670 614 τε
706 563 1071 634 καταλληΑως,
1116 562 1208 615 καὶ
1249 562 1490 624 ἅπαντες
1527 561 1577 613 οἰ
1617 560 1788 630 ἐρμη-

1912 572 2013 611 :um
2036 557 2137 610 hac
2168 563 2350 609 nostra
2383 547 2638 617 congruit
2665 569 2677 603 ι
2710 556 2761 600 et
2800 557 2992 600 omnes
3027 544 3350 612 interpretes
3383 556 3473 594 vo-

171 657 387 721 νευταὶ,
425 655 752 720 καλέσεις,
781 654 1155 709 ἐκδεδώκασιν.

1912 649 2042 702 :abis
2065 646 2373 702 ediderunt.

251 767 270 798 ι
311 747 737 817 Βούτυρονοκαὶ
769 745 887 817 μέλι
915 747 1167 816 φάγεται,
1204 749 1333 818 πρὶν
1368 746 1399 815 ἢ
1447 744 1648 812 γνῶναι
1689 743 1789 796 αύ-

1978 739 2140 794 Vnts.
2179 737 2263 792 l5.
2297 755 2315 788 ι
2356 735 2614 801 Butyrutn
2649 739 2702 787 et
2733 729 2836 785 mel
2861 727 3106 783 comedet
3131 765 3146 788 ,
3177 732 3470 818 antequam

174 838 287 903 τὸν,
318 839 354 908 ἢ
391 816 741 909 προελέσθαι
775 816 1005 909 πονηρὰ,
1035 816 1355 902 ἐκλέξασθαι
1388 836 1448 890 τὺ
1491 835 1716 904 ἀγαθόν.
1768 853 1785 884 ι

1912 835 2032 890 tciat
2054 833 2190 901 ipse,
2223 837 2314 883 aut
2337 826 2622 898 praeligat
2668 823 2832 887 mala,
2866 820 3070 890 eligere
3101 817 3326 873 bonum.
3357 834 3378 869 ι
3399 816 3468 909 _Si

177 931 238 984 Ei
257 929 395 999 γοῦν
425 928 748 998 θαυμάζεις
773 929 901 982 Θεὸν
935 928 1270 1000 γεννώμενον
1299 927 1536 992 ἀκούων,
1573 927 1792 978 πίστευ-

179 1039 292 1085 σον,
335 1022 426 1074 ὅτι
466 1023 572 1074 καὶ
612 1025 787 1092 τροφῇ
834 1023 1040 1092 νηπίων
1085 1025 1369 1094 χρήσεται.
1403 1023 1477 1074 Ού
1507 1022 1618 1092 γὰρ
1653 1020 1794 1074 κατά

177 1132 295 1168 τινα
353 1115 686 1182 φαντασίαν
720 1114 1010 1185 ὀφθήσεται
1044 1115 1358 1186 ἄνθρωπος,
1397 1114 1510 1185 (ﬂ)
1559 1112 1683 1165 οὕτε
1716 1113 1795 1183 τῷ

178 1206 356 1260 δοκεῖν
408 1205 581 1258 ἔσται
633 1206 696 1259 τὺ
745 1206 1061 1276 γινόμενονο
1111 1206 1224 1260 ἀλλ’
1273 1205 1491 1274 άληθῶς
1538 1206 1794 1274 τοιαύτην

181 1297 457 1368 ὑπομενεῖ
509 1298 808 1368 γέννησιν,
854 1298 927 1360 ὡς
978 1299 1298 1367 κοινωνῆσαι
1331 1297 1540 1365 νηπίων
1587 1298 1790 1367 τροφῇ⁸

184 1390 438 1462 βουτύρῳ
460 1390 622 1458 λέγω
648 1390 742 1443 καὶ
767 1390 938 1460 μέλιτι
963 1390 1162 1460 ὁμοίως
1186 1393 1295 1453 τοῖς
1320 1389 1524 1452 λοιποῖς
1550 1387 1791 1459 βρέφεσι.

181 1482 352 1549 Τοῦτο
386 1482 497 1552 μὲν
525 1477 626 1534 οὖν
651 1481 1018 1552 ἀνθρώπινον·
1058 1483 1115 1534 τὸ
1141 1482 1197 1534 δὲ
1227 1483 1324 1552 τῆς
1353 1482 1604 1553 θεότητος
1630 1480 1794 1534 αὑτοῦ

182 1574 614 1644 παραστατικὸν
637 1574 813 1626 ἐκεῖνο
837 1572 901 1626 ἂν
928 1573 1037 1641 εἴη,
1063 1575 1144 1626 ὅτι
1168 1575 1296 1645 πρὶν
1328 1574 1361 1644 ἢ
1384 1574 1585 1642 γνῶναι
1609 1573 1793 1636 αὑτὸν,

182 1665 214 1732 ἧ
248 1663 595 1734 προελέσθαι
634 1663 867 1735 πονηρὰ,
915 1659 1189 1730 ἐκλέξέται
1231 1665 1292 1718 τὸ
1323 1665 1560 1733 ἀγαθὸν,
1593 1667 1687 1719 καὶ
1728 1666 1797 1719 τὰ

183 1756 330 1827 ἑξῆς.
368 1757 658 1829 Σημαίνει
701 1757 759 1810 δέ
793 1760 822 1811 ὁ
853 1757 1027 1826 λόγος,
1063 1759 1144 1811 ὅτι
1189 1761 1283 1814 καὶ
1323 1761 1452 1831 παρ’
1497 1759 1664 1830 αὐτὴν
1697 1761 1796 1830 τὴν

182 1849 446 1919 γέννησιν
475 1849 824 1922 διακριτικός
852 1866 934 1912 τις
977 1845 1062 1920 ἦν,
1099 1851 1190 1903 καὶ
1224 1850 1447 1919 ἀγαθῶν
1489 1851 1792 1922 ποιητικὸς,

1894 937 2027 992 ergo
2065 920 2286 976 miraris
2311 960 2326 984 ,
2358 933 2480 974 cum
2505 916 2695 970 audias
2737 923 2924 967 natum
2957 911 3126 964 Deum
3153 948 3170 973 ,
3202 916 3257 960 at
3283 906 3472 968 crede,

1896 1016 2153 1086 quoniam
2195 1012 2482 1070 infantium
2524 1010 2648 1064 cibo
2686 1021 2884 1062 usurus
2913 1014 3014 1058 est.
3056 1001 3172 1056 Non
3213 1000 3356 1054 enim
3390 1013 3476 1052 se-

1896 1109 2134 1165 cundum
2189 1104 2479 1177 quamdam
2532 1101 2878 1172 phantasiam
2933 1097 3096 1151 homo
3146 1091 3474 1162 apparebit.

1897 1215 2072 1270 neque
2131 1198 2342 1269 species
2381 1195 2554 1250 solum
2603 1193 2710 1246 erit
2766 1191 2819 1244 id
2869 1188 3013 1259 quod
3043 1187 3328 1258 gignetur;
3380 1184 3475 1238 sed

1896 1295 2144 1349 eumdem
2183 1306 2370 1347 revera
2417 1301 2602 1344 ortum
2659 1285 2896 1347 subibit,
2951 1285 3022 1338 ita
3079 1291 3136 1335 ut
3184 1278 3474 1334 infantium

1899 1385 2158 1441 alimento
2199 1394 2408 1448 utatur,
2442 1383 2640 1453 butyro
2667 1379 2918 1435 videlicet
2944 1386 2998 1432 et
3025 1373 3183 1430 melle
3206 1411 3223 1440 ,
3252 1371 3481 1442 perinde

1897 1488 2063 1548 atque
2097 1477 2186 1531 alii
2223 1476 2480 1532 infantes.
2511 1477 2573 1531 Et
2609 1477 2710 1531 hoc
2755 1472 2971 1542 quidem
3017 1471 3313 1524 humanum
3352 1473 3475 1518 est:

1897 1573 2039 1641 quod
2061 1580 2240 1625 autem
2289 1570 2542 1625 deitatem
2589 1569 2706 1639 ejus
2729 1567 2970 1622 declarat
3004 1562 3134 1617 illud
3174 1569 3300 1627 est,
3335 1561 3480 1630 quod

1897 1664 2211 1734 priusquam
2242 1662 2333 1717 ille
2364 1662 2503 1716 mala
2539 1662 2624 1716 vel
2656 1659 2864 1714 noverit
2899 1657 2982 1710 vel
3022 1653 3341 1725 pratulerit,
3390 1651 3484 1706 eli-

1898 1766 1987 1826 get
2025 1744 2226 1810 bonum
2251 1795 2266 1821 ,
2302 1765 2410 1809 etc.
2449 1753 2546 1809 His
2585 1767 2751 1824 porro
2781 1750 3121 1821 significatur
3151 1747 3236 1802 vel
3277 1744 3330 1799 in
3365 1745 3484 1814 ipso

1897 1857 2022 1899 ortu
2049 1844 2399 1900 discernendi
2428 1846 2477 1898 vi
2507 1844 2793 1914 praeditum
2822 1879 2838 1905 ,
2861 1855 2926 1895 ac
2955 1841 3218 1894 bonorum
3243 1845 3484 1908 patrato-

181 1943 212 1992 δ
255 1941 670 2011 Ἐμμανουὴλ,
704 1941 766 1993 τὺ
806 1941 1048 2011 κριτικὸν
1091 1942 1150 2008 ἐξ
1195 1943 1407 1996 ἐκείνου
1442 1942 1795 2012 κεκτημένος,

1912 1953 2014 1992 rem
2057 1937 2460 1992 Emmanuelem
2488 1937 2678 2000 fuisse,
2702 1933 2815 2024 jam
2841 1944 2967 1988 tunc
3006 1931 3196 2002 judicii
3223 1928 3483 1985 facultate

185 2035 278 2087 καὶ
307 2035 728 2105 ἀποσειόμενος
775 2033 872 2104 μὲν
904 2034 964 2088 τὸ
995 2035 1191 2088 κακόν⁵
1228 2035 1386 2105 μόνον
1413 2034 1470 2087 δέ
1497 2035 1560 2088 τὸ
1596 2033 1798 2102 ἀγαθὸν

184 2124 634 2195 ἀποδεχόμενος.
677 2123 946 2195 Τοιαύτης
979 2124 1087 2195 γὰρ
1133 2124 1323 2190 ἔσται,
1375 2125 1543 2196 φησὶ,
1585 2123 1798 2194 φύσεως

187 2218 279 2270 καὶ
302 2219 365 2283 ἐξ
401 2218 589 2287 αὐτῆς
619 2216 720 2287 τῆς
761 2217 1087 2286 γεννήσεως.

262 2329 282 2361 ι
324 2309 448 2362 Καὶ
490 2309 654 2362 ἐσται
704 2309 764 2360 ἐν
807 2310 873 2378 τῇ
905 2307 1092 2379 ἡμέρᾳ
1126 2306 1328 2378 ἐκείνῃ,
1385 2308 1558 2378 συριεῖ
1597 2306 1800 2377 Κύριος

192 2401 406 2472 μυίαις,
466 2402 529 2454 αῖ
589 2399 944 2472 κυριεύσουσι
992 2399 1157 2470 μέρος
1204 2397 1454 2470 ποταμοῦ
1497 2398 1798 2467 Αἰγύπτου,

190 2494 284 2547 καὶ
315 2496 386 2564 τῇ
436 2493 709 2566 μελίσσῃ,
739 2492 774 2562 ἦ
803 2494 949 2545 ἐστιν
977 2493 1034 2545 ἐν
1059 2489 1213 2562 χώρᾳ
1257 2493 1578 2563 Ἀσσυρίων.
1619 2512 1638 2545 s
1691 2493 1800 2562 Ση-

193 2583 377 2654 μαίνει
406 2583 509 2638 διὰ
536 2583 748 2636 τούτων
777 2584 804 2635 ὁ
829 2583 986 2650 λόγος
1009 2582 1326 2649 Αἰγυπτίων
1355 2582 1566 2654 ἀνδρῶν
1591 2582 1800 2651 εφοδον,

190 2674 285 2738 οὓς
330 2692 516 2745 φησιν
555 2673 714 2745 ἥξειν
752 2673 987 2744 ἐπὶΙτὴν
1024 2672 1284 2726 Ἰουδαίαν
1307 2672 1491 2744 χώραν
1525 2674 1626 2728 οὐκ
1675 2674 1802 2728 ἄνευ

193 2767 331 2822 Θεοῦ
355 2809 372 2834 ,
407 2767 659 2838 νεύματι
689 2768 888 2833 αὐτοὺς
915 2766 1009 2819 τοῦ
1045 2765 1252 2836 Κυρίου
1280 2765 1660 2838 διεγείροντος,
1706 2767 1802 2820 καὶ

193 2860 388 2932 ὥσπερ
472 2858 786 2931 συρίγματι
845 2857 1242 2930 παρορμῶντος
1295 2858 1492 2921 αὐτοὺς
1550 2858 1659 2912 ἀπὸ
1708 2859 1806 2930 τῆς

196 2951 492 3020 Αἰγύπτου
531 2968 546 2982 ⁸
582 2952 682 3004 καὶ
715 2950 815 3004 οὐκ
847 2949 955 3003 ἀπὸ
987 2950 1169 3021 πάσης
1200 2949 1427 3017 ταύτης,
1460 2949 1576 3003 ἀλλ’
1609 2952 1674 3003 ἐκ
1709 2951 1804 3022 μέ-

203 3058 328 3111 ρους
376 3042 594 3113 αὒτῆς.
637 3041 710 3094 Ἦ
741 3042 834 3094 καὶ
865 3041 954 3095 διὰ
983 3040 1046 3094 τὸ
1071 3041 1291 3112 λύθροις
1323 3041 1420 3095 καὶ
1466 3041 1662 3112 αἵμασι
1694 3045 1806 3106 τοῖς

202 3131 345 3186 κατὰ
391 3134 501 3204 τὴν
554 3130 867 3203 ἀκάθαρτον
919 3131 1360 3203 εἰδωλολατρείαν
1418 3133 1629 3203 χαίρειν
1682 3135 1807 3197 τοὺς

1899 2031 2227 2085 instructum
2264 2045 2278 2083 :
2305 2045 2367 2085 ac
2394 2029 2594 2084 malum
2618 2022 2835 2097 quidem
2865 2027 3252 2089 excutientem,
3281 2022 3482 2078 bonum

1899 2137 2030 2178 vero
2065 2123 2330 2177 duntaxat
2361 2121 2805 2191 amplectentem.
2826 2118 2976 2173 Talis
3005 2117 3206 2189 quippe
3254 2128 3485 2184 natura,

1901 2212 2095 2282 inquit,
2122 2213 2206 2268 vel
2241 2214 2309 2267 ab
2344 2213 2460 2283 ipso
2486 2221 2611 2267 ortu
2651 2209 2868 2266 futurus
2893 2220 3002 2266 est.

1971 2302 2135 2360 Vsus.
2179 2305 2266 2360 18.
2308 2326 2328 2357 ι
2363 2305 2429 2360 Et
2453 2305 2562 2359 erit
2590 2304 2642 2359 in
2670 2303 2759 2357 die
2785 2302 2894 2366 illa,
2935 2302 3177 2358 sibilabit
3225 2301 3487 2360 Dominus

1903 2401 2126 2462 muscis,
2157 2405 2278 2465 mm
2298 2395 2734 2451 dominabuntur
2760 2395 2901 2463 parti
2934 2393 3174 2450 ﬂuminis
3217 2391 3443 2466 Egypti
3467 2433 3484 2459 ,

1900 2498 1955 2540 et
1978 2488 2066 2557 api
2089 2527 2105 2552 ,
2145 2503 2269 2558 qua:
2295 2489 2459 2544 estin
2491 2487 2716 2556 regione
2760 2486 3132 2556 Assyriorum.
3176 2505 3194 2537 ι
3229 2485 3324 2542 His
3353 2501 3487 2542 vero

1902 2582 2172 2646 significat
2205 2579 2592 2650 Egyptiorum
2627 2578 2870 2632 virorum
2914 2579 3274 2650 irruptionem
3302 2597 3317 2634 :
3348 2593 3488 2650 quos

1904 2673 1978 2726 ait
2002 2688 2107 2726 non
2140 2674 2259 2727 sine
2285 2671 2395 2727 Deo
2421 2681 2683 2726 venturos
2725 2685 2849 2726 esse
2886 2672 2938 2726 iu
2965 2670 3274 2727 Judaorum
3305 2673 3489 2743 regio-

1907 2778 2029 2816 nem
2055 2803 2070 2828 ,
2107 2764 2334 2818 Domino
2378 2778 2475 2832 per
2523 2763 2699 2818 solum
2737 2774 2928 2818 nutum
2969 2775 3384 2828 commovente,
3437 2777 3494 2820 et

1905 2858 2057 2925 quasi
2091 2856 2250 2912 sibilo
2280 2857 2554 2911 excitante
2579 2855 2699 2911 illos
2741 2872 2806 2911 ex
2838 2856 3073 2926 Egypto
3102 2872 3116 2909 :
3149 2872 3251 2911 nec
3275 2872 3341 2910 ex
3375 2866 3492 2912 tota

1908 2948 1995 3001 illa
2017 2988 2032 3011 ,
2063 2949 2160 3003 sed
2189 2963 2253 3001 cx
2303 2957 2456 3014 parte
2483 2948 2713 3017 quadam
2755 2949 3022 3015 ejusdem.
3053 2946 3147 3002 Vel
3169 2948 3294 3016 quia
3325 2948 3498 3019 Egy-

1909 3041 2004 3107 ptii
2035 3083 2049 3105 ,
2081 3054 2280 3094 cruore
2311 3048 2368 3094 et
2415 3041 2683 3110 sanguine
2717 3040 2784 3094 ab
2828 3041 3039 3110 impura
3077 3039 3384 3094 idololatria
3415 3041 3497 3096 ef-

1911 3133 2030 3188 fuso
2057 3132 2496 3199 delectabantur,
2532 3134 2678 3203 ipsos
2703 3132 2906 3187 muscis
2951 3143 3234 3202 comparat
3266 3149 3282 3187 :
3321 3134 3492 3204 Assy-

202 3223 575 3292 Αἰγυπτίους,
624 3223 964 3296 παρασάλλει
1011 3224 1197 3294 μυίαις
1230 3224 1423 3288 αὐτούς
1447 3241 1460 3253 ·
1499 3225 1598 3296 τὴν
1621 3224 1676 3278 δὲ
1699 3225 1807 3279 τῶν

1913 3227 2117 3280 riorum
2151 3234 2334 3280 autem
2376 3223 2626 3279 bellicam
2667 3225 2922 3279 virtutem
2951 3265 2966 3286 ,
3028 3225 3176 3294 quod
3207 3223 3280 3278 illi
3309 3221 3493 3279 hostili

213 3316 535 3388 ’Δσσυρίων
575 3314 883 3387 πολεμικὴν
907 3315 1135 3386 δύναμιν
1169 3304 1256 3370 διὰ
1281 3315 1342 3370 τὸ
1371 3316 1650 3388 πολεμικῷ
1681 3318 1804 3371 κέν-

199 3424 316 3481 τρῳ
337 3408 687 3479 κεχρῆσθαι,
720 3408 818 3462 καὶ
847 3408 954 3461 τῶν
985 3408 1187 3461 λοιπῶν
1213 3407 1382 3462 ἐθνῶν
1407 3409 1527 3462 τότε
1559 3411 1803 3481 κρατεῖν,

207 3499 446 3571 μελίσσῃ
483 3498 792 3552 ἀπείκασε.
845 3497 1028 3552 Ταῦτα
1072 3498 1129 3551 δὲ
1172 3498 1474 3570 ἐπληροῦτο
1503 3499 1644 3552 κατὰ
1678 3499 1806 3563 τοὺς

201 3589 433 3660 χρόνους
486 3589 595 3658 τῆς
649 3586 876 3660 πρώτης
921 3589 1233 3661 πολιορκίας
1273 3589 1644 3661 Ἰερουσαλὴμ,
1681 3589 1804 3643 καθ’

202 3680 294 3744 οὓς
309 3683 618 3750 Αἰγύπτιοι
639 3681 740 3752 μὲν
753 3683 804 3734 ul
823 3681 1140 3754 καλούμενοι
1169 3686 1321 3754 μυῖαι
1337 3682 1471 3754 (15),
1495 3685 1584 3737 ὅτε
1601 3683 1805 3737 τούτων

205 3773 467 3845 βασιλεὺς
500 3772 711 3846 Φαραὼ
746 3773 987 3828 ἐπελθὼν
1020 3779 1084 3848 τῇ
1133 3775 1421 3837 Ἰουδαίων,
1449 3777 1541 3830 τὸν
1597 3776 1804 3830 Ἰωσίαν

201 3860 292 3917 τὸν
345 3863 589 3932 βασιλέα
631 3863 738 3932 τῆς
779 3863 1163 3936 Ἰερουσαλὴμ,
1214 3864 1324 3918 τῶν
1377 3865 1661 3936 ἐπιφανῶν
1712 3867 1805 3920 καὶ

205 3952 476 4024 θεοφιλῶν
506 3953 725 4026 ἀνδρῶν
753 3954 966 4019 οὐδενὸς
991 3956 1264 4030 δεύτερον,
1302 3957 1537 4030 ἀναιρεῖ.
1574 3954 1683 4011 Εἶτ’
1705 3958 1804 4011 οὐκ

203 4048 283 4109 τίς
322 4046 560 4118 μακρὰν
586 4047 617 4100 ὁ
643 4045 754 4098 τῶν
788 4045 1142 4101 Βαϐυλωνίων
1179 4047 1430 4118 βασιλεὺς
1471 4048 1806 4120 Ναϐουχοδο-

205 4139 366 4210 νόσορ
399 4141 506 4193 σὺν
568 4139 792 4213 μεγάλῃ
829 4143 1084 4212 στρατιᾶς
1124 4141 1349 4212 δυνάμει
1399 4140 1660 4206 ἐπελθὼν,
1710 4143 1812 4214 τὴν

210 4228 308 4296 μὶν
342 4228 508 4282 πόλιν
543 4229 722 4299 αὐτὴν
762 4231 827 4282 ἐκ
861 4229 1073 4301 βάθρων
1106 4227 1218 4284 εἷλε
1245 4273 1260 4297 ,
1293 4232 1384 4285 τὸν
1425 4230 1561 4285 νεὼν
1594 4249 1812 4302 πυρπο-

211 4315 378 4389 λήσας
404 4337 420 4350 ο
450 4320 519 4373 τὺ
555 4319 616 4372 δέ
649 4321 760 4372 πᾶν
786 4319 935 4384 ἔθνος
959 4321 1560 4394 ἐξανδραποδισάμενος
1590 4323 1682 4376 καὶ
1711 4323 1814 4386 τὰς

1911 3319 2120 3390 spiculo
2144 3327 2450 3383 uterentur,
2483 3332 2548 3371 ac
2581 3317 2794 3371 caeteris
2824 3326 2949 3371 tunc
2969 3317 3222 3386 gentibus
3255 3317 3493 3386 impera-

1913 3419 2072 3473 rent,
2115 3409 2204 3479 api
2235 3408 2467 3464 similem
2497 3408 2648 3463 dicit.
2691 3407 2816 3462 llzcc
2845 3423 3008 3479 porro
3046 3407 3316 3478 completa
3366 3416 3497 3464 sunt

1919 3513 2164 3572 tempore
2218 3503 2406 3571 prima:
2454 3500 2954 3572 Hierosolymorum
3016 3501 3354 3566 obsidionis,
3389 3517 3499 3572 qun

1912 3594 2152 3666 Egyptii
2178 3596 2396 3662 quidem
2425 3635 2439 3654 ,
2478 3610 2676 3649 musca:
2705 3596 2833 3650 dicti
2860 3636 2876 3658 ,
2918 3609 3042 3650 cum
3069 3608 3198 3664 rege
3223 3609 3322 3650 suo
3352 3593 3500 3648 Pha~

1915 3701 2082 3740 raone
2108 3687 2494 3754 irrunipentes,
2527 3684 2732 3741 Josiam
2773 3687 3270 3759 Hierosolymorum
3286 3703 3500 3753 regem,

1916 3777 2059 3833 inter
2086 3777 2413 3844 conspicuos
2447 3778 2840 3847 religiososque
2887 3779 3034 3836 viros
3067 3780 3266 3834 uemini
3300 3795 3501 3835 secun-

1917 3869 2040 3922 dum
2070 3865 2480 3920 interfecerunt.
2531 3866 2646 3922 Non
2705 3869 2793 3923 diu
2854 3885 2980 3924 vero
3033 3880 3218 3938 postea
3270 3869 3500 3942 Babylo-

1917 3957 2128 4012 niorum
2180 3972 2275 4012 rex
2337 3955 2853 4023 Nabuchodonosor,
2899 3974 3022 4014 cum
3079 3961 3326 4016 exercitu
3388 3977 3505 4016 mu-

1919 4063 2023 4119 guo
2080 4050 2511 4118 superveniens,
2577 4050 2766 4105 urbem
2825 4053 2998 4119 ipsam
3055 4050 3302 4107 funditus
3350 4052 3502 4108 dele-

1916 4141 2036 4204 vit,
2087 4139 2454 4211 templumque
2499 4142 2781 4206 incendit,
2826 4141 3058 4215 totaque
3100 4155 3259 4216 gente
3307 4145 3360 4198 in
3409 4160 3504 4201 ca-

1917 4231 2221 4302 ptivitatem
2273 4235 2508 4288 abducta
2538 4274 2554 4300 ,
2606 4236 2942 4304 vastatisque
2988 4237 3209 4300 caeteris,
3252 4237 3505 4301 urbibus,

1918 4323 2232 4380 Iudaeorum
2262 4325 2496 4394 regionis
2520 4326 2777 4397 Assyrios
2802 4327 3138 4383 habitatores
3165 4327 3470 4384 constituit.

214 4415 399 4477 λοιπὰς
442 4412 674 4488 δῃώσας
721 4411 938 4477 πόλεις,
997 4415 1312 4487 Ἀσσυρίους
1364 4417 1656 4488 οἰκήτορας
1698 4416 1801 4487 τῆς
1847 4416 2114 4472 Ἰουδαίων
2141 4417 2444 4488 κατέστησε
2478 4417 2682 4490 χώρας.

285 4529 304 4561 ι
359 4509 452 4561 Ἑν
481 4508 556 4577 τῇ
585 4506 775 4578 ἡμέρα
809 4507 987 4578 ἐκείνη
1016 4505 1189 4580 ξυριεῖ
1223 4508 1423 4580 Κύριος
1451 4509 1529 4580 τῷ
1560 4508 1706 4581 ξυρῷ
1733 4508 1809 4579 τῷ

1991 4510 2156 4565 Vna.
2188 4509 2281 4567 20.
2320 4527 2339 4561 ι
2380 4510 2436 4564 In
2477 4510 2565 4565 die
2611 4509 2698 4565 illa
2733 4512 2885 4566 radet
2931 4510 3196 4566 Dominus
3242 4509 3508 4565 novacula

215 4602 440 4672 μεγάλῳ
477 4599 583 4654 καὶ
621 4597 1050 4670 μεμεθυσμένῳ,
1099 4600 1128 4653 ὅ
1153 4603 1270 4654 ἐστι
1310 4600 1485 4672 πέραν
1514 4601 1609 4654 τοῦ
1644 4617 1812 4653 ποτα-

217 4694 314 4764 μοιῦ
361 4692 463 4746 τοῦ
522 4689 801 4762 βασιλέως
863 4690 1185 4764 Ἀσσυρίων.
1236 4711 1253 4742 ι
1308 4693 1382 4745 Ού
1419 4693 1517 4762 τὴν
1565 4693 1817 4764 κεφαλὴν

217 4781 304 4840 οὖν
355 4787 536 4856 μόνην
593 4782 845 4854 ξυρήσει,
896 4783 995 4854 τὴν
1037 4785 1203 4839 πάλαι
1253 4784 1532 4854 κομῶσαν,
1579 4787 1674 4838 ὅτε
1719 4785 1825 4856 τῆς

219 4879 549 4949 οἰκουμένης
583 4875 853 4946 ἐκράτουν
887 4875 1182 4947 Ἀσσύριοι,
1215 4875 1352 4928 ἀλλὰ
1375 4877 1466 4929 καὶ
1497 4878 1598 4942 τὰς
1623 4879 1826 4952 τρίχας

221 4971 319 5024 τῶν
356 4970 566 5032 ποδῶν,
600 4967 808 5039 δηλαδὴ
831 4968 891 5020 τὸ
918 4969 1161 5040 ἀνδρεῖον
1196 4969 1400 5039 σχῆμα,
1439 4971 1532 5024 καὶ
1564 4974 1665 5024 τὸν
1701 4967 1825 5022 πώ-

221 5079 365 5129 γωνα
391 5082 406 5094 ·
447 5063 713 5117 τουτέστι
761 5061 849 5114 τὸν
888 5062 1029 5116 κατὰ
1070 5062 1231 5132 φύσιν
1266 5061 1485 5132 ἀνδράσι
1533 5063 1826 5135 πρέποντα

221 5154 441 5225 κόσμον.
503 5153 684 5226 Ξυρδν
732 5151 789 5205 δέ
836 5153 1245 5224 μεμεθυσμένον
1277 5153 1378 5207 ὑπὸ
1418 5154 1512 5208 τοῦ
1545 5155 1761 5226 Κυρίου
1795 5156 1824 5207 ό

226 5247 569 5320 προφητικδς
599 5244 829 5300 ἐκάλεσε
850 5244 1004 5312 λόγος
1033 5246 1216 5317 ἔτερόν
1237 5263 1289 5297 τι
1313 5245 1594 5316 πολεμίων
1619 5247 1778 5313 γένος
1807 5261 1822 5274 ⁸

226 5337 288 5390 δι’
315 5332 378 5391 οὗ
405 5339 504 5392 τὸν
541 5335 778 5407 βασιλέα
797 5335 903 5386 τῶν
945 5335 1261 5407 Ἀσσυρίων,
1285 5336 1490 5407 δηλαδὴ
1515 5335 1617 5406 τὴν
1643 5338 1826 5391 πᾶσαν

227 5429 400 5484 αὐτῶν
437 5427 731 5500 βασιλείαν
760 5443 819 5478 τε
846 5426 940 5478 καὶ
968 5427 1284 5479 δυναστείαν
1315 5427 1574 5498 ξυρήσειν
1603 5426 1706 5497 ἐφη
1733 5427 1825 5480 τὸν

227 5520 374 5585 Θεὸν,
405 5522 486 5585 ὡς
513 5517 788 5588 ταπινὴν
827 5519 1019 5588 αὐτὴν,
1063 5520 1158 5573 καὶ
1218 5518 1506 5588 ἄνανδρον,
1558 5518 1654 5571 καὶ
1697 5519 1827 5572 ἄκο-

229 5629 360 5683 σμον
409 5615 504 5667 καὶ
535 5612 832 5682 ἀσχήμονα
867 5609 1160 5679 δειχθῆναι.
1190 5610 1329 5679 Παρ⁸
1366 5609 1539 5678 ἐτέρῳ
1581 5607 1638 5660 δέ
1658 5649 1672 5673 ,
1705 5610 1827 5662 ἀντὶ

1927 4617 2123 4672 magna
2174 4611 2231 4657 et
2283 4601 2550 4657 inebriata
2581 4641 2598 4666 ,
2654 4603 2800 4672 quod
2825 4613 2908 4658 est
2942 4602 3083 4658 ultra
3115 4601 3336 4658 ﬂuvium
3373 4602 3517 4673 regis

1927 4694 2301 4763 Assyriorum.
2343 4713 2362 4746 ι
2406 4692 2522 4749 Non
2568 4704 2730 4762 caput
2759 4694 2934 4749 solum
2976 4696 3133 4750 radet
3169 4695 3298 4749 olim
3331 4707 3518 4748 coma-

1935 4795 2081 4852 tum,
2106 4801 2230 4841 cum
2274 4787 2485 4857 Assyrii
2513 4787 2634 4840 orbi
2670 4787 3040 4857 imperarent;
3071 4787 3164 4864 sed
3193 4786 3355 4840 etiam
3383 4786 3521 4854 pilos

1935 4877 2154 4946 pedum,
2193 4877 2402 4933 scilicet
2428 4876 2641 4932 virilem
2673 4878 2930 4944 formam,
2951 4887 3007 4934 et
3037 4879 3300 4942 barbam;
3335 4877 3386 4930 id
3410 4886 3522 4943 est,

1934 4980 2188 5024 ornatum
2225 4970 2369 5039 .viris
2423 4973 2724 5027 secundum
2777 4979 3029 5026 naturam
3069 4977 3521 5025 consentaneum.

1933 5059 2266 5116 Novaculam
2296 5076 2426 5117 vero
2474 5077 2502 5116 a
2546 5061 2656 5116 Deo
2690 5061 3012 5116 iuebriatam
3041 5060 3186 5115 aliud
3219 5074 3390 5129 genus
3420 5058 3527 5113 ini-

1933 5155 2199 5208 micorum
2225 5165 2504 5224 nuncupat
2535 5155 2886 5225 propheticus
2909 5169 3094 5208 sermo
3127 5194 3140 5207 .
3175 5153 3334 5223 cujus
3358 5167 3521 5221 opera

1938 5257 2117 5314 regem
2153 5246 2518 5316 Assyriorum,
2550 5262 2644 5300 seu
2671 5256 2843 5300 totum
2871 5260 3059 5300 eorum
3089 5258 3314 5315 regnum
3346 5252 3400 5298 et
3424 5256 3522 5311 po-

1937 5337 2166 5390 tentiam
2210 5341 2537 5393 abrasurum
2591 5337 2759 5393 Deum
2801 5354 2924 5396 esse
2953 5338 3314 5410 prmnuntiat;
3363 5336 3437 5389 ita
3466 5344 3525 5389 ut

1936 5426 2160 5482 humilis
2181 5471 2196 5494 ,
2222 5429 2480 5497 imbellis,
2519 5432 2795 5502 incompta
2821 5472 2836 5497 ,
2869 5442 2923 5486 et
2952 5430 3211 5486 deformis
3241 5439 3521 5499 appareat.

1935 5518 2043 5575 Pro
2099 5523 2192 5577 illo
2225 5531 2405 5577 autem
2434 5563 2450 5589 ,
2493 5541 2513 5574 ι
2557 5525 2826 5580 iuebriata
2866 5523 3132 5580 novacula
3155 5561 3171 5588 ,
3214 5540 3233 5574 ι
3267 5521 3408 5576 alius
3444 5521 3531 5574 in-

1936 5620 2170 5683 terpres,
2207 5635 2226 5667 ι
2266 5617 2518 5674 mercede
2545 5616 2840 5686 conducta,
2885 5637 2904 5672 ι
2933 5617 3115 5673 habet.

228 5706 314 5759 τοῦ
341 5701 794 5777 μεμεθυσμένφ
816 5700 994 5772 ευρῷ’;
1017 5703 1451 5772 μεμισθωμένφ
1473 5699 1702 5771 εὓρηται
1730 5701 1905 5766 οὕτως
1928 5705 2157 5764 εἰπόντι.

295 5823 406 5894 (14)
442 5823 656 5878 Eadem
694 5816 855 5887 plane
887 5816 1254 5894 ﬂieronymus
1281 5819 1448 5876 habet
1479 5819 1547 5875 ad
1575 5817 1720 5876 hunc
1746 5820 1944 5878 locum.

299 5887 412 5966 (15)
441 5895 567 5949 Hac
605 5896 743 5944 item
775 5890 914 5956 apud
950 5887 1370 5961 Hieronymum.

635 5988 924 6048 Ρηιιοι.
970 5986 1090 6048 Gn.
1136 5989 1377 6051 XXIV.
