  <div class='ocr_page' id='page_1' title='image "/cluster/home/n/w/nwhite01/storage/ocr_20150623/24/uva.x004246623/085.png"; bbox 0 0 4090 6428; ppageno 0'>
   <div class='ocr_carea' id='block_1_1' title="bbox 646 455 749 513">
    <p class='ocr_par' dir='ltr' id='par_1_1' title="bbox 646 455 749 513">
     <span class='ocr_line' id='line_1_1' title="bbox 646 455 749 513; baseline -0.039 0"><span class='ocrx_word' id='word_1_1' title='bbox 646 455 749 513; x_wconf 70' lang='grc'><strong>139</strong></span> 
     </span>
    </p>
   </div>
   <div class='ocr_carea' id='block_1_2' title="bbox 1305 407 3167 494">
    <p class='ocr_par' dir='ltr' id='par_1_2' title="bbox 1305 407 3167 494">
     <span class='ocr_line' id='line_1_2' title="bbox 1305 407 3167 494; baseline -0.019 0"><span class='ocrx_word' id='word_1_2' title='bbox 1305 436 1565 494; x_wconf 84' lang='lat' dir='ltr'><strong>EUSEBII</strong></span> <span class='ocrx_word' id='word_1_3' title='bbox 1606 428 2081 490; x_wconf 72' lang='lat' dir='ltr'><strong>C/ESARIENSIS</strong></span> <span class='ocrx_word' id='word_1_4' title='bbox 2120 424 2271 481; x_wconf 82' lang='lat' dir='ltr'><strong>OPP.</strong></span> <span class='ocrx_word' id='word_1_5' title='bbox 2310 418 2489 476; x_wconf 77' lang='lat' dir='ltr'><strong>PARS</strong></span> <span class='ocrx_word' id='word_1_6' title='bbox 2527 417 2612 473; x_wconf 87' lang='lat' dir='ltr'><strong>Ill.</strong></span> <span class='ocrx_word' id='word_1_7' title='bbox 2653 446 2723 457; x_wconf 88' lang='lat'><em>--</em></span> <span class='ocrx_word' id='word_1_8' title='bbox 2758 407 3167 467; x_wconf 80' lang='lat' dir='ltr'><strong>EXEGETICA.</strong></span> 
     </span>
    </p>
   </div>
   <div class='ocr_carea' id='block_1_3' title="bbox 3762 398 3861 451">
    <p class='ocr_par' dir='ltr' id='par_1_3' title="bbox 3762 398 3861 451">
     <span class='ocr_line' id='line_1_3' title="bbox 3762 398 3861 451; baseline -0.051 0"><span class='ocrx_word' id='word_1_9' title='bbox 3762 398 3861 451; x_wconf 75' lang='lat' dir='ltr'><strong>HD</strong></span> 
     </span>
    </p>
   </div>
   <div class='ocr_carea' id='block_1_4' title="bbox 718 511 2218 628">
    <p class='ocr_par' dir='ltr' id='par_1_4' title="bbox 718 546 2196 628">
     <span class='ocr_line' id='line_1_4' title="bbox 718 546 2196 628; baseline -0.018 -6"><span class='ocrx_word' id='word_1_10' title='bbox 718 570 875 623; x_wconf 65' lang='lat' dir='ltr'><strong>Vens.</strong></span> <span class='ocrx_word' id='word_1_11' title='bbox 910 565 1009 628; x_wconf 73' lang='grc'><strong>21,</strong></span> <span class='ocrx_word' id='word_1_12' title='bbox 1045 562 1131 615; x_wconf 73' lang='lat'><strong>2‘2.</strong></span> <span class='ocrx_word' id='word_1_13' title='bbox 1170 576 1189 611; x_wconf 74' lang='grc' dir='ltr'><strong>ι</strong></span> <span class='ocrx_word' id='word_1_14' title='bbox 1225 558 1289 612; x_wconf 80' lang='lat' dir='ltr'><strong>Et</strong></span> <span class='ocrx_word' id='word_1_15' title='bbox 1318 558 1422 612; x_wconf 90' lang='lat' dir='ltr'><strong>erit</strong></span> <span class='ocrx_word' id='word_1_16' title='bbox 1458 557 1512 611; x_wconf 92' lang='lat' dir='ltr'><strong>in</strong></span> <span class='ocrx_word' id='word_1_17' title='bbox 1541 554 1628 609; x_wconf 93' lang='lat' dir='ltr'><strong>die</strong></span> <span class='ocrx_word' id='word_1_18' title='bbox 1654 553 1763 617; x_wconf 88' lang='lat' dir='ltr'><strong>illa,</strong></span> <span class='ocrx_word' id='word_1_19' title='bbox 1793 548 1994 604; x_wconf 93' lang='lat' dir='ltr'><strong>nutriet</strong></span> <span class='ocrx_word' id='word_1_20' title='bbox 2037 546 2196 599; x_wconf 89' lang='lat' dir='ltr'><strong>homo</strong></span> 
     </span>
    </p>
   </div>
   <div class='ocr_carea' id='block_1_5' title="bbox 2320 511 3864 628">
    <p class='ocr_par' dir='ltr' id='par_1_5' title="bbox 2373 511 3864 598">
     <span class='ocr_line' id='line_1_5' title="bbox 2373 511 3864 598; baseline -0.019 -7"><span class='ocrx_word' id='word_1_21' title='bbox 2373 557 2391 589; x_wconf 78' lang='grc' dir='ltr'><strong>ι</strong></span> <span class='ocrx_word' id='word_1_22' title='bbox 2431 537 2538 590; x_wconf 70' lang='grc' dir='ltr'><strong>Καὶ</strong></span> <span class='ocrx_word' id='word_1_23' title='bbox 2568 534 2717 587; x_wconf 78' lang='grc' dir='ltr'>ἔσται</span> <span class='ocrx_word' id='word_1_24' title='bbox 2749 533 2804 583; x_wconf 81' lang='grc' dir='ltr'>έν</span> <span class='ocrx_word' id='word_1_25' title='bbox 2831 530 2898 598; x_wconf 86' lang='grc' dir='ltr'>τῆ</span> <span class='ocrx_word' id='word_1_26' title='bbox 2931 526 3113 598; x_wconf 81' lang='grc' dir='ltr'>ήμέρᾳ</span> <span class='ocrx_word' id='word_1_27' title='bbox 3142 520 3322 590; x_wconf 73' lang='grc' dir='ltr'>ἐκείνῃ</span> <span class='ocrx_word' id='word_1_28' title='bbox 3355 511 3542 588; x_wconf 67' lang='grc' dir='ltr'>θρέψει</span> <span class='ocrx_word' id='word_1_29' title='bbox 3576 513 3864 583; x_wconf 78' lang='grc' dir='ltr'>ἄνθρωπος</span> 
     </span>
    </p>
   </div>
   <div class='ocr_carea' id='block_1_6' title="bbox 645 636 2197 718">
    <p class='ocr_par' dir='ltr' id='par_1_6' title="bbox 645 636 2197 718">
     <span class='ocr_line' id='line_1_6' title="bbox 645 636 2197 718; baseline -0.017 -3"><span class='ocrx_word' id='word_1_30' title='bbox 645 673 863 715; x_wconf 73' lang='lat' dir='ltr'><strong>vaccam</strong></span> <span class='ocrx_word' id='word_1_31' title='bbox 902 656 1060 710; x_wconf 84' lang='lat' dir='ltr'><strong>boum</strong></span> <span class='ocrx_word' id='word_1_32' title='bbox 1086 691 1101 718; x_wconf 84' lang='lat'><strong><em>.</em></strong></span> <span class='ocrx_word' id='word_1_33' title='bbox 1125 663 1180 705; x_wconf 88' lang='lat' dir='ltr'><strong>et</strong></span> <span class='ocrx_word' id='word_1_34' title='bbox 1206 651 1339 705; x_wconf 88' lang='lat' dir='ltr'><strong>duas</strong></span> <span class='ocrx_word' id='word_1_35' title='bbox 1374 661 1524 703; x_wconf 87' lang='lat' dir='ltr'><strong>oves.</strong></span> <span class='ocrx_word' id='word_1_36' title='bbox 1565 644 1633 700; x_wconf 85' lang='lat' dir='ltr'><strong>Et</strong></span> <span class='ocrx_word' id='word_1_37' title='bbox 1659 644 1761 698; x_wconf 89' lang='lat' dir='ltr'><strong>erit</strong></span> <span class='ocrx_word' id='word_1_38' title='bbox 1802 657 1833 696; x_wconf 89' lang='lat' dir='ltr'><strong>a</strong></span> <span class='ocrx_word' id='word_1_39' title='bbox 1861 640 2014 709; x_wconf 76' lang='lat' dir='ltr'><strong>capia</strong></span> <span class='ocrx_word' id='word_1_40' title='bbox 2040 636 2197 692; x_wconf 89' lang='lat' dir='ltr'><strong>lactis</strong></span> 
     </span>
    </p>
   </div>
   <div class='ocr_carea' id='block_1_7' title="bbox 643 729 2195 822">
    <p class='ocr_par' dir='ltr' id='par_1_7' title="bbox 643 729 2195 822">
     <span class='ocr_line' id='line_1_7' title="bbox 643 729 2195 822; baseline -0.017 -15"><span class='ocrx_word' id='word_1_41' title='bbox 643 767 805 822; x_wconf 77' lang='lat' dir='ltr'><strong>quam</strong></span> <span class='ocrx_word' id='word_1_42' title='bbox 835 748 1069 809; x_wconf 79' lang='lat' dir='ltr'><strong>facient,</strong></span> <span class='ocrx_word' id='word_1_43' title='bbox 1098 755 1155 796; x_wconf 93' lang='lat' dir='ltr'><strong>ut</strong></span> <span class='ocrx_word' id='word_1_44' title='bbox 1186 744 1434 812; x_wconf 83' lang='lat' dir='ltr'><strong>butyrum</strong></span> <span class='ocrx_word' id='word_1_45' title='bbox 1471 747 1527 793; x_wconf 90' lang='lat' dir='ltr'><strong>et</strong></span> <span class='ocrx_word' id='word_1_46' title='bbox 1555 736 1659 793; x_wconf 88' lang='lat' dir='ltr'><strong>mel</strong></span> <span class='ocrx_word' id='word_1_47' title='bbox 1706 732 1951 789; x_wconf 91' lang='lat' dir='ltr'><strong>comedat</strong></span> <span class='ocrx_word' id='word_1_48' title='bbox 1983 729 2155 786; x_wconf 88' lang='lat' dir='ltr'><strong>omnis</strong></span> <span class='ocrx_word' id='word_1_49' title='bbox 2180 768 2195 791; x_wconf 91' lang='lat'><strong>,</strong></span> 
     </span>
    </p>
   </div>
   <div class='ocr_carea' id='block_1_8' title="bbox 644 826 2201 913">
    <p class='ocr_par' dir='ltr' id='par_1_8' title="bbox 644 826 2201 913">
     <span class='ocr_line' id='line_1_8' title="bbox 644 826 2201 913; baseline -0.017 -16"><span class='ocrx_word' id='word_1_50' title='bbox 644 843 734 913; x_wconf 90' lang='lat' dir='ltr'><strong>qui</strong></span> <span class='ocrx_word' id='word_1_51' title='bbox 762 840 1048 895; x_wconf 88' lang='lat' dir='ltr'><strong>derelictus</strong></span> <span class='ocrx_word' id='word_1_52' title='bbox 1080 833 1243 888; x_wconf 78' lang='lat' dir='ltr'><strong>fuerit</strong></span> <span class='ocrx_word' id='word_1_53' title='bbox 1285 831 1339 885; x_wconf 90' lang='lat' dir='ltr'><strong>in</strong></span> <span class='ocrx_word' id='word_1_54' title='bbox 1372 839 1533 884; x_wconf 90' lang='lat' dir='ltr'><strong>terra.</strong></span> <span class='ocrx_word' id='word_1_55' title='bbox 1573 847 1593 879; x_wconf 77' lang='grc' dir='ltr'><strong>ι</strong></span> <span class='ocrx_word' id='word_1_56' title='bbox 1632 826 1940 881; x_wconf 81' lang='lat' dir='ltr'><strong>Extremam</strong></span> <span class='ocrx_word' id='word_1_57' title='bbox 1971 833 2201 890; x_wconf 86' lang='lat' dir='ltr'><strong>pauper-</strong></span> 
     </span>
    </p>
   </div>
   <div class='ocr_carea' id='block_1_9' title="bbox 647 912 2198 997">
    <p class='ocr_par' dir='ltr' id='par_1_9' title="bbox 647 912 2198 997">
     <span class='ocr_line' id='line_1_9' title="bbox 647 912 2198 997; baseline -0.017 -8"><span class='ocrx_word' id='word_1_58' title='bbox 647 912 813 989; x_wconf 84' lang='lat' dir='ltr'><strong>tatem</strong></span> <span class='ocrx_word' id='word_1_59' title='bbox 841 940 894 985; x_wconf 90' lang='lat' dir='ltr'><strong>et</strong></span> <span class='ocrx_word' id='word_1_60' title='bbox 922 928 1149 997; x_wconf 85' lang='lat' dir='ltr'><strong>inopiam</strong></span> <span class='ocrx_word' id='word_1_61' title='bbox 1177 925 1261 978; x_wconf 91' lang='lat' dir='ltr'><strong>bis</strong></span> <span class='ocrx_word' id='word_1_62' title='bbox 1288 920 1630 986; x_wconf 80' lang='lat' dir='ltr'><strong>subindicat;</strong></span> <span class='ocrx_word' id='word_1_63' title='bbox 1663 923 1768 973; x_wconf 91' lang='lat' dir='ltr'><strong>imo</strong></span> <span class='ocrx_word' id='word_1_64' title='bbox 1795 914 1957 971; x_wconf 85' lang='lat' dir='ltr'><strong>etiam</strong></span> <span class='ocrx_word' id='word_1_65' title='bbox 1978 923 2033 967; x_wconf 92' lang='lat' dir='ltr'><strong>et</strong></span> <span class='ocrx_word' id='word_1_66' title='bbox 2062 912 2198 965; x_wconf 90' lang='lat' dir='ltr'><strong>rari-</strong></span> 
     </span>
    </p>
   </div>
   <div class='ocr_carea' id='block_1_10' title="bbox 650 1001 2200 1081">
    <p class='ocr_par' dir='ltr' id='par_1_10' title="bbox 650 1001 2200 1081">
     <span class='ocr_line' id='line_1_10' title="bbox 650 1001 2200 1081; baseline -0.016 -2"><span class='ocrx_word' id='word_1_67' title='bbox 650 1034 810 1079; x_wconf 87' lang='lat' dir='ltr'><strong>tatem</strong></span> <span class='ocrx_word' id='word_1_68' title='bbox 842 1018 1087 1075; x_wconf 79' lang='lat' dir='ltr'><strong>frumenti</strong></span> <span class='ocrx_word' id='word_1_69' title='bbox 1131 1015 1196 1070; x_wconf 89' lang='lat' dir='ltr'><strong>ad</strong></span> <span class='ocrx_word' id='word_1_70' title='bbox 1229 1014 1407 1069; x_wconf 90' lang='lat' dir='ltr'><strong>cibum</strong></span> <span class='ocrx_word' id='word_1_71' title='bbox 1439 1009 1827 1081; x_wconf 62' lang='lat' dir='ltr'><strong>praestandum.</strong></span> <span class='ocrx_word' id='word_1_72' title='bbox 1876 1003 2007 1057; x_wconf 80' lang='lat' dir='ltr'><strong>Nam</strong></span> <span class='ocrx_word' id='word_1_73' title='bbox 2056 1001 2200 1071; x_wconf 87' lang='lat' dir='ltr'><strong>quod</strong></span> 
     </span>
    </p>
   </div>
   <div class='ocr_carea' id='block_1_11' title="bbox 645 1093 2202 1177">
    <p class='ocr_par' dir='ltr' id='par_1_11' title="bbox 645 1093 2202 1177">
     <span class='ocr_line' id='line_1_11' title="bbox 645 1093 2202 1177; baseline -0.017 -8"><span class='ocrx_word' id='word_1_74' title='bbox 645 1130 753 1168; x_wconf 86' lang='lat' dir='ltr'><strong>non</strong></span> <span class='ocrx_word' id='word_1_75' title='bbox 793 1112 947 1166; x_wconf 90' lang='lat' dir='ltr'><strong>boum</strong></span> <span class='ocrx_word' id='word_1_76' title='bbox 981 1120 1189 1177; x_wconf 85' lang='lat' dir='ltr'><strong>greges.</strong></span> <span class='ocrx_word' id='word_1_77' title='bbox 1246 1102 1340 1159; x_wconf 84' lang='lat' dir='ltr'><strong>sed</strong></span> <span class='ocrx_word' id='word_1_78' title='bbox 1364 1116 1523 1155; x_wconf 89' lang='lat' dir='ltr'><strong>unam</strong></span> <span class='ocrx_word' id='word_1_79' title='bbox 1560 1106 1759 1152; x_wconf 90' lang='lat' dir='ltr'><strong>tantum</strong></span> <span class='ocrx_word' id='word_1_80' title='bbox 1795 1110 2014 1149; x_wconf 84' lang='lat' dir='ltr'><strong>vaccam</strong></span> <span class='ocrx_word' id='word_1_81' title='bbox 2043 1093 2202 1146; x_wconf 88' lang='lat' dir='ltr'><strong>homo</strong></span> 
     </span>
    </p>
   </div>
   <div class='ocr_carea' id='block_1_12' title="bbox 648 1190 2204 1273">
    <p class='ocr_par' dir='ltr' id='par_1_12' title="bbox 648 1190 2204 1273">
     <span class='ocr_line' id='line_1_12' title="bbox 648 1190 2204 1273; baseline -0.015 -14"><span class='ocrx_word' id='word_1_82' title='bbox 648 1204 940 1273; x_wconf 86' lang='lat' dir='ltr'><strong>possideat.</strong></span> <span class='ocrx_word' id='word_1_83' title='bbox 969 1209 1024 1253; x_wconf 92' lang='lat' dir='ltr'><strong>et</strong></span> <span class='ocrx_word' id='word_1_84' title='bbox 1050 1197 1191 1266; x_wconf 86' lang='lat' dir='ltr'><strong>quod</strong></span> <span class='ocrx_word' id='word_1_85' title='bbox 1224 1208 1331 1249; x_wconf 88' lang='lat' dir='ltr'><strong>non</strong></span> <span class='ocrx_word' id='word_1_86' title='bbox 1356 1192 1517 1256; x_wconf 84' lang='lat' dir='ltr'><strong>ovile,</strong></span> <span class='ocrx_word' id='word_1_87' title='bbox 1570 1190 1663 1245; x_wconf 88' lang='lat' dir='ltr'><strong>sed</strong></span> <span class='ocrx_word' id='word_1_88' title='bbox 1690 1190 1823 1242; x_wconf 89' lang='lat' dir='ltr'><strong>duas</strong></span> <span class='ocrx_word' id='word_1_89' title='bbox 1849 1196 2054 1241; x_wconf 89' lang='lat' dir='ltr'><strong>tantum</strong></span> <span class='ocrx_word' id='word_1_90' title='bbox 2076 1197 2204 1238; x_wconf 85' lang='lat' dir='ltr'><strong>oves</strong></span> 
     </span>
    </p>
   </div>
   <div class='ocr_carea' id='block_1_13' title="bbox 646 1274 2205 1359">
    <p class='ocr_par' dir='ltr' id='par_1_13' title="bbox 646 1274 2205 1359">
     <span class='ocr_line' id='line_1_13' title="bbox 646 1274 2205 1359; baseline -0.015 -8"><span class='ocrx_word' id='word_1_91' title='bbox 646 1298 794 1359; x_wconf 85' lang='lat' dir='ltr'><strong>alat,</strong></span> <span class='ocrx_word' id='word_1_92' title='bbox 842 1301 1093 1347; x_wconf 75' lang='lat' dir='ltr'><strong>extrema:</strong></span> <span class='ocrx_word' id='word_1_93' title='bbox 1141 1287 1303 1343; x_wconf 84' lang='lat' dir='ltr'><strong>fuerit</strong></span> <span class='ocrx_word' id='word_1_94' title='bbox 1371 1282 1563 1351; x_wconf 70' lang='lat' dir='ltr'><strong>inopiae</strong></span> <span class='ocrx_word' id='word_1_95' title='bbox 1613 1290 2027 1350; x_wconf 88' lang='lat' dir='ltr'><strong>argumentum;</strong></span> <span class='ocrx_word' id='word_1_96' title='bbox 2076 1274 2205 1343; x_wconf 90' lang='lat' dir='ltr'><strong>quin</strong></span> 
     </span>
    </p>
   </div>
   <div class='ocr_carea' id='block_1_14' title="bbox 648 1372 2203 1453">
    <p class='ocr_par' dir='ltr' id='par_1_14' title="bbox 648 1372 2203 1453">
     <span class='ocr_line' id='line_1_14' title="bbox 648 1372 2203 1453; baseline -0.016 -10"><span class='ocrx_word' id='word_1_97' title='bbox 648 1389 807 1443; x_wconf 87' lang='lat' dir='ltr'><strong>etiam</strong></span> <span class='ocrx_word' id='word_1_98' title='bbox 836 1386 975 1453; x_wconf 92' lang='lat' dir='ltr'><strong>quod</strong></span> <span class='ocrx_word' id='word_1_99' title='bbox 1004 1382 1245 1436; x_wconf 88' lang='lat' dir='ltr'><strong>residuus</strong></span> <span class='ocrx_word' id='word_1_100' title='bbox 1270 1378 1322 1431; x_wconf 90' lang='lat' dir='ltr'><strong>in</strong></span> <span class='ocrx_word' id='word_1_101' title='bbox 1352 1385 1494 1431; x_wconf 79' lang='lat' dir='ltr'><strong>terra</strong></span> <span class='ocrx_word' id='word_1_102' title='bbox 1516 1372 1740 1443; x_wconf 81' lang='lat' dir='ltr'><strong>populus</strong></span> <span class='ocrx_word' id='word_1_103' title='bbox 1770 1374 1961 1439; x_wconf 82' lang='lat' dir='ltr'><strong>butyro</strong></span> <span class='ocrx_word' id='word_1_104' title='bbox 2000 1375 2203 1421; x_wconf 81' lang='lat' dir='ltr'><strong>tantum</strong></span> 
     </span>
    </p>
   </div>
   <div class='ocr_carea' id='block_1_15' title="bbox 648 1459 2206 1537">
    <p class='ocr_par' dir='ltr' id='par_1_15' title="bbox 648 1459 2206 1537">
     <span class='ocr_line' id='line_1_15' title="bbox 648 1459 2206 1537; baseline -0.016 -3"><span class='ocrx_word' id='word_1_105' title='bbox 648 1488 702 1534; x_wconf 91' lang='lat' dir='ltr'><strong>et</strong></span> <span class='ocrx_word' id='word_1_106' title='bbox 730 1477 886 1532; x_wconf 88' lang='lat' dir='ltr'><strong>melle</strong></span> <span class='ocrx_word' id='word_1_107' title='bbox 918 1474 1091 1527; x_wconf 86' lang='lat' dir='ltr'><strong>alatur</strong></span> <span class='ocrx_word' id='word_1_108' title='bbox 1110 1516 1123 1537; x_wconf 89' lang='lat'><strong>,</strong></span> <span class='ocrx_word' id='word_1_109' title='bbox 1151 1470 1201 1524; x_wconf 92' lang='lat' dir='ltr'><strong>id</strong></span> <span class='ocrx_word' id='word_1_110' title='bbox 1233 1468 1427 1522; x_wconf 80' lang='lat' dir='ltr'><strong>famem</strong></span> <span class='ocrx_word' id='word_1_111' title='bbox 1456 1464 1610 1536; x_wconf 88' lang='lat' dir='ltr'><strong>panis</strong></span> <span class='ocrx_word' id='word_1_112' title='bbox 1637 1463 1896 1518; x_wconf 81' lang='lat' dir='ltr'><strong>declarat.</strong></span> <span class='ocrx_word' id='word_1_113' title='bbox 1924 1459 2019 1513; x_wconf 84' lang='lat' dir='ltr'><strong>Hic</strong></span> <span class='ocrx_word' id='word_1_114' title='bbox 2047 1470 2206 1527; x_wconf 89' lang='lat' dir='ltr'><strong>porro</strong></span> 
     </span>
    </p>
   </div>
   <div class='ocr_carea' id='block_1_16' title="bbox 648 1551 2207 1638">
    <p class='ocr_par' dir='ltr' id='par_1_16' title="bbox 648 1551 2207 1638">
     <span class='ocr_line' id='line_1_16' title="bbox 648 1551 2207 1638; baseline -0.015 -13"><span class='ocrx_word' id='word_1_115' title='bbox 648 1579 765 1627; x_wconf 87' lang='lat' dir='ltr'><strong>erat</strong></span> <span class='ocrx_word' id='word_1_116' title='bbox 814 1566 1035 1638; x_wconf 88' lang='lat' dir='ltr'><strong>populus</strong></span> <span class='ocrx_word' id='word_1_117' title='bbox 1068 1565 1163 1618; x_wconf 89' lang='lat' dir='ltr'><strong>sub</strong></span> <span class='ocrx_word' id='word_1_118' title='bbox 1196 1560 1417 1617; x_wconf 86' lang='lat' dir='ltr'><strong>Godolia</strong></span> <span class='ocrx_word' id='word_1_119' title='bbox 1444 1597 1458 1623; x_wconf 90' lang='lat'><strong>,</strong></span> <span class='ocrx_word' id='word_1_120' title='bbox 1494 1572 1654 1627; x_wconf 89' lang='lat' dir='ltr'><strong>quem</strong></span> <span class='ocrx_word' id='word_1_121' title='bbox 1702 1557 1771 1609; x_wconf 91' lang='lat' dir='ltr'><strong>ob</strong></span> <span class='ocrx_word' id='word_1_122' title='bbox 1806 1551 2061 1606; x_wconf 85' lang='lat' dir='ltr'><strong>frumenti</strong></span> <span class='ocrx_word' id='word_1_123' title='bbox 2117 1563 2207 1618; x_wconf 88' lang='lat' dir='ltr'><strong>pe—</strong></span> 
     </span>
    </p>
   </div>
   <div class='ocr_carea' id='block_1_17' title="bbox 650 1639 2205 1726">
    <p class='ocr_par' dir='ltr' id='par_1_17' title="bbox 650 1639 2205 1726">
     <span class='ocr_line' id='line_1_17' title="bbox 650 1639 2205 1726; baseline -0.016 -11"><span class='ocrx_word' id='word_1_124' title='bbox 650 1661 900 1724; x_wconf 89' lang='lat' dir='ltr'><strong>nuriam,</strong></span> <span class='ocrx_word' id='word_1_125' title='bbox 949 1658 1136 1726; x_wconf 79' lang='lat' dir='ltr'><strong>exiguo</strong></span> <span class='ocrx_word' id='word_1_126' title='bbox 1184 1666 1437 1722; x_wconf 85' lang='lat' dir='ltr'><strong>pecorum</strong></span> <span class='ocrx_word' id='word_1_127' title='bbox 1475 1650 1615 1702; x_wconf 87' lang='lat' dir='ltr'><strong>lacte</strong></span> <span class='ocrx_word' id='word_1_128' title='bbox 1660 1655 1715 1701; x_wconf 91' lang='lat' dir='ltr'><strong>et</strong></span> <span class='ocrx_word' id='word_1_129' title='bbox 1760 1645 1953 1713; x_wconf 84' lang='lat' dir='ltr'><strong>butyro</strong></span> <span class='ocrx_word' id='word_1_130' title='bbox 2000 1642 2052 1694; x_wconf 93' lang='lat' dir='ltr'><strong>in</strong></span> <span class='ocrx_word' id='word_1_131' title='bbox 2104 1639 2205 1691; x_wconf 83' lang='lat' dir='ltr'><strong>ali-</strong></span> 
     </span>
    </p>
   </div>
   <div class='ocr_carea' id='block_1_18' title="bbox 651 1729 2205 1812">
    <p class='ocr_par' dir='ltr' id='par_1_18' title="bbox 651 1729 2205 1812">
     <span class='ocr_line' id='line_1_18' title="bbox 651 1729 2205 1812; baseline -0.017 -7"><span class='ocrx_word' id='word_1_132' title='bbox 651 1752 889 1805; x_wconf 84' lang='lat' dir='ltr'><strong>mentum</strong></span> <span class='ocrx_word' id='word_1_133' title='bbox 938 1759 1157 1801; x_wconf 87' lang='lat' dir='ltr'><strong>usurum</strong></span> <span class='ocrx_word' id='word_1_134' title='bbox 1203 1740 1530 1812; x_wconf 67' lang='lat' dir='ltr'><strong>praenuntiat</strong></span> <span class='ocrx_word' id='word_1_135' title='bbox 1583 1754 1596 1789; x_wconf 90' lang='lat'><strong>:</strong></span> <span class='ocrx_word' id='word_1_136' title='bbox 1651 1735 1901 1787; x_wconf 89' lang='lat' dir='ltr'><strong>universa</strong></span> <span class='ocrx_word' id='word_1_137' title='bbox 1950 1729 2205 1799; x_wconf 90' lang='lat' dir='ltr'><strong>regione,</strong></span> 
     </span>
    </p>
   </div>
   <div class='ocr_carea' id='block_1_19' title="bbox 651 1820 2208 1907">
    <p class='ocr_par' dir='ltr' id='par_1_19' title="bbox 651 1820 2208 1907">
     <span class='ocr_line' id='line_1_19' title="bbox 651 1820 2208 1907; baseline -0.017 -12"><span class='ocrx_word' id='word_1_138' title='bbox 651 1844 719 1899; x_wconf 90' lang='lat' dir='ltr'><strong>ob</strong></span> <span class='ocrx_word' id='word_1_139' title='bbox 748 1843 979 1894; x_wconf 85' lang='lat' dir='ltr'><strong>virorum</strong></span> <span class='ocrx_word' id='word_1_140' title='bbox 1003 1836 1325 1907; x_wconf 82' lang='lat' dir='ltr'><strong>paucitatem</strong></span> <span class='ocrx_word' id='word_1_141' title='bbox 1352 1831 1404 1885; x_wconf 90' lang='lat' dir='ltr'><strong>in</strong></span> <span class='ocrx_word' id='word_1_142' title='bbox 1424 1831 1694 1883; x_wconf 86' lang='lat' dir='ltr'><strong>desertum</strong></span> <span class='ocrx_word' id='word_1_143' title='bbox 1721 1835 1774 1877; x_wconf 91' lang='lat' dir='ltr'><strong>et</strong></span> <span class='ocrx_word' id='word_1_144' title='bbox 1805 1823 1854 1875; x_wconf 93' lang='lat' dir='ltr'><strong>in</strong></span> <span class='ocrx_word' id='word_1_145' title='bbox 1879 1820 2062 1891; x_wconf 87' lang='lat' dir='ltr'><strong>spinas</strong></span> <span class='ocrx_word' id='word_1_146' title='bbox 2084 1831 2208 1871; x_wconf 86' lang='lat' dir='ltr'><strong>con-</strong></span> 
     </span>
    </p>
   </div>
   <div class='ocr_carea' id='block_1_20' title="bbox 652 1947 827 1987">
    <p class='ocr_par' dir='ltr' id='par_1_20' title="bbox 652 1947 827 1987">
     <span class='ocr_line' id='line_1_20' title="bbox 652 1947 827 1987; baseline -0.017 0"><span class='ocrx_word' id='word_1_147' title='bbox 652 1947 827 1987; x_wconf 84' lang='lat' dir='ltr'><strong>versa.</strong></span> 
     </span>
    </p>
   </div>
   <div class='ocr_carea' id='block_1_21' title="bbox 728 2115 2207 2195">
    <p class='ocr_par' dir='ltr' id='par_1_21' title="bbox 728 2115 2207 2195">
     <span class='ocr_line' id='line_1_21' title="bbox 728 2115 2207 2195; baseline -0.017 -2"><span class='ocrx_word' id='word_1_148' title='bbox 728 2140 887 2195; x_wconf 67' lang='lat' dir='ltr'><strong>Vsus.</strong></span> <span class='ocrx_word' id='word_1_149' title='bbox 919 2137 1014 2191; x_wconf 66' lang='grc'><strong>25.</strong></span> <span class='ocrx_word' id='word_1_150' title='bbox 1061 2151 1080 2185; x_wconf 78' lang='grc' dir='ltr'><strong>ι</strong></span> <span class='ocrx_word' id='word_1_151' title='bbox 1130 2133 1195 2186; x_wconf 85' lang='lat' dir='ltr'><strong>Et</strong></span> <span class='ocrx_word' id='word_1_152' title='bbox 1220 2140 1322 2184; x_wconf 80' lang='lat' dir='ltr'><strong>erit</strong></span> <span class='ocrx_word' id='word_1_153' title='bbox 1354 2130 1404 2182; x_wconf 93' lang='lat' dir='ltr'><strong>in</strong></span> <span class='ocrx_word' id='word_1_154' title='bbox 1436 2127 1522 2182; x_wconf 91' lang='lat' dir='ltr'><strong>die</strong></span> <span class='ocrx_word' id='word_1_155' title='bbox 1552 2126 1640 2179; x_wconf 91' lang='lat' dir='ltr'><strong>illa</strong></span> <span class='ocrx_word' id='word_1_156' title='bbox 1668 2165 1683 2191; x_wconf 92' lang='lat'><strong>,</strong></span> <span class='ocrx_word' id='word_1_157' title='bbox 1712 2123 1889 2176; x_wconf 88' lang='lat' dir='ltr'><strong>omnis</strong></span> <span class='ocrx_word' id='word_1_158' title='bbox 1934 2120 2088 2173; x_wconf 89' lang='lat' dir='ltr'><strong>locus</strong></span> <span class='ocrx_word' id='word_1_159' title='bbox 2118 2115 2207 2171; x_wconf 91' lang='lat' dir='ltr'><strong>ubi</strong></span> 
     </span>
    </p>
   </div>
   <div class='ocr_carea' id='block_1_22' title="bbox 656 2213 2209 2290">
    <p class='ocr_par' dir='ltr' id='par_1_22' title="bbox 656 2213 2209 2290">
     <span class='ocr_line' id='line_1_22' title="bbox 656 2213 2209 2290; baseline -0.018 -1"><span class='ocrx_word' id='word_1_160' title='bbox 656 2235 855 2290; x_wconf 77' lang='lat' dir='ltr'><strong>iuerint</strong></span> <span class='ocrx_word' id='word_1_161' title='bbox 901 2228 1044 2285; x_wconf 88' lang='lat' dir='ltr'><strong>mille</strong></span> <span class='ocrx_word' id='word_1_162' title='bbox 1072 2228 1236 2281; x_wconf 72' lang='lat' dir='ltr'><strong>vinea:</strong></span> <span class='ocrx_word' id='word_1_163' title='bbox 1263 2262 1278 2288; x_wconf 92' lang='lat'><strong>,</strong></span> <span class='ocrx_word' id='word_1_164' title='bbox 1334 2220 1478 2274; x_wconf 92' lang='lat' dir='ltr'><strong>mille</strong></span> <span class='ocrx_word' id='word_1_165' title='bbox 1522 2218 1775 2273; x_wconf 89' lang='lat' dir='ltr'><strong>siclorum</strong></span> <span class='ocrx_word' id='word_1_166' title='bbox 1799 2258 1812 2279; x_wconf 90' lang='lat'><strong>,</strong></span> <span class='ocrx_word' id='word_1_167' title='bbox 1847 2216 1897 2267; x_wconf 88' lang='lat' dir='ltr'><strong>in</strong></span> <span class='ocrx_word' id='word_1_168' title='bbox 1942 2213 2209 2265; x_wconf 85' lang='lat' dir='ltr'><strong>desertum</strong></span> 
     </span>
    </p>
   </div>
   <div class='ocr_carea' id='block_1_23' title="bbox 658 2301 2209 2389">
    <p class='ocr_par' dir='ltr' id='par_1_23' title="bbox 658 2301 2209 2389">
     <span class='ocr_line' id='line_1_23' title="bbox 658 2301 2209 2389; baseline -0.019 -7"><span class='ocrx_word' id='word_1_169' title='bbox 658 2328 764 2381; x_wconf 90' lang='lat' dir='ltr'><strong>erit</strong></span> <span class='ocrx_word' id='word_1_170' title='bbox 790 2335 845 2380; x_wconf 87' lang='lat' dir='ltr'><strong>et</strong></span> <span class='ocrx_word' id='word_1_171' title='bbox 885 2323 938 2377; x_wconf 92' lang='lat' dir='ltr'><strong>in</strong></span> <span class='ocrx_word' id='word_1_172' title='bbox 985 2320 1214 2389; x_wconf 83' lang='lat' dir='ltr'><strong>spinam.</strong></span> <span class='ocrx_word' id='word_1_173' title='bbox 1262 2333 1281 2365; x_wconf 79' lang='grc' dir='ltr'><strong>ι</strong></span> <span class='ocrx_word' id='word_1_174' title='bbox 1322 2312 1473 2379; x_wconf 87' lang='lat' dir='ltr'><strong>Quod</strong></span> <span class='ocrx_word' id='word_1_175' title='bbox 1514 2312 1676 2380; x_wconf 83' lang='lat' dir='ltr'><strong>igitur</strong></span> <span class='ocrx_word' id='word_1_176' title='bbox 1728 2315 1869 2361; x_wconf 90' lang='lat' dir='ltr'><strong>terra</strong></span> <span class='ocrx_word' id='word_1_177' title='bbox 1920 2301 2119 2357; x_wconf 79' lang='lat' dir='ltr'><strong>inculta</strong></span> <span class='ocrx_word' id='word_1_178' title='bbox 2156 2308 2209 2354; x_wconf 93' lang='lat' dir='ltr'><strong>et</strong></span> 
     </span>
    </p>
   </div>
   <div class='ocr_carea' id='block_1_24' title="bbox 655 2394 2212 2488">
    <p class='ocr_par' dir='ltr' id='par_1_24' title="bbox 655 2394 2212 2488">
     <span class='ocr_line' id='line_1_24' title="bbox 655 2394 2212 2488; baseline -0.017 -16"><span class='ocrx_word' id='word_1_179' title='bbox 655 2417 825 2488; x_wconf 79' lang='lat' dir='ltr'><strong>spinis</strong></span> <span class='ocrx_word' id='word_1_180' title='bbox 854 2412 1049 2469; x_wconf 80' lang='lat' dir='ltr'><strong>referta</strong></span> <span class='ocrx_word' id='word_1_181' title='bbox 1100 2411 1171 2465; x_wconf 89' lang='lat' dir='ltr'><strong>sit</strong></span> <span class='ocrx_word' id='word_1_182' title='bbox 1197 2448 1212 2471; x_wconf 91' lang='lat'><strong>,</strong></span> <span class='ocrx_word' id='word_1_183' title='bbox 1246 2406 1517 2460; x_wconf 82' lang='lat' dir='ltr'><strong>irnmen‘to</strong></span> <span class='ocrx_word' id='word_1_184' title='bbox 1549 2400 1798 2462; x_wconf 85' lang='lat' dir='ltr'><strong>carebit;</strong></span> <span class='ocrx_word' id='word_1_185' title='bbox 1846 2409 2019 2465; x_wconf 88' lang='lat' dir='ltr'><strong>neque</strong></span> <span class='ocrx_word' id='word_1_186' title='bbox 2050 2394 2212 2448; x_wconf 87' lang='lat' dir='ltr'><strong>homo</strong></span> 
     </span>
    </p>
   </div>
   <div class='ocr_carea' id='block_1_25' title="bbox 655 2484 2214 2579">
    <p class='ocr_par' dir='ltr' id='par_1_25' title="bbox 655 2484 2214 2579">
     <span class='ocr_line' id='line_1_25' title="bbox 655 2484 2214 2579; baseline -0.017 -14"><span class='ocrx_word' id='word_1_187' title='bbox 655 2510 745 2579; x_wconf 90' lang='lat' dir='ltr'><strong>qui</strong></span> <span class='ocrx_word' id='word_1_188' title='bbox 776 2506 1019 2562; x_wconf 89' lang='lat' dir='ltr'><strong>residuus</strong></span> <span class='ocrx_word' id='word_1_189' title='bbox 1046 2503 1151 2558; x_wconf 90' lang='lat' dir='ltr'><strong>erit</strong></span> <span class='ocrx_word' id='word_1_190' title='bbox 1178 2540 1193 2565; x_wconf 93' lang='lat'><strong>,</strong></span> <span class='ocrx_word' id='word_1_191' title='bbox 1220 2506 1426 2553; x_wconf 67' lang='lat' dir='ltr'><strong>natura:</strong></span> <span class='ocrx_word' id='word_1_192' title='bbox 1456 2489 1772 2561; x_wconf 76' lang='lat' dir='ltr'><strong>congruenti</strong></span> <span class='ocrx_word' id='word_1_193' title='bbox 1801 2489 1945 2549; x_wconf 86' lang='lat' dir='ltr'><strong>cibo,</strong></span> <span class='ocrx_word' id='word_1_194' title='bbox 1975 2493 2067 2539; x_wconf 89' lang='lat' dir='ltr'><strong>aut</strong></span> <span class='ocrx_word' id='word_1_195' title='bbox 2088 2484 2214 2539; x_wconf 84' lang='lat' dir='ltr'><strong>vino</strong></span> 
     </span>
    </p>
   </div>
   <div class='ocr_carea' id='block_1_26' title="bbox 658 2576 2213 2663">
    <p class='ocr_par' dir='ltr' id='par_1_26' title="bbox 658 2576 2213 2663">
     <span class='ocr_line' id='line_1_26' title="bbox 658 2576 2213 2663; baseline -0.016 -9"><span class='ocrx_word' id='word_1_196' title='bbox 658 2600 947 2663; x_wconf 88' lang='lat' dir='ltr'><strong>nutrietur,</strong></span> <span class='ocrx_word' id='word_1_197' title='bbox 1006 2595 1113 2648; x_wconf 90' lang='lat' dir='ltr'><strong>imo</strong></span> <span class='ocrx_word' id='word_1_198' title='bbox 1139 2589 1316 2661; x_wconf 85' lang='lat' dir='ltr'><strong>potius</strong></span> <span class='ocrx_word' id='word_1_199' title='bbox 1352 2587 1493 2641; x_wconf 88' lang='lat' dir='ltr'><strong>lacte</strong></span> <span class='ocrx_word' id='word_1_200' title='bbox 1520 2624 1535 2649; x_wconf 91' lang='lat'><strong>,</strong></span> <span class='ocrx_word' id='word_1_201' title='bbox 1562 2586 1775 2653; x_wconf 86' lang='lat' dir='ltr'><strong>butyro,</strong></span> <span class='ocrx_word' id='word_1_202' title='bbox 1800 2591 1852 2634; x_wconf 92' lang='lat' dir='ltr'><strong>et</strong></span> <span class='ocrx_word' id='word_1_203' title='bbox 1889 2577 2083 2644; x_wconf 85' lang='lat' dir='ltr'><strong>melle;</strong></span> <span class='ocrx_word' id='word_1_204' title='bbox 2117 2576 2213 2631; x_wconf 55' lang='lat' dir='ltr'><strong>iis.</strong></span> 
     </span>
    </p>
   </div>
   <div class='ocr_carea' id='block_1_27' title="bbox 659 2666 2218 2760">
    <p class='ocr_par' dir='ltr' id='par_1_27' title="bbox 659 2666 2218 2760">
     <span class='ocr_line' id='line_1_27' title="bbox 659 2666 2218 2760; baseline -0.017 -16"><span class='ocrx_word' id='word_1_205' title='bbox 659 2706 763 2760; x_wconf 89' lang='lat' dir='ltr'><strong>que</strong></span> <span class='ocrx_word' id='word_1_206' title='bbox 793 2704 897 2744; x_wconf 89' lang='lat' dir='ltr'><strong>non</strong></span> <span class='ocrx_word' id='word_1_207' title='bbox 931 2703 961 2742; x_wconf 89' lang='lat' dir='ltr'><strong>a</strong></span> <span class='ocrx_word' id='word_1_208' title='bbox 993 2695 1279 2739; x_wconf 85' lang='lat' dir='ltr'><strong>numeroso</strong></span> <span class='ocrx_word' id='word_1_209' title='bbox 1330 2678 1489 2733; x_wconf 86' lang='lat' dir='ltr'><strong>boum</strong></span> <span class='ocrx_word' id='word_1_210' title='bbox 1522 2688 1683 2745; x_wconf 90' lang='lat' dir='ltr'><strong>grege</strong></span> <span class='ocrx_word' id='word_1_211' title='bbox 1708 2711 1724 2737; x_wconf 86' lang='lat'><strong>,</strong></span> <span class='ocrx_word' id='word_1_212' title='bbox 1758 2684 1933 2737; x_wconf 86' lang='lat' dir='ltr'><strong>neque</strong></span> <span class='ocrx_word' id='word_1_213' title='bbox 1963 2668 2031 2722; x_wconf 90' lang='lat' dir='ltr'><strong>ab</strong></span> <span class='ocrx_word' id='word_1_214' title='bbox 2060 2666 2218 2721; x_wconf 82' lang='lat' dir='ltr'><strong>ovili-</strong></span> 
     </span>
    </p>
   </div>
   <div class='ocr_carea' id='block_1_28' title="bbox 658 2759 2217 2847">
    <p class='ocr_par' dir='ltr' id='par_1_28' title="bbox 658 2759 2217 2847">
     <span class='ocr_line' id='line_1_28' title="bbox 658 2759 2217 2847; baseline -0.017 -10"><span class='ocrx_word' id='word_1_215' title='bbox 658 2759 759 2837; x_wconf 82' lang='lat' dir='ltr'><strong>bus</strong></span> <span class='ocrx_word' id='word_1_216' title='bbox 789 2776 1154 2847; x_wconf 79' lang='lat' dir='ltr'><strong>congregatis,</strong></span> <span class='ocrx_word' id='word_1_217' title='bbox 1204 2771 1296 2826; x_wconf 88' lang='lat' dir='ltr'><strong>sed</strong></span> <span class='ocrx_word' id='word_1_218' title='bbox 1325 2783 1391 2823; x_wconf 80' lang='lat' dir='ltr'><strong>ex</strong></span> <span class='ocrx_word' id='word_1_219' title='bbox 1420 2766 1610 2821; x_wconf 79' lang='lat' dir='ltr'><strong>ovibus</strong></span> <span class='ocrx_word' id='word_1_220' title='bbox 1640 2763 1960 2834; x_wconf 86' lang='lat' dir='ltr'><strong>quibusdam</strong></span> <span class='ocrx_word' id='word_1_221' title='bbox 2001 2768 2056 2814; x_wconf 88' lang='lat' dir='ltr'><strong>et</strong></span> <span class='ocrx_word' id='word_1_222' title='bbox 2098 2759 2217 2812; x_wconf 83' lang='lat' dir='ltr'><strong>ani-</strong></span> 
     </span>
    </p>
   </div>
   <div class='ocr_carea' id='block_1_29' title="bbox 661 2848 2216 2926">
    <p class='ocr_par' dir='ltr' id='par_1_29' title="bbox 661 2848 2216 2926">
     <span class='ocr_line' id='line_1_29' title="bbox 661 2848 2216 2926; baseline -0.017 0"><span class='ocrx_word' id='word_1_223' title='bbox 661 2870 887 2926; x_wconf 86' lang='lat' dir='ltr'><strong>malibus</strong></span> <span class='ocrx_word' id='word_1_224' title='bbox 915 2863 1143 2920; x_wconf 83' lang='lat' dir='ltr'><strong>miseris.</strong></span> <span class='ocrx_word' id='word_1_225' title='bbox 1171 2860 1302 2915; x_wconf 83' lang='lat' dir='ltr'><strong>Nam</strong></span> <span class='ocrx_word' id='word_1_226' title='bbox 1330 2858 1466 2912; x_wconf 90' lang='lat' dir='ltr'><strong>alius</strong></span> <span class='ocrx_word' id='word_1_227' title='bbox 1496 2870 1563 2909; x_wconf 79' lang='lat' dir='ltr'><strong>ex</strong></span> <span class='ocrx_word' id='word_1_228' title='bbox 1593 2870 1696 2907; x_wconf 91' lang='lat' dir='ltr'><strong>una</strong></span> <span class='ocrx_word' id='word_1_229' title='bbox 1726 2851 1916 2907; x_wconf 88' lang='lat' dir='ltr'><strong>bucula</strong></span> <span class='ocrx_word' id='word_1_230' title='bbox 1937 2888 1955 2913; x_wconf 91' lang='lat'><strong>,</strong></span> <span class='ocrx_word' id='word_1_231' title='bbox 1986 2848 2122 2902; x_wconf 88' lang='lat' dir='ltr'><strong>alius</strong></span> <span class='ocrx_word' id='word_1_232' title='bbox 2152 2863 2216 2901; x_wconf 77' lang='lat' dir='ltr'><strong>ex</strong></span> 
     </span>
    </p>
   </div>
   <div class='ocr_carea' id='block_1_30' title="bbox 660 2950 1543 3017">
    <p class='ocr_par' dir='ltr' id='par_1_30' title="bbox 660 2950 1543 3017">
     <span class='ocr_line' id='line_1_30' title="bbox 660 2950 1543 3017; baseline -0.019 0"><span class='ocrx_word' id='word_1_233' title='bbox 660 2962 867 3017; x_wconf 88' lang='lat' dir='ltr'><strong>duabus</strong></span> <span class='ocrx_word' id='word_1_234' title='bbox 893 2958 1082 3013; x_wconf 86' lang='lat' dir='ltr'><strong>ovibus</strong></span> <span class='ocrx_word' id='word_1_235' title='bbox 1107 2956 1157 3009; x_wconf 88' lang='lat' dir='ltr'><strong>id</strong></span> <span class='ocrx_word' id='word_1_236' title='bbox 1195 2950 1543 3007; x_wconf 89' lang='lat' dir='ltr'><strong>mutuabitur.</strong></span> 
     </span>
    </p>
   </div>
   <div class='ocr_carea' id='block_1_31' title="bbox 733 3147 2219 3221">
    <p class='ocr_par' dir='ltr' id='par_1_31' title="bbox 733 3147 2219 3221">
     <span class='ocr_line' id='line_1_31' title="bbox 733 3147 2219 3221; baseline -0.014 -3"><span class='ocrx_word' id='word_1_237' title='bbox 733 3167 896 3221; x_wconf 71' lang='lat' dir='ltr'><strong>Vsus.</strong></span> <span class='ocrx_word' id='word_1_238' title='bbox 923 3165 1014 3219; x_wconf 74' lang='lat'><strong>25.</strong></span> <span class='ocrx_word' id='word_1_239' title='bbox 1067 3179 1085 3213; x_wconf 77' lang='grc' dir='ltr'><strong>ι</strong></span> <span class='ocrx_word' id='word_1_240' title='bbox 1145 3160 1211 3215; x_wconf 86' lang='grc' dir='ltr'>Ει</span> <span class='ocrx_word' id='word_1_241' title='bbox 1238 3155 1416 3212; x_wconf 88' lang='lat' dir='ltr'><strong>omnis</strong></span> <span class='ocrx_word' id='word_1_242' title='bbox 1456 3166 1609 3207; x_wconf 88' lang='lat' dir='ltr'><strong>mons</strong></span> <span class='ocrx_word' id='word_1_243' title='bbox 1652 3156 1834 3205; x_wconf 79' lang='lat' dir='ltr'><strong>aratos</strong></span> <span class='ocrx_word' id='word_1_244' title='bbox 1858 3147 2124 3213; x_wconf 88' lang='lat' dir='ltr'><strong>arabitur,</strong></span> <span class='ocrx_word' id='word_1_245' title='bbox 2166 3154 2219 3198; x_wconf 90' lang='lat' dir='ltr'><strong>et</strong></span> 
     </span>
    </p>
   </div>
   <div class='ocr_carea' id='block_1_32' title="bbox 2296 602 3865 701">
    <p class='ocr_par' dir='ltr' id='par_1_32' title="bbox 2296 602 3865 701">
     <span class='ocr_line' id='line_1_32' title="bbox 2296 602 3865 701; baseline -0.018 -17"><span class='ocrx_word' id='word_1_246' title='bbox 2296 630 2522 701; x_wconf 76' lang='grc' dir='ltr'><strong>δάμαλιν</strong></span> <span class='ocrx_word' id='word_1_247' title='bbox 2550 627 2687 695; x_wconf 83' lang='grc' dir='ltr'>βοῶν</span> <span class='ocrx_word' id='word_1_248' title='bbox 2728 623 2822 677; x_wconf 78' lang='grc' dir='ltr'><strong>καὶ</strong></span> <span class='ocrx_word' id='word_1_249' title='bbox 2866 620 2959 674; x_wconf 88' lang='grc' dir='ltr'><strong>δύο</strong></span> <span class='ocrx_word' id='word_1_250' title='bbox 3005 615 3274 689; x_wconf 78' lang='grc' dir='ltr'>πρόϐατα.</span> <span class='ocrx_word' id='word_1_251' title='bbox 3310 611 3419 666; x_wconf 75' lang='lat' dir='ltr'><strong>Kal.</strong></span> <span class='ocrx_word' id='word_1_252' title='bbox 3446 610 3597 663; x_wconf 70' lang='grc' dir='ltr'>ἔσται</span> <span class='ocrx_word' id='word_1_253' title='bbox 3631 606 3741 660; x_wconf 71' lang='grc' dir='ltr'><strong>ἀπὺ</strong></span> <span class='ocrx_word' id='word_1_254' title='bbox 3768 602 3865 657; x_wconf 77' lang='grc' dir='ltr'>τοῦ</span> 
     </span>
    </p>
   </div>
   <div class='ocr_carea' id='block_1_33' title="bbox 2299 698 3865 782">
    <p class='ocr_par' dir='ltr' id='par_1_33' title="bbox 2299 698 3865 782">
     <span class='ocr_line' id='line_1_33' title="bbox 2299 698 3865 782; baseline -0.019 -6"><span class='ocrx_word' id='word_1_255' title='bbox 2299 698 2545 776; x_wconf 79' lang='grc' dir='ltr'>πλεῖστον</span> <span class='ocrx_word' id='word_1_256' title='bbox 2575 720 2746 771; x_wconf 81' lang='grc' dir='ltr'><strong>ποιεῖν</strong></span> <span class='ocrx_word' id='word_1_257' title='bbox 2779 714 2939 782; x_wconf 87' lang='grc' dir='ltr'>γάλα,</span> <span class='ocrx_word' id='word_1_258' title='bbox 2977 709 3235 780; x_wconf 80' lang='grc' dir='ltr'>βούτυρον</span> <span class='ocrx_word' id='word_1_259' title='bbox 3263 705 3358 759; x_wconf 74' lang='grc' dir='ltr'>καὶ</span> <span class='ocrx_word' id='word_1_260' title='bbox 3393 702 3515 773; x_wconf 90' lang='grc' dir='ltr'>μέλι</span> <span class='ocrx_word' id='word_1_261' title='bbox 3532 700 3728 769; x_wconf 79' lang='grc' dir='ltr'>φαγεῖν</span> <span class='ocrx_word' id='word_1_262' title='bbox 3754 698 3865 759; x_wconf 73' lang='grc' dir='ltr'>πᾶς</span> 
     </span>
    </p>
   </div>
   <div class='ocr_carea' id='block_1_34' title="bbox 2298 789 3866 877">
    <p class='ocr_par' dir='ltr' id='par_1_34' title="bbox 2298 789 3866 877">
     <span class='ocr_line' id='line_1_34' title="bbox 2298 789 3866 877; baseline -0.017 -11"><span class='ocrx_word' id='word_1_263' title='bbox 2298 816 2327 865; x_wconf 91' lang='grc' dir='ltr'><strong>ό</strong></span> <span class='ocrx_word' id='word_1_264' title='bbox 2356 809 2731 877; x_wconf 78' lang='grc' dir='ltr'>καταλειφθεὶς</span> <span class='ocrx_word' id='word_1_265' title='bbox 2755 805 2846 858; x_wconf 77' lang='grc' dir='ltr'>ἐπὶ</span> <span class='ocrx_word' id='word_1_266' title='bbox 2875 802 2972 873; x_wconf 84' lang='grc' dir='ltr'><strong>τήν</strong></span> <span class='ocrx_word' id='word_1_267' title='bbox 3001 800 3125 869; x_wconf 82' lang='grc' dir='ltr'>γῆν.</span> <span class='ocrx_word' id='word_1_268' title='bbox 3174 818 3192 849; x_wconf 74' lang='grc' dir='ltr'><strong>ι</strong></span> <span class='ocrx_word' id='word_1_269' title='bbox 3249 792 3527 865; x_wconf 85' lang='grc' dir='ltr'>Πτωχείαν</span> <span class='ocrx_word' id='word_1_270' title='bbox 3549 808 3608 843; x_wconf 84' lang='grc' dir='ltr'><strong>τε</strong></span> <span class='ocrx_word' id='word_1_271' title='bbox 3641 789 3737 843; x_wconf 70' lang='grc' dir='ltr'><strong>καὶ</strong></span> <span class='ocrx_word' id='word_1_272' title='bbox 3764 804 3866 840; x_wconf 85' lang='grc' dir='ltr'>πε-</span> 
     </span>
    </p>
   </div>
   <div class='ocr_carea' id='block_1_35' title="bbox 2301 878 3867 971">
    <p class='ocr_par' dir='ltr' id='par_1_35' title="bbox 2301 878 3867 971">
     <span class='ocr_line' id='line_1_35' title="bbox 2301 878 3867 971; baseline -0.018 -12"><span class='ocrx_word' id='word_1_273' title='bbox 2301 908 2419 959; x_wconf 90' lang='grc' dir='ltr'>νίαν</span> <span class='ocrx_word' id='word_1_274' title='bbox 2446 900 2890 971; x_wconf 79' lang='grc' dir='ltr'>ὑπερϐάλλουσαν</span> <span class='ocrx_word' id='word_1_275' title='bbox 2918 891 3213 947; x_wconf 81' lang='grc' dir='ltr'><strong>αἰνίττεται</strong></span> <span class='ocrx_word' id='word_1_276' title='bbox 3233 886 3321 941; x_wconf 86' lang='grc' dir='ltr'><strong>διά</strong></span> <span class='ocrx_word' id='word_1_277' title='bbox 3339 884 3543 939; x_wconf 88' lang='grc' dir='ltr'>τούτων</span> <span class='ocrx_word' id='word_1_278' title='bbox 3566 900 3579 912; x_wconf 87' lang='grc'><strong>·</strong></span> <span class='ocrx_word' id='word_1_279' title='bbox 3611 879 3748 934; x_wconf 84' lang='grc' dir='ltr'><strong>ἀλλά</strong></span> <span class='ocrx_word' id='word_1_280' title='bbox 3769 878 3867 932; x_wconf 76' lang='grc' dir='ltr'>καὶ</span> 
     </span>
    </p>
   </div>
   <div class='ocr_carea' id='block_1_36' title="bbox 2302 970 3867 1053">
    <p class='ocr_par' dir='ltr' id='par_1_36' title="bbox 2302 970 3867 1053">
     <span class='ocr_line' id='line_1_36' title="bbox 2302 970 3867 1053; baseline -0.018 -5"><span class='ocrx_word' id='word_1_281' title='bbox 2302 995 2503 1047; x_wconf 72' lang='grc' dir='ltr'>ἔνδειαν</span> <span class='ocrx_word' id='word_1_282' title='bbox 2538 970 2632 1043; x_wconf 78' lang='grc' dir='ltr'>καὶ</span> <span class='ocrx_word' id='word_1_283' title='bbox 2659 986 2851 1040; x_wconf 83' lang='grc' dir='ltr'>σπάνιν</span> <span class='ocrx_word' id='word_1_284' title='bbox 2875 983 2973 1053; x_wconf 81' lang='grc' dir='ltr'>τῆς</span> <span class='ocrx_word' id='word_1_285' title='bbox 2990 977 3095 1034; x_wconf 78' lang='grc' dir='ltr'><strong>ἀπὸ</strong></span> <span class='ocrx_word' id='word_1_286' title='bbox 3120 976 3213 1032; x_wconf 81' lang='grc' dir='ltr'>τοῦ</span> <span class='ocrx_word' id='word_1_287' title='bbox 3245 977 3391 1029; x_wconf 93' lang='grc' dir='ltr'>σίτου</span> <span class='ocrx_word' id='word_1_288' title='bbox 3420 973 3644 1045; x_wconf 73' lang='grc' dir='ltr'>τροφῆς*</span> <span class='ocrx_word' id='word_1_289' title='bbox 3672 972 3734 1023; x_wconf 82' lang='grc' dir='ltr'>τὸ</span> <span class='ocrx_word' id='word_1_290' title='bbox 3755 970 3867 1041; x_wconf 79' lang='grc' dir='ltr'>γὰρ</span> 
     </span>
    </p>
   </div>
   <div class='ocr_carea' id='block_1_37' title="bbox 2307 1061 3869 1157">
    <p class='ocr_par' dir='ltr' id='par_1_37' title="bbox 2307 1061 3869 1157">
     <span class='ocr_line' id='line_1_37' title="bbox 2307 1061 3869 1157; baseline -0.017 -18"><span class='ocrx_word' id='word_1_291' title='bbox 2307 1088 2380 1157; x_wconf 87' lang='grc' dir='ltr'><strong>μὴ</strong></span> <span class='ocrx_word' id='word_1_292' title='bbox 2412 1084 2545 1154; x_wconf 81' lang='grc' dir='ltr'>βοῶν</span> <span class='ocrx_word' id='word_1_293' title='bbox 2572 1080 2791 1149; x_wconf 86' lang='grc' dir='ltr'><strong>ἀγέλας,</strong></span> <span class='ocrx_word' id='word_1_294' title='bbox 2842 1076 2969 1139; x_wconf 80' lang='grc' dir='ltr'>μίαν</span> <span class='ocrx_word' id='word_1_295' title='bbox 2999 1072 3055 1126; x_wconf 75' lang='grc' dir='ltr'>δὲ</span> <span class='ocrx_word' id='word_1_296' title='bbox 3097 1070 3263 1142; x_wconf 55' lang='grc' dir='ltr'>,ιόνην</span> <span class='ocrx_word' id='word_1_297' title='bbox 3301 1066 3526 1137; x_wconf 79' lang='grc' dir='ltr'><strong>δάμαλιν</strong></span> <span class='ocrx_word' id='word_1_298' title='bbox 3569 1061 3869 1133; x_wconf 81' lang='grc' dir='ltr'>κεκτῆσθαι</span> 
     </span>
    </p>
   </div>
   <div class='ocr_carea' id='block_1_38' title="bbox 2304 1149 3873 1246">
    <p class='ocr_par' dir='ltr' id='par_1_38' title="bbox 2304 1149 3873 1246">
     <span class='ocr_line' id='line_1_38' title="bbox 2304 1149 3873 1246; baseline -0.019 -16"><span class='ocrx_word' id='word_1_299' title='bbox 2304 1149 2608 1246; x_wconf 76' lang='grc' dir='ltr'>ἀνθρωπον,</span> <span class='ocrx_word' id='word_1_300' title='bbox 2662 1170 2756 1221; x_wconf 77' lang='grc' dir='ltr'><strong>καὶ</strong></span> <span class='ocrx_word' id='word_1_301' title='bbox 2797 1167 2858 1219; x_wconf 85' lang='grc' dir='ltr'>τὸ</span> <span class='ocrx_word' id='word_1_302' title='bbox 2908 1164 2982 1235; x_wconf 82' lang='grc' dir='ltr'>μὴ</span> <span class='ocrx_word' id='word_1_303' title='bbox 3028 1160 3276 1229; x_wconf 78' lang='grc' dir='ltr'>ποίμνιον</span> <span class='ocrx_word' id='word_1_304' title='bbox 3328 1153 3635 1226; x_wconf 86' lang='grc' dir='ltr'>προϐάτων,</span> <span class='ocrx_word' id='word_1_305' title='bbox 3683 1150 3777 1203; x_wconf 91' lang='grc' dir='ltr'><strong>δύο</strong></span> <span class='ocrx_word' id='word_1_306' title='bbox 3809 1149 3873 1202; x_wconf 69' lang='grc' dir='ltr'>δὲ</span> 
     </span>
    </p>
   </div>
   <div class='ocr_carea' id='block_1_39' title="bbox 2306 1243 3873 1339">
    <p class='ocr_par' dir='ltr' id='par_1_39' title="bbox 2306 1243 3873 1339">
     <span class='ocr_line' id='line_1_39' title="bbox 2306 1243 3873 1339; baseline -0.019 -17"><span class='ocrx_word' id='word_1_307' title='bbox 2306 1243 2550 1339; x_wconf 84' lang='grc' dir='ltr'>πρόϐατα</span> <span class='ocrx_word' id='word_1_308' title='bbox 2583 1262 2721 1333; x_wconf 90' lang='grc' dir='ltr'>μόνα</span> <span class='ocrx_word' id='word_1_309' title='bbox 2746 1257 2989 1329; x_wconf 82' lang='grc' dir='ltr'><strong>τρέφειν,</strong></span> <span class='ocrx_word' id='word_1_310' title='bbox 3016 1251 3115 1321; x_wconf 79' lang='grc' dir='ltr'>τῆς</span> <span class='ocrx_word' id='word_1_311' title='bbox 3139 1249 3373 1319; x_wconf 70' lang='grc' dir='ltr'>ἐσχάτης</span> <span class='ocrx_word' id='word_1_312' title='bbox 3401 1246 3467 1299; x_wconf 80' lang='grc' dir='ltr'>ἂν</span> <span class='ocrx_word' id='word_1_313' title='bbox 3497 1244 3703 1312; x_wconf 88' lang='grc' dir='ltr'>γένοιτο</span> <span class='ocrx_word' id='word_1_314' title='bbox 3728 1243 3873 1295; x_wconf 82' lang='grc' dir='ltr'>ἀπο-</span> 
     </span>
    </p>
   </div>
   <div class='ocr_carea' id='block_1_40' title="bbox 2310 1330 3874 1429">
    <p class='ocr_par' dir='ltr' id='par_1_40' title="bbox 2310 1330 3874 1429">
     <span class='ocr_line' id='line_1_40' title="bbox 2310 1330 3874 1429; baseline -0.02 -16"><span class='ocrx_word' id='word_1_315' title='bbox 2310 1330 2425 1429; x_wconf 78' lang='grc' dir='ltr'>ρίας</span> <span class='ocrx_word' id='word_1_316' title='bbox 2455 1330 2718 1425; x_wconf 87' lang='grc' dir='ltr'>σύμϐολον</span> <span class='ocrx_word' id='word_1_317' title='bbox 2747 1366 2760 1379; x_wconf 87' lang='grc'><strong>·</strong></span> <span class='ocrx_word' id='word_1_318' title='bbox 2797 1345 2932 1401; x_wconf 86' lang='grc' dir='ltr'><strong>ἀλλά</strong></span> <span class='ocrx_word' id='word_1_319' title='bbox 2960 1342 3056 1397; x_wconf 74' lang='grc' dir='ltr'>καὶ</span> <span class='ocrx_word' id='word_1_320' title='bbox 3081 1342 3142 1393; x_wconf 81' lang='grc' dir='ltr'>τὸ</span> <span class='ocrx_word' id='word_1_321' title='bbox 3170 1337 3414 1409; x_wconf 84' lang='grc' dir='ltr'>βουτύρῳ</span> <span class='ocrx_word' id='word_1_322' title='bbox 3444 1334 3736 1406; x_wconf 76' lang='grc' dir='ltr'>τρέφεσθαι</span> <span class='ocrx_word' id='word_1_323' title='bbox 3773 1330 3874 1383; x_wconf 74' lang='grc' dir='ltr'>καὶ</span> 
     </span>
    </p>
   </div>
   <div class='ocr_carea' id='block_1_41' title="bbox 2311 1420 3874 1517">
    <p class='ocr_par' dir='ltr' id='par_1_41' title="bbox 2311 1420 3874 1517">
     <span class='ocr_line' id='line_1_41' title="bbox 2311 1420 3874 1517; baseline -0.018 -18"><span class='ocrx_word' id='word_1_324' title='bbox 2311 1420 2483 1517; x_wconf 75' lang='grc' dir='ltr'>μέλιτι</span> <span class='ocrx_word' id='word_1_325' title='bbox 2511 1420 2685 1494; x_wconf 80' lang='grc' dir='ltr'>πάντα</span> <span class='ocrx_word' id='word_1_326' title='bbox 2726 1438 2815 1491; x_wconf 85' lang='grc' dir='ltr'>τὸν</span> <span class='ocrx_word' id='word_1_327' title='bbox 2865 1428 3292 1499; x_wconf 75' lang='grc' dir='ltr'><strong>καταλειφθέντα</strong></span> <span class='ocrx_word' id='word_1_328' title='bbox 3326 1425 3422 1477; x_wconf 76' lang='grc' dir='ltr'><strong>ἐπὶ</strong></span> <span class='ocrx_word' id='word_1_329' title='bbox 3453 1425 3550 1493; x_wconf 80' lang='grc' dir='ltr'><strong>τῆς</strong></span> <span class='ocrx_word' id='word_1_330' title='bbox 3580 1423 3681 1491; x_wconf 79' lang='grc' dir='ltr'>γῆς</span> <span class='ocrx_word' id='word_1_331' title='bbox 3718 1420 3874 1482; x_wconf 72' lang='grc' dir='ltr'>λαὸν,</span> 
     </span>
    </p>
   </div>
   <div class='ocr_carea' id='block_1_42' title="bbox 2308 1505 3879 1605">
    <p class='ocr_par' dir='ltr' id='par_1_42' title="bbox 2308 1505 3879 1605">
     <span class='ocr_line' id='line_1_42' title="bbox 2308 1505 3879 1605; baseline -0.017 -17"><span class='ocrx_word' id='word_1_332' title='bbox 2308 1505 2461 1605; x_wconf 84' lang='grc' dir='ltr'>λιμὸν</span> <span class='ocrx_word' id='word_1_333' title='bbox 2493 1532 2656 1602; x_wconf 84' lang='grc' dir='ltr'>άρτου</span> <span class='ocrx_word' id='word_1_334' title='bbox 2690 1527 3036 1597; x_wconf 76' lang='grc' dir='ltr'>παρίστησιν.</span> <span class='ocrx_word' id='word_1_335' title='bbox 3085 1514 3250 1580; x_wconf 69' lang='grc' dir='ltr'>Οὗτος</span> <span class='ocrx_word' id='word_1_336' title='bbox 3273 1515 3331 1569; x_wconf 74' lang='grc' dir='ltr'>δὲ</span> <span class='ocrx_word' id='word_1_337' title='bbox 3356 1510 3423 1585; x_wconf 78' lang='grc' dir='ltr'>ἦν</span> <span class='ocrx_word' id='word_1_338' title='bbox 3464 1515 3492 1565; x_wconf 89' lang='lat'><strong>6</strong></span> <span class='ocrx_word' id='word_1_339' title='bbox 3524 1513 3617 1565; x_wconf 70' lang='grc' dir='ltr'><strong>ἐπὶ</strong></span> <span class='ocrx_word' id='word_1_340' title='bbox 3640 1505 3741 1563; x_wconf 81' lang='grc' dir='ltr'>’τοῦ</span> <span class='ocrx_word' id='word_1_341' title='bbox 3776 1510 3879 1562; x_wconf 86' lang='grc' dir='ltr'><strong>Γο-</strong></span> 
     </span>
    </p>
   </div>
   <div class='ocr_carea' id='block_1_43' title="bbox 2308 1602 3876 1684">
    <p class='ocr_par' dir='ltr' id='par_1_43' title="bbox 2308 1602 3876 1684">
     <span class='ocr_line' id='line_1_43' title="bbox 2308 1602 3876 1684; baseline -0.018 -5"><span class='ocrx_word' id='word_1_342' title='bbox 2308 1602 2477 1679; x_wconf 86' lang='grc' dir='ltr'>δολίου</span> <span class='ocrx_word' id='word_1_343' title='bbox 2500 1622 2647 1684; x_wconf 84' lang='grc' dir='ltr'>λαὸς,</span> <span class='ocrx_word' id='word_1_344' title='bbox 2678 1620 2734 1673; x_wconf 85' lang='grc' dir='ltr'>ὂν</span> <span class='ocrx_word' id='word_1_345' title='bbox 2761 1618 2849 1671; x_wconf 87' lang='grc' dir='ltr'><strong>διά</strong></span> <span class='ocrx_word' id='word_1_346' title='bbox 2876 1611 3107 1684; x_wconf 84' lang='grc' dir='ltr'>ἀπορίαν</span> <span class='ocrx_word' id='word_1_347' title='bbox 3129 1609 3228 1679; x_wconf 83' lang='grc' dir='ltr'>τῆς</span> <span class='ocrx_word' id='word_1_348' title='bbox 3247 1606 3355 1661; x_wconf 79' lang='grc' dir='ltr'><strong>ἀπὸ</strong></span> <span class='ocrx_word' id='word_1_349' title='bbox 3382 1606 3531 1658; x_wconf 87' lang='grc' dir='ltr'>σίτου</span> <span class='ocrx_word' id='word_1_350' title='bbox 3563 1602 3771 1673; x_wconf 79' lang='grc' dir='ltr'><strong>τροφῆς</strong></span> <span class='ocrx_word' id='word_1_351' title='bbox 3812 1603 3876 1653; x_wconf 84' lang='grc' dir='ltr'>ὲν</span> 
     </span>
    </p>
   </div>
   <div class='ocr_carea' id='block_1_44' title="bbox 2313 1695 3878 1787">
    <p class='ocr_par' dir='ltr' id='par_1_44' title="bbox 2313 1695 3878 1787">
     <span class='ocr_line' id='line_1_44' title="bbox 2313 1695 3878 1787; baseline -0.018 -16"><span class='ocrx_word' id='word_1_352' title='bbox 2313 1714 2631 1787; x_wconf 85' lang='grc' dir='ltr'><strong>βραχυτάτῳ</strong></span> <span class='ocrx_word' id='word_1_353' title='bbox 2676 1708 3005 1781; x_wconf 87' lang='grc' dir='ltr'>θρεμμάτων</span> <span class='ocrx_word' id='word_1_354' title='bbox 3051 1702 3283 1771; x_wconf 88' lang='grc' dir='ltr'>γάλακτι</span> <span class='ocrx_word' id='word_1_355' title='bbox 3334 1697 3428 1751; x_wconf 71' lang='grc' dir='ltr'><strong>καὶ</strong></span> <span class='ocrx_word' id='word_1_356' title='bbox 3468 1695 3709 1767; x_wconf 86' lang='grc' dir='ltr'>βουτύρῳ</span> <span class='ocrx_word' id='word_1_357' title='bbox 3737 1710 3878 1765; x_wconf 88' lang='grc' dir='ltr'>τρα-</span> 
     </span>
    </p>
   </div>
   <div class='ocr_carea' id='block_1_45' title="bbox 2314 1786 3881 1877">
    <p class='ocr_par' dir='ltr' id='par_1_45' title="bbox 2314 1786 3881 1877">
     <span class='ocr_line' id='line_1_45' title="bbox 2314 1786 3881 1877; baseline -0.019 -14"><span class='ocrx_word' id='word_1_358' title='bbox 2314 1786 2578 1877; x_wconf 80' lang='grc' dir='ltr'>φήσεσθαι</span> <span class='ocrx_word' id='word_1_359' title='bbox 2654 1796 3060 1871; x_wconf 77' lang='grc' dir='ltr'>προαγορεύει,</span> <span class='ocrx_word' id='word_1_360' title='bbox 3116 1794 3213 1863; x_wconf 81' lang='grc' dir='ltr'><strong>τῆς</strong></span> <span class='ocrx_word' id='word_1_361' title='bbox 3269 1788 3451 1863; x_wconf 83' lang='grc' dir='ltr'>χώρας</span> <span class='ocrx_word' id='word_1_362' title='bbox 3511 1789 3726 1856; x_wconf 85' lang='grc' dir='ltr'>ἀπάσης</span> <span class='ocrx_word' id='word_1_363' title='bbox 3796 1786 3881 1847; x_wconf 80' lang='grc' dir='ltr'>εἰς</span> 
     </span>
    </p>
   </div>
   <div class='ocr_carea' id='block_1_46' title="bbox 2309 1876 3882 1969">
    <p class='ocr_par' dir='ltr' id='par_1_46' title="bbox 2309 1876 3882 1969">
     <span class='ocr_line' id='line_1_46' title="bbox 2309 1876 3882 1969; baseline -0.015 -17"><span class='ocrx_word' id='word_1_364' title='bbox 2309 1876 2498 1969; x_wconf 86' lang='grc' dir='ltr'>χέρσον</span> <span class='ocrx_word' id='word_1_365' title='bbox 2532 1895 2625 1948; x_wconf 70' lang='grc' dir='ltr'><strong>καὶ</strong></span> <span class='ocrx_word' id='word_1_366' title='bbox 2664 1891 2902 1946; x_wconf 75' lang='grc' dir='ltr'>ἄκανθαν</span> <span class='ocrx_word' id='word_1_367' title='bbox 2940 1888 3029 1941; x_wconf 86' lang='grc' dir='ltr'><strong>διά</strong></span> <span class='ocrx_word' id='word_1_368' title='bbox 3074 1884 3283 1954; x_wconf 84' lang='grc' dir='ltr'>ἀνδρῶν</span> <span class='ocrx_word' id='word_1_369' title='bbox 3328 1881 3565 1951; x_wconf 71' lang='grc' dir='ltr'>ἐρημίαν</span> <span class='ocrx_word' id='word_1_370' title='bbox 3608 1876 3882 1949; x_wconf 84' lang='grc' dir='ltr'>μεταϐλη-</span> 
     </span>
    </p>
   </div>
   <div class='ocr_carea' id='block_1_47' title="bbox 2310 1992 2515 2060">
    <p class='ocr_par' dir='ltr' id='par_1_47' title="bbox 2310 1992 2515 2060">
     <span class='ocr_line' id='line_1_47' title="bbox 2310 1992 2515 2060; baseline -0.01 -17"><span class='ocrx_word' id='word_1_371' title='bbox 2310 1992 2515 2060; x_wconf 88' lang='grc' dir='ltr'>θείσης.</span> 
     </span>
    </p>
   </div>
   <div class='ocr_carea' id='block_1_48' title="bbox 2383 2074 3885 2165">
    <p class='ocr_par' dir='ltr' id='par_1_48' title="bbox 2383 2074 3885 2165">
     <span class='ocr_line' id='line_1_48' title="bbox 2383 2074 3885 2165; baseline -0.015 -9"><span class='ocrx_word' id='word_1_372' title='bbox 2383 2124 2400 2155; x_wconf 76' lang='grc' dir='ltr'><strong>ι</strong></span> <span class='ocrx_word' id='word_1_373' title='bbox 2444 2102 2550 2155; x_wconf 75' lang='grc' dir='ltr'>Καὶ</span> <span class='ocrx_word' id='word_1_374' title='bbox 2572 2100 2722 2152; x_wconf 79' lang='grc' dir='ltr'>ἔσται</span> <span class='ocrx_word' id='word_1_375' title='bbox 2745 2098 2801 2151; x_wconf 81' lang='grc' dir='ltr'><strong>έν</strong></span> <span class='ocrx_word' id='word_1_376' title='bbox 2828 2096 2895 2165; x_wconf 76' lang='grc' dir='ltr'>τῇ</span> <span class='ocrx_word' id='word_1_377' title='bbox 2923 2090 3107 2163; x_wconf 79' lang='grc' dir='ltr'>ήμέρᾳ</span> <span class='ocrx_word' id='word_1_378' title='bbox 3132 2088 3335 2157; x_wconf 75' lang='grc' dir='ltr'>ἐκείνῃ,</span> <span class='ocrx_word' id='word_1_379' title='bbox 3363 2086 3472 2149; x_wconf 75' lang='grc' dir='ltr'>πᾶς</span> <span class='ocrx_word' id='word_1_380' title='bbox 3496 2082 3659 2146; x_wconf 80' lang='grc' dir='ltr'>τόπος</span> <span class='ocrx_word' id='word_1_381' title='bbox 3688 2074 3750 2135; x_wconf 76' lang='grc' dir='ltr'>οὗ</span> <span class='ocrx_word' id='word_1_382' title='bbox 3782 2080 3885 2134; x_wconf 72' lang='grc' dir='ltr'><strong>ἐὰν</strong></span> 
     </span>
    </p>
   </div>
   <div class='ocr_carea' id='block_1_49' title="bbox 2310 2172 3888 2265">
    <p class='ocr_par' dir='ltr' id='par_1_49' title="bbox 2310 2172 3888 2265">
     <span class='ocr_line' id='line_1_49' title="bbox 2310 2172 3888 2265; baseline -0.016 -16"><span class='ocrx_word' id='word_1_383' title='bbox 2310 2191 2410 2249; x_wconf 78' lang='grc' dir='ltr'>ὦσι</span> <span class='ocrx_word' id='word_1_384' title='bbox 2438 2194 2605 2265; x_wconf 88' lang='grc' dir='ltr'>χίλιαι</span> <span class='ocrx_word' id='word_1_385' title='bbox 2635 2188 2889 2260; x_wconf 80' lang='grc' dir='ltr'>ἄμπελοι,</span> <span class='ocrx_word' id='word_1_386' title='bbox 2932 2183 3117 2254; x_wconf 86' lang='grc' dir='ltr'>χιλίων</span> <span class='ocrx_word' id='word_1_387' title='bbox 3145 2181 3365 2243; x_wconf 79' lang='grc' dir='ltr'>σίκλων,</span> <span class='ocrx_word' id='word_1_388' title='bbox 3400 2179 3478 2240; x_wconf 85' lang='grc' dir='ltr'><strong>είς</strong></span> <span class='ocrx_word' id='word_1_389' title='bbox 3514 2176 3706 2246; x_wconf 82' lang='grc' dir='ltr'>χέρσον</span> <span class='ocrx_word' id='word_1_390' title='bbox 3730 2172 3888 2225; x_wconf 72' lang='lat' dir='ltr'><strong>law-</strong></span> 
     </span>
    </p>
   </div>
   <div class='ocr_carea' id='block_1_50' title="bbox 2311 2261 3886 2346">
    <p class='ocr_par' dir='ltr' id='par_1_50' title="bbox 2311 2261 3886 2346">
     <span class='ocr_line' id='line_1_50' title="bbox 2311 2261 3886 2346; baseline -0.015 -5"><span class='ocrx_word' id='word_1_391' title='bbox 2311 2305 2399 2342; x_wconf 90' lang='grc' dir='ltr'><strong>ται</strong></span> <span class='ocrx_word' id='word_1_392' title='bbox 2432 2261 2524 2338; x_wconf 72' lang='grc' dir='ltr'><strong>καὶ</strong></span> <span class='ocrx_word' id='word_1_393' title='bbox 2553 2285 2631 2346; x_wconf 90' lang='grc' dir='ltr'><strong>είς</strong></span> <span class='ocrx_word' id='word_1_394' title='bbox 2673 2280 2932 2336; x_wconf 85' lang='grc' dir='ltr'>άκανθαν.</span> <span class='ocrx_word' id='word_1_395' title='bbox 2991 2294 3009 2327; x_wconf 79' lang='grc' dir='ltr'><strong>ι</strong></span> <span class='ocrx_word' id='word_1_396' title='bbox 3066 2272 3271 2326; x_wconf 84' lang='grc' dir='ltr'>Ούκοῦν</span> <span class='ocrx_word' id='word_1_397' title='bbox 3300 2271 3388 2324; x_wconf 82' lang='grc' dir='ltr'>διὰ</span> <span class='ocrx_word' id='word_1_398' title='bbox 3432 2269 3493 2322; x_wconf 81' lang='grc' dir='ltr'>τὸ</span> <span class='ocrx_word' id='word_1_399' title='bbox 3527 2268 3717 2340; x_wconf 79' lang='grc' dir='ltr'>χέρσον</span> <span class='ocrx_word' id='word_1_400' title='bbox 3742 2261 3886 2319; x_wconf 74' lang='grc' dir='ltr'>εἶναι</span> 
     </span>
    </p>
   </div>
   <div class='ocr_carea' id='block_1_51' title="bbox 2312 2355 3885 2448">
    <p class='ocr_par' dir='ltr' id='par_1_51' title="bbox 2312 2355 3885 2448">
     <span class='ocr_line' id='line_1_51' title="bbox 2312 2355 3885 2448; baseline -0.014 -17"><span class='ocrx_word' id='word_1_401' title='bbox 2312 2380 2407 2448; x_wconf 77' lang='grc' dir='ltr'><strong>τὴν</strong></span> <span class='ocrx_word' id='word_1_402' title='bbox 2436 2378 2539 2445; x_wconf 81' lang='grc' dir='ltr'>γῆν</span> <span class='ocrx_word' id='word_1_403' title='bbox 2583 2374 2672 2427; x_wconf 63' lang='grc' dir='ltr'><strong>κα)⁴</strong></span> <span class='ocrx_word' id='word_1_404' title='bbox 2698 2367 2947 2424; x_wconf 79' lang='grc' dir='ltr'>ἀκανθῶν</span> <span class='ocrx_word' id='word_1_405' title='bbox 3004 2364 3208 2435; x_wconf 84' lang='grc' dir='ltr'>πλήρη,</span> <span class='ocrx_word' id='word_1_406' title='bbox 3252 2365 3397 2415; x_wconf 85' lang='grc' dir='ltr'>σῖτον</span> <span class='ocrx_word' id='word_1_407' title='bbox 3424 2360 3522 2430; x_wconf 81' lang='grc' dir='ltr'><strong>οὐχ</strong></span> <span class='ocrx_word' id='word_1_408' title='bbox 3550 2358 3661 2422; x_wconf 67' lang='grc' dir='ltr'>ἕξει</span> <span class='ocrx_word' id='word_1_409' title='bbox 3692 2374 3706 2387; x_wconf 78' lang='grc'><strong><em>⁵</em></strong></span> <span class='ocrx_word' id='word_1_410' title='bbox 3756 2355 3885 2410; x_wconf 76' lang='grc' dir='ltr'>οὐδὲ</span> 
     </span>
    </p>
   </div>
   <div class='ocr_carea' id='block_1_52' title="bbox 2313 2451 3887 2542">
    <p class='ocr_par' dir='ltr' id='par_1_52' title="bbox 2313 2451 3887 2542">
     <span class='ocr_line' id='line_1_52' title="bbox 2313 2451 3887 2542; baseline -0.015 -19"><span class='ocrx_word' id='word_1_411' title='bbox 2313 2470 2649 2542; x_wconf 79' lang='grc' dir='ltr'>τραφήσεται</span> <span class='ocrx_word' id='word_1_412' title='bbox 2682 2464 2746 2532; x_wconf 77' lang='grc' dir='ltr'>τῇ</span> <span class='ocrx_word' id='word_1_413' title='bbox 2797 2459 2938 2514; x_wconf 85' lang='grc' dir='ltr'><strong>κατά</strong></span> <span class='ocrx_word' id='word_1_414' title='bbox 2968 2458 3128 2528; x_wconf 79' lang='grc' dir='ltr'>φύσιν</span> <span class='ocrx_word' id='word_1_415' title='bbox 3166 2454 3450 2527; x_wconf 77' lang='grc' dir='ltr'>ἄνθρωπος</span> <span class='ocrx_word' id='word_1_416' title='bbox 3496 2451 3670 2522; x_wconf 78' lang='grc' dir='ltr'>τροφῇ</span> <span class='ocrx_word' id='word_1_417' title='bbox 3722 2465 3887 2520; x_wconf 78' lang='grc' dir='ltr'>περι·-</span> 
     </span>
    </p>
   </div>
   <div class='ocr_carea' id='block_1_53' title="bbox 2313 2540 3890 2632">
    <p class='ocr_par' dir='ltr' id='par_1_53' title="bbox 2313 2540 3890 2632">
     <span class='ocr_line' id='line_1_53' title="bbox 2313 2540 3890 2632; baseline -0.016 -15"><span class='ocrx_word' id='word_1_418' title='bbox 2313 2540 2575 2632; x_wconf 76' lang='grc' dir='ltr'>λειφθεὶς,</span> <span class='ocrx_word' id='word_1_419' title='bbox 2628 2557 2742 2612; x_wconf 86' lang='grc' dir='ltr'>ἀλλ’</span> <span class='ocrx_word' id='word_1_420' title='bbox 2772 2553 2892 2609; x_wconf 81' lang='grc' dir='ltr'>οὐδὲ</span> <span class='ocrx_word' id='word_1_421' title='bbox 2926 2552 3052 2621; x_wconf 72' lang='grc' dir='ltr'>οἴνῳ</span> <span class='ocrx_word' id='word_1_422' title='bbox 3096 2550 3355 2620; x_wconf 81' lang='grc' dir='ltr'>χρήσεται</span> <span class='ocrx_word' id='word_1_423' title='bbox 3382 2586 3398 2611; x_wconf 85' lang='grc'><strong>,</strong></span> <span class='ocrx_word' id='word_1_424' title='bbox 3443 2542 3674 2613; x_wconf 88' lang='grc' dir='ltr'>γάλακτι</span> <span class='ocrx_word' id='word_1_425' title='bbox 3700 2540 3756 2593; x_wconf 84' lang='grc' dir='ltr'>δὲ</span> <span class='ocrx_word' id='word_1_426' title='bbox 3790 2540 3890 2593; x_wconf 77' lang='grc' dir='ltr'>καὶ</span> 
     </span>
    </p>
   </div>
   <div class='ocr_carea' id='block_1_54' title="bbox 2318 2632 3889 2727">
    <p class='ocr_par' dir='ltr' id='par_1_54' title="bbox 2318 2632 3889 2727">
     <span class='ocr_line' id='line_1_54' title="bbox 2318 2632 3889 2727; baseline -0.017 -18"><span class='ocrx_word' id='word_1_427' title='bbox 2318 2653 2584 2727; x_wconf 86' lang='grc' dir='ltr'>βουτύρῳ,</span> <span class='ocrx_word' id='word_1_428' title='bbox 2618 2651 2713 2703; x_wconf 72' lang='grc' dir='ltr'>καὶ</span> <span class='ocrx_word' id='word_1_429' title='bbox 2745 2646 2920 2719; x_wconf 82' lang='grc' dir='ltr'>μέλιτι</span> <span class='ocrx_word' id='word_1_430' title='bbox 2945 2661 2958 2675; x_wconf 73' lang='grc'><strong><em>⁵</em></strong></span> <span class='ocrx_word' id='word_1_431' title='bbox 2996 2642 3090 2695; x_wconf 76' lang='grc' dir='ltr'><strong>καὶ</strong></span> <span class='ocrx_word' id='word_1_432' title='bbox 3126 2639 3357 2703; x_wconf 86' lang='grc' dir='ltr'>τούτοις,</span> <span class='ocrx_word' id='word_1_433' title='bbox 3388 2637 3487 2691; x_wconf 71' lang='grc' dir='ltr'><strong>οὐκ</strong></span> <span class='ocrx_word' id='word_1_434' title='bbox 3512 2634 3620 2690; x_wconf 78' lang='grc' dir='ltr'>ἀπὸ</span> <span class='ocrx_word' id='word_1_435' title='bbox 3646 2632 3889 2705; x_wconf 77' lang='grc' dir='ltr'>πλήθους</span> 
     </span>
    </p>
   </div>
   <div class='ocr_carea' id='block_1_55' title="bbox 2316 2727 3891 2817">
    <p class='ocr_par' dir='ltr' id='par_1_55' title="bbox 2316 2727 3891 2817">
     <span class='ocr_line' id='line_1_55' title="bbox 2316 2727 3891 2817; baseline -0.017 -16"><span class='ocrx_word' id='word_1_436' title='bbox 2316 2746 2515 2817; x_wconf 81' lang='grc' dir='ltr'>ἀγέλης</span> <span class='ocrx_word' id='word_1_437' title='bbox 2547 2743 2701 2813; x_wconf 83' lang='grc' dir='ltr'>βοῶν,</span> <span class='ocrx_word' id='word_1_438' title='bbox 2748 2739 2855 2793; x_wconf 80' lang='grc' dir='ltr'>οὐδ’</span> <span class='ocrx_word' id='word_1_439' title='bbox 2882 2736 2989 2790; x_wconf 78' lang='grc' dir='ltr'><strong>ἀπὸ</strong></span> <span class='ocrx_word' id='word_1_440' title='bbox 3035 2731 3298 2803; x_wconf 79' lang='grc' dir='ltr'>ποιμνίων</span> <span class='ocrx_word' id='word_1_441' title='bbox 3332 2727 3617 2800; x_wconf 88' lang='grc' dir='ltr'>προϐάτων</span> <span class='ocrx_word' id='word_1_442' title='bbox 3657 2740 3891 2791; x_wconf 88' lang='grc' dir='ltr'>συναγο-</span> 
     </span>
    </p>
   </div>
   <div class='ocr_carea' id='block_1_56' title="bbox 2322 2816 3890 2911">
    <p class='ocr_par' dir='ltr' id='par_1_56' title="bbox 2322 2816 3890 2911">
     <span class='ocr_line' id='line_1_56' title="bbox 2322 2816 3890 2911; baseline -0.017 -17"><span class='ocrx_word' id='word_1_443' title='bbox 2322 2816 2523 2911; x_wconf 86' lang='grc' dir='ltr'>μένοις,</span> <span class='ocrx_word' id='word_1_444' title='bbox 2567 2834 2681 2889; x_wconf 81' lang='grc' dir='ltr'>ἀλλ’</span> <span class='ocrx_word' id='word_1_445' title='bbox 2704 2832 2763 2897; x_wconf 73' lang='grc' dir='ltr'><strong>εξ</strong></span> <span class='ocrx_word' id='word_1_446' title='bbox 2795 2827 3027 2883; x_wconf 83' lang='grc' dir='ltr'>εὐτελῶν</span> <span class='ocrx_word' id='word_1_447' title='bbox 3064 2824 3161 2878; x_wconf 76' lang='grc' dir='ltr'><strong>και</strong></span> <span class='ocrx_word' id='word_1_448' title='bbox 3196 2819 3431 2893; x_wconf 79' lang='grc' dir='ltr'>οικτρῶν</span> <span class='ocrx_word' id='word_1_449' title='bbox 3465 2818 3639 2884; x_wconf 78' lang='grc' dir='ltr'>ζώων.</span> <span class='ocrx_word' id='word_1_450' title='bbox 3695 2818 3754 2871; x_wconf 86' lang='grc' dir='ltr'>Ὀ</span> <span class='ocrx_word' id='word_1_451' title='bbox 3788 2816 3890 2886; x_wconf 80' lang='grc' dir='ltr'>μὲν</span> 
     </span>
    </p>
   </div>
   <div class='ocr_carea' id='block_1_57' title="bbox 2319 2908 3889 3003">
    <p class='ocr_par' dir='ltr' id='par_1_57' title="bbox 2319 2908 3889 3003">
     <span class='ocr_line' id='line_1_57' title="bbox 2319 2908 3889 3003; baseline -0.017 -16"><span class='ocrx_word' id='word_1_452' title='bbox 2319 2908 2427 3003; x_wconf 80' lang='grc' dir='ltr'><strong>γάρ</strong></span> <span class='ocrx_word' id='word_1_453' title='bbox 2458 2948 2540 2993; x_wconf 88' lang='grc' dir='ltr'><strong>τις</strong></span> <span class='ocrx_word' id='word_1_454' title='bbox 2571 2928 2677 2982; x_wconf 85' lang='grc' dir='ltr'><strong>ἀπὸ</strong></span> <span class='ocrx_word' id='word_1_455' title='bbox 2708 2925 2837 2995; x_wconf 80' lang='grc' dir='ltr'>μιᾶς</span> <span class='ocrx_word' id='word_1_456' title='bbox 2868 2918 3171 2991; x_wconf 80' lang='grc' dir='ltr'>δαμάλεως,</span> <span class='ocrx_word' id='word_1_457' title='bbox 3198 2916 3226 2969; x_wconf 86' lang='grc' dir='ltr'><strong>ό</strong></span> <span class='ocrx_word' id='word_1_458' title='bbox 3263 2913 3319 2967; x_wconf 82' lang='grc' dir='ltr'>δὲ</span> <span class='ocrx_word' id='word_1_459' title='bbox 3345 2914 3451 2967; x_wconf 83' lang='grc' dir='ltr'><strong>ἀπὸ</strong></span> <span class='ocrx_word' id='word_1_460' title='bbox 3478 2911 3571 2966; x_wconf 89' lang='grc' dir='ltr'><strong>δύο</strong></span> <span class='ocrx_word' id='word_1_461' title='bbox 3599 2908 3889 2981; x_wconf 86' lang='grc' dir='ltr'>προϐάτων</span> 
     </span>
    </p>
   </div>
   <div class='ocr_carea' id='block_1_58' title="bbox 2322 3016 2823 3094">
    <p class='ocr_par' dir='ltr' id='par_1_58' title="bbox 2322 3016 2823 3094">
     <span class='ocr_line' id='line_1_58' title="bbox 2322 3016 2823 3094; baseline -0.018 -17"><span class='ocrx_word' id='word_1_462' title='bbox 2322 3025 2603 3094; x_wconf 82' lang='grc' dir='ltr'>ποιήσεται</span> <span class='ocrx_word' id='word_1_463' title='bbox 2629 3016 2823 3071; x_wconf 75' lang='grc' dir='ltr'>ταῦτα.</span> 
     </span>
    </p>
   </div>
   <div class='ocr_carea' id='block_1_59' title="bbox 2403 3112 3891 3198">
    <p class='ocr_par' dir='ltr' id='par_1_59' title="bbox 2403 3112 3891 3198">
     <span class='ocr_line' id='line_1_59' title="bbox 2403 3112 3891 3198; baseline -0.016 -11"><span class='ocrx_word' id='word_1_464' title='bbox 2403 3157 2419 3187; x_wconf 77' lang='grc' dir='ltr'><strong>ι</strong></span> <span class='ocrx_word' id='word_1_465' title='bbox 2461 3133 2574 3189; x_wconf 75' lang='grc' dir='ltr'><strong>Καὶ</strong></span> <span class='ocrx_word' id='word_1_466' title='bbox 2620 3132 2726 3185; x_wconf 79' lang='grc' dir='ltr'><strong>πᾶν</strong></span> <span class='ocrx_word' id='word_1_467' title='bbox 2776 3128 2901 3198; x_wconf 77' lang='grc' dir='ltr'>ὅρος</span> <span class='ocrx_word' id='word_1_468' title='bbox 2949 3118 3350 3196; x_wconf 80' lang='grc' dir='ltr'>ήροτριωμένον</span> <span class='ocrx_word' id='word_1_469' title='bbox 3400 3112 3891 3188; x_wconf 82' lang='grc' dir='ltr'>ἀροτριωθήσεται,</span> 
     </span>
    </p>
   </div>
   <div class='ocr_carea' id='block_1_60' title="bbox 665 3202 2218 3316">
    <p class='ocr_par' dir='ltr' id='par_1_60' title="bbox 665 3236 2218 3316">
     <span class='ocr_line' id='line_1_60' title="bbox 665 3236 2218 3316; baseline -0.017 0"><span class='ocrx_word' id='word_1_470' title='bbox 665 3277 773 3316; x_wconf 82' lang='grc' dir='ltr'>ι.οη</span> <span class='ocrx_word' id='word_1_471' title='bbox 804 3258 979 3311; x_wconf 85' lang='lat' dir='ltr'><strong>veniet</strong></span> <span class='ocrx_word' id='word_1_472' title='bbox 1006 3254 1131 3309; x_wconf 86' lang='lat' dir='ltr'><strong>illuc</strong></span> <span class='ocrx_word' id='word_1_473' title='bbox 1164 3250 1365 3305; x_wconf 84' lang='lat' dir='ltr'><strong>timor:</strong></span> <span class='ocrx_word' id='word_1_474' title='bbox 1397 3247 1503 3303; x_wconf 90' lang='lat' dir='ltr'><strong>erit</strong></span> <span class='ocrx_word' id='word_1_475' title='bbox 1543 3242 1686 3299; x_wconf 90' lang='lat' dir='ltr'><strong>enim</strong></span> <span class='ocrx_word' id='word_1_476' title='bbox 1732 3254 1762 3294; x_wconf 88' lang='lat' dir='ltr'><strong>a</strong></span> <span class='ocrx_word' id='word_1_477' title='bbox 1795 3239 2007 3295; x_wconf 90' lang='lat' dir='ltr'><strong>deserto</strong></span> <span class='ocrx_word' id='word_1_478' title='bbox 2033 3246 2089 3292; x_wconf 88' lang='lat' dir='ltr'><strong>et</strong></span> <span class='ocrx_word' id='word_1_479' title='bbox 2114 3236 2218 3305; x_wconf 89' lang='lat' dir='ltr'><strong>spi-</strong></span> 
     </span>
    </p>
   </div>
   <div class='ocr_carea' id='block_1_61' title="bbox 2320 3202 3897 3316">
    <p class='ocr_par' dir='ltr' id='par_1_61' title="bbox 2323 3202 3897 3295">
     <span class='ocr_line' id='line_1_61' title="bbox 2323 3202 3897 3295; baseline -0.017 -12"><span class='ocrx_word' id='word_1_480' title='bbox 2323 3230 2419 3284; x_wconf 74' lang='grc' dir='ltr'><strong>καὶ</strong></span> <span class='ocrx_word' id='word_1_481' title='bbox 2464 3227 2524 3280; x_wconf 83' lang='grc' dir='ltr'>οὑ</span> <span class='ocrx_word' id='word_1_482' title='bbox 2590 3224 2664 3295; x_wconf 83' lang='grc' dir='ltr'>μὴ</span> <span class='ocrx_word' id='word_1_483' title='bbox 2723 3218 2926 3289; x_wconf 74' lang='grc' dir='ltr'>ἐπέλθῃ</span> <span class='ocrx_word' id='word_1_484' title='bbox 2981 3219 3098 3271; x_wconf 71' lang='grc' dir='ltr'>ἐκεῖ</span> <span class='ocrx_word' id='word_1_485' title='bbox 3146 3212 3309 3283; x_wconf 84' lang='grc' dir='ltr'>φόϐος</span> <span class='ocrx_word' id='word_1_486' title='bbox 3349 3228 3361 3241; x_wconf 83' lang='grc'><em>’</em></span> <span class='ocrx_word' id='word_1_487' title='bbox 3423 3210 3577 3263; x_wconf 78' lang='grc' dir='ltr'>ἔσται</span> <span class='ocrx_word' id='word_1_488' title='bbox 3624 3205 3735 3279; x_wconf 82' lang='grc' dir='ltr'>γὰρ</span> <span class='ocrx_word' id='word_1_489' title='bbox 3783 3202 3897 3259; x_wconf 76' lang='grc' dir='ltr'><strong>ἀπὸ</strong></span> 
     </span>
    </p>
   </div>
   <div class='ocr_carea' id='block_1_62' title="bbox 666 3339 1283 3416">
    <p class='ocr_par' dir='ltr' id='par_1_62' title="bbox 666 3339 1283 3416">
     <span class='ocr_line' id='line_1_62' title="bbox 666 3339 1283 3416; baseline -0.023 -12"><span class='ocrx_word' id='word_1_490' title='bbox 666 3350 750 3404; x_wconf 89' lang='lat' dir='ltr'><strong>nis</strong></span> <span class='ocrx_word' id='word_1_491' title='bbox 783 3348 835 3401; x_wconf 88' lang='lat' dir='ltr'><strong>in</strong></span> <span class='ocrx_word' id='word_1_492' title='bbox 865 3357 1061 3416; x_wconf 88' lang='lat' dir='ltr'><strong>pascua</strong></span> <span class='ocrx_word' id='word_1_493' title='bbox 1096 3339 1226 3396; x_wconf 89' lang='lat' dir='ltr'><strong>ovis.</strong></span> <span class='ocrx_word' id='word_1_494' title='bbox 1265 3357 1283 3390; x_wconf 63' lang='grc' dir='ltr'><strong>ι</strong></span> 
     </span>
    </p>
   </div>
   <div class='ocr_carea' id='block_1_63' title="bbox 1244 3439 1637 3505">
    <p class='ocr_par' dir='ltr' id='par_1_63' title="bbox 1244 3439 1637 3505">
     <span class='ocr_line' id='line_1_63' title="bbox 1244 3439 1637 3505; baseline -0.031 0"><span class='ocrx_word' id='word_1_495' title='bbox 1244 3443 1471 3505; x_wconf 71' lang='lat' dir='ltr'><strong>CAPUT</strong></span> <span class='ocrx_word' id='word_1_496' title='bbox 1503 3439 1637 3495; x_wconf 77' lang='lat' dir='ltr'><strong>Vill.</strong></span> 
     </span>
    </p>
   </div>
   <div class='ocr_carea' id='block_1_64' title="bbox 737 3546 2219 3625">
    <p class='ocr_par' dir='ltr' id='par_1_64' title="bbox 737 3546 2219 3625">
     <span class='ocr_line' id='line_1_64' title="bbox 737 3546 2219 3625; baseline -0.018 1"><span class='ocrx_word' id='word_1_497' title='bbox 737 3571 903 3625; x_wconf 70' lang='lat' dir='ltr'><strong>Vens.</strong></span> <span class='ocrx_word' id='word_1_498' title='bbox 936 3570 987 3623; x_wconf 77' lang='grc'><strong>1.</strong></span> <span class='ocrx_word' id='word_1_499' title='bbox 1024 3586 1041 3619; x_wconf 75' lang='grc' dir='ltr'><strong>ι</strong></span> <span class='ocrx_word' id='word_1_500' title='bbox 1083 3565 1151 3620; x_wconf 86' lang='lat' dir='ltr'><strong>Et</strong></span> <span class='ocrx_word' id='word_1_501' title='bbox 1172 3562 1305 3617; x_wconf 79' lang='lat' dir='ltr'><strong>dixit</strong></span> <span class='ocrx_word' id='word_1_502' title='bbox 1336 3558 1592 3613; x_wconf 87' lang='lat' dir='ltr'><strong>Dominus</strong></span> <span class='ocrx_word' id='word_1_503' title='bbox 1630 3555 1697 3609; x_wconf 87' lang='lat' dir='ltr'><strong>ad</strong></span> <span class='ocrx_word' id='word_1_504' title='bbox 1742 3566 1862 3618; x_wconf 88' lang='lat' dir='ltr'><strong>me,</strong></span> <span class='ocrx_word' id='word_1_505' title='bbox 1910 3548 2075 3607; x_wconf 88' lang='lat' dir='ltr'><strong>Sume</strong></span> <span class='ocrx_word' id='word_1_506' title='bbox 2122 3546 2219 3601; x_wconf 89' lang='lat' dir='ltr'><strong>tibi</strong></span> 
     </span>
    </p>
   </div>
   <div class='ocr_carea' id='block_1_65' title="bbox 668 3639 2220 3725">
    <p class='ocr_par' dir='ltr' id='par_1_65' title="bbox 668 3639 2220 3725">
     <span class='ocr_line' id='line_1_65' title="bbox 668 3639 2220 3725; baseline -0.018 -6"><span class='ocrx_word' id='word_1_507' title='bbox 668 3665 864 3719; x_wconf 87' lang='lat' dir='ltr'><strong>librum</strong></span> <span class='ocrx_word' id='word_1_508' title='bbox 894 3673 1090 3715; x_wconf 83' lang='lat' dir='ltr'><strong>novum</strong></span> <span class='ocrx_word' id='word_1_509' title='bbox 1117 3655 1375 3725; x_wconf 87' lang='lat' dir='ltr'><strong>grandem</strong></span> <span class='ocrx_word' id='word_1_510' title='bbox 1409 3659 1501 3706; x_wconf 88' lang='lat' dir='ltr'><strong>:et</strong></span> <span class='ocrx_word' id='word_1_511' title='bbox 1548 3648 1724 3703; x_wconf 84' lang='lat' dir='ltr'><strong>scribe</strong></span> <span class='ocrx_word' id='word_1_512' title='bbox 1752 3646 1805 3698; x_wconf 93' lang='lat' dir='ltr'><strong>in</strong></span> <span class='ocrx_word' id='word_1_513' title='bbox 1848 3644 1937 3697; x_wconf 92' lang='lat' dir='ltr'><strong>illo</strong></span> <span class='ocrx_word' id='word_1_514' title='bbox 1964 3641 2099 3711; x_wconf 88' lang='lat' dir='ltr'><strong>stylo</strong></span> <span class='ocrx_word' id='word_1_515' title='bbox 2124 3639 2220 3692; x_wconf 87' lang='lat' dir='ltr'><strong>bo-</strong></span> 
     </span>
    </p>
   </div>
   <div class='ocr_carea' id='block_1_66' title="bbox 670 3724 2219 3817">
    <p class='ocr_par' dir='ltr' id='par_1_66' title="bbox 670 3724 2219 3817">
     <span class='ocr_line' id='line_1_66' title="bbox 670 3724 2219 3817; baseline -0.022 -6"><span class='ocrx_word' id='word_1_516' title='bbox 670 3755 849 3811; x_wconf 85' lang='lat' dir='ltr'><strong>minis.</strong></span> <span class='ocrx_word' id='word_1_517' title='bbox 888 3768 905 3802; x_wconf 78' lang='grc' dir='ltr'><strong>ι</strong></span> <span class='ocrx_word' id='word_1_518' title='bbox 935 3724 1224 3817; x_wconf 87' lang='lat' dir='ltr'><strong>Postquam</strong></span> <span class='ocrx_word' id='word_1_519' title='bbox 1256 3741 1413 3796; x_wconf 84' lang='lat' dir='ltr'><strong>linem</strong></span> <span class='ocrx_word' id='word_1_520' title='bbox 1463 3736 1716 3792; x_wconf 85' lang='lat' dir='ltr'><strong>narrandi</strong></span> <span class='ocrx_word' id='word_1_521' title='bbox 1758 3731 1885 3786; x_wconf 83' lang='lat' dir='ltr'><strong>fecit</strong></span> <span class='ocrx_word' id='word_1_522' title='bbox 1925 3743 1987 3783; x_wconf 89' lang='lat' dir='ltr'><strong>ea</strong></span> <span class='ocrx_word' id='word_1_523' title='bbox 2026 3740 2142 3796; x_wconf 62' lang='lat' dir='ltr'><strong>qum</strong></span> <span class='ocrx_word' id='word_1_524' title='bbox 2169 3724 2219 3778; x_wconf 92' lang='lat' dir='ltr'><strong>in</strong></span> 
     </span>
    </p>
   </div>
   <div class='ocr_carea' id='block_1_67' title="bbox 669 3820 2220 3903">
    <p class='ocr_par' dir='ltr' id='par_1_67' title="bbox 669 3820 2220 3903">
     <span class='ocr_line' id='line_1_67' title="bbox 669 3820 2220 3903; baseline -0.022 1"><span class='ocrx_word' id='word_1_525' title='bbox 669 3842 979 3903; x_wconf 85' lang='lat' dir='ltr'><strong>memoratis</strong></span> <span class='ocrx_word' id='word_1_526' title='bbox 999 3840 1186 3895; x_wconf 89' lang='lat' dir='ltr'><strong>diebus</strong></span> <span class='ocrx_word' id='word_1_527' title='bbox 1211 3833 1392 3889; x_wconf 78' lang='lat' dir='ltr'><strong>futura</strong></span> <span class='ocrx_word' id='word_1_528' title='bbox 1424 3838 1571 3894; x_wconf 92' lang='lat' dir='ltr'><strong>sunt,</strong></span> <span class='ocrx_word' id='word_1_529' title='bbox 1605 3824 1978 3880; x_wconf 90' lang='lat' dir='ltr'><strong>narrationem</strong></span> <span class='ocrx_word' id='word_1_530' title='bbox 2013 3820 2078 3874; x_wconf 92' lang='lat' dir='ltr'><strong>de</strong></span> <span class='ocrx_word' id='word_1_531' title='bbox 2101 3830 2220 3871; x_wconf 91' lang='lat' dir='ltr'><strong>ortu</strong></span> 
     </span>
    </p>
   </div>
   <div class='ocr_carea' id='block_1_68' title="bbox 670 3908 2222 3993">
    <p class='ocr_par' dir='ltr' id='par_1_68' title="bbox 670 3908 2222 3993">
     <span class='ocr_line' id='line_1_68' title="bbox 670 3908 2222 3993; baseline -0.024 0"><span class='ocrx_word' id='word_1_532' title='bbox 670 3930 1037 3993; x_wconf 86' lang='lat' dir='ltr'><strong>Emmanuelis</strong></span> <span class='ocrx_word' id='word_1_533' title='bbox 1068 3924 1308 3982; x_wconf 89' lang='lat' dir='ltr'><strong>resumit.</strong></span> <span class='ocrx_word' id='word_1_534' title='bbox 1334 3921 1506 3989; x_wconf 89' lang='lat' dir='ltr'><strong>Super</strong></span> <span class='ocrx_word' id='word_1_535' title='bbox 1525 3930 1632 3986; x_wconf 87' lang='lat' dir='ltr'><strong>quo</strong></span> <span class='ocrx_word' id='word_1_536' title='bbox 1668 3912 1849 3969; x_wconf 85' lang='lat' dir='ltr'><strong>domui</strong></span> <span class='ocrx_word' id='word_1_537' title='bbox 1881 3908 2048 3963; x_wconf 87' lang='lat' dir='ltr'><strong>David</strong></span> <span class='ocrx_word' id='word_1_538' title='bbox 2085 3920 2222 3975; x_wconf 71' lang='lat' dir='ltr'><strong>prae-</strong></span> 
     </span>
    </p>
   </div>
   <div class='ocr_carea' id='block_1_69' title="bbox 671 3998 2223 4097">
    <p class='ocr_par' dir='ltr' id='par_1_69' title="bbox 671 3998 2223 4097">
     <span class='ocr_line' id='line_1_69' title="bbox 671 3998 2223 4097; baseline -0.024 -13"><span class='ocrx_word' id='word_1_539' title='bbox 671 4040 882 4097; x_wconf 87' lang='lat' dir='ltr'><strong>ceptum</strong></span> <span class='ocrx_word' id='word_1_540' title='bbox 914 4031 1031 4080; x_wconf 86' lang='lat' dir='ltr'><strong>erat</strong></span> <span class='ocrx_word' id='word_1_541' title='bbox 1057 4063 1071 4086; x_wconf 88' lang='lat'><strong>,</strong></span> <span class='ocrx_word' id='word_1_542' title='bbox 1098 4028 1157 4074; x_wconf 94' lang='lat' dir='ltr'><strong>ut</strong></span> <span class='ocrx_word' id='word_1_543' title='bbox 1190 4010 1568 4072; x_wconf 87' lang='lat' dir='ltr'><strong>incantationis</strong></span> <span class='ocrx_word' id='word_1_544' title='bbox 1604 4008 1721 4063; x_wconf 81' lang='lat' dir='ltr'><strong>loco</strong></span> <span class='ocrx_word' id='word_1_545' title='bbox 1742 3998 2101 4059; x_wconf 86' lang='lat' dir='ltr'><strong>Emmanuelis</strong></span> <span class='ocrx_word' id='word_1_546' title='bbox 2128 4011 2223 4051; x_wconf 86' lang='lat' dir='ltr'><strong>no-</strong></span> 
     </span>
    </p>
   </div>
   <div class='ocr_carea' id='block_1_70' title="bbox 674 4088 2225 4175">
    <p class='ocr_par' dir='ltr' id='par_1_70' title="bbox 674 4088 2225 4175">
     <span class='ocr_line' id='line_1_70' title="bbox 674 4088 2225 4175; baseline -0.02 -1"><span class='ocrx_word' id='word_1_547' title='bbox 674 4135 795 4174; x_wconf 84' lang='lat' dir='ltr'><strong>men</strong></span> <span class='ocrx_word' id='word_1_548' title='bbox 844 4118 1153 4175; x_wconf 79' lang='lat' dir='ltr'><strong>invocaret;</strong></span> <span class='ocrx_word' id='word_1_549' title='bbox 1196 4109 1354 4175; x_wconf 89' lang='lat' dir='ltr'><strong>idque</strong></span> <span class='ocrx_word' id='word_1_550' title='bbox 1395 4118 1516 4159; x_wconf 91' lang='lat' dir='ltr'><strong>cum</strong></span> <span class='ocrx_word' id='word_1_551' title='bbox 1567 4114 1661 4169; x_wconf 86' lang='lat' dir='ltr'><strong>spe</strong></span> <span class='ocrx_word' id='word_1_552' title='bbox 1708 4112 1771 4151; x_wconf 89' lang='lat' dir='ltr'><strong>ac</strong></span> <span class='ocrx_word' id='word_1_553' title='bbox 1820 4092 2011 4149; x_wconf 81' lang='lat' dir='ltr'><strong>fiducia</strong></span> <span class='ocrx_word' id='word_1_554' title='bbox 2038 4130 2052 4154; x_wconf 88' lang='lat'><strong>,</strong></span> <span class='ocrx_word' id='word_1_555' title='bbox 2083 4088 2225 4159; x_wconf 91' lang='lat' dir='ltr'><strong>quod</strong></span> 
     </span>
    </p>
   </div>
   <div class='ocr_carea' id='block_1_71' title="bbox 673 4183 2223 4281">
    <p class='ocr_par' dir='ltr' id='par_1_71' title="bbox 673 4183 2223 4281">
     <span class='ocr_line' id='line_1_71' title="bbox 673 4183 2223 4281; baseline -0.021 -16"><span class='ocrx_word' id='word_1_556' title='bbox 673 4211 791 4281; x_wconf 81' lang='lat' dir='ltr'><strong>ejus</strong></span> <span class='ocrx_word' id='word_1_557' title='bbox 818 4218 917 4277; x_wconf 87' lang='lat' dir='ltr'><strong>ope</strong></span> <span class='ocrx_word' id='word_1_558' title='bbox 952 4204 1018 4258; x_wconf 89' lang='lat' dir='ltr'><strong>ab</strong></span> <span class='ocrx_word' id='word_1_559' title='bbox 1051 4198 1455 4256; x_wconf 81' lang='lat' dir='ltr'><strong>imminentibus</strong></span> <span class='ocrx_word' id='word_1_560' title='bbox 1487 4193 1694 4249; x_wconf 87' lang='lat' dir='ltr'><strong>duobus</strong></span> <span class='ocrx_word' id='word_1_561' title='bbox 1726 4187 1946 4258; x_wconf 87' lang='lat' dir='ltr'><strong>regibus</strong></span> <span class='ocrx_word' id='word_1_562' title='bbox 1984 4183 2223 4237; x_wconf 87' lang='lat' dir='ltr'><strong>liberau-</strong></span> 
     </span>
    </p>
   </div>
   <div class='ocr_carea' id='block_1_72' title="bbox 674 4277 2227 4363">
    <p class='ocr_par' dir='ltr' id='par_1_72' title="bbox 674 4277 2227 4363">
     <span class='ocr_line' id='line_1_72' title="bbox 674 4277 2227 4363; baseline -0.021 -7"><span class='ocrx_word' id='word_1_563' title='bbox 674 4277 741 4356; x_wconf 37' lang='lat' dir='ltr'><strong>d&#39;a</strong></span> <span class='ocrx_word' id='word_1_564' title='bbox 769 4299 859 4354; x_wconf 86' lang='lat' dir='ltr'><strong>sit.</strong></span> <span class='ocrx_word' id='word_1_565' title='bbox 887 4294 1021 4363; x_wconf 85' lang='lat' dir='ltr'><strong>Quia</strong></span> <span class='ocrx_word' id='word_1_566' title='bbox 1062 4306 1189 4347; x_wconf 81' lang='lat' dir='ltr'><strong>vero</strong></span> <span class='ocrx_word' id='word_1_567' title='bbox 1230 4289 1409 4345; x_wconf 89' lang='lat' dir='ltr'><strong>docuit</strong></span> <span class='ocrx_word' id='word_1_568' title='bbox 1439 4281 1839 4340; x_wconf 85' lang='lat' dir='ltr'><strong>Emmanuelem</strong></span> <span class='ocrx_word' id='word_1_569' title='bbox 1884 4277 2037 4331; x_wconf 86' lang='lat' dir='ltr'><strong>illum</strong></span> <span class='ocrx_word' id='word_1_570' title='bbox 2064 4313 2079 4337; x_wconf 91' lang='lat'><strong>,</strong></span> <span class='ocrx_word' id='word_1_571' title='bbox 2112 4282 2227 4327; x_wconf 86' lang='lat' dir='ltr'><strong>stu-</strong></span> 
     </span>
    </p>
   </div>
   <div class='ocr_carea' id='block_1_73' title="bbox 674 4367 2225 4461">
    <p class='ocr_par' dir='ltr' id='par_1_73' title="bbox 674 4367 2225 4461">
     <span class='ocr_line' id='line_1_73' title="bbox 674 4367 2225 4461; baseline -0.019 -15"><span class='ocrx_word' id='word_1_572' title='bbox 674 4390 903 4461; x_wconf 88' lang='lat' dir='ltr'><strong>pendam</strong></span> <span class='ocrx_word' id='word_1_573' title='bbox 924 4395 981 4441; x_wconf 89' lang='lat' dir='ltr'><strong>et</strong></span> <span class='ocrx_word' id='word_1_574' title='bbox 1006 4384 1073 4439; x_wconf 87' lang='lat' dir='ltr'><strong>ab</strong></span> <span class='ocrx_word' id='word_1_575' title='bbox 1095 4384 1328 4438; x_wconf 84' lang='lat' dir='ltr'><strong>humana</strong></span> <span class='ocrx_word' id='word_1_576' title='bbox 1354 4387 1545 4432; x_wconf 82' lang='lat' dir='ltr'><strong>natura</strong></span> <span class='ocrx_word' id='word_1_577' title='bbox 1575 4374 1802 4428; x_wconf 88' lang='lat' dir='ltr'><strong>alienam</strong></span> <span class='ocrx_word' id='word_1_578' title='bbox 1828 4367 2225 4441; x_wconf 88' lang='lat' dir='ltr'><strong>generationem</strong></span> 
     </span>
    </p>
   </div>
   <div class='ocr_carea' id='block_1_74' title="bbox 675 4456 2225 4539">
    <p class='ocr_par' dir='ltr' id='par_1_74' title="bbox 675 4456 2225 4539">
     <span class='ocr_line' id='line_1_74' title="bbox 675 4456 2225 4539; baseline -0.021 -1"><span class='ocrx_word' id='word_1_579' title='bbox 675 4482 981 4539; x_wconf 89' lang='lat' dir='ltr'><strong>habiturum</strong></span> <span class='ocrx_word' id='word_1_580' title='bbox 1018 4489 1137 4531; x_wconf 88' lang='lat' dir='ltr'><strong>esse</strong></span> <span class='ocrx_word' id='word_1_581' title='bbox 1167 4490 1181 4527; x_wconf 91' lang='lat'><strong>:</strong></span> <span class='ocrx_word' id='word_1_582' title='bbox 1216 4486 1338 4525; x_wconf 90' lang='lat' dir='ltr'><strong>nam</strong></span> <span class='ocrx_word' id='word_1_583' title='bbox 1366 4485 1430 4524; x_wconf 81' lang='lat' dir='ltr'><strong>ex</strong></span> <span class='ocrx_word' id='word_1_584' title='bbox 1458 4470 1768 4532; x_wconf 89' lang='lat' dir='ltr'><strong>incorrupta</strong></span> <span class='ocrx_word' id='word_1_585' title='bbox 1794 4460 1967 4532; x_wconf 88' lang='lat' dir='ltr'><strong>puella</strong></span> <span class='ocrx_word' id='word_1_586' title='bbox 1998 4498 2013 4522; x_wconf 90' lang='lat'><strong>,</strong></span> <span class='ocrx_word' id='word_1_587' title='bbox 2042 4467 2099 4511; x_wconf 92' lang='lat' dir='ltr'><strong>et</strong></span> <span class='ocrx_word' id='word_1_588' title='bbox 2120 4456 2225 4509; x_wconf 83' lang='lat' dir='ltr'><strong>vir-</strong></span> 
     </span>
    </p>
   </div>
   <div class='ocr_carea' id='block_1_75' title="bbox 680 4548 2231 4639">
    <p class='ocr_par' dir='ltr' id='par_1_75' title="bbox 680 4548 2231 4639">
     <span class='ocr_line' id='line_1_75' title="bbox 680 4548 2231 4639; baseline -0.017 -15"><span class='ocrx_word' id='word_1_589' title='bbox 680 4572 804 4639; x_wconf 83' lang='lat' dir='ltr'><strong>gine</strong></span> <span class='ocrx_word' id='word_1_590' title='bbox 829 4564 1028 4635; x_wconf 83' lang='lat' dir='ltr'><strong>nuptiis</strong></span> <span class='ocrx_word' id='word_1_591' title='bbox 1052 4571 1270 4633; x_wconf 75' lang='lat' dir='ltr'><strong>experte</strong></span> <span class='ocrx_word' id='word_1_592' title='bbox 1298 4559 1608 4613; x_wconf 88' lang='lat' dir='ltr'><strong>nasciturus</strong></span> <span class='ocrx_word' id='word_1_593' title='bbox 1646 4560 1758 4608; x_wconf 86' lang='lat' dir='ltr'><strong>erat</strong></span> <span class='ocrx_word' id='word_1_594' title='bbox 1782 4568 1797 4616; x_wconf 84' lang='lat'><strong>;</strong></span> <span class='ocrx_word' id='word_1_595' title='bbox 1821 4548 2104 4603; x_wconf 85' lang='lat' dir='ltr'><strong>admodum</strong></span> <span class='ocrx_word' id='word_1_596' title='bbox 2138 4561 2231 4599; x_wconf 90' lang='lat' dir='ltr'><strong>ne-</strong></span> 
     </span>
    </p>
   </div>
   <div class='ocr_carea' id='block_1_76' title="bbox 680 4639 2225 4721">
    <p class='ocr_par' dir='ltr' id='par_1_76' title="bbox 680 4639 2225 4721">
     <span class='ocr_line' id='line_1_76' title="bbox 680 4639 2225 4721; baseline -0.016 -5"><span class='ocrx_word' id='word_1_597' title='bbox 680 4661 918 4716; x_wconf 57' lang='lat' dir='ltr'><strong>cessario</strong></span> <span class='ocrx_word' id='word_1_598' title='bbox 947 4658 1201 4712; x_wconf 87' lang='lat' dir='ltr'><strong>Dominus</strong></span> <span class='ocrx_word' id='word_1_599' title='bbox 1223 4695 1239 4721; x_wconf 95' lang='lat'><strong>,</strong></span> <span class='ocrx_word' id='word_1_600' title='bbox 1282 4654 1371 4707; x_wconf 90' lang='lat' dir='ltr'><strong>hic</strong></span> <span class='ocrx_word' id='word_1_601' title='bbox 1396 4692 1411 4717; x_wconf 89' lang='lat'><strong>,</strong></span> <span class='ocrx_word' id='word_1_602' title='bbox 1456 4664 1559 4704; x_wconf 90' lang='lat' dir='ltr'><strong>nor.</strong></span> <span class='ocrx_word' id='word_1_603' title='bbox 1592 4648 1772 4701; x_wconf 82' lang='lat' dir='ltr'><strong>Achaz</strong></span> <span class='ocrx_word' id='word_1_604' title='bbox 1796 4684 1812 4710; x_wconf 93' lang='lat'><strong>,</strong></span> <span class='ocrx_word' id='word_1_605' title='bbox 1848 4656 2020 4712; x_wconf 90' lang='lat' dir='ltr'><strong>neque</strong></span> <span class='ocrx_word' id='word_1_606' title='bbox 2048 4639 2225 4692; x_wconf 92' lang='lat' dir='ltr'><strong>domui</strong></span> 
     </span>
    </p>
   </div>
   <div class='ocr_carea' id='block_1_77' title="bbox 678 4730 2230 4818">
    <p class='ocr_par' dir='ltr' id='par_1_77' title="bbox 678 4730 2230 4818">
     <span class='ocr_line' id='line_1_77' title="bbox 678 4730 2230 4818; baseline -0.019 -9"><span class='ocrx_word' id='word_1_607' title='bbox 678 4752 847 4818; x_wconf 72' lang='lat' dir='ltr'><strong>Judae,</strong></span> <span class='ocrx_word' id='word_1_608' title='bbox 872 4750 966 4805; x_wconf 90' lang='lat' dir='ltr'><strong>sed</strong></span> <span class='ocrx_word' id='word_1_609' title='bbox 1002 4748 1100 4817; x_wconf 87' lang='lat' dir='ltr'><strong>ipsi</strong></span> <span class='ocrx_word' id='word_1_610' title='bbox 1128 4745 1224 4801; x_wconf 88' lang='lat' dir='ltr'><strong>soli</strong></span> <span class='ocrx_word' id='word_1_611' title='bbox 1255 4743 1545 4815; x_wconf 61' lang='lat' dir='ltr'><strong>propheta,</strong></span> <span class='ocrx_word' id='word_1_612' title='bbox 1580 4734 1896 4807; x_wconf 87' lang='lat' dir='ltr'><strong>mysterium</strong></span> <span class='ocrx_word' id='word_1_613' title='bbox 1934 4730 2111 4784; x_wconf 87' lang='lat' dir='ltr'><strong>arcani</strong></span> <span class='ocrx_word' id='word_1_614' title='bbox 2138 4742 2230 4782; x_wconf 85' lang='lat' dir='ltr'><strong>or-</strong></span> 
     </span>
    </p>
   </div>
   <div class='ocr_carea' id='block_1_78' title="bbox 680 4819 2227 4900">
    <p class='ocr_par' dir='ltr' id='par_1_78' title="bbox 680 4819 2227 4900">
     <span class='ocr_line' id='line_1_78' title="bbox 680 4819 2227 4900; baseline -0.019 -1"><span class='ocrx_word' id='word_1_615' title='bbox 680 4856 764 4899; x_wconf 85' lang='lat' dir='ltr'><strong>tus</strong></span> <span class='ocrx_word' id='word_1_616' title='bbox 788 4839 1150 4897; x_wconf 77' lang='lat' dir='ltr'><strong>Emmanuelis</strong></span> <span class='ocrx_word' id='word_1_617' title='bbox 1177 4836 1377 4892; x_wconf 85' lang='lat' dir='ltr'><strong>revelat</strong></span> <span class='ocrx_word' id='word_1_618' title='bbox 1413 4849 1429 4886; x_wconf 91' lang='lat'><strong>:</strong></span> <span class='ocrx_word' id='word_1_619' title='bbox 1463 4828 1729 4900; x_wconf 86' lang='lat' dir='ltr'><strong>quomodo</strong></span> <span class='ocrx_word' id='word_1_620' title='bbox 1757 4822 1961 4880; x_wconf 87' lang='lat' dir='ltr'><strong>scilicet</strong></span> <span class='ocrx_word' id='word_1_621' title='bbox 1994 4819 2227 4873; x_wconf 83' lang='lat' dir='ltr'><strong>futurum</strong></span> 
     </span>
    </p>
   </div>
   <div class='ocr_carea' id='block_1_79' title="bbox 682 4909 2225 5002">
    <p class='ocr_par' dir='ltr' id='par_1_79' title="bbox 682 4909 2225 5002">
     <span class='ocr_line' id='line_1_79' title="bbox 682 4909 2225 5002; baseline -0.019 -12"><span class='ocrx_word' id='word_1_622' title='bbox 682 4937 754 4991; x_wconf 87' lang='lat' dir='ltr'><strong>sit</strong></span> <span class='ocrx_word' id='word_1_623' title='bbox 787 4942 845 4988; x_wconf 90' lang='lat' dir='ltr'><strong>ut</strong></span> <span class='ocrx_word' id='word_1_624' title='bbox 874 4933 1023 5002; x_wconf 82' lang='lat' dir='ltr'><strong>virgo</strong></span> <span class='ocrx_word' id='word_1_625' title='bbox 1080 4931 1133 4984; x_wconf 90' lang='lat' dir='ltr'><strong>in</strong></span> <span class='ocrx_word' id='word_1_626' title='bbox 1172 4936 1323 4982; x_wconf 92' lang='lat' dir='ltr'><strong>utero</strong></span> <span class='ocrx_word' id='word_1_627' title='bbox 1367 4923 1636 4991; x_wconf 88' lang='lat' dir='ltr'><strong>concipiat</strong></span> <span class='ocrx_word' id='word_1_628' title='bbox 1665 4926 1719 4973; x_wconf 91' lang='lat' dir='ltr'><strong>et</strong></span> <span class='ocrx_word' id='word_1_629' title='bbox 1750 4915 1921 4985; x_wconf 90' lang='lat' dir='ltr'><strong>pariat</strong></span> <span class='ocrx_word' id='word_1_630' title='bbox 1948 4912 2130 4964; x_wconf 71' lang='lat' dir='ltr'><strong>filiam.</strong></span> <span class='ocrx_word' id='word_1_631' title='bbox 2167 4909 2225 4963; x_wconf 80' lang='lat' dir='ltr'><strong>Ut</strong></span> 
     </span>
    </p>
   </div>
   <div class='ocr_carea' id='block_1_80' title="bbox 683 4999 2227 5094">
    <p class='ocr_par' dir='ltr' id='par_1_80' title="bbox 683 4999 2227 5094">
     <span class='ocr_line' id='line_1_80' title="bbox 683 4999 2227 5094; baseline -0.017 -14"><span class='ocrx_word' id='word_1_632' title='bbox 683 5026 860 5094; x_wconf 84' lang='lat' dir='ltr'><strong>itaque</strong></span> <span class='ocrx_word' id='word_1_633' title='bbox 891 4999 1097 5091; x_wconf 38' lang='lat' dir='ltr'><strong>ea&#39;quze</strong></span> <span class='ocrx_word' id='word_1_634' title='bbox 1130 5018 1195 5072; x_wconf 92' lang='lat' dir='ltr'><strong>ad</strong></span> <span class='ocrx_word' id='word_1_635' title='bbox 1226 5011 1623 5069; x_wconf 76' lang='lat' dir='ltr'><strong>Emmanuelem</strong></span> <span class='ocrx_word' id='word_1_636' title='bbox 1656 5006 1996 5077; x_wconf 89' lang='lat' dir='ltr'><strong>spectabant,</strong></span> <span class='ocrx_word' id='word_1_637' title='bbox 2027 5016 2129 5055; x_wconf 93' lang='lat' dir='ltr'><strong>non</strong></span> <span class='ocrx_word' id='word_1_638' title='bbox 2163 4999 2227 5053; x_wconf 92' lang='lat' dir='ltr'><strong>ad</strong></span> 
     </span>
    </p>
   </div>
   <div class='ocr_carea' id='block_1_81' title="bbox 681 5096 2234 5177">
    <p class='ocr_par' dir='ltr' id='par_1_81' title="bbox 681 5096 2234 5177">
     <span class='ocr_line' id='line_1_81' title="bbox 681 5096 2234 5177; baseline -0.019 -5"><span class='ocrx_word' id='word_1_639' title='bbox 681 5117 917 5171; x_wconf 82' lang='lat' dir='ltr'><strong>omnium</strong></span> <span class='ocrx_word' id='word_1_640' title='bbox 953 5126 1111 5167; x_wconf 89' lang='lat' dir='ltr'><strong>aures</strong></span> <span class='ocrx_word' id='word_1_641' title='bbox 1156 5112 1555 5177; x_wconf 83' lang='lat' dir='ltr'><strong>spargerentur,</strong></span> <span class='ocrx_word' id='word_1_642' title='bbox 1604 5100 1695 5155; x_wconf 88' lang='lat' dir='ltr'><strong>sed</strong></span> <span class='ocrx_word' id='word_1_643' title='bbox 1733 5096 1911 5166; x_wconf 86' lang='lat' dir='ltr'><strong>potius</strong></span> <span class='ocrx_word' id='word_1_644' title='bbox 1950 5096 2001 5147; x_wconf 93' lang='lat' dir='ltr'><strong>in</strong></span> <span class='ocrx_word' id='word_1_645' title='bbox 2037 5106 2234 5147; x_wconf 89' lang='lat' dir='ltr'><strong>arcana</strong></span> 
     </span>
    </p>
   </div>
   <div class='ocr_carea' id='block_1_82' title="bbox 685 5187 2233 5281">
    <p class='ocr_par' dir='ltr' id='par_1_82' title="bbox 685 5187 2233 5281">
     <span class='ocr_line' id='line_1_82' title="bbox 685 5187 2233 5281; baseline -0.016 -20"><span class='ocrx_word' id='word_1_646' title='bbox 685 5209 914 5281; x_wconf 88' lang='lat' dir='ltr'><strong>quadam</strong></span> <span class='ocrx_word' id='word_1_647' title='bbox 966 5205 1226 5273; x_wconf 88' lang='lat' dir='ltr'><strong>scriptura</strong></span> <span class='ocrx_word' id='word_1_648' title='bbox 1279 5204 1665 5257; x_wconf 86' lang='lat' dir='ltr'><strong>servarentur,</strong></span> <span class='ocrx_word' id='word_1_649' title='bbox 1719 5191 1871 5260; x_wconf 82' lang='lat' dir='ltr'><strong>jubet</strong></span> <span class='ocrx_word' id='word_1_650' title='bbox 1922 5187 2233 5257; x_wconf 87' lang='lat' dir='ltr'><strong>prophetam</strong></span> 
     </span>
    </p>
   </div>
   <div class='ocr_carea' id='block_1_83' title="bbox 688 5275 2239 5355">
    <p class='ocr_par' dir='ltr' id='par_1_83' title="bbox 688 5275 2239 5355">
     <span class='ocr_line' id='line_1_83' title="bbox 688 5275 2239 5355; baseline -0.018 1"><span class='ocrx_word' id='word_1_651' title='bbox 688 5302 786 5355; x_wconf 88' lang='lat' dir='ltr'><strong>sibi</strong></span> <span class='ocrx_word' id='word_1_652' title='bbox 817 5310 1029 5354; x_wconf 87' lang='lat' dir='ltr'><strong>sumere</strong></span> <span class='ocrx_word' id='word_1_653' title='bbox 1057 5305 1259 5349; x_wconf 90' lang='lat' dir='ltr'><strong>tomum</strong></span> <span class='ocrx_word' id='word_1_654' title='bbox 1294 5303 1491 5344; x_wconf 89' lang='lat' dir='ltr'><strong>novum</strong></span> <span class='ocrx_word' id='word_1_655' title='bbox 1529 5293 1584 5340; x_wconf 95' lang='lat' dir='ltr'><strong>et</strong></span> <span class='ocrx_word' id='word_1_656' title='bbox 1611 5297 1859 5353; x_wconf 83' lang='lat' dir='ltr'><strong>magnum</strong></span> <span class='ocrx_word' id='word_1_657' title='bbox 1889 5319 1905 5345; x_wconf 94' lang='lat'><strong>,</strong></span> <span class='ocrx_word' id='word_1_658' title='bbox 1938 5280 2049 5333; x_wconf 89' lang='lat' dir='ltr'><strong>sive</strong></span> <span class='ocrx_word' id='word_1_659' title='bbox 2070 5316 2085 5342; x_wconf 94' lang='lat'><strong>,</strong></span> <span class='ocrx_word' id='word_1_660' title='bbox 2128 5294 2145 5327; x_wconf 72' lang='grc' dir='ltr'><strong>ι</strong></span> <span class='ocrx_word' id='word_1_661' title='bbox 2183 5275 2239 5329; x_wconf 85' lang='lat' dir='ltr'><strong>li-</strong></span> 
     </span>
    </p>
   </div>
   <div class='ocr_carea' id='block_1_84' title="bbox 688 5370 2233 5455">
    <p class='ocr_par' dir='ltr' id='par_1_84' title="bbox 688 5370 2233 5455">
     <span class='ocr_line' id='line_1_84' title="bbox 688 5370 2233 5455; baseline -0.019 -8"><span class='ocrx_word' id='word_1_662' title='bbox 688 5394 843 5448; x_wconf 90' lang='lat' dir='ltr'><strong>brum</strong></span> <span class='ocrx_word' id='word_1_663' title='bbox 868 5433 883 5455; x_wconf 92' lang='lat'><strong>,</strong></span> <span class='ocrx_word' id='word_1_664' title='bbox 942 5409 961 5443; x_wconf 75' lang='grc'><strong>»</strong></span> <span class='ocrx_word' id='word_1_665' title='bbox 995 5404 1087 5444; x_wconf 87' lang='lat' dir='ltr'><strong>seu</strong></span> <span class='ocrx_word' id='word_1_666' title='bbox 1114 5430 1128 5453; x_wconf 93' lang='lat'><strong>,</strong></span> <span class='ocrx_word' id='word_1_667' title='bbox 1165 5405 1184 5437; x_wconf 73' lang='grc' dir='ltr'><strong>ι</strong></span> <span class='ocrx_word' id='word_1_668' title='bbox 1237 5382 1601 5438; x_wconf 89' lang='lat' dir='ltr'><strong>membranam</strong></span> <span class='ocrx_word' id='word_1_669' title='bbox 1630 5416 1645 5441; x_wconf 94' lang='lat'><strong>,</strong></span> <span class='ocrx_word' id='word_1_670' title='bbox 1686 5393 1704 5427; x_wconf 80' lang='grc' dir='ltr'><strong>ι</strong></span> <span class='ocrx_word' id='word_1_671' title='bbox 1738 5388 1834 5429; x_wconf 90' lang='lat' dir='ltr'><strong>seu</strong></span> <span class='ocrx_word' id='word_1_672' title='bbox 1868 5390 1888 5425; x_wconf 80' lang='grc' dir='ltr'><strong>ι</strong></span> <span class='ocrx_word' id='word_1_673' title='bbox 1929 5370 2176 5425; x_wconf 81' lang='lat' dir='ltr'><strong>volumen</strong></span> <span class='ocrx_word' id='word_1_674' title='bbox 2215 5384 2233 5417; x_wconf 76' lang='grc' dir='ltr'><strong>ι</strong></span> 
     </span>
    </p>
   </div>
   <div class='ocr_carea' id='block_1_85' title="bbox 691 5463 2235 5547">
    <p class='ocr_par' dir='ltr' id='par_1_85' title="bbox 691 5463 2235 5547">
     <span class='ocr_line' id='line_1_85' title="bbox 691 5463 2235 5547; baseline -0.016 -9"><span class='ocrx_word' id='word_1_675' title='bbox 691 5482 982 5539; x_wconf 88' lang='lat' dir='ltr'><strong>secundum</strong></span> <span class='ocrx_word' id='word_1_676' title='bbox 1030 5479 1311 5547; x_wconf 86' lang='lat' dir='ltr'><strong>reliquos,</strong></span> <span class='ocrx_word' id='word_1_677' title='bbox 1362 5491 1381 5525; x_wconf 75' lang='grc' dir='ltr'><strong>ι</strong></span> <span class='ocrx_word' id='word_1_678' title='bbox 1440 5470 1583 5542; x_wconf 87' lang='lat' dir='ltr'><strong>stylo</strong></span> <span class='ocrx_word' id='word_1_679' title='bbox 1620 5466 1894 5531; x_wconf 88' lang='lat' dir='ltr'><strong>hominis,</strong></span> <span class='ocrx_word' id='word_1_680' title='bbox 1946 5482 1964 5517; x_wconf 77' lang='grc' dir='ltr'><strong>ι</strong></span> <span class='ocrx_word' id='word_1_681' title='bbox 2018 5463 2070 5517; x_wconf 88' lang='lat' dir='ltr'><strong>id</strong></span> <span class='ocrx_word' id='word_1_682' title='bbox 2114 5469 2235 5525; x_wconf 89' lang='lat' dir='ltr'><strong>est,</strong></span> 
     </span>
    </p>
   </div>
   <div class='ocr_carea' id='block_1_86' title="bbox 692 5553 2238 5630">
    <p class='ocr_par' dir='ltr' id='par_1_86' title="bbox 692 5553 2238 5630">
     <span class='ocr_line' id='line_1_86' title="bbox 692 5553 2238 5630; baseline -0.017 0"><span class='ocrx_word' id='word_1_683' title='bbox 692 5585 943 5630; x_wconf 88' lang='lat' dir='ltr'><strong>consueta</strong></span> <span class='ocrx_word' id='word_1_684' title='bbox 989 5581 1042 5626; x_wconf 88' lang='lat' dir='ltr'><strong>et</strong></span> <span class='ocrx_word' id='word_1_685' title='bbox 1091 5578 1217 5624; x_wconf 87' lang='lat' dir='ltr'><strong>nota</strong></span> <span class='ocrx_word' id='word_1_686' title='bbox 1266 5564 1572 5621; x_wconf 83' lang='lat' dir='ltr'><strong>hominibus</strong></span> <span class='ocrx_word' id='word_1_687' title='bbox 1616 5559 1923 5627; x_wconf 84' lang='lat' dir='ltr'><strong>scriptura:</strong></span> <span class='ocrx_word' id='word_1_688' title='bbox 1956 5564 2037 5610; x_wconf 89' lang='lat' dir='ltr'><strong>est</strong></span> <span class='ocrx_word' id='word_1_689' title='bbox 2081 5553 2238 5621; x_wconf 82' lang='lat' dir='ltr'><strong>quip—</strong></span> 
     </span>
    </p>
   </div>
   <div class='ocr_carea' id='block_1_87' title="bbox 694 5649 2238 5734">
    <p class='ocr_par' dir='ltr' id='par_1_87' title="bbox 694 5649 2238 5734">
     <span class='ocr_line' id='line_1_87' title="bbox 694 5649 2238 5734; baseline -0.014 -14"><span class='ocrx_word' id='word_1_690' title='bbox 694 5681 760 5734; x_wconf 89' lang='lat' dir='ltr'><strong>pe</strong></span> <span class='ocrx_word' id='word_1_691' title='bbox 790 5664 892 5719; x_wconf 83' lang='lat' dir='ltr'><strong>alia</strong></span> <span class='ocrx_word' id='word_1_692' title='bbox 924 5663 1017 5717; x_wconf 89' lang='lat' dir='ltr'><strong>Dei</strong></span> <span class='ocrx_word' id='word_1_693' title='bbox 1063 5661 1337 5729; x_wconf 83' lang='lat' dir='ltr'><strong>Scriptura</strong></span> <span class='ocrx_word' id='word_1_694' title='bbox 1384 5672 1490 5712; x_wconf 91' lang='lat' dir='ltr'><strong>non</strong></span> <span class='ocrx_word' id='word_1_695' title='bbox 1538 5653 1679 5724; x_wconf 86' lang='lat' dir='ltr'><strong>stylo</strong></span> <span class='ocrx_word' id='word_1_696' title='bbox 1701 5649 1936 5706; x_wconf 87' lang='lat' dir='ltr'><strong>hominis</strong></span> <span class='ocrx_word' id='word_1_697' title='bbox 1979 5654 2197 5701; x_wconf 78' lang='lat' dir='ltr'><strong>exarata</strong></span> <span class='ocrx_word' id='word_1_698' title='bbox 2223 5682 2238 5707; x_wconf 90' lang='lat'><strong>,</strong></span> 
     </span>
    </p>
   </div>
   <div class='ocr_carea' id='block_1_88' title="bbox 698 5738 2242 5820">
    <p class='ocr_par' dir='ltr' id='par_1_88' title="bbox 698 5738 2242 5820">
     <span class='ocr_line' id='line_1_88' title="bbox 698 5738 2242 5820; baseline -0.013 -8"><span class='ocrx_word' id='word_1_699' title='bbox 698 5758 792 5812; x_wconf 88' lang='lat' dir='ltr'><strong>sed</strong></span> <span class='ocrx_word' id='word_1_700' title='bbox 821 5757 1017 5812; x_wconf 86' lang='lat' dir='ltr'><strong>virtute</strong></span> <span class='ocrx_word' id='word_1_701' title='bbox 1045 5755 1136 5810; x_wconf 91' lang='lat' dir='ltr'><strong>Dei</strong></span> <span class='ocrx_word' id='word_1_702' title='bbox 1166 5752 1351 5816; x_wconf 75' lang='lat' dir='ltr'><strong>Verbi,</strong></span> <span class='ocrx_word' id='word_1_703' title='bbox 1385 5764 1488 5820; x_wconf 90' lang='lat' dir='ltr'><strong>qua</strong></span> <span class='ocrx_word' id='word_1_704' title='bbox 1522 5747 1710 5818; x_wconf 82' lang='lat' dir='ltr'><strong>dignos</strong></span> <span class='ocrx_word' id='word_1_705' title='bbox 1742 5744 1796 5800; x_wconf 90' lang='lat' dir='ltr'><strong>in</strong></span> <span class='ocrx_word' id='word_1_706' title='bbox 1836 5742 1973 5798; x_wconf 92' lang='lat' dir='ltr'><strong>libro</strong></span> <span class='ocrx_word' id='word_1_707' title='bbox 2000 5740 2121 5794; x_wconf 77' lang='lat' dir='ltr'><strong>vita:</strong></span> <span class='ocrx_word' id='word_1_708' title='bbox 2152 5738 2242 5793; x_wconf 86' lang='lat' dir='ltr'><strong>de-</strong></span> 
     </span>
    </p>
   </div>
   <div class='ocr_carea' id='block_1_89' title="bbox 703 5848 905 5903">
    <p class='ocr_par' dir='ltr' id='par_1_89' title="bbox 703 5848 905 5903">
     <span class='ocr_line' id='line_1_89' title="bbox 703 5848 905 5903; baseline -0.01 0"><span class='ocrx_word' id='word_1_709' title='bbox 703 5848 905 5903; x_wconf 77' lang='lat' dir='ltr'><strong>scribit.</strong></span> 
     </span>
    </p>
   </div>
   <div class='ocr_carea' id='block_1_90' title="bbox 2318 3298 3817 3394">
    <p class='ocr_par' dir='ltr' id='par_1_90' title="bbox 2318 3298 3817 3394">
     <span class='ocr_line' id='line_1_90' title="bbox 2318 3298 3817 3394; baseline -0.017 -18"><span class='ocrx_word' id='word_1_710' title='bbox 2318 3325 2416 3394; x_wconf 78' lang='grc' dir='ltr'>τῆς</span> <span class='ocrx_word' id='word_1_711' title='bbox 2454 3320 2650 3392; x_wconf 85' lang='grc' dir='ltr'>χέρσου</span> <span class='ocrx_word' id='word_1_712' title='bbox 2679 3316 2773 3369; x_wconf 72' lang='grc' dir='ltr'><strong>καὶ</strong></span> <span class='ocrx_word' id='word_1_713' title='bbox 2805 3310 3047 3382; x_wconf 85' lang='grc' dir='ltr'>ἀκάνθης</span> <span class='ocrx_word' id='word_1_714' title='bbox 3076 3310 3154 3372; x_wconf 87' lang='grc' dir='ltr'><strong>είς</strong></span> <span class='ocrx_word' id='word_1_715' title='bbox 3189 3306 3438 3377; x_wconf 84' lang='grc' dir='ltr'>βόσκημα</span> <span class='ocrx_word' id='word_1_716' title='bbox 3465 3298 3757 3373; x_wconf 85' lang='grc' dir='ltr'>προϐάτου.</span> <span class='ocrx_word' id='word_1_717' title='bbox 3799 3316 3817 3349; x_wconf 81' lang='grc' dir='ltr'><strong>ι</strong></span> 
     </span>
    </p>
   </div>
   <div class='ocr_carea' id='block_1_91' title="bbox 2839 3421 3365 3478">
    <p class='ocr_par' dir='ltr' id='par_1_91' title="bbox 2839 3421 3365 3478">
     <span class='ocr_line' id='line_1_91' title="bbox 2839 3421 3365 3478; baseline -0.01 0"><span class='ocrx_word' id='word_1_718' title='bbox 2839 3421 3231 3478; x_wconf 77' lang='grc' dir='ltr'><strong>ΚΕΦΔΛΑΙΟΝ</strong></span> <span class='ocrx_word' id='word_1_719' title='bbox 3282 3421 3365 3474; x_wconf 78' lang='lat' dir='ltr'><strong>H’.</strong></span> 
     </span>
    </p>
   </div>
   <div class='ocr_carea' id='block_1_92' title="bbox 2395 3525 3899 3609">
    <p class='ocr_par' dir='ltr' id='par_1_92' title="bbox 2395 3525 3899 3609">
     <span class='ocr_line' id='line_1_92' title="bbox 2395 3525 3899 3609; baseline -0.013 -12"><span class='ocrx_word' id='word_1_720' title='bbox 2395 3566 2413 3596; x_wconf 76' lang='grc' dir='ltr'><strong>ι</strong></span> <span class='ocrx_word' id='word_1_721' title='bbox 2448 3544 2556 3597; x_wconf 75' lang='grc' dir='ltr'><strong>Καὶ</strong></span> <span class='ocrx_word' id='word_1_722' title='bbox 2606 3537 2727 3594; x_wconf 79' lang='grc' dir='ltr'>εἷπε</span> <span class='ocrx_word' id='word_1_723' title='bbox 2760 3538 2963 3609; x_wconf 85' lang='grc' dir='ltr'>Κύριος</span> <span class='ocrx_word' id='word_1_724' title='bbox 2994 3537 3130 3607; x_wconf 82' lang='grc' dir='ltr'>πρὸς</span> <span class='ocrx_word' id='word_1_725' title='bbox 3164 3533 3254 3605; x_wconf 82' lang='grc' dir='ltr'>μὲ,</span> <span class='ocrx_word' id='word_1_726' title='bbox 3300 3530 3449 3585; x_wconf 85' lang='grc' dir='ltr'>Λάϐε</span> <span class='ocrx_word' id='word_1_727' title='bbox 3490 3525 3701 3599; x_wconf 84' lang='grc' dir='ltr'>σεαυτῷ</span> <span class='ocrx_word' id='word_1_728' title='bbox 3732 3527 3899 3599; x_wconf 86' lang='grc' dir='ltr'>τόμον</span> 
     </span>
    </p>
   </div>
   <div class='ocr_carea' id='block_1_93' title="bbox 2320 3616 3901 3704">
    <p class='ocr_par' dir='ltr' id='par_1_93' title="bbox 2320 3616 3901 3704">
     <span class='ocr_line' id='line_1_93' title="bbox 2320 3616 3901 3704; baseline -0.015 -12"><span class='ocrx_word' id='word_1_729' title='bbox 2320 3638 2502 3693; x_wconf 85' lang='grc' dir='ltr'>καινὸν</span> <span class='ocrx_word' id='word_1_730' title='bbox 2532 3634 2725 3704; x_wconf 88' lang='grc' dir='ltr'>μέγαν,</span> <span class='ocrx_word' id='word_1_731' title='bbox 2754 3630 2848 3683; x_wconf 72' lang='grc' dir='ltr'><strong>καὶ</strong></span> <span class='ocrx_word' id='word_1_732' title='bbox 2869 3627 3076 3698; x_wconf 82' lang='grc' dir='ltr'>γράψον</span> <span class='ocrx_word' id='word_1_733' title='bbox 3115 3627 3195 3689; x_wconf 84' lang='grc' dir='ltr'><strong>είς</strong></span> <span class='ocrx_word' id='word_1_734' title='bbox 3237 3622 3396 3677; x_wconf 84' lang='grc' dir='ltr'>αὐτὸν</span> <span class='ocrx_word' id='word_1_735' title='bbox 3426 3618 3650 3690; x_wconf 83' lang='grc' dir='ltr'>γραφίδι</span> <span class='ocrx_word' id='word_1_736' title='bbox 3688 3616 3901 3688; x_wconf 65' lang='grc' dir='ltr'>ἀνθρώ-</span> 
     </span>
    </p>
   </div>
   <div class='ocr_carea' id='block_1_94' title="bbox 2322 3708 3899 3788">
    <p class='ocr_par' dir='ltr' id='par_1_94' title="bbox 2322 3708 3899 3788">
     <span class='ocr_line' id='line_1_94' title="bbox 2322 3708 3899 3788; baseline -0.015 -4"><span class='ocrx_word' id='word_1_737' title='bbox 2322 3749 2443 3784; x_wconf 85' lang='grc' dir='ltr'>που.</span> <span class='ocrx_word' id='word_1_738' title='bbox 2477 3749 2494 3780; x_wconf 79' lang='grc' dir='ltr'><strong>ι</strong></span> <span class='ocrx_word' id='word_1_739' title='bbox 2522 3724 2848 3785; x_wconf 85' lang='grc' dir='ltr'>Συντελέσας</span> <span class='ocrx_word' id='word_1_740' title='bbox 2874 3722 2901 3773; x_wconf 92' lang='lat'><strong>6</strong></span> <span class='ocrx_word' id='word_1_741' title='bbox 2926 3720 3082 3788; x_wconf 81' lang='grc' dir='ltr'>λόγος</span> <span class='ocrx_word' id='word_1_742' title='bbox 3113 3718 3181 3771; x_wconf 84' lang='grc' dir='ltr'>τὰ</span> <span class='ocrx_word' id='word_1_743' title='bbox 3204 3715 3541 3785; x_wconf 81' lang='grc' dir='ltr'>γενησόμενα</span> <span class='ocrx_word' id='word_1_744' title='bbox 3566 3714 3624 3765; x_wconf 80' lang='grc' dir='ltr'><strong>έν</strong></span> <span class='ocrx_word' id='word_1_745' title='bbox 3658 3708 3778 3774; x_wconf 71' lang='grc' dir='ltr'>ταῖς</span> <span class='ocrx_word' id='word_1_746' title='bbox 3800 3727 3899 3763; x_wconf 77' lang='grc' dir='ltr'>κα-</span> 
     </span>
    </p>
   </div>
   <div class='ocr_carea' id='block_1_95' title="bbox 2321 3801 3903 3888">
    <p class='ocr_par' dir='ltr' id='par_1_95' title="bbox 2321 3801 3903 3888">
     <span class='ocr_line' id='line_1_95' title="bbox 2321 3801 3903 3888; baseline -0.013 -15"><span class='ocrx_word' id='word_1_747' title='bbox 2321 3815 2690 3888; x_wconf 87' lang='grc' dir='ltr'>ταλεχθείσαις</span> <span class='ocrx_word' id='word_1_748' title='bbox 2729 3812 2993 3883; x_wconf 81' lang='grc' dir='ltr'>ἡμέραις,</span> <span class='ocrx_word' id='word_1_749' title='bbox 3038 3804 3479 3876; x_wconf 82' lang='grc' dir='ltr'>ὲπαναλαμϐάνει</span> <span class='ocrx_word' id='word_1_750' title='bbox 3509 3802 3607 3874; x_wconf 82' lang='grc' dir='ltr'><strong>τὴν</strong></span> <span class='ocrx_word' id='word_1_751' title='bbox 3646 3801 3903 3871; x_wconf 83' lang='grc' dir='ltr'>διήγησιν</span> 
     </span>
    </p>
   </div>
   <div class='ocr_carea' id='block_1_96' title="bbox 2322 3882 3906 3981">
    <p class='ocr_par' dir='ltr' id='par_1_96' title="bbox 2322 3882 3906 3981">
     <span class='ocr_line' id='line_1_96' title="bbox 2322 3882 3906 3981; baseline -0.015 -18"><span class='ocrx_word' id='word_1_752' title='bbox 2322 3910 2419 3981; x_wconf 83' lang='grc' dir='ltr'>τὴν</span> <span class='ocrx_word' id='word_1_753' title='bbox 2447 3882 2573 3977; x_wconf 69' lang='grc' dir='ltr'>περὶ</span> <span class='ocrx_word' id='word_1_754' title='bbox 2596 3904 2696 3974; x_wconf 82' lang='grc' dir='ltr'>τῆς</span> <span class='ocrx_word' id='word_1_755' title='bbox 2723 3901 3025 3971; x_wconf 76' lang='grc' dir='ltr'>γεννήσεως</span> <span class='ocrx_word' id='word_1_756' title='bbox 3051 3896 3146 3950; x_wconf 81' lang='grc' dir='ltr'>τοῦ</span> <span class='ocrx_word' id='word_1_757' title='bbox 3187 3890 3549 3966; x_wconf 86' lang='grc' dir='ltr'>Ἐμμανουήλ·</span> <span class='ocrx_word' id='word_1_758' title='bbox 3576 3890 3704 3961; x_wconf 81' lang='grc' dir='ltr'>περὶ</span> <span class='ocrx_word' id='word_1_759' title='bbox 3732 3882 3794 3942; x_wconf 76' lang='grc' dir='ltr'>οὗ</span> <span class='ocrx_word' id='word_1_760' title='bbox 3817 3888 3906 3960; x_wconf 80' lang='grc' dir='ltr'>τῷ</span> 
     </span>
    </p>
   </div>
   <div class='ocr_carea' id='block_1_97' title="bbox 2324 3981 3904 4070">
    <p class='ocr_par' dir='ltr' id='par_1_97' title="bbox 2324 3981 3904 4070">
     <span class='ocr_line' id='line_1_97' title="bbox 2324 3981 3904 4070; baseline -0.014 -17"><span class='ocrx_word' id='word_1_761' title='bbox 2324 4003 2456 4070; x_wconf 84' lang='grc' dir='ltr'>οίκῳ</span> <span class='ocrx_word' id='word_1_762' title='bbox 2506 3995 2669 4049; x_wconf 77' lang='grc' dir='ltr'><strong>Δαυῖδ</strong></span> <span class='ocrx_word' id='word_1_763' title='bbox 2712 3989 3105 4064; x_wconf 85' lang='grc' dir='ltr'>παρεκελεύετο</span> <span class='ocrx_word' id='word_1_764' title='bbox 3134 3988 3254 4041; x_wconf 79' lang='grc' dir='ltr'>ἀντὶ</span> <span class='ocrx_word' id='word_1_765' title='bbox 3292 3984 3506 4055; x_wconf 69' lang='grc' dir='ltr'>ἐπῳδῆς</span> <span class='ocrx_word' id='word_1_766' title='bbox 3536 3981 3597 4035; x_wconf 83' lang='grc' dir='ltr'>τὸ</span> <span class='ocrx_word' id='word_1_767' title='bbox 3632 3981 3726 4034; x_wconf 83' lang='grc' dir='ltr'>τοῦ</span> <span class='ocrx_word' id='word_1_768' title='bbox 3772 3981 3904 4051; x_wconf 81' lang='grc' dir='ltr'>Ἐμ-</span> 
     </span>
    </p>
   </div>
   <div class='ocr_carea' id='block_1_98' title="bbox 2329 4072 3902 4165">
    <p class='ocr_par' dir='ltr' id='par_1_98' title="bbox 2329 4072 3902 4165">
     <span class='ocr_line' id='line_1_98' title="bbox 2329 4072 3902 4165; baseline -0.015 -18"><span class='ocrx_word' id='word_1_769' title='bbox 2329 4091 2563 4165; x_wconf 83' lang='grc' dir='ltr'>μανουὴλ</span> <span class='ocrx_word' id='word_1_770' title='bbox 2616 4084 2989 4142; x_wconf 74' lang='grc' dir='ltr'>ἐπικαλεῖσθαι</span> <span class='ocrx_word' id='word_1_771' title='bbox 3031 4082 3201 4151; x_wconf 72' lang='grc' dir='ltr'>ὄνομα</span> <span class='ocrx_word' id='word_1_772' title='bbox 3223 4120 3238 4139; x_wconf 87' lang='grc'><strong>,</strong></span> <span class='ocrx_word' id='word_1_773' title='bbox 3285 4076 3613 4148; x_wconf 84' lang='grc' dir='ltr'>θαρσοῦντος</span> <span class='ocrx_word' id='word_1_774' title='bbox 3656 4072 3753 4126; x_wconf 61' lang='grc' dir='ltr'><strong>καὶ⁵</strong></span> <span class='ocrx_word' id='word_1_775' title='bbox 3808 4088 3902 4125; x_wconf 88' lang='grc' dir='ltr'>πι-</span> 
     </span>
    </p>
   </div>
   <div class='ocr_carea' id='block_1_99' title="bbox 2329 4162 3904 4245">
    <p class='ocr_par' dir='ltr' id='par_1_99' title="bbox 2329 4162 3904 4245">
     <span class='ocr_line' id='line_1_99' title="bbox 2329 4162 3904 4245; baseline -0.014 -8"><span class='ocrx_word' id='word_1_776' title='bbox 2329 4182 2602 4245; x_wconf 82' lang='grc' dir='ltr'>στεύοντος</span> <span class='ocrx_word' id='word_1_777' title='bbox 2626 4179 2690 4233; x_wconf 83' lang='grc' dir='ltr'>δι’</span> <span class='ocrx_word' id='word_1_778' title='bbox 2716 4174 2881 4231; x_wconf 83' lang='grc' dir='ltr'>αὑτοῦ</span> <span class='ocrx_word' id='word_1_779' title='bbox 2910 4171 3249 4243; x_wconf 88' lang='grc' dir='ltr'>σωθήσεσθαι</span> <span class='ocrx_word' id='word_1_780' title='bbox 3279 4169 3387 4223; x_wconf 81' lang='grc' dir='ltr'><strong>ἀπὸ</strong></span> <span class='ocrx_word' id='word_1_781' title='bbox 3408 4167 3516 4221; x_wconf 82' lang='grc' dir='ltr'><strong>τῶν</strong></span> <span class='ocrx_word' id='word_1_782' title='bbox 3541 4162 3904 4234; x_wconf 75' lang='grc' dir='ltr'>ἐπικειμένων</span> 
     </span>
    </p>
   </div>
   <div class='ocr_carea' id='block_1_100' title="bbox 2327 4257 3908 4342">
    <p class='ocr_par' dir='ltr' id='par_1_100' title="bbox 2327 4257 3908 4342">
     <span class='ocr_line' id='line_1_100' title="bbox 2327 4257 3908 4342; baseline -0.015 -11"><span class='ocrx_word' id='word_1_783' title='bbox 2327 4278 2507 4338; x_wconf 84' lang='grc' dir='ltr'>αὐτοῖς</span> <span class='ocrx_word' id='word_1_784' title='bbox 2530 4273 2623 4327; x_wconf 89' lang='grc' dir='ltr'><strong>δύο</strong></span> <span class='ocrx_word' id='word_1_785' title='bbox 2664 4269 2943 4342; x_wconf 82' lang='grc' dir='ltr'>βασιλέων.</span> <span class='ocrx_word' id='word_1_786' title='bbox 3000 4263 3215 4334; x_wconf 78' lang='grc' dir='ltr'>Ἐπειδὴ</span> <span class='ocrx_word' id='word_1_787' title='bbox 3243 4263 3299 4316; x_wconf 83' lang='grc' dir='ltr'>δὲ</span> <span class='ocrx_word' id='word_1_788' title='bbox 3324 4260 3529 4325; x_wconf 69' lang='grc' dir='ltr'>ἀδίδαξε</span> <span class='ocrx_word' id='word_1_789' title='bbox 3564 4258 3653 4313; x_wconf 80' lang='grc' dir='ltr'>τὸν</span> <span class='ocrx_word' id='word_1_790' title='bbox 3691 4257 3908 4327; x_wconf 85' lang='grc' dir='ltr'>Ἐμμα-</span> 
     </span>
    </p>
   </div>
   <div class='ocr_carea' id='block_1_101' title="bbox 2328 4346 3905 4438">
    <p class='ocr_par' dir='ltr' id='par_1_101' title="bbox 2328 4346 3905 4438">
     <span class='ocr_line' id='line_1_101' title="bbox 2328 4346 3905 4438; baseline -0.014 -17"><span class='ocrx_word' id='word_1_791' title='bbox 2328 4367 2489 4438; x_wconf 73' lang='grc' dir='ltr'>νουήλ</span> <span class='ocrx_word' id='word_1_792' title='bbox 2516 4365 2674 4433; x_wconf 80' lang='grc' dir='ltr'>ξένην</span> <span class='ocrx_word' id='word_1_793' title='bbox 2706 4361 2827 4417; x_wconf 89' lang='grc' dir='ltr'><strong>τινά</strong></span> <span class='ocrx_word' id='word_1_794' title='bbox 2858 4358 2952 4414; x_wconf 79' lang='grc' dir='ltr'>καὶ</span> <span class='ocrx_word' id='word_1_795' title='bbox 3000 4355 3284 4428; x_wconf 89' lang='grc' dir='ltr'>ἀλλοτρίαν</span> <span class='ocrx_word' id='word_1_796' title='bbox 3328 4355 3427 4424; x_wconf 86' lang='grc' dir='ltr'>τῆς</span> <span class='ocrx_word' id='word_1_797' title='bbox 3460 4350 3654 4422; x_wconf 83' lang='grc' dir='ltr'>θνητῆς</span> <span class='ocrx_word' id='word_1_798' title='bbox 3687 4346 3905 4418; x_wconf 85' lang='grc' dir='ltr'>φύσεως</span> 
     </span>
    </p>
   </div>
   <div class='ocr_carea' id='block_1_102' title="bbox 2328 4438 3909 4527">
    <p class='ocr_par' dir='ltr' id='par_1_102' title="bbox 2328 4438 3909 4527">
     <span class='ocr_line' id='line_1_102' title="bbox 2328 4438 3909 4527; baseline -0.014 -15"><span class='ocrx_word' id='word_1_799' title='bbox 2328 4459 2468 4524; x_wconf 71' lang='grc' dir='ltr'>ἕξειν</span> <span class='ocrx_word' id='word_1_800' title='bbox 2493 4458 2763 4527; x_wconf 59' lang='grc' dir='ltr'>γέννησιν</span> <span class='ocrx_word' id='word_1_801' title='bbox 2814 4454 2874 4517; x_wconf 72' lang='grc' dir='ltr'><strong>ἐξ</strong></span> <span class='ocrx_word' id='word_1_802' title='bbox 2909 4450 3237 4521; x_wconf 83' lang='grc' dir='ltr'>ἀδιαφθόρου</span> <span class='ocrx_word' id='word_1_803' title='bbox 3282 4446 3392 4517; x_wconf 85' lang='grc' dir='ltr'><strong>γάρ</strong></span> <span class='ocrx_word' id='word_1_804' title='bbox 3436 4442 3670 4505; x_wconf 88' lang='grc' dir='ltr'>νεάνιδος</span> <span class='ocrx_word' id='word_1_805' title='bbox 3714 4440 3809 4494; x_wconf 74' lang='grc' dir='ltr'><strong>καὶ</strong></span> <span class='ocrx_word' id='word_1_806' title='bbox 3843 4438 3909 4504; x_wconf 78' lang='grc' dir='ltr'><strong>ἐξ</strong></span> 
     </span>
    </p>
   </div>
   <div class='ocr_carea' id='block_1_103' title="bbox 2331 4532 3906 4623">
    <p class='ocr_par' dir='ltr' id='par_1_103' title="bbox 2331 4532 3906 4623">
     <span class='ocr_line' id='line_1_103' title="bbox 2331 4532 3906 4623; baseline -0.015 -18"><span class='ocrx_word' id='word_1_807' title='bbox 2331 4549 2699 4623; x_wconf 84' lang='grc' dir='ltr'>ἀπειρογάμου</span> <span class='ocrx_word' id='word_1_808' title='bbox 2748 4543 3014 4615; x_wconf 88' lang='grc' dir='ltr'>παρθένου</span> <span class='ocrx_word' id='word_1_809' title='bbox 3058 4537 3434 4612; x_wconf 80' lang='grc' dir='ltr'>τεχθήσεσθαι,</span> <span class='ocrx_word' id='word_1_810' title='bbox 3477 4534 3678 4603; x_wconf 86' lang='grc' dir='ltr'>σφόδρα</span> <span class='ocrx_word' id='word_1_811' title='bbox 3734 4532 3906 4599; x_wconf 85' lang='grc' dir='ltr'>ἀναγ-</span> 
     </span>
    </p>
   </div>
   <div class='ocr_carea' id='block_1_104' title="bbox 2334 4622 3903 4707">
    <p class='ocr_par' dir='ltr' id='par_1_104' title="bbox 2334 4622 3903 4707">
     <span class='ocr_line' id='line_1_104' title="bbox 2334 4622 3903 4707; baseline -0.015 -10"><span class='ocrx_word' id='word_1_812' title='bbox 2334 4645 2502 4707; x_wconf 80' lang='grc' dir='ltr'>καίως</span> <span class='ocrx_word' id='word_1_813' title='bbox 2536 4644 2593 4695; x_wconf 85' lang='grc' dir='ltr'>ὲν</span> <span class='ocrx_word' id='word_1_814' title='bbox 2616 4640 2823 4701; x_wconf 83' lang='grc' dir='ltr'>τούτοις</span> <span class='ocrx_word' id='word_1_815' title='bbox 2856 4637 3035 4699; x_wconf 81' lang='grc' dir='ltr'>αὐτοῖς</span> <span class='ocrx_word' id='word_1_816' title='bbox 3060 4635 3089 4687; x_wconf 94' lang='lat'><strong>6</strong></span> <span class='ocrx_word' id='word_1_817' title='bbox 3115 4632 3338 4703; x_wconf 81' lang='grc' dir='ltr'>Κύριος,</span> <span class='ocrx_word' id='word_1_818' title='bbox 3363 4629 3461 4680; x_wconf 83' lang='grc' dir='ltr'><strong>οὐκ</strong></span> <span class='ocrx_word' id='word_1_819' title='bbox 3494 4625 3571 4678; x_wconf 77' lang='grc' dir='ltr'>ἐτι</span> <span class='ocrx_word' id='word_1_820' title='bbox 3594 4622 3671 4694; x_wconf 83' lang='grc' dir='ltr'>τῷ</span> <span class='ocrx_word' id='word_1_821' title='bbox 3714 4623 3903 4694; x_wconf 73' lang='grc' dir='ltr'>Ἀχὰζ,</span> 
     </span>
    </p>
   </div>
   <div class='ocr_carea' id='block_1_105' title="bbox 2334 4715 3909 4803">
    <p class='ocr_par' dir='ltr' id='par_1_105' title="bbox 2334 4715 3909 4803">
     <span class='ocr_line' id='line_1_105' title="bbox 2334 4715 3909 4803; baseline -0.012 -16"><span class='ocrx_word' id='word_1_822' title='bbox 2334 4735 2456 4787; x_wconf 81' lang='grc' dir='ltr'>οὐδὲ</span> <span class='ocrx_word' id='word_1_823' title='bbox 2488 4732 2565 4803; x_wconf 81' lang='grc' dir='ltr'>τῷ</span> <span class='ocrx_word' id='word_1_824' title='bbox 2592 4731 2725 4799; x_wconf 72' lang='grc' dir='ltr'>οἴκῳ</span> <span class='ocrx_word' id='word_1_825' title='bbox 2780 4727 2968 4789; x_wconf 87' lang='grc' dir='ltr'>Ἰούδα,</span> <span class='ocrx_word' id='word_1_826' title='bbox 3027 4724 3142 4778; x_wconf 84' lang='grc' dir='ltr'>ἀλλ’</span> <span class='ocrx_word' id='word_1_827' title='bbox 3183 4720 3331 4792; x_wconf 88' lang='grc' dir='ltr'>αύτῷ</span> <span class='ocrx_word' id='word_1_828' title='bbox 3358 4718 3501 4790; x_wconf 87' lang='grc' dir='ltr'>μόνῳ</span> <span class='ocrx_word' id='word_1_829' title='bbox 3528 4715 3604 4785; x_wconf 85' lang='grc' dir='ltr'>τῷ</span> <span class='ocrx_word' id='word_1_830' title='bbox 3649 4715 3909 4788; x_wconf 72' lang='grc' dir='ltr'>προφήτῃ</span> 
     </span>
    </p>
   </div>
   <div class='ocr_carea' id='block_1_106' title="bbox 2333 4808 3909 4896">
    <p class='ocr_par' dir='ltr' id='par_1_106' title="bbox 2333 4808 3909 4896">
     <span class='ocr_line' id='line_1_106' title="bbox 2333 4808 3909 4896; baseline -0.014 -16"><span class='ocrx_word' id='word_1_831' title='bbox 2333 4829 2392 4880; x_wconf 73' lang='grc' dir='ltr'>τὸ</span> <span class='ocrx_word' id='word_1_832' title='bbox 2418 4826 2709 4896; x_wconf 86' lang='grc' dir='ltr'>μυστήριον</span> <span class='ocrx_word' id='word_1_833' title='bbox 2735 4820 3105 4876; x_wconf 83' lang='grc' dir='ltr'>ἀποκαλύπτει</span> <span class='ocrx_word' id='word_1_834' title='bbox 3132 4815 3229 4886; x_wconf 86' lang='grc' dir='ltr'><strong>τῆς</strong></span> <span class='ocrx_word' id='word_1_835' title='bbox 3262 4812 3570 4884; x_wconf 78' lang='grc' dir='ltr'>ἀπορρήτου</span> <span class='ocrx_word' id='word_1_836' title='bbox 3598 4808 3909 4877; x_wconf 85' lang='grc' dir='ltr'>γεννήσεως</span> 
     </span>
    </p>
   </div>
   <div class='ocr_carea' id='block_1_107' title="bbox 2334 4898 3907 4985">
    <p class='ocr_par' dir='ltr' id='par_1_107' title="bbox 2334 4898 3907 4985">
     <span class='ocr_line' id='line_1_107' title="bbox 2334 4898 3907 4985; baseline -0.013 -15"><span class='ocrx_word' id='word_1_837' title='bbox 2334 4915 2423 4970; x_wconf 80' lang='grc' dir='ltr'>τοῦ</span> <span class='ocrx_word' id='word_1_838' title='bbox 2457 4912 2815 4985; x_wconf 85' lang='grc' dir='ltr'>Ἐμμανουήλ·</span> <span class='ocrx_word' id='word_1_839' title='bbox 2838 4912 2985 4971; x_wconf 82' lang='grc' dir='ltr'>ὅπως</span> <span class='ocrx_word' id='word_1_840' title='bbox 3008 4910 3041 4977; x_wconf 86' lang='grc' dir='ltr'><strong>ή</strong></span> <span class='ocrx_word' id='word_1_841' title='bbox 3067 4904 3332 4976; x_wconf 86' lang='grc' dir='ltr'>παρθένος</span> <span class='ocrx_word' id='word_1_842' title='bbox 3356 4905 3412 4956; x_wconf 86' lang='grc' dir='ltr'><strong>ὲν</strong></span> <span class='ocrx_word' id='word_1_843' title='bbox 3436 4900 3631 4972; x_wconf 79' lang='grc' dir='ltr'>γαστρὶ</span> <span class='ocrx_word' id='word_1_844' title='bbox 3656 4898 3907 4969; x_wconf 79' lang='grc' dir='ltr'>λήψεται,</span> 
     </span>
    </p>
   </div>
   <div class='ocr_carea' id='block_1_108' title="bbox 2333 4989 3909 5073">
    <p class='ocr_par' dir='ltr' id='par_1_108' title="bbox 2333 4989 3909 5073">
     <span class='ocr_line' id='line_1_108' title="bbox 2333 4989 3909 5073; baseline -0.012 -11"><span class='ocrx_word' id='word_1_845' title='bbox 2333 5009 2426 5063; x_wconf 79' lang='grc' dir='ltr'><strong>καὶ</strong></span> <span class='ocrx_word' id='word_1_846' title='bbox 2453 5007 2662 5073; x_wconf 80' lang='grc' dir='ltr'>τέξεται</span> <span class='ocrx_word' id='word_1_847' title='bbox 2684 5005 2818 5056; x_wconf 89' lang='grc' dir='ltr'>υίόν.</span> <span class='ocrx_word' id='word_1_848' title='bbox 2853 5000 2945 5053; x_wconf 67' lang='grc' dir='ltr'>Ἴν*</span> <span class='ocrx_word' id='word_1_849' title='bbox 2977 4996 3070 5053; x_wconf 78' lang='grc' dir='ltr'><strong>οὖν</strong></span> <span class='ocrx_word' id='word_1_850' title='bbox 3091 4999 3162 5051; x_wconf 88' lang='grc' dir='ltr'>τὰ</span> <span class='ocrx_word' id='word_1_851' title='bbox 3188 4997 3315 5067; x_wconf 69' lang='grc' dir='ltr'>περὶ</span> <span class='ocrx_word' id='word_1_852' title='bbox 3343 4993 3436 5048; x_wconf 79' lang='grc' dir='ltr'>τοῦ</span> <span class='ocrx_word' id='word_1_853' title='bbox 3453 4989 3797 5063; x_wconf 79' lang='grc' dir='ltr'>Ἐμμανουήλ</span> <span class='ocrx_word' id='word_1_854' title='bbox 3831 4990 3909 5060; x_wconf 81' lang='grc' dir='ltr'>μὴ</span> 
     </span>
    </p>
   </div>
   <div class='ocr_carea' id='block_1_109' title="bbox 2332 5077 3909 5162">
    <p class='ocr_par' dir='ltr' id='par_1_109' title="bbox 2332 5077 3909 5162">
     <span class='ocr_line' id='line_1_109' title="bbox 2332 5077 3909 5162; baseline -0.015 -10"><span class='ocrx_word' id='word_1_855' title='bbox 2332 5100 2409 5162; x_wconf 88' lang='grc' dir='ltr'><strong>είς</strong></span> <span class='ocrx_word' id='word_1_856' title='bbox 2442 5098 2539 5160; x_wconf 82' lang='grc' dir='ltr'>τὰς</span> <span class='ocrx_word' id='word_1_857' title='bbox 2575 5096 2788 5149; x_wconf 89' lang='grc' dir='ltr'>πάντων</span> <span class='ocrx_word' id='word_1_858' title='bbox 2830 5090 2997 5153; x_wconf 81' lang='grc' dir='ltr'>ἀκοὰς</span> <span class='ocrx_word' id='word_1_859' title='bbox 3032 5086 3139 5141; x_wconf 83' lang='grc' dir='ltr'>τῶν</span> <span class='ocrx_word' id='word_1_860' title='bbox 3171 5102 3302 5141; x_wconf 85' lang='grc' dir='ltr'>ποτε</span> <span class='ocrx_word' id='word_1_861' title='bbox 3336 5084 3578 5155; x_wconf 79' lang='grc' dir='ltr'>χωρήσῃ,</span> <span class='ocrx_word' id='word_1_862' title='bbox 3610 5077 3909 5149; x_wconf 85' lang='grc' dir='ltr'>φυλαχθείη</span> 
     </span>
    </p>
   </div>
   <div class='ocr_carea' id='block_1_110' title="bbox 2334 5170 3911 5261">
    <p class='ocr_par' dir='ltr' id='par_1_110' title="bbox 2334 5170 3911 5261">
     <span class='ocr_line' id='line_1_110' title="bbox 2334 5170 3911 5261; baseline -0.015 -18"><span class='ocrx_word' id='word_1_863' title='bbox 2334 5190 2389 5243; x_wconf 81' lang='grc' dir='ltr'>δὲ</span> <span class='ocrx_word' id='word_1_864' title='bbox 2426 5189 2624 5261; x_wconf 77' lang='grc' dir='ltr'>μᾶλλον</span> <span class='ocrx_word' id='word_1_865' title='bbox 2668 5187 2727 5239; x_wconf 76' lang='grc' dir='ltr'><strong>ἑν</strong></span> <span class='ocrx_word' id='word_1_866' title='bbox 2770 5183 3062 5256; x_wconf 78' lang='grc' dir='ltr'>ἀπορρήτῳ</span> <span class='ocrx_word' id='word_1_867' title='bbox 3110 5180 3314 5252; x_wconf 79' lang='grc' dir='ltr'>γραφῇ·</span> <span class='ocrx_word' id='word_1_868' title='bbox 3366 5171 3794 5245; x_wconf 86' lang='grc' dir='ltr'>παρακελεύεται</span> <span class='ocrx_word' id='word_1_869' title='bbox 3828 5170 3911 5239; x_wconf 81' lang='grc' dir='ltr'><strong>τῷ</strong></span> 
     </span>
    </p>
   </div>
   <div class='ocr_carea' id='block_1_111' title="bbox 2337 5260 3913 5351">
    <p class='ocr_par' dir='ltr' id='par_1_111' title="bbox 2337 5260 3913 5351">
     <span class='ocr_line' id='line_1_111' title="bbox 2337 5260 3913 5351; baseline -0.026 -2"><span class='ocrx_word' id='word_1_870' title='bbox 2337 5260 2589 5351; x_wconf 74' lang='grc' dir='ltr'>πρόφήτῃ</span> <span class='ocrx_word' id='word_1_871' title='bbox 2616 5276 2799 5330; x_wconf 86' lang='grc' dir='ltr'>λαϐεῖν</span> <span class='ocrx_word' id='word_1_872' title='bbox 2826 5272 3000 5344; x_wconf 79' lang='grc' dir='ltr'>ὲαυτῷ</span> <span class='ocrx_word' id='word_1_873' title='bbox 3040 5272 3203 5341; x_wconf 88' lang='grc' dir='ltr'>τόμον</span> <span class='ocrx_word' id='word_1_874' title='bbox 3246 5267 3449 5327; x_wconf 83' lang='grc' dir='ltr'>καινὸν,</span> <span class='ocrx_word' id='word_1_875' title='bbox 3471 5264 3681 5334; x_wconf 66' lang='grc' dir='ltr'>τμέγαν,</span> <span class='ocrx_word' id='word_1_876' title='bbox 3699 5261 3733 5331; x_wconf 78' lang='grc' dir='ltr'><strong>ἣ</strong></span> <span class='ocrx_word' id='word_1_877' title='bbox 3756 5260 3913 5312; x_wconf 79' lang='grc' dir='ltr'>(τεῦ-</span> 
     </span>
    </p>
   </div>
   <div class='ocr_carea' id='block_1_112' title="bbox 2340 5350 3908 5442">
    <p class='ocr_par' dir='ltr' id='par_1_112' title="bbox 2340 5350 3908 5442">
     <span class='ocr_line' id='line_1_112' title="bbox 2340 5350 3908 5442; baseline -0.013 -20"><span class='ocrx_word' id='word_1_878' title='bbox 2340 5389 2451 5442; x_wconf 86' lang='grc' dir='ltr'>χος,</span> <span class='ocrx_word' id='word_1_879' title='bbox 2464 5350 2523 5439; x_wconf 76' lang='grc' dir='ltr'><strong>»ἢ</strong></span> <span class='ocrx_word' id='word_1_880' title='bbox 2546 5350 2908 5438; x_wconf 66' lang='grc' dir='ltr'>ιδιφθέρωμα,</span> <span class='ocrx_word' id='word_1_881' title='bbox 2922 5384 2940 5416; x_wconf 78' lang='grc' dir='ltr'><strong>ι</strong></span> <span class='ocrx_word' id='word_1_882' title='bbox 2958 5364 2991 5435; x_wconf 82' lang='grc' dir='ltr'>ἢ</span> <span class='ocrx_word' id='word_1_883' title='bbox 3010 5383 3027 5415; x_wconf 76' lang='grc' dir='ltr'><strong>ι</strong></span> <span class='ocrx_word' id='word_1_884' title='bbox 3040 5360 3321 5432; x_wconf 80' lang='grc' dir='ltr'>κεφαλίδα,</span> <span class='ocrx_word' id='word_1_885' title='bbox 3336 5377 3353 5408; x_wconf 81' lang='grc' dir='ltr'><strong>ι</strong></span> <span class='ocrx_word' id='word_1_886' title='bbox 3374 5354 3647 5415; x_wconf 80' lang='grc' dir='ltr'>κατάτοὺς</span> <span class='ocrx_word' id='word_1_887' title='bbox 3665 5350 3908 5415; x_wconf 85' lang='grc' dir='ltr'>λοιπούς·</span> 
     </span>
    </p>
   </div>
   <div class='ocr_carea' id='block_1_113' title="bbox 2346 5443 3918 5535">
    <p class='ocr_par' dir='ltr' id='par_1_113' title="bbox 2346 5443 3918 5535">
     <span class='ocr_line' id='line_1_113' title="bbox 2346 5443 3918 5535; baseline -0.015 -20"><span class='ocrx_word' id='word_1_888' title='bbox 2346 5485 2364 5515; x_wconf 74' lang='grc' dir='ltr'><strong>ι</strong></span> <span class='ocrx_word' id='word_1_889' title='bbox 2392 5462 2614 5535; x_wconf 82' lang='grc' dir='ltr'>γραφίδι</span> <span class='ocrx_word' id='word_1_890' title='bbox 2638 5459 2943 5531; x_wconf 87' lang='grc' dir='ltr'>ἀνθρώπου,</span> <span class='ocrx_word' id='word_1_891' title='bbox 2971 5476 2989 5507; x_wconf 78' lang='grc' dir='ltr'><strong>ι</strong></span> <span class='ocrx_word' id='word_1_892' title='bbox 3015 5453 3279 5516; x_wconf 84' lang='grc' dir='ltr'>τουτέστι,</span> <span class='ocrx_word' id='word_1_893' title='bbox 3310 5452 3376 5519; x_wconf 79' lang='grc' dir='ltr'>τῇ</span> <span class='ocrx_word' id='word_1_894' title='bbox 3407 5443 3622 5516; x_wconf 83' lang='grc' dir='ltr'>συνήθει</span> <span class='ocrx_word' id='word_1_895' title='bbox 3655 5443 3749 5496; x_wconf 57' lang='grc' dir='ltr'><strong>καὶ⁸</strong></span> <span class='ocrx_word' id='word_1_896' title='bbox 3769 5460 3918 5511; x_wconf 67' lang='grc' dir='ltr'>γνω-</span> 
     </span>
    </p>
   </div>
   <div class='ocr_carea' id='block_1_114' title="bbox 2344 5534 3913 5626">
    <p class='ocr_par' dir='ltr' id='par_1_114' title="bbox 2344 5534 3913 5626">
     <span class='ocr_line' id='line_1_114' title="bbox 2344 5534 3913 5626; baseline -0.014 -17"><span class='ocrx_word' id='word_1_897' title='bbox 2344 5554 2597 5626; x_wconf 73' lang='grc' dir='ltr'>ριζομένῃ</span> <span class='ocrx_word' id='word_1_898' title='bbox 2646 5549 2949 5621; x_wconf 85' lang='grc' dir='ltr'>ἀνθρώποις</span> <span class='ocrx_word' id='word_1_899' title='bbox 2990 5548 3192 5619; x_wconf 78' lang='grc' dir='ltr'>γραφῇ·</span> <span class='ocrx_word' id='word_1_900' title='bbox 3224 5538 3359 5596; x_wconf 77' lang='grc' dir='ltr'>εἶναι</span> <span class='ocrx_word' id='word_1_901' title='bbox 3409 5538 3516 5612; x_wconf 83' lang='grc' dir='ltr'>γὰρ</span> <span class='ocrx_word' id='word_1_902' title='bbox 3568 5536 3733 5607; x_wconf 78' lang='grc' dir='ltr'>ἀλλην</span> <span class='ocrx_word' id='word_1_903' title='bbox 3774 5534 3913 5589; x_wconf 83' lang='grc' dir='ltr'>Θεοῦ</span> 
     </span>
    </p>
   </div>
   <div class='ocr_carea' id='block_1_115' title="bbox 2341 5629 3920 5719">
    <p class='ocr_par' dir='ltr' id='par_1_115' title="bbox 2341 5629 3920 5719">
     <span class='ocr_line' id='line_1_115' title="bbox 2341 5629 3920 5719; baseline -0.012 -17"><span class='ocrx_word' id='word_1_904' title='bbox 2341 5646 2580 5719; x_wconf 80' lang='grc' dir='ltr'>Γραφήν,</span> <span class='ocrx_word' id='word_1_905' title='bbox 2636 5644 2697 5698; x_wconf 82' lang='grc' dir='ltr'><strong>ού</strong></span> <span class='ocrx_word' id='word_1_906' title='bbox 2741 5642 2960 5715; x_wconf 84' lang='grc' dir='ltr'>γραφίδι</span> <span class='ocrx_word' id='word_1_907' title='bbox 3013 5634 3299 5710; x_wconf 82' lang='grc' dir='ltr'>ἀνθρώπου</span> <span class='ocrx_word' id='word_1_908' title='bbox 3354 5629 3727 5702; x_wconf 79' lang='grc' dir='ltr'>γραφομένην,</span> <span class='ocrx_word' id='word_1_909' title='bbox 3776 5629 3920 5683; x_wconf 84' lang='grc' dir='ltr'><strong>ἀλλά</strong></span> 
     </span>
    </p>
   </div>
   <div class='ocr_carea' id='block_1_116' title="bbox 2344 5722 3917 5810">
    <p class='ocr_par' dir='ltr' id='par_1_116' title="bbox 2344 5722 3917 5810">
     <span class='ocr_line' id='line_1_116' title="bbox 2344 5722 3917 5810; baseline -0.011 -19"><span class='ocrx_word' id='word_1_910' title='bbox 2344 5740 2566 5810; x_wconf 74' lang='grc' dir='ltr'>δυνάμει</span> <span class='ocrx_word' id='word_1_911' title='bbox 2594 5734 2729 5791; x_wconf 89' lang='grc' dir='ltr'><strong>Θεοῦ</strong></span> <span class='ocrx_word' id='word_1_912' title='bbox 2756 5735 2944 5803; x_wconf 85' lang='grc' dir='ltr'>Λόγου,</span> <span class='ocrx_word' id='word_1_913' title='bbox 2986 5733 3109 5794; x_wconf 78' lang='grc' dir='ltr'>τοὺς</span> <span class='ocrx_word' id='word_1_914' title='bbox 3152 5729 3330 5797; x_wconf 80' lang='grc' dir='ltr'>ἀξίους</span> <span class='ocrx_word' id='word_1_915' title='bbox 3371 5722 3831 5795; x_wconf 78' lang='grc' dir='ltr'>ἀπογραφομένην</span> <span class='ocrx_word' id='word_1_916' title='bbox 3861 5724 3917 5774; x_wconf 81' lang='grc' dir='ltr'>ὲν</span> 
     </span>
    </p>
   </div>
   <div class='ocr_carea' id='block_1_117' title="bbox 2351 5829 2769 5894">
    <p class='ocr_par' dir='ltr' id='par_1_117' title="bbox 2351 5829 2769 5894">
     <span class='ocr_line' id='line_1_117' title="bbox 2351 5829 2769 5894; baseline -0.007 -9"><span class='ocrx_word' id='word_1_917' title='bbox 2351 5832 2513 5893; x_wconf 71' lang='grc' dir='ltr'>Βίϐλῳ</span> <span class='ocrx_word' id='word_1_918' title='bbox 2541 5829 2769 5894; x_wconf 80' lang='grc' dir='ltr'>ζώντων.</span> 
     </span>
    </p>
   </div>
  </div>
