4090 6420
203 474 292 528 εΗ
1145 459 1646 516 COMMENTARIA
1683 458 1748 514 ΙΝ
1779 462 1785 476 ⁴

1892 458 2046 514 .IAM.
2082 492 2153 500 —
2188 458 2341 516 CAP.
2386 458 2521 515 VIII.
3384 459 3488 516 142

271 603 289 638 ι
328 583 443 637 Kal
475 578 807 654 προσῆλθον
853 573 993 647 πρὸς
1037 574 1136 641 τὴν
1168 575 1459 645 προφῆτιν,
1493 574 1586 626 καὶ
1628 571 1785 624 ἔτεκε

1988 569 2152 626 Vens.
2182 573 2234 627 3.
2284 591 2303 623 ι
2342 571 2408 626 Et
2432 572 2638 627 accessi
2681 573 2748 627 ad
2778 571 3174 644 prophetissam
3202 611 3218 636 ,
3250 581 3304 628 et
3328 587 3490 642 pepe-

199 676 325 731 υἱόν.
359 675 475 728 Kal
509 669 644 724 εἶπέ
697 687 790 740 μοι
829 666 1070 736 Κύριοςο
1100 665 1346 718 Κάλεσον
1392 664 1454 717 τὸ
1504 664 1678 734 δνομα
1717 663 1785 716 αὑ

1917 663 1990 717 rit
2012 664 2201 718 ﬁlium.
2227 664 2295 720 Et
2329 666 2466 721 dixit
2489 666 2619 720 mihi
2649 665 2929 728 Dominus,
2955 666 3093 721 Voca
3125 682 3320 723 nomen
3345 669 3487 738 ejus,

196 771 306 834 τοῦ,
336 768 564 838 ταχέως
591 762 922 823 σκύλευσον,
948 758 1116 823 ὀξέως
1141 756 1530 828 προνόμιυσον.
1570 775 1589 806 ι
1635 756 1785 809 Ἐπεί

1915 755 2023 810 cito
2051 756 2219 825 spolia
2251 757 2481 812 detrahe
2503 795 2520 819 .
2553 759 2832 825 prrdare,
2860 756 3124 812 velociter
3158 758 3417 825 praeclare.
3463 779 3482 811 ο

196 880 296 936 περ
324 863 553 932 εἴρηται
587 855 887 927 ἀνωτέρω,
933 871 952 904 ι
1005 850 1139 904 Ἰδοὺ
1169 852 1201 920 ἡ
1239 849 1507 920 παρθένος
1529 849 1589 900 ὲν
1613 863 1785 916 γαστρ

1915 844 2050 912 Quia
2098 849 2300 903 dictum
2353 857 2437 905 est
2483 849 2733 917 superius
2760 891 2776 914 ,
2811 867 2832 901 ι
2871 849 3011 905 Ecce
3053 851 3203 908 virgo
3244 851 3296 903 iu
3331 862 3490 907 utero

195 959 438 1029 λήψεται,
458 954 561 1007 καὶ
589 949 814 1014 τέξεται
837 947 976 1006 υίὸν,
1005 963 1026 995 ο
1068 943 1385 1010 ἀναγκαίως
1417 943 1511 994 ἐπὶ
1535 939 1630 993 τοῦ
1667 958 1785 1012 παρ

1913 936 2190 1004 concipiet
2213 946 2266 990 et
2292 936 2469 1006 pariet
2501 939 2691 1000 tilium,
2733 955 2752 990 ι
2788 939 3100 994 necessario
3125 941 3176 992 in
3207 941 3486 1006 pmsenti,

195 1028 358 1111 ὄντος,
419 1046 549 1109 πῶς
602 1044 676 1097 ἂν
713 1041 925 1111 γένοιτο
972 1035 1135 1090 τοῦτο
1165 1033 1422 1103 διασαφεῖ
1447 1032 1612 1095 αὐτὸς
1646 1033 1676 1085 ὁ
1706 1032 1785 1083 Κύ

1913 1028 2182 1094 quomodo
2214 1028 2265 1081 id
2313 1028 2515 1083 factum
2566 1029 2638 1082 sit
2679 1029 2918 1086 declarat
2960 1031 3075 1099 ipse
3108 1031 3365 1086 Dominus
3404 1032 3489 1089 his

199 1159 302 1213 ριος
330 1139 513 1206 λέγων
537 1153 555 1168 ο
597 1155 618 1187 ι
658 1135 770 1188 Kal
800 1128 1110 1200 προσῆλθον
1154 1125 1296 1196 πρὸς
1331 1125 1431 1194 τὴν
1461 1122 1755 1195 προφῆτινο

1914 1119 2096 1174 verbis
2117 1159 2134 1183 ,
2171 1138 2191 1171 ι
2220 1119 2287 1174 Ει
2312 1121 2518 1176 accessi
2549 1121 2615 1174 ad
2642 1125 3078 1192 prophetissam;
3121 1143 3140 1176 ι
3175 1138 3239 1178 ac
3266 1127 3310 1178 si
3340 1126 3488 1181 dice-

197 1232 308 1287 ἀντὶ
337 1229 472 1293 τοῦ,
517 1226 674 1298 Ἐγὼ
697 1225 854 1288 αὐτὸς
895 1217 1344 1292 προσελεύσομαι
1381 1219 1448 1288 τῇ
1495 1215 1806 1287 προφήτιδι.

199 1325 469 1396 Προφῆτιν
505 1319 628 1391 γὰρ
658 1317 913 1388 ὀνομάζει
964 1311 1062 1383 τὴν
1101 1310 1197 1363 τὸν
1249 1305 1612 1379 Ἐμμανουὴλ
1659 1308 1809 1372 τεξο-

201 1417 380 1486 μένην,
421 1412 521 1466 διὰ
549 1411 619 1465 τὺ
653 1409 972 1479 Πνεύματος
1007 1403 1166 1471 ἁγίου
1218 1403 1517 1473 μετασχεῖν
1542 1399 1685 1453 κατὰ
1715 1399 1807 1450 τὸν

199 1507 440 1575 φήσαντα
467 1503 620 1575 πρὸς
667 1500 838 1570 αὑτήν
871 1515 884 1528 ·
921 1517 938 1548 ι
987 1495 1216 1565 Πνεῦμα
1256 1493 1420 1561 ἅγιον
1454 1491 1807 1545 ἐπελεύσεται

198 1596 280 1650 ἐπὶ
319 1597 402 1658 σὲ,
434 1595 536 1648 καὶ
565 1592 800 1664 δύναμις
837 1591 1091 1659 Ὑψίστου
1117 1585 1442 1640 ἐπισκιάσει
1469 1600 1573 1636 σοι.
1606 1603 1624 1634 s
1655 1583 1802 1654 Αὕτη

196 1689 361 1741 τοίνυν
411 1690 446 1759 ή
500 1687 742 1756 δύναμις
782 1681 874 1735 τοῦ
921 1680 1202 1748 Ὑψίστου,
1247 1679 1284 1747 ὴ
1333 1675 1421 1728 διὰ
1460 1676 1560 1743 τῆς
1591 1691 1804 1746 προφη-

1915 1219 2014 1275 ret,
2044 1224 2144 1280 ego
2173 1211 2290 1281 ipse
2319 1213 2374 1266 in
2400 1215 2802 1282 prophetissam
2831 1216 3228 1285 superveniam.
3255 1217 3490 1287 Prophe-

1915 1302 2098 1356 tissam
2127 1304 2322 1374 quippe
2358 1316 2518 1360 vocat
2544 1321 2663 1361 eam
2688 1347 2704 1372 ,
2738 1323 2861 1379 qua
2893 1309 3302 1364 Emmanuelem
3339 1311 3488 1378 pari-

1915 1404 2032 1450 tura
2057 1406 2161 1460 est,
2187 1397 2313 1466 quia
2349 1397 2585 1466 Spiritus
2614 1402 2789 1456 sancti
2817 1401 3090 1470 particeps
3115 1403 3260 1468 erit,
3291 1418 3488 1456 secun-

1910 1489 2036 1542 dum
2073 1488 2281 1542 dictum
2313 1489 2442 1544 illud
2473 1531 2488 1554 ,
2541 1509 2560 1543 ι
2610 1491 2847 1562 Spiritus
2873 1503 3095 1549 sanctus
3140 1497 3488 1564 superveniet

1911 1577 1961 1631 in
1997 1587 2069 1642 te,
2097 1587 2152 1633 et
2177 1580 2352 1635 virtus
2392 1581 2658 1636 Altissimi
2691 1584 3038 1639 obumbrabit
3068 1586 3164 1641 tibi
3198 1587 3264 1640 ".
3302 1605 3320 1638 ι
3363 1587 3486 1642 Haec

1909 1670 2073 1741 igitur
2103 1670 2272 1726 virtus
2294 1671 2582 1740 Altissimi,
2610 1691 2732 1746 qua
2756 1690 2854 1745 per
2879 1679 3219 1746 prophetiam
3251 1680 3348 1741 ait.
3367 1699 3386 1731 ι
3422 1680 3486 1735 Et

195 1781 332 1844 τείας
352 1781 630 1848 λέγουσα,
662 1797 681 1829 ι
709 1776 802 1830 καὶ
828 1771 1131 1845 προσῆλθον
1153 1769 1298 1839 πρὸς
1327 1768 1424 1838 τὴν
1453 1770 1745 1838 προφῆτιν,
1778 1786 1796 1816 s

195 1873 260 1927 τὰ
288 1874 564 1945 μέλλοντα
599 1872 680 1934 ὡς
711 1869 812 1941 ἤδη
845 1865 1103 1937 γεγονότα
1131 1861 1479 1933 διεξέρχεται
1511 1859 1654 1913 κατά
1680 1877 1802 1913 τινα

1906 1761 2112 1817 accessi
2134 1764 2199 1816 ad
2217 1764 2638 1834 prophetissam,
2662 1786 2681 1819 ι
2709 1768 2888 1823 futura
2911 1771 3064 1839 quasi
3077 1773 3189 1840 jam
3211 1775 3484 1841 praeterita

1907 1863 2153 1909 recenset
2206 1855 2502 1910 secundum
2535 1858 2818 1926 quamdam
2853 1861 3223 1930 propheticam
3254 1878 3484 1919 consue-

197 1916 564 2038 ἑξοῗφξχξξιῇξ
581 1916 886 2035 συνήὸειαν.
923 1916 943 2011 ξ
971 1957 1193 2027 Ταχέως
1226 1916 1549 2007 σκύλευσον.
1586 1952 1785 2038 ιΛὺτὸς

1907 1945 2169 2000 tudinem.
2209 1965 2228 1998 t
2271 1947 2392 2003 Cito
2417 1916 2593 2019 spolia
2627 1916 2872 2007 detrahe:
2912 1972 2932 2005 s
2955 1916 3098 2023 'lpse
3129 1916 3478 2024 igitur,

195 2056 296 2128 ἄρα
343 2052 438 2128 ἧν,
472 2037 504 2108 ὁ
541 2053 648 2107 καὶ
687 2051 779 2104 τὸν
819 2048 984 2104 πάλαι
1022 2042 1241 2114 ἰσχυρὸν
1292 2041 1388 2093 τὸν
1429 2037 1675 2092 διάὸολον
1707 2055 1803 2090 καο

195 2149 450 2219 ταδήσας,
489 2147 594 2198 καὶ
624 2143 697 2197 τὰ
737 2141 906 2196 σκῦλα
933 2135 1098 2192 αὐτοῦ
1128 2133 1464 2204 διαρπάσας.

266 2258 284 2290 ι
312 2240 424 2294 Καὶ
468 2235 784 2309 προσέθετο
824 2231 1027 2304 Κύριος
1073 2225 1310 2295 λαλῆσαί
1359 2242 1450 2296 μοι
1481 2224 1562 2278 ἔτι.
1603 2223 1799 2294 λέγων,

194 2329 277 2381 διὰ
296 2329 356 2381 τὸ
380 2328 460 2399 μὴ
500 2323 800 2398 βούλεσθαι
834 2321 925 2372 τὸν
965 2316 1092 2370 λαὸν
1123 2312 1312 2366 τοῦτον
1340 2312 1401 2364 τὸ
1426 2309 1570 2382 ὕδωρ
1590 2311 1684 2364 τοῦ
1713 2311 1802 2363 Σι-

195 2419 366 2490 λωὰμ,
397 2420 462 2472 τὸ
518 2415 894 2487 πορευόμενον
937 2408 1134 2481 δσυχῆ·
1178 2405 1313 2459 ἀλλὰ
1347 2403 1630 2475 βούλεσθαι
1657 2404 1800 2475 ἔχειν

193 2512 280 2565 τὸν
313 2510 607 2573 Ῥαασσὶν,
651 2505 854 2560 καὶτὸν
887 2501 1002 2556 υίδν
1041 2497 1339 2569 Ῥωμελίου
1370 2495 1592 2566 βασιλέα
1621 2498 1705 2564 ἐφ’
1740 2496 1802 2550 ὑ-

197 2605 327 2673 μῶν.
357 2623 376 2655 ι
417 2601 487 2655 Τί
512 2601 574 2655 δὲ
602 2598 765 2654 τοῦτο
803 2592 869 2668 ἦν
894 2594 958 2648 τὸ
986 2592 1130 2664 ὕδωρ
1148 2589 1242 2643 τοῦ
1258 2589 1515 2660 Σιλωάμς
1550 2589 1607 2642 '0
1629 2591 1800 2657 ὲπηγ-

193 2696 451 2766 γιλμὲνος
483 2693 684 2754 αὐτοῖς
727 2685 1090 2760 Ἐμμανουὴλ,
1129 2703 1148 2735 ι
1174 2681 1332 2753 Πηγὴ
1362 2680 1646 2751 τυγχάνων
1671 2679 1801 2734 ὓδα-

193 2807 276 2852 τος
302 2785 616 2858 ἁλλομένου
653 2784 737 2846 εἰς
764 2779 907 2850 ζωὴν
939 2777 1178 2839 αἰώνιον,
1207 2793 1227 2828 s
1283 2775 1378 2828 καὶ
1403 2774 1556 2844 πηγὴ
1607 2772 1799 2836 ὓδατος

194 2881 570 2954 πορευομένου
625 2877 711 2939 είς
743 2873 888 2945 ζωὴν
928 2869 1128 2943 ἡσυχῆ.
1165 2869 1288 2922 Ἔτι
1320 2869 1427 2939 γὰρ
1450 2866 1572 2920 τότε
1601 2865 1796 2920 λανθα-

193 2973 385 3036 νόντως
427 2971 530 3024 καὶ
567 2965 795 3038 ἡσύχως
833 2959 1222 3032 συνεπορεύετο
1247 2956 1326 3029 τῷ
1373 2957 1507 3028 λαῷ,
1547 2955 1797 3029 ἀρδεύειν

192 3063 348 3115 αὑτὸν
373 3062 473 3115 καὶ
508 3055 838 3111 ἐπισκοπεῖν
864 3051 1183 3123 βουλόμενος
1210 3048 1311 3111 τὰς
1345 3047 1544 3118 ψυχάς,
1571 3046 1664 3100 καὶ
1694 3064 1799 3118 μη-

190 3155 331 3207 δέπω
360 3151 785 3224 κηρυττόμενος
817 3147 895 3208 εἰς
918 3143 1095 3198 πάντα
1129 3141 1198 3193 τὰ
1232 3139 1378 3210 ἔθνη.
1403 3138 1506 3214 ⁴Διὸ
1531 3137 1796 3210 κέκληται

1903 2038 1995 2106 qui
2027 2038 2176 2093 illum
2211 2040 2342 2095 olim
2379 2051 2651 2112 potentem
2687 2043 2958 2099 diabolum
2987 2045 3248 2116 alligavit,
3275 2061 3337 2100 ac
3358 2063 3481 2118 spo-

1904 2129 1972 2184 lia
2003 2130 2121 2198 ejus
2148 2133 2392 2203 diripuit.

1975 2221 2136 2278 Vsus.
2188 2223 2242 2290 5,
2292 2223 2348 2280 6.
2384 2243 2402 2276 ι
2442 2225 2512 2280 Et
2559 2227 2755 2296 adjecit
2806 2227 3060 2284 Dominus
3121 2228 3267 2300 loqui
3297 2232 3364 2285 ad
3397 2247 3482 2288 me

1902 2313 2097 2380 adhuc,
2145 2315 2332 2372 dicens
2363 2334 2379 2373 :
2414 2317 2550 2385 Quia
2592 2334 2698 2373 non
2753 2319 2864 2374 vult
2891 2320 3125 2390 populus
3172 2323 3260 2378 hic
3283 2338 3478 2394 aquam

1904 2403 2128 2476 Siloam,
2157 2424 2280 2480 quae
2311 2411 2497 2480 quiete
2524 2409 2677 2477 ﬂuit;
2712 2412 2806 2468 sed
2855 2415 2968 2468 vult
3015 2412 3219 2471 habere
3250 2415 3479 2474 Raassin

1900 2508 1957 2554 et
1987 2499 2153 2554 tilium
2183 2501 2439 2556 Romeliae
2476 2502 2530 2556 in
2574 2517 2753 2573 regem
2800 2518 2966 2575 super
3004 2519 3120 2560 vos.
3162 2525 3184 2560 s
3219 2507 3478 2576 Quaenam

1903 2589 1990 2644 illa
2036 2602 2181 2669 erat.
2200 2608 2340 2664 aqua
2375 2594 2623 2649 Siloam?
2667 2595 2987 2652 Emmanuel
3039 2597 3132 2654 ille
3181 2601 3482 2671 promissus

1901 2681 2056 2753 ipsis,
2083 2685 2176 2754 qui
2206 2695 2292 2740 est
2343 2704 2361 2738 ι
2401 2688 2522 2742 fons
2560 2702 2715 2757 aqua
2745 2688 2988 2745 salientis
3020 2689 3074 2744 in
3111 2692 3278 2746 vitam
3330 2701 3482 2746 teter-

1903 2788 2050 2837 nam,
2091 2793 2110 2827 »
2145 2783 2199 2830 et
2225 2775 2348 2830 fons
2378 2791 2534 2846 aqua
2563 2776 2778 2833 ﬂuentis
2801 2780 2870 2832 ad
2901 2781 3066 2834 vitam
3105 2782 3313 2852 quiete.
3329 2779 3483 2838 Tunc

1899 2866 2040 2918 enim
2067 2867 2232 2921 etiam
2257 2868 2492 2924 latenter
2511 2877 2567 2924 et
2590 2871 2772 2939 quiete
2801 2871 3082 2927 incedebat
3102 2889 3224 2928 cum
3256 2875 3482 2944 populo.

1901 2965 1959 3011 ut
1991 2957 2138 3012 illum
2169 2958 2442 3032 irrigaret,
2483 2971 2538 3016 et
2570 2962 2856 3020 animabus
2897 2979 3086 3020 eorum
3117 2968 3480 3038 prospiceret,

1899 3064 2024 3104 cum
2055 3051 2296 3106 nondum
2344 3053 2670 3123 praedicatus
2716 3055 2911 3112 luisset
2942 3056 2998 3111 in
3039 3071 3229 3114 omnes
3265 3068 3477 3129 gentes.

1899 3138 2263 3207 Quamobrem
2306 3142 2554 3213 apposite
2579 3157 2805 3208 vocatur
2831 3161 2969 3215 aqua
3015 3146 3201 3216 quiete
3227 3161 3481 3210 manans.

193 3245 487 3318 προσφυῶς
515 3243 581 3296 τὸ
627 3239 800 3311 ὕδωρ,
833 3237 1197 3308 πορευόμενον
1253 3231 1453 3304 ἡσυχῆ,
1489 3232 1585 3286 καὶ
1641 3230 1785 3322 πηγὶ

1898 3239 1952 3285 et
1976 3230 2096 3286 fons
2131 3232 2358 3299 Siloam,
2381 3235 2525 3303 quod
2560 3236 2847 3308 signiﬁcat,
2880 3255 2900 3289 ι
2931 3239 3149 3294 missus.
3193 3260 3213 3292 ι
3243 3239 3482 3310 Populus

189 3339 275 3392 τοῦ
300 3337 552 3408 Σιλωὰμ,
583 3335 614 3388 ὅ
673 3335 821 3385 ἐστιν
863 3348 882 3381 ι
906 3324 1333 3396 ἀπεσταλμένος.
1361 3342 1380 3375 ι
1426 3324 1484 3377 '0
1517 3323 1574 3377 at
1600 3321 1794 3377 ὲνταῦ-

188 3429 252 3482 θα
273 3423 768 3500 κατηγορούμενος
803 3419 907 3472 ὑπὸ
949 3416 1046 3472 τοῦ
1077 3415 1284 3486 Κυρίου
1305 3414 1452 3478 λαὸς,
1486 3415 1545 3468 οὐ
1601 3413 1792 3484 βουλη-

187 3519 293 3583 Θεὶς
318 3519 625 3572 πιστεῦσαι
653 3512 735 3583 τῷ
765 3509 1166 3583 προστάγματι,
1197 3510 1292 3561 καὶ
1315 3507 1405 3560 τὸν
1439 3505 1791 3576 Ἐμμανουὴλ

184 3610 382 3673 καλεῖν,
413 3609 476 3672 ὃς
498 3603 571 3677 ἦν
606 3604 758 3674 ὕδωρ
783 3601 842 3653 τὸ
862 3598 1222 3671 πορευόμενον
1245 3596 1441 3667 ἡσυχῆ,
1468 3595 1672 3666 ἔρημος
1696 3594 1788 3646 αὑ.

182 3701 270 3756 τοῦ
292 3703 527 3770 γίνεται.
576 3694 739 3750 Ἐπεὶ
764 3692 938 3746 τοίνυν
966 3691 1185 3745 ἄπιστοι
1209 3687 1380 3752 ὄντες,
1411 3686 1643 3757 ἠγάπων
1660 3685 1788 3756 μᾶλ-

182 3792 266 3847 λον
293 3791 635 3847 ὑποτάττειν
666 3785 891 3848 ἑαυτοὺς
921 3781 1002 3853 τῷ
1032 3779 1242 3853 βασιλεῖ
1284 3777 1599 3850 Δαμασκοῦ,
1625 3778 1660 3848 ἢ
1692 3776 1787 3847 βα-

183 3884 312 3940 σιλεῖ
340 3885 445 3956 τῆς
471 3878 826 3954 Σαμαρείας,
849 3875 1128 3947 πολεμίοις
1148 3868 1318 3936 οὖσιν,
1351 3872 1384 3943 ἦ
1427 3871 1687 3942 πράττειν
1719 3869 1784 3922 τὰ

1898 3331 2080 3377 autem
2110 3323 2200 3379 hic
2232 3339 2261 3378 a
2300 3325 2530 3381 Domino
2569 3337 2877 3394 accusatus,
2919 3345 3040 3384 cum
3086 3330 3260 3400 jussui
3289 3346 3482 3401 parcre

1899 3420 1952 3466 et
1981 3412 2391 3471 Etnmanuelem
2445 3430 2641 3474 vocare
2668 3419 2853 3482 nollet,
2904 3420 2995 3488 qui
3048 3431 3168 3477 erat
3211 3437 3355 3492 aqua
3386 3423 3484 3480 illa

1897 3503 2082 3573 quiete
2118 3519 2366 3572 manans,
2394 3506 2464 3562 ab
2491 3523 2558 3564 eo
2583 3511 2832 3566 desertus
2860 3520 2965 3567 est.
2997 3512 3135 3580 Quia
3175 3515 3359 3584 igitur,
3391 3516 3478 3570 in-

1899 3594 2088 3651 ﬁdeles
2134 3612 2257 3652 cum
2289 3611 2490 3666 essent,
2525 3601 2636 3672 regi
2685 3599 2933 3660 Damasd
2963 3613 3019 3660 et
3068 3605 3180 3676 regi
3211 3605 3480 3662 Samaria)

1897 3686 2136 3744 inimicis
2165 3689 2280 3744 suis
2310 3705 2432 3746 sese
2479 3692 2752 3762 subjicere
2789 3693 3100 3761 malebant,
3134 3712 3295 3767 quam
3322 3712 3476 3766 jussa

1893 3782 2153 3850 exsequi;
2202 3781 2325 3838 ideo
2351 3785 2715 3840 comminatur
2753 3785 3063 3858 Scriptura,
3095 3789 3242 3860 ipsos
3264 3805 3369 3845 non
3411 3791 3478 3847 iis

1892 3872 2138 3926 subditos
2163 3871 2303 3940 fore,
2335 3873 2430 3930 sed
2460 3874 2574 3946 regi
2598 3875 2969 3947 Assyriorum.

179 3982 588 4053 ωελευσμένα
607 3995 623 4009 ·
654 3976 845 4030 τούτου
875 3974 1036 4046 χάριν
1061 3970 1276 4026 ἀπειλεῖ
1300 3971 1330 4023 ὁ
1375 3969 1533 4038 λόγος
1593 3967 1668 4039 μὴ
1708 3967 1935 4031 ἐκείνοις
1988 3969 2188 4034 αὐτοὺς
2240 3972 2582 4043 ὑποχειρίους
2607 3972 2848 4038 ἔσεσθαι,
2882 3974 3018 4029 ἀλλὰ
3041 3973 3119 4046 τῷ
3143 3974 3253 4029 τῶν
3283 3977 3475 4031 Ἀσσυυ

181 4077 304 4150 ριων
335 4078 576 4149 βασιλεῖ.

246 4193 266 4226 ι
286 4175 385 4230 Διά
417 4173 588 4227 τοῦτο
626 4169 742 4224 ἰδοὺ
767 4167 956 4236 ἀνάγει
1003 4163 1210 4237 Κύριος
1236 4161 1502 4233 ἐφ”ὑμᾶς
1535 4160 1597 4213 τὺ
1629 4157 1773 4232 ὕδωρ

175 4265 263 4320 τοῦ
291 4264 570 4337 ποταμοῦ,
605 4261 672 4316 τὸ
708 4259 925 4331 ἰσχυρὸν
972 4257 1068 4316 καὶ
1117 4257 1180 4310 τὸ
1210 4253 1366 4321 πολὺ,
1411 4254 1502 4309 τὸν
1547 4253 1771 4324 βασιλέα

176 4358 275 4412 τῶν
312 4357 652 4430 Ἀσσυρίων,
699 4354 793 4408 καὶ
819 4353 915 4424 τὴν
944 4349 1103 4417 δόξαν
1130 4347 1296 4404 αὑτοῦ
1315 4363 1328 4377 ·
1380 4347 1472 4400 καί
1499 4343 1769 4416 ἀναϐήσε-

176 4469 258 4506 ται
282 4453 377 4506 ὶπὶ
407 4452 605 4504 πᾶσαν
640 4443 897 4516 φάραγγα
925 4441 1101 4514 ὑμῶν,
1140 4440 1236 4494 καὶ
1267 4438 1629 4510 περιπατῇςει
1675 4436 1771 4489 ἐπὶ

177 4546 276 4599 πᾶν
300 4547 487 4615 τεῖχος
513 4539 702 4613 ὑμῶν,
739 4537 834 4592 καὶ
865 4536 1054 4606 ἀφελεῖ
1084 4533 1194 4587 ἀπὸ
1236 4532 1337 4603 τῆς
1385 4530 1641 4594 Ἰουδαίας
1673 4528 1766 4582 ἄν·

177 4634 399 4707 Θρωπον.
424 4654 444 4686 s
476 4630 637 4702 Πρὸς
665 4624 1070 4696 ἀντιδιαστολὴν
1088 4623 1198 4694 γὰρ
1222 4622 1315 4675 τοῦ
1351 4621 1543 4683 ὓδατος
1573 4618 1666 4673 τοῦ
1693 4619 1775 4672 Σι-

173 4724 320 4797 λωὰμ
343 4723 441 4779 τοῦ
474 4719 858 4794 πορευομένου
894 4716 1092 4789 ἡσυχῆ,
1126 4715 1187 4767 τὸ
1215 4714 1358 4784 ὕδωρ
1388 4711 1651 4782 ἀντέθηκε
1676 4709 1770 4764 τοῦ

176 4819 428 4890 ποταμοῦ,
461 4817 536 4871 τὸ
563 4813 785 4886 ἰσχυρὸν
812 4811 906 4866 xnl
923 4809 986 4864 τὸ
1015 4805 1148 4861 πολύ
1165 4823 1178 4835 ·
1207 4801 1274 4876 ἦν
1301 4805 1359 4859 δὶ
1384 4799 1536 4868 οὗτος
1562 4805 1592 4856 ὁ
1625 4802 1772 4873 βασι-

173 4911 283 4977 λεὺς
309 4912 418 4966 τῶν
460 4906 802 4978 Ἀσσυρίων.
831 4902 1093 4958 Τοσοῦτον
1123 4900 1232 4970 γὰρ
1255 4896 1456 4968 πλῆθος
1481 4896 1630 4968 ῆξειν
1659 4895 1768 4949 τῶν

171 5007 432 5077 πολεμίων
464 4998 752 5065 Θεσπίξει,
781 4999 856 5063 ὡς
890 4998 998 5051 πᾶν
1013 4995 1075 5049 τὸ
1105 4991 1306 5055 πλάτος
1334 4991 1435 5061 τῆς
1473 4988 1766 5059 Ἰουδαϊκῆς

173 5098 339 5173 χώρας
367 5099 720 5172 πληρώσειν,
743 5087 1106 5162 ἀφαιρεθῆναι
1133 5085 1191 5139 δὲ
1227 5083 1314 5138 ἀπ’
1351 5083 1519 5153 αὐτῆς
1551 5079 1762 5173 ἄνθρω-

175 5171 281 5256 πον,
315 5192 370 5256 ὃς
399 5171 721 5261 δυνήσεται,
751 5183 988 5254 κεφαλὴν
1019 5177 1172 5251 ἆραι,
1199 5176 1233 5248 ἢ
1265 5175 1487 5229 δυνατὸν
1515 5171 1760 5226 συντελέ-

177 5284 353 5339 σασθαί
377 5292 465 5350 τιί·
517 5281 600 5344 ὡς
632 5274 831 5350 μηκέτι
860 5271 1098 5342 κεφαλὴν
1133 5268 1328 5331 αὐτοὺς
1349 5266 1491 5337 ἔχειν
1526 5263 1620 5318 τοῦ
1653 5263 1762 5316 λοι-

175 5374 286 5438 ποῦ,
315 5347 925 5438 τοιηέστινξᾶρχοντας
946 5363 1039 5415 καὶ
1069 5358 1340 5431 βασιλέας.
1369 5359 1547 5427 Ἀπερ
1575 5355 1642 5408 δι’
1664 5353 1754 5426 ἐρ-

171 5480 270 5532 γων
292 5464 492 5537 ἐχώρει
526 5461 628 5515 ἐπὶ
659 5456 774 5512 τῶν
809 5452 1069 5526 Ἰερεμίου
1101 5449 1193 5504 τοῦ
1221 5449 1497 5521 προφήτου
1521 5446 1748 5519 χρόνων,

172 5556 278 5611 καθ’
313 5557 405 5622 οὓς
434 5553 684 5614 ἐπιστὰς
721 5543 1190 5617 Ναϐουχοδονὸσορ
1228 5543 1258 5595 ὁ
1296 5540 1402 5594 τῶν
1450 5539 1752 5611 ’Δσσυρίων

172 5649 424 5723 βασιλεὺς,
447 5647 617 5710 τέλος
645 5642 825 5712 ἐπῆγε
855 5642 966 5704 τοῖς
989 5633 1424 5712 προειρημένοις.

233 5765 250 5797 ι
272 5747 375 5801 Καὶ
423 5745 591 5799 ἔσται
625 5741 664 5814 ἠ
716 5732 1033 5812 παρεμϐολὴ
1064 5728 1249 5798 αὑτοῦ,
1291 5728 1428 5784 ὥστε
1459 5726 1750 5801 πληρῶσαι

169 5934 204 5966 ⁸⁸
226 5934 342 5991 Luc.
374 5951 415 6006 ι,
442 5935 535 5990 35.

1954 4159 2121 4215 Vens.
2154 4159 2208 4224 7,
2238 4160 2294 4216 8.
2323 4159 2447 4216 ldeo
2467 4174 2594 4216 ecce
2623 4161 2847 4218 reducet
2882 4161 3145 4219 Dominus
3171 4177 3337 4234 super
3373 4179 3473 4220 vos

1878 4265 2080 4322 aquam
2134 4250 2395 4319 ﬂuminis,
2445 4251 2642 4309 fortem
2684 4263 2742 4309 et
2780 4253 3030 4321 multam,
3085 4271 3269 4326 regem
3305 4258 3470 4326 Assy-

1878 4343 2088 4400 riorum
2118 4355 2176 4400 et
2207 4343 2436 4413 gloriam
2467 4347 2588 4416 ejus
2617 4363 2632 4401 :
2661 4356 2718 4402 et
2744 4347 3002 4403 ascendet
3046 4363 3210 4418 super
3242 4363 3465 4402 omnem

1876 4439 2074 4494 vallem
2106 4449 2366 4505 vestram,
2399 4449 2456 4496 et
2482 4439 2785 4497 ambulabit
2807 4454 2970 4510 super
2995 4456 3211 4495 omnem
3249 4455 3464 4495 murum

1875 4540 2146 4595 vestrum,
2173 4538 2229 4583 et
2258 4529 2468 4584 auferet
2501 4546 2530 4585 a
2557 4529 2742 4586 Judza
2776 4531 3075 4587 hominem.
3107 4550 3127 4584 ι
3159 4531 3242 4586 Ad
3270 4531 3463 4585 discri.

1875 4635 2000 4676 men
2035 4633 2195 4690 aqua
2231 4615 2460 4687 Siloam,
2494 4623 2680 4692 quiete
2705 4623 3000 4687 manantis,
3039 4637 3238 4692 aquam
3277 4619 3460 4676 ﬂumi-

1873 4714 1960 4770 nis
1988 4713 2186 4769 fortem
2219 4723 2277 4768 et
2322 4715 2544 4768 multam
2573 4716 2825 4785 opposuit
2858 4733 2872 4767 :
2905 4729 3030 4786 qum
3078 4724 3197 4770 erat
3237 4728 3333 4770 rex
3359 4714 3462 4768 As-

1871 4808 2171 4878 syriorum.
2199 4804 2430 4860 Tantam
2456 4804 2602 4859 enim
2633 4807 2866 4861 hostium
2893 4806 3296 4862 multitudinem
3322 4821 3455 4860 ven-

1874 4907 2053 4954 turam
2085 4898 2442 4961 vaticinatur,
2481 4907 2538 4950 ιιι
2565 4911 2784 4954 omnem
2819 4897 3062 4955 Iudaica
3090 4897 3329 4970 regionis
3377 4896 3457 4952 la-

1872 4993 2159 5050 titudinem
2213 4991 2457 5063 impleat,
2507 5002 2564 5047 et
2601 4992 2671 5047 ab
2722 5008 2784 5048 ea
2830 4984 3113 5049 adferatur
3143 4993 3328 5057 homo,
3362 4992 3455 5060 qui

1868 5086 2044 5154 possit
2071 5092 2235 5153 caput
2259 5081 2546 5147 extollere,
2586 5092 2681 5139 aut
2707 5083 2984 5153 quidpiam
3033 5082 3297 5153 perlicere
3334 5100 3346 5135 :
3381 5082 3452 5136 ita

1868 5183 1924 5226 ut
1963 5171 2224 5242 deinceps
2253 5173 2328 5226 illi
2363 5183 2529 5242 caput
2552 5188 2660 5230 non
2687 5175 2945 5239 habeant,
2977 5173 3028 5227 id
3063 5183 3151 5227 est
3179 5172 3454 5243 principes

1864 5274 1920 5319 et
1950 5278 2128 5335 reges.
2161 5263 2294 5330 Qua
2333 5264 2512 5333 reipsa
2548 5275 2847 5321 evenerunt
2878 5263 3124 5321 Jcremia‘.
3177 5265 3454 5335 pmpheta:

1864 5330 2134 5427 tempore,
2166 5371 2276 5426 quo
2317 5330 2630 5425 irrumpens
2662 5355 3166 5414 Nabuchodonosor
3215 5369 3308 5410 rex
3352 5356 3454 5408 As.

1858 5449 2167 5517 syriorum,
2199 5446 2581 5518 praenuntiatis
2611 5446 2775 5502 linem
2809 5445 3088 5515 imposuit.

1937 5742 1957 5776 ι
1997 5721 2068 5780 Et
2095 5723 2204 5782 erit
2245 5720 2523 5780 exercitus
2550 5719 2697 5791 ejus,
2743 5729 2803 5778 ut
2841 5718 3065 5789 impleat
3107 5714 3448 5773 latitudinem
