4090 6444
669 449 773 507 145

1327 441 1586 500 EUSEBll
1624 441 2095 499 CIESARIENSIS
2134 440 2284 497 OPP.
2326 439 2506 497 PARS
2542 439 2632 495 ιιι.
2671 468 2739 482 -
2779 436 3192 495 EXEGETICA.

3791 433 3895 488 ιιι

669 564 903 635 regionis
950 573 1085 627 tme,
1138 563 1421 618 Nobiscum
1489 564 1648 619 Deus.
1690 585 1708 617 ι
1761 565 1883 619 Haec
1923 580 2137 635 quoque
2169 565 2208 617 ir

2324 564 2384 616 τὸ
2411 564 2609 632 πλάτος
2640 561 2737 632 τῆς
2765 559 2945 632 χώρας
2992 576 3107 621 σου,
3142 556 3277 612 Μεθ’
3301 555 3453 627 ἡμῶν
3493 556 3521 607 6
3552 554 3705 614 Θεός.
3732 572 3749 604 ι
3784 553 3895 604 Καὶ

666 658 851 711 eodem
886 654 1246 709 Emmanuelis
1274 666 1591 725 argumento
1629 656 1919 710 insistunt:
1953 656 2215 723 incipiunt

665 748 807 799 enim
857 746 925 799 ab
972 746 1350 809 Emmanuele,
1421 747 1562 815 quod
1604 747 1898 816 signiﬁcat,
1946 746 2213 798 nobiscum

666 840 825 901 Deus,
868 840 1149 909 cognoscite
1176 848 1381 907 gentes;
1429 852 1493 893 ac
1539 854 1750 893 rursum
1782 838 1833 893 in
1866 837 1969 892 line
1994 847 2214 893 senten-

664 928 785 982 tia:
819 946 837 979 ι
882 928 945 981 Ει
991 942 1167 981 sermo
1210 942 1366 995 quem
1416 928 1703 998 loquemini
1760 944 1866 984 non
1902 938 2117 984 maneat
2157 929 2210 983 in

663 1020 835 1083 vobis,
889 1018 1010 1087 quia
1051 1018 1327 1073 nobiscum
1374 1019 1557 1075 Deus:
1600 1039 1618 1073 ι
1654 1022 1846 1076 iterum
1902 1020 2212 1075 Emmanuel

664 1111 838 1166 dictus
863 1120 967 1167 est.
998 1110 1288 1179 Postquam
1327 1126 1458 1180 ergo
1485 1113 1739 1180 propheta
1770 1119 2095 1167 memoratos
2119 1112 2209 1166 ho-

664 1205 835 1259 mines
875 1214 1206 1274 coarguerat,
1248 1208 1387 1275 quod
1423 1205 1739 1268 noluissent,
1788 1205 2035 1260 invocato
2081 1204 2210 1258 Em-

663 1299 925 1359 manuele,
962 1299 1196 1355 inimicis
1228 1301 1531 1371 superiores
1571 1300 1822 1365 evadere,
1865 1300 1980 1370 ipse
2019 1314 2085 1353 ex
2114 1313 2208 1354 sua

658 1400 716 1446 et
743 1392 823 1445 sui
855 1391 1106 1446 similium
1160 1408 1384 1463 persona
1438 1392 1835 1448 Emmanuelem
1885 1392 2103 1447 invocat
2131 1392 2209 1447 di-

659 1491 785 1531 cens
806 1496 818 1531 ε

727 1566 892 1621 Vsus.
921 1568 975 1633 9,
1013 1568 1097 1623 10.
1130 1588 1148 1620 ι
1171 1568 1456 1625 Nobiscum
1485 1570 1643 1625 Deus.
1675 1569 1995 1641 Cognoscite
2024 1583 2210 1641 gentes

658 1665 707 1709 et
740 1656 1033 1721 vincimini,
1077 1667 1130 1711 et
1178 1656 1358 1711 audite
1396 1673 1565 1728 usque
1591 1659 1656 1712 ad
1680 1667 1977 1713 extremum
2010 1669 2165 1713 terra:
2192 1676 2206 1711 :

658 1746 746 1815 qui
777 1746 948 1802 fortes
977 1746 1175 1812 fuistis,
1199 1748 1471 1802 vincimini
1508 1766 1521 1801 :
1558 1764 1679 1803 nam
1724 1751 1766 1805 si
1804 1751 1999 1806 iterum
2044 1750 2210 1805 fortes

659 1838 797 1901 sitis,
824 1839 1013 1891 iterum
1041 1838 1324 1893 vincemini
1355 1855 1368 1891 :
1424 1850 1475 1895 et
1510 1843 1552 1894 si
1590 1841 1874 1896 consilium
1902 1842 2121 1905 ineatis,
2156 1842 2207 1896 id

658 1930 937 1999 dissipabit
983 1929 1237 1983 Dominus
1284 1950 1301 1985 :
1353 1939 1404 1983 et
1462 1934 1678 1985 verbum
1727 1932 1866 2001 quod
1914 1932 2203 2001 loquemini

656 2035 762 2075 non
790 2020 1025 2076 manebit
1056 2022 1106 2075 in
1138 2021 1307 2086 vobis,
1336 2022 1457 2092 quia
1495 2022 1768 2077 uobiscum
1798 2022 1960 2079 Deus.
1992 2044 2010 2076 ι
2034 2024 2201 2092 Quem

656 2124 785 2168 vero
821 2114 1191 2185 cognoscetis?
1232 2114 1406 2182 Ipsum
1450 2113 1853 2171 Emmanuelem
1889 2134 1905 2173 :
1938 2132 2061 2171 nam
2111 2132 2205 2186 po-

655 2204 813 2274 pulus
839 2219 903 2259 ex
940 2205 1352 2259 circumcisione
1390 2215 1562 2275 neque
1592 2206 1847 2275 cognovit
1884 2207 2080 2275 ipsum,
2112 2222 2205 2260 ne-

653 2310 757 2363 que
806 2294 1100 2358 intellexit,
1150 2308 1318 2360 neque
1370 2297 1667 2365 prophetiae
1716 2294 1937 2350 credere
1989 2295 2200 2349 voluit:

658 2388 751 2440 sed
782 2400 879 2441 nec
920 2387 1085 2440 victus
1114 2395 1218 2450 est,
1244 2401 1343 2441 nec
1372 2394 1638 2457 praecepto
1683 2401 1741 2439 se
1788 2386 2049 2440 subdidit.
2100 2385 2205 2442 Vos

655 2487 831 2531 autem
858 2487 1060 2548 gentes,
1101 2478 1351 2532 notitiam
1387 2478 1522 2547 ejus,
1563 2480 1651 2547 qui
1690 2478 1741 2531 in
1782 2477 2062 2545 prophetia
2098 2477 2205 2531 fer-

650 2576 763 2629 tur,
802 2568 1056 2637 accipite,
1084 2576 1245 2637 atque
1284 2568 1398 2623 haec
1444 2568 1820 2638 intelligentes,
1862 2568 2027 2623 nolite
2065 2568 2207 2623 reln-

652 2662 822 2723 clari;
872 2660 966 2714 sed
1016 2660 1289 2715 vincimiui
1332 2660 1591 2729 superati.
1634 2658 1831 2714 Audite
1881 2670 2203 2729 praeceptum

654 2767 748 2806 vos
783 2766 990 2815 omnes,
1038 2752 1125 2821 qui
1171 2765 1339 2821 usque
1369 2751 1433 2804 ad
1466 2760 1767 2805 extremum
1801 2761 1957 2806 terra:
1996 2752 2207 2806 habita-

653 2844 719 2898 tis
751 2858 849 2897 :ac
873 2843 916 2897 si
947 2844 1034 2911 qui
1064 2843 1115 2895 in
1145 2843 1293 2897 vobis
1322 2842 1490 2897 fortes
1515 2857 1581 2895 ac
1620 2849 1888 2911 potentes,
1919 2842 2086 2897 verbo
2118 2858 2207 2897 ce-

649 2936 762 2990 dite
794 2934 921 2988 victi
954 2941 1007 2987 et
1039 2932 1308 3002 superati;
1362 2931 1524 3001 idque
1553 2932 1810 2987 alacriter
1855 2933 2019 3003 agite,
2054 2934 2205 3003 gnari

650 3026 748 3080 etsi
773 3024 1067 3090 nolueritis,
1101 3023 1185 3077 vel
1212 3022 1415 3077 invitos
1441 3024 1769 3091 superandos
1798 3034 1955 3079 esse.i
1980 3025 2129 3091 Quod
2163 3027 2206 3079 si

650 3117 744 3171 Dei
774 3116 998 3171 consilio
1022 3125 1397 3186 repugnantes,
1435 3118 1712 3171 machinas
1744 3117 1997 3185 quasdam
2026 3127 2079 3171 et
2128 3118 2209 3171 in-

644 3209 817 3262 sidias
846 3205 1148 3261 struxeritis
1168 3214 1354 3261 contra
1386 3206 1604 3259 verbum
1628 3220 1657 3257 a
1688 3220 1793 3274 quo
1818 3206 2079 3260 vocamini
2103 3224 2116 3271 ;
2151 3215 2211 3258 ut

651 3298 833 3351 inania
869 3296 1101 3364 aggressi
1124 3295 1438 3365 arguemini.
1469 3293 1591 3348 Haec
1632 3309 1787 3364 porro
1809 3294 2056 3359 dicimus,
2084 3295 2205 3365 quia

651 3388 928 3440 nobiscum
960 3385 1291 3437 Emmanuel.

721 3475 885 3529 Vens.
915 3476 1001 3528 ll.
1042 3493 1058 3524 ι
1102 3475 1189 3529 Sic
1220 3475 1353 3529 dicit
1384 3473 1638 3527 Dominus
1670 3474 1846 3527 manui
1882 3472 2005 3528 forti
2041 3491 2053 3525 :
2095 3473 2206 3529 Non

650 3571 1018 3636 obsequuntur
1045 3568 1277 3620 incessui
1318 3568 1368 3618 in
1410 3566 1491 3619 via
1525 3566 1699 3633 populi
1734 3565 1911 3634 hujus.
1953 3584 1971 3616 ι
1994 3565 2209 3619 Transit

651 3674 778 3728 ergo
812 3660 879 3713 ad
904 3657 1178 3711 Iudaicum
1207 3657 1456 3727 pupulum
1478 3698 1494 3722 ,
1533 3658 1812 3725 ipsumque
1850 3669 1906 3711 ut
1930 3657 2050 3712 forti
2098 3672 2209 3710 ma—

653 3751 742 3805 nui
772 3750 1173 3818 immorigerum
1201 3749 1463 3817 coarguit.
1499 3746 1630 3801 Nam
1658 3747 1725 3801 ab
1755 3748 1839 3801 illa
1868 3750 2059 3812 vocati,
2087 3764 2208 3803 cum

651 3838 873 3909 obsequi
908 3838 1250 3908 oportuisset,
1288 3838 1358 3891 illi
1393 3846 1577 3892 contra
1630 3854 1733 3891 non
1767 3837 2211 3907 obtemperabant

653 3947 716 3986 ac
747 3930 1202 3987 contradicebant.
1248 3928 1325 3983 Ne
1364 3930 1573 3992 dicatis,
1624 3928 1816 3997 inquit,
1868 3929 2057 3983 durum
2093 3943 2210 3983 esse

653 4034 975 4099 8annonem,
1027 4021 1168 4089 quod
1214 4028 1454 4088 oporteat
1497 4018 1789 4073 abscedere
1834 4034 1863 4072 a
1916 4019 1997 4071 via
2030 4018 2206 4088 pepuli

656 4115 851 4183 hujus:
892 4128 1013 4165 nam
1042 4112 1127 4165 hic
1152 4111 1362 4179 quidem
1391 4110 1611 4179 populus
1648 4110 1836 4164 durum
1883 4108 2029 4162 illum
2059 4109 2208 4162 aesti-

658 4216 804 4273 mat;
833 4220 929 4260 vos
972 4220 1100 4258 vero
1141 4204 1231 4273 qui
1266 4204 1596 4257 abscessistis
1647 4221 1675 4255 a
1711 4203 1793 4254 via
1825 4202 2001 4271 populi
2032 4200 2207 4266 hujus,

655 4314 725 4352 ne
756 4296 947 4351 dicatis
976 4296 1116 4348 hunc
1148 4306 1266 4347 esse
1297 4292 1488 4346 durum
1520 4308 1533 4342 :
1575 4292 1715 4360 quod
1746 4292 1787 4345 si
1826 4291 1860 4343 ii
1892 4306 1956 4344 ex
1990 4290 2089 4344 isto
2119 4306 2211 4356 po-

656 4388 782 4458 pulo
824 4388 913 4455 qui
952 4382 1214 4439 increduli
1254 4390 1405 4445 sunt,
1439 4383 1659 4435 insidias
1703 4380 1852 4435 vobis
1892 4383 2206 4443 struxerint,

655 4484 837 4547 utpote
880 4475 971 4545 qui
1008 4472 1329 4537 defeceritis,
1377 4482 1431 4527 at
1481 4486 1575 4525 vos
1626 4472 1867 4524 timorem
1916 4484 2098 4525 eorum
2146 4486 2211 4523 ne

2314 653 2485 707 ταῦτα
2514 652 2613 721 τῆς
2666 652 2794 723 περ)⁸
2822 651 2913 704 τοῦ
2960 648 3306 719 Ἐμμανουήλ
3342 647 3519 717 ἔχεται
3547 644 3853 706 ὑποθέσεως
3874 660 3889 672 ·

2313 747 2537 816 ἄρχεται
2562 744 2689 813 γοῦν
2722 744 2830 797 ἀπὸ
2859 742 2951 797 τοῦ
2994 740 3358 813 Ἐμμανουὴλ,
3393 742 3527 812 ὅπερ
3556 739 3692 801 ἐστὶ,
3732 756 3750 788 ι
3773 736 3892 807 μεθ’

2314 835 2467 905 ἡμῶν
2487 838 2515 889 6
2546 834 2676 897 Θεός
2699 851 2711 861 ·
2735 834 2906 902 γνῶτε
2939 833 3066 902 ἔθνη
3086 851 3097 863 ’
3126 850 3144 882 ι
3178 832 3272 884 καὶ
3295 828 3449 895 αὖθις
3470 830 3606 901 πρὸς
3638 829 3716 899 τῷ
3751 827 3894 881 τέλει

2311 928 2389 995 τῷ
2416 925 2665 993 λέγεσθαι
2687 940 2701 955 ⁸
2742 942 2761 975 ‹
2786 926 2893 977 Καὶ
2914 924 3070 991 λόγον
3090 924 3148 975 ὃν
3185 923 3251 976 ἂν
3285 922 3572 994 λαλήσητε,
3603 922 3661 974 οὑ
3693 920 3766 991 μὴ
3792 921 3895 989 ἐμ-

2315 1017 2469 1089 μείνῃ
2504 1019 2561 1070 ἐν
2591 1017 2737 1087 ὑμῖν,
2772 1018 2853 1069 ὃτι
2905 1016 3025 1086 μεθ’
3048 1014 3202 1086 ἡμῶν
3234 1016 3263 1068 6
3298 1014 3459 1078 Θεός·
3483 1034 3502 1066 ι
3546 1010 3895 1084 Ἐμμανουηλ

2312 1106 2470 1159 πάλιν
2492 1107 2721 1177 εἴρηται.
2758 1104 3044 1172 Διελέγξας
3064 1104 3241 1157 τοίνυν
3279 1104 3307 1156 6
3333 1105 3617 1173 προφήτης
3645 1104 3771 1165 τοὺς
3798 1101 3895 1170 δη-

2310 1196 2598 1261 λωθέντας,
2640 1198 2722 1250 ὅτι
2765 1196 2837 1266 μὴ
2873 1194 3259 1266 ἐϐουλήθησαν,
3293 1195 3748 1265 ἐπικαλεσάμενοι
3796 1193 3894 1245 τὸν

2324 1290 2682 1360 Ἐμμανουήλ,
2719 1290 2999 1358 κρείττους
3039 1287 3286 1354 γενέσθαι
3330 1287 3438 1339 τῶν
3470 1287 3760 1357 πολεμίων,
3795 1284 3897 1338 αὑ-

2309 1381 2400 1443 τὸς
2431 1380 2765 1434 ἐπικαλεῖται
2796 1380 2887 1432 τὸν
2923 1380 3265 1451 Ἐμμανουήλ
3316 1379 3375 1444 ἐξ
3429 1378 3555 1432 ἰδίου
3595 1376 3892 1449 προσώπου

2312 1470 2403 1524 ita).
2424 1470 2531 1522 τῶν
2558 1469 2704 1540 αὑτῷ
2730 1469 3145 1541 παραπλησίων,
3179 1470 3350 1537 λέγων
3367 1487 3380 1499 ·

2386 1581 2407 1611 ‹
2428 1560 2562 1614 Μεθ’
2597 1560 2751 1631 ἡμῶν
2780 1562 2808 1613 ὁ
2849 1560 3001 1623 Θεός.
3032 1561 3208 1614 Γνῶτε
3237 1560 3363 1630 ἐθνη
3398 1559 3488 1612 καὶ
3513 1557 3763 1629 ἡττᾶσθε,
3794 1556 3895 1611 καὶ

2310 1652 2648 1705 ἐπακούσατε
2680 1652 2783 1715 ἐως
2816 1654 3043 1723 ἐσχάτου
3058 1657 3157 1721 τῆς
3186 1654 3306 1723 γῆς,
3332 1650 3607 1721 ἰσχυκότες
3632 1650 3890 1720 ἡττᾶσθε,

2310 1740 2404 1792 ἐὰν
2435 1740 2543 1811 γὰρ
2562 1741 2723 1794 πάλιν
2759 1742 3033 1812 ἰσχύσητε.
3068 1743 3229 1795 πάλιν
3258 1738 3625 1811 ἡττηθήσεσθε
3646 1757 3659 1768 ·
3697 1739 3788 1791 καὶ
3821 1739 3892 1809 ἡν

2310 1833 2377 1886 ἂν
2405 1831 2760 1901 βουλεύσησθε
2794 1832 3005 1904 βουλὴν,
3035 1833 3373 1886 διασκεδάσει
3408 1831 3611 1902 Κύριος
3630 1848 3643 1860 ·
3674 1832 3767 1883 καὶ
3797 1829 3893 1882 λό-

2308 1938 2401 1988 γον
2430 1922 2488 1975 ὃν
2510 1922 2604 1975 ἐὰν
2635 1923 2924 1993 λαλήσητε,
2951 1924 3013 1975 οὑ
3044 1924 3118 1994 μὴ
3146 1922 3378 1993 ἐμμείνῃ
3404 1923 3459 1974 ἐν
3482 1922 3629 1991 ὑμῖν,
3660 1920 3741 1972 ὅτι
3769 1918 3891 1988 μεθ’

2309 2014 2463 2085 ἡμῶν
2494 2015 2522 2066 6
2567 2013 2718 2077 Θεός,
2750 2033 2768 2065 ι
2813 2015 2945 2068 Τίνα
2991 2014 3047 2067 δέ
3092 2013 3303 2082 γνῶτες
3338 2012 3507 2065 Αὑτὸν
3546 2011 3636 2065 τὸν
3673 2011 3891 2079 Ἐμμα-

2308 2106 2497 2175 νουήλ·
2529 2107 2556 2156 6
2588 2106 2694 2176 γὰρ
2746 2106 2809 2159 ἐκ
2855 2106 3155 2177 περιτομῆς
3207 2105 3333 2169 λαὸς
3359 2104 3481 2157 οὕτε
3519 2102 3659 2172 ἔγνω
3704 2100 3891 2163 αὐτὸν,

2308 2195 2429 2249 οὗτε
2478 2197 2729 2265 συνῆκεν,
2763 2196 2885 2249 οὔτε
2918 2196 3203 2251 πιστεῦσαι
3242 2194 3514 2267 ἠϐουλήθη
3568 2198 3633 2266 τῇ
3676 2212 3894 2269 προφη-

2307 2289 2455 2359 τείᾳ·
2479 2287 2591 2341 ἀλλ’
2628 2288 2749 2341 οὐδὲ
2780 2286 2985 2359 ἡττήθη
3012 2286 3132 2340 οὑδὲ
3162 2287 3406 2357 ὑπετάγη
3427 2287 3505 2358 τῷ
3535 2290 3893 2361 προστάγμασι

2308 2395 2377 2431 τι.
2419 2379 2603 2447 Ὑμεῖς
2634 2378 2690 2431 δὲ
2740 2378 2806 2431 τὰ
2828 2378 2976 2449 ἔθνη,
3001 2378 3200 2447 γνῶσιν
3223 2379 3517 2432 ἀναλάϐετε
3546 2379 3640 2433 τοῦ
3672 2397 3891 2451 προφη-

2309 2472 2617 2543 τευομένου.
2650 2471 2743 2523 καὶ
2796 2470 3039 2533 συνέντες
3072 2469 3231 2535 αὐτὰ,
3264 2471 3341 2541 μὴ
3377 2471 3607 2541 τολμᾶτε
3636 2472 3889 2526 ἀνθίστα·

2312 2564 2462 2617 σθαι·
2494 2562 2712 2615 νικᾶσθε
2742 2562 2799 2615 δὲ
2837 2560 3151 2632 ἡττώμενοι.
3190 2562 3556 2616 Ἐπακούσατε
3583 2564 3640 2616 δὲ
3666 2564 3761 2616 καὶ
3792 2562 3890 2616 τοῦ

2312 2656 2729 2727 προστάγματος
2778 2655 2933 2724 ὑμεῖς
2991 2654 3186 2717 πάντες
3212 2655 3261 2707 οἰ
3298 2654 3489 2725 μέχρις
3533 2655 3758 2727 ἐσχάτου
3785 2654 3891 2725 τῆς

2310 2746 2412 2815 γῆς
2463 2744 2771 2808 οἰκοῦντες·
2813 2746 2867 2797 οῖ
2894 2762 2953 2797 τε
2988 2746 3045 2798 ἐν
3090 2746 3216 2814 ὑμῖν
3256 2746 3464 2817 ἰσχυροὶ
3514 2748 3607 2800 καὶ
3648 2746 3886 2809 δυνατοὶ,

2314 2844 2689 2912 παραχωρεῖτε
2709 2841 2788 2911 τῷ
2812 2840 2974 2911 λόγῳ,
3007 2841 3293 2912 νικώμενοι
3324 2842 3415 2896 καὶ
3436 2842 3755 2914 ἡττώμενοι,
3792 2846 3891 2899 καὶ

2312 2930 2468 2983 τοῦτο
2497 2931 2727 3001 πράξετε
2756 2931 3069 3003 προθύμως,
3104 2934 3321 2998 εἰδότες,
3353 2935 3455 2997 ὃτι,
3491 2936 3591 2989 κᾶν
3623 2935 3696 3005 μὴ
3725 2935 3888 3006 θέλη-

2313 3038 2394 3084 τε,
2419 3022 2643 3085 ἄκοντες
2689 3022 3075 3094 ἡττηθήσεσθε.
3108 3025 3169 3077 Εἰ
3198 3025 3253 3078 δὲ
3284 3025 3661 3097 ἀνθιστάμενοι
3691 3030 3757 3098 τῇ
3787 3028 3887 3081 τοῦ

2314 3110 2445 3163 Θεοῦ
2473 3110 2739 3182 βουλήσει,
2772 3112 3019 3183 μηχανάς
3046 3130 3218 3177 τινας,
3254 3115 3346 3167 καὶ
3372 3115 3661 3179 ἐπιϐουλὰς
3688 3117 3886 3187 τυρεύ-

2315 3218 2401 3255 ετε
2443 3204 2582 3256 κατὰ
2612 3203 2704 3255 τοῦ
2740 3203 3029 3267 καλοῦντος
3068 3206 3210 3275 ὑμᾶς
3253 3206 3431 3275 λόγου,
3470 3206 3889 3277 ματαιοπονοῦν-

2236 3258 2275 3313 C
2310 3312 2401 3357 τες
2439 3296 2841 3366 ἐλεγχθήσεσθε.
2888 3258 3072 3351 Ταῦτα
3102 3258 3159 3351 δέ
3191 3258 3386 3369 φαμεν,
3418 3258 3693 3371 ἐπείμεθ
3727 3258 3886 3372 ἡμῶν

2310 3386 2455 3437 ἐστιν
2496 3389 2523 3439 6
2567 3387 2911 3457 Ἐμμανουήλ

2384 3493 2401 3526 ι
2428 3475 2581 3528 Οὕτω
2605 3476 2751 3544 λέγει
2778 3477 2980 3548 Κύριος
3004 3481 3067 3549 τῇ
3093 3482 3286 3550 ἰσχυρᾷ
3314 3481 3476 3551 χειρὶ,
3508 3480 3792 3535 ἀπειθοῦσι
3814 3484 3884 3554 τῇ

2308 3569 2503 3639 πορείᾳ
2536 3569 2636 3637 τῆς
2664 3568 2784 3622 ὁδοῦ
2827 3568 2921 3621 τοῦ
2954 3569 3080 3622 λαοῦ
3131 3570 3338 3623 τούτου.
3366 3590 3386 3622 ι
3426 3571 3757 3626 Μεταϐαἱνει
3789 3570 3888 3628 οὖν

2308 3660 2397 3710 ἐπὶ
2424 3660 2513 3711 τὸν
2537 3659 2645 3711 τῶν
2684 3660 2947 3712 Ἰουδαίων
2992 3660 3138 3723 λαὸν,
3178 3660 3411 3731 ἐλέγχων
3442 3662 3600 3715 αὑτὸν
3624 3662 3699 3726 ὡς
3728 3665 3889 3717 ἀπει-

2310 3748 2503 3801 θοῦντα
2532 3752 2597 3820 τῇ
2634 3752 2827 3820 ἰσχυρᾷ
2854 3751 2992 3821 χειρί
3016 3768 3029 3781 ο
3077 3752 3395 3822 καλούμενοι
3428 3754 3536 3825 γὰρ
3572 3756 3662 3807 ὑπ’
3690 3756 3881 3826 αὐτῆς,

2308 3840 2424 3892 δέον
2444 3841 2755 3905 ὑπακούειν,
2781 3844 2828 3894 οἱ
2862 3842 2919 3894 δέ
2945 3842 3199 3910 ἠπείθουν
3233 3844 3325 3895 καὶ
3351 3844 3653 3913 ἀντέλεγον.
3690 3846 3779 3915 Μὴ
3812 3846 3889 3898 ετ-

2310 3931 2651 4031 πητε,αφησὶ,
2698 3932 2929 4001 σκληρὸν
2978 3928 3115 3984 εἶναι
3167 3933 3255 3984 τὸν
3288 3932 3462 4001 λόγον,
3513 3934 3603 3986 τὸν
3632 3934 3883 4003 περὶτοῦ

2312 4022 2609 4090 ἀποστῆναι
2638 4022 2748 4075 δεῖν
2789 4023 2887 4092 τῆς
2915 4024 3135 4094 πορείας
3166 4023 3259 4076 τοῦ
3299 4024 3427 4077 λαοῦ
3457 4024 3642 4078 τούτου
3662 4043 3675 4056 ο
3707 4028 3735 4078 6
3772 4027 3886 4098 γὰρ

2310 4113 2433 4175 λαὸς
2466 4105 2618 4175 οὗτος
2646 4113 2877 4184 σκληρὸν
2902 4114 3060 4167 αὑτὸν
3101 4115 3308 4185 νομίζει
3332 4132 3346 4145 ο
3381 4116 3533 4187 ὑμεῖς
3561 4116 3635 4178 δὲ,
3670 4118 3718 4169 οἱ
3746 4118 3888 4171 ἀπο-

2312 4204 2531 4266 στάντες
2558 4206 2654 4273 τῆς
2686 4204 2911 4275 πορείας
2938 4205 3029 4258 τοῦ
3052 4204 3182 4259 λαοῦ
3207 4206 3416 4270 τούτου,
3448 4208 3522 4276 μὴ
3551 4206 3743 4277 λέγητε
3768 4207 3889 4262 τοῦ-

2309 4310 2397 4345 τον
2431 4289 2567 4371 εἶναι
2599 4294 2831 4365 σκληρόν
2850 4312 2862 4324 ·
2898 4298 2943 4347 εί
2974 4296 3028 4348 δὲ
3058 4295 3454 4349 ἐπιϐουλεύοιεν
3482 4298 3610 4366 ὑμῖν
3637 4297 3712 4360 ὡς
3742 4300 3885 4351 ἀπο-

2313 4387 2518 4447 στᾶσιν,
2550 4386 2597 4437 οἱ
2630 4385 2724 4439 τοῦ
2750 4386 2875 4439 λαοῦ
2905 4387 3064 4439 αὑτοῦ
3087 4386 3325 4449 ἄπιστοι,
3355 4387 3466 4441 ἀλλ’
3488 4388 3641 4457 ὑμεῖς
3664 4390 3754 4440 τὸν
3788 4391 3889 4457 φό-

2311 4474 2402 4527 ϐον
2425 4476 2601 4529 αὐτῶν
2635 4476 2707 4546 μὴ
2738 4475 3030 4545 φοϐηθῆτε,
3050 4476 3181 4547 μηδέ
3216 4477 3553 4547 ταράσσεσθε
3584 4478 3671 4529 ὑπ’
3706 4478 3887 4531 αὐτῶν

660 4568 913 4630 timeatis,
946 4580 1046 4620 nec
1082 4564 1149 4618 ab
1180 4563 1280 4618 illis
1305 4562 1438 4632 pulsi
1462 4561 1854 4617 conturbemini
1888 4577 1901 4613 :
1934 4559 2208 4626 solumque

2312 4567 2670 4637 ἐλαυνόμενοι,
2699 4568 2854 4637 μόνον
2881 4568 2936 4619 δέ
2965 4569 3055 4619 τὸν
3079 4568 3281 4638 Κύριον
3302 4568 3409 4621 τῶν
3435 4568 3710 4639 δυνάμεων
3728 4571 3889 4638 ἁγιά-

661 4663 941 4716 Dominum
974 4659 1225 4711 virtutum
1254 4663 1435 4709 sancte
1478 4654 1734 4718 colentes,
1762 4667 1881 4707 eum
1918 4652 2206 4705 timendum

2314 4654 2493 4719 ζοντες
2516 4657 2881 4728 ἐπιγράφεσθε
2911 4658 3118 4720 ἑαυτοῖς
3141 4658 3302 4727 φόϐον
3320 4675 3335 4690 ⁸
3375 4679 3392 4710 ‹
3414 4658 3554 4730 ἀρχὴ
3580 4677 3598 4709 ι
3630 4658 3737 4729 γὰρ
3763 4678 3781 4708 ι
3804 4676 3869 4712 σο

661 4756 813 4808 vobis
860 4750 1111 4805 ascribite
1170 4765 1182 4799 :
1227 4763 1348 4801 nam
1404 4767 1420 4798 ι
1466 4748 1675 4801 initium
1730 4744 2004 4814 sapientia:
2054 4745 2212 4796 timur

664 4847 868 4901 Domini
900 4846 973 4909 “,
1013 4864 1030 4894 ›
1066 4858 1159 4911 per
1190 4857 1345 4910 quem
1395 4840 1666 4895 hominum
1698 4848 1869 4893 metus
1898 4838 2071 4891 omnis
2118 4838 2212 4889 eli-

664 4939 913 4992 minatur.

729 5028 893 5082 Vsas.
928 5027 1011 5080 12.
1048 5046 1064 5077 ι
1108 5024 1391 5080 Dominum
1424 5024 1593 5092 ipsum
1628 5020 1979 5082 sanetilicate,
2026 5027 2079 5073 et
2102 5017 2215 5087 ipse

661 5116 765 5169 erit
810 5116 968 5166 timor
1018 5121 1189 5166 tuus:
1240 5121 1294 5166 et
1344 5112 1387 5163 si
1426 5112 1477 5163 in
1516 5112 1625 5179 ipso
1661 5110 1918 5171 confidas,
1968 5109 2072 5162 erit
2123 5109 2213 5161 tibi

2316 4747 2440 4813 φίας
2472 4746 2630 4814 φόϐος
2660 4747 2863 4817 Κυρίου
2886 4764 2897 4775 ο
2926 4766 2942 4795 ι
3001 4749 3093 4798 καὶ
3126 4747 3213 4800 διὰ
3268 4748 3452 4800 τούτου
3488 4750 3595 4811 πᾶς
3636 4749 3664 4800 6
3698 4748 3757 4810 ἐξ
3786 4750 3886 4800 άν-

2319 4837 2545 4906 θρώπων
2578 4838 2934 4891 ἀπελαύνεται
2971 4838 3151 4906 φόϐος.

2396 5037 2411 5067 ι
2435 5020 2634 5089 Κύριον
2666 5020 2825 5072 αὑτὸν
2858 5020 3138 5087 ἁγιάσατε,
3166 5020 3259 5072 καὶ
3292 5020 3451 5082 αὑτὸς
3485 5019 3633 5072 ἔσται
3668 5037 3758 5071 σου
3792 5020 3890 5087 φό-

2323 5109 2411 5173 ϐος
2435 5128 2446 5139 ο
2480 5113 2569 5163 καὶ
2595 5111 2687 5163 ἐὰν
2721 5111 2805 5163 ἐπ’
2836 5110 2981 5180 αὑτῷ
3016 5110 3285 5175 πεποιθὼς
3310 5108 3393 5184 ᾖς,
3434 5112 3583 5164 ἔσται
3611 5128 3692 5163 σοι
3720 5114 3801 5174 εἰς
3827 5114 3891 5165 ά·-

662 5205 1037 5261 sanctilicatio.
1076 5223 1095 5255 ι
1126 5204 1181 5257 Si
1216 5219 1363 5273 ergo,
1413 5202 1506 5265 ait,
1553 5202 1604 5254 in
1663 5202 1777 5269 ipso
1814 5200 2077 5265 confidas,
2113 5202 2208 5252 erit

2322 5203 2545 5272 γίασμα.
2580 5222 2597 5254 ι
2658 5204 2780 5255 Ἐὰν
2812 5198 2903 5256 οὖν
2937 5204 3020 5255 ἐπ’
3069 5203 3236 5273 αὐτῷ,
3288 5205 3438 5273 φησὶ,
3480 5202 3752 5266 πεποιθὼς
3796 5200 3886 5277 ᾖς.

665 5301 757 5353 tibi
788 5300 838 5351 in
892 5278 1393 5358 sanctificationem,
1426 5297 1493 5347 ita
1542 5305 1596 5347 ut
1630 5308 1887 5363 corporeo
1918 5296 2208 5347 sanctilicia

2313 5296 2470 5357 αὐτὸς
2512 5296 2663 5349 ἔσται
2705 5313 2785 5347 σοι
2827 5298 2905 5359 εἰς
2929 5297 3177 5365 ἁγίαςμα
3206 5297 3278 5359 ὡς
3310 5297 3505 5367 μηκέτι
3556 5295 3763 5348 δεῖσθαι
3789 5298 3887 5349 τιῦ

664 5409 767 5446 non
803 5392 940 5445 ultra
968 5406 1147 5462 egeas.
1180 5391 1545 5443 Sanctificium
1580 5399 1756 5443 autem
1792 5392 1929 5459 apud
1961 5388 2208 5445 Hebraeos

2315 5387 2622 5457 σωματικοῦ
2682 5388 3035 5457 ἁγιάσματος.
3084 5389 3351 5459 Ἀγίασμα
3391 5389 3446 5440 δὲ
3482 5388 3727 5441 ἐκαλεῖτο
3754 5391 3886 5458 παρ’

663 5484 949 5537 vocabatur
987 5482 1238 5550 templum
1270 5481 1392 5533 olim
1421 5481 1561 5547 apud
1589 5480 1706 5533 illos
1736 5482 2053 5543 consistens,
2072 5480 2208 5547 ejus-

2324 5478 2589 5548 Ἑϐραίοις
2630 5480 2657 5531 6
2693 5479 2857 5531 πάλαι
2895 5478 3164 5542 συνεστὼς
3214 5482 3338 5549 παρ’
3367 5480 3546 5541 αὑτοῖς
3601 5478 3756 5541 νεὼς,
3792 5481 3888 5533 καὶ

662 5586 763 5638 que
795 5574 1066 5627 interiora.
1101 5573 1217 5626 Tibi
1248 5573 1422 5639 itaque
1459 5572 1523 5625 ab
1549 5570 1657 5625 illis
1683 5573 1852 5641 pulso,
1886 5572 1975 5626 sed
2020 5573 2072 5626 in
2106 5572 2208 5626 Do-

2309 5571 2496 5623 τούτου
2526 5571 2593 5624 τὰ
2614 5571 2895 5625 ἐνδοτάτω.
2944 5572 3135 5625 Ἔσται
3174 5590 3256 5625 σοι
3289 5573 3468 5625 τοίνυν
3491 5571 3568 5642 τῷ
3596 5571 3887 5640 ἐλαυνομέ-

664 5663 805 5717 mino
838 5664 1146 5723 confidenti,
1197 5663 1545 5715 sanctificium
1578 5663 1698 5720 erit.
1745 5679 1849 5719 non
1883 5678 2201 5733 corporeum

2310 5682 2381 5714 νω
2407 5664 2494 5717 ὑπ’
2526 5664 2763 5730 ἐκείνων,
2801 5665 3077 5719 πεποιθότι
3122 5665 3176 5718 δέ
3222 5666 3313 5717 ἐπὶ
3344 5663 3563 5734 Κύριον,
3616 5663 3883 5732 ἁγίασμα,

733 5859 776 5891 ⁸³
807 5858 941 5913 l’sal.
975 5877 1061 5921 es,
1100 5860 1182 5911 10.
