4090 6474
210 448 304 504 N5

1082 427 1589 494 COIIENTARIA
1630 424 1695 480 IN
1729 417 1987 480 lSAlAI.
2026 449 2068 460 --
2113 413 2283 471 CAP.
2320 410 2453 469 Vlll.

3381 413 3479 470 146

208 535 342 632 οὒίὸ
371 560 690 631 σωματικδς
731 557 885 621 νεὼς,
911 554 1026 610 ἀλλ’
1059 552 1220 615 αὐτὸς
1253 551 1282 602 ὁ
1317 546 1521 616 Κύριος
1555 541 1797 632 ἀγιάζων

1925 531 2197 603 emplum;
2254 544 2443 583 verum
2493 528 2608 597 ipse
2654 526 2934 592 Dominus,
2980 529 3073 598 qui
3123 537 3173 584 to
3227 541 3481 586 sanctum

207 651 282 717 in,
310 653 401 707 ἐὰν
428 651 720 714 πεποιθὼς
756 647 820 722 ᾖς
846 651 931 702 tu”
961 646 1141 701 αὐτόν.
1185 642 1279 696 Διὸ
1325 637 1494 711 μηδὲν
1527 631 1794 704 φοϐούμε-

210 739 289 809 νός
313 746 399 799 τὸν
427 746 554 798 ναὸν
579 742 800 805 τοῦτον,
828 738 1095 810 ἀναχώρει
1120 731 1289 789 αὐτοῦ
1309 748 1337 764 ’τ
1362 729 1583 782 πίστευε
1615 723 1673 777 δὲ
1703 726 1797 778 καὶ

209 837 384 910 θάρσει
414 834 493 907 τῷ
525 833 611 906 σῷ
636 832 792 903 φόϐῳ
810 848 823 862 ·
863 830 1004 898 ἔξεις
1023 827 1129 897 γὰρ
1149 822 1311 878 αὑτὸν
1340 818 1611 910 ἁγίασμα,
1645 831 1662 863 ι

212 905 298 1005 οὐχ
321 933 394 996 ὡς
429 905 584 984 λίθου
613 928 1007 1000 προσκόμματι
1045 913 1440 990 συναντήσεσθε
1474 905 1798 1005 αύτῷςοὺδὲ

209 1001 502 1095 ὠς-πέτρας
529 1022 851 1093 πτώματος.
880 1039 896 1071 ι
939 1017 1098 1089 Ὁρᾷς
1124 1015 1271 1075 ὃπως
1289 1007 1453 1064 αὑτὸν
1470 1004 1561 1059 τὸν
1591 1001 1799 1095 Κύριον

212 1119 342 1173 λίθον
368 1094 811 1189 προσκόμματος
839 1113 928 1166 καὶ
955 1111 1159 1180 πέτραν
1187 1095 1486 1159 σκανδάλου
1508 1094 1797 1168 ὀνομάζει;

213 1212 296 1264 καὶ
323 1207 564 1262 τοιοῦτον
602 1207 711 1278 μὲν
739 1205 952 1258 ἔσεσθαι
984 1201 1144 1256 αὐτόν
1179 1215 1312 1270 φησι
1330 1197 1442 1259 τοῖς
1465 1189 1800 1261 καθημένοις

213 1303 263 1355 ὲν
303 1298 689 1372 Ἰερουσαλὴμ,
730 1297 824 1351 καὶ
879 1298 990 1358 τοῖς
1010 1293 1174 1349 δυσὶν¹
1197 1292 1367 1353 οῐκοις
1399 1285 1617 1357 Ἰσραήλ
1638 1302 1650 1314 ·
1685 1286 1801 1346 τοῖς

214 1394 262 1446 δὲ
291 1394 365 1457 τίς
388 1392 554 1445 αὐτὸν
584 1387 1010 1445 πεπιστευκόσιν
1031 1385 1277 1454 ἀγίασμα
1303 1379 1520 1434 ἔσεσθαι
1536 1376 1797 1430 διδάσκει.

216 1483 325 1547 ibi);
344 1479 436 1537 οὖν
458 1482 693 1550 ἐγένετο
717 1479 860 1543 λίθος
882 1476 1300 1550 προσκόμματος
1324 1472 1418 1524 καὶ
1441 1469 1622 1541 πέτρα
1647 1482 1804 1520 σκαν-

215 1576 358 1629 δάλου
381 1577 498 1638 τοῖς
526 1572 850 1645 εἰρημένοις
893 1567 1233 1640 Ἐμμανουήλ
1258 1581 1273 1630 ;
1302 1563 1392 1616 διὰ
1423 1561 1522 1632 τῆς
1555 1562 1620 1613 ὲκ
1655 1558 1803 1628 Παρ-

217 1666 356 1720 θένου
386 1668 670 1737 κυήσεως.
706 1663 862 1718 Ὅθεν
907 1662 1001 1714 καὶ
1029 1663 1058 1714 ό
1090 1660 1229 1722 θεῖος
1264 1653 1587 1716 Ἀπόστολος
1631 1649 1805 1704 ταῦτα

214 1758 466 1812 διδάσκων
491 1758 711 1827 ἔλεγεν,
751 1774 769 1807 ι
792 1754 1062 1817 Ἰουδαίοις
1095 1753 1189 1823 μὲν
1220 1748 1537 1809 σκάνδαλον,
1576 1744 1805 1813 Ἕλλησι

215 1848 267 1900 δὲ
291 1851 488 1920 μωρία.
523 1871 543 1900 ι
609 1849 678 1902 Οἱ
709 1845 886 1900 τοίνυν
931 1843 1283 1905 ἀπειθοῦντες
1314 1843 1380 1912 τῇ
1415 1839 1614 1909 ἰσχυρᾷ
1659 1836 1805 1905 χειρὶ

1901 624 2082 687 eliicit,
2149 621 2191 678 si
2246 630 2426 674 tamen
2470 619 2545 673 illi
2575 618 2840 674 conﬁdas.
2898 618 3025 674 Ideo
3070 618 3173 676 hoc
3223 622 3481 692 templum

1905 716 2040 771 nihil
2085 712 2500 786 pertimescens,
2541 710 2770 767 abscede
2805 713 2871 767 ab
2920 711 3011 768 illo
3048 732 3060 767 :
3107 714 3299 780 crede,
3348 723 3402 768 et
3429 715 3482 768 in

1905 808 2101 862 timore
2133 816 2224 862 tuo
2258 804 2470 860 conﬁde
2516 820 2531 857 :
2576 804 2752 874 ipsum
2797 803 2998 874 quippe
3036 803 3090 858 in
3123 803 3484 858 sanctiﬁcium

1906 898 2152 954 habebis.
2195 916 2215 951 ι
2253 896 2441 966 Neque
2467 897 2534 950 ad
2563 911 2687 950 eum
2719 895 2874 966 quasi
2907 895 2972 949 ad
3005 905 3212 964 petram
3245 895 3484 950 scandali

1905 993 2206 1058 accedetis,
2264 1007 2436 1065 neque
2460 990 2613 1062 quasi
2639 991 2706 1044 ad
2753 1001 2960 1060 petram
2989 990 3177 1044 ruina.
3217 1007 3237 1040 ι
3275 985 3483 1053 Viden‘,

1905 1089 2174 1158 quomodo
2205 1090 2378 1157 ipsum
2413 1086 2699 1142 Dominum
2738 1082 2970 1152 lapidein
3021 1083 3262 1138 scandali
3306 1093 3359 1135 et
3390 1097 3485 1150 pe-

1909 1191 2048 1235 tram
2076 1180 2320 1236 scandali
2366 1178 2680 1247 nuncupet?
2725 1176 2887 1247 Atqui
2943 1175 3098 1230 illum
3141 1175 3304 1230 talem
3343 1175 3489 1229 futu-

1910 1290 2027 1328 rum
2059 1274 2383 1343 praenuntiat
2417 1273 2502 1336 iis,
2537 1271 2628 1342 qui
2665 1271 2718 1324 in
2747 1267 3072 1337 Jerusalem,
3116 1280 3171 1325 et
3197 1271 3249 1324 in
3281 1268 3492 1324 duabus

1910 1366 2126 1422 Israelis
2163 1366 2418 1422 domibus
2474 1365 2806 1430 considunt;
2854 1373 2910 1417 at
2957 1374 3152 1419 contra
3190 1364 3242 1417 in
3288 1377 3346 1418 se
3378 1377 3495 1418 cre-

1910 1461 2164 1516 dentibus
2197 1457 2555 1514 sanctilicium
2609 1456 2722 1511 fore
2770 1456 2946 1511 docet.
2995 1454 3280 1523 Quomodo
3325 1457 3492 1524 igitur

1913 1549 2231 1606 Emmanuel
2261 1548 2350 1604 ille
2381 1547 2699 1602 memoratis
2744 1546 3063 1602 hominibus
3097 1546 3383 1602 f3ClllS£80
3419 1549 3495 1601 la-

1911 1644 1993 1714 pis
2017 1642 2260 1700 scandali
2287 1653 2342 1696 et
2367 1653 2520 1712 petra
2556 1639 2794 1694 scandali
2817 1639 2841 1693 τ
2868 1656 2964 1709 per
2995 1639 3231 1711 Virginis
3257 1652 3492 1710 partum.

1912 1737 2094 1804 Quare
2130 1734 2347 1790 divinus
2373 1732 2666 1805 Apostolus
2705 1732 2822 1787 hac
2856 1733 3063 1788 docens
3099 1733 3300 1798 aiebat,
3356 1751 3374 1784 ι
3405 1731 3500 1787 Jn-

1915 1831 2044 1885 dmis
2099 1829 2323 1901 quidem
2371 1828 2714 1893 scandalum,
2777 1828 3034 1896 gentibus
3081 1839 3264 1883 autem
3319 1829 3501 1883 stulti-

217 1915 409 2014 Κυρίου
435 1943 602 2014 ἔσχον
636 1939 804 1995 αὐτὸν
840 1938 986 1992 λίθον
1020 1936 1446 2009 προσκόμματος
1475 1932 1569 1985 καὶ
1600 1930 1808 2000 πέτραν

1925 1924 1987 1977 lia
2024 1924 2091 1976 “.
2126 1941 2145 1974 ι
2188 1921 2289 1989 Qui
2337 1936 2466 1990 ergo
2499 1920 2625 1977 forti
2677 1924 2860 1978 manui
2906 1923 3117 1977 Domini
3163 1922 3500 1991 immorigeri

218 2036 484 2101 πτώσεως,
526 2036 607 2108 μὴ
645 2036 778 2089 δντα
807 2037 873 2106 τῇ
924 2031 1084 2102 φύσει
1116 2029 1353 2083 τοιοῦτον
1376 2044 1390 2057 ο
1422 2029 1534 2089 τοῖς
1562 2023 1671 2094 γὰρ
1718 2039 1807 2074 πι-

219 2127 489 2182 στεύουσιν
521 2129 607 2191 είς
640 2126 806 2180 αὐτὸν
831 2125 1076 2194 ἀγίασμα
1107 2121 1386 2191 τυγχάνει.
1433 2118 1591 2180 Τίνες
1617 2115 1707 2182 δέ;
1745 2117 1806 2168 Oi

217 2215 365 2283 οἶκοι,
406 2215 588 2282 εἶπεν,
634 2215 854 2279 Ἰακὼϐ,
881 2214 975 2268 καὶ
1001 2213 1122 2282 οὐχὶ
1153 2213 1182 2264 ὁ
1209 2208 1375 2273 οἶκος.
1410 2207 1515 2261 Δύο
1532 2207 1640 2279 γὰρ
1670 2202 1808 2277 ἦσαν

215 2305 344 2365 οἶκοι
381 2309 632 2381 Ἰσραὴλ,
683 2303 768 2370 εἷς
798 2308 892 2378 μὲν
921 2309 949 2360 ό
986 2304 1095 2359 τῶν
1125 2306 1182 2356 ἰν
1206 2304 1390 2366 αὐτοῖς
1423 2299 1720 2373 ἀρχόντων,
1757 2297 1810 2349 ἓ-

217 2420 364 2473 τιρος
384 2404 442 2458 δὲ
489 2407 520 2458 ό
556 2402 676 2456 τῶν
712 2401 1048 2472 ἀρχομένων.
1075 2399 1296 2460 Τούτοις
1327 2396 1384 2448 δὲ
1408 2397 1522 2457 τοῖς
1556 2393 1706 2445 δυσὶν
1734 2390 1811 2444 0i-

217 2514 344 2561 κοις,
370 2495 576 2568 δηλαδὴ
604 2493 823 2566 ἀθρόως
845 2493 920 2564 τῷ
942 2493 1047 2562 ὅλῳ
1076 2491 1217 2544 ἔθνει
1243 2488 1469 2561 ἄρχουσί
1503 2503 1562 2539 τε
1597 2486 1690 2539 καὶ
1720 2485 1814 2555 ἀρ-

219 2590 481 2660 χομένοις,
531 2589 627 2642 τὸν
689 2587 891 2658 Κύριον
922 2589 1002 2650 εἰς
1048 2584 1251 2654 παγίδα
1284 2584 1381 2636 καὶ
1408 2583 1487 2645 είς
1519 2577 1812 2634 σκάνδαλον

217 2681 424 2736 ισεσθαί
453 2698 653 2753 φησιν.

287 2887 308 2921 ι
329 2869 464 2922 Τότε
491 2867 733 2939 φανεροὶ
763 2865 971 2920 ἔσονται
998 2866 1046 2918 οἱ
1078 2863 1500 2936 σφραγιζόμενοι
1536 2861 1628 2915 τὸν
1651 2862 1816 2931 νόμον

217 2959 307 3015 τοῦ
343 2962 417 3034 μή
451 2960 679 3033 μαθεῖν.
716 2979 734 3010 ι
768 2960 829 3014 Οἱ
851 2960 957 3031 γὰρ
993 2959 1054 3012 τὸ
1079 2957 1407 3026 Εὑαγγέλιον
1437 2954 1817 3026 παραδεξάμεο

219 3067 314 3113 νοι,
338 3052 431 3104 καὶ
463 3051 570 3122 ζῇν
599 3049 978 3119 δεδιδαγμένοι
1002 3049 1140 3102 κατὰ
1171 3049 1269 3119 τήν
1295 3048 1487 3118 καινὴν
1520 3046 1815 3119 Διαθήκην,

220 3142 402 3215 ὥσπερ
433 3142 723 3215 σφραγῖδα
747 3141 1022 3206 ἐπιθέντες
1041 3141 1119 3213 τῷ
1148 3142 1317 3213 νόμῳ,
1345 3140 1692 3195 ἀποτίθενται
1721 3141 1819 3194 αὐ-

221 3233 326 3299 τὸν,
353 3235 451 3288 ατε
475 3235 672 3288 οὐκέτι
703 3233 832 3286 δντα
857 3235 1120 3304 χρήσιμον
1149 3233 1238 3292 ⁴διιὶι
1262 3233 1358 3304 τὴν
1387 3233 1480 3286 τοῦ
1511 3233 1817 3303 κρείττονος

221 3327 520 3398 παράθεσιν
541 3343 556 3358 ο
591 3329 642 3380 0i
676 3325 852 3388 αὐτοὶ,
881 3324 1119 3396 δηλονότι
1141 3327 1187 3379 οἱ
1213 3325 1274 3378 τὸ
1304 3325 1631 3395 Εὐαγγέλιον
1649 3342 1824 3396 παρα-

221 3417 522 3490 δεξάμενοι,
554 3419 660 3490 τὴν
706 3415 798 3470 διὰ
843 3417 1076 3489 Χριστοῦ
1126 3419 1511 3489 περιμένοντες
1561 3419 1740 3490 χάριν,
1773 3422 1824 3471 ὲ-

223 3525 392 3581 potast-

293 3620 312 3653 ι
336 3601 506 3656 Μενῶ
532 3601 752 3675 Κύριον
771 3601 860 3655 τὸν
886 3602 1303 3675 ἀποστρέψαντα
1329 3603 1391 3656 τὸ
1412 3603 1705 3675 πρόσωπον
1737 3604 1826 3657 αύ-

219 3693 309 3746 τοῦ
354 3697 469 3750 ἀπὸ
512 3695 616 3749 τοῦ
646 3693 806 3748 οῐκου
845 3694 1061 3762 Ἰακὼϐ,
1091 3697 1182 3749 καὶ
1215 3694 1489 3759 πεποιθὼς
1517 3696 1710 3766 ἔσομαι
1739 3697 1825 3748 ἐπ’

220 3784 387 3856 αὐτῷ.
418 3805 438 3838 ι

291 3896 311 3929 ι
335 3877 472 3931 Ἰδοὺ
510 3876 628 3946 ἐγὼ
657 3877 757 3930 καὶ
799 3877 864 3931 τά
895 3878 1103 3940 παιδία,
1135 3880 1170 3933 ἆ
1203 3897 1291 3951 μοι
1319 3879 1518 3933 ἔδωκεν
1558 3881 1588 3932 ό
1625 3882 1776 3946 Θεὸς.
1805 3901 1823 3932 ι

219 3967 298 4023 Τά
323 3969 424 4041 μὲν
454 3965 557 4024 οὖν
599 3967 873 4022 Ἰουδαῖκά
904 3969 1090 4023 παιδία
1125 3969 1412 4040 σωματικά
1434 3969 1492 4034 ἐξ
1518 3969 1711 4039 ἀνδρὸς
1735 3972 1831 4025 καὶ

221 4061 485 4129 γυναικός
503 4078 519 4091 °
546 4059 621 4114 τὰ
650 4058 711 4111 δὲ
734 4058 872 4112 αὐτὰ
916 4059 1009 4112 τοῦ
1041 4059 1209 4113 ταῦτα
1252 4059 1683 4130 χρηματίζοντος
1720 4062 1831 4114 Κυ-

222 4152 335 4220 ρίου
370 4172 390 4204 ι
415 4153 528 4206 οὐκ
550 4150 615 4218 ἐξ
645 4151 881 4220 αἵματος
898 4151 1019 4205 οὐδὲ
1048 4155 1111 4205 ὲκ
1133 4151 1434 4222 θελήματος
1461 4153 1680 4224 σαρκὸς,
1717 4154 1830 4206 ἀλλ’

219 4243 284 4295 ἑκ
306 4243 448 4296 Θεοῦ
483 4242 888 4314 ἐγεννήθησαν,
915 4262 932 4294 ι
963 4243 1058 4296 τοῦ
1085 4245 1297 4318 Πατρδς
1329 4245 1555 4299 τοιαῦτα
1581 4246 1725 4316 αύτῷ
1748 4247 1832 4300 δει

216 4332 360 4406 δωρη
369 4335 547 4406 μένου
576 4335 750 4388 τέκνα
769 4351 783 4363 ·
819 4335 1015 4405 μηκέτι
1033 4335 1110 4406 τῷ
1130 4336 1216 4390 διὰ
1245 4338 1523 4401 Μωῦσέως
1544 4339 1835 4410 προσέχον-

218 4441 284 4479 τα
308 4426 491 4498 νόμῳ,
547 4425 668 4480 ἀλλ’
698 4423 874 4479 εἰδότα
905 4428 1218 4499 περιμένειν
1251 4429 1342 4483 τὸν
1374 4429 1578 4500 Κύριον
1608 4431 1700 4484 καὶ
1757 4434 1836 4496 εἱς

218 4520 382 4573 αὐτὸν
416 4518 779 4572 πεποιθέναι.
817 4538 834 4570 ι
855 4519 965 4573 Καὶ
993 4520 1140 4574 ἔσται
1169 4523 1247 4586 είς
1279 4527 1477 4593 σημεῖα
1510 4525 1604 4578 καὶ
1634 4526 1835 4598 τέρατα

1918 2014 2156 2081 fuerunt,
2194 2015 2345 2068 illum
2380 2015 2431 2068 in
2461 2013 2689 2084 lapidem
2721 2016 2966 2072 scandali
2995 2025 3050 2070 et
3083 2025 3293 2084 petram
3330 2015 3502 2070 ruina

1916 2108 2245 2170 habuerunt,
2299 2123 2424 2162 cum
2477 2117 2672 2167 natura
2718 2109 2844 2163 talis
2898 2109 3125 2163 minime
3154 2118 3339 2163 esset:
3375 2123 3500 2161 nam

1916 2198 1970 2252 in
2019 2212 2082 2254 se
2127 2199 2481 2255 credentibus
2525 2199 2894 2254 sanctiﬁcinm
2931 2209 3033 2254 est.
3078 2201 3311 2265 Quinam
3371 2213 3504 2253 vero

1919 2289 2284 2353 illi3Domus,
2334 2291 2534 2362 inquit,
2585 2291 2688 2347 illa:
2717 2289 2918 2356 Iacob,
2973 2306 3082 2346 non
3134 2289 3331 2345 domus
3389 2288 3500 2344 illa.

1921 2385 2048 2436 Duae
2079 2382 2282 2452 quippe
2313 2385 2507 2438 domus
2537 2382 2757 2438 lsraelis
2803 2391 2996 2449 erant;
3034 2383 3138 2438 alia
3173 2382 3504 2454 principum.

1919 2473 2260 2529 subditorum
2290 2474 2420 2529 alia.
2472 2474 2690 2530 Duabus
2733 2490 2898 2546 porro
2936 2476 3087 2532 hisco
3131 2475 3407 2541 domibus,
3452 2475 3506 2529 id

1919 2577 2026 2631 est,
2056 2567 2327 2621 universae
2363 2569 2526 2623 simul
2553 2569 2722 2639 genti,
2763 2578 2869 2622 tam
2912 2567 3287 2637 principibus,
3339 2581 3505 2636 quain

1920 2657 2176 2724 subditis,
2207 2658 2495 2716 Dominum
2522 2661 2574 2716 in
2601 2661 2853 2730 laqueum
2885 2669 2938 2715 et
2963 2661 3015 2715 in
3045 2659 3366 2719 scandalum
3391 2658 3508 2714 lore

1923 2751 2215 2821 signiﬁcat.

1996 2863 2160 2922 Vens.
2201 2865 2289 2921 16.
2338 2865 2532 2924 «Tunc
2572 2867 2843 2922 manifesti
2880 2875 3043 2920 erunt
3093 2866 3185 2935 qui
3219 2865 3514 2935 obsignant

1925 2954 2124 3024 legem,
2153 2971 2221 3010 ne
2260 2957 2492 3012 discant.
2518 2975 2538 3009 ι
2596 2956 2731 3011 Nam
2774 2957 2864 3025 qui
2913 2953 3274 3022 Evangelium
3324 2969 3515 3008 susce-

1925 3055 2143 3116 perunt,
2175 3055 2228 3102 et
2253 3047 2344 3117 qui
2392 3048 2691 3102 secundum
2731 3045 2940 3100 Novum
2977 3044 3391 3100 Testamentum
3430 3042 3514 3096 vi.

1927 3153 2055 3194 vere
2089 3137 2435 3203 didicerunt,
2481 3139 2636 3210 quasi
2694 3138 2932 3210 sigillum
2984 3137 3330 3207 imponentes
3384 3135 3514 3203 legi,

1931 3231 2104 3299 ipsam
2148 3232 2448 3301 deponunt,
2474 3234 2599 3301 quia
2641 3232 2712 3287 ob
2745 3231 3028 3287 meliorem
3065 3232 3360 3294 invectam,
3405 3244 3516 3284 non

1928 3322 2162 3392 amplius
2218 3323 2368 3378 utilis
2407 3334 2491 3378 est
2545 3324 2760 3378 :iidem
2813 3324 2937 3393 ipsi,
2990 3324 3245 3378 videlicet
3305 3323 3368 3386 ii,
3422 3323 3518 3392 qui

1931 3413 2284 3482 Evangelium
2341 3423 2740 3484 susceperunt,
2792 3416 3024 3484 gratiam
3075 3429 3174 3484 per
3232 3413 3516 3470 Christum

1929 3505 2208 3561 ferendam
2239 3515 2620 3575 exspectantes
2649 3507 2864 3562 dicent:

2002 3597 2170 3654 Vilis.
2213 3599 2304 3653 17.
2370 3619 2386 3652 ι
2417 3597 2762 3668 Exspectabo
2791 3599 3122 3665 Dominum,
3168 3601 3262 3670 qui
3319 3602 3521 3656 avertit

1931 3689 2129 3745 faciem
2160 3705 2317 3746 suam
2355 3708 2383 3746 a
2411 3693 2572 3747 domo
2597 3692 2788 3760 Iacob,
2823 3704 2882 3749 et
2909 3694 3178 3749 conﬁdam
3205 3695 3257 3748 in
3286 3707 3373 3749 eo.
3402 3714 3422 3747 ι

2004 3875 2167 3932 Vens.
2213 3876 2302 3932 18.
2351 3896 2369 3928 ι
2400 3875 2541 3932 Ecce
2593 3893 2694 3946 ego
2719 3889 2773 3934 et
2817 3877 2970 3948 pueri
3018 3878 3148 3946 mei,
3187 3893 3332 3948 quos
3373 3877 3523 3934 dedit

1934 3972 2062 4025 mihi
2115 3970 2282 4026 Deus.
2312 3987 2331 4023 ι
2386 3969 2594 4026 ludaici
2631 3971 2851 4040 quidem
2889 3969 3045 4040 pueri
3079 3970 3330 4039 corporei
3367 3980 3518 4035 sunt,

1933 4077 2001 4116 ex
2031 4064 2148 4116 viro
2171 4074 2226 4117 et
2251 4062 2521 4127 muliere;
2547 4064 2699 4131 pueri
2737 4077 2869 4117 vero
2897 4061 3110 4115 Domini
3133 4062 3225 4131 qui
3253 4064 3370 4116 haec
3395 4077 3523 4116 ora-

1935 4157 2054 4210 cula
2083 4156 2282 4220 fundit,
2313 4175 2333 4207 ι
2359 4171 2466 4210 non
2509 4171 2576 4211 ex
2613 4157 2994 4225 sanguinibus,
3031 4169 3208 4224 neque
3238 4171 3304 4209 ex
3331 4154 3524 4209 volun-

1938 4258 2046 4302 tate
2077 4249 2282 4314 carnis,
2325 4249 2419 4304 sed
2467 4263 2533 4303 ex
2581 4248 2690 4302 Deo
2742 4248 2851 4302 nati
2895 4256 3022 4302 sunt
3055 4247 3102 4278 "
3131 4263 3145 4299 :
3177 4266 3194 4299 ι
3231 4245 3393 4301 Patre
3422 4247 3523 4316 ipsi

1937 4342 2074 4396 tales
2108 4345 2273 4397 dante
2298 4341 2459 4407 ﬁlios,
2488 4342 2580 4411 qui
2608 4357 2714 4396 non
2745 4342 2890 4395 ultra
2932 4340 3131 4412 Moysis
3181 4341 3288 4411 legi
3342 4349 3525 4395 atten-

1939 4435 2093 4499 dant,
2145 4434 2243 4489 sed
2293 4433 2474 4489 sciant
2517 4442 2843 4503 exspectare
2888 4431 3178 4488 Dominum
3220 4442 3276 4487 et
3308 4433 3360 4486 in
3407 4434 3528 4501 ipso

1939 4527 2242 4582 conlidere.
2309 4526 2422 4580 «Et
2458 4534 2620 4580 erunt
2667 4525 2718 4578 in
2755 4525 2908 4596 signa
2960 4534 3016 4580 et
3063 4525 3306 4595 prodigia
3358 4524 3527 4578 multa

218 4609 389 4665 πολλὰ
424 4615 489 4666 ιν
516 4609 602 4679 τῷ
626 4609 768 4680 οῐκῳ
807 4611 1021 4682 Ἰσραήλ
1053 4613 1204 4684 παρά
1247 4614 1454 4686 Κυρίου
1483 4615 1730 4680 Σαϐαὼθ,
1777 4617 1819 4679 ὃς

1945 4621 1998 4674 in
2029 4621 2195 4674 domo
2222 4616 2391 4673 Israel
2440 4633 2470 4671 a
2519 4617 2749 4672 Domino
2792 4617 3054 4682 Sabaoth,
3101 4619 3192 4686 qui
3223 4616 3431 4670 habitat
3473 4618 3528 4670 in

219 4706 477 4757 κατοικεί
509 4705 576 4756 ὲν
605 4702 688 4773 τῷ
713 4702 830 4773 ὄρει
859 4701 1017 4756 Σιών.
1045 4723 1062 4755 ι
1101 4707 1171 4758 Ἣ
1204 4707 1299 4760 καὶ
1336 4707 1529 4770 ἄλλως,
1569 4709 1642 4761 Ού
1677 4710 1835 4779 μόνον

215 4795 286 4848 τὰ
313 4795 518 4849 παιδία
551 4793 754 4858 ταῦτα,
782 4795 933 4865 φησι,
965 4797 1028 4849 ὲκ
1052 4795 1185 4849 Θεοῦ
1215 4816 1306 4869 μοι
1339 4799 1656 4871 παραδόξως
1695 4801 1836 4857 δέδο-

216 4904 330 4953 ται,
363 4888 515 4942 ἀλλά
545 4887 645 4940 καὶ
674 4886 813 4942 ἄλλα
843 4887 1066 4942 πλεῖστα
1095 4893 1297 4960 σημεῖα
1335 4891 1428 4944 καὶ
1456 4891 1656 4962 τέρατα
1677 4896 1835 4965 γενή-

219 4995 374 5034 σεται
425 4983 489 5034 ὲν
542 4977 627 5048 τῷ
655 4978 797 5048 οἴκῳ
845 4979 1060 5051 Ἰσραὴλ
1103 4981 1243 5035 κατά
1271 4984 1396 5046 τοὺς
1425 4987 1834 5058 προφητευσμέ-

218 5088 344 5136 ναυς
368 5073 640 5144 χρόνους.

293 5180 316 5214 ι
343 5162 466 5215 Καὶ
505 5158 614 5213 ἐὰν
644 5159 845 5212 simum
873 5161 1008 5233 πρὸς
1038 5162 1201 5232 ὑμᾶς,
1234 5165 1516 5234 Φωνήσατε
1572 5165 1698 5229 τοὺς
1730 5167 1838 5220 ἀπὸ

219 5251 322 5324 τῆς
345 5254 461 5325 γῆς
493 5250 848 5331 φωνοῦντας,
895 5254 987 5305 καὶ
1013 5255 1138 5318 τοὺς
1179 5257 1648 5326 ἐγγαστριμύθους
1694 5261 1743 5313 οῖ
1775 5262 1840 5312 ὲκ

219 5345 318 5416 τῆς
351 5345 586 5407 κοιλίας
616 5341 882 5413 φωνοῦσι,
923 5344 1023 5396 οὐκ
1049 5344 1195 5410 ἔθνος
1224 5345 1358 5418 πρὸς
1391 5346 1520 5402 Θεὸν
1548 5349 1724 5404 αὐτοῦ
1747 5353 1841 5404 ὲκ-

222 5434 541 5510 ζητήσουσι
573 5435 711 5507 περὶ
740 5431 848 5486 τῶν
879 5433 1090 5499 ζώντων
1118 5437 1241 5500 τοὺς
1260 5438 1478 5508 νεκρούς
1497 5457 1510 5470 -
1542 5439 1715 5510 νόμον
1734 5443 1843 5513 γὰρ

224 5529 304 5592 εις
325 5527 600 5600 βοήθειαν
636 5523 866 5588 ἔδωκεν,
891 5525 976 5578 ἵνα
1017 5526 1256 5592 εἴπωσιν,
1285 5529 1393 5599 Οὐχ
1423 5530 1497 5594 ὡς
1521 5531 1686 5603 ῥῆμα,
1716 5533 1844 5588 τοῦ-

225 5633 304 5680 το.
339 5621 480 5692 περὶ
514 5611 582 5672 οὗ
612 5618 722 5670 οὒκ
753 5615 867 5669 ἐστι
891 5617 1036 5688 δῶρα
1057 5617 1231 5672 δοῦναι
1267 5623 1390 5692 περὶ
1418 5624 1613 5681 αὐτοῦ.
1645 5644 1663 5675 ι
1700 5628 1844 5699 Προ-

227 5710 401 5766 ειπὼν
419 5706 525 5766 οὖν
555 5712 588 5764 ὁ
619 5708 790 5776 λόγος
821 5707 885 5762 τὰ
909 5710 1034 5780 περὶ
1073 5709 1178 5764 τῶν
1204 5714 1424 5771 παιδίων
1453 5719 1546 5772 τοῦ
1577 5717 1843 5790 Χριστοῦ,

233 5889 277 5922 ιι
317 5891 336 5944 ι
369 5893 508 5946 (ζων,
539 5908 575 5952 ι,
601 5888 682 5941 95
785 5887 833 5924 "
867 5885 1015 5942 Joan.
1056 5905 1090 5953 Ι,
1123 5891 1205 5949 l3.

1943 4719 2132 4767 monte
2162 4707 2314 4764 Sion.
2347 4729 2361 4758 ι
2410 4708 2540 4762 Sive
2568 4707 2674 4764 alio
2701 4709 2882 4772 modo,
2911 4724 3015 4763 non
3049 4709 3100 4762 bi
3133 4716 3340 4762 tantum
3374 4708 3528 4778 pueri

1943 4820 1970 4857 a
2005 4807 2118 4858 Deo
2154 4802 2286 4857 mihi
2329 4802 2659 4856 mirabiliter
2701 4801 2810 4856 dati
2854 4811 3012 4867 sunt;
3066 4802 3160 4855 sed
3209 4801 3374 4854 etiam
3420 4799 3530 4854 alia

1943 4901 2179 4967 plurima
2204 4899 2357 4970 signa
2391 4907 2445 4951 et
2479 4899 2729 4969 prodigia
2772 4899 2902 4954 lieni
2940 4900 2992 4952 in
3032 4901 3192 4953 domo
3216 4895 3381 4952 Israel
3421 4911 3532 4967 quo

1949 5004 2199 5063 tempore
2229 4993 2280 5046 in
2313 4992 2599 5062 prophetia
2635 4991 2953 5046 enuntiatur

2017 5174 2188 5231 Vens.
2223 5176 2313 5242 19,
2354 5175 2446 5230 20.
2497 5195 2514 5227 ι
2547 5175 2610 5229 Ει
2642 5191 2763 5229 cum
2795 5176 3034 5230 dixerint
3068 5176 3133 5230 ad
3160 5191 3258 5230 vos
3289 5195 3302 5229 :
3334 5174 3535 5230 Vecate

1949 5283 2064 5335 eos,
2093 5271 2186 5340 qui
2219 5283 2285 5323 ex
2332 5280 2477 5323 terra
2521 5270 2920 5335 vociferantur,
2975 5280 3029 5325 et
3070 5271 3537 5340 engastrimytlios

1951 5361 2042 5428 qni
2090 5375 2157 5414 ex
2200 5368 2390 5414 ventre
2432 5358 2729 5428 loquuntur
2763 5378 2778 5415 :
2807 5375 2913 5415 non
2966 5359 3200 5431 populus
3241 5363 3309 5416 ad
3361 5360 3534 5415 Deum

1952 5467 2108 5506 suum
2145 5452 2438 5520 exquirent
2473 5453 2542 5505 de
2574 5452 2713 5506 vivis
2754 5468 2782 5503 a
2831 5453 3061 5506 mortuis
3091 5472 3104 5506 :
3131 5452 3303 5521 legem
3336 5454 3537 5521 quippe

1956 5540 2009 5594 in
2065 5539 2325 5595 auxilium
2368 5540 2536 5604 dedit,
2577 5550 2634 5593 ut
2677 5541 2896 5604 dicant,
2935 5540 3050 5595 Non
3095 5541 3239 5594 sicut
3281 5542 3382 5596 hoc
3415 5556 3540 5595 ver-

1955 5633 2112 5696 bum,
2174 5632 2241 5687 de
2298 5646 2405 5700 quo
2470 5646 2577 5684 non
2630 5631 2758 5686 licet
2803 5633 2944 5687 dona
2985 5635 3183 5688 dare.»
3239 5630 3534 5701 Postquam

1955 5724 2121 5793 igitur
2161 5724 2226 5780 de
2275 5721 2455 5794 pueris
2488 5721 2692 5781 Christi
2729 5723 2940 5780 locutus
2986 5724 3198 5792 fuerat,
3243 5738 3438 5793 nempe
3471 5723 3536 5779 d2
