4090 6422
628 366 726 420 1⁸47

1286 356 1553 414 EUSEBII
1590 356 2061 414 CASSARIENSIS
2096 356 2247 413 OPP.
2286 356 2465 412 PARS
2504 354 2591 410 lll.
2632 383 2701 392 —
2738 351 3150 408 EXECETICA.

3760 352 3863 407 N8

628 481 881 555 apostolis
923 488 977 534 et
1016 476 1293 547 discipulis
1348 477 1484 547 ejus,
1541 490 1750 531 necnon
1806 482 1872 531 de
1916 477 2082 545 signis
2121 487 2175 530 et

2292 475 2421 543 term
2439 474 2502 543 δὴ
2533 472 2641 525 τῶν
2671 470 2984 525 ἀποστόλων
3013 470 3119 547 καὶ,
3139 470 3394 540 μαθητῶν
3428 470 3611 533 αὐτοῦ,
3648 470 3775 541 περί
3802 489 3860 524 τε

630 573 906 645 prodigiis,
941 584 1059 635 qua:
1099 582 1193 637 per
1219 579 1313 620 eos
1342 566 1490 621 edita'
1534 577 1681 629 sunt,
1730 567 1885 637 queis
1937 568 2177 636 gentium

627 666 838 719 vocatio
859 662 1001 716 facta
1034 670 1147 723 est;
1183 661 1295 714 haec
1330 667 1726 727 consequenter
1748 661 1904 714 docet
1929 658 2177 727 populum

627 771 823 809 novum
845 765 899 807 et
930 762 1195 807 recentem
1231 767 1295 806 ex
1326 751 1578 821 gentibus
1606 767 1633 806 a
1672 750 1885 807 Christo
1916 751 2178 806 constitu-

625 856 940 915 tum,que.m
961 845 1029 898 ita
1058 842 1172 897 fere
1194 842 1517 911 alloquitur:
1551 842 1673 897 Haec
1698 841 1905 905 audite,
1938 841 2178 911 discipuli

628 939 773 1001 mei,
832 938 922 1007 qui
992 949 1023 989 a
1078 933 1357 1004 gentilium
1439 933 1720 1002 multiplici
1802 932 2181 1002 superstitione

632 1029 876 1084 translati
916 1028 1069 1083 estis.
1126 1025 1181 1080 Si
1225 1026 1315 1094 qui
1348 1040 1413 1079 ex
1443 1025 1507 1079 iis
1539 1024 1628 1094 qui
1661 1024 1812 1079 vobis
1836 1022 1961 1077 olim
1991 1022 2102 1078 noti
2128 1034 2183 1077 et

627 1120 924 1175 familiares
953 1126 1109 1173 erant
1134 1157 1148 1182 ,
1184 1117 1304 1171 sive
1328 1126 1529 1184 patres,
1559 1115 1674 1169 sive
1699 1114 1913 1189 cognati
1938 1154 1953 1178 ,
1992 1129 2087 1169 vos
2114 1116 2181 1167 ad

626 1212 911 1281 pristinum
936 1210 1288 1276 repetendum
1315 1220 1554 1261 errorem
1591 1205 1836 1269 invitent,
1886 1216 1945 1261 ut
1977 1205 2045 1259 ab
2079 1205 2184 1260 illis

627 1302 895 1357 adbibitas
932 1299 1313 1363 divinationes,
1360 1297 1574 1354 oracula
1609 1312 1671 1351 ac
1701 1297 1897 1353 similia
1927 1298 1979 1351 in
2013 1298 2184 1353 admi-

628 1393 840 1448 ratione
863 1391 1108 1446 habeatis
1130 1429 1146 1455 ,
1186 1404 1254 1445 ne
1290 1404 1473 1444 eorum
1503 1388 1727 1444 consilio
1754 1388 2136 1459 obtemperetis
2168 1411 2180 1445 :

628 1500 697 1539 ne
724 1484 994 1539 miremini
1026 1483 1297 1537 daemonas
1328 1496 1396 1536 ex
1425 1491 1618 1537 ventre
1652 1480 1925 1535 hominum
1945 1479 2182 1559 loquen-

632 1588 731 1639 tes,
761 1590 899 1646 quos
930 1582 1125 1629 vocant
1153 1572 1448 1645 Pythonas,
1474 1588 1649 1643 neque
1671 1587 1764 1628 eos
1779 1572 1954 1643 quiex
1981 1572 2186 1641 praesti-

2282 565 2391 618 τῶν
2417 563 2655 635 σημείων
2683 564 2777 616 καὶ
2797 562 2906 615 τῶν
2934 563 3174 633 τεράτων
3192 563 3299 614 τῶν
3322 562 3769 616 ἐπιτελεσθέντων
3794 565 3863 618 δι’

2284 656 2488 709 αὐτῶν·
2513 656 2580 708 δι’
2604 648 2679 707 ὧν
2702 656 2795 708 καὶ
2837 657 2869 724 ή
2906 655 3096 725 κλῆσις
3123 656 3413 724 γεγένηται
3448 656 3552 707 τῶν
3578 654 3767 718 ἐθνῶν,
3800 655 3860 707 ἀο

2287 748 2554 810 κολούθως
2582 746 2674 800 τὸν
2702 747 2819 800 νέον
2852 746 2946 800 καὶ
2974 746 3157 799 καινὸν
3188 746 3333 807 λαὸν,
3361 748 3450 801 τὸν
3485 749 3543 814 ἐξ
3581 748 3747 814 ἐθνῶν
3774 749 3866 802 διά

2285 838 2520 912 Χριστοῦ
2552 838 2820 893 συστάντα
2856 838 3096 892 διδάσκει
3124 838 3191 891 τὰ
3232 840 3583 910 προκείμενα,
3620 841 3694 904 ὼς
3725 840 3867 911 πρὸς

2286 933 2483 995 αὐτοὺς
2511 931 2713 999 λέγων’
2754 930 3043 984 Ἀκούσατε
3076 930 3268 993 ταῦτα,
3300 933 3347 983 οἰ
3378 931 3500 1001 ἐμοὶ
3529 932 3784 994 διδακτοὶ,
3811 933 3863 983 οἱ

2286 1026 2383 1095 τῆς
2410 1024 2518 1076 τῶν
2556 1022 2723 1077 ἐθνῶν
2757 1022 3016 1076 πολυθέου
3050 1022 3258 1092 πλάνης
3292 1022 3644 1093 μεταθέμενοι
3666 1040 3680 1053 ⁸
3708 1022 3762 1075 εί
3778 1040 3863 1075 τι-

2286 1133 2374 1179 νες
2406 1114 2513 1169 τῶν
2544 1114 2711 1168 πάλαι
2742 1113 3033 1184 γνωρίμων
3069 1114 3194 1183 ὑμῖν
3221 1114 3312 1165 καὶ
3344 1114 3604 1184 συνήθων,
3637 1114 3669 1183 ἢ
3694 1113 3863 1167 πατέ-

2289 1225 2401 1279 ρες,
2436 1206 2470 1276 ἢ
2514 1208 2815 1274 συγγενετς,
2864 1203 3229 1276 παρακαλοῖεν
3258 1206 3399 1275 ὑμᾶς
3452 1206 3724 1260 ἐπανιέναι
3770 1208 3866 1259 ἐπὶ

2286 1301 2386 1372 τήν
2419 1300 2689 1372 προτέραν
2732 1298 2960 1370 πλάνην,
3004 1297 3302 1369 θαυμάζειν
3329 1315 3386 1350 τε
3414 1298 3513 1361 τὰς
3537 1299 3642 1352 ἀπὸ
3676 1298 3869 1369 δαιμό-

2288 1412 2393 1447 νων
2427 1393 2556 1465 παρ’
2598 1393 2781 1455 αὐτοῖς
2813 1390 3237 1461 ἐπιτελουμένας
3289 1391 3546 1461 μαντείας
3591 1392 3685 1445 καὶ
3728 1408 3867 1461 χρη-

2291 1484 2479 1553 σμοὺς,
2507 1484 2602 1538 καὶ
2631 1483 2701 1537 τά
2731 1482 2983 1537 τοιαῦτα·
3018 1481 3094 1553 μὴ
3128 1482 3377 1536 πείθεσθε
3404 1487 3469 1555 τῇ
3504 1484 3705 1538 τούτων
3728 1502 3870 1553 συμ-

2290 1574 2453 1646 ϐουλῇ
2477 1592 2490 1605 ο
2526 1574 2601 1645 μὴ
2633 1573 2943 1644 θαυμάζετε
2984 1573 3243 1643 δαίμονας
3283 1574 3390 1627 ἀπὸ
3430 1575 3632 1637 κοιλίας
3660 1575 3872 1645 ἀνθρὼ-

630 1670 731 1737 giis
783 1666 1096 1737 quibusdam
1141 1666 1206 1720 de
1250 1675 1393 1721 terra
1435 1666 1731 1722 ascendere
1778 1675 2061 1736 putantur;
2092 1666 2184 1719 sed

2293 1685 2407 1720 πων
2436 1667 2768 1735 φωνοῦντας,
2797 1665 2924 1728 τοὺς
2959 1664 3386 1735 ὀνομαζομένους
3414 1665 3690 1729 Πύθωνας,
3734 1665 3872 1736 μηδὲ

631 1764 800 1817 solum
837 1761 1116 1815 Dominum
1144 1767 1380 1813 vestrum
1404 1757 1587 1813 colite.
1616 1756 1748 1812 Nam
1775 1758 1819 1811 si
1857 1766 2046 1825 gentes
2076 1757 2187 1810 sin—

2292 1759 2415 1823 τοὺς
2434 1759 2542 1813 ἀπὸ
2565 1758 2669 1829 γῆς
2691 1757 2835 1811 κατά
2857 1774 3007 1821 τινας
3032 1757 3294 1827 γοητικάς
3324 1758 3515 1827 τέχνας
3542 1758 3748 1811 ἀνιέναι
3782 1775 3873 1811 νο-

630 1850 787 1921 gulae,
835 1850 935 1903 etsi
969 1862 1156 1903 errore
1180 1848 1374 1912 ductae,
1403 1861 1499 1903 suo
1528 1857 1710 1901 tamen
1740 1848 1847 1901 Deo
1873 1845 2182 1909 adhaerent,

2292 1852 2613 1925 μιζομένους
2636 1870 2650 1882 ’
2683 1852 2773 1905 τὸν
2802 1851 2860 1904 δὲ
2902 1849 3083 1905 αὐτῶν
3115 1849 3319 1921 Κύριον
3355 1852 3512 1920 μόνον
3555 1850 3869 1920 περιέπετε.

631 1945 757 2015 quid
796 1943 939 2000 aliud
969 1944 1035 1999 iis
1059 1944 1340 2013 agendum.
1390 1943 1480 2011 qui
1522 1956 1701 1996 veram
1730 1941 1979 1996 notitiam
2011 1954 2174 1995 acce-

2292 1947 2348 2000 Εἰ
2371 1945 2480 2016 γὰρ
2504 1944 2732 1999 ἕκαστον
2758 1944 2928 2009 ἔθνος,
2956 1942 3133 1996 καίτοι
3169 1942 3619 2013 πεπλανημένως,
3643 1944 3791 2011 ὅμως
3816 1942 3866 1995 δ’

630 2041 846 2103 perunt,
896 2047 1057 2103 quam
1110 2042 1169 2087 ut
1209 2032 1375 2088 Deum
1407 2048 1560 2086 suum
1611 2040 1881 2100 quaerant,
1933 2046 2108 2100 neque
2157 2045 2185 2082 a

2292 2032 2378 2090 οὖν
2405 2034 2499 2088 τοῦ
2525 2034 2657 2088 ἰδίου
2686 2032 2820 2087 Θεοῦ
2844 2033 3158 2104 περιέχεται
3176 2048 3191 2065 ο
3223 2032 3348 2096 τοὺς
3371 2033 3466 2100 τὴν
3495 2032 3707 2103 ἀπλανῆ
3736 2031 3872 2101 γνῶ-

632 2127 884 2191 mortuis,
918 2126 1026 2180 vita
1056 2126 1269 2196 penitus
1297 2125 1464 2189 orbis,
1495 2125 1761 2181 curiosius
1793 2125 2093 2194 inquirant,
2136 2138 2187 2180 et

2292 2152 2372 2187 σιν
2404 2132 2708 2204 εἰληφότας,
2743 2130 2796 2183 τί
2828 2130 2933 2203 χρὴ
2965 2130 3243 2201 πράττειν,
3276 2129 3309 2199 ἢ
3366 2128 3456 2182 τὸν
3501 2129 3707 2181 ἑαυτῶν
3735 2127 3875 2182 Θεὸν

632 2219 975 2273 sciscitentur
1017 2219 1085 2274 de
1127 2218 1293 2273 rebus
1337 2218 1402 2273 ad
1445 2218 1598 2271 vivos
1640 2215 2045 2285 spectantibus?
2094 2217 2187 2272 Dei

2292 2223 2585 2297 ἐπιζητεῖν,
2621 2223 2713 2277 καὶ
2750 2222 2824 2293 μὴ
2854 2222 2982 2285 τοὺς
3010 2221 3237 2293 νεκροὺς
3257 2220 3744 2291 πολυπραγμονεῖν,
3773 2232 3874 2290 μη·

638 2312 821 2379 itaque
863 2312 1087 2365 verbum
1117 2319 1173 2365 et
1208 2310 1377 2381 legem
1408 2310 1773 2379 evangelicam
1822 2310 1998 2362 datam
2039 2312 2191 2363 vobis

633 2402 686 2455 in
717 2400 975 2456 auxilium
1005 2403 1172 2465 nacti,
1206 2417 1272 2457 ex
1319 2402 1431 2471 ipsa
1474 2402 1669 2456 discite
1713 2415 2045 2471 qumcunque
2074 2402 2191 2454 vul-

635 2494 725 2559 tis,
764 2501 821 2548 et
866 2493 1007 2549 hanc
1052 2494 1334 2549 sectamini
1367 2511 1382 2547 :
1413 2493 1536 2563 quia
1577 2494 1693 2548 ﬁeri
1742 2494 1949 2564 nequit,
1991 2505 2048 2549 ut
2102 2494 2190 2549 ille

634 2585 790 2639 donis
810 2599 840 2639 a
866 2599 995 2641 vero
1028 2586 1385 2641 dimoveatur.

2292 2317 2349 2371 δέ
2401 2316 2611 2387 ἐρωτᾷν
2664 2313 2791 2384 περὶ
2846 2313 3186 2384 πραγμάτων
3238 2311 3472 2376 ζώντων,
3517 2312 3643 2375 τοὺς
3687 2310 3871 2382 πάσης

2293 2408 2441 2477 ζωῆς
2467 2404 2894 2477 ἐστερημένους;
2931 2405 3184 2474 Ἔχοντες
3208 2401 3299 2458 οὖν
3322 2405 3413 2457 τὸν
3438 2404 3532 2458 τοῦ
3559 2404 3690 2458 Θεοῦ
3712 2404 3875 2473 λόγον

2293 2502 2387 2555 καὶ
2418 2502 2579 2572 νόμον
2598 2500 2688 2553 τὸν
2713 2499 3084 2567 εὐαγγελικὺν,
3115 2500 3195 2563 εἰς
3223 2497 3466 2569 βοήθειαν
3500 2499 3625 2569 ὑμῖν
3656 2498 3875 2569 δεδομέ-

2293 2605 2401 2653 νον,
2437 2588 2497 2653 ἐξ
2514 2589 2675 2643 αὐτοῦ
2703 2589 2997 2660 μανθάνετε
3020 2590 3147 2659 περὶ
3172 2582 3331 2650 ὧνᾶν
3352 2587 3604 2653 ἐθέλοιτε,
3628 2589 3721 2642 καὶ
3748 2588 3874 2641 τού-

630 2693 709 2748 τῳ
739 2682 1019 2752 στοιχεϊτε,
1048 2680 1166 2734 ἐπεὶ
1192 2678 1267 2752 μὴ
1306 2674 1415 2734 οἷόν
1438 2681 1495 2734 τὲ
1520 2682 1665 2736 ἐστιν
1709 2681 1866 2736 αὑτὸν
1892 2680 2083 2753 δώροις
2110 2682 2365 2755 ἐκστῆναι
2388 2682 2482 2736 τοῦ
2517 2682 2766 2755 ἀληθοῦς.

705 2773 866 2829 Vsus.
907 2772 995 2827 21.
1042 2792 1061 2825 ι
1090 2774 1155 2827 Et
1198 2773 1370 2828 veniet
1398 2788 1560 2843 super
1595 2790 1691 2829 vos
1723 2775 1841 2829 dira
1888 2776 2063 2831 rantes
2090 2795 2103 2831 :
2134 2790 2191 2831 et

632 2865 739 2921 erit
772 2874 830 2918 ut
854 2866 1143 2929 esurietis,
1183 2865 1453 2927 dolebitis.
1491 2875 1547 2921 et
1588 2867 1922 2924 maledicetis
1958 2868 2191 2940 principi

630 2964 686 3009 et
715 2955 903 3025 patriis
932 2955 1136 3026 legibus
1168 2972 1183 3009 :
1216 2966 1269 3010 et
1310 2958 1591 3025 respicient
1634 2958 1688 3012 in
1727 2958 1923 3014 caelum
1949 2972 2135 3028 supra.
2169 2976 2189 3012 ›

631 3044 765 3100 Cum
824 3059 955 3115 ergo
998 3044 1118 3115 quis
1141 3044 1337 3099 divina:
1376 3044 1509 3115 legis
1534 3055 1899 3114 transgressor
1927 3061 1991 3102 ac
2019 3049 2197 3105 deser-

635 3147 718 3191 tor
782 3135 1004 3192 en‘ectus
1072 3137 1207 3202 erit,
1266 3138 1317 3189 in
1366 3135 1744 3192 oﬂ‘eudiculum
1800 3139 2062 3195 deductus
2126 3141 2193 3196 ab

636 3230 705 3286 iis
736 3231 827 3299 qui
851 3229 1069 3286 oracula
1099 3238 1157 3285 et
1180 3230 1540 3285 daemoniacas
1562 3230 1926 3287 divinationes
1953 3242 2191 3301 praeten-

635 3322 786 3386 duut,
813 3322 955 3375 hunc
984 3320 1152 3375 {ames
1186 3322 1582 3379 rationabilium
1606 3322 1847 3377 ciborum
1881 3325 2189 3392 occupabit,

634 3428 843 3468 necnon
897 3426 1150 3469 excessus
1206 3414 1404 3469 mentis
1453 3421 1509 3467 et
1560 3412 1842 3469 iracundia
1878 3432 1889 3465 :
1923 3426 2086 3485 atque
2140 3418 2191 3469 in

636 3504 978 3575 blasphemas
1021 3504 1377 3575 cogitationes
1444 3503 1687 3567 incidet,
1741 3504 2067 3561 maledicens
2116 3507 2189 3561 illi

639 3597 769 3650 olim
809 3595 919 3663 regi
976 3609 1115 3657 suo,
1152 3608 1311 3663 quem
1366 3594 1522 3647 deum
1574 3610 1729 3649 suum
1774 3598 2022 3651 vocabat.
2080 3616 2097 3648 ι
2130 3596 2195 3651 Et

636 3705 741 3743 non
784 3686 1064 3757 perplexus
1111 3688 1217 3741 erit
1258 3687 1347 3757 qui
1397 3687 1451 3741 in
1494 3688 1736 3757 angustia
1785 3698 1866 3743 est
1908 3706 2078 3761 usque
2128 3693 2192 3745 ad

638 3791 870 3848 tempus.
901 3798 919 3829 ι

1230 3867 1459 3925 CAPUT
1510 3868 1599 3923 IX.

703 3961 867 4016 Vsus.
914 3964 966 4017 l.
1021 3982 1039 4014 ι
1068 3962 1181 4016 Hoc
1228 3963 1456 4028 primum
1514 3954 1637 4019 bibe
1668 3982 1681 4017 :
1718 3963 1825 4018 cito
1874 3961 1997 4027 fac,
2047 3965 2194 4034 regio

634 4054 875 4110 Zztbulon
892 4065 945 4109 et
971 4066 1111 4108 terra
1136 4052 1566 4124 Nephthalim,et
1596 4055 1772 4110 cteteri
1802 4054 1892 4128 qui
1927 4056 2191 4110 maritima

634 4156 690 4202 et
725 4156 874 4201 trans
904 4144 1213 4209 Jordauem,
1239 4144 1456 4201 Galilaza
1480 4148 1737 4215 gentium.
1770 4166 1787 4198 ι
1827 4148 2107 4202 Vulteuim
2140 4161 2197 4202 ut

638 4244 691 4301 ii.
728 4241 820 4311 qui
853 4255 1049 4309 magna
1090 4239 1343 4293 salutans
1391 4240 1482 4292 Dei
1532 4239 1796 4295 adventus
1835 4240 1951 4296 luce
1989 4244 2193 4313 dignati

636 4343 781 4400 sunt,
807 4334 1042 4391 fructum
1073 4333 1412 4389 rationabilis
1457 4344 1613 4404 potus
1642 4335 1893 4402 operibus
1948 4338 2192 4393 reddant.

636 4428 815 4483 Primo
874 4428 1053 4496 itaque
1104 4425 1341 4482 Galilteis
1390 4425 1589 4480 bonum
1631 4426 1878 4481 nuntium
1928 4427 2191 4485 declarat.

2373 2796 2389 2827 ι
2414 2778 2523 2831 Καὶ
2549 2776 2669 2847 ἥξει
2724 2779 2807 2846 ἐφ’
2834 2776 2976 2848 ὑμᾶς
3008 2773 3220 2846 σκληρὰ
3266 2773 3449 2845 λιμός
3491 2776 3585 2827 καὶ
3618 2772 3769 2826 ἐσται
3794 2773 3873 2838 ὡς

2299 2869 2363 2923 ἂν
2394 2869 2710 2940 πεινάσητε,
2762 2868 3135 2939 λυπηθήσεσθε
3177 2868 3297 2930 καὶ,
3344 2866 3527 2931 κακῶς
3555 2866 3727 2936 ἐρεῖτε
3781 2865 3875 2919 τὸν

2298 2962 2553 3033 ἄρχοντα,
2593 2960 2688 3014 καὶ
2725 2961 2793 3014 τά
2826 2961 3029 3032 πάτρια
3053 2977 3065 2989 ·
3099 2960 3194 3013 καὶ¹
3245 2958 3631 3027 ἀναόλέψονται
3664 2960 3744 3021 εἰς
3780 2957 3876 3012 τὸν

2299 3055 2525 3124 οὐρανὸν
2555 3054 2685 3107 ἀνω.
2717 3072 2735 3104 ι
2770 3054 2937 3106 Ὅταν
2963 3048 3054 3107 οὖν
3076 3051 3397 3123 παραϐάτης
3429 3050 3634 3120 γένοιτό
3662 3068 3745 3114 τις
3776 3051 3877 3104 τοῦ

2302 3142 2443 3196 θείου
2486 3142 2671 3213 νόμου,
2726 3144 2819 3196 καὶ
2866 3144 3176 3212 ἀποστάτης
3224 3141 3410 3205 αὑτοῦ,
3469 3141 3876 3204 σκανδαλισθεὶς

2296 3235 2402 3289 ὑπὸ
2428 3236 2535 3288 τῶν
2568 3237 2693 3299 τοὺς
2724 3236 3005 3308 χρησμοὺς
3032 3236 3125 3288 καὶ
3152 3236 3249 3299 τὰς
3284 3236 3537 3305 μαντείας
3562 3234 3660 3299 τὰς
3686 3234 3876 3304 δαιμο-

2294 3326 2451 3389 νικάς
2490 3326 2919 3400 προϊσχομένων,
2968 3326 3123 3396 λιμὸς
3149 3326 3364 3395 τροφῶν
3413 3323 3642 3393 λογικῶν
3682 3324 3874 3378 τοῦτον

2293 3416 2613 3483 διαδέξεται,
2653 3418 2747 3472 καὶ
2795 3417 3071 3482 ἔκστασις,
3118 3419 3213 3471 καὶ
3244 3418 3616 3491 παροξυσμός·
3666 3418 3760 3471 καὶ
3791 3418 3875 3481 εἰς

2296 3512 2643 3583 βλασφήμους
2669 3512 2989 3581 ἐμπεσεῖται
3025 3510 3335 3581 λογισμοὺς,
3367 3509 3755 3581 καταρώμενος
3780 3509 3878 3563 τὸν

2296 3602 2459 3655 πάλαι
2490 3601 2710 3672 βασιλέα
2757 3602 2942 3665 αὐτοῦ,
2981 3602 3039 3654 ὃν
3084 3601 3178 3655 καὶ
3206 3600 3325 3653 θεὸν
3362 3599 3552 3655 ἑαυτοῦ
3599 3601 3870 3672 ὠνόμαζε.

2300 3717 2317 3747 ι
2345 3697 2455 3749 Καὶ
2486 3696 2586 3750 οὐκ
2612 3695 3017 3767 άπορηθήσεται
3038 3696 3066 3746 ὁ
3091 3696 3149 3747 ἐν
3183 3695 3509 3767 στενοχωρία
3531 3693 3605 3747 ῶν
3627 3696 3734 3759 ἕως
3755 3713 3873 3748 και-

2299 3804 2391 3858 ρου
2402 3828 2412 3839 .
2441 3806 2459 3837 ι

2828 3876 3007 3928 ΚΕΦΑ
3017 3876 3225 3935 ΛᾼΙΟΝ
3256 3874 3330 3929 Θ’.

2370 3990 2387 4019 ι
2410 3968 2580 4022 Τοῦτο
2603 3967 2817 4039 πρῶτον
2852 3968 2941 4021 πίε
2961 3984 2975 3998 °
3005 3970 3139 4038 ταχὺ
3169 3970 3329 4033 ποίει,
3380 3966 3531 4038 χώρα
3561 3964 3871 4030 Ζαϐουλὼν,

2297 4066 2329 4134 ἡ
2378 4062 2449 4132 γῆ
2483 4060 2822 4131 Νεφθαλείμ,
2858 4061 2952 4114 καὶ
2979 4063 3025 4113 οἱ
3055 4060 3228 4112 λοιποὶ
3272 4060 3321 4113 οἰ
3344 4059 3441 4130 τὴν
3474 4059 3743 4129 παραλίαν
3776 4060 3875 4112 καὶ

2296 4155 2469 4226 πέραν
2518 4154 2609 4207 τοῦ
2650 4153 2933 4223 Ἰορδάνου,
2966 4152 3221 4205 Γαλιλαία
3263 4151 3370 4210 τῶν
3400 4151 3586 4203 ἐθνῶν.
3615 4170 3633 4200 ι
3676 4150 3874 4203 Βούλε-

2296 4262 2383 4298 ται
2404 4243 2512 4315 γὰρ
2541 4243 2607 4295 δι’
2651 4242 2825 4313 ἔργων
2858 4242 2947 4295 τὸν
3002 4242 3209 4313 καρπὸν
3236 4239 3327 4294 τοῦ
3363 4238 3578 4309 λογικοῦ
3630 4240 3875 4310 πόματος

2297 4336 2599 4389 ἀποδιδόναι
2634 4337 2757 4398 τοὺς
2791 4333 3224 4399 καταξιωθέντας
3274 4332 3367 4387 τοῦ
3405 4332 3640 4405 μεγάλου
3694 4331 3872 4399 φωτὸς

2297 4430 2393 4498 τῆς
2423 4427 2688 4498 σωτηρίου
2736 4426 3069 4496 θεοφανείας.
3104 4426 3324 4498 Πρῶτον
3372 4422 3463 4479 οῦν
3492 4427 3605 4487 τοῖς
3636 4424 3726 4475 ἐπὶ
3770 4423 3874 4495 τῆς

638 4521 737 4575 Par
775 4520 972 4590 quippe
1007 4530 1123 4573 erat
1157 4518 1430 4588 regionem
1468 4518 1612 4572 illam
1646 4534 1752 4573 non
1797 4519 2009 4574 silentio
2054 4539 2187 4590 prte-

2300 4520 2582 4583 Γαλιλαίας
2616 4519 3042 4589 εὐαγγελίζεται.
3076 4518 3223 4571 Ἔδει
3251 4518 3359 4589 γὰρ
3406 4517 3539 4588 μηδέ
3558 4516 3655 4587 τὴν
3684 4514 3875 4587 χώραν

637 4620 819 4673 tcrtre,
885 4610 937 4663 in
1000 4622 1106 4678 qua
1172 4606 1489 4663 Emmanuel
1551 4609 1603 4663 in
1670 4623 1768 4662 suo
1830 4609 1895 4663 ad
1952 4610 2187 4666 homines

2300 4611 2702 4681 ἀποσιωπῆσαι,
2739 4610 2859 4663 καθ’
2880 4611 2945 4679 ἥν
2968 4612 3066 4673 τάς
3106 4609 3383 4680 διατριϐὰς
3410 4607 3674 4661 ποιεῖσθαι
3699 4608 3875 4678 ἦμελ-

636 4701 863 4755 adventu
917 4716 1098 4754 moras
1149 4700 1391 4754 facturus
1448 4711 1589 4754 erat.
1645 4700 1809 4771 Regio
1853 4712 2032 4755 autem
2080 4715 2187 4757 erat

2300 4702 2389 4754 λεν
2411 4701 2717 4772 ἀνθρώποις
2754 4703 3037 4771 ἐπιφανεὶς
3065 4704 3092 4754 ὁ
3134 4700 3493 4772 Ἐμμανουήλ.
3542 4699 3605 4751 Ἠ
3629 4698 3687 4750 δὲ
3717 4697 3874 4769 χώρα

634 4792 855 4847 Galilaza
880 4832 896 4859 ,
930 4794 1037 4848 imo
1064 4792 1227 4847 etiam
1263 4802 1407 4846 trans
1440 4791 1728 4848 Iordanem
1760 4804 1877 4846 erat
1906 4793 2019 4848 lucc
2049 4795 2187 4848 Gali-

2298 4790 2364 4865 ἦν
2390 4793 2641 4847 Γαλιλαία
2660 4810 2673 4822 ·
2703 4793 2835 4845 ἀλλά
2866 4794 2958 4845 καὶ
2992 4792 3160 4863 πέραν
3186 4792 3279 4845 τοῦ
3320 4791 3580 4862 Ἰορδάνου
3611 4787 3873 4859 τυγχάνει

636 4886 755 4950 lata,
807 4887 859 4939 in
912 4900 1017 4954 qua
1061 4885 1404 4955 frequentius
1456 4896 1703 4941 versatus
1758 4887 2005 4941 Christus
2060 4898 2187 4941 est:

2301 4888 2331 4957 ἡ
2369 4885 2621 4939 Γαλιλαία
2654 4884 2812 4953 αῦτη,
2850 4887 2906 4937 ἐν
2937 4878 3093 4957 ᾖτάς
3134 4884 3388 4946 πλείστας
3420 4884 3709 4953 ἐποιήσατο
3751 4880 3869 4933 δια-

634 4993 805 5047 quare
832 4978 1120 5032 salutarem
1154 4988 1336 5048 potum
1367 4990 1421 5033 et
1450 4980 1619 5032 lucem
1647 4980 1760 5047 ejus
1795 4978 1986 5033 inCulis
2022 4980 2187 5049 primo

2295 4978 2483 5049 τριϐάς
2516 4980 2543 5031 ὁ
2576 4976 2806 5048 Χριστός
2829 4994 2841 5006 ο
2868 4977 2947 5030 διὸ
2970 4978 3129 5030 ποτὸν
3170 4978 3455 5048 σωτήριον,
3500 4976 3590 5028 καὶ
3620 4974 3734 5044 φῶς
3770 4974 3870 5044 μέ-

637 5070 939 5124 aununtiat.
1000 5067 1168 5137 Hujus
1219 5084 1383 5139 porro
1440 5070 1639 5124 viviﬁci
1685 5084 1844 5139 pctus
1904 5071 2187 5142 imaginem

2296 5086 2365 5137 γα
2396 5072 2507 5132 τοῖς
2534 5070 2592 5121 ἐν
2620 5070 2753 5137 αὐτῇ
2788 5066 3192 5135 εὐαγγελίζεται
3224 5068 3477 5138 πρώτοις.
3507 5064 3613 5118 Τοῦ
3636 5064 3692 5117 δὲ
3728 5064 3869 5128 ζωο-

636 5162 962 5217 sensibilitcr
1006 5163 1252 5217 exhibuit
1296 5162 1575 5226 Servator,
1620 5166 1854 5232 quando,
1906 5164 2108 5235 nuptiis
2141 5164 2187 5218 in

2294 5161 2444 5212 ποιοῦ
2470 5160 2660 5213 τούτου
2692 5157 2858 5210 ποτοῦ
2892 5158 3075 5211 εἰκόνα
3106 5161 3361 5228 παρεῖχεν
3388 5159 3416 5210 ὁ
3454 5156 3644 5226 Σωτὴρ
3676 5156 3865 5227 αἰσθη-

636 5255 777 5309 Cana
809 5254 1043 5309 Galilma:
1078 5254 1385 5315 celebratis.
1408 5254 1636 5323 primum
1661 5248 1975 5309 miraculum
2005 5256 2187 5319 edidit,

2292 5252 2416 5314 τῶς,
2444 5251 2677 5322 ὁπηνίκα
2710 5250 2887 5320 γάμου
2921 5249 3337 5318 συντελουμένου
3366 5251 3424 5301 ἐν
3462 5249 3612 5301 Κανᾶ.
3634 5247 3732 5315 τῆς
3760 5248 3798 5297 Γ
3803 5265 3865 5298 α-

636 5364 783 5417 aqua:
809 5348 1015 5404 scilicet
1044 5349 1096 5402 in
1129 5349 1308 5402 viuum
1334 5348 1703 5403 mutationem.

2292 5344 2519 5407 λιλαίας,
2569 5343 2791 5414 πρῶτον,
2809 5343 3106 5415 παράδοξον
3140 5343 3451 5414 εἰργάσατο,
3486 5340 3583 5409 τὴν
3614 5339 3706 5392 τοῦ
3740 5339 3868 5393 ῦδαο

2293 5452 2380 5498 τος
2404 5438 2482 5497 εἰς
2500 5431 2640 5487 οἶνον
2670 5434 2986 5505 μεταϐολήν.

710 5530 871 5586 Vens.
903 5531 959 5584 2.
1003 5550 1021 5582 t
1057 5530 1321 5598 Populus,
1360 5528 1450 5597 qui
1483 5528 1793 5582 ambulabat
1838 5528 1891 5581 in
1938 5527 2187 5594 tenebris,

2377 5546 2395 5577 ‹
2418 5527 2474 5578 '0
2489 5527 2613 5589 λαὸς
2630 5527 2657 5578 ὁ
2674 5526 2975 5597 καθήμενος
3015 5530 3072 5578 ἐν
3102 5526 3283 5577 σκότει
3314 5519 3419 5577 εἶδε
3448 5521 3560 5590 φῶς
3610 5522 3754 5593 μέγα
3775 5539 3787 5550 ·
3814 5523 3864 5574 οἰ

639 5625 772 5677 vidit
828 5626 1000 5678 lucem
1054 5639 1343 5693 magnam:
1402 5622 1713 5676 habitantes
1770 5621 1823 5674 iu
1879 5620 2097 5690 regione
2143 5630 2187 5673 cl

2303 5617 2675 5679 κατοικοῦντες
2706 5617 2763 5667 ἐν
2791 5617 2942 5687 χώρᾳ
2963 5617 3054 5668 καὶ
3090 5618 3219 5685 σκιᾷ
3236 5614 3484 5677 θανάτου,
3516 5613 3630 5682 φῶς
3662 5613 3871 5683 λάμψει

639 5718 828 5768 Umbra
898 5717 1105 5779 mortis,
1165 5716 1252 5767 lux
1306 5714 1604 5784 splendebit
1666 5728 1823 5781 super
1878 5728 1988 5766 vos.
2053 5730 2070 5761 ›
2130 5712 2187 5764 Et

2300 5711 2385 5777 ἐφ’
2419 5710 2579 5778 ὑμᾶς.
2616 5729 2633 5759 ι
2672 5708 2779 5761 Καὶ
2808 5708 2979 5770 ἄλλως
3004 5707 3058 5759 δὲ
3080 5710 3136 5758 ὲν
3168 5707 3346 5759 σκότει
3375 5706 3663 5773 ἐτύγχανον
3694 5708 3741 5759 οἱ
3762 5708 3863 5776 πρὸ

638 5810 769 5862 alias
816 5808 1031 5878 quidem
1083 5809 1136 5861 in
1183 5806 1415 5862 tenebris
1464 5806 1711 5875 agebant,
1763 5806 1851 5872 qui
1907 5813 2187 5872 antequam

2297 5802 2393 5871 τῆς
2430 5801 2771 5871 ἐπιλὰμᾲτως
2812 5800 2899 5853 ἐὖ
2936 5799 3167 5871 Χριττοῦ
3211 5801 3265 5853 ἐν
3294 5800 3531 5867 ἀγνωτὲᾳ
3565 5799 3715 5860 δ’ἲττς
3775 5800 3860 5851 trs}
