4090 6430
193 404 290 459 N9

1146 395 1652 450 COMMENTARIA
1692 394 1759 448 ΙΝ
1800 393 2052 450 ISAIAM.
2093 426 2152 438 --
2201 394 2351 449 UAI'.
2396 393 2487 449 1X.

3363 391 3464 447 150

191 527 363 584 φωτός
391 511 492 566 τοῦ
526 511 796 584 ἀληθινοῦ
827 526 840 538 ·
872 509 931 561 ἐν
966 509 1094 580 σκιᾷ
1127 508 1181 562 δὲ
1212 510 1438 565 Θανάτου
1471 510 1610 584 ἦσαν
1637 516 1686 567 οι
1729 515 1788 567 τὰ

1899 516 2148 574 Christus
2223 515 2598 577 illucesceret,
2656 514 2708 568 in
2773 528 2912 568 vera:
2970 513 3107 567 lucis
3162 511 3461 582 ignorantia

190 606 320 676 πρὸς
349 603 598 658 θάνατον
631 600 1065 671 ἁμαρτάνοντες,
1092 601 1232 654 κατά
1259 603 1587 676 τὸ,ιΨυχὴή
1615 608 1794 677 ἀμαρ-

188 700 442 761 τάνουσα,
472 693 628 766 αὐτὴ
658 692 1034 747 ἀποθανεῖται.
1074 709 1094 742 ι
1153 692 1288 744 Ἀλλ’
1315 696 1417 759 ἕως
1452 697 1549 766 μὲν
1602 699 1659 750 ἐν
1716 697 1793 768 τῷ

190 789 413 861 παρόντι
446 787 556 858 βίῳ
587 783 855 855 τυγχάνει
893 782 920 834 ό
983 781 1122 853 πρὸς
1173 783 1397 838 θάνατον
1443 788 1788 857 ἁμαρτάνων,

189 881 278 951 οὐχ
311 879 458 933 οὕτω
491 877 684 946 πάντη
721 873 1104 929 καταπέποται
1141 874 1244 926 ὑπὸ
1293 876 1384 928 τοῦ
1436 877 1683 940 θανάτου.
1715 879 1791 943 ὡς

193 970 569 1046 μὴδύνασθαι
610 965 940 1040 μεταϐαλὼν
990 965 1250 1036 σωθῆναι.
1307 969 1420 1022 ἀλλ’
1460 971 1578 1024 οὐδὲ
1619 971 1790 1042 άπήλ-

188 1065 373 1118 λακται
399 1060 582 1114 αὑτοῦ
618 1058 924 1120 παντελῶς,
959 1056 1040 1108 διὸ
1074 1057 1291 1124 λέγεται
1343 1055 1480 1113 εἶναι
1545 1063 1603 1113 ἐν
1663 1062 1788 1131 σκιᾷ

191 1156 432 1210 θανάτου.
469 1153 633 1224 nam
667 1151 984 1222 ἐπιλάμψας
1035 1148 1246 1214 τούτοις
1279 1153 1532 1224 πρώτοις,
1565 1155 1662 1226 τὴν
1689 1156 1787 1226 χά-

195 1264 268 1318 ριν
293 1244 386 1299 τοῦ
427 1244 687 1316 μεγάλου
721 1244 900 1313 φωτὸς
921 1242 1239 1314 ἐδωρήσατο
1265 1245 1293 1296 ό
1345 1245 1432 1298 διὰ
1486 1246 1595 1299 τῶν
1654 1263 1787 1318 προ-

190 1338 445 1408 κειμένων
483 1336 903 1406 θεσπιζόμενος.
948 1334 1038 1388 Ἐν
1067 1333 1244 1406 ταύτῃ
1274 1351 1333 1388 τε
1365 1339 1429 1408 τῇ
1459 1337 1610 1408 χώρᾳ.
1641 1336 1786 1408 πρὼ-

191 1446 254 1500 τῃ
289 1430 551 1483 πλεῖστον
599 1429 730 1482 λαὸν
767 1429 1034 1500 ἐκτήσατο
1063 1468 1079 1494 ,
1137 1425 1216 1490 ὡς
1241 1428 1452 1483 καὶτὸν
1500 1429 1786 1484 ἀποστολι-

189 1521 275 1574 κδν
296 1522 458 1592 χορὸν
493 1520 560 1585 ἐξ
591 1519 775 1574 αὐτῶν
799 1519 1144 1584 ἐκλέξασθαι.
1174 1519 1331 1582 Τίνες
1359 1516 1452 1575 οὖν
1479 1517 1618 1592 ἦσαν
1650 1523 1698 1574 oi
1725 1523 1785 1574 ἐν

193 1613 360 1666 σκότει
389 1613 486 1666 καὶ
514 1613 656 1682 σκιᾷ
678 1611 908 1664 θανάτου
941 1611 972 1682 ἢ
1025 1611 1075 1663 oi
1117 1612 1174 1663 ἐν
1201 1611 1447 1684 ἀγνωσία
1494 1611 1587 1666 τοῦ
1647 1613 1784 1667 Θεοῦ

189 1703 242 1756 τὸ
267 1703 395 1773 πρὶν
427 1700 861 1770 κατεσχημένοι,
895 1699 988 1752 καὶ
1019 1701 1066 1752 oi
1097 1699 1174 1770 τῷ
1203 1699 1424 1772 θανάτῳ
1471 1703 1572 1772 τῆς
1605 1701 1783 1772 ψυχῆς

187 1793 569 1864 δεδουλωμένοι
593 1809 610 1858 ;

253 1995 270 2029 ι
303 1975 377 2032 Τὸ
402 1976 667 2030 πλεῖστον
693 1973 782 2030 τοῦ
812 1973 940 2028 λαοῦ
965 1973 994 2028 δ
1024 1976 1342 2046 κατήγαγες
1364 1981 1428 2031 ἐν
1462 1978 1788 2050 εὐφροσύνῃ

188 2086 294 2133 σου,
327 2071 422 2124 καὶ
443 2068 918 2141 εὐφρανθήσονται
943 2067 1164 2122 ἐνώπιόν
1195 2087 1322 2140 σου,
1357 2072 1436 2134 ὡς
1471 2072 1526 2125 οἱ
1556 2071 1790 2142 εὐφραι-

186 2162 388 2233 νόμενοι
418 2164 480 2217 ἐν
522 2163 723 2234 ἀμήτῳ
744 2201 759 2224 ,
788 2160 881 2214 καὶ
910 2159 966 2214 δν
995 2160 1190 2232 τρόπον
1220 2162 1706 2236 εὐφρανθήσονται
1740 2165 1790 2216 οἱ

184 2253 544 2328 διαιρούμενοι
584 2254 790 2310 σκῦλα·
825 2254 956 2309 διότι
983 2257 1421 2329 ἀφαιρεθήσεται
1446 2259 1476 2312 ό
1513 2257 1788 2327 ζυγὸςέπ⁹

186 2348 356 2402 αὑτῶν
375 2349 660 2421 κείμενος.
686 2367 707 2402 s
747 2350 817 2403 Ἦ
859 2349 1040 2422 ἐπειδὴ
1068 2351 1319 2405 πλεῖστοι
1375 2353 1474 2423 μέν
1529 2353 1788 2407 ἐπίστευ-

187 2459 302 2506 σαν,
337 2442 564 2507 πλείους
592 2442 652 2496 δέ
680 2445 746 2514 τῇ
784 2443 1011 2516 ἀπιστίᾳ
1039 2445 1432 2516 ἐναπίμειναν,
1466 2447 1703 2510 εἰκότως
1727 2447 1792 2500 τὸ

188 2534 432 2589 πλεῖστον
486 2533 586 2589 τοῦ
615 2533 746 2588 λαοῦ
780 2535 1024 2593 λέλεκται
1060 2537 1156 2608 τῆς
1186 2538 1470 2610 σωτηρίου
1537 2538 1792 2610 μετειλη-

188 2629 339 2697 φέναι
364 2628 738 2702 εὐφροσύνης.
773 2629 1031 2701 Σημαίνει
1051 2629 1107 2683 δέ
1131 2629 1222 2684 διὰ
1241 2631 1474 2695 τούτων,
1513 2632 1656 2703 πρὸς
1688 2633 1790 2702 τὴν

190 2722 479 2794 πρόχειρον
505 2721 689 2789 λέξιν·
734 2722 822 2776 Ἐν
861 2716 1051 2796 ἦποτέ
1085 2722 1180 2793 μὲν
1226 2723 1344 2776 ἀπὸ
1384 2724 1551 2776 πέντε
1606 2725 1790 2797 ἀρτων

195 2813 388 2884 πλῆθος
403 2813 626 2885 ἀνδρῶν
652 2813 1095 2884 πεντακισχιλίων
1121 2811 1392 2886 ἐθρέψατο
1423 2816 1480 2867 ἐν
1510 2817 1577 2886 τῇ
1599 2815 1790 2884 δηλου-

197 2905 324 2977 μένη
352 2905 535 2978 χώρᾳ,
591 2903 726 2959 ποτέ
757 2903 820 2970 ἐξ
879 2905 1017 2959 me
1069 2906 1536 2977 τετρακισχιλίους
1589 2907 1790 2978 ἀνδρας

195 2999 357 3068 χωρὶς
390 2997 683 3068 γυναικῶν
713 2997 810 3052 καὶ
835 2997 1076 3052 παιδίων.
1113 2997 1204 3051 Διὸ
1235 2998 1480 3054 λέλεκται
1517 2999 1660 3053 κατά
1695 2998 1790 3052 τὸν

195 3089 491 3162 Σύμμαχον
532 3111 551 3143 ι
605 3089 930 3163 Εὐφροσύνῃ
960 3089 1343 3162 εὐφράνθησαν
1373 3091 1604 3149 ἐνώπιόν
1669 3107 1786 3157 σου,

1895 619 2089 664 erant:
2137 609 2189 662 in
2247 607 2439 660 umbra
2497 615 2674 660 autem
2725 605 2916 660 mortis
2958 612 3144 668 erant,
3200 612 3465 671 qu0tquot

1895 699 2198 754 numaltter
2245 705 2644 767 peccaverant,
2694 696 2992 750 secundum
3023 693 3183 749 illud:
3219 711 3236 742 ι
3272 693 3462 746 Anima

1892 807 2010 861 «tute
2045 791 2380 862 peccaverit,
2429 789 2546 860 ipsa
2599 790 2860 843 morietur
2891 788 2958 841 “.
2995 805 3014 839 ι
3065 786 3170 840 Sed
3219 785 3460 856 quandiu

1892 881 1936 935 is
1979 881 2068 950 qui
2118 889 2308 951 peccat
2360 879 2426 933 ad
2461 889 2710 941 mortem,
2746 877 2798 932 in
2842 877 3096 946 praesenti
3131 875 3236 929 vita
3275 875 3458 944 degit,

1891 990 1996 1027 non
2033 975 2104 1027 ita
2152 988 2374 1043 prorsus
2416 973 2744 1027 absorbetur
2776 986 2806 1025 a
2847 982 3041 1036 morte,
3078 979 3137 1024 ut
3181 984 3289 1023 non
3334 983 3460 1036 pos-

1889 1065 1960 1118 sit
1995 1063 2361 1134 resipiscendo
2395 1063 2628 1119 salutem
2667 1061 2906 1118 nancisci
2935 1078 2951 1120 ;
2989 1061 3084 1118 sed
3133 1074 3232 1115 nec
3272 1073 3340 1113 ex
3373 1059 3462 1112 illa

1888 1161 2102 1227 penitus
2153 1158 2452 1221 liberatur,
2507 1170 2680 1226 quare
2737 1155 2942 1210 dicitur
2990 1168 3114 1209 esse
3167 1153 3219 1206 in
3266 1151 3464 1205 umbra

1890 1251 2100 1306 mortis.
2137 1250 2408 1305 Caterum
2462 1250 2546 1304 his
2574 1247 2849 1319 prioribus
2881 1247 3239 1310 illucescens,
3281 1244 3469 1314 magni

1888 1341 2110 1396 luminis
2147 1341 2380 1411 gratiam
2411 1340 2682 1410 elargitus
2705 1349 2788 1395 est
2819 1338 2885 1403 is,
2925 1339 3014 1407 qui
3050 1337 3102 1391 in
3134 1334 3240 1390 hoc
3273 1336 3475 1390 vatici-

1887 1432 1978 1487 nio
2015 1431 2209 1488 fertur.
2268 1433 2324 1487 In
2363 1433 2466 1489 hac
2507 1446 2670 1502 porro
2724 1432 2944 1502 regione
2989 1429 3168 1498 primo
3212 1441 3472 1498 magnam

1885 1522 2070 1592 populi
2106 1522 2508 1578 multitudinem
2543 1523 2855 1592 acquisivit,
2912 1521 2984 1575 ita
3022 1529 3080 1573 ut
3123 1517 3292 1572 etiam
3337 1533 3470 1588 apo-

1886 1615 2140 1672 stolicum
2187 1617 2418 1672 chorum
2469 1631 2536 1672 cx
2579 1630 2647 1670 ea
2711 1614 2994 1686 deligeret.
3043 1610 3276 1678 Quinam
3331 1623 3464 1678 ergo

1884 1717 2045 1762 erant
2077 1707 2149 1761 illi
2201 1707 2252 1762 in
2302 1707 2544 1762 tenebris
2579 1716 2635 1761 et
2674 1707 2866 1760 umbra
2918 1705 3109 1761 mortis
3138 1711 3458 1764 versantes,

1886 1799 1991 1854 nisi
2021 1799 2113 1867 qui
2144 1799 2298 1868 prius
2328 1799 2638 1867 ignorantia
2670 1797 2764 1852 Dei
2801 1798 3206 1858 detinebantur,
3231 1805 3288 1848 et
3314 1808 3462 1847 mor-

1818 1865 1858 1918 Β
1892 1893 1960 1946 tis
1991 1865 2186 1945 sums
2217 1865 2469 1946 servi—tuti
2524 1890 2729 1947 addicti
2780 1889 2968 1945 erant?

1962 1984 2130 2038 Vsus.
2157 1985 2276 2039 ὅθι.
2330 2003 2349 2036 ι
2397 1982 2683 2039 Multitudo
2727 1983 2948 2055 populi,
2989 1998 3152 2053 quam
3187 1980 3462 2036 deduxisti

1890 2077 1944 2131 in
1986 2075 2172 2132 laetitia
2221 2086 2336 2142 tua,
2389 2085 2445 2131 et
2485 2076 2812 2132 laztabuntur
2847 2090 3034 2132 coram
3075 2083 3148 2139 te,
3195 2073 3335 2128 sicut
3369 2073 3462 2142 qui

1893 2168 2142 2223 laetantur
2188 2169 2243 2223 in
2276 2182 2478 2234 messe,
2521 2178 2574 2224 et
2621 2167 3078 2238 qttemadmodum
3135 2165 3465 2222 laetabuntur

1891 2260 1982 2330 qui
2015 2259 2260 2315 dividunt
2298 2260 2519 2331 spolia:
2572 2260 2698 2330 quia
2756 2258 3036 2314 auferetur
3081 2255 3274 2330 jugum
3328 2255 3465 2322 ipsis

1892 2352 2229 2424 impositum.
2282 2372 2301 2406 ι
2361 2354 2529 2418 Sive,
2581 2353 2709 2422 quia
2756 2351 2911 2408 multi
2965 2350 3176 2423 Iuidem
3222 2349 3470 2406 credide-

1895 2453 2061 2506 runt,
2112 2443 2206 2499 sed
2259 2443 2430 2500 multo
2483 2442 2669 2514 plures
2717 2443 2770 2498 in
2821 2441 3199 2498 incredulitate
3251 2456 3467 2496 manse-

1893 2547 2039 2603 rant,
2083 2537 2207 2605 jure
2231 2538 2434 2594 dicitur
2480 2537 2677 2590 multos
2707 2551 2770 2590 ca
2806 2535 3002 2608 populo
3037 2535 3300 2592 salutaris
3333 2535 3472 2588 lati-

1894 2630 1982 2686 tie
2013 2640 2298 2686 consortes
2349 2628 2538 2685 fuisse.
2597 2627 2691 2685 His
2731 2643 2892 2698 porro
2944 2627 3239 2699 significat,
3289 2626 3475 2695 quoad

1890 2722 2110 2777 obvium
2152 2722 2349 2778 litteras
2399 2733 2660 2788 sensum,
2699 2721 2974 2792 regionem
3029 2719 3198 2785 illam,
3244 2718 3336 2773 ubi
3369 2718 3474 2772 ali-

1889 2815 2109 2888 quando
2139 2830 2207 2872 ex
2239 2816 2482 2886 quinque
2512 2815 2742 2884 panibus
2787 2816 3000 2868 turbam
3034 2813 3277 2868 virorum
3307 2811 3470 2880 quiu-

1889 2925 1996 2981 que
2031 2907 2256 2964 millium
2293 2910 2588 2975 euutrivit;
2615 2907 2906 2976 aliquando
2944 2915 3125 2960 autem
3155 2919 3225 2960 ex
3257 2913 3468 2973 septem

1891 2997 2138 3068 panibus,
2185 3007 2422 3066 quatuor
2467 2996 2638 3052 millia
2681 2995 2946 3060 virorum,
2978 3003 3175 3064 preter
3209 2992 3468 3048 mulieres

1891 3100 1947 3145 et
2006 3090 2287 3159 parvulos.
2333 3089 2703 3158 Quamobrem
2763 3087 2969 3143 dictum
3028 3093 3114 3142 est
3165 3085 3466 3142 secundum

196 3183 268 3247 ὡς
296 3183 650 3256 εὐφροσύνην
699 3185 756 3236 ἐν
785 3181 1047 3253 θερισμῷ.
1093 3200 1112 3233 ›
1163 3182 1318 3236 Οὕτω
1355 3182 1488 3251 γοῦν
1520 3183 1572 3237 el
1610 3185 1668 3238 ἐν
1697 3183 1788 3236 θε-

1894 3182 2306 3255 Symmachum,
2343 3201 2363 3235 ι
2416 3181 2629 3239 Laetitia
2674 3179 2838 3236 laetati
2894 3188 3023 3235 sunt
3072 3180 3128 3235 in
3177 3189 3467 3250 conspectu

201 3273 376 3345 ρισμῷ
397 3274 740 3347 τρεφόμενοι
771 3271 1146 3344 ἡθροισμένως
1169 3273 1310 3329 κατὰ
1336 3273 1397 3328 τὸ
1423 3274 1556 3328 αὐτὸ
1588 3291 1792 3345 ouum-

198 3365 398 3430 σιάζειν
452 3365 710 3420 εἰώθασι.
743 3363 900 3417 Κατά
949 3364 1183 3418 διάνοιαν
1217 3365 1274 3418 δὲ
1294 3367 1342 3419 οἱ
1379 3367 1666 3420 ἀπόστολοι
1693 3366 1787 3420 τοῦ

195 3458 445 3528 Σωτῆρος
474 3456 642 3529 ἡμῶν
678 3458 770 3510 καὶ
792 3458 841 3509 oi
871 3455 1071 3510 τούτων
1099 3456 1333 3526 διάδοχοι
1351 3498 1366 3515 .
1398 3458 1529 3510 οἵτε
1567 3460 1645 3521 είς
1670 3458 1789 3511 δεῦ-

197 3565 256 3622 ρο
284 3551 394 3604 τῶν
415 3549 739 3622 ἐκκλησιῶν
783 3549 945 3603 αὑτοῦ
971 3549 1335 3620 προεστῶτες,
1359 3551 1456 3620 τῆς
1479 3550 1664 3610 ἐνθέου
1695 3552 1788 3605 εὑ-

193 3642 467 3714 φροσύνης
499 3639 914 3714 μετελάμϐανον
945 3638 1176 3695 ἐνώπιον
1207 3639 1302 3693 τοῦ
1335 3641 1585 3712 Σιιηῆρος
1606 3643 1786 3713 ήμῶν,

190 3733 342 3806 δίκην
370 3734 656 3806 ἀμώνεων
681 3732 1067 3804 ἐργαζόμενοι·
1113 3733 1343 3804 ἐπείπερ
1375 3735 1604 3806 ἐργάται
1647 3731 1788 3806 ἦσαν

189 3826 282 3881 τοῦ
310 3827 589 3901 θερισμοῦ
615 3829 728 3882 τῶν
763 3827 954 3892 ἐθνῶν,
1011 3831 1416 3903 ἐμπιπλάμενοι
1449 3833 1788 3906 εὐφροσύνης

190 3919 282 3975 ἐπὶ
316 3922 398 3993 τῷ
427 3921 637 3993 πλήθει
673 3921 784 3974 τῶν
815 3921 933 3974 καθ’
975 3922 1214 3995 ἑκάστην
1247 3924 1544 3997 ἐκκλησίαν
1596 3925 1784 3996 ληϊων.

197 4031 215 4062 ι
243 4013 387 4066 Διότι
409 4014 706 4086 ἀφῄρηται
734 4014 763 4067 δ
802 4011 961 4082 ζυγὸς
987 4016 1016 4068 ὁ
1043 4015 1131 4068 ἐπ’
1154 4015 1334 4069 αὐτῶν
1357 4017 1638 4087 κείμενος,
1693 4018 1788 4070 καὶ

189 4103 222 4174 ἠ
255 4103 454 4174 ῥάϐδος
484 4105 586 4160 ἐπὶ
616 4103 715 4158 τοῦ
762 4103 1028 4176 τραχήλου
1089 4105 1290 4160 αὐτῶν.
1331 4125 1351 4158 ι
1405 4107 1789 4162 Ἀπεσείσαντο

191 4194 276 4247 τὺν
303 4196 482 4268 βαρὺν
515 4195 690 4265 ζυγὸν
713 4194 809 4248 τοῦ
840 4197 905 4266 τῇ
951 4194 1161 4267 δουλείᾳ
1215 4197 1314 4268 τῆς
1367 4196 1641 4269 ἁμαρτίας
1688 4197 1786 4250 αὺ-

191 4275 314 4352 τῖοὺς
349 4279 787 4355 ὑποζεύξαντος,
821 4290 914 4344 καὶ
953 4288 1132 4360 ῥάϐδῳ
1171 4287 1262 4341 τὸν
1290 4289 1558 4361 τράχηλον
1609 4286 1788 4342 αὐτῶν

192 4380 728 4451 κατακάμτποντοςο
763 4378 850 4432 ῐνα
885 4379 944 4432 τὸ
992 4379 1345 4433 ἀποστολικδν
1388 4381 1649 4451 κήρυγμα
1688 4379 1787 4450 τῆς

189 4471 364 4541 ψυχῆς
391 4469 841 4536 καταϐάλλοντες
870 4471 944 4542 μὴ
973 4472 1293 4542 ὑποκύψωσι
1338 4475 1404 4545 τῇ
1439 4471 1651 4545 δουλείᾳ
1685 4472 1787 4543 τῆς

1895 3288 2008 3342 tuo,
2056 3279 2197 3332 sicut
2236 3277 2422 3331 laetitia
2479 3276 2534 3330 in
2593 3290 2791 3332 messe.
2832 3293 2852 3327 ι
2911 3274 3003 3330 Sic
3049 3274 3232 3345 itaque
3275 3275 3365 3343 qui
3419 3275 3471 3328 iu

1892 3386 2072 3427 messe
2111 3371 2452 3438 nutriuntur,
2498 3369 2791 3426 confertim
2831 3377 2887 3424 et
2933 3368 3094 3424 simul
3129 3369 3338 3440 epulari
3380 3383 3472 3423 so-

1893 3463 2023 3518 lent.
2069 3462 2384 3518 Secundum
2421 3461 2762 3532 intelligendi
2812 3462 3081 3518 rationem
3129 3477 3297 3527 vero,
3343 3476 3474 3529 apo—

1889 3553 2012 3608 stoli
2044 3553 2347 3610 Salvatoris
2393 3555 2590 3619 nostri,
2624 3568 2839 3609 necnon
2871 3567 3062 3609 eorum
3098 3567 3470 3614 successores,

1889 3659 1956 3700 ac
1983 3644 2046 3710 li,
2079 3646 2170 3715 qui
2216 3647 2285 3700 ad
2327 3646 2433 3703 hoc
2476 3660 2648 3715 usque
2691 3655 2904 3715 tempus
2953 3644 3311 3701 ecclesiarum
3354 3645 3476 3712 ejus

1888 3736 2148 3805 praesules
2177 3736 2425 3801 fuerunt.
2474 3737 2670 3792 divinat
2697 3737 2898 3793 laetitiae
2928 3737 2982 3792 in
3017 3748 3312 3807 conspectu
3350 3737 3472 3794 Sal-

1892 3828 2098 3885 vatoris
2137 3831 2313 3886 nostri
2370 3833 2665 3902 participes
2700 3843 2880 3897 erant,
2928 3833 3245 3888 metentium
3299 3832 3474 3887 instar

1887 3931 2199 3994 operantes,
2240 3924 2369 3993 quia
2424 3926 2622 3980 messis
2668 3927 2950 3997 gentilium
3009 3926 3248 3995 operarii
3287 3935 3471 3984 erant.

1889 4015 2096 4087 perfusi
2134 4017 2334 4083 gaudio
2380 4019 2451 4073 ob
2502 4019 2776 4074 fructuum
2830 4020 2887 4073 in
2941 4018 3172 4089 singulis
3221 4018 3475 4076 ecclesiis

1887 4106 2293 4164 abundantiam.
2332 4127 2350 4160 ι
2376 4109 2512 4176 Quia
2537 4109 2777 4165 ablatum
2807 4119 2890 4165 est
2914 4111 3104 4181 Iugum
3136 4111 3268 4179 ipsis
3294 4111 3472 4180 impo-

1886 4199 2074 4265 situm,
2113 4208 2170 4255 et
2202 4201 2357 4270 virga
2394 4217 2557 4271 supra
2599 4201 2799 4257 collum
2845 4218 3057 4256 eorum.
3111 4222 3131 4256 ι
3166 4202 3344 4259 Grave
3379 4202 3469 4273 ju-

1887 4301 2014 4362 gum
2043 4291 2173 4348 illud
2224 4305 2612 4357 excusserunt,
2663 4295 2782 4364 ejus
2828 4294 2921 4364 qui
2967 4295 3176 4364 peccati
3215 4295 3470 4350 servituti

1889 4399 1948 4439 se
2000 4384 2316 4456 colligabat,
2370 4386 2572 4456 quique
2603 4387 2754 4456 virga
2805 4397 2969 4460 caput
3016 4388 3257 4456 ipsorum
3289 4387 3475 4458 depri-

1893 4473 2107 4539 mebat;
2162 4483 2221 4529 ut
2273 4474 2630 4544 apostolicam
2685 4476 3132 4544 praedicationem
3183 4477 3238 4532 in
3287 4477 3474 4532 anima

191 4564 491 4635 ἀμαρτίας.
521 4566 598 4619 ’Ἡ
613 4563 757 4635 τάχα
775 4566 805 4618 ό
826 4566 993 4620 πάλαι
1018 4568 1131 4630 τοῖς
1181 4563 1396 4628 σκύλοις
1417 4565 1783 4636 ἐπικείμενος.

1891 4563 2222 4630 fundantes,
2276 4579 2340 4621 se
2381 4567 2590 4635 peccati
2650 4568 2901 4621 servituti
2943 4583 3050 4623 non
3107 4566 3471 4623 innectereut.

193 4657 373 4726 φησιν,
404 4657 706 4730 ἀφῄρηται
731 4654 907 4726 ζυγὸς,
931 4658 1026 4712 καὶ
1056 4655 1365 4728 ήράϐδοςή
1397 4657 1490 4710 ἐπὶ
1521 4655 1614 4710 τοῦ
1657 4674 1789 4728 τρα-

191 4747 350 4820 χήλου
383 4750 501 4803 τῶν
535 4749 724 4803 αὐτῶν
754 4748 981 4804 σκύλων.
1014 4749 1182 4818 Ζυγὸς
1212 4747 1323 4818 γὰρ
1346 4743 1412 4820 ἦν
1452 4747 1624 4820 βαρὺς
1669 4753 1789 4812 ταῖς

1888 4655 2014 4713 Sive
2054 4655 2314 4723 fortasse,
2349 4658 2566 4727 jugum,
2597 4658 2694 4722 ait,
2741 4659 2931 4729 spoliis
2971 4659 3101 4713 olim
3134 4659 3471 4729 impositum,

1888 4749 2130 4803 ablatum
2177 4759 2300 4814 est,
2343 4764 2553 4806 necnon
2600 4751 2748 4822 virga
2799 4751 3116 4806 earumdem
3174 4749 3471 4820 spoliorum

191 4839 266 4911 τῷ
285 4841 530 4914 διαϐόλῳ
560 4842 766 4912 ψυχαῖς
794 4841 1213 4914 δεδουλωμένοις
1263 4841 1611 4914 ἐπικείμενος
1631 4857 1647 4871 ·
1695 4843 1788 4895 καὶ

1890 4840 2028 4896 collo
2064 4841 2336 4912 imposita.
2368 4841 2548 4898 Grave
2578 4843 2781 4913 quippe
2804 4843 2996 4913 jugum
3040 4852 3156 4897 erat
3188 4843 3480 4898 animabus

194 4931 382 5004 ῥάϐδος
402 4932 688 5003 θανατικὴ
713 4933 805 4986 τὸν
828 4933 1094 5005 τράχηλον
1124 4929 1304 4985 αὐτῶν
1325 4932 1788 5004 κατακάμπτουσα

1893 4933 2094 4988 diaboli
2138 4934 2391 4990 servituti
2438 4933 2701 5002 subjectis
2739 4937 3084 5005 impositum,
3125 4951 3190 4991 ac
3227 4935 3477 4998 mortalis

192 5027 284 5078 καὶ
312 5028 468 5082 κάτω
497 5026 687 5080 νεύειν
732 5025 956 5080 ποιοῦσα
975 5043 989 5057 ο
1024 5018 1099 5079 ὧν
1125 5024 1496 5096 ἀφῃρημένων
1566 5024 1788 5088 εἰκότως

195 5114 404 5189 ἔχαιρον
429 5119 484 5172 οί
513 5115 890 5186 διαιρούμενοι
919 5116 985 5171 τὰ
1013 5116 1184 5170 σκῦλα
1211 5113 1402 5176 ταῦτα.

264 5317 284 5350 ι
320 5299 436 5372 Τὴν
478 5299 604 5371 γάρ
656 5295 850 5370 ῥάϐδον
901 5299 1007 5352 τῶν
1054 5297 1432 5354 ἀπαιτούντων
1474 5299 1784 5352 διεσκέδασε

195 5390 415 5464 Κύριος,
465 5394 551 5456 ὡς
584 5393 655 5462 τῇ
691 5389 875 5462 ἡμέρᾳ
903 5393 967 5462 τῇ
1022 5393 1112 5444 ἐπὶ
1139 5391 1388 5462 Μαδιάμ.
1431 5411 1450 5444 a
1493 5390 1785 5444 Θεοδοτίων

199 5482 396 5552 μέντοι,
422 5482 527 5538 τοῦ
585 5481 1024 5554 (ἀπαιτοῦντος.)
1064 5486 1429 5556 ἡρμήνευσεν,
1467 5482 1661 5547 ἐνικῶς
1694 5483 1785 5536 τὸν

198 5571 532 5627 ἀπαιτοῦντα
585 5569 690 5625 καὶ⁹
717 5570 1092 5642 ἐκπράσσοντα
1128 5573 1404 5643 σημήνας·
1434 5572 1675 5641 δηλονότι
1696 5573 1786 5626 τὸν

197 5658 454 5727 διάϐολον,
484 5661 552 5726 ὃς
570 5658 904 5730 ἐκπράσσων
929 5661 1150 5717 διετέλει
1178 5660 1277 5726 τὰς
1326 5661 1432 5716 τῶν
1485 5660 1785 5732 ἀνθρώπων

272 5867 315 5896 ’⁸
351 5864 561 5920 Ezeclt.
598 5874 770 5924 xvttt,
797 5858 850 5914 -l.

1896 5023 2067 5093 virga,
2110 5038 2231 5093 quae
2280 5023 2478 5078 collum
2509 5026 2864 5092 deprimeret,
2901 5041 2967 5080 ac
3019 5027 3273 5081 deorsum
3315 5025 3474 5078 incli-

1897 5115 2015 5169 nari
2060 5124 2324 5185 cogeret:
2357 5117 2556 5187 quibus
2595 5117 2793 5173 ablatis
2837 5118 3032 5173 nterito
3058 5118 3368 5190 gaudebant
3414 5117 3474 5185 ii,

1895 5205 1994 5275 qui
2015 5206 2132 5262 hac
2163 5206 2336 5276 spolia
2369 5207 2708 5262 dividebant.

1969 5295 2135 5350 Vens.
2169 5297 2224 5351 5.
2275 5314 2294 5347 ι
2354 5297 2569 5368 Virgam
2618 5295 2766 5352 enim
2808 5309 3127 5354 exactorum
3183 5298 3476 5368 dissipavit

1897 5389 2154 5444 Dominus
2206 5388 2349 5444 sicut
2402 5389 2454 5442 in
2501 5389 2590 5442 die
2635 5389 2869 5445 Madian.
2915 5411 2934 5444 ι
2988 5391 3290 5447 Tlteodotio
3338 5406 3472 5446 sane

1893 5481 2155 5535 exactoris
2193 5479 2580 5550 interpretatus
2614 5491 2717 5544 est,
2769 5493 3114 5553 expetentem
3149 5491 3206 5538 et
3248 5490 3471 5537 exacto-

1895 5585 2006 5625 rem
2046 5569 2395 5640 singulariter
2443 5570 2760 5637 exprimens
2785 5611 2801 5637 ,
2856 5572 3109 5627 videlicet
3153 5571 3470 5637 diabolum,

1893 5663 1985 5734 qui
2017 5661 2292 5721 cxactoris
2325 5663 2688 5721 humanarum
2721 5667 3024 5722 animarum
3054 5666 3226 5723 vicem
3257 5663 3471 5734 agebat,
