4090 6406
627 374 727 435 151

1291 366 1554 428 EUSEBII
1595 365 2063 424 CESARIENSIS
2099 365 2249 423 OPP.
2290 363 2467 420 PARS
2502 361 2590 419 Ill.
2629 394 2699 406 —
2735 359 3144 418 EXEGETICA.

3742 350 3847 406 952

628 501 683 547 et
726 492 878 564 quasi
929 488 1206 559 vectigalia
1258 489 1613 558 exposcebat,
1663 489 1913 544 nimirum
1959 498 2175 555 peccata

2290 485 2478 557 ρυχάςδ
2506 485 2601 539 καὶ
2626 484 2823 553 φόρους
2855 482 3040 552 ὥσπερ
3063 478 3327 541 ἀπαιτῶν,
3363 476 3461 540 τὰς
3511 477 3849 547 χορηγουμέ-

630 599 747 653 qua
805 582 875 635 illi
927 580 1299 635 admittebant.
1350 580 1582 634 Historia
1631 595 1757 635 vero
1808 577 2015 632 Madian
2058 593 2179 646 spe-

630 682 783 727 ctans
812 679 988 725 exstat
1021 670 1071 723 in
1117 669 1252 723 libro
1282 667 1529 723 Judicum
1562 686 1576 720 :
1618 682 1905 739 narratque
1941 684 2181 739 tempore

629 761 915 826 Gedeonis,
947 761 1189 815 inimicos
1212 774 1318 816 non
1350 760 1610 814 instructa
1651 776 1915 815 armorum
1945 762 2060 816 acie
2097 776 2181 815 su-

628 864 846 921 peratos
894 850 1095 917 fuisse,
1145 851 1237 904 sed
1312 851 1516 906 occulta
1546 891 1562 915 ,
1610 851 1860 905 invisibili
1908 860 1961 905 et
2002 853 2179 905 divina

628 942 850 995 virtute.
897 941 985 996 Sic
1018 940 1216 1007 itaque,
1253 940 1476 1009 perinde
1508 948 1668 1007 atque
1700 938 2004 992 Madianitis
2033 938 2179 991 acci-

629 1034 730 1097 dit,
762 1034 945 1086 hostes
976 1031 1184 1087 occulta
1216 1047 1376 1086 manu
1406 1032 1638 1101 superati
1671 1040 1824 1091 sunt;
1857 1041 2017 1098 atque
2043 1043 2183 1084 nunc

629 1128 706 1181 ait
732 1124 1041 1195 dissipatam
1074 1123 1239 1180 fuisse
1265 1126 1471 1194 virgam
1502 1125 1774 1179 exactoris
1816 1123 2048 1190 diaboli,
2084 1137 2184 1177 nec

631 1234 738 1273 non
775 1218 1002 1273 aliorum
1038 1217 1129 1287 qui
1169 1232 1289 1271 cum
1326 1232 1389 1271 eo
1434 1217 1639 1270 animas
1685 1216 1962 1270 hominum
1997 1216 2183 1284 exige-

631 1309 785 1362 bant.
815 1308 963 1362 Alius
991 1320 1117 1362 vero
1149 1322 1255 1360 non
1286 1308 1634 1376 cxigentium,
1681 1306 1796 1370 sed,
1842 1306 2185 1375 inobsequen-

633 1399 783 1460 tium,
832 1398 989 1453 dixit.

708 1508 726 1541 ι
761 1487 892 1555 Quia
950 1502 1160 1544 omnem
1210 1487 1462 1541 amictum
1499 1486 1623 1542 dolo
1654 1486 1959 1551 collectum,
1993 1494 2050 1541 et.
2094 1500 2185 1541 ve-

633 1582 942 1635 stimentum
984 1595 1106 1635 cum
1164 1580 1586 1634 commutatione
1636 1579 1928 1633 restituent
1977 1586 2031 1633 et
2094 1593 2185 1632 cu-

629 1675 811 1741 pient,
847 1675 890 1729 si
926 1674 1057 1727 ﬁant
1104 1672 1229 1739 igne
1268 1672 1553 1726 combusti.
1597 1689 1617 1723 ι
1652 1670 1787 1737 Quia
1830 1686 1948 1726 cum
1998 1670 2184 1725 diabo-

633 1764 716 1819 lus
745 1774 990 1819 ornatum
1030 1768 1223 1822 animae
1256 1774 1312 1821 et
1356 1765 1610 1818 amictum
1660 1764 1806 1832 ejus,
1851 1774 2013 1829 atque
2044 1762 2187 1815 tuni-

2279 594 2372 639 νας
2398 575 2574 629 αὐτῶν
2597 575 2886 646 ἁμαρτίας.
2920 576 3111 628 Κεῖται
3134 572 3244 642 δὲή
3294 572 3420 641 περὶ
3472 570 3571 637 τῆς
3622 568 3849 633 Μαδιάμ

2282 667 2489 738 ἱστορία
2514 670 2571 719 ἐν
2602 670 2715 729 τοῖς
2750 669 2996 738 Κριταῖς,
3027 667 3354 739 περιέχουσα
3383 664 3456 728 ὡς
3485 662 3578 716 ἐπὶ
3613 658 3707 713 τοῦ
3752 659 3849 709 Γε-

2278 757 2412 809 δεὼν
2435 758 2531 826 οὐχ
2555 755 2736 808 ὃπλων
2786 756 3085 828 παρατάξει
3132 758 3437 826 νενίκηνται
3479 756 3527 806 οἰ
3578 751 3846 819 πολέμιοι,

2279 846 2394 901 ἀλλ’
2426 848 2724 915 ἀφανεῖκαὶ
2754 847 2989 919 ἀοράτῳ,
3023 849 3116 901 καὶ
3169 849 3318 920 θεῖκῇ
3359 848 3601 916 δυνάμει.
3662 841 3852 904 Οὕτως

2279 929 2371 986 οὖν
2396 934 2470 997 ὡς
2492 936 2585 987 ἐπὶ
2616 938 2727 998 τοῖς
2760 937 2982 1007 Μαδῖάμ
3006 937 3331 1007 ἐνικήθησαν
3358 938 3405 989 οἰ
3437 935 3680 1004 πολέμιοι
3704 930 3847 1001 χειρὶ

2280 1022 2544 1093 κρυφαία,
2577 1026 2669 1077 καὶ
2701 1024 2794 1077 νῦν
2828 1043 2958 1094 φησι
2987 1026 3356 1090 διεσκεδάσθαι
3386 1026 3482 1095 τὴν
3526 1023 3716 1096 ράὁδον
3752 1018 3849 1074 τοῦ

2282 1114 2636 1178 ἀπαιτοῦντος
2661 1116 2925 1183 διαὸόλου,
2963 1119 3058 1171 καὶ
3078 1118 3185 1171 τῶν
3214 1119 3309 1171 σὺν
3340 1116 3486 1187 αὐτῷ
3515 1116 3614 1177 τὰς
3670 1112 3857 1183 ψυχὰς

2280 1204 2387 1257 τῶν
2413 1206 2712 1279 ἀνθρώπων
2760 1210 3203 1280 ἐκπρασσόντων.
3247 1210 3468 1281 Ἕτερος
3493 1208 3549 1260 δὲ
3574 1208 3633 1260 οὐ
3687 1225 3704 1257 ι
3741 1204 3853 1258 τῶν

2283 1297 2651 1353 ἀπαιτούντων
2679 1321 2698 1352 ι
2747 1300 2871 1372 ἔφη,
2920 1301 3057 1356 ἀλλά
3119 1322 3135 1353 t
3175 1302 3281 1355 τῶν
3335 1301 3740 1356 ἀπειθούντων)
3774 1293 3859 1353 εἷο

2284 1406 2403 1443 πεν.

2358 1482 2511 1535 «Ὅτι
2535 1486 2713 1538 πᾶσαν
2746 1485 2936 1554 στολὴν
2968 1485 3401 1558 ἐπισυνηγμένην
3426 1486 3579 1556 δόλῳ,
3605 1485 3697 1538 καί
3729 1483 3859 1554 ἰμά-

2280 1592 2393 1628 τιον
2424 1576 2560 1645 μετὰ
2587 1578 2928 1649 καταλλαγῆς
2956 1579 3287 1640 ἀποτίσουσι,
3320 1580 3409 1631 καί
3442 1578 3774 1647 θελήσουσιν,
3804 1578 3854 1629 si

2283 1666 2528 1733 ἐγένοντο
2594 1669 2969 1739 πυρίκαυστοι.
3015 1689 3034 1720 ι
3112 1669 3327 1740 Ἐπειδὴ
3378 1669 3469 1721 τὸν
3526 1669 3727 1738 κόσμον
3753 1666 3859 1735 τῆς

2284 1757 2459 1829 ψυχῆς
2516 1760 2610 1812 καὶ
2672 1760 2769 1831 τὴν
2814 1762 3005 1833 στολὴν
3063 1763 3255 1832 αὐτῆς,
3296 1762 3385 1813 τόν
3441 1777 3499 1812 τε
3535 1761 3632 1831 τῆς
3681 1758 3858 1829 ἀρχῆς

630 1870 746 1910 cam
775 1858 1140 1926 principatus,
1188 1872 1293 1927 qua
1340 1857 1683 1920 induebatur,
1724 1854 1868 1909 illam
1914 1855 2181 1923 captivam

2290 1848 2506 1919 χιτῶνα,
2530 1852 2588 1904 ὃν
2620 1853 2989 1924 περιεϐάλετο,
3041 1856 3276 1925 συλήσας
3306 1856 3334 1906 ό
3358 1852 3619 1915 διάόολος,
3648 1853 3735 1905 ὅτε
3762 1853 3860 1903 αὑ-

633 1946 854 2011 ducens,
889 1946 1223 2015 diripuisset,
1268 1946 1462 2000 nudam
1511 1944 1656 1997 illam
1708 1957 1770 1997 ac
1814 1943 2012 1997 {tedam
2056 1943 2181 1997 reli-

631 2040 779 2108 quit:
816 2038 931 2107 ejus
969 2041 1094 2092 item
1142 2039 1402 2103 comites,
1443 2036 1764 2092 adversaria:
1790 2043 2080 2102 potestates
2118 2033 2185 2088 ab

631 2144 695 2183 ea
745 2131 1001 2185 tributum
1033 2130 1338 2199 exigebant,
1380 2128 1505 2183 dolo
1555 2137 1608 2182 et
1638 2126 1849 2181 fallacia
1894 2134 2080 2180 contra
2124 2126 2185 2178 il-

632 2224 738 2279 lam
769 2232 1017 2286 utentes;
1056 2224 1177 2292 jure
1222 2234 1502 2278 exactores
1550 2221 1669 2275 illos
1718 2220 1894 2272 omnia
1945 2220 2186 2288 persolu—

633 2324 784 2369 turos
812 2330 931 2371 esse
960 2316 1089 2370 dicit
1139 2314 1374 2383 Spiritus
1429 2313 1803 2384 propheticus,
1859 2311 1943 2365 his
1983 2311 2181 2373 verbis,

638 2424 658 2459 ι
696 2406 922 2462 Omnem
967 2408 1219 2462 amictum
1273 2406 1392 2461 dolo
1443 2406 1751 2469 colleCtum,
1797 2418 1850 2459 et
1891 2404 2184 2459 vestimen-

635 2508 744 2551 tum
793 2514 913 2552 cum
965 2500 1394 2553 commutatione
1439 2498 1739 2551 restituent.
1788 2516 1807 2550 ι
1857 2496 2020 2551 Iidem
2057 2511 2185 2549 vero

636 2587 735 2657 ipsi
770 2590 861 2659 qui
895 2589 1021 2643 olim
1054 2590 1122 2643 ab
1156 2590 1437 2644 animabus
1466 2588 1739 2642 hominum
1770 2587 2048 2659 vectigalia
2090 2602 2186 2641 ex-

635 2691 940 2749 poscerent,
984 2682 1164 2736 omnia
1212 2681 1264 2735 in
1323 2678 1902 2750 memorato‘lempore
1957 2680 2185 2735 soluturi

632 2786 752 2827 esse
780 2772 1052 2827 dicuntur.

704 2861 865 2919 Vens.
894 2863 946 2917 6.
984 2883 1003 2914 ι
1043 2863 1176 2931 Quia
1213 2863 1468 2934 parvulus
1514 2873 1672 2918 natus
1704 2874 1779 2919 est
1815 2863 1995 2927 nobis,
2039 2871 2095 2917 et
2126 2863 2189 2916 li-

633 2954 735 3009 lius
764 2954 921 3009 datus
956 2966 1037 3010 est
1080 2957 1273 3011 nobis:
1322 2955 1476 3022 cujus
1519 2956 1853 3024 principatus
1890 2955 2067 3009 factus
2108 2964 2190 3007 est

632 3061 791 3115 super
840 3051 1121 3102 lttlmel‘tltn
1172 3048 1306 3115 ejus.
1368 3048 1433 3102 Et
1483 3048 1767 3101 vocabitur
1804 3062 1999 3102 nomen
2050 3048 2187 3117 ejus,

633 3138 813 3206 magni
839 3138 1069 3193 consilii
1110 3140 1353 3209 angelus.
1386 3139 1661 3193 Adducam
1691 3140 1833 3193 enim
1868 3153 2054 3206 pacem
2098 3155 2189 3193 su-

634 3248 736 3303 per
769 3233 1060 3303 principes,
1088 3249 1271 3301 pacem
1300 3243 1355 3287 et
1383 3235 1665 3288 sanitatem
1698 3233 1817 3301 ipsi.
1855 3251 1874 3285 »
1916 3231 2186 3299 Quosnam

634 3326 907 3393 principes
945 3334 1225 3387 memorat,
1267 3326 1371 3379 nisi
1416 3338 1508 3379 eos
1552 3324 1644 3394 qui
1678 3326 1746 3378 ab
1779 3324 1895 3393 ipso
1938 3324 2003 3377 ad
2046 3326 2190 3393 prin-

634 3418 871 3486 cipatum
920 3418 974 3471 in
1025 3417 1265 3472 Beck-sia
1335 3419 1630 3487 gerendum
1686 3418 1965 3473 constituti
2024 3416 2191 3471 sunt?

634 3506 937 3576 Discipulos
967 3508 1087 3562 dico
1113 3520 1165 3561 et
1193 3509 1472 3577 apostolos
1504 3510 1694 3577 ipsius,
1745 3523 1954 3563 necnon
2003 3521 2189 3562 eorum

637 3613 733 3667 per
783 3607 951 3651 totum
986 3600 1173 3654 orbem
1226 3614 1587 3663 successores,
1639 3600 1838 3669 quibus
1880 3599 2059 3651 datmn
2110 3608 2191 3652 est

636 3698 698 3741 ut
736 3702 867 3741 sana
898 3699 1076 3741 mente
1118 3699 1319 3751 essent,
1370 3698 1423 3741 et
1475 3704 1659 3757 pacem
1706 3696 1891 3742 mutuo
1930 3688 2186 3749 colerent,

636 3795 759 3836 cum
810 3780 940 3848 ipsis
971 3780 1193 3844 diceret,
1232 3798 1252 3832 ι
1286 3779 1481 3834 Pacem
1531 3795 1703 3834 meam
1756 3784 1824 3834 do
1866 3781 2042 3846 vobis,
2092 3795 2189 3849 pa-

636 3884 752 3926 cem
806 3886 979 3925 meam
1039 3871 1282 3941 relinquo
1339 3871 1513 3925 vobis.
1584 3869 1808 3939 uagnus
1859 3870 2191 3940 principatus

636 3956 775 4023 ejus,
807 3968 861 4011 et
898 3958 1047 4026 pacis
1077 3960 1194 4028 ejus
1245 3973 1351 4012 non
1402 3961 1508 4013 erit
1556 3959 1678 4013 ﬁnis
1708 3961 1772 4013 η.
1808 3978 1827 4012 ι
1882 3958 2188 4014 Secundum

639 4047 1061 4105 Theodotionetn
1110 4067 1267 4115 vero,
1303 4071 1321 4102 ι
1353 4053 1508 4108 Pacis
1538 4053 1654 4123 ejus
1708 4067 1813 4108 non
1857 4052 1965 4108 erit
2004 4054 2190 4108 termi—

639 4158 758 4196 nus.
810 4162 828 4192 ι
866 4139 1109 4207 Quantus
1141 4157 1303 4208 porro
1348 4142 1509 4197 fuerit
1541 4143 1681 4213 ejus,
1726 4144 1815 4212 qui
1858 4143 1910 4197 in
1957 4145 2191 4213 prophe-

641 4232 714 4285 tia
752 4230 944 4296 fertur,
975 4232 1310 4300 principatus
1344 4233 1629 4303 intelligas,
1672 4234 1715 4289 si
1755 4234 2045 4288 Ecclesiam
2076 4235 2193 4301 ejus

639 4322 693 4377 in
742 4329 859 4377 toto
908 4322 1043 4377 orbe
1094 4323 1446 4377 constitutam
1501 4325 1845 4391 consideres;
1894 4327 1987 4381 sed
2023 4326 2193 4382 multo

637 4411 809 4480 magis
846 4410 890 4465 si
938 4412 1021 4464 his
1060 4412 1126 4465 de
1176 4412 1265 4466 illo
1292 4412 1536 4480 Apostoli
1584 4414 1905 4469 testimoniis
1952 4417 2191 4469 animum

639 4502 928 4568 adhibeas,
972 4501 1166 4572 quibus
1218 4502 1329 4567 ait,
1387 4521 1406 4554 ι
1468 4503 1776 4557 Secundum
1822 4508 2189 4573 operationem
2224 4534 2268 4599 υ

639 4597 893 4663 potentia:
925 4595 1140 4649 virtutis
1178 4596 1318 4665 ejus,
1349 4611 1510 4664 quam
1543 4606 1796 4666 operatus
1839 4606 1919 4650 est
1950 4597 2002 4652 in
2030 4599 2192 4652 Chri-

638 4696 743 4749 sto,
778 4686 1044 4740 suscitans
1073 4686 1221 4739 illtnn
1250 4702 1278 4740 a
1317 4688 1565 4752 mortuis,
1597 4699 1651 4741 et
1683 4689 2016 4743 constituens
2048 4689 2192 4743 illum

636 4776 691 4830 in
721 4776 943 4831 dextera
989 4792 1084 4831 sua
1121 4778 1176 4832 in
1213 4777 1548 4843 caelestibus,
1591 4794 1751 4848 supra
1797 4796 2010 4834 omnem
2044 4782 2195 4849 prin-

636 4869 869 4937 cipatum
911 4878 965 4923 et
1004 4879 1330 4937 petestatem
1377 4880 1431 4925 et
1472 4872 1726 4925 virtutem
1776 4880 1833 4925 et
1873 4872 2196 4927 dominatio-

637 4975 780 5025 nem,
825 4970 877 5015 et
918 4976 1077 5028 supra
1115 4977 1273 5016 omne
1311 4978 1505 5017 nomen
1548 4964 1688 5026 quod
1730 4966 2039 5019 nominatur
2062 4964 2128 5018 ⁸³.
2169 4983 2187 5016 ι

637 5050 713 5103 lta
763 5064 989 5120 magnus
1038 5062 1121 5105 est
1168 5051 1469 5107 Salvatoris
1517 5054 1683 5106 nostri
1730 5053 2097 5123 principatus,
2139 5063 2194 5108 et

637 5142 783 5211 pacis
820 5142 935 5210 ejus
983 5158 1088 5196 non
1124 5153 1207 5196 est
1259 5144 1416 5203 linis;
1459 5159 1579 5197 nam
1625 5141 2059 5210 interminabilis,
2104 5160 2193 5200 se-

638 5235 871 5289 nectutis
897 5249 1091 5304 expers
1122 5244 1175 5287 et
1206 5235 1707 5303 incircumscriptus
1742 5236 1831 5291 ille
1869 5247 1991 5292 est:
2022 5253 2192 5307 quare

636 5325 836 5379 dictum
874 5336 978 5391 est,
1021 5346 1039 5379 ι
1090 5326 1307 5382 Orietur
1346 5329 1399 5383 in
1452 5329 1640 5384 diebus
1689 5330 1855 5399 ipsius
1895 5330 2101 5399 justitia
2139 5342 2193 5385 et

636 5417 1154 5491 alittndantiapacis
1187 5420 1253 5475 ”.
1287 5438 1306 5471 ι

712 5507 871 5561 Vens.
904 5510 955 5561 7.
988 5492 1007 5560 ἆ
1040 5508 1214 5579 Super
1241 5513 1490 5567 thronum
1521 5514 1688 5567 David
1716 5522 1769 5568 et
1796 5530 2019 5585 regnum
2050 5516 2189 5586 ejus,

632 5601 699 5655 ad
742 5600 1078 5670 dirigentium
1116 5602 1277 5669 illud,
1334 5616 1388 5659 et
1428 5606 1875 5675 patrocinandum
1923 5607 1970 5662 ei
2018 5608 2069 5661 in
2104 5606 2193 5675 ju-

2289 1939 2384 2009 τὴν
2418 1940 2724 2011 ὑποχείριον
2762 1942 2954 2009 έλαῆε,
3002 1945 3214 2015 γυμνὴν
3270 1944 3436 2015 αὐτὴν
3482 1944 3576 1997 καί
3625 1941 3864 2013 αἰσχρὰν

2290 2030 2653 2101 κατέστησενθ
2690 2034 2832 2086 αἵτε
2867 2037 2962 2088 σὺν
3010 2034 3157 2105 αύτῷ
3189 2034 3443 2104 δυνάμεις
3485 2034 3864 2103 ἀντικείμεναι

2290 2120 2615 2193 ὲξέπραττον
2640 2126 2828 2196 αὐτὴν,
2861 2126 2995 2197 δόλῳ
3027 2128 3117 2179 καὶ
3149 2128 3330 2200 ἀπάτῃ
3364 2130 3483 2181 κατ’
3510 2126 3675 2194 αὐτῆς
3718 2122 3870 2197 χρώς

2295 2235 2449 2288 μεναι
2475 2236 2488 2249 ·
2544 2216 2719 2270 πάντα
2760 2217 2981 2282 εἰκότως
3042 2219 3315 2272 ἀποτίσειν
3364 2218 3580 2285 λέγεται
3616 2214 3725 2267 ὑπὸ
3766 2212 3861 2266 τοῦ

2292 2308 2626 2379 προφητικοῦ
2675 2308 3002 2378 πνεύματος,
3038 2312 3327 2381 φήσαντος,
3378 2310 3458 2361 ὅτι
3509 2307 3571 2375 δὴ
3631 2324 3649 2355 t
3674 2306 3861 2357 Πᾶσαν

2295 2397 2479 2467 στολὴν
2504 2400 2939 2472 ἐπισυνηγμένην
2966 2400 3118 2470 δόλῳ,
3142 2402 3234 2453 καί
3270 2400 3480 2471 ἱμάτιον
3506 2410 3641 2467 μετα
3665 2395 3865 2467 καταλο

2290 2490 2459 2563 λαγῆς
2482 2494 2842 2547 ἀποτίσουσιν.
2876 2513 2893 2545 ι
2933 2497 2994 2546 Οἱ
3028 2496 3181 2547 αὐτοὶ
3206 2494 3262 2547 δὲ
3285 2488 3430 2547 οὗτοι
3461 2495 3509 2546 οἱ
3560 2493 3727 2547 πάλαι
3764 2492 3869 2555 τὰς

2290 2584 2399 2637 τῶν
2477 2584 2773 2656 ἀνθρώπιον
2842 2586 3019 2657 ψυχὰς
3075 2588 3475 2657 ἐκπράσσοντες
3525 2584 3855 2643 ἁποτιννύειδ

2293 2674 2533 2743 λέγονται
2554 2676 2729 2729 πάντα
2762 2679 2819 2730 ἐν
2851 2678 2927 2747 τῷ
2952 2678 3260 2749 δηλουμένῳ
3292 2676 3482 2749 καιρῷ.

2370 2880 2387 2912 ι
2418 2862 2541 2915 ’Ότι
2568 2861 2777 2915 παιδίον
2811 2861 3068 2932 ἐγεννήθη
3103 2861 3251 2931 ἡμῖν,
3279 2861 3393 2924 υίὸς
3412 2862 3506 2914 καὶ
3533 2860 3685 2931 ἐδόθη
3710 2861 3868 2931 ἡμῖν,

2295 2948 2355 3007 οὗ
2382 2956 2413 3023 ή
2447 2953 2588 3025 ἀρχὴ
2619 2952 2849 3024 ἐγενήθη
2881 2954 2973 3007 ἐπὶ
3002 2951 3094 3005 τοῦ
3113 2952 3263 3022 ὤμου
3292 2952 3478 3006 αὐτοῦ’
3507 2953 3601 3007 καὶ
3619 2951 3868 3006 καλεῙται

2295 3046 2355 3098 τὸ
2380 3046 2547 3115 ὄνομα
2578 3045 2740 3099 αὐτοῦ
2780 3046 3017 3117 μεγάλης
3048 3046 3241 3115 βουλῆς
3279 3045 3527 3114 ἄγγελος.
3575 3043 3724 3109 Ἀξω
3754 3044 3868 3116 γὰρ

2296 3140 2517 3211 εἰρήνην
2543 3140 2633 3191 ἐπὶ
2672 3141 2795 3201 τοὺς
2817 3140 3098 3209 ἄρχοντας,
3133 3139 3354 3209 εἰρήνην
3387 3139 3481 3191 καὶ
3506 3138 3715 3205 ὑγίειαν
3770 3138 3869 3189 αὐσ-

2288 3230 2385 3300 τῴ.
2432 3249 2450 3282 ι
2489 3231 2676 3293 Ποίους
2702 3230 2757 3282 δέ
2784 3247 2945 3300 φησιν
2984 3231 3267 3300 ἄρχοντας,
3309 3230 3341 3300 ἦ
3395 3232 3519 3293 τοὺς
3558 3230 3650 3282 ὑπ’
3698 3229 3867 3284 αὑτοῦ

2289 3321 2475 3390 ἄρχειν
2505 3320 2603 3389 τῆς
2647 3320 2967 3390 Ἐκκλησίας
2998 3318 3161 3371 αὑτοῦ
3198 3318 3667 3389 καθεσταμένους;
3708 3319 3872 3387 Λέγω

2288 3410 2349 3482 δὴ
2382 3410 2623 3480 μαθητὰς
2673 3409 2834 3464 αὑτοῦ
2870 3411 2962 3461 καὶ
2997 3409 3343 3473 ἀποστόλους,
3381 3408 3504 3472 τούς
3524 3426 3584 3463 τε
3619 3409 3717 3480 τὴν
3746 3408 3873 3462 τού-

2289 3517 2394 3553 των
2418 3499 2661 3570 διαδοχὴν
2687 3499 3115 3569 ὑποδεξαμένους
3146 3500 3266 3553 καθ’
3299 3500 3426 3571 ὅλης
3469 3502 3568 3573 τῆς
3609 3500 3871 3570 οἰκουμέι

2289 3606 2405 3661 νης,
2441 3586 2521 3653 οἷς
2553 3590 2729 3662 ψυχῆς
2754 3592 2962 3659 ὑγίειαν
2993 3592 3086 3645 καὶ
3113 3592 3334 3663 εἰρήνην
3367 3592 3507 3662 ἔχειν
3535 3592 3670 3663 πρὸς
3696 3590 3866 3662 ἀλλή-

2290 3682 2411 3745 λους
2440 3682 2708 3753 ἐδωρεῖτο,
2746 3685 2803 3735 ἐν
2835 3682 2916 3746 οἷς
2948 3684 3082 3753 πρὸς
3113 3686 3307 3748 αὐτοὺς
3327 3684 3540 3753 ἐλεγενο
3579 3703 3596 3735 t
3625 3684 3873 3754 Εἰρήνην

2290 3772 2387 3843 τήν
2414 3771 2550 3843 ἐμὴν
2609 3771 2799 3844 δίδωμι
2852 3774 3014 3842 ὑμῖν,
3061 3775 3281 3845 εἰρήνην
3327 3774 3423 3846 τὴν
3478 3775 3614 3844 ἐμὴν
3662 3774 3867 3845 ἀφίημι
3952 3785 3960 3791 ’

2292 3863 2437 3933 ὑμῖν.
2466 3864 2688 3933 Μεγάλη
2724 3867 2756 3935 ή
2785 3865 2926 3936 ἀρχὴ
2962 3864 3148 3928 αὑτοῦ,
3180 3866 3275 3919 καὶ
3295 3866 3396 3935 τῆς
3441 3867 3663 3936 εἰρήνης
3696 3865 3871 3919 αὐτοῦ

2291 3954 2390 4007 οὐκ
2426 3952 2574 4007 ἔσται
2601 3954 2771 4018 τέλος.
2800 3975 2817 4007 ι
2852 3956 3008 4008 Κατά
3040 3954 3168 4024 γοῦν
3192 3956 3285 4008 τὸν
3312 3955 3663 4021 Θεοδοτίωνα,
3696 3976 3714 4007 ι
3752 3957 3863 4028 Ti},

2292 4047 2513 4116 εἰρήνης
2541 4046 2701 4098 αὑτοῦ
2732 4047 2831 4099 οὐκ
2857 4047 3006 4100 ἔσται
3038 4048 3227 4118 πέρας.
3266 4067 3285 4101 ι
3344 4048 3575 4117 Νοήσεις
3601 4048 3657 4101 δὲ
3716 4050 3870 4110 ὅπως

2297 4138 2502 4207 μεγάλη
2529 4138 2715 4206 γέγονε
2748 4139 2842 4191 τοῦ
2875 4141 3348 4210 προφητευομένου
3381 4143 3412 4210 ή
3439 4140 3598 4212 ἀρχὴ,
3618 4141 3717 4209 τὴν
3743 4140 3871 4193 καθ’

2292 4228 2418 4299 ὅλης
2443 4229 2538 4299 τῆς
2565 4231 2886 4301 οἰκουμένης
2929 4232 3250 4301 Ἐκκλησίαν
3286 4232 3451 4285 αὑτοῦ
3481 4232 3699 4303 θεωρῶν
3725 4250 3737 4262 ’
3772 4234 3869 4287 καὶ

2294 4318 2372 4371 ἔτι
2404 4320 2598 4389 μᾶλλον
2632 4323 2931 4392 ἐπιστήσας
2956 4326 3074 4387 ταῖς
3102 4322 3197 4375 τοῦ
3244 4323 3561 4377 Ἀποστόλου
3590 4324 3718 4396 περί
3764 4326 3866 4379 αὐ-

2293 4411 2385 4464 τοῦ
2414 4413 2756 4483 μαρτυρίαις,
2784 4415 2847 4467 δι’
2877 4409 2948 4467 ὧν
2979 4431 3129 4483 φησι,
3187 4433 3202 4464 ι
3258 4414 3414 4468 Κατὰ
3446 4413 3540 4485 τὴν
3589 4414 3871 4486 ἐνέργειαν

2296 4503 2389 4556 τοῦ
2416 4506 2649 4576 κράτους
2678 4507 2775 4577 τῆς
2812 4506 2990 4577 ἰσχύος
3021 4507 3218 4570 αὑτοῦ,
3248 4509 3313 4578 ἣν
3343 4509 3642 4579 ἐνήργησεν
3673 4511 3731 4561 ἐν
3790 4509 3874 4579 τῷ

2295 4596 2530 4666 Χριστῷ,
2564 4598 2779 4667 ἐγείρας
2798 4599 2959 4651 αὑτὸν
2992 4601 3056 4651 ἐκ
3085 4599 3291 4670 νεκρῶν
3321 4602 3414 4654 καὶ
3437 4599 3664 4664 καθίσας
3705 4601 3871 4656 αὐτὸν

2296 4686 2353 4737 ἐν
2380 4685 2526 4756 δεξιᾷ
2556 4685 2715 4739 αὑτοῦ
2748 4688 2803 4738 ἐν
2828 4689 2939 4752 τοῖς
2964 4689 3323 4758 ἐπουρανίοις,
3378 4688 3631 4760 ὑπεράνω
3686 4691 3873 4761 πάσης

2296 4778 2466 4849 ἀρχῆς
2499 4779 2591 4831 καὶ
2635 4779 2878 4842 ἐξουσίας
2905 4819 2920 4841 ,
2957 4781 3047 4832 καὶ
3084 4780 3362 4850 δυνάμεως
3390 4780 3483 4834 καὶ
3525 4782 3871 4855 κυριότητος,

2299 4872 2389 4922 καὶ
2422 4870 2620 4933 παντὸς
2642 4870 2899 4940 ὀνόματος
2935 4871 3354 4941 ὀνομαζομένου.
3398 4892 3414 4923 ι
3455 4872 3610 4926 Οὕτω
3657 4875 3869 4948 μεγάλη

2299 4963 2332 5031 ή
2360 4961 2449 5014 τοῦ
2490 4963 2738 5032 ἃυτῆρος
2769 4964 2923 5033 ήμῶν
2948 4964 3109 5035 ἀρχὴ,
3144 4966 3236 5019 καὶ
3278 4968 3379 5038 τῆς
3431 4968 3650 5038 εἰρήνης
3704 4969 3872 5025 αὐτοῦ

2294 5057 2393 5109 οὐκ
2424 5056 2536 5110 ἐστι
2565 5057 2748 5120 τέλος·
2786 5056 3136 5127 ἀτελεύτητος
3183 5058 3291 5129 γὰρ
3344 5059 3439 5112 καὶ
3490 5060 3714 5130 ἀγήρως
3778 5065 3875 5117 καὶ

2296 5150 2667 5222 ἀπερίγραφπ
2700 5150 2836 5221 αὕτη
2864 5151 3119 5221 τυγχάνει
3139 5169 3150 5180 ο
3176 5152 3258 5204 διὸ
3287 5152 3559 5206 λέλεκται·
3601 5173 3618 5204 ι
3660 5155 3877 5209 Ἀνατε-

2295 5243 2375 5295 λεῖ
2407 5245 2464 5296 ἐν
2500 5247 2617 5307 ταῖς
2640 5243 2871 5315 ἡμέραις
2932 5242 3096 5297 αὐτοῦ
3152 5244 3461 5315 δικαιοσύνη
3515 5244 3609 5299 καὶ
3666 5246 3876 5317 πλῆθος

2298 5336 2537 5407 εἰρήνης,
2574 5355 2592 5386 ι

2365 5442 2383 5474 ι
2437 5426 2557 5477 Ἐπὶ
2584 5425 2674 5479 τὸν
2709 5424 2894 5496 θρόνον
2922 5427 3085 5481 Δαυῒδ
3112 5427 3204 5479 καὶ
3241 5427 3337 5499 τὴν
3378 5430 3649 5500 βασιλείαν
3680 5432 3871 5496 αὐτοῦ,

2300 5519 2640 5591 κατορθῶσαι
2662 5520 2849 5590 αὐτὴν,
2885 5523 2977 5574 καὶ
3008 5522 3390 5576 ἀντιλαϐέσθαι
3419 5525 3476 5576 ἐν
3514 5522 3744 5595 κρίματι
3781 5526 3875 5579 καὶ

2299 5613 2356 5663 ἐν
2383 5611 2710 5684 δικαιοσύνῃ.
2763 5612 2892 5665 Ἀπὸ
2931 5612 3023 5666 τοῦ
3070 5612 3166 5668 νῦν
3223 5614 3317 5667 καὶ
3358 5615 3436 5678 εἰς
3482 5613 3575 5669 τὸν
3629 5616 3803 5671 αἰῶνα
3844 5619 3875 5671 ό

696 5808 736 5840 ³⁷
776 5799 929 5858 Joan.
965 5801 1178 5870 xmi'l.
1255 5805 1299 5838 ⁸⁸
1328 5804 1500 5877 Ephcs
1534 5802 1779 5873 T,’l97‘:".l.
1806 5809 1849 5841 "
1880 5807 2020 5866 Psal.
2059 5827 2207 5874 usi,
2242 5812 2292 5867 7.
