  <div class='ocr_page' id='page_1' title='image "/cluster/home/n/w/nwhite01/storage/ocr_20150623/24/uva.x004246623/092.png"; bbox 0 0 4090 6438; ppageno 0'>
   <div class='ocr_carea' id='block_1_1' title="bbox 167 419 262 480">
    <p class='ocr_par' dir='ltr' id='par_1_1' title="bbox 167 419 262 480">
     <span class='ocr_line' id='line_1_1' title="bbox 167 419 262 480; baseline 0 -2"><span class='ocrx_word' id='word_1_1' title='bbox 167 419 262 480; x_wconf 61' lang='lat'><strong>053</strong></span> 
     </span>
    </p>
   </div>
   <div class='ocr_carea' id='block_1_2' title="bbox 1145 419 2493 483">
    <p class='ocr_par' dir='ltr' id='par_1_2' title="bbox 1145 419 2493 483">
     <span class='ocr_line' id='line_1_2' title="bbox 1145 419 2493 483; baseline -0.001 -6"><span class='ocrx_word' id='word_1_2' title='bbox 1145 420 1650 480; x_wconf 70' lang='lat' dir='ltr'><strong>COIIENTARIA</strong></span> <span class='ocrx_word' id='word_1_3' title='bbox 1690 425 1757 482; x_wconf 75' lang='grc' dir='ltr'><strong>ΙΝ</strong></span> <span class='ocrx_word' id='word_1_4' title='bbox 1797 424 2058 483; x_wconf 65' lang='grc' dir='ltr'><strong>ιεΑιΑΜ.</strong></span> <span class='ocrx_word' id='word_1_5' title='bbox 2098 457 2166 467; x_wconf 90' lang='grc'><strong><em>-</em></strong></span> <span class='ocrx_word' id='word_1_6' title='bbox 2203 419 2360 480; x_wconf 74' lang='lat' dir='ltr'><strong>CAP.</strong></span> <span class='ocrx_word' id='word_1_7' title='bbox 2402 420 2493 476; x_wconf 80' lang='lat' dir='ltr'><strong>IX.</strong></span> 
     </span>
    </p>
   </div>
   <div class='ocr_carea' id='block_1_3' title="bbox 3369 419 3478 473">
    <p class='ocr_par' dir='ltr' id='par_1_3' title="bbox 3369 419 3478 473">
     <span class='ocr_line' id='line_1_3' title="bbox 3369 419 3478 473; baseline -0.009 0"><span class='ocrx_word' id='word_1_8' title='bbox 3369 419 3478 473; x_wconf 68' lang='grc' dir='ltr'><strong>ιδι</strong></span> 
     </span>
    </p>
   </div>
   <div class='ocr_carea' id='block_1_4' title="bbox 168 528 1786 612">
    <p class='ocr_par' dir='ltr' id='par_1_4' title="bbox 168 533 1786 612">
     <span class='ocr_line' id='line_1_4' title="bbox 168 533 1786 612; baseline 0.004 -23"><span class='ocrx_word' id='word_1_9' title='bbox 168 536 318 607; x_wconf 74' lang='grc' dir='ltr'><strong>ζῆλος</strong></span> <span class='ocrx_word' id='word_1_10' title='bbox 351 536 576 609; x_wconf 81' lang='grc' dir='ltr'><strong>Κυρίου</strong></span> <span class='ocrx_word' id='word_1_11' title='bbox 616 533 860 589; x_wconf 86' lang='grc' dir='ltr'><strong>Σαϐαὼθ</strong></span> <span class='ocrx_word' id='word_1_12' title='bbox 911 535 1126 606; x_wconf 80' lang='grc' dir='ltr'><strong>ποιήσει</strong></span> <span class='ocrx_word' id='word_1_13' title='bbox 1192 537 1383 594; x_wconf 81' lang='grc' dir='ltr'><strong>ταῦτα.</strong></span> <span class='ocrx_word' id='word_1_14' title='bbox 1422 558 1441 591; x_wconf 85' lang='grc'><strong>›</strong></span> <span class='ocrx_word' id='word_1_15' title='bbox 1506 541 1674 612; x_wconf 86' lang='grc' dir='ltr'><strong>Τήρει</strong></span> <span class='ocrx_word' id='word_1_16' title='bbox 1728 542 1786 595; x_wconf 69' lang='grc' dir='ltr'><strong>δὶ</strong></span> 
     </span>
    </p>
   </div>
   <div class='ocr_carea' id='block_1_5' title="bbox 1891 528 3474 612">
    <p class='ocr_par' dir='ltr' id='par_1_5' title="bbox 1891 528 3474 606">
     <span class='ocr_line' id='line_1_5' title="bbox 1891 528 3474 606; baseline -0.009 -8"><span class='ocrx_word' id='word_1_17' title='bbox 1891 542 2034 598; x_wconf 90' lang='lat' dir='ltr'><strong>dicio</strong></span> <span class='ocrx_word' id='word_1_18' title='bbox 2086 549 2142 596; x_wconf 92' lang='lat' dir='ltr'><strong>et</strong></span> <span class='ocrx_word' id='word_1_19' title='bbox 2185 539 2239 593; x_wconf 90' lang='lat' dir='ltr'><strong>in</strong></span> <span class='ocrx_word' id='word_1_20' title='bbox 2271 534 2508 606; x_wconf 77' lang='lat' dir='ltr'><strong>iustitia.</strong></span> <span class='ocrx_word' id='word_1_21' title='bbox 2557 533 2771 588; x_wconf 79' lang='lat' dir='ltr'><strong>Amodo</strong></span> <span class='ocrx_word' id='word_1_22' title='bbox 2799 541 2856 587; x_wconf 92' lang='lat' dir='ltr'><strong>et</strong></span> <span class='ocrx_word' id='word_1_23' title='bbox 2914 531 2967 586; x_wconf 93' lang='lat' dir='ltr'><strong>in</strong></span> <span class='ocrx_word' id='word_1_24' title='bbox 3010 528 3270 586; x_wconf 67' lang='lat' dir='ltr'><strong>seculum</strong></span> <span class='ocrx_word' id='word_1_25' title='bbox 3324 532 3474 584; x_wconf 78' lang='lat' dir='ltr'><strong>zelus</strong></span> 
     </span>
    </p>
   </div>
   <div class='ocr_carea' id='block_1_6' title="bbox 170 627 1780 702">
    <p class='ocr_par' dir='ltr' id='par_1_6' title="bbox 170 627 1780 702">
     <span class='ocr_line' id='line_1_6' title="bbox 170 627 1780 702; baseline 0.002 -19"><span class='ocrx_word' id='word_1_26' title='bbox 170 629 409 701; x_wconf 80' lang='grc' dir='ltr'><strong>ἀκριϐῶς</strong></span> <span class='ocrx_word' id='word_1_27' title='bbox 440 630 607 692; x_wconf 80' lang='grc' dir='ltr'><strong>ὅπως</strong></span> <span class='ocrx_word' id='word_1_28' title='bbox 652 629 762 681; x_wconf 83' lang='grc' dir='ltr'><strong>οὐκ</strong></span> <span class='ocrx_word' id='word_1_29' title='bbox 815 627 1027 700; x_wconf 78' lang='grc' dir='ltr'><strong>εἴρηται</strong></span> <span class='ocrx_word' id='word_1_30' title='bbox 1075 628 1504 702; x_wconf 83' lang='grc' dir='ltr'><strong>καθεσθήσεσθαι</strong></span> <span class='ocrx_word' id='word_1_31' title='bbox 1547 634 1640 686; x_wconf 57' lang='grc' dir='ltr'><strong>ιω</strong></span> <span class='ocrx_word' id='word_1_32' title='bbox 1689 633 1780 687; x_wconf 78' lang='grc' dir='ltr'><strong>τὸν</strong></span> 
     </span>
    </p>
   </div>
   <div class='ocr_carea' id='block_1_7' title="bbox 171 720 1781 796">
    <p class='ocr_par' dir='ltr' id='par_1_7' title="bbox 171 720 1781 796">
     <span class='ocr_line' id='line_1_7' title="bbox 171 720 1781 796; baseline 0.002 -20"><span class='ocrx_word' id='word_1_33' title='bbox 171 723 348 794; x_wconf 78' lang='grc' dir='ltr'><strong>θρόνον</strong></span> <span class='ocrx_word' id='word_1_34' title='bbox 383 721 562 776; x_wconf 74' lang='grc' dir='ltr'><strong>Δαυῖδ</strong></span> <span class='ocrx_word' id='word_1_35' title='bbox 599 720 977 783; x_wconf 79' lang='grc' dir='ltr'><strong>ἁπλῶς,ἀλλὰ</strong></span> <span class='ocrx_word' id='word_1_36' title='bbox 1003 722 1098 774; x_wconf 75' lang='grc' dir='ltr'><strong>καὶ</strong></span> <span class='ocrx_word' id='word_1_37' title='bbox 1125 722 1219 774; x_wconf 78' lang='grc' dir='ltr'><strong>ἐπὶ</strong></span> <span class='ocrx_word' id='word_1_38' title='bbox 1251 723 1350 796; x_wconf 80' lang='grc' dir='ltr'><strong>τὴν</strong></span> <span class='ocrx_word' id='word_1_39' title='bbox 1381 725 1652 795; x_wconf 80' lang='grc' dir='ltr'><strong>βασιλειαν</strong></span> <span class='ocrx_word' id='word_1_40' title='bbox 1684 728 1781 780; x_wconf 78' lang='grc' dir='ltr'><strong>αύ-</strong></span> 
     </span>
    </p>
   </div>
   <div class='ocr_carea' id='block_1_8' title="bbox 171 808 1781 882">
    <p class='ocr_par' dir='ltr' id='par_1_8' title="bbox 171 808 1781 882">
     <span class='ocr_line' id='line_1_8' title="bbox 171 808 1781 882; baseline 0.005 -21"><span class='ocrx_word' id='word_1_41' title='bbox 171 810 276 871; x_wconf 80' lang='grc' dir='ltr'><strong>τοῦ,</strong></span> <span class='ocrx_word' id='word_1_42' title='bbox 308 808 682 880; x_wconf 83' lang='grc' dir='ltr'><strong>κατορθῶσαι</strong></span> <span class='ocrx_word' id='word_1_43' title='bbox 711 809 886 879; x_wconf 73' lang='grc' dir='ltr'><strong>αὐτήν</strong></span> <span class='ocrx_word' id='word_1_44' title='bbox 906 825 919 838; x_wconf 94' lang='grc'><strong>·</strong></span> <span class='ocrx_word' id='word_1_45' title='bbox 955 809 1114 879; x_wconf 81' lang='grc' dir='ltr'><strong>ήμῶν</strong></span> <span class='ocrx_word' id='word_1_46' title='bbox 1150 817 1670 882; x_wconf 73' lang='grc' dir='ltr'><strong>προσυπακουόντιιιν</strong></span> <span class='ocrx_word' id='word_1_47' title='bbox 1721 817 1781 869; x_wconf 85' lang='grc' dir='ltr'><strong>τὸ</strong></span> 
     </span>
    </p>
   </div>
   <div class='ocr_carea' id='block_1_9' title="bbox 172 901 1781 976">
    <p class='ocr_par' dir='ltr' id='par_1_9' title="bbox 172 901 1781 976">
     <span class='ocr_line' id='line_1_9' title="bbox 172 901 1781 976; baseline 0.002 -20"><span class='ocrx_word' id='word_1_48' title='bbox 172 903 310 973; x_wconf 65' lang='grc' dir='ltr'><strong>ἥξειν</strong></span> <span class='ocrx_word' id='word_1_49' title='bbox 338 903 511 955; x_wconf 78' lang='grc' dir='ltr'><strong>αὑτὸν</strong></span> <span class='ocrx_word' id='word_1_50' title='bbox 546 905 652 955; x_wconf 72' lang='grc' dir='ltr'><strong>ἐπὶ</strong></span> <span class='ocrx_word' id='word_1_51' title='bbox 683 901 768 972; x_wconf 79' lang='grc' dir='ltr'><strong>τῷ</strong></span> <span class='ocrx_word' id='word_1_52' title='bbox 801 901 1147 973; x_wconf 77' lang='grc' dir='ltr'><strong>κατορθῶσαι</strong></span> <span class='ocrx_word' id='word_1_53' title='bbox 1176 903 1268 956; x_wconf 82' lang='grc' dir='ltr'><strong>τὸν</strong></span> <span class='ocrx_word' id='word_1_54' title='bbox 1289 903 1471 976; x_wconf 82' lang='grc' dir='ltr'>θρόνον</span> <span class='ocrx_word' id='word_1_55' title='bbox 1500 907 1663 961; x_wconf 74' lang='grc' dir='ltr'><strong>Δαυῒδ</strong></span> <span class='ocrx_word' id='word_1_56' title='bbox 1686 909 1781 962; x_wconf 71' lang='grc' dir='ltr'><strong>καὶ</strong></span> 
     </span>
    </p>
   </div>
   <div class='ocr_carea' id='block_1_10' title="bbox 174 994 1780 1070">
    <p class='ocr_par' dir='ltr' id='par_1_10' title="bbox 174 994 1780 1070">
     <span class='ocr_line' id='line_1_10' title="bbox 174 994 1780 1070; baseline 0.003 -22"><span class='ocrx_word' id='word_1_57' title='bbox 174 998 259 1066; x_wconf 77' lang='grc' dir='ltr'><strong>τὴν</strong></span> <span class='ocrx_word' id='word_1_58' title='bbox 273 997 486 1067; x_wconf 78' lang='grc' dir='ltr'><strong>σκηνὴν</strong></span> <span class='ocrx_word' id='word_1_59' title='bbox 507 999 904 1049; x_wconf 82' lang='grc' dir='ltr'><strong>πεπτωκυῖαν.</strong></span> <span class='ocrx_word' id='word_1_60' title='bbox 923 994 1144 1065; x_wconf 78' lang='grc' dir='ltr'><strong>Ἐπειδὴ</strong></span> <span class='ocrx_word' id='word_1_61' title='bbox 1167 996 1276 1068; x_wconf 81' lang='grc' dir='ltr'><strong>γὰρ</strong></span> <span class='ocrx_word' id='word_1_62' title='bbox 1296 998 1665 1070; x_wconf 80' lang='grc' dir='ltr'><strong>κατέστραπτο</strong></span> <span class='ocrx_word' id='word_1_63' title='bbox 1688 1001 1780 1053; x_wconf 76' lang='grc' dir='ltr'><strong>καὶ</strong></span> 
     </span>
    </p>
   </div>
   <div class='ocr_carea' id='block_1_11' title="bbox 176 1085 1781 1160">
    <p class='ocr_par' dir='ltr' id='par_1_11' title="bbox 176 1085 1781 1160">
     <span class='ocr_line' id='line_1_11' title="bbox 176 1085 1781 1160; baseline 0 -18"><span class='ocrx_word' id='word_1_64' title='bbox 176 1087 444 1160; x_wconf 75' lang='grc' dir='ltr'><strong>καθῄρητο</strong></span> <span class='ocrx_word' id='word_1_65' title='bbox 478 1090 514 1160; x_wconf 80' lang='grc' dir='ltr'>ἡ</span> <span class='ocrx_word' id='word_1_66' title='bbox 545 1087 815 1158; x_wconf 86' lang='grc' dir='ltr'><strong>βασιλεία</strong></span> <span class='ocrx_word' id='word_1_67' title='bbox 845 1085 1009 1140; x_wconf 79' lang='grc' dir='ltr'><strong>Δαυῒδ</strong></span> <span class='ocrx_word' id='word_1_68' title='bbox 1035 1086 1147 1142; x_wconf 79' lang='grc' dir='ltr'><strong>ἀπὸ</strong></span> <span class='ocrx_word' id='word_1_69' title='bbox 1178 1088 1286 1140; x_wconf 85' lang='grc' dir='ltr'><strong>τῶν</strong></span> <span class='ocrx_word' id='word_1_70' title='bbox 1319 1090 1522 1160; x_wconf 83' lang='grc' dir='ltr'><strong>χρόνων</strong></span> <span class='ocrx_word' id='word_1_71' title='bbox 1566 1090 1668 1160; x_wconf 78' lang='grc' dir='ltr'><strong>τῆς</strong></span> <span class='ocrx_word' id='word_1_72' title='bbox 1701 1091 1781 1153; x_wconf 89' lang='grc' dir='ltr'><strong>εἰς</strong></span> 
     </span>
    </p>
   </div>
   <div class='ocr_carea' id='block_1_12' title="bbox 176 1178 1781 1256">
    <p class='ocr_par' dir='ltr' id='par_1_12' title="bbox 176 1178 1781 1256">
     <span class='ocr_line' id='line_1_12' title="bbox 176 1178 1781 1256; baseline -0.007 -22"><span class='ocrx_word' id='word_1_73' title='bbox 176 1181 463 1236; x_wconf 81' lang='grc' dir='ltr'><strong>Βαϐυλῶνα</strong></span> <span class='ocrx_word' id='word_1_74' title='bbox 507 1182 906 1254; x_wconf 75' lang='grc' dir='ltr'><strong>αἰχμαλωσίας</strong></span> <span class='ocrx_word' id='word_1_75' title='bbox 937 1179 1033 1233; x_wconf 82' lang='grc' dir='ltr'><strong>τοῦ</strong></span> <span class='ocrx_word' id='word_1_76' title='bbox 1070 1179 1201 1233; x_wconf 82' lang='grc' dir='ltr'><strong>λαοῦ</strong></span> <span class='ocrx_word' id='word_1_77' title='bbox 1227 1199 1240 1212; x_wconf 91' lang='grc'><strong>·</strong></span> <span class='ocrx_word' id='word_1_78' title='bbox 1286 1178 1419 1254; x_wconf 83' lang='grc' dir='ltr'><strong>ἦσαν</strong></span> <span class='ocrx_word' id='word_1_79' title='bbox 1463 1184 1518 1236; x_wconf 85' lang='grc' dir='ltr'><strong>δὲ</strong></span> <span class='ocrx_word' id='word_1_80' title='bbox 1565 1199 1781 1256; x_wconf 82' lang='grc' dir='ltr'><strong>προφη-</strong></span> 
     </span>
    </p>
   </div>
   <div class='ocr_carea' id='block_1_13' title="bbox 178 1271 1780 1346">
    <p class='ocr_par' dir='ltr' id='par_1_13' title="bbox 178 1271 1780 1346">
     <span class='ocr_line' id='line_1_13' title="bbox 178 1271 1780 1346; baseline 0.001 -20"><span class='ocrx_word' id='word_1_81' title='bbox 178 1276 305 1326; x_wconf 81' lang='grc' dir='ltr'><strong>τείαι</strong></span> <span class='ocrx_word' id='word_1_82' title='bbox 335 1273 715 1338; x_wconf 72' lang='grc' dir='ltr'><strong>θεσπίζουσαι</strong></span> <span class='ocrx_word' id='word_1_83' title='bbox 742 1274 834 1326; x_wconf 81' lang='grc' dir='ltr'><strong>τὸν</strong></span> <span class='ocrx_word' id='word_1_84' title='bbox 870 1271 1064 1342; x_wconf 84' lang='grc' dir='ltr'><strong>θρόνον</strong></span> <span class='ocrx_word' id='word_1_85' title='bbox 1105 1271 1270 1326; x_wconf 78' lang='grc' dir='ltr'><strong>Δαυτδ</strong></span> <span class='ocrx_word' id='word_1_86' title='bbox 1298 1274 1618 1346; x_wconf 75' lang='grc' dir='ltr'><strong>διαλάμψειν</strong></span> <span class='ocrx_word' id='word_1_87' title='bbox 1666 1293 1780 1344; x_wconf 85' lang='grc' dir='ltr'><strong>φω-</strong></span> 
     </span>
    </p>
   </div>
   <div class='ocr_carea' id='block_1_14' title="bbox 179 1359 1785 1434">
    <p class='ocr_par' dir='ltr' id='par_1_14' title="bbox 179 1359 1785 1434">
     <span class='ocr_line' id='line_1_14' title="bbox 179 1359 1785 1434; baseline -0.001 -19"><span class='ocrx_word' id='word_1_88' title='bbox 179 1366 259 1427; x_wconf 80' lang='grc' dir='ltr'><strong>τὸς</strong></span> <span class='ocrx_word' id='word_1_89' title='bbox 287 1363 522 1434; x_wconf 79' lang='grc' dir='ltr'><strong>ἡλιακοῦ</strong></span> <span class='ocrx_word' id='word_1_90' title='bbox 554 1363 724 1434; x_wconf 83' lang='grc' dir='ltr'><strong>δίκην</strong></span> <span class='ocrx_word' id='word_1_91' title='bbox 756 1361 876 1417; x_wconf 76' lang='grc' dir='ltr'><strong>καθ’</strong></span> <span class='ocrx_word' id='word_1_92' title='bbox 905 1360 1036 1430; x_wconf 82' lang='grc' dir='ltr'><strong>ὅλης</strong></span> <span class='ocrx_word' id='word_1_93' title='bbox 1083 1359 1186 1429; x_wconf 81' lang='grc' dir='ltr'><strong>τῆς</strong></span> <span class='ocrx_word' id='word_1_94' title='bbox 1237 1364 1559 1432; x_wconf 75' lang='grc' dir='ltr'><strong>οἰκουμένης</strong></span> <span class='ocrx_word' id='word_1_95' title='bbox 1586 1381 1598 1392; x_wconf 87' lang='grc'><strong>·</strong></span> <span class='ocrx_word' id='word_1_96' title='bbox 1652 1362 1785 1415; x_wconf 80' lang='grc' dir='ltr'><strong>ταύο</strong></span> 
     </span>
    </p>
   </div>
   <div class='ocr_carea' id='block_1_15' title="bbox 181 1453 1786 1528">
    <p class='ocr_par' dir='ltr' id='par_1_15' title="bbox 181 1453 1786 1528">
     <span class='ocr_line' id='line_1_15' title="bbox 181 1453 1786 1528; baseline -0.002 -19"><span class='ocrx_word' id='word_1_97' title='bbox 181 1475 268 1528; x_wconf 84' lang='grc' dir='ltr'><strong>την</strong></span> <span class='ocrx_word' id='word_1_98' title='bbox 289 1458 463 1528; x_wconf 81' lang='grc' dir='ltr'><strong>αὐτὴν</strong></span> <span class='ocrx_word' id='word_1_99' title='bbox 500 1456 744 1528; x_wconf 66' lang='grc' dir='ltr'><strong>ἐλήλυθε</strong></span> <span class='ocrx_word' id='word_1_100' title='bbox 802 1455 895 1526; x_wconf 81' lang='grc' dir='ltr'><strong>τὴν</strong></span> <span class='ocrx_word' id='word_1_101' title='bbox 951 1453 1290 1521; x_wconf 68' lang='grc' dir='ltr'><strong>ἐπαγγελίαν</strong></span> <span class='ocrx_word' id='word_1_102' title='bbox 1347 1455 1671 1526; x_wconf 84' lang='grc' dir='ltr'><strong>πληρῶσαι·</strong></span> <span class='ocrx_word' id='word_1_103' title='bbox 1720 1456 1786 1506; x_wconf 83' lang='grc' dir='ltr'><strong>ὲκ</strong></span> 
     </span>
    </p>
   </div>
   <div class='ocr_carea' id='block_1_16' title="bbox 185 1546 1786 1620">
    <p class='ocr_par' dir='ltr' id='par_1_16' title="bbox 185 1546 1786 1620">
     <span class='ocr_line' id='line_1_16' title="bbox 185 1546 1786 1620; baseline -0.002 -18"><span class='ocrx_word' id='word_1_104' title='bbox 185 1550 487 1620; x_wconf 71' lang='grc' dir='ltr'><strong>σπέρματος</strong></span> <span class='ocrx_word' id='word_1_105' title='bbox 520 1551 631 1620; x_wconf 86' lang='grc' dir='ltr'><strong>μὲν</strong></span> <span class='ocrx_word' id='word_1_106' title='bbox 654 1548 821 1602; x_wconf 74' lang='grc' dir='ltr'><strong>Δαυῖδ</strong></span> <span class='ocrx_word' id='word_1_107' title='bbox 848 1546 984 1600; x_wconf 72' lang='grc' dir='ltr'><strong>κατὰ</strong></span> <span class='ocrx_word' id='word_1_108' title='bbox 1012 1547 1190 1618; x_wconf 82' lang='grc' dir='ltr'><strong>σάρκα</strong></span> <span class='ocrx_word' id='word_1_109' title='bbox 1216 1546 1585 1616; x_wconf 81' lang='grc' dir='ltr'><strong>γεννώμενος,</strong></span> <span class='ocrx_word' id='word_1_110' title='bbox 1615 1565 1786 1599; x_wconf 81' lang='grc' dir='ltr'><strong>κατα-</strong></span> 
     </span>
    </p>
   </div>
   <div class='ocr_carea' id='block_1_17' title="bbox 183 1637 1791 1713">
    <p class='ocr_par' dir='ltr' id='par_1_17' title="bbox 183 1637 1791 1713">
     <span class='ocr_line' id='line_1_17' title="bbox 183 1637 1791 1713; baseline -0.002 -20"><span class='ocrx_word' id='word_1_111' title='bbox 183 1639 398 1710; x_wconf 70' lang='grc' dir='ltr'><strong>λάμπων</strong></span> <span class='ocrx_word' id='word_1_112' title='bbox 418 1642 478 1694; x_wconf 81' lang='grc' dir='ltr'><strong>δὲ</strong></span> <span class='ocrx_word' id='word_1_113' title='bbox 513 1643 622 1706; x_wconf 77' lang='grc' dir='ltr'><strong>τὰς</strong></span> <span class='ocrx_word' id='word_1_114' title='bbox 645 1642 764 1695; x_wconf 85' lang='grc' dir='ltr'><strong>τῶν</strong></span> <span class='ocrx_word' id='word_1_115' title='bbox 795 1641 1092 1713; x_wconf 81' lang='grc' dir='ltr'><strong>ἀνθρώπων</strong></span> <span class='ocrx_word' id='word_1_116' title='bbox 1119 1638 1302 1708; x_wconf 72' lang='grc' dir='ltr'><strong>ψυχάς</strong></span> <span class='ocrx_word' id='word_1_117' title='bbox 1323 1655 1334 1666; x_wconf 90' lang='grc'><strong>·</strong></span> <span class='ocrx_word' id='word_1_118' title='bbox 1388 1639 1484 1692; x_wconf 79' lang='grc' dir='ltr'><strong>καὶ</strong></span> <span class='ocrx_word' id='word_1_119' title='bbox 1513 1637 1610 1708; x_wconf 79' lang='grc' dir='ltr'><strong>τὴν</strong></span> <span class='ocrx_word' id='word_1_120' title='bbox 1641 1638 1791 1707; x_wconf 79' lang='grc' dir='ltr'><strong>βασι-</strong></span> 
     </span>
    </p>
   </div>
   <div class='ocr_carea' id='block_1_18' title="bbox 184 1729 1790 1807">
    <p class='ocr_par' dir='ltr' id='par_1_18' title="bbox 184 1729 1790 1807">
     <span class='ocr_line' id='line_1_18' title="bbox 184 1729 1790 1807; baseline -0.003 -21"><span class='ocrx_word' id='word_1_121' title='bbox 184 1733 318 1787; x_wconf 80' lang='grc' dir='ltr'><strong>λείαν</strong></span> <span class='ocrx_word' id='word_1_122' title='bbox 341 1734 512 1787; x_wconf 74' lang='grc' dir='ltr'><strong>αὐτοῦ</strong></span> <span class='ocrx_word' id='word_1_123' title='bbox 547 1736 845 1807; x_wconf 83' lang='grc' dir='ltr'><strong>κρατύνων</strong></span> <span class='ocrx_word' id='word_1_124' title='bbox 876 1733 964 1788; x_wconf 77' lang='grc' dir='ltr'><strong>διὰ</strong></span> <span class='ocrx_word' id='word_1_125' title='bbox 990 1733 1207 1786; x_wconf 82' lang='grc' dir='ltr'><strong>πάντων</strong></span> <span class='ocrx_word' id='word_1_126' title='bbox 1237 1729 1349 1782; x_wconf 81' lang='grc' dir='ltr'><strong>τῶν</strong></span> <span class='ocrx_word' id='word_1_127' title='bbox 1386 1731 1510 1781; x_wconf 76' lang='grc' dir='ltr'><strong>καθ’</strong></span> <span class='ocrx_word' id='word_1_128' title='bbox 1539 1731 1668 1800; x_wconf 86' lang='grc' dir='ltr'><strong>ὃλην</strong></span> <span class='ocrx_word' id='word_1_129' title='bbox 1691 1730 1790 1800; x_wconf 77' lang='grc' dir='ltr'><strong>τὴν</strong></span> 
     </span>
    </p>
   </div>
   <div class='ocr_carea' id='block_1_19' title="bbox 1884 623 3474 691">
    <p class='ocr_par' dir='ltr' id='par_1_19' title="bbox 1884 623 3474 691">
     <span class='ocr_line' id='line_1_19' title="bbox 1884 623 3474 691; baseline -0.011 0"><span class='ocrx_word' id='word_1_130' title='bbox 1884 633 2098 691; x_wconf 88' lang='lat' dir='ltr'><strong>Domini</strong></span> <span class='ocrx_word' id='word_1_131' title='bbox 2139 630 2384 687; x_wconf 76' lang='lat' dir='ltr'><strong>Sabaoth</strong></span> <span class='ocrx_word' id='word_1_132' title='bbox 2440 626 2608 682; x_wconf 83' lang='lat' dir='ltr'><strong>faciet</strong></span> <span class='ocrx_word' id='word_1_133' title='bbox 2656 627 2790 679; x_wconf 69' lang='lat' dir='ltr'><strong>haec.</strong></span> <span class='ocrx_word' id='word_1_134' title='bbox 2829 644 2848 678; x_wconf 72' lang='grc' dir='ltr'><strong>ι</strong></span> <span class='ocrx_word' id='word_1_135' title='bbox 2882 623 3152 680; x_wconf 86' lang='lat' dir='ltr'><strong>Observes</strong></span> <span class='ocrx_word' id='word_1_136' title='bbox 3195 634 3474 683; x_wconf 85' lang='lat' dir='ltr'><strong>accurate,</strong></span> 
     </span>
    </p>
   </div>
   <div class='ocr_carea' id='block_1_20' title="bbox 1885 713 3478 794">
    <p class='ocr_par' dir='ltr' id='par_1_20' title="bbox 1885 713 3478 794">
     <span class='ocr_line' id='line_1_20' title="bbox 1885 713 3478 794; baseline -0.009 -12"><span class='ocrx_word' id='word_1_137' title='bbox 1885 742 1991 782; x_wconf 78' lang='lat' dir='ltr'><strong>non</strong></span> <span class='ocrx_word' id='word_1_138' title='bbox 2025 723 2351 794; x_wconf 68' lang='lat' dir='ltr'><strong>simpliciter</strong></span> <span class='ocrx_word' id='word_1_139' title='bbox 2385 720 2592 775; x_wconf 90' lang='lat' dir='ltr'><strong>dictum</strong></span> <span class='ocrx_word' id='word_1_140' title='bbox 2635 717 2800 772; x_wconf 87' lang='lat' dir='ltr'><strong>fuisse</strong></span> <span class='ocrx_word' id='word_1_141' title='bbox 2843 719 3017 786; x_wconf 88' lang='lat' dir='ltr'><strong>ipsum</strong></span> <span class='ocrx_word' id='word_1_142' title='bbox 3054 717 3106 770; x_wconf 88' lang='lat' dir='ltr'><strong>in</strong></span> <span class='ocrx_word' id='word_1_143' title='bbox 3139 716 3335 769; x_wconf 91' lang='lat' dir='ltr'><strong>throno</strong></span> <span class='ocrx_word' id='word_1_144' title='bbox 3374 713 3478 768; x_wconf 88' lang='lat' dir='ltr'><strong>Da-</strong></span> 
     </span>
    </p>
   </div>
   <div class='ocr_carea' id='block_1_21' title="bbox 1882 809 3475 878">
    <p class='ocr_par' dir='ltr' id='par_1_21' title="bbox 1882 809 3475 878">
     <span class='ocr_line' id='line_1_21' title="bbox 1882 809 3475 878; baseline -0.013 -2"><span class='ocrx_word' id='word_1_145' title='bbox 1882 823 1971 876; x_wconf 93' lang='lat' dir='ltr'><strong>vid</strong></span> <span class='ocrx_word' id='word_1_146' title='bbox 2003 832 2280 876; x_wconf 87' lang='lat' dir='ltr'><strong>sessurum</strong></span> <span class='ocrx_word' id='word_1_147' title='bbox 2321 828 2485 876; x_wconf 80' lang='lat' dir='ltr'><strong>esse,</strong></span> <span class='ocrx_word' id='word_1_148' title='bbox 2529 812 2622 867; x_wconf 88' lang='lat' dir='ltr'><strong>sed</strong></span> <span class='ocrx_word' id='word_1_149' title='bbox 2656 812 2819 865; x_wconf 89' lang='lat' dir='ltr'><strong>etiam</strong></span> <span class='ocrx_word' id='word_1_150' title='bbox 2874 823 3037 878; x_wconf 80' lang='lat' dir='ltr'><strong>super</strong></span> <span class='ocrx_word' id='word_1_151' title='bbox 3087 823 3312 875; x_wconf 72' lang='lat' dir='ltr'><strong>regnum</strong></span> <span class='ocrx_word' id='word_1_152' title='bbox 3359 809 3475 875; x_wconf 84' lang='lat' dir='ltr'><strong>ejus</strong></span> 
     </span>
    </p>
   </div>
   <div class='ocr_carea' id='block_1_22' title="bbox 1884 901 3474 980">
    <p class='ocr_par' dir='ltr' id='par_1_22' title="bbox 1884 901 3474 980">
     <span class='ocr_line' id='line_1_22' title="bbox 1884 901 3474 980; baseline -0.011 -13"><span class='ocrx_word' id='word_1_153' title='bbox 1884 913 1951 967; x_wconf 87' lang='lat' dir='ltr'><strong>ad</strong></span> <span class='ocrx_word' id='word_1_154' title='bbox 1991 908 2291 980; x_wconf 90' lang='lat' dir='ltr'><strong>regendum</strong></span> <span class='ocrx_word' id='word_1_155' title='bbox 2322 905 2488 967; x_wconf 90' lang='lat' dir='ltr'><strong>illud;</strong></span> <span class='ocrx_word' id='word_1_156' title='bbox 2523 904 2681 958; x_wconf 89' lang='lat' dir='ltr'><strong>nobis</strong></span> <span class='ocrx_word' id='word_1_157' title='bbox 2709 901 3162 956; x_wconf 88' lang='lat' dir='ltr'><strong>subaudientibus</strong></span> <span class='ocrx_word' id='word_1_158' title='bbox 3188 910 3474 952; x_wconf 88' lang='lat' dir='ltr'><strong>venturum</strong></span> 
     </span>
    </p>
   </div>
   <div class='ocr_carea' id='block_1_23' title="bbox 1884 991 3476 1058">
    <p class='ocr_par' dir='ltr' id='par_1_23' title="bbox 1884 991 3476 1058">
     <span class='ocr_line' id='line_1_23' title="bbox 1884 991 3476 1058; baseline -0.009 -1"><span class='ocrx_word' id='word_1_159' title='bbox 1884 1003 2036 1058; x_wconf 81' lang='lat' dir='ltr'><strong>ilium</strong></span> <span class='ocrx_word' id='word_1_160' title='bbox 2072 1016 2195 1056; x_wconf 91' lang='lat' dir='ltr'><strong>esse</strong></span> <span class='ocrx_word' id='word_1_161' title='bbox 2247 1000 2314 1054; x_wconf 91' lang='lat' dir='ltr'><strong>ad</strong></span> <span class='ocrx_word' id='word_1_162' title='bbox 2351 998 2772 1053; x_wconf 85' lang='lat' dir='ltr'><strong>restaurandum</strong></span> <span class='ocrx_word' id='word_1_163' title='bbox 2821 993 3076 1047; x_wconf 91' lang='lat' dir='ltr'><strong>thronum</strong></span> <span class='ocrx_word' id='word_1_164' title='bbox 3130 991 3380 1055; x_wconf 77' lang='lat' dir='ltr'><strong>Davidis,</strong></span> <span class='ocrx_word' id='word_1_165' title='bbox 3423 1001 3476 1043; x_wconf 88' lang='lat' dir='ltr'><strong>et</strong></span> 
     </span>
    </p>
   </div>
   <div class='ocr_carea' id='block_1_24' title="bbox 1885 1084 3477 1160">
    <p class='ocr_par' dir='ltr' id='par_1_24' title="bbox 1885 1084 3477 1160">
     <span class='ocr_line' id='line_1_24' title="bbox 1885 1084 3477 1160; baseline -0.008 -12"><span class='ocrx_word' id='word_1_166' title='bbox 1885 1094 2302 1149; x_wconf 74' lang='lat' dir='ltr'><strong>tabernaculum</strong></span> <span class='ocrx_word' id='word_1_167' title='bbox 2340 1093 2478 1160; x_wconf 84' lang='lat' dir='ltr'><strong>ejus,</strong></span> <span class='ocrx_word' id='word_1_168' title='bbox 2504 1093 2648 1160; x_wconf 89' lang='lat' dir='ltr'><strong>quod</strong></span> <span class='ocrx_word' id='word_1_169' title='bbox 2688 1091 2896 1160; x_wconf 88' lang='lat' dir='ltr'><strong>lapsum</strong></span> <span class='ocrx_word' id='word_1_170' title='bbox 2936 1087 3132 1140; x_wconf 87' lang='lat' dir='ltr'><strong>fuerat.</strong></span> <span class='ocrx_word' id='word_1_171' title='bbox 3165 1084 3301 1150; x_wconf 86' lang='lat' dir='ltr'><strong>Quia</strong></span> <span class='ocrx_word' id='word_1_172' title='bbox 3331 1085 3477 1139; x_wconf 86' lang='lat' dir='ltr'><strong>enim</strong></span> 
     </span>
    </p>
   </div>
   <div class='ocr_carea' id='block_1_25' title="bbox 1884 1179 3482 1258">
    <p class='ocr_par' dir='ltr' id='par_1_25' title="bbox 1884 1179 3482 1258">
     <span class='ocr_line' id='line_1_25' title="bbox 1884 1179 3482 1258; baseline -0.01 -16"><span class='ocrx_word' id='word_1_173' title='bbox 1884 1204 1915 1242; x_wconf 87' lang='lat' dir='ltr'><strong>a</strong></span> <span class='ocrx_word' id='word_1_174' title='bbox 1953 1188 2292 1258; x_wconf 73' lang='lat' dir='ltr'><strong>temporibus</strong></span> <span class='ocrx_word' id='word_1_175' title='bbox 2339 1184 2686 1256; x_wconf 68' lang='lat' dir='ltr'><strong>Babylonica:</strong></span> <span class='ocrx_word' id='word_1_176' title='bbox 2740 1179 3081 1250; x_wconf 75' lang='lat' dir='ltr'><strong>captivitatis</strong></span> <span class='ocrx_word' id='word_1_177' title='bbox 3117 1191 3368 1233; x_wconf 88' lang='lat' dir='ltr'><strong>eversum</strong></span> <span class='ocrx_word' id='word_1_178' title='bbox 3424 1184 3482 1228; x_wconf 88' lang='lat' dir='ltr'><strong>et</strong></span> 
     </span>
    </p>
   </div>
   <div class='ocr_carea' id='block_1_26' title="bbox 1886 1269 3487 1347">
    <p class='ocr_par' dir='ltr' id='par_1_26' title="bbox 1886 1269 3487 1347">
     <span class='ocr_line' id='line_1_26' title="bbox 1886 1269 3487 1347; baseline -0.011 -11"><span class='ocrx_word' id='word_1_179' title='bbox 1886 1281 2159 1336; x_wconf 88' lang='lat' dir='ltr'><strong>sublatum</strong></span> <span class='ocrx_word' id='word_1_180' title='bbox 2213 1277 2392 1332; x_wconf 81' lang='lat' dir='ltr'><strong>fuerat</strong></span> <span class='ocrx_word' id='word_1_181' title='bbox 2447 1293 2674 1347; x_wconf 90' lang='lat' dir='ltr'><strong>regnum</strong></span> <span class='ocrx_word' id='word_1_182' title='bbox 2735 1273 2999 1336; x_wconf 87' lang='lat' dir='ltr'><strong>Davidis,</strong></span> <span class='ocrx_word' id='word_1_183' title='bbox 3065 1286 3127 1325; x_wconf 89' lang='lat' dir='ltr'><strong>ac</strong></span> <span class='ocrx_word' id='word_1_184' title='bbox 3183 1269 3487 1338; x_wconf 65' lang='lat' dir='ltr'><strong>prophetiae</strong></span> 
     </span>
    </p>
   </div>
   <div class='ocr_carea' id='block_1_27' title="bbox 1885 1362 3491 1442">
    <p class='ocr_par' dir='ltr' id='par_1_27' title="bbox 1885 1362 3491 1442">
     <span class='ocr_line' id='line_1_27' title="bbox 1885 1362 3491 1442; baseline -0.007 -15"><span class='ocrx_word' id='word_1_185' title='bbox 1885 1374 2140 1435; x_wconf 90' lang='lat' dir='ltr'><strong>aderant,</strong></span> <span class='ocrx_word' id='word_1_186' title='bbox 2172 1386 2293 1442; x_wconf 65' lang='lat' dir='ltr'><strong>qum</strong></span> <span class='ocrx_word' id='word_1_187' title='bbox 2343 1371 2787 1425; x_wconf 78' lang='lat' dir='ltr'><strong>vaticinabantur</strong></span> <span class='ocrx_word' id='word_1_188' title='bbox 2827 1367 3084 1420; x_wconf 88' lang='lat' dir='ltr'><strong>thronum</strong></span> <span class='ocrx_word' id='word_1_189' title='bbox 3134 1362 3354 1416; x_wconf 87' lang='lat' dir='ltr'><strong>Davidis</strong></span> <span class='ocrx_word' id='word_1_190' title='bbox 3399 1375 3491 1415; x_wconf 87' lang='lat' dir='ltr'><strong>so-</strong></span> 
     </span>
    </p>
   </div>
   <div class='ocr_carea' id='block_1_28' title="bbox 1888 1460 3492 1516">
    <p class='ocr_par' dir='ltr' id='par_1_28' title="bbox 1888 1460 3492 1516">
     <span class='ocr_line' id='line_1_28' title="bbox 1888 1460 3492 1516; baseline -0.007 0"><span class='ocrx_word' id='word_1_191' title='bbox 1888 1463 2018 1516; x_wconf 67' lang='lat' dir='ltr'><strong>laris</strong></span> <span class='ocrx_word' id='word_1_192' title='bbox 2054 1462 2274 1516; x_wconf 72' lang='lat' dir='ltr'><strong>luminis</strong></span> <span class='ocrx_word' id='word_1_193' title='bbox 2322 1461 2497 1516; x_wconf 85' lang='lat' dir='ltr'><strong>instar</strong></span> <span class='ocrx_word' id='word_1_194' title='bbox 2547 1460 2948 1514; x_wconf 90' lang='lat' dir='ltr'><strong>illustraturum</strong></span> <span class='ocrx_word' id='word_1_195' title='bbox 2995 1469 3119 1509; x_wconf 89' lang='lat' dir='ltr'><strong>esse</strong></span> <span class='ocrx_word' id='word_1_196' title='bbox 3171 1463 3345 1507; x_wconf 88' lang='lat' dir='ltr'><strong>totum</strong></span> <span class='ocrx_word' id='word_1_197' title='bbox 3395 1467 3492 1506; x_wconf 87' lang='lat' dir='ltr'><strong>or-</strong></span> 
     </span>
    </p>
   </div>
   <div class='ocr_carea' id='block_1_29' title="bbox 1892 1547 3491 1622">
    <p class='ocr_par' dir='ltr' id='par_1_29' title="bbox 1892 1547 3491 1622">
     <span class='ocr_line' id='line_1_29' title="bbox 1892 1547 3491 1622; baseline -0.007 -13"><span class='ocrx_word' id='word_1_198' title='bbox 1892 1557 2053 1618; x_wconf 86' lang='lat' dir='ltr'><strong>bem;</strong></span> <span class='ocrx_word' id='word_1_199' title='bbox 2087 1555 2230 1608; x_wconf 87' lang='lat' dir='ltr'><strong>hanc</strong></span> <span class='ocrx_word' id='word_1_200' title='bbox 2280 1553 2371 1608; x_wconf 91' lang='lat' dir='ltr'><strong>ille</strong></span> <span class='ocrx_word' id='word_1_201' title='bbox 2414 1552 2833 1622; x_wconf 80' lang='lat' dir='ltr'><strong>promissionem</strong></span> <span class='ocrx_word' id='word_1_202' title='bbox 2869 1547 3151 1618; x_wconf 87' lang='lat' dir='ltr'><strong>impletum</strong></span> <span class='ocrx_word' id='word_1_203' title='bbox 3198 1547 3382 1611; x_wconf 81' lang='lat' dir='ltr'><strong>venit,</strong></span> <span class='ocrx_word' id='word_1_204' title='bbox 3421 1559 3491 1599; x_wconf 74' lang='lat' dir='ltr'><strong>ex</strong></span> 
     </span>
    </p>
   </div>
   <div class='ocr_carea' id='block_1_30' title="bbox 1893 1643 3490 1716">
    <p class='ocr_par' dir='ltr' id='par_1_30' title="bbox 1893 1643 3490 1716">
     <span class='ocr_line' id='line_1_30' title="bbox 1893 1643 3490 1716; baseline -0.006 -15"><span class='ocrx_word' id='word_1_205' title='bbox 1893 1648 2104 1703; x_wconf 83' lang='lat' dir='ltr'><strong>semine</strong></span> <span class='ocrx_word' id='word_1_206' title='bbox 2150 1647 2369 1716; x_wconf 86' lang='lat' dir='ltr'><strong>quidem</strong></span> <span class='ocrx_word' id='word_1_207' title='bbox 2431 1647 2599 1700; x_wconf 81' lang='lat' dir='ltr'><strong>David</strong></span> <span class='ocrx_word' id='word_1_208' title='bbox 2651 1643 2950 1698; x_wconf 86' lang='lat' dir='ltr'><strong>secundum</strong></span> <span class='ocrx_word' id='word_1_209' title='bbox 3015 1653 3239 1693; x_wconf 83' lang='lat' dir='ltr'><strong>carnem</strong></span> <span class='ocrx_word' id='word_1_210' title='bbox 3284 1650 3441 1692; x_wconf 82' lang='lat' dir='ltr'><strong>natus</strong></span> <span class='ocrx_word' id='word_1_211' title='bbox 3473 1676 3490 1699; x_wconf 85' lang='grc'><strong>,</strong></span> 
     </span>
    </p>
   </div>
   <div class='ocr_carea' id='block_1_31' title="bbox 1893 1732 3490 1796">
    <p class='ocr_par' dir='ltr' id='par_1_31' title="bbox 1893 1732 3490 1796">
     <span class='ocr_line' id='line_1_31' title="bbox 1893 1732 3490 1796; baseline -0.005 -5"><span class='ocrx_word' id='word_1_212' title='bbox 1893 1738 2103 1791; x_wconf 88' lang='lat' dir='ltr'><strong>animas</strong></span> <span class='ocrx_word' id='word_1_213' title='bbox 2144 1746 2321 1790; x_wconf 85' lang='lat' dir='ltr'><strong>autem</strong></span> <span class='ocrx_word' id='word_1_214' title='bbox 2376 1736 2657 1789; x_wconf 87' lang='lat' dir='ltr'><strong>hominum</strong></span> <span class='ocrx_word' id='word_1_215' title='bbox 2721 1732 3077 1793; x_wconf 84' lang='lat' dir='ltr'><strong>illutninans,</strong></span> <span class='ocrx_word' id='word_1_216' title='bbox 3144 1746 3208 1783; x_wconf 91' lang='lat' dir='ltr'><strong>ac</strong></span> <span class='ocrx_word' id='word_1_217' title='bbox 3258 1744 3490 1796; x_wconf 85' lang='lat' dir='ltr'><strong>regnum</strong></span> 
     </span>
    </p>
   </div>
   <div class='ocr_carea' id='block_1_32' title="bbox 185 1820 1786 1899">
    <p class='ocr_par' dir='ltr' id='par_1_32' title="bbox 185 1822 1786 1899">
     <span class='ocr_line' id='line_1_32' title="bbox 185 1822 1786 1899; baseline -0.003 -19"><span class='ocrx_word' id='word_1_218' title='bbox 185 1829 503 1899; x_wconf 79' lang='grc' dir='ltr'><strong>οἰκουμένην</strong></span> <span class='ocrx_word' id='word_1_219' title='bbox 532 1827 737 1881; x_wconf 64' lang='grc' dir='ltr'><strong>ἐθνῶν.</strong></span> <span class='ocrx_word' id='word_1_220' title='bbox 789 1828 875 1880; x_wconf 86' lang='grc' dir='ltr'><strong>Ἐν</strong></span> <span class='ocrx_word' id='word_1_221' title='bbox 895 1825 1104 1888; x_wconf 82' lang='grc' dir='ltr'><strong>τούτοις</strong></span> <span class='ocrx_word' id='word_1_222' title='bbox 1132 1824 1245 1893; x_wconf 79' lang='grc' dir='ltr'><strong>γὰρ</strong></span> <span class='ocrx_word' id='word_1_223' title='bbox 1275 1823 1369 1875; x_wconf 78' lang='grc' dir='ltr'><strong>τὸν</strong></span> <span class='ocrx_word' id='word_1_224' title='bbox 1408 1823 1600 1892; x_wconf 85' lang='grc' dir='ltr'><strong>θρόνον</strong></span> <span class='ocrx_word' id='word_1_225' title='bbox 1625 1822 1786 1876; x_wconf 78' lang='grc' dir='ltr'><strong>Δαυῒδ</strong></span> 
     </span>
    </p>
   </div>
   <div class='ocr_carea' id='block_1_33' title="bbox 1891 1820 3488 1899">
    <p class='ocr_par' dir='ltr' id='par_1_33' title="bbox 1893 1820 3488 1896">
     <span class='ocr_line' id='line_1_33' title="bbox 1893 1820 3488 1896; baseline -0.004 -15"><span class='ocrx_word' id='word_1_226' title='bbox 1893 1829 2010 1896; x_wconf 87' lang='lat' dir='ltr'><strong>ejus</strong></span> <span class='ocrx_word' id='word_1_227' title='bbox 2045 1827 2184 1896; x_wconf 85' lang='lat' dir='ltr'><strong>apud</strong></span> <span class='ocrx_word' id='word_1_228' title='bbox 2241 1841 2433 1880; x_wconf 85' lang='lat' dir='ltr'><strong>omnes</strong></span> <span class='ocrx_word' id='word_1_229' title='bbox 2490 1826 2658 1878; x_wconf 88' lang='lat' dir='ltr'><strong>totius</strong></span> <span class='ocrx_word' id='word_1_230' title='bbox 2694 1825 2844 1877; x_wconf 87' lang='lat' dir='ltr'><strong>orbis</strong></span> <span class='ocrx_word' id='word_1_231' title='bbox 2895 1832 3082 1892; x_wconf 87' lang='lat' dir='ltr'><strong>gentes</strong></span> <span class='ocrx_word' id='word_1_232' title='bbox 3127 1820 3488 1874; x_wconf 77' lang='lat' dir='ltr'><strong>confirmans.</strong></span> 
     </span>
    </p>
   </div>
   <div class='ocr_carea' id='block_1_34' title="bbox 184 1918 580 1990">
    <p class='ocr_par' dir='ltr' id='par_1_34' title="bbox 184 1918 580 1990">
     <span class='ocr_line' id='line_1_34' title="bbox 184 1918 580 1990; baseline -0.003 -17"><span class='ocrx_word' id='word_1_233' title='bbox 184 1918 527 1990; x_wconf 80' lang='grc' dir='ltr'><strong>διωρθώσατο</strong></span> <span class='ocrx_word' id='word_1_234' title='bbox 564 1960 580 1984; x_wconf 94' lang='grc'><strong>,</strong></span> 
     </span>
    </p>
   </div>
   <div class='ocr_carea' id='block_1_35' title="bbox 184 2004 1788 2084">
    <p class='ocr_par' dir='ltr' id='par_1_35' title="bbox 184 2004 1788 2084">
     <span class='ocr_line' id='line_1_35' title="bbox 184 2004 1788 2084; baseline -0.006 -19"><span class='ocrx_word' id='word_1_235' title='bbox 184 2011 328 2065; x_wconf 71' lang='grc' dir='ltr'><strong>τοῦτο</strong></span> <span class='ocrx_word' id='word_1_236' title='bbox 365 2013 614 2084; x_wconf 70' lang='grc' dir='ltr'><strong>ἔπραξεν</strong></span> <span class='ocrx_word' id='word_1_237' title='bbox 641 2011 757 2064; x_wconf 81' lang='grc' dir='ltr'><strong>ἀπὸ</strong></span> <span class='ocrx_word' id='word_1_238' title='bbox 785 2009 876 2064; x_wconf 77' lang='grc' dir='ltr'><strong>τοῦ</strong></span> <span class='ocrx_word' id='word_1_239' title='bbox 907 2011 1003 2064; x_wconf 77' lang='grc' dir='ltr'><strong>νῦν</strong></span> <span class='ocrx_word' id='word_1_240' title='bbox 1035 2008 1130 2062; x_wconf 74' lang='grc' dir='ltr'><strong>καὶ</strong></span> <span class='ocrx_word' id='word_1_241' title='bbox 1191 2006 1271 2068; x_wconf 82' lang='grc' dir='ltr'><strong>είς</strong></span> <span class='ocrx_word' id='word_1_242' title='bbox 1317 2005 1405 2057; x_wconf 82' lang='grc' dir='ltr'><strong>τὸν</strong></span> <span class='ocrx_word' id='word_1_243' title='bbox 1427 2005 1600 2058; x_wconf 84' lang='grc' dir='ltr'><strong>αἰῶνα</strong></span> <span class='ocrx_word' id='word_1_244' title='bbox 1627 2023 1640 2035; x_wconf 89' lang='grc'><strong>·</strong></span> <span class='ocrx_word' id='word_1_245' title='bbox 1694 2004 1788 2057; x_wconf 81' lang='grc' dir='ltr'><strong>τοῦ</strong></span> 
     </span>
    </p>
   </div>
   <div class='ocr_carea' id='block_1_36' title="bbox 187 2096 1790 2173">
    <p class='ocr_par' dir='ltr' id='par_1_36' title="bbox 187 2096 1790 2173">
     <span class='ocr_line' id='line_1_36' title="bbox 187 2096 1790 2173; baseline -0.004 -18"><span class='ocrx_word' id='word_1_246' title='bbox 187 2102 296 2171; x_wconf 79' lang='grc' dir='ltr'><strong>μὲν,</strong></span> <span class='ocrx_word' id='word_1_247' title='bbox 329 2102 469 2155; x_wconf 75' lang='grc' dir='ltr'><strong>(ἀπὸ</strong></span> <span class='ocrx_word' id='word_1_248' title='bbox 488 2102 591 2155; x_wconf 81' lang='grc' dir='ltr'><strong>τοῦ</strong></span> <span class='ocrx_word' id='word_1_249' title='bbox 625 2101 784 2165; x_wconf 76' lang='grc' dir='ltr'><strong>νῦν,ι</strong></span> <span class='ocrx_word' id='word_1_250' title='bbox 817 2101 1178 2173; x_wconf 78' lang='grc' dir='ltr'><strong>σημαίνοντος</strong></span> <span class='ocrx_word' id='word_1_251' title='bbox 1207 2096 1379 2167; x_wconf 81' lang='grc' dir='ltr'><strong>ἀρχὴν</strong></span> <span class='ocrx_word' id='word_1_252' title='bbox 1407 2097 1603 2168; x_wconf 81' lang='grc' dir='ltr'><strong>χρόνου</strong></span> <span class='ocrx_word' id='word_1_253' title='bbox 1659 2097 1790 2168; x_wconf 85' lang='grc' dir='ltr'><strong>ὠρι-</strong></span> 
     </span>
    </p>
   </div>
   <div class='ocr_carea' id='block_1_37' title="bbox 185 2188 1789 2265">
    <p class='ocr_par' dir='ltr' id='par_1_37' title="bbox 185 2188 1789 2265">
     <span class='ocr_line' id='line_1_37' title="bbox 185 2188 1789 2265; baseline -0.002 -20"><span class='ocrx_word' id='word_1_254' title='bbox 185 2195 487 2264; x_wconf 68' lang='grc' dir='ltr'><strong>σμένην,διῗ</strong></span> <span class='ocrx_word' id='word_1_255' title='bbox 521 2190 598 2265; x_wconf 80' lang='grc' dir='ltr'><strong>ἦς</strong></span> <span class='ocrx_word' id='word_1_256' title='bbox 623 2196 654 2247; x_wconf 79' lang='grc' dir='ltr'><strong>δ</strong></span> <span class='ocrx_word' id='word_1_257' title='bbox 684 2194 874 2265; x_wconf 68' lang='grc' dir='ltr'><strong>καιρὸς</strong></span> <span class='ocrx_word' id='word_1_258' title='bbox 904 2190 1160 2264; x_wconf 69' lang='grc' dir='ltr'><strong>ἐδηλοῦτο</strong></span> <span class='ocrx_word' id='word_1_259' title='bbox 1185 2190 1284 2260; x_wconf 80' lang='grc' dir='ltr'><strong>τῆς</strong></span> <span class='ocrx_word' id='word_1_260' title='bbox 1342 2191 1420 2252; x_wconf 85' lang='grc' dir='ltr'><strong>εἰς</strong></span> <span class='ocrx_word' id='word_1_261' title='bbox 1466 2188 1789 2261; x_wconf 79' lang='grc' dir='ltr'><strong>ἀνθρώπους</strong></span> 
     </span>
    </p>
   </div>
   <div class='ocr_carea' id='block_1_38' title="bbox 185 2281 1788 2356">
    <p class='ocr_par' dir='ltr' id='par_1_38' title="bbox 185 2281 1788 2356">
     <span class='ocr_line' id='line_1_38' title="bbox 185 2281 1788 2356; baseline -0.003 -19"><span class='ocrx_word' id='word_1_262' title='bbox 185 2285 471 2356; x_wconf 68' lang='grc' dir='ltr'><strong>ἔπιδημίας</strong></span> <span class='ocrx_word' id='word_1_263' title='bbox 512 2286 694 2340; x_wconf 79' lang='grc' dir='ltr'><strong>αὑτοῦ</strong></span> <span class='ocrx_word' id='word_1_264' title='bbox 728 2303 742 2316; x_wconf 94' lang='grc'><strong>·</strong></span> <span class='ocrx_word' id='word_1_265' title='bbox 801 2287 896 2338; x_wconf 82' lang='grc' dir='ltr'><strong>τοῦ</strong></span> <span class='ocrx_word' id='word_1_266' title='bbox 941 2285 1020 2346; x_wconf 81' lang='grc' dir='ltr'><strong>δὲ,</strong></span> <span class='ocrx_word' id='word_1_267' title='bbox 1082 2302 1102 2335; x_wconf 86' lang='grc'><em>‹</em></span> <span class='ocrx_word' id='word_1_268' title='bbox 1147 2283 1228 2344; x_wconf 84' lang='grc' dir='ltr'><strong>εἰς</strong></span> <span class='ocrx_word' id='word_1_269' title='bbox 1279 2281 1371 2333; x_wconf 77' lang='grc' dir='ltr'><strong>τὸν</strong></span> <span class='ocrx_word' id='word_1_270' title='bbox 1412 2281 1603 2345; x_wconf 82' lang='grc' dir='ltr'><strong>αἰῶνα,</strong></span> <span class='ocrx_word' id='word_1_271' title='bbox 1635 2301 1652 2332; x_wconf 76' lang='grc' dir='ltr'><strong>ι</strong></span> <span class='ocrx_word' id='word_1_272' title='bbox 1691 2281 1788 2352; x_wconf 83' lang='grc' dir='ltr'><strong>τὴν</strong></span> 
     </span>
    </p>
   </div>
   <div class='ocr_carea' id='block_1_39' title="bbox 185 2373 1785 2447">
    <p class='ocr_par' dir='ltr' id='par_1_39' title="bbox 185 2373 1785 2447">
     <span class='ocr_line' id='line_1_39' title="bbox 185 2373 1785 2447; baseline -0.003 -15"><span class='ocrx_word' id='word_1_273' title='bbox 185 2379 398 2441; x_wconf 72' lang='grc' dir='ltr'><strong>ἄπειρον</strong></span> <span class='ocrx_word' id='word_1_274' title='bbox 429 2381 529 2432; x_wconf 78' lang='grc' dir='ltr'><strong>καὶ</strong></span> <span class='ocrx_word' id='word_1_275' title='bbox 586 2378 796 2447; x_wconf 81' lang='grc' dir='ltr'><strong>διαρκῆ</strong></span> <span class='ocrx_word' id='word_1_276' title='bbox 838 2377 1114 2447; x_wconf 85' lang='grc' dir='ltr'><strong>βασιλείαν</strong></span> <span class='ocrx_word' id='word_1_277' title='bbox 1163 2373 1328 2428; x_wconf 78' lang='grc' dir='ltr'><strong>αὑτοῦ</strong></span> <span class='ocrx_word' id='word_1_278' title='bbox 1384 2374 1785 2445; x_wconf 84' lang='grc' dir='ltr'><strong>παριστῶντος.</strong></span> 
     </span>
    </p>
   </div>
   <div class='ocr_carea' id='block_1_40' title="bbox 187 2463 1791 2539">
    <p class='ocr_par' dir='ltr' id='par_1_40' title="bbox 187 2463 1791 2539">
     <span class='ocr_line' id='line_1_40' title="bbox 187 2463 1791 2539; baseline 0.007 -18"><span class='ocrx_word' id='word_1_279' title='bbox 187 2469 456 2539; x_wconf 69' lang='grc' dir='ltr'><strong>Τηρητὶον</strong></span> <span class='ocrx_word' id='word_1_280' title='bbox 500 2471 588 2531; x_wconf 81' lang='grc' dir='ltr'><strong>δὲ,</strong></span> <span class='ocrx_word' id='word_1_281' title='bbox 658 2469 737 2532; x_wconf 86' lang='grc' dir='ltr'><strong>ὡς</strong></span> <span class='ocrx_word' id='word_1_282' title='bbox 773 2471 806 2538; x_wconf 85' lang='grc' dir='ltr'>ὴ</span> <span class='ocrx_word' id='word_1_283' title='bbox 871 2467 968 2537; x_wconf 85' lang='grc' dir='ltr'><strong>μὲν</strong></span> <span class='ocrx_word' id='word_1_284' title='bbox 1021 2465 1213 2537; x_wconf 82' lang='grc' dir='ltr'><strong>πρώτη</strong></span> <span class='ocrx_word' id='word_1_285' title='bbox 1265 2466 1392 2535; x_wconf 71' lang='grc' dir='ltr'><strong>περὶ</strong></span> <span class='ocrx_word' id='word_1_286' title='bbox 1451 2463 1544 2517; x_wconf 64' lang='grc' dir='ltr'><strong>τοῦ</strong></span> <span class='ocrx_word' id='word_1_287' title='bbox 1576 2481 1791 2535; x_wconf 83' lang='grc' dir='ltr'><strong>προφη-</strong></span> 
     </span>
    </p>
   </div>
   <div class='ocr_carea' id='block_1_41' title="bbox 186 2555 1791 2633">
    <p class='ocr_par' dir='ltr' id='par_1_41' title="bbox 186 2555 1791 2633">
     <span class='ocr_line' id='line_1_41' title="bbox 186 2555 1791 2633; baseline -0.004 -19"><span class='ocrx_word' id='word_1_288' title='bbox 186 2561 470 2631; x_wconf 83' lang='grc' dir='ltr'><strong>τευομένου</strong></span> <span class='ocrx_word' id='word_1_289' title='bbox 497 2561 822 2633; x_wconf 79' lang='grc' dir='ltr'><strong>πρόρρησις</strong></span> <span class='ocrx_word' id='word_1_290' title='bbox 857 2561 919 2612; x_wconf 81' lang='grc' dir='ltr'><strong>ὲκ</strong></span> <span class='ocrx_word' id='word_1_291' title='bbox 953 2557 1234 2629; x_wconf 79' lang='grc' dir='ltr'><strong>Παρθένου</strong></span> <span class='ocrx_word' id='word_1_292' title='bbox 1278 2555 1638 2627; x_wconf 78' lang='grc' dir='ltr'><strong>τεχθήσεσθαι</strong></span> <span class='ocrx_word' id='word_1_293' title='bbox 1693 2557 1791 2608; x_wconf 70' lang='lat' dir='ltr'><strong>azi-</strong></span> 
     </span>
    </p>
   </div>
   <div class='ocr_carea' id='block_1_42' title="bbox 187 2647 1792 2726">
    <p class='ocr_par' dir='ltr' id='par_1_42' title="bbox 187 2647 1792 2726">
     <span class='ocr_line' id='line_1_42' title="bbox 187 2647 1792 2726; baseline -0.005 -19"><span class='ocrx_word' id='word_1_294' title='bbox 187 2654 272 2707; x_wconf 83' lang='grc' dir='ltr'><strong>τὸν</strong></span> <span class='ocrx_word' id='word_1_295' title='bbox 297 2655 524 2726; x_wconf 72' lang='grc' dir='ltr'><strong>ἐδήλου·</strong></span> <span class='ocrx_word' id='word_1_296' title='bbox 582 2656 619 2724; x_wconf 79' lang='grc' dir='ltr'><strong>ἡ</strong></span> <span class='ocrx_word' id='word_1_297' title='bbox 664 2653 722 2706; x_wconf 83' lang='grc' dir='ltr'><strong>δὲ</strong></span> <span class='ocrx_word' id='word_1_298' title='bbox 758 2652 1008 2724; x_wconf 83' lang='grc' dir='ltr'><strong>δευτέρα,</strong></span> <span class='ocrx_word' id='word_1_299' title='bbox 1047 2649 1250 2703; x_wconf 77' lang='grc' dir='ltr'><strong>ὡσανεὶ</strong></span> <span class='ocrx_word' id='word_1_300' title='bbox 1284 2648 1638 2720; x_wconf 78' lang='grc' dir='ltr'><strong>ζητουμένου,</strong></span> <span class='ocrx_word' id='word_1_301' title='bbox 1674 2647 1792 2711; x_wconf 85' lang='grc' dir='ltr'><strong>πῶς</strong></span> 
     </span>
    </p>
   </div>
   <div class='ocr_carea' id='block_1_43' title="bbox 191 2740 1793 2815">
    <p class='ocr_par' dir='ltr' id='par_1_43' title="bbox 191 2740 1793 2815">
     <span class='ocr_line' id='line_1_43' title="bbox 191 2740 1793 2815; baseline -0.005 -16"><span class='ocrx_word' id='word_1_302' title='bbox 191 2745 331 2799; x_wconf 64' lang='grc' dir='ltr'><strong>ἔσται</strong></span> <span class='ocrx_word' id='word_1_303' title='bbox 363 2747 550 2808; x_wconf 75' lang='grc' dir='ltr'><strong>τοῦτο,</strong></span> <span class='ocrx_word' id='word_1_304' title='bbox 586 2745 683 2798; x_wconf 75' lang='grc' dir='ltr'><strong>τὸν</strong></span> <span class='ocrx_word' id='word_1_305' title='bbox 706 2744 912 2815; x_wconf 79' lang='grc' dir='ltr'><strong>Κύριον</strong></span> <span class='ocrx_word' id='word_1_306' title='bbox 932 2743 1121 2813; x_wconf 80' lang='grc' dir='ltr'><strong>εἰσῆγε</strong></span> <span class='ocrx_word' id='word_1_307' title='bbox 1143 2741 1388 2809; x_wconf 89' lang='grc' dir='ltr'><strong>λέγοντα,</strong></span> <span class='ocrx_word' id='word_1_308' title='bbox 1425 2759 1443 2791; x_wconf 76' lang='grc' dir='ltr'><strong>ι</strong></span> <span class='ocrx_word' id='word_1_309' title='bbox 1473 2740 1584 2793; x_wconf 78' lang='grc' dir='ltr'><strong>Καὶ</strong></span> <span class='ocrx_word' id='word_1_310' title='bbox 1623 2757 1793 2811; x_wconf 91' lang='grc' dir='ltr'><strong>προσ-</strong></span> 
     </span>
    </p>
   </div>
   <div class='ocr_carea' id='block_1_44' title="bbox 189 2831 1790 2909">
    <p class='ocr_par' dir='ltr' id='par_1_44' title="bbox 189 2831 1790 2909">
     <span class='ocr_line' id='line_1_44' title="bbox 189 2831 1790 2909; baseline -0.004 -19"><span class='ocrx_word' id='word_1_311' title='bbox 189 2837 344 2907; x_wconf 69' lang='grc' dir='ltr'><strong>ῆλθον</strong></span> <span class='ocrx_word' id='word_1_312' title='bbox 412 2837 559 2909; x_wconf 82' lang='grc' dir='ltr'><strong>πρὸς</strong></span> <span class='ocrx_word' id='word_1_313' title='bbox 597 2836 702 2906; x_wconf 84' lang='grc' dir='ltr'><strong>τὴν</strong></span> <span class='ocrx_word' id='word_1_314' title='bbox 743 2834 1014 2906; x_wconf 76' lang='grc' dir='ltr'><strong>προφῆτιν</strong></span> <span class='ocrx_word' id='word_1_315' title='bbox 1042 2850 1054 2863; x_wconf 88' lang='grc'><strong>·</strong></span> <span class='ocrx_word' id='word_1_316' title='bbox 1111 2833 1207 2886; x_wconf 74' lang='grc' dir='ltr'><strong>καὶ</strong></span> <span class='ocrx_word' id='word_1_317' title='bbox 1260 2833 1318 2885; x_wconf 75' lang='grc' dir='ltr'><strong>ὲν</strong></span> <span class='ocrx_word' id='word_1_318' title='bbox 1366 2833 1566 2903; x_wconf 77' lang='grc' dir='ltr'><strong>γαστρί⁵</strong></span> <span class='ocrx_word' id='word_1_319' title='bbox 1611 2831 1790 2895; x_wconf 69' lang='grc' dir='ltr'><strong>ἔλαϐε,</strong></span> 
     </span>
    </p>
   </div>
   <div class='ocr_carea' id='block_1_45' title="bbox 190 2924 1795 3004">
    <p class='ocr_par' dir='ltr' id='par_1_45' title="bbox 190 2924 1795 3004">
     <span class='ocr_line' id='line_1_45' title="bbox 190 2924 1795 3004; baseline -0.003 -23"><span class='ocrx_word' id='word_1_320' title='bbox 190 2929 276 2981; x_wconf 78' lang='grc' dir='ltr'><strong>καὶ</strong></span> <span class='ocrx_word' id='word_1_321' title='bbox 301 2931 488 3004; x_wconf 69' lang='grc' dir='ltr'><strong>ἔτεκεν</strong></span> <span class='ocrx_word' id='word_1_322' title='bbox 513 2928 657 2981; x_wconf 87' lang='grc' dir='ltr'><strong>υἰόν·</strong></span> <span class='ocrx_word' id='word_1_323' title='bbox 696 2946 715 2978; x_wconf 71' lang='grc' dir='ltr'><strong>ι</strong></span> <span class='ocrx_word' id='word_1_324' title='bbox 741 2929 775 2997; x_wconf 78' lang='grc' dir='ltr'>ἡ</span> <span class='ocrx_word' id='word_1_325' title='bbox 800 2927 857 2980; x_wconf 82' lang='grc' dir='ltr'><strong>δὲ</strong></span> <span class='ocrx_word' id='word_1_326' title='bbox 894 2927 1053 2996; x_wconf 87' lang='grc' dir='ltr'><strong>τρίτη</strong></span> <span class='ocrx_word' id='word_1_327' title='bbox 1091 2924 1281 2978; x_wconf 79' lang='grc' dir='ltr'><strong>οὐκέτι</strong></span> <span class='ocrx_word' id='word_1_328' title='bbox 1309 2925 1636 2996; x_wconf 86' lang='grc' dir='ltr'><strong>μνημονεύει</strong></span> <span class='ocrx_word' id='word_1_329' title='bbox 1659 2925 1795 2995; x_wconf 79' lang='grc' dir='ltr'><strong>κυή-</strong></span> 
     </span>
    </p>
   </div>
   <div class='ocr_carea' id='block_1_46' title="bbox 194 3014 1794 3094">
    <p class='ocr_par' dir='ltr' id='par_1_46' title="bbox 194 3014 1794 3094">
     <span class='ocr_line' id='line_1_46' title="bbox 194 3014 1794 3094; baseline -0.003 -22"><span class='ocrx_word' id='word_1_330' title='bbox 194 3037 320 3085; x_wconf 83' lang='grc' dir='ltr'><strong>σεως</strong></span> <span class='ocrx_word' id='word_1_331' title='bbox 365 3019 743 3094; x_wconf 81' lang='grc' dir='ltr'><strong>παρθενικῆς,</strong></span> <span class='ocrx_word' id='word_1_332' title='bbox 779 3017 900 3071; x_wconf 79' lang='grc' dir='ltr'><strong>οὐδὲ</strong></span> <span class='ocrx_word' id='word_1_333' title='bbox 941 3016 1036 3070; x_wconf 78' lang='grc' dir='ltr'><strong>τοῦ</strong></span> <span class='ocrx_word' id='word_1_334' title='bbox 1076 3016 1281 3087; x_wconf 87' lang='grc' dir='ltr'><strong>τρόπου</strong></span> <span class='ocrx_word' id='word_1_335' title='bbox 1337 3014 1438 3084; x_wconf 79' lang='grc' dir='ltr'><strong>τῆς</strong></span> <span class='ocrx_word' id='word_1_336' title='bbox 1479 3015 1620 3068; x_wconf 79' lang='grc' dir='ltr'><strong>κατὰ</strong></span> <span class='ocrx_word' id='word_1_337' title='bbox 1661 3015 1794 3068; x_wconf 84' lang='grc' dir='ltr'><strong>Θεὸν</strong></span> 
     </span>
    </p>
   </div>
   <div class='ocr_carea' id='block_1_47' title="bbox 194 3106 1796 3183">
    <p class='ocr_par' dir='ltr' id='par_1_47' title="bbox 194 3106 1796 3183">
     <span class='ocr_line' id='line_1_47' title="bbox 194 3106 1796 3183; baseline -0.004 -16"><span class='ocrx_word' id='word_1_338' title='bbox 194 3113 485 3183; x_wconf 64' lang='grc' dir='ltr'><strong>παραδόξου</strong></span> <span class='ocrx_word' id='word_1_339' title='bbox 555 3110 883 3180; x_wconf 75' lang='grc' dir='ltr'><strong>συλλήψεως</strong></span> <span class='ocrx_word' id='word_1_340' title='bbox 911 3125 924 3139; x_wconf 92' lang='grc'><strong>·</strong></span> <span class='ocrx_word' id='word_1_341' title='bbox 985 3107 1080 3162; x_wconf 67' lang='grc' dir='ltr'><strong>ἅτε</strong></span> <span class='ocrx_word' id='word_1_342' title='bbox 1147 3107 1212 3178; x_wconf 78' lang='grc' dir='ltr'><strong>δὴ</strong></span> <span class='ocrx_word' id='word_1_343' title='bbox 1289 3106 1796 3179; x_wconf 84' lang='grc' dir='ltr'><strong>προμεμαθηκότων</strong></span> 
     </span>
    </p>
   </div>
   <div class='ocr_carea' id='block_1_48' title="bbox 193 3195 1791 3271">
    <p class='ocr_par' dir='ltr' id='par_1_48' title="bbox 193 3195 1791 3271">
     <span class='ocr_line' id='line_1_48' title="bbox 193 3195 1791 3271; baseline -0.002 -17"><span class='ocrx_word' id='word_1_344' title='bbox 193 3202 337 3271; x_wconf 77' lang='grc' dir='ltr'><strong>ἡμῶν</strong></span> <span class='ocrx_word' id='word_1_345' title='bbox 384 3201 603 3263; x_wconf 81' lang='grc' dir='ltr'><strong>ταῦτα,</strong></span> <span class='ocrx_word' id='word_1_346' title='bbox 637 3199 772 3269; x_wconf 77' lang='grc' dir='ltr'><strong>περὶ</strong></span> <span class='ocrx_word' id='word_1_347' title='bbox 823 3195 918 3251; x_wconf 80' lang='grc' dir='ltr'><strong>τοῦ</strong></span> <span class='ocrx_word' id='word_1_348' title='bbox 973 3197 1163 3261; x_wconf 82' lang='grc' dir='ltr'><strong>παιδὸς</strong></span> <span class='ocrx_word' id='word_1_349' title='bbox 1215 3195 1384 3250; x_wconf 79' lang='grc' dir='ltr'><strong>αὑτοῦ</strong></span> <span class='ocrx_word' id='word_1_350' title='bbox 1437 3195 1791 3268; x_wconf 81' lang='grc' dir='ltr'><strong>διεξέρχεται,</strong></span> 
     </span>
    </p>
   </div>
   <div class='ocr_carea' id='block_1_49' title="bbox 658 1893 1786 1990">
    <p class='ocr_par' dir='ltr' id='par_1_49' title="bbox 658 1912 1786 1990">
     <span class='ocr_line' id='line_1_49' title="bbox 658 1912 1786 1990; baseline -0.007 -17"><span class='ocrx_word' id='word_1_351' title='bbox 658 1919 817 1990; x_wconf 80' lang='grc' dir='ltr'><strong>παρὰ</strong></span> <span class='ocrx_word' id='word_1_352' title='bbox 881 1917 1156 1979; x_wconf 72' lang='grc' dir='ltr'><strong>Ἰουδαίοις</strong></span> <span class='ocrx_word' id='word_1_353' title='bbox 1219 1912 1647 1985; x_wconf 83' lang='grc' dir='ltr'><strong>καθῃρημένον.,</strong></span> <span class='ocrx_word' id='word_1_354' title='bbox 1681 1913 1786 1965; x_wconf 74' lang='grc' dir='ltr'><strong>Καὶ</strong></span> 
     </span>
    </p>
   </div>
   <div class='ocr_carea' id='block_1_50' title="bbox 1891 1893 3488 1990">
    <p class='ocr_par' dir='ltr' id='par_1_50' title="bbox 1891 1893 3488 1988">
     <span class='ocr_line' id='line_1_50' title="bbox 1891 1893 3488 1988; baseline -0.006 -15"><span class='ocrx_word' id='word_1_355' title='bbox 1891 1893 1948 1973; x_wconf 79' lang='lat' dir='ltr'><strong>In</strong></span> <span class='ocrx_word' id='word_1_356' title='bbox 2002 1893 2093 1974; x_wconf 21' lang='lat' dir='ltr'><strong>his:</strong></span> <span class='ocrx_word' id='word_1_357' title='bbox 2138 1919 2342 1988; x_wconf 87' lang='lat' dir='ltr'><strong>quippe</strong></span> <span class='ocrx_word' id='word_1_358' title='bbox 2393 1932 2622 1987; x_wconf 84' lang='lat' dir='ltr'><strong>regnum</strong></span> <span class='ocrx_word' id='word_1_359' title='bbox 2685 1914 2905 1967; x_wconf 80' lang='lat' dir='ltr'><strong>Davidis</strong></span> <span class='ocrx_word' id='word_1_360' title='bbox 2946 1913 3156 1975; x_wconf 77' lang='lat' dir='ltr'><strong>erexit,</strong></span> <span class='ocrx_word' id='word_1_361' title='bbox 3210 1926 3238 1962; x_wconf 90' lang='lat' dir='ltr'><strong>a</strong></span> <span class='ocrx_word' id='word_1_362' title='bbox 3279 1908 3488 1964; x_wconf 75' lang='lat' dir='ltr'><strong>Judteis</strong></span> 
     </span>
    </p>
   </div>
   <div class='ocr_carea' id='block_1_51' title="bbox 1889 2007 3482 2077">
    <p class='ocr_par' dir='ltr' id='par_1_51' title="bbox 1889 2007 3482 2077">
     <span class='ocr_line' id='line_1_51' title="bbox 1889 2007 3482 2077; baseline -0.008 -9"><span class='ocrx_word' id='word_1_363' title='bbox 1889 2012 2183 2068; x_wconf 80' lang='lat' dir='ltr'><strong>sublatum.</strong></span> <span class='ocrx_word' id='word_1_364' title='bbox 2231 2009 2296 2064; x_wconf 85' lang='lat' dir='ltr'><strong>Et</strong></span> <span class='ocrx_word' id='word_1_365' title='bbox 2325 2010 2426 2064; x_wconf 81' lang='lat' dir='ltr'><strong>hoc</strong></span> <span class='ocrx_word' id='word_1_366' title='bbox 2463 2008 2718 2077; x_wconf 67' lang='lat' dir='ltr'><strong>pmslitil</strong></span> <span class='ocrx_word' id='word_1_367' title='bbox 2749 2007 2818 2061; x_wconf 91' lang='lat' dir='ltr'><strong>ab</strong></span> <span class='ocrx_word' id='word_1_368' title='bbox 2870 2008 2972 2060; x_wconf 89' lang='lat' dir='ltr'><strong>hoc</strong></span> <span class='ocrx_word' id='word_1_369' title='bbox 3019 2015 3264 2074; x_wconf 78' lang='lat' dir='ltr'><strong>tempore</strong></span> <span class='ocrx_word' id='word_1_370' title='bbox 3307 2016 3482 2070; x_wconf 89' lang='lat' dir='ltr'><strong>usque</strong></span> 
     </span>
    </p>
   </div>
   <div class='ocr_carea' id='block_1_52' title="bbox 1891 2095 3485 2165">
    <p class='ocr_par' dir='ltr' id='par_1_52' title="bbox 1891 2095 3485 2165">
     <span class='ocr_line' id='line_1_52' title="bbox 1891 2095 3485 2165; baseline -0.009 -7"><span class='ocrx_word' id='word_1_371' title='bbox 1891 2106 1944 2158; x_wconf 92' lang='lat' dir='ltr'><strong>in</strong></span> <span class='ocrx_word' id='word_1_372' title='bbox 1984 2102 2275 2165; x_wconf 55' lang='lat' dir='ltr'><strong>arculum;</strong></span> <span class='ocrx_word' id='word_1_373' title='bbox 2311 2101 2383 2154; x_wconf 89' lang='lat' dir='ltr'><strong>ita</strong></span> <span class='ocrx_word' id='word_1_374' title='bbox 2419 2112 2475 2152; x_wconf 94' lang='lat' dir='ltr'><strong>ut</strong></span> <span class='ocrx_word' id='word_1_375' title='bbox 2510 2100 2661 2163; x_wconf 88' lang='lat' dir='ltr'><strong>illud,</strong></span> <span class='ocrx_word' id='word_1_376' title='bbox 2699 2117 2718 2150; x_wconf 73' lang='grc' dir='ltr'><strong>ι</strong></span> <span class='ocrx_word' id='word_1_377' title='bbox 2753 2097 2983 2158; x_wconf 89' lang='lat' dir='ltr'><strong>amodo,</strong></span> <span class='ocrx_word' id='word_1_378' title='bbox 3032 2115 3050 2147; x_wconf 73' lang='grc' dir='ltr'><strong>ι</strong></span> <span class='ocrx_word' id='word_1_379' title='bbox 3087 2095 3300 2148; x_wconf 88' lang='lat' dir='ltr'><strong>initittnt</strong></span> <span class='ocrx_word' id='word_1_380' title='bbox 3345 2103 3485 2146; x_wconf 88' lang='lat' dir='ltr'><strong>tem-</strong></span> 
     </span>
    </p>
   </div>
   <div class='ocr_carea' id='block_1_53' title="bbox 1890 2187 3486 2264">
    <p class='ocr_par' dir='ltr' id='par_1_53' title="bbox 1890 2187 3486 2264">
     <span class='ocr_line' id='line_1_53' title="bbox 1890 2187 3486 2264; baseline -0.006 -15"><span class='ocrx_word' id='word_1_381' title='bbox 1890 2195 2036 2264; x_wconf 86' lang='lat' dir='ltr'><strong>poris</strong></span> <span class='ocrx_word' id='word_1_382' title='bbox 2067 2195 2349 2250; x_wconf 86' lang='lat' dir='ltr'><strong>definitum</strong></span> <span class='ocrx_word' id='word_1_383' title='bbox 2391 2191 2684 2262; x_wconf 87' lang='lat' dir='ltr'><strong>signiticet,</strong></span> <span class='ocrx_word' id='word_1_384' title='bbox 2729 2205 2839 2257; x_wconf 90' lang='lat' dir='ltr'><strong>quo</strong></span> <span class='ocrx_word' id='word_1_385' title='bbox 2871 2198 3087 2258; x_wconf 88' lang='lat' dir='ltr'><strong>tempus</strong></span> <span class='ocrx_word' id='word_1_386' title='bbox 3115 2188 3231 2255; x_wconf 84' lang='lat' dir='ltr'><strong>ejus</strong></span> <span class='ocrx_word' id='word_1_387' title='bbox 3278 2187 3344 2240; x_wconf 86' lang='lat' dir='ltr'><strong>ad</strong></span> <span class='ocrx_word' id='word_1_388' title='bbox 3389 2187 3486 2240; x_wconf 90' lang='lat' dir='ltr'><strong>ho-</strong></span> 
     </span>
    </p>
   </div>
   <div class='ocr_carea' id='block_1_54' title="bbox 1890 2282 3484 2347">
    <p class='ocr_par' dir='ltr' id='par_1_54' title="bbox 1890 2282 3484 2347">
     <span class='ocr_line' id='line_1_54' title="bbox 1890 2282 3484 2347; baseline -0.007 -4"><span class='ocrx_word' id='word_1_389' title='bbox 1890 2291 2062 2344; x_wconf 86' lang='lat' dir='ltr'><strong>mines</strong></span> <span class='ocrx_word' id='word_1_390' title='bbox 2097 2291 2363 2342; x_wconf 85' lang='lat' dir='ltr'><strong>adventus</strong></span> <span class='ocrx_word' id='word_1_391' title='bbox 2399 2285 2749 2347; x_wconf 83' lang='lat' dir='ltr'><strong>declaratur;</strong></span> <span class='ocrx_word' id='word_1_392' title='bbox 2781 2283 2910 2337; x_wconf 93' lang='lat' dir='ltr'><strong>illud</strong></span> <span class='ocrx_word' id='word_1_393' title='bbox 2946 2292 3153 2343; x_wconf 89' lang='lat' dir='ltr'><strong>autem,</strong></span> <span class='ocrx_word' id='word_1_394' title='bbox 3197 2299 3215 2331; x_wconf 76' lang='grc' dir='ltr'><strong>ι</strong></span> <span class='ocrx_word' id='word_1_395' title='bbox 3252 2282 3304 2334; x_wconf 86' lang='lat' dir='ltr'><strong>iit</strong></span> <span class='ocrx_word' id='word_1_396' title='bbox 3337 2294 3484 2333; x_wconf 88' lang='lat' dir='ltr'><strong>sem-</strong></span> 
     </span>
    </p>
   </div>
   <div class='ocr_carea' id='block_1_55' title="bbox 1890 2371 3486 2452">
    <p class='ocr_par' dir='ltr' id='par_1_55' title="bbox 1890 2371 3486 2452">
     <span class='ocr_line' id='line_1_55' title="bbox 1890 2371 3486 2452; baseline -0.007 -16"><span class='ocrx_word' id='word_1_397' title='bbox 1890 2385 2194 2452; x_wconf 83' lang='lat' dir='ltr'><strong>piternum.</strong></span> <span class='ocrx_word' id='word_1_398' title='bbox 2244 2398 2264 2431; x_wconf 72' lang='grc' dir='ltr'><strong>ι</strong></span> <span class='ocrx_word' id='word_1_399' title='bbox 2297 2378 2567 2443; x_wconf 81' lang='lat' dir='ltr'><strong>infinitum</strong></span> <span class='ocrx_word' id='word_1_400' title='bbox 2611 2391 2675 2431; x_wconf 88' lang='lat' dir='ltr'><strong>ac</strong></span> <span class='ocrx_word' id='word_1_401' title='bbox 2727 2385 3052 2446; x_wconf 88' lang='lat' dir='ltr'><strong>perpetuum</strong></span> <span class='ocrx_word' id='word_1_402' title='bbox 3102 2388 3330 2440; x_wconf 86' lang='lat' dir='ltr'><strong>regnum</strong></span> <span class='ocrx_word' id='word_1_403' title='bbox 3369 2371 3486 2438; x_wconf 85' lang='lat' dir='ltr'><strong>ejus</strong></span> 
     </span>
    </p>
   </div>
   <div class='ocr_carea' id='block_1_56' title="bbox 1890 2465 3486 2535">
    <p class='ocr_par' dir='ltr' id='par_1_56' title="bbox 1890 2465 3486 2535">
     <span class='ocr_line' id='line_1_56' title="bbox 1890 2465 3486 2535; baseline -0.008 -4"><span class='ocrx_word' id='word_1_404' title='bbox 1890 2475 2154 2531; x_wconf 85' lang='lat' dir='ltr'><strong>declarat.</strong></span> <span class='ocrx_word' id='word_1_405' title='bbox 2197 2473 2609 2527; x_wconf 80' lang='lat' dir='ltr'><strong>Observandum</strong></span> <span class='ocrx_word' id='word_1_406' title='bbox 2651 2478 2831 2522; x_wconf 85' lang='lat' dir='ltr'><strong>autem</strong></span> <span class='ocrx_word' id='word_1_407' title='bbox 2871 2477 2978 2529; x_wconf 74' lang='lat' dir='ltr'><strong>eat,</strong></span> <span class='ocrx_word' id='word_1_408' title='bbox 3033 2467 3264 2535; x_wconf 87' lang='lat' dir='ltr'><strong>primam</strong></span> <span class='ocrx_word' id='word_1_409' title='bbox 3307 2465 3375 2519; x_wconf 88' lang='lat' dir='ltr'><strong>de</strong></span> <span class='ocrx_word' id='word_1_410' title='bbox 3421 2478 3486 2518; x_wconf 86' lang='lat' dir='ltr'><strong>eo</strong></span> 
     </span>
    </p>
   </div>
   <div class='ocr_carea' id='block_1_57' title="bbox 1891 2557 3485 2635">
    <p class='ocr_par' dir='ltr' id='par_1_57' title="bbox 1891 2557 3485 2635">
     <span class='ocr_line' id='line_1_57' title="bbox 1891 2557 3485 2635; baseline -0.008 -15"><span class='ocrx_word' id='word_1_411' title='bbox 1891 2567 1980 2633; x_wconf 89' lang='lat' dir='ltr'><strong>qui</strong></span> <span class='ocrx_word' id='word_1_412' title='bbox 2027 2567 2079 2620; x_wconf 91' lang='lat' dir='ltr'><strong>in</strong></span> <span class='ocrx_word' id='word_1_413' title='bbox 2131 2565 2414 2635; x_wconf 88' lang='lat' dir='ltr'><strong>prophetia</strong></span> <span class='ocrx_word' id='word_1_414' title='bbox 2465 2563 2666 2626; x_wconf 80' lang='lat' dir='ltr'><strong>fertur,</strong></span> <span class='ocrx_word' id='word_1_415' title='bbox 2720 2560 3167 2631; x_wconf 65' lang='lat' dir='ltr'><strong>praedictionem,</strong></span> <span class='ocrx_word' id='word_1_416' title='bbox 3216 2557 3365 2610; x_wconf 89' lang='lat' dir='ltr'><strong>illum</strong></span> <span class='ocrx_word' id='word_1_417' title='bbox 3418 2571 3485 2608; x_wconf 77' lang='lat' dir='ltr'><strong>ex</strong></span> 
     </span>
    </p>
   </div>
   <div class='ocr_carea' id='block_1_58' title="bbox 1892 2647 3488 2727">
    <p class='ocr_par' dir='ltr' id='par_1_58' title="bbox 1892 2647 3488 2727">
     <span class='ocr_line' id='line_1_58' title="bbox 1892 2647 3488 2727; baseline -0.008 -15"><span class='ocrx_word' id='word_1_418' title='bbox 1892 2656 2114 2727; x_wconf 80' lang='lat' dir='ltr'><strong>Virgine</strong></span> <span class='ocrx_word' id='word_1_419' title='bbox 2163 2656 2495 2710; x_wconf 88' lang='lat' dir='ltr'><strong>nasciturum</strong></span> <span class='ocrx_word' id='word_1_420' title='bbox 2540 2667 2662 2708; x_wconf 86' lang='lat' dir='ltr'><strong>esse</strong></span> <span class='ocrx_word' id='word_1_421' title='bbox 2706 2652 3024 2718; x_wconf 86' lang='lat' dir='ltr'><strong>declarare;</strong></span> <span class='ocrx_word' id='word_1_422' title='bbox 3056 2647 3352 2704; x_wconf 86' lang='lat' dir='ltr'><strong>secundam</strong></span> <span class='ocrx_word' id='word_1_423' title='bbox 3395 2662 3488 2700; x_wconf 82' lang='lat' dir='ltr'><strong>ve-</strong></span> 
     </span>
    </p>
   </div>
   <div class='ocr_carea' id='block_1_59' title="bbox 1895 2741 3483 2818">
    <p class='ocr_par' dir='ltr' id='par_1_59' title="bbox 1895 2741 3483 2818">
     <span class='ocr_line' id='line_1_59' title="bbox 1895 2741 3483 2818; baseline -0.008 -14"><span class='ocrx_word' id='word_1_424' title='bbox 1895 2765 1974 2811; x_wconf 87' lang='lat' dir='ltr'><strong>ro.</strong></span> <span class='ocrx_word' id='word_1_425' title='bbox 2024 2765 2085 2803; x_wconf 88' lang='lat' dir='ltr'><strong>ac</strong></span> <span class='ocrx_word' id='word_1_426' title='bbox 2127 2750 2172 2803; x_wconf 88' lang='lat' dir='ltr'><strong>si</strong></span> <span class='ocrx_word' id='word_1_427' title='bbox 2226 2758 2538 2818; x_wconf 69' lang='lat' dir='ltr'><strong>quasratur,</strong></span> <span class='ocrx_word' id='word_1_428' title='bbox 2593 2762 2703 2815; x_wconf 92' lang='lat' dir='ltr'><strong>quo</strong></span> <span class='ocrx_word' id='word_1_429' title='bbox 2748 2755 2910 2814; x_wconf 90' lang='lat' dir='ltr'><strong>pacto</strong></span> <span class='ocrx_word' id='word_1_430' title='bbox 2967 2743 3017 2796; x_wconf 89' lang='lat' dir='ltr'><strong>id</strong></span> <span class='ocrx_word' id='word_1_431' title='bbox 3068 2742 3312 2796; x_wconf 87' lang='lat' dir='ltr'><strong>futurum</strong></span> <span class='ocrx_word' id='word_1_432' title='bbox 3375 2741 3483 2803; x_wconf 87' lang='lat' dir='ltr'><strong>sit,</strong></span> 
     </span>
    </p>
   </div>
   <div class='ocr_carea' id='block_1_60' title="bbox 1895 2829 3487 2914">
    <p class='ocr_par' dir='ltr' id='par_1_60' title="bbox 1895 2829 3487 2914">
     <span class='ocr_line' id='line_1_60' title="bbox 1895 2829 3487 2914; baseline -0.009 -17"><span class='ocrx_word' id='word_1_433' title='bbox 1895 2844 2068 2914; x_wconf 89' lang='lat' dir='ltr'><strong>ipsum</strong></span> <span class='ocrx_word' id='word_1_434' title='bbox 2115 2842 2400 2894; x_wconf 91' lang='lat' dir='ltr'><strong>Dominum</strong></span> <span class='ocrx_word' id='word_1_435' title='bbox 2472 2839 2554 2893; x_wconf 88' lang='lat' dir='ltr'><strong>sic</strong></span> <span class='ocrx_word' id='word_1_436' title='bbox 2608 2840 2920 2907; x_wconf 87' lang='lat' dir='ltr'><strong>loquentem</strong></span> <span class='ocrx_word' id='word_1_437' title='bbox 2999 2836 3280 2896; x_wconf 79' lang='lat' dir='ltr'><strong>inducere,</strong></span> <span class='ocrx_word' id='word_1_438' title='bbox 3353 2849 3371 2882; x_wconf 78' lang='grc' dir='ltr'><strong>ι</strong></span> <span class='ocrx_word' id='word_1_439' title='bbox 3420 2829 3487 2884; x_wconf 82' lang='lat' dir='ltr'><strong>Et</strong></span> 
     </span>
    </p>
   </div>
   <div class='ocr_carea' id='block_1_61' title="bbox 1896 2923 3488 3001">
    <p class='ocr_par' dir='ltr' id='par_1_61' title="bbox 1896 2923 3488 3001">
     <span class='ocr_line' id='line_1_61' title="bbox 1896 2923 3488 3001; baseline -0.009 -13"><span class='ocrx_word' id='word_1_440' title='bbox 1896 2932 2101 2988; x_wconf 88' lang='lat' dir='ltr'><strong>accessi</strong></span> <span class='ocrx_word' id='word_1_441' title='bbox 2139 2932 2204 2984; x_wconf 89' lang='lat' dir='ltr'><strong>ad</strong></span> <span class='ocrx_word' id='word_1_442' title='bbox 2258 2931 2702 3001; x_wconf 82' lang='lat' dir='ltr'><strong>prophetissam:</strong></span> <span class='ocrx_word' id='word_1_443' title='bbox 2746 2938 2800 2984; x_wconf 93' lang='lat' dir='ltr'><strong>et</strong></span> <span class='ocrx_word' id='word_1_444' title='bbox 2832 2930 2882 2981; x_wconf 92' lang='lat' dir='ltr'><strong>in</strong></span> <span class='ocrx_word' id='word_1_445' title='bbox 2926 2940 3081 2982; x_wconf 82' lang='lat' dir='ltr'><strong>utero</strong></span> <span class='ocrx_word' id='word_1_446' title='bbox 3131 2923 3377 2993; x_wconf 87' lang='lat' dir='ltr'><strong>accepit,</strong></span> <span class='ocrx_word' id='word_1_447' title='bbox 3431 2931 3488 2976; x_wconf 91' lang='lat' dir='ltr'><strong>et</strong></span> 
     </span>
    </p>
   </div>
   <div class='ocr_carea' id='block_1_62' title="bbox 1894 3017 3484 3095">
    <p class='ocr_par' dir='ltr' id='par_1_62' title="bbox 1894 3017 3484 3095">
     <span class='ocr_line' id='line_1_62' title="bbox 1894 3017 3484 3095; baseline -0.009 -15"><span class='ocrx_word' id='word_1_448' title='bbox 1894 3021 2360 3095; x_wconf 81' lang='lat' dir='ltr'><strong>peperitFilium;</strong></span> <span class='ocrx_word' id='word_1_449' title='bbox 2405 3040 2423 3073; x_wconf 76' lang='grc' dir='ltr'><strong>ι</strong></span> <span class='ocrx_word' id='word_1_450' title='bbox 2472 3021 2688 3074; x_wconf 88' lang='lat' dir='ltr'><strong>tertiam</strong></span> <span class='ocrx_word' id='word_1_451' title='bbox 2737 3029 2951 3081; x_wconf 89' lang='lat' dir='ltr'><strong>autem,</strong></span> <span class='ocrx_word' id='word_1_452' title='bbox 2998 3017 3300 3085; x_wconf 85' lang='lat' dir='ltr'><strong>virgineum</strong></span> <span class='ocrx_word' id='word_1_453' title='bbox 3353 3029 3484 3082; x_wconf 89' lang='lat' dir='ltr'><strong>par-</strong></span> 
     </span>
    </p>
   </div>
   <div class='ocr_carea' id='block_1_63' title="bbox 1899 3109 3488 3180">
    <p class='ocr_par' dir='ltr' id='par_1_63' title="bbox 1899 3109 3488 3180">
     <span class='ocr_line' id='line_1_63' title="bbox 1899 3109 3488 3180; baseline -0.005 -10"><span class='ocrx_word' id='word_1_454' title='bbox 1899 3128 2012 3170; x_wconf 89' lang='lat' dir='ltr'><strong>tum</strong></span> <span class='ocrx_word' id='word_1_455' title='bbox 2051 3131 2154 3170; x_wconf 93' lang='lat' dir='ltr'><strong>non</strong></span> <span class='ocrx_word' id='word_1_456' title='bbox 2194 3114 2339 3168; x_wconf 89' lang='lat' dir='ltr'><strong>ultra</strong></span> <span class='ocrx_word' id='word_1_457' title='bbox 2376 3128 2703 3180; x_wconf 89' lang='lat' dir='ltr'><strong>memorare,</strong></span> <span class='ocrx_word' id='word_1_458' title='bbox 2737 3125 2915 3180; x_wconf 89' lang='lat' dir='ltr'><strong>neque</strong></span> <span class='ocrx_word' id='word_1_459' title='bbox 2946 3109 3165 3164; x_wconf 88' lang='lat' dir='ltr'><strong>modum</strong></span> <span class='ocrx_word' id='word_1_460' title='bbox 3203 3112 3488 3177; x_wconf 65' lang='lat' dir='ltr'><strong>stupendae</strong></span> 
     </span>
    </p>
   </div>
   <div class='ocr_carea' id='block_1_64' title="bbox 1899 3199 3486 3270">
    <p class='ocr_par' dir='ltr' id='par_1_64' title="bbox 1899 3199 3486 3270">
     <span class='ocr_line' id='line_1_64' title="bbox 1899 3199 3486 3270; baseline -0.005 -10"><span class='ocrx_word' id='word_1_461' title='bbox 1899 3207 2046 3262; x_wconf 86' lang='lat' dir='ltr'><strong>illius</strong></span> <span class='ocrx_word' id='word_1_462' title='bbox 2079 3206 2376 3261; x_wconf 86' lang='lat' dir='ltr'><strong>secundum</strong></span> <span class='ocrx_word' id='word_1_463' title='bbox 2427 3202 2596 3257; x_wconf 88' lang='lat' dir='ltr'><strong>Deum</strong></span> <span class='ocrx_word' id='word_1_464' title='bbox 2654 3200 3052 3270; x_wconf 89' lang='lat' dir='ltr'><strong>conceptionis,</strong></span> <span class='ocrx_word' id='word_1_465' title='bbox 3090 3209 3275 3268; x_wconf 91' lang='lat' dir='ltr'><strong>utpote</strong></span> <span class='ocrx_word' id='word_1_466' title='bbox 3328 3199 3486 3253; x_wconf 82' lang='lat' dir='ltr'><strong>nobis</strong></span> 
     </span>
    </p>
   </div>
   <div class='ocr_carea' id='block_1_65' title="bbox 198 3267 1786 3364">
    <p class='ocr_par' dir='ltr' id='par_1_65' title="bbox 198 3267 1786 3364">
     <span class='ocr_line' id='line_1_65' title="bbox 198 3267 1786 3364; baseline -0.001 -20"><span class='ocrx_word' id='word_1_467' title='bbox 198 3267 516 3348; x_wconf 67' lang='grc' dir='ltr'><strong>παιδεύουσα</strong></span> <span class='ocrx_word' id='word_1_468' title='bbox 547 3267 814 3363; x_wconf 35' lang='grc' dir='ltr'><strong>ἡμᾶς-τὰ</strong></span> <span class='ocrx_word' id='word_1_469' title='bbox 835 3290 1120 3364; x_wconf 76' lang='grc' dir='ltr'><strong>ἀπόρρητα</strong></span> <span class='ocrx_word' id='word_1_470' title='bbox 1153 3292 1252 3360; x_wconf 73' lang='grc' dir='ltr'><strong>τῆς</strong></span> <span class='ocrx_word' id='word_1_471' title='bbox 1284 3289 1413 3361; x_wconf 81' lang='grc' dir='ltr'><strong>περ).</strong></span> <span class='ocrx_word' id='word_1_472' title='bbox 1464 3267 1632 3343; x_wconf 81' lang='grc' dir='ltr'><strong>αὑτοῦ</strong></span> <span class='ocrx_word' id='word_1_473' title='bbox 1667 3290 1786 3343; x_wconf 90' lang='grc' dir='ltr'><strong>θεο-</strong></span> 
     </span>
    </p>
   </div>
   <div class='ocr_carea' id='block_1_66' title="bbox 1891 3267 3485 3364">
    <p class='ocr_par' dir='ltr' id='par_1_66' title="bbox 1892 3267 3485 3364">
     <span class='ocr_line' id='line_1_66' title="bbox 1892 3267 3485 3364; baseline -0.008 -10"><span class='ocrx_word' id='word_1_474' title='bbox 1892 3300 2033 3354; x_wconf 82' lang='lat' dir='ltr'><strong>hanc</strong></span> <span class='ocrx_word' id='word_1_475' title='bbox 2083 3313 2196 3353; x_wconf 90' lang='lat' dir='ltr'><strong>rem</strong></span> <span class='ocrx_word' id='word_1_476' title='bbox 2241 3296 2353 3364; x_wconf 81' lang='lat' dir='ltr'><strong>jam</strong></span> <span class='ocrx_word' id='word_1_477' title='bbox 2386 3297 2630 3360; x_wconf 76' lang='lat' dir='ltr'><strong>edoctis‘;</strong></span> <span class='ocrx_word' id='word_1_478' title='bbox 2685 3297 2780 3349; x_wconf 88' lang='lat' dir='ltr'><strong>sed</strong></span> <span class='ocrx_word' id='word_1_479' title='bbox 2815 3267 2880 3347; x_wconf 88' lang='lat' dir='ltr'><strong>de</strong></span> <span class='ocrx_word' id='word_1_480' title='bbox 2933 3290 3075 3346; x_wconf 86' lang='lat' dir='ltr'><strong>Filio</strong></span> <span class='ocrx_word' id='word_1_481' title='bbox 3116 3267 3284 3359; x_wconf 87' lang='lat' dir='ltr'><strong>ipsius</strong></span> <span class='ocrx_word' id='word_1_482' title='bbox 3318 3290 3485 3344; x_wconf 80' lang='lat' dir='ltr'><strong>verba</strong></span> 
     </span>
    </p>
   </div>
   <div class='ocr_carea' id='block_1_67' title="bbox 197 3382 1784 3455">
    <p class='ocr_par' dir='ltr' id='par_1_67' title="bbox 197 3382 1784 3455">
     <span class='ocr_line' id='line_1_67' title="bbox 197 3382 1784 3455; baseline -0.003 -15"><span class='ocrx_word' id='word_1_483' title='bbox 197 3386 388 3455; x_wconf 78' lang='grc' dir='ltr'><strong>λογίας·</strong></span> <span class='ocrx_word' id='word_1_484' title='bbox 418 3387 598 3440; x_wconf 73' lang='grc' dir='ltr'><strong>ταῦτα</strong></span> <span class='ocrx_word' id='word_1_485' title='bbox 652 3384 714 3437; x_wconf 76' lang='grc' dir='ltr'><strong>δὲ</strong></span> <span class='ocrx_word' id='word_1_486' title='bbox 744 3384 922 3438; x_wconf 83' lang='grc' dir='ltr'><strong>πάντα</strong></span> <span class='ocrx_word' id='word_1_487' title='bbox 961 3383 1090 3454; x_wconf 71' lang='grc' dir='ltr'><strong>περὶ</strong></span> <span class='ocrx_word' id='word_1_488' title='bbox 1127 3382 1223 3436; x_wconf 80' lang='grc' dir='ltr'><strong>τοῦ</strong></span> <span class='ocrx_word' id='word_1_489' title='bbox 1266 3384 1521 3453; x_wconf 84' lang='grc' dir='ltr'><strong>τυχόντος</strong></span> <span class='ocrx_word' id='word_1_490' title='bbox 1573 3382 1784 3438; x_wconf 81' lang='grc' dir='ltr'><strong>παιδίου</strong></span> 
     </span>
    </p>
   </div>
   <div class='ocr_carea' id='block_1_68' title="bbox 197 3469 1783 3548">
    <p class='ocr_par' dir='ltr' id='par_1_68' title="bbox 197 3469 1783 3548">
     <span class='ocr_line' id='line_1_68' title="bbox 197 3469 1783 3548; baseline 0.001 -18"><span class='ocrx_word' id='word_1_491' title='bbox 197 3477 457 3545; x_wconf 78' lang='grc' dir='ltr'><strong>λέγεσθαι,</strong></span> <span class='ocrx_word' id='word_1_492' title='bbox 487 3479 595 3532; x_wconf 83' lang='grc' dir='ltr'><strong>οὑκ</strong></span> <span class='ocrx_word' id='word_1_493' title='bbox 634 3469 758 3530; x_wconf 73' lang='grc' dir='ltr'><strong>οῖδα</strong></span> <span class='ocrx_word' id='word_1_494' title='bbox 791 3475 908 3540; x_wconf 84' lang='grc' dir='ltr'><strong>πῶς</strong></span> <span class='ocrx_word' id='word_1_495' title='bbox 939 3477 1263 3546; x_wconf 80' lang='grc' dir='ltr'><strong>συστήσαιεν</strong></span> <span class='ocrx_word' id='word_1_496' title='bbox 1289 3477 1338 3528; x_wconf 83' lang='grc' dir='ltr'><strong>οἰ</strong></span> <span class='ocrx_word' id='word_1_497' title='bbox 1363 3478 1428 3530; x_wconf 78' lang='grc' dir='ltr'><strong>ὲκ</strong></span> <span class='ocrx_word' id='word_1_498' title='bbox 1461 3479 1783 3548; x_wconf 79' lang='grc' dir='ltr'><strong>περιτομῆς,</strong></span> 
     </span>
    </p>
   </div>
   <div class='ocr_carea' id='block_1_69' title="bbox 199 3567 1783 3641">
    <p class='ocr_par' dir='ltr' id='par_1_69' title="bbox 199 3567 1783 3641">
     <span class='ocr_line' id='line_1_69' title="bbox 199 3567 1783 3641; baseline 0.001 -19"><span class='ocrx_word' id='word_1_499' title='bbox 199 3569 266 3640; x_wconf 72' lang='grc' dir='ltr'><strong>μὴ</strong></span> <span class='ocrx_word' id='word_1_500' title='bbox 296 3569 613 3641; x_wconf 84' lang='grc' dir='ltr'><strong>βουλόμενοι</strong></span> <span class='ocrx_word' id='word_1_501' title='bbox 652 3567 1062 3638; x_wconf 76' lang='grc' dir='ltr'><strong>παραδέξασθαι</strong></span> <span class='ocrx_word' id='word_1_502' title='bbox 1089 3568 1179 3620; x_wconf 84' lang='grc' dir='ltr'><strong>τὸν</strong></span> <span class='ocrx_word' id='word_1_503' title='bbox 1223 3569 1488 3640; x_wconf 81' lang='grc' dir='ltr'><strong>ἡμέτερον</strong></span> <span class='ocrx_word' id='word_1_504' title='bbox 1535 3570 1783 3640; x_wconf 83' lang='grc' dir='ltr'><strong>Σωτῆρα,</strong></span> 
     </span>
    </p>
   </div>
   <div class='ocr_carea' id='block_1_70' title="bbox 195 3653 1786 3734">
    <p class='ocr_par' dir='ltr' id='par_1_70' title="bbox 195 3653 1786 3734">
     <span class='ocr_line' id='line_1_70' title="bbox 195 3653 1786 3734; baseline -0.001 -19"><span class='ocrx_word' id='word_1_505' title='bbox 195 3653 236 3729; x_wconf 81' lang='grc' dir='ltr'><strong>ᾧ</strong></span> <span class='ocrx_word' id='word_1_506' title='bbox 261 3665 326 3716; x_wconf 72' lang='grc' dir='ltr'><strong>τὰ</strong></span> <span class='ocrx_word' id='word_1_507' title='bbox 347 3663 486 3733; x_wconf 77' lang='grc' dir='ltr'><strong>ἔργα</strong></span> <span class='ocrx_word' id='word_1_508' title='bbox 516 3662 816 3734; x_wconf 83' lang='grc' dir='ltr'><strong>μαρτυρεῖ,</strong></span> <span class='ocrx_word' id='word_1_509' title='bbox 851 3662 944 3714; x_wconf 78' lang='grc' dir='ltr'><strong>καὶ</strong></span> <span class='ocrx_word' id='word_1_510' title='bbox 975 3660 1084 3714; x_wconf 87' lang='grc' dir='ltr'><strong>τῶν</strong></span> <span class='ocrx_word' id='word_1_511' title='bbox 1127 3664 1520 3734; x_wconf 79' lang='grc' dir='ltr'><strong>πραγμάτωνή</strong></span> <span class='ocrx_word' id='word_1_512' title='bbox 1564 3661 1786 3725; x_wconf 71' lang='grc' dir='ltr'><strong>ἔκϐασις</strong></span> 
     </span>
    </p>
   </div>
   <div class='ocr_carea' id='block_1_71' title="bbox 194 3752 1786 3827">
    <p class='ocr_par' dir='ltr' id='par_1_71' title="bbox 194 3752 1786 3827">
     <span class='ocr_line' id='line_1_71' title="bbox 194 3752 1786 3827; baseline 0.001 -21"><span class='ocrx_word' id='word_1_513' title='bbox 194 3755 310 3818; x_wconf 78' lang='grc' dir='ltr'><strong>τοὺς</strong></span> <span class='ocrx_word' id='word_1_514' title='bbox 337 3755 534 3821; x_wconf 81' lang='grc' dir='ltr'><strong>λόγους</strong></span> <span class='ocrx_word' id='word_1_515' title='bbox 570 3752 1057 3824; x_wconf 73' lang='grc' dir='ltr'><strong>ἑπισφραγίζεται.</strong></span> <span class='ocrx_word' id='word_1_516' title='bbox 1112 3773 1130 3804; x_wconf 79' lang='lat' dir='ltr'><strong>t</strong></span> <span class='ocrx_word' id='word_1_517' title='bbox 1197 3756 1364 3826; x_wconf 84' lang='grc' dir='ltr'><strong>Ζῆλος</strong></span> <span class='ocrx_word' id='word_1_518' title='bbox 1412 3755 1619 3827; x_wconf 82' lang='grc' dir='ltr'><strong>Κυρίου</strong></span> <span class='ocrx_word' id='word_1_519' title='bbox 1681 3755 1786 3807; x_wconf 60' lang='grc' dir='ltr'><strong>Σαν</strong></span> 
     </span>
    </p>
   </div>
   <div class='ocr_carea' id='block_1_72' title="bbox 195 3843 1786 3918">
    <p class='ocr_par' dir='ltr' id='par_1_72' title="bbox 195 3843 1786 3918">
     <span class='ocr_line' id='line_1_72' title="bbox 195 3843 1786 3918; baseline 0.001 -20"><span class='ocrx_word' id='word_1_520' title='bbox 195 3843 334 3898; x_wconf 84' lang='grc' dir='ltr'><strong>ϐαὼθ</strong></span> <span class='ocrx_word' id='word_1_521' title='bbox 365 3849 586 3918; x_wconf 76' lang='grc' dir='ltr'><strong>ποιήσει</strong></span> <span class='ocrx_word' id='word_1_522' title='bbox 622 3843 828 3898; x_wconf 78' lang='grc' dir='ltr'><strong>ταῦτα.</strong></span> <span class='ocrx_word' id='word_1_523' title='bbox 871 3865 888 3895; x_wconf 72' lang='grc' dir='ltr'><strong>ι</strong></span> <span class='ocrx_word' id='word_1_524' title='bbox 921 3845 1080 3908; x_wconf 83' lang='grc' dir='ltr'><strong>Ποίος</strong></span> <span class='ocrx_word' id='word_1_525' title='bbox 1108 3845 1300 3917; x_wconf 77' lang='grc' dir='ltr'><strong>ζῆλος,</strong></span> <span class='ocrx_word' id='word_1_526' title='bbox 1336 3848 1368 3918; x_wconf 77' lang='grc' dir='ltr'>ἢ</span> <span class='ocrx_word' id='word_1_527' title='bbox 1401 3847 1460 3900; x_wconf 86' lang='grc' dir='ltr'><strong>δν</strong></span> <span class='ocrx_word' id='word_1_528' title='bbox 1511 3848 1786 3918; x_wconf 74' lang='grc' dir='ltr'><strong>ἐζήλωσεν</strong></span> 
     </span>
    </p>
   </div>
   <div class='ocr_carea' id='block_1_73' title="bbox 195 3936 1786 4007">
    <p class='ocr_par' dir='ltr' id='par_1_73' title="bbox 195 3936 1786 4007">
     <span class='ocr_line' id='line_1_73' title="bbox 195 3936 1786 4007; baseline 0.001 -17"><span class='ocrx_word' id='word_1_529' title='bbox 195 3936 388 4004; x_wconf 76' lang='grc' dir='ltr'><strong>ἀγαθὸν</strong></span> <span class='ocrx_word' id='word_1_530' title='bbox 421 3940 520 3991; x_wconf 73' lang='grc' dir='ltr'><strong>καὶ</strong></span> <span class='ocrx_word' id='word_1_531' title='bbox 572 3936 730 4007; x_wconf 80' lang='grc' dir='ltr'><strong>αύτῷ</strong></span> <span class='ocrx_word' id='word_1_532' title='bbox 772 3936 1071 4007; x_wconf 84' lang='grc' dir='ltr'><strong>πρέποντα,</strong></span> <span class='ocrx_word' id='word_1_533' title='bbox 1112 3939 1192 4000; x_wconf 86' lang='grc' dir='ltr'><strong>εἰς</strong></span> <span class='ocrx_word' id='word_1_534' title='bbox 1234 3938 1294 3990; x_wconf 84' lang='grc' dir='ltr'><strong>τὸ</strong></span> <span class='ocrx_word' id='word_1_535' title='bbox 1350 3938 1518 3992; x_wconf 81' lang='grc' dir='ltr'><strong>σῶσαι</strong></span> <span class='ocrx_word' id='word_1_536' title='bbox 1578 3939 1786 4004; x_wconf 83' lang='grc' dir='ltr'><strong>πάντας</strong></span> 
     </span>
    </p>
   </div>
   <div class='ocr_carea' id='block_1_74' title="bbox 194 4027 1787 4096">
    <p class='ocr_par' dir='ltr' id='par_1_74' title="bbox 194 4027 1787 4096">
     <span class='ocr_line' id='line_1_74' title="bbox 194 4027 1787 4096; baseline 0.004 -17"><span class='ocrx_word' id='word_1_537' title='bbox 194 4029 311 4091; x_wconf 84' lang='grc' dir='ltr'><strong>τοὺς</strong></span> <span class='ocrx_word' id='word_1_538' title='bbox 343 4029 449 4083; x_wconf 81' lang='grc' dir='ltr'><strong>ὑπὸ</strong></span> <span class='ocrx_word' id='word_1_539' title='bbox 504 4028 600 4083; x_wconf 69' lang='grc' dir='ltr'><strong>τοῦ</strong></span> <span class='ocrx_word' id='word_1_540' title='bbox 634 4027 890 4082; x_wconf 80' lang='grc' dir='ltr'><strong>διαϐόλου</strong></span> <span class='ocrx_word' id='word_1_541' title='bbox 935 4028 1534 4096; x_wconf 79' lang='grc' dir='ltr'><strong>καταδυναστευθέντας</strong></span> <span class='ocrx_word' id='word_1_542' title='bbox 1553 4073 1568 4096; x_wconf 94' lang='grc'><strong>,</strong></span> <span class='ocrx_word' id='word_1_543' title='bbox 1591 4032 1686 4086; x_wconf 73' lang='grc' dir='ltr'><strong>καὶ</strong></span> <span class='ocrx_word' id='word_1_544' title='bbox 1709 4033 1787 4096; x_wconf 91' lang='grc' dir='ltr'><strong>εἰς</strong></span> 
     </span>
    </p>
   </div>
   <div class='ocr_carea' id='block_1_75' title="bbox 195 4119 933 4190">
    <p class='ocr_par' dir='ltr' id='par_1_75' title="bbox 195 4119 933 4190">
     <span class='ocr_line' id='line_1_75' title="bbox 195 4119 933 4190; baseline 0 -19"><span class='ocrx_word' id='word_1_545' title='bbox 195 4119 452 4190; x_wconf 78' lang='grc' dir='ltr'><strong>ἀθεότητα</strong></span> <span class='ocrx_word' id='word_1_546' title='bbox 483 4120 933 4190; x_wconf 82' lang='grc' dir='ltr'><strong>κατασυρέντας;</strong></span> 
     </span>
    </p>
   </div>
   <div class='ocr_carea' id='block_1_76' title="bbox 265 4397 1787 4468">
    <p class='ocr_par' dir='ltr' id='par_1_76' title="bbox 265 4397 1787 4468">
     <span class='ocr_line' id='line_1_76' title="bbox 265 4397 1787 4468; baseline 0.003 -17"><span class='ocrx_word' id='word_1_547' title='bbox 265 4400 555 4455; x_wconf 60' lang='lat' dir='ltr'><strong>«OM-rev</strong></span> <span class='ocrx_word' id='word_1_548' title='bbox 617 4397 910 4453; x_wconf 81' lang='grc' dir='ltr'><strong>ἀπέστειλε</strong></span> <span class='ocrx_word' id='word_1_549' title='bbox 982 4398 1188 4468; x_wconf 79' lang='grc' dir='ltr'><strong>Κύριος</strong></span> <span class='ocrx_word' id='word_1_550' title='bbox 1242 4401 1331 4455; x_wconf 77' lang='grc' dir='ltr'><strong>ἐπὶ</strong></span> <span class='ocrx_word' id='word_1_551' title='bbox 1409 4400 1638 4464; x_wconf 77' lang='grc' dir='ltr'><strong>Ἰακὼϐ,</strong></span> <span class='ocrx_word' id='word_1_552' title='bbox 1693 4402 1787 4455; x_wconf 66' lang='grc' dir='ltr'><strong>καὶ</strong></span> 
     </span>
    </p>
   </div>
   <div class='ocr_carea' id='block_1_77' title="bbox 196 4487 1784 4565">
    <p class='ocr_par' dir='ltr' id='par_1_77' title="bbox 196 4487 1784 4565">
     <span class='ocr_line' id='line_1_77' title="bbox 196 4487 1784 4565; baseline 0.001 -20"><span class='ocrx_word' id='word_1_553' title='bbox 196 4487 345 4562; x_wconf 75' lang='grc' dir='ltr'><strong>ἦλθεν</strong></span> <span class='ocrx_word' id='word_1_554' title='bbox 374 4496 472 4548; x_wconf 69' lang='grc' dir='ltr'><strong>ἐπὶ</strong></span> <span class='ocrx_word' id='word_1_555' title='bbox 511 4492 775 4565; x_wconf 79' lang='grc' dir='ltr'><strong>Ἰσραήλ·</strong></span> <span class='ocrx_word' id='word_1_556' title='bbox 827 4494 918 4546; x_wconf 76' lang='grc' dir='ltr'><strong>καὶ</strong></span> <span class='ocrx_word' id='word_1_557' title='bbox 965 4493 1266 4562; x_wconf 82' lang='grc' dir='ltr'><strong>γνώσονται</strong></span> <span class='ocrx_word' id='word_1_558' title='bbox 1307 4497 1415 4558; x_wconf 79' lang='grc' dir='ltr'><strong>πᾶς</strong></span> <span class='ocrx_word' id='word_1_559' title='bbox 1446 4496 1474 4546; x_wconf 87' lang='grc' dir='ltr'><strong>ό</strong></span> <span class='ocrx_word' id='word_1_560' title='bbox 1520 4493 1648 4557; x_wconf 84' lang='grc' dir='ltr'><strong>λαός</strong></span> <span class='ocrx_word' id='word_1_561' title='bbox 1691 4494 1784 4546; x_wconf 79' lang='grc' dir='ltr'><strong>τοῦ</strong></span> 
     </span>
    </p>
   </div>
   <div class='ocr_carea' id='block_1_78' title="bbox 1894 3382 3484 3457">
    <p class='ocr_par' dir='ltr' id='par_1_78' title="bbox 1894 3382 3484 3457">
     <span class='ocr_line' id='line_1_78' title="bbox 1894 3382 3484 3457; baseline -0.007 -12"><span class='ocrx_word' id='word_1_562' title='bbox 1894 3393 2116 3452; x_wconf 81' lang='lat' dir='ltr'><strong>facere,</strong></span> <span class='ocrx_word' id='word_1_563' title='bbox 2175 3403 2382 3457; x_wconf 84' lang='lat' dir='ltr'><strong>nosque</strong></span> <span class='ocrx_word' id='word_1_564' title='bbox 2436 3387 2484 3439; x_wconf 87' lang='lat' dir='ltr'><strong>in</strong></span> <span class='ocrx_word' id='word_1_565' title='bbox 2547 3385 2833 3455; x_wconf 55' lang='lat' dir='ltr'><strong>theologia!</strong></span> <span class='ocrx_word' id='word_1_566' title='bbox 2889 3385 3006 3450; x_wconf 83' lang='lat' dir='ltr'><strong>ejus</strong></span> <span class='ocrx_word' id='word_1_567' title='bbox 3057 3384 3278 3437; x_wconf 75' lang='lat' dir='ltr'><strong>arcanis</strong></span> <span class='ocrx_word' id='word_1_568' title='bbox 3328 3382 3484 3436; x_wconf 87' lang='lat' dir='ltr'><strong>insti-</strong></span> 
     </span>
    </p>
   </div>
   <div class='ocr_carea' id='block_1_79' title="bbox 1893 3474 3487 3545">
    <p class='ocr_par' dir='ltr' id='par_1_79' title="bbox 1893 3474 3487 3545">
     <span class='ocr_line' id='line_1_79' title="bbox 1893 3474 3487 3545; baseline -0.004 -11"><span class='ocrx_word' id='word_1_569' title='bbox 1893 3492 2066 3534; x_wconf 89' lang='lat' dir='ltr'><strong>tuere.</strong></span> <span class='ocrx_word' id='word_1_570' title='bbox 2119 3479 2393 3533; x_wconf 65' lang='lat' dir='ltr'><strong>Caaterum</strong></span> <span class='ocrx_word' id='word_1_571' title='bbox 2439 3480 2627 3531; x_wconf 86' lang='lat' dir='ltr'><strong>nescio</strong></span> <span class='ocrx_word' id='word_1_572' title='bbox 2672 3490 2783 3545; x_wconf 90' lang='lat' dir='ltr'><strong>quo</strong></span> <span class='ocrx_word' id='word_1_573' title='bbox 2831 3487 2992 3545; x_wconf 89' lang='lat' dir='ltr'><strong>pacto</strong></span> <span class='ocrx_word' id='word_1_574' title='bbox 3035 3475 3069 3529; x_wconf 93' lang='lat' dir='ltr'><strong>ii</strong></span> <span class='ocrx_word' id='word_1_575' title='bbox 3121 3475 3211 3543; x_wconf 59' lang='lat' dir='ltr'><strong>qui.</strong></span> <span class='ocrx_word' id='word_1_576' title='bbox 3262 3489 3327 3528; x_wconf 81' lang='lat' dir='ltr'><strong>ex</strong></span> <span class='ocrx_word' id='word_1_577' title='bbox 3379 3474 3487 3528; x_wconf 85' lang='lat' dir='ltr'><strong>cir-</strong></span> 
     </span>
    </p>
   </div>
   <div class='ocr_carea' id='block_1_80' title="bbox 1889 3567 3489 3638">
    <p class='ocr_par' dir='ltr' id='par_1_80' title="bbox 1889 3567 3489 3638">
     <span class='ocr_line' id='line_1_80' title="bbox 1889 3567 3489 3638; baseline -0.007 -8"><span class='ocrx_word' id='word_1_578' title='bbox 1889 3574 2229 3630; x_wconf 80' lang='lat' dir='ltr'><strong>cumcisione</strong></span> <span class='ocrx_word' id='word_1_579' title='bbox 2261 3581 2405 3636; x_wconf 87' lang='lat' dir='ltr'><strong>sunt,</strong></span> <span class='ocrx_word' id='word_1_580' title='bbox 2454 3570 2570 3624; x_wconf 69' lang='lat' dir='ltr'><strong>haec</strong></span> <span class='ocrx_word' id='word_1_581' title='bbox 2621 3569 2686 3624; x_wconf 91' lang='lat' dir='ltr'><strong>de</strong></span> <span class='ocrx_word' id='word_1_582' title='bbox 2738 3569 2947 3638; x_wconf 89' lang='lat' dir='ltr'><strong>vulgari</strong></span> <span class='ocrx_word' id='word_1_583' title='bbox 2998 3581 3166 3637; x_wconf 87' lang='lat' dir='ltr'><strong>puero</strong></span> <span class='ocrx_word' id='word_1_584' title='bbox 3218 3567 3324 3620; x_wconf 90' lang='lat' dir='ltr'><strong>dici</strong></span> <span class='ocrx_word' id='word_1_585' title='bbox 3373 3575 3489 3622; x_wconf 85' lang='lat' dir='ltr'><strong>sta-</strong></span> 
     </span>
    </p>
   </div>
   <div class='ocr_carea' id='block_1_81' title="bbox 1892 3658 3485 3728">
    <p class='ocr_par' dir='ltr' id='par_1_81' title="bbox 1892 3658 3485 3728">
     <span class='ocr_line' id='line_1_81' title="bbox 1892 3658 3485 3728; baseline -0.006 -6"><span class='ocrx_word' id='word_1_586' title='bbox 1892 3676 2074 3728; x_wconf 81' lang='lat' dir='ltr'><strong>tuant,</strong></span> <span class='ocrx_word' id='word_1_587' title='bbox 2108 3665 2356 3720; x_wconf 85' lang='lat' dir='ltr'><strong>nolentes</strong></span> <span class='ocrx_word' id='word_1_588' title='bbox 2385 3664 2680 3718; x_wconf 88' lang='lat' dir='ltr'><strong>admittere</strong></span> <span class='ocrx_word' id='word_1_589' title='bbox 2713 3661 3059 3715; x_wconf 87' lang='lat' dir='ltr'><strong>Salvatorem</strong></span> <span class='ocrx_word' id='word_1_590' title='bbox 3087 3669 3366 3721; x_wconf 89' lang='lat' dir='ltr'><strong>nostrum,</strong></span> <span class='ocrx_word' id='word_1_591' title='bbox 3395 3658 3485 3714; x_wconf 91' lang='lat' dir='ltr'><strong>cui</strong></span> 
     </span>
    </p>
   </div>
   <div class='ocr_carea' id='block_1_82' title="bbox 1891 3754 3488 3831">
    <p class='ocr_par' dir='ltr' id='par_1_82' title="bbox 1891 3754 3488 3831">
     <span class='ocr_line' id='line_1_82' title="bbox 1891 3754 3488 3831; baseline -0.006 -15"><span class='ocrx_word' id='word_1_592' title='bbox 1891 3763 2006 3831; x_wconf 88' lang='lat' dir='ltr'><strong>ipsa</strong></span> <span class='ocrx_word' id='word_1_593' title='bbox 2031 3773 2197 3829; x_wconf 81' lang='lat' dir='ltr'><strong>Opera</strong></span> <span class='ocrx_word' id='word_1_594' title='bbox 2238 3757 2614 3812; x_wconf 86' lang='lat' dir='ltr'><strong>testimonium</strong></span> <span class='ocrx_word' id='word_1_595' title='bbox 2651 3754 2918 3818; x_wconf 68' lang='lat' dir='ltr'><strong>afferunt,</strong></span> <span class='ocrx_word' id='word_1_596' title='bbox 2970 3769 3091 3808; x_wconf 91' lang='lat' dir='ltr'><strong>cum</strong></span> <span class='ocrx_word' id='word_1_597' title='bbox 3131 3763 3363 3807; x_wconf 88' lang='lat' dir='ltr'><strong>eventus</strong></span> <span class='ocrx_word' id='word_1_598' title='bbox 3398 3767 3488 3806; x_wconf 87' lang='lat' dir='ltr'><strong>re-</strong></span> 
     </span>
    </p>
   </div>
   <div class='ocr_carea' id='block_1_83' title="bbox 1892 3844 3485 3914">
    <p class='ocr_par' dir='ltr' id='par_1_83' title="bbox 1892 3844 3485 3914">
     <span class='ocr_line' id='line_1_83' title="bbox 1892 3844 3485 3914; baseline -0.005 -7"><span class='ocrx_word' id='word_1_599' title='bbox 1892 3868 2010 3907; x_wconf 92' lang='lat' dir='ltr'><strong>rum</strong></span> <span class='ocrx_word' id='word_1_600' title='bbox 2060 3864 2342 3906; x_wconf 87' lang='lat' dir='ltr'><strong>sermones</strong></span> <span class='ocrx_word' id='word_1_601' title='bbox 2409 3849 2678 3914; x_wconf 85' lang='lat' dir='ltr'><strong>obsignet.</strong></span> <span class='ocrx_word' id='word_1_602' title='bbox 2724 3865 2742 3898; x_wconf 82' lang='grc' dir='ltr'><strong>ι</strong></span> <span class='ocrx_word' id='word_1_603' title='bbox 2780 3846 2940 3901; x_wconf 87' lang='lat' dir='ltr'><strong>Zelus</strong></span> <span class='ocrx_word' id='word_1_604' title='bbox 2985 3845 3198 3900; x_wconf 85' lang='lat' dir='ltr'><strong>Domini</strong></span> <span class='ocrx_word' id='word_1_605' title='bbox 3243 3844 3485 3900; x_wconf 74' lang='lat' dir='ltr'><strong>Sabaoth</strong></span> 
     </span>
    </p>
   </div>
   <div class='ocr_carea' id='block_1_84' title="bbox 1891 3938 3488 4008">
    <p class='ocr_par' dir='ltr' id='par_1_84' title="bbox 1891 3938 3488 4008">
     <span class='ocr_line' id='line_1_84' title="bbox 1891 3938 3488 4008; baseline -0.005 -8"><span class='ocrx_word' id='word_1_606' title='bbox 1891 3947 2054 4002; x_wconf 83' lang='lat' dir='ltr'><strong>faciet</strong></span> <span class='ocrx_word' id='word_1_607' title='bbox 2089 3946 2224 4000; x_wconf 70' lang='lat' dir='ltr'><strong>haec.</strong></span> <span class='ocrx_word' id='word_1_608' title='bbox 2274 3961 2292 3992; x_wconf 74' lang='grc' dir='ltr'><strong>ι</strong></span> <span class='ocrx_word' id='word_1_609' title='bbox 2337 3941 2470 4008; x_wconf 85' lang='lat' dir='ltr'><strong>Quis</strong></span> <span class='ocrx_word' id='word_1_610' title='bbox 2504 3941 2653 3996; x_wconf 77' lang='lat' dir='ltr'><strong>zelus</strong></span> <span class='ocrx_word' id='word_1_611' title='bbox 2697 3941 2798 3995; x_wconf 89' lang='lat' dir='ltr'><strong>nisi</strong></span> <span class='ocrx_word' id='word_1_612' title='bbox 2837 3941 2926 3995; x_wconf 90' lang='lat' dir='ltr'><strong>ille</strong></span> <span class='ocrx_word' id='word_1_613' title='bbox 2966 3940 3142 3994; x_wconf 88' lang='lat' dir='ltr'><strong>bonus</strong></span> <span class='ocrx_word' id='word_1_614' title='bbox 3182 3948 3236 3992; x_wconf 87' lang='lat' dir='ltr'><strong>et</strong></span> <span class='ocrx_word' id='word_1_615' title='bbox 3285 3938 3488 3993; x_wconf 88' lang='lat' dir='ltr'><strong>conde-</strong></span> 
     </span>
    </p>
   </div>
   <div class='ocr_carea' id='block_1_85' title="bbox 1889 4030 3489 4106">
    <p class='ocr_par' dir='ltr' id='par_1_85' title="bbox 1889 4030 3489 4106">
     <span class='ocr_line' id='line_1_85' title="bbox 1889 4030 3489 4106; baseline -0.008 -12"><span class='ocrx_word' id='word_1_616' title='bbox 1889 4054 2040 4103; x_wconf 88' lang='lat' dir='ltr'><strong>cens,</strong></span> <span class='ocrx_word' id='word_1_617' title='bbox 2086 4053 2196 4106; x_wconf 92' lang='lat' dir='ltr'><strong>quo</strong></span> <span class='ocrx_word' id='word_1_618' title='bbox 2232 4037 2323 4092; x_wconf 88' lang='lat' dir='ltr'><strong>ille</strong></span> <span class='ocrx_word' id='word_1_619' title='bbox 2362 4037 2622 4090; x_wconf 85' lang='lat' dir='ltr'><strong>incensus</strong></span> <span class='ocrx_word' id='word_1_620' title='bbox 2656 4042 2760 4095; x_wconf 87' lang='lat' dir='ltr'><strong>est,</strong></span> <span class='ocrx_word' id='word_1_621' title='bbox 2803 4034 2868 4087; x_wconf 88' lang='lat' dir='ltr'><strong>ad</strong></span> <span class='ocrx_word' id='word_1_622' title='bbox 2919 4032 3151 4084; x_wconf 80' lang='lat' dir='ltr'><strong>salutem</strong></span> <span class='ocrx_word' id='word_1_623' title='bbox 3200 4030 3268 4084; x_wconf 87' lang='lat' dir='ltr'><strong>iis</strong></span> <span class='ocrx_word' id='word_1_624' title='bbox 3309 4030 3489 4083; x_wconf 88' lang='lat' dir='ltr'><strong>omni-</strong></span> 
     </span>
    </p>
   </div>
   <div class='ocr_carea' id='block_1_86' title="bbox 1890 4125 3488 4203">
    <p class='ocr_par' dir='ltr' id='par_1_86' title="bbox 1890 4125 3488 4203">
     <span class='ocr_line' id='line_1_86' title="bbox 1890 4125 3488 4203; baseline -0.008 -15"><span class='ocrx_word' id='word_1_625' title='bbox 1890 4134 1992 4188; x_wconf 89' lang='lat' dir='ltr'><strong>bus</strong></span> <span class='ocrx_word' id='word_1_626' title='bbox 2023 4132 2346 4203; x_wconf 84' lang='lat' dir='ltr'><strong>parandam,</strong></span> <span class='ocrx_word' id='word_1_627' title='bbox 2397 4131 2488 4199; x_wconf 85' lang='lat' dir='ltr'><strong>qui</strong></span> <span class='ocrx_word' id='word_1_628' title='bbox 2526 4129 2626 4183; x_wconf 87' lang='lat' dir='ltr'><strong>sub</strong></span> <span class='ocrx_word' id='word_1_629' title='bbox 2675 4127 2916 4181; x_wconf 88' lang='lat' dir='ltr'><strong>dominio</strong></span> <span class='ocrx_word' id='word_1_630' title='bbox 2965 4125 3167 4180; x_wconf 89' lang='lat' dir='ltr'><strong>diaboli</strong></span> <span class='ocrx_word' id='word_1_631' title='bbox 3208 4133 3400 4188; x_wconf 88' lang='lat' dir='ltr'><strong>erant,</strong></span> <span class='ocrx_word' id='word_1_632' title='bbox 3430 4132 3488 4177; x_wconf 92' lang='lat' dir='ltr'><strong>et</strong></span> 
     </span>
    </p>
   </div>
   <div class='ocr_carea' id='block_1_87' title="bbox 1893 4218 2950 4294">
    <p class='ocr_par' dir='ltr' id='par_1_87' title="bbox 1893 4218 2950 4294">
     <span class='ocr_line' id='line_1_87' title="bbox 1893 4218 2950 4294; baseline -0.009 -14"><span class='ocrx_word' id='word_1_633' title='bbox 1893 4225 1946 4280; x_wconf 92' lang='lat' dir='ltr'><strong>in</strong></span> <span class='ocrx_word' id='word_1_634' title='bbox 1980 4225 2316 4294; x_wconf 88' lang='lat' dir='ltr'><strong>impietatem</strong></span> <span class='ocrx_word' id='word_1_635' title='bbox 2375 4219 2638 4293; x_wconf 86' lang='lat' dir='ltr'><strong>pertracti</strong></span> <span class='ocrx_word' id='word_1_636' title='bbox 2687 4218 2950 4274; x_wconf 84' lang='lat' dir='ltr'><strong>fuerant?</strong></span> 
     </span>
    </p>
   </div>
   <div class='ocr_carea' id='block_1_88' title="bbox 1967 4397 3485 4472">
    <p class='ocr_par' dir='ltr' id='par_1_88' title="bbox 1967 4397 3485 4472">
     <span class='ocr_line' id='line_1_88' title="bbox 1967 4397 3485 4472; baseline -0.007 -8"><span class='ocrx_word' id='word_1_637' title='bbox 1967 4408 2128 4464; x_wconf 70' lang='lat' dir='ltr'><strong>Vsus.</strong></span> <span class='ocrx_word' id='word_1_638' title='bbox 2178 4406 2336 4464; x_wconf 69' lang='lat'><strong>8-10.</strong></span> <span class='ocrx_word' id='word_1_639' title='bbox 2367 4425 2386 4460; x_wconf 82' lang='lat' dir='ltr'><strong>t</strong></span> <span class='ocrx_word' id='word_1_640' title='bbox 2425 4405 2652 4461; x_wconf 81' lang='lat' dir='ltr'><strong>Mortem</strong></span> <span class='ocrx_word' id='word_1_641' title='bbox 2689 4406 2838 4460; x_wconf 90' lang='lat' dir='ltr'><strong>misit</strong></span> <span class='ocrx_word' id='word_1_642' title='bbox 2868 4405 3130 4460; x_wconf 88' lang='lat' dir='ltr'><strong>Dominus</strong></span> <span class='ocrx_word' id='word_1_643' title='bbox 3173 4414 3334 4472; x_wconf 89' lang='lat' dir='ltr'><strong>super</strong></span> <span class='ocrx_word' id='word_1_644' title='bbox 3388 4397 3485 4456; x_wconf 77' lang='lat' dir='ltr'><strong>Ja-</strong></span> 
     </span>
    </p>
   </div>
   <div class='ocr_carea' id='block_1_89' title="bbox 1892 4493 3484 4568">
    <p class='ocr_par' dir='ltr' id='par_1_89' title="bbox 1892 4493 3484 4568">
     <span class='ocr_line' id='line_1_89' title="bbox 1892 4493 3484 4568; baseline -0.008 -11"><span class='ocrx_word' id='word_1_645' title='bbox 1892 4501 2017 4568; x_wconf 89' lang='lat' dir='ltr'><strong>cob,</strong></span> <span class='ocrx_word' id='word_1_646' title='bbox 2065 4510 2120 4555; x_wconf 91' lang='lat' dir='ltr'><strong>et</strong></span> <span class='ocrx_word' id='word_1_647' title='bbox 2175 4500 2326 4554; x_wconf 81' lang='lat' dir='ltr'><strong>venit</strong></span> <span class='ocrx_word' id='word_1_648' title='bbox 2382 4512 2549 4567; x_wconf 89' lang='lat' dir='ltr'><strong>super</strong></span> <span class='ocrx_word' id='word_1_649' title='bbox 2593 4497 2806 4552; x_wconf 87' lang='lat' dir='ltr'><strong>Israel:</strong></span> <span class='ocrx_word' id='word_1_650' title='bbox 2857 4505 2911 4551; x_wconf 89' lang='lat' dir='ltr'><strong>et</strong></span> <span class='ocrx_word' id='word_1_651' title='bbox 2961 4504 3254 4566; x_wconf 82' lang='lat' dir='ltr'><strong>cognoscet</strong></span> <span class='ocrx_word' id='word_1_652' title='bbox 3307 4493 3484 4547; x_wconf 87' lang='lat' dir='ltr'><strong>omnis</strong></span> 
     </span>
    </p>
   </div>
   <div class='ocr_carea' id='block_1_90' title="bbox 210 4583 1786 4687">
    <p class='ocr_par' dir='ltr' id='par_1_90' title="bbox 210 4583 1784 4658">
     <span class='ocr_line' id='line_1_90' title="bbox 210 4583 1784 4658; baseline 0.001 -20"><span class='ocrx_word' id='word_1_653' title='bbox 210 4584 456 4657; x_wconf 76' lang='grc' dir='ltr'><strong>Ἑφραῖμ,</strong></span> <span class='ocrx_word' id='word_1_654' title='bbox 521 4587 613 4640; x_wconf 79' lang='grc' dir='ltr'><strong>καὶ</strong></span> <span class='ocrx_word' id='word_1_655' title='bbox 654 4586 707 4638; x_wconf 86' lang='grc' dir='ltr'><strong>οἱ</strong></span> <span class='ocrx_word' id='word_1_656' title='bbox 742 4583 1036 4656; x_wconf 74' lang='grc' dir='ltr'><strong>καθήμενοι</strong></span> <span class='ocrx_word' id='word_1_657' title='bbox 1071 4589 1126 4639; x_wconf 79' lang='grc' dir='ltr'><strong>ὲν</strong></span> <span class='ocrx_word' id='word_1_658' title='bbox 1177 4587 1464 4658; x_wconf 75' lang='grc' dir='ltr'><strong>Σαμαρείᾳ</strong></span> <span class='ocrx_word' id='word_1_659' title='bbox 1493 4589 1574 4655; x_wconf 79' lang='grc' dir='ltr'><strong>ἐφ’</strong></span> <span class='ocrx_word' id='word_1_660' title='bbox 1633 4586 1784 4658; x_wconf 73' lang='grc' dir='ltr'><strong>ὕϐρει</strong></span> 
     </span>
    </p>
   </div>
   <div class='ocr_carea' id='block_1_91' title="bbox 1891 4583 3484 4687">
    <p class='ocr_par' dir='ltr' id='par_1_91' title="bbox 1892 4586 3484 4666">
     <span class='ocr_line' id='line_1_91' title="bbox 1892 4586 3484 4666; baseline -0.007 -17"><span class='ocrx_word' id='word_1_661' title='bbox 1892 4595 2125 4666; x_wconf 88' lang='lat' dir='ltr'><strong>populus</strong></span> <span class='ocrx_word' id='word_1_662' title='bbox 2174 4593 2434 4663; x_wconf 79' lang='lat' dir='ltr'><strong>prraim</strong></span> <span class='ocrx_word' id='word_1_663' title='bbox 2463 4630 2478 4654; x_wconf 88' lang='lat'><strong>,</strong></span> <span class='ocrx_word' id='word_1_664' title='bbox 2543 4598 2598 4644; x_wconf 90' lang='lat' dir='ltr'><strong>et</strong></span> <span class='ocrx_word' id='word_1_665' title='bbox 2650 4589 2742 4658; x_wconf 88' lang='lat' dir='ltr'><strong>qui</strong></span> <span class='ocrx_word' id='word_1_666' title='bbox 2797 4589 2988 4643; x_wconf 89' lang='lat' dir='ltr'><strong>sedent</strong></span> <span class='ocrx_word' id='word_1_667' title='bbox 3033 4587 3086 4640; x_wconf 91' lang='lat' dir='ltr'><strong>in</strong></span> <span class='ocrx_word' id='word_1_668' title='bbox 3133 4586 3383 4640; x_wconf 86' lang='lat' dir='ltr'><strong>Samaria</strong></span> <span class='ocrx_word' id='word_1_669' title='bbox 3431 4586 3484 4638; x_wconf 83' lang='lat' dir='ltr'><strong>in</strong></span> 
     </span>
    </p>
   </div>
   <div class='ocr_carea' id='block_1_92' title="bbox 200 4678 1778 4752">
    <p class='ocr_par' dir='ltr' id='par_1_92' title="bbox 200 4678 1778 4752">
     <span class='ocr_line' id='line_1_92' title="bbox 200 4678 1778 4752; baseline 0.002 -21"><span class='ocrx_word' id='word_1_670' title='bbox 200 4681 283 4732; x_wconf 66' lang='grc' dir='ltr'><strong>καὶ</strong></span> <span class='ocrx_word' id='word_1_671' title='bbox 312 4681 490 4752; x_wconf 73' lang='grc' dir='ltr'><strong>ὑψηλῇ</strong></span> <span class='ocrx_word' id='word_1_672' title='bbox 519 4679 748 4752; x_wconf 72' lang='grc' dir='ltr'><strong>καρδίᾳ,</strong></span> <span class='ocrx_word' id='word_1_673' title='bbox 803 4678 1076 4748; x_wconf 82' lang='grc' dir='ltr'><strong>λέγοντες·</strong></span> <span class='ocrx_word' id='word_1_674' title='bbox 1115 4680 1331 4734; x_wconf 82' lang='grc' dir='ltr'><strong>Πλίνθοι</strong></span> <span class='ocrx_word' id='word_1_675' title='bbox 1390 4681 1778 4735; x_wconf 74' lang='grc' dir='ltr'><strong>πεπτώκασιν·</strong></span> 
     </span>
    </p>
   </div>
   <div class='ocr_carea' id='block_1_93' title="bbox 201 4769 1781 4843">
    <p class='ocr_par' dir='ltr' id='par_1_93' title="bbox 201 4769 1781 4843">
     <span class='ocr_line' id='line_1_93' title="bbox 201 4769 1781 4843; baseline 0.003 -22"><span class='ocrx_word' id='word_1_676' title='bbox 201 4769 321 4825; x_wconf 76' lang='grc' dir='ltr'><strong>ἀλλὰ</strong></span> <span class='ocrx_word' id='word_1_677' title='bbox 342 4773 501 4827; x_wconf 79' lang='grc' dir='ltr'><strong>δεῦτε</strong></span> <span class='ocrx_word' id='word_1_678' title='bbox 532 4771 887 4842; x_wconf 80' lang='grc' dir='ltr'><strong>λαξεύσωμεν</strong></span> <span class='ocrx_word' id='word_1_679' title='bbox 918 4772 1099 4836; x_wconf 88' lang='grc' dir='ltr'><strong>λίθους</strong></span> <span class='ocrx_word' id='word_1_680' title='bbox 1131 4813 1147 4835; x_wconf 93' lang='grc'><strong>,</strong></span> <span class='ocrx_word' id='word_1_681' title='bbox 1180 4775 1274 4826; x_wconf 72' lang='grc' dir='ltr'><strong>καὶ</strong></span> <span class='ocrx_word' id='word_1_682' title='bbox 1306 4774 1563 4843; x_wconf 67' lang='grc' dir='ltr'><strong>κόψωμεν</strong></span> <span class='ocrx_word' id='word_1_683' title='bbox 1613 4791 1781 4826; x_wconf 91' lang='grc' dir='ltr'><strong>συκα-</strong></span> 
     </span>
    </p>
   </div>
   <div class='ocr_carea' id='block_1_94' title="bbox 206 4862 1786 4935">
    <p class='ocr_par' dir='ltr' id='par_1_94' title="bbox 206 4862 1786 4935">
     <span class='ocr_line' id='line_1_94' title="bbox 206 4862 1786 4935; baseline 0.001 -21"><span class='ocrx_word' id='word_1_684' title='bbox 206 4862 398 4931; x_wconf 73' lang='grc' dir='ltr'><strong>μίνους,</strong></span> <span class='ocrx_word' id='word_1_685' title='bbox 437 4866 534 4919; x_wconf 61' lang='grc' dir='ltr'><strong>καί⁵</strong></span> <span class='ocrx_word' id='word_1_686' title='bbox 554 4865 812 4934; x_wconf 84' lang='grc' dir='ltr'><strong>κέδρους,</strong></span> <span class='ocrx_word' id='word_1_687' title='bbox 843 4863 936 4916; x_wconf 70' lang='grc' dir='ltr'><strong>καὶ</strong></span> <span class='ocrx_word' id='word_1_688' title='bbox 953 4864 1398 4935; x_wconf 82' lang='grc' dir='ltr'><strong>οἰκοδομησωμεν</strong></span> <span class='ocrx_word' id='word_1_689' title='bbox 1424 4864 1632 4927; x_wconf 79' lang='grc' dir='ltr'><strong>ἑαυτοῖς</strong></span> <span class='ocrx_word' id='word_1_690' title='bbox 1650 4863 1786 4935; x_wconf 86' lang='grc' dir='ltr'><strong>πύρ-</strong></span> 
     </span>
    </p>
   </div>
   <div class='ocr_carea' id='block_1_95' title="bbox 202 4955 1787 5030">
    <p class='ocr_par' dir='ltr' id='par_1_95' title="bbox 202 4955 1787 5030">
     <span class='ocr_line' id='line_1_95' title="bbox 202 4955 1787 5030; baseline 0.002 -22"><span class='ocrx_word' id='word_1_691' title='bbox 202 4972 346 5022; x_wconf 77' lang='grc' dir='ltr'><strong>γον.»</strong></span> <span class='ocrx_word' id='word_1_692' title='bbox 391 4959 553 5011; x_wconf 78' lang='grc' dir='ltr'><strong>Ἤτοι</strong></span> <span class='ocrx_word' id='word_1_693' title='bbox 595 4959 647 5010; x_wconf 84' lang='grc' dir='ltr'><strong>οἱ</strong></span> <span class='ocrx_word' id='word_1_694' title='bbox 702 4955 803 5026; x_wconf 75' lang='grc' dir='ltr'><strong>τὴν</strong></span> <span class='ocrx_word' id='word_1_695' title='bbox 862 4957 1172 5029; x_wconf 85' lang='grc' dir='ltr'><strong>Σαμάρειαν</strong></span> <span class='ocrx_word' id='word_1_696' title='bbox 1231 4957 1526 5021; x_wconf 73' lang='grc' dir='ltr'><strong>οἰκοῦντες,</strong></span> <span class='ocrx_word' id='word_1_697' title='bbox 1574 4958 1787 5030; x_wconf 79' lang='grc' dir='ltr'><strong>Ἰσραὴλ</strong></span> 
     </span>
    </p>
   </div>
   <div class='ocr_carea' id='block_1_96' title="bbox 202 5045 1783 5120">
    <p class='ocr_par' dir='ltr' id='par_1_96' title="bbox 202 5045 1783 5120">
     <span class='ocr_line' id='line_1_96' title="bbox 202 5045 1783 5120; baseline 0.001 -19"><span class='ocrx_word' id='word_1_698' title='bbox 202 5049 644 5120; x_wconf 76' lang='grc' dir='ltr'><strong>χρηματίζοντες,</strong></span> <span class='ocrx_word' id='word_1_699' title='bbox 669 5047 770 5100; x_wconf 76' lang='grc' dir='ltr'><strong>καὶ</strong></span> <span class='ocrx_word' id='word_1_700' title='bbox 803 5045 930 5110; x_wconf 85' lang='grc' dir='ltr'><strong>λαός</strong></span> <span class='ocrx_word' id='word_1_701' title='bbox 968 5046 1061 5101; x_wconf 79' lang='grc' dir='ltr'><strong>τοῦ</strong></span> <span class='ocrx_word' id='word_1_702' title='bbox 1100 5047 1342 5120; x_wconf 72' lang='grc' dir='ltr'><strong>Ἐφραῖμ</strong></span> <span class='ocrx_word' id='word_1_703' title='bbox 1374 5049 1783 5120; x_wconf 73' lang='grc' dir='ltr'><strong>ὀνομαζόμενοι,</strong></span> 
     </span>
    </p>
   </div>
   <div class='ocr_carea' id='block_1_97' title="bbox 203 5136 1784 5213">
    <p class='ocr_par' dir='ltr' id='par_1_97' title="bbox 203 5136 1784 5213">
     <span class='ocr_line' id='line_1_97' title="bbox 203 5136 1784 5213; baseline 0.002 -23"><span class='ocrx_word' id='word_1_704' title='bbox 203 5136 278 5192; x_wconf 69' lang='grc' dir='ltr'><strong>διὰ</strong></span> <span class='ocrx_word' id='word_1_705' title='bbox 300 5140 358 5194; x_wconf 81' lang='grc' dir='ltr'><strong>τό</strong></span> <span class='ocrx_word' id='word_1_706' title='bbox 385 5139 784 5211; x_wconf 84' lang='grc' dir='ltr'><strong>βασιλευθῆναι</strong></span> <span class='ocrx_word' id='word_1_707' title='bbox 811 5139 916 5192; x_wconf 81' lang='grc' dir='ltr'><strong>ὑπὸ</strong></span> <span class='ocrx_word' id='word_1_708' title='bbox 934 5140 1044 5192; x_wconf 83' lang='grc' dir='ltr'><strong>τῶν</strong></span> <span class='ocrx_word' id='word_1_709' title='bbox 1069 5141 1133 5193; x_wconf 80' lang='grc' dir='ltr'><strong>ὲκ</strong></span> <span class='ocrx_word' id='word_1_710' title='bbox 1159 5140 1334 5210; x_wconf 74' lang='grc' dir='ltr'><strong>φυλῆς</strong></span> <span class='ocrx_word' id='word_1_711' title='bbox 1382 5143 1476 5195; x_wconf 81' lang='grc' dir='ltr'><strong>τοῦ</strong></span> <span class='ocrx_word' id='word_1_712' title='bbox 1523 5142 1784 5213; x_wconf 74' lang='grc' dir='ltr'><strong>Ἐφραῒμ,</strong></span> 
     </span>
    </p>
   </div>
   <div class='ocr_carea' id='block_1_98' title="bbox 205 5228 1785 5304">
    <p class='ocr_par' dir='ltr' id='par_1_98' title="bbox 205 5228 1785 5304">
     <span class='ocr_line' id='line_1_98' title="bbox 205 5228 1785 5304; baseline 0.001 -21"><span class='ocrx_word' id='word_1_713' title='bbox 205 5228 543 5298; x_wconf 66' lang='grc' dir='ltr'><strong>χλευάζοντες</strong></span> <span class='ocrx_word' id='word_1_714' title='bbox 592 5231 693 5284; x_wconf 77' lang='grc' dir='ltr'><strong>καὶ</strong></span> <span class='ocrx_word' id='word_1_715' title='bbox 757 5229 1179 5296; x_wconf 70' lang='grc' dir='ltr'><strong>ἐξευτελίζοντες</strong></span> <span class='ocrx_word' id='word_1_716' title='bbox 1235 5233 1334 5303; x_wconf 73' lang='grc' dir='ltr'><strong>τὴν</strong></span> <span class='ocrx_word' id='word_1_717' title='bbox 1399 5233 1785 5304; x_wconf 77' lang='grc' dir='ltr'><strong>Ἰερουσαλὴμ,</strong></span> 
     </span>
    </p>
   </div>
   <div class='ocr_carea' id='block_1_99' title="bbox 206 5321 1785 5396">
    <p class='ocr_par' dir='ltr' id='par_1_99' title="bbox 206 5321 1785 5396">
     <span class='ocr_line' id='line_1_99' title="bbox 206 5321 1785 5396; baseline 0.005 -25"><span class='ocrx_word' id='word_1_718' title='bbox 206 5321 427 5388; x_wconf 78' lang='grc' dir='ltr'><strong>πλίνθοις</strong></span> <span class='ocrx_word' id='word_1_719' title='bbox 485 5324 702 5392; x_wconf 86' lang='grc' dir='ltr'><strong>ταύτην</strong></span> <span class='ocrx_word' id='word_1_720' title='bbox 756 5321 990 5388; x_wconf 74' lang='grc' dir='ltr'><strong>ἔφασκον</strong></span> <span class='ocrx_word' id='word_1_721' title='bbox 1046 5325 1484 5396; x_wconf 72' lang='grc' dir='ltr'><strong>οἰκοδομεῖσθαι,</strong></span> <span class='ocrx_word' id='word_1_722' title='bbox 1541 5327 1636 5379; x_wconf 70' lang='grc' dir='ltr'><strong>καὶ</strong></span> <span class='ocrx_word' id='word_1_723' title='bbox 1687 5325 1785 5391; x_wconf 83' lang='grc' dir='ltr'><strong>τὰς</strong></span> 
     </span>
    </p>
   </div>
   <div class='ocr_carea' id='block_1_100' title="bbox 207 5413 1779 5489">
    <p class='ocr_par' dir='ltr' id='par_1_100' title="bbox 207 5413 1779 5489">
     <span class='ocr_line' id='line_1_100' title="bbox 207 5413 1779 5489; baseline 0.002 -23"><span class='ocrx_word' id='word_1_724' title='bbox 207 5415 385 5484; x_wconf 74' lang='grc' dir='ltr'><strong>στέγας</strong></span> <span class='ocrx_word' id='word_1_725' title='bbox 433 5418 583 5488; x_wconf 73' lang='grc' dir='ltr'><strong>ἔχειν</strong></span> <span class='ocrx_word' id='word_1_726' title='bbox 636 5435 656 5467; x_wconf 76' lang='grc' dir='ltr'><strong>ι</strong></span> <span class='ocrx_word' id='word_1_727' title='bbox 700 5413 811 5468; x_wconf 72' lang='grc' dir='ltr'><strong>ἀπὸ</strong></span> <span class='ocrx_word' id='word_1_728' title='bbox 845 5417 1157 5486; x_wconf 86' lang='grc' dir='ltr'><strong>συκαμίνων</strong></span> <span class='ocrx_word' id='word_1_729' title='bbox 1191 5438 1208 5469; x_wconf 78' lang='lat' dir='ltr'><strong>a</strong></span> <span class='ocrx_word' id='word_1_730' title='bbox 1265 5417 1296 5489; x_wconf 80' lang='grc' dir='ltr'>ἢ</span> <span class='ocrx_word' id='word_1_731' title='bbox 1363 5437 1379 5468; x_wconf 80' lang='grc' dir='ltr'><strong>ι</strong></span> <span class='ocrx_word' id='word_1_732' title='bbox 1410 5419 1728 5488; x_wconf 89' lang='grc' dir='ltr'><strong>συκομόρων</strong></span> <span class='ocrx_word' id='word_1_733' title='bbox 1761 5437 1779 5469; x_wconf 73' lang='grc' dir='ltr'><strong>ι</strong></span> 
     </span>
    </p>
   </div>
   <div class='ocr_carea' id='block_1_101' title="bbox 207 5509 1789 5580">
    <p class='ocr_par' dir='ltr' id='par_1_101' title="bbox 207 5509 1789 5580">
     <span class='ocr_line' id='line_1_101' title="bbox 207 5509 1789 5580; baseline -0.001 -16"><span class='ocrx_word' id='word_1_734' title='bbox 207 5511 332 5565; x_wconf 75' lang='grc' dir='ltr'><strong>κατὰ</strong></span> <span class='ocrx_word' id='word_1_735' title='bbox 357 5513 484 5576; x_wconf 78' lang='grc' dir='ltr'><strong>τοὺς</strong></span> <span class='ocrx_word' id='word_1_736' title='bbox 505 5510 740 5572; x_wconf 75' lang='grc' dir='ltr'><strong>λοιποὺς</strong></span> <span class='ocrx_word' id='word_1_737' title='bbox 767 5509 1130 5578; x_wconf 80' lang='grc' dir='ltr'><strong>ὲρμηνευτάς.</strong></span> <span class='ocrx_word' id='word_1_738' title='bbox 1159 5509 1272 5563; x_wconf 80' lang='grc' dir='ltr'><strong>Εἶθ’</strong></span> <span class='ocrx_word' id='word_1_739' title='bbox 1302 5511 1374 5575; x_wconf 80' lang='grc' dir='ltr'><strong>ὡς</strong></span> <span class='ocrx_word' id='word_1_740' title='bbox 1411 5512 1565 5564; x_wconf 80' lang='grc' dir='ltr'><strong>αὐτοὶ</strong></span> <span class='ocrx_word' id='word_1_741' title='bbox 1585 5509 1789 5580; x_wconf 83' lang='grc' dir='ltr'><strong>βελτίο-</strong></span> 
     </span>
    </p>
   </div>
   <div class='ocr_carea' id='block_1_102' title="bbox 206 5599 1788 5672">
    <p class='ocr_par' dir='ltr' id='par_1_102' title="bbox 206 5599 1788 5672">
     <span class='ocr_line' id='line_1_102' title="bbox 206 5599 1788 5672; baseline -0.001 -16"><span class='ocrx_word' id='word_1_742' title='bbox 206 5619 262 5656; x_wconf 86' lang='grc' dir='ltr'><strong>να</strong></span> <span class='ocrx_word' id='word_1_743' title='bbox 291 5604 438 5659; x_wconf 86' lang='grc' dir='ltr'><strong>πόλιν</strong></span> <span class='ocrx_word' id='word_1_744' title='bbox 469 5599 989 5664; x_wconf 83' lang='grc' dir='ltr'><strong>κατασκευάσοντες</strong></span> <span class='ocrx_word' id='word_1_745' title='bbox 1014 5642 1028 5665; x_wconf 94' lang='grc'><strong>,</strong></span> <span class='ocrx_word' id='word_1_746' title='bbox 1062 5602 1461 5672; x_wconf 80' lang='grc' dir='ltr'><strong>ἐπηγγέλλοντο</strong></span> <span class='ocrx_word' id='word_1_747' title='bbox 1499 5601 1587 5655; x_wconf 81' lang='grc' dir='ltr'><strong>διὰ</strong></span> <span class='ocrx_word' id='word_1_748' title='bbox 1625 5601 1788 5654; x_wconf 85' lang='grc' dir='ltr'><strong>λίθων</strong></span> 
     </span>
    </p>
   </div>
   <div class='ocr_carea' id='block_1_103' title="bbox 209 5693 1787 5766">
    <p class='ocr_par' dir='ltr' id='par_1_103' title="bbox 209 5693 1787 5766">
     <span class='ocr_line' id='line_1_103' title="bbox 209 5693 1787 5766; baseline -0.004 -14"><span class='ocrx_word' id='word_1_749' title='bbox 209 5693 395 5757; x_wconf 58' lang='grc' dir='ltr'><strong>ξυστῶν</strong></span> <span class='ocrx_word' id='word_1_750' title='bbox 430 5697 530 5751; x_wconf 81' lang='grc' dir='ltr'><strong>καὶ</strong></span> <span class='ocrx_word' id='word_1_751' title='bbox 562 5695 782 5766; x_wconf 78' lang='grc' dir='ltr'><strong>κέδρων</strong></span> <span class='ocrx_word' id='word_1_752' title='bbox 818 5693 1209 5764; x_wconf 83' lang='grc' dir='ltr'><strong>οἰκοδομήσειν,</strong></span> <span class='ocrx_word' id='word_1_753' title='bbox 1250 5695 1344 5747; x_wconf 67' lang='grc' dir='ltr'><strong>καὶ</strong></span> <span class='ocrx_word' id='word_1_754' title='bbox 1366 5695 1486 5748; x_wconf 80' lang='grc' dir='ltr'><strong>ἀντὶ</strong></span> <span class='ocrx_word' id='word_1_755' title='bbox 1528 5693 1624 5747; x_wconf 79' lang='grc' dir='ltr'><strong>τοῦ</strong></span> <span class='ocrx_word' id='word_1_756' title='bbox 1658 5693 1787 5748; x_wconf 83' lang='grc' dir='ltr'><strong>ναοῦ</strong></span> 
     </span>
    </p>
   </div>
   <div class='ocr_carea' id='block_1_104' title="bbox 207 5785 1788 5861">
    <p class='ocr_par' dir='ltr' id='par_1_104' title="bbox 207 5785 1788 5861">
     <span class='ocr_line' id='line_1_104' title="bbox 207 5785 1788 5861; baseline 0.001 -24"><span class='ocrx_word' id='word_1_757' title='bbox 207 5785 287 5839; x_wconf 70' lang='grc' dir='ltr'><strong>τοῦ</strong></span> <span class='ocrx_word' id='word_1_758' title='bbox 331 5789 388 5840; x_wconf 83' lang='grc' dir='ltr'><strong>ὲν</strong></span> <span class='ocrx_word' id='word_1_759' title='bbox 436 5785 815 5861; x_wconf 79' lang='grc' dir='ltr'><strong>Ἰερουσαλὴμ</strong></span> <span class='ocrx_word' id='word_1_760' title='bbox 861 5786 1068 5858; x_wconf 81' lang='grc' dir='ltr'><strong>πύργον</strong></span> <span class='ocrx_word' id='word_1_761' title='bbox 1114 5786 1326 5851; x_wconf 78' lang='grc' dir='ltr'><strong>ἑαυτοῖς</strong></span> <span class='ocrx_word' id='word_1_762' title='bbox 1359 5788 1685 5859; x_wconf 78' lang='grc' dir='ltr'><strong>ἀναστήσειν</strong></span> <span class='ocrx_word' id='word_1_763' title='bbox 1730 5788 1788 5838; x_wconf 85' lang='grc' dir='ltr'><strong>ὲν</strong></span> 
     </span>
    </p>
   </div>
   <div class='ocr_carea' id='block_1_105' title="bbox 208 5875 1788 5949">
    <p class='ocr_par' dir='ltr' id='par_1_105' title="bbox 208 5875 1788 5949">
     <span class='ocr_line' id='line_1_105' title="bbox 208 5875 1788 5949; baseline 0.002 -19"><span class='ocrx_word' id='word_1_764' title='bbox 208 5875 509 5949; x_wconf 70' lang='grc' dir='ltr'><strong>Σαμαρείᾳ·</strong></span> <span class='ocrx_word' id='word_1_765' title='bbox 572 5879 658 5934; x_wconf 80' lang='grc' dir='ltr'><strong>διὸ</strong></span> <span class='ocrx_word' id='word_1_766' title='bbox 712 5878 804 5932; x_wconf 78' lang='grc' dir='ltr'><strong>καὶ</strong></span> <span class='ocrx_word' id='word_1_767' title='bbox 872 5877 1054 5944; x_wconf 60' lang='grc' dir='ltr'><strong>ἐπειδὴ</strong></span> <span class='ocrx_word' id='word_1_768' title='bbox 1112 5879 1333 5935; x_wconf 75' lang='grc' dir='ltr'><strong>τοιαῦτα</strong></span> <span class='ocrx_word' id='word_1_769' title='bbox 1389 5880 1788 5948; x_wconf 74' lang='grc' dir='ltr'><strong>τετολμήκασιν</strong></span> 
     </span>
    </p>
   </div>
   <div class='ocr_carea' id='block_1_106' title="bbox 1894 4676 3486 4743">
    <p class='ocr_par' dir='ltr' id='par_1_106' title="bbox 1894 4676 3486 4743">
     <span class='ocr_line' id='line_1_106' title="bbox 1894 4676 3486 4743; baseline -0.008 -5"><span class='ocrx_word' id='word_1_770' title='bbox 1894 4683 2224 4740; x_wconf 78' lang='lat' dir='ltr'><strong>contumelia</strong></span> <span class='ocrx_word' id='word_1_771' title='bbox 2257 4691 2312 4737; x_wconf 89' lang='lat' dir='ltr'><strong>et</strong></span> <span class='ocrx_word' id='word_1_772' title='bbox 2356 4681 2468 4735; x_wconf 90' lang='lat' dir='ltr'><strong>alto</strong></span> <span class='ocrx_word' id='word_1_773' title='bbox 2501 4680 2686 4743; x_wconf 88' lang='lat' dir='ltr'><strong>corde,</strong></span> <span class='ocrx_word' id='word_1_774' title='bbox 2737 4681 3022 4734; x_wconf 88' lang='lat' dir='ltr'><strong>dicentes:</strong></span> <span class='ocrx_word' id='word_1_775' title='bbox 3071 4677 3295 4730; x_wconf 69' lang='lat' dir='ltr'><strong>Latere:</strong></span> <span class='ocrx_word' id='word_1_776' title='bbox 3342 4676 3486 4730; x_wconf 84' lang='lat' dir='ltr'><strong>ceci-</strong></span> 
     </span>
    </p>
   </div>
   <div class='ocr_carea' id='block_1_107' title="bbox 1894 4769 3485 4841">
    <p class='ocr_par' dir='ltr' id='par_1_107' title="bbox 1894 4769 3485 4841">
     <span class='ocr_line' id='line_1_107' title="bbox 1894 4769 3485 4841; baseline -0.007 -8"><span class='ocrx_word' id='word_1_777' title='bbox 1894 4779 2128 4841; x_wconf 88' lang='lat' dir='ltr'><strong>derunt;</strong></span> <span class='ocrx_word' id='word_1_778' title='bbox 2174 4777 2268 4831; x_wconf 92' lang='lat' dir='ltr'><strong>sed</strong></span> <span class='ocrx_word' id='word_1_779' title='bbox 2315 4776 2520 4840; x_wconf 82' lang='lat' dir='ltr'><strong>venite,</strong></span> <span class='ocrx_word' id='word_1_780' title='bbox 2554 4774 2800 4828; x_wconf 88' lang='lat' dir='ltr'><strong>dolenms</strong></span> <span class='ocrx_word' id='word_1_781' title='bbox 2831 4771 3054 4841; x_wconf 88' lang='lat' dir='ltr'><strong>lapides,</strong></span> <span class='ocrx_word' id='word_1_782' title='bbox 3110 4781 3164 4825; x_wconf 89' lang='lat' dir='ltr'><strong>et</strong></span> <span class='ocrx_word' id='word_1_783' title='bbox 3211 4769 3485 4823; x_wconf 66' lang='lat' dir='ltr'><strong>cmdamus</strong></span> 
     </span>
    </p>
   </div>
   <div class='ocr_carea' id='block_1_108' title="bbox 1896 4861 3478 4944">
    <p class='ocr_par' dir='ltr' id='par_1_108' title="bbox 1896 4861 3478 4944">
     <span class='ocr_line' id='line_1_108' title="bbox 1896 4861 3478 4944; baseline -0.009 -18"><span class='ocrx_word' id='word_1_784' title='bbox 1896 4872 2208 4944; x_wconf 84' lang='lat' dir='ltr'><strong>sycaminos</strong></span> <span class='ocrx_word' id='word_1_785' title='bbox 2239 4879 2293 4924; x_wconf 92' lang='lat' dir='ltr'><strong>et</strong></span> <span class='ocrx_word' id='word_1_786' title='bbox 2327 4869 2542 4932; x_wconf 89' lang='lat' dir='ltr'><strong>cedros,</strong></span> <span class='ocrx_word' id='word_1_787' title='bbox 2573 4876 2627 4922; x_wconf 92' lang='lat' dir='ltr'><strong>et</strong></span> <span class='ocrx_word' id='word_1_788' title='bbox 2653 4867 2990 4921; x_wconf 80' lang='lat' dir='ltr'><strong>acdificemus</strong></span> <span class='ocrx_word' id='word_1_789' title='bbox 3019 4865 3175 4918; x_wconf 90' lang='lat' dir='ltr'><strong>nobis</strong></span> <span class='ocrx_word' id='word_1_790' title='bbox 3207 4861 3422 4917; x_wconf 91' lang='lat' dir='ltr'><strong>turrim.</strong></span> <span class='ocrx_word' id='word_1_791' title='bbox 3458 4880 3478 4912; x_wconf 68' lang='grc' dir='ltr'><strong>ι</strong></span> 
     </span>
    </p>
   </div>
   <div class='ocr_carea' id='block_1_109' title="bbox 1896 4955 3483 5032">
    <p class='ocr_par' dir='ltr' id='par_1_109' title="bbox 1896 4955 3483 5032">
     <span class='ocr_line' id='line_1_109' title="bbox 1896 4955 3483 5032; baseline -0.009 -12"><span class='ocrx_word' id='word_1_792' title='bbox 1896 4966 1951 5020; x_wconf 88' lang='lat' dir='ltr'><strong>Id</strong></span> <span class='ocrx_word' id='word_1_793' title='bbox 1991 4976 2096 5030; x_wconf 87' lang='lat' dir='ltr'><strong>est,</strong></span> <span class='ocrx_word' id='word_1_794' title='bbox 2138 4964 2174 5018; x_wconf 88' lang='lat' dir='ltr'><strong>ii</strong></span> <span class='ocrx_word' id='word_1_795' title='bbox 2226 4963 2317 5032; x_wconf 89' lang='lat' dir='ltr'><strong>qui</strong></span> <span class='ocrx_word' id='word_1_796' title='bbox 2373 4962 2676 5018; x_wconf 80' lang='lat' dir='ltr'><strong>Samariam</strong></span> <span class='ocrx_word' id='word_1_797' title='bbox 2741 4958 3011 5019; x_wconf 84' lang='lat' dir='ltr'><strong>incolunt,</strong></span> <span class='ocrx_word' id='word_1_798' title='bbox 3065 4955 3230 5010; x_wconf 84' lang='lat' dir='ltr'><strong>Israel</strong></span> <span class='ocrx_word' id='word_1_799' title='bbox 3271 4969 3483 5008; x_wconf 71' lang='lat' dir='ltr'><strong>nuncu-</strong></span> 
     </span>
    </p>
   </div>
   <div class='ocr_carea' id='block_1_110' title="bbox 1893 5046 3481 5130">
    <p class='ocr_par' dir='ltr' id='par_1_110' title="bbox 1893 5046 3481 5130">
     <span class='ocr_line' id='line_1_110' title="bbox 1893 5046 3481 5130; baseline -0.01 -16"><span class='ocrx_word' id='word_1_800' title='bbox 1893 5060 2028 5130; x_wconf 86' lang='lat' dir='ltr'><strong>pati,</strong></span> <span class='ocrx_word' id='word_1_801' title='bbox 2071 5068 2126 5111; x_wconf 89' lang='lat' dir='ltr'><strong>et</strong></span> <span class='ocrx_word' id='word_1_802' title='bbox 2154 5056 2386 5128; x_wconf 66' lang='lat' dir='ltr'><strong>por-ilus</strong></span> <span class='ocrx_word' id='word_1_803' title='bbox 2419 5054 2676 5124; x_wconf 85' lang='lat' dir='ltr'><strong>Ephraim</strong></span> <span class='ocrx_word' id='word_1_804' title='bbox 2710 5051 2914 5114; x_wconf 83' lang='lat' dir='ltr'><strong>vocati,</strong></span> <span class='ocrx_word' id='word_1_805' title='bbox 2956 5049 3082 5118; x_wconf 88' lang='lat' dir='ltr'><strong>quia</strong></span> <span class='ocrx_word' id='word_1_806' title='bbox 3131 5047 3351 5117; x_wconf 83' lang='lat' dir='ltr'><strong>regibus</strong></span> <span class='ocrx_word' id='word_1_807' title='bbox 3383 5046 3481 5099; x_wconf 82' lang='lat' dir='ltr'><strong>tri-</strong></span> 
     </span>
    </p>
   </div>
   <div class='ocr_carea' id='block_1_111' title="bbox 1892 5137 3484 5220">
    <p class='ocr_par' dir='ltr' id='par_1_111' title="bbox 1892 5137 3484 5220">
     <span class='ocr_line' id='line_1_111' title="bbox 1892 5137 3484 5220; baseline -0.012 -13"><span class='ocrx_word' id='word_1_808' title='bbox 1892 5155 1993 5208; x_wconf 90' lang='lat' dir='ltr'><strong>bus</strong></span> <span class='ocrx_word' id='word_1_809' title='bbox 2044 5150 2300 5220; x_wconf 82' lang='lat' dir='ltr'><strong>Ephraim</strong></span> <span class='ocrx_word' id='word_1_810' title='bbox 2347 5149 2550 5204; x_wconf 88' lang='lat' dir='ltr'><strong>subditi</strong></span> <span class='ocrx_word' id='word_1_811' title='bbox 2593 5157 2782 5211; x_wconf 88' lang='lat' dir='ltr'><strong>erant,</strong></span> <span class='ocrx_word' id='word_1_812' title='bbox 2826 5145 3114 5199; x_wconf 86' lang='lat' dir='ltr'><strong>irridentes</strong></span> <span class='ocrx_word' id='word_1_813' title='bbox 3149 5150 3204 5194; x_wconf 92' lang='lat' dir='ltr'><strong>et</strong></span> <span class='ocrx_word' id='word_1_814' title='bbox 3249 5137 3484 5205; x_wconf 83' lang='lat' dir='ltr'><strong>vilipen-</strong></span> 
     </span>
    </p>
   </div>
   <div class='ocr_carea' id='block_1_112' title="bbox 1894 5227 3484 5308">
    <p class='ocr_par' dir='ltr' id='par_1_112' title="bbox 1894 5227 3484 5308">
     <span class='ocr_line' id='line_1_112' title="bbox 1894 5227 3484 5308; baseline -0.011 -11"><span class='ocrx_word' id='word_1_815' title='bbox 1894 5245 2086 5298; x_wconf 87' lang='lat' dir='ltr'><strong>dentes</strong></span> <span class='ocrx_word' id='word_1_816' title='bbox 2114 5241 2442 5303; x_wconf 80' lang='lat' dir='ltr'><strong>Jerusalem,</strong></span> <span class='ocrx_word' id='word_1_817' title='bbox 2477 5240 2647 5308; x_wconf 87' lang='lat' dir='ltr'><strong>ipsam</strong></span> <span class='ocrx_word' id='word_1_818' title='bbox 2685 5253 2752 5292; x_wconf 84' lang='lat' dir='ltr'><strong>ex</strong></span> <span class='ocrx_word' id='word_1_819' title='bbox 2789 5236 3050 5291; x_wconf 88' lang='lat' dir='ltr'><strong>lateribus</strong></span> <span class='ocrx_word' id='word_1_820' title='bbox 3093 5240 3362 5285; x_wconf 87' lang='lat' dir='ltr'><strong>structam</strong></span> <span class='ocrx_word' id='word_1_821' title='bbox 3400 5227 3484 5280; x_wconf 84' lang='lat' dir='ltr'><strong>di-</strong></span> 
     </span>
    </p>
   </div>
   <div class='ocr_carea' id='block_1_113' title="bbox 1890 5321 3483 5399">
    <p class='ocr_par' dir='ltr' id='par_1_113' title="bbox 1890 5321 3483 5399">
     <span class='ocr_line' id='line_1_113' title="bbox 1890 5321 3483 5399; baseline -0.008 -14"><span class='ocrx_word' id='word_1_822' title='bbox 1890 5333 2121 5395; x_wconf 84' lang='lat' dir='ltr'><strong>cebant,</strong></span> <span class='ocrx_word' id='word_1_823' title='bbox 2174 5345 2237 5383; x_wconf 89' lang='lat' dir='ltr'><strong>ac</strong></span> <span class='ocrx_word' id='word_1_824' title='bbox 2281 5330 2487 5399; x_wconf 85' lang='lat' dir='ltr'><strong>tegulas</strong></span> <span class='ocrx_word' id='word_1_825' title='bbox 2540 5327 2740 5382; x_wconf 84' lang='lat' dir='ltr'><strong>habere</strong></span> <span class='ocrx_word' id='word_1_826' title='bbox 2785 5343 2850 5380; x_wconf 77' lang='lat' dir='ltr'><strong>ea:</strong></span> <span class='ocrx_word' id='word_1_827' title='bbox 2887 5323 3196 5396; x_wconf 77' lang='lat' dir='ltr'><strong>aycaminia,</strong></span> <span class='ocrx_word' id='word_1_828' title='bbox 3236 5321 3352 5375; x_wconf 70' lang='lat' dir='ltr'><strong>sive</strong></span> <span class='ocrx_word' id='word_1_829' title='bbox 3395 5333 3483 5373; x_wconf 85' lang='lat' dir='ltr'><strong>sc-</strong></span> 
     </span>
    </p>
   </div>
   <div class='ocr_carea' id='block_1_114' title="bbox 1889 5410 3479 5489">
    <p class='ocr_par' dir='ltr' id='par_1_114' title="bbox 1889 5410 3479 5489">
     <span class='ocr_line' id='line_1_114' title="bbox 1889 5410 3479 5489; baseline -0.008 -14"><span class='ocrx_word' id='word_1_830' title='bbox 1889 5420 2127 5475; x_wconf 90' lang='lat' dir='ltr'><strong>cundum</strong></span> <span class='ocrx_word' id='word_1_831' title='bbox 2166 5419 2403 5489; x_wconf 89' lang='lat' dir='ltr'><strong>reliquos</strong></span> <span class='ocrx_word' id='word_1_832' title='bbox 2437 5421 2784 5486; x_wconf 85' lang='lat' dir='ltr'><strong>interpretes,</strong></span> <span class='ocrx_word' id='word_1_833' title='bbox 2822 5431 2884 5470; x_wconf 78' lang='lat' dir='ltr'><strong>ea:</strong></span> <span class='ocrx_word' id='word_1_834' title='bbox 2920 5412 3248 5486; x_wconf 74' lang='lat' dir='ltr'><strong>sycomoria,</strong></span> <span class='ocrx_word' id='word_1_835' title='bbox 3286 5410 3479 5463; x_wconf 86' lang='lat' dir='ltr'><strong>factas.</strong></span> 
     </span>
    </p>
   </div>
   <div class='ocr_carea' id='block_1_115' title="bbox 1893 5503 3482 5579">
    <p class='ocr_par' dir='ltr' id='par_1_115' title="bbox 1893 5503 3482 5579">
     <span class='ocr_line' id='line_1_115' title="bbox 1893 5503 3482 5579; baseline -0.008 -14"><span class='ocrx_word' id='word_1_836' title='bbox 1893 5511 2094 5567; x_wconf 90' lang='lat' dir='ltr'><strong>Deinde</strong></span> <span class='ocrx_word' id='word_1_837' title='bbox 2123 5528 2280 5576; x_wconf 85' lang='lat' dir='ltr'><strong>vero,</strong></span> <span class='ocrx_word' id='word_1_838' title='bbox 2316 5527 2381 5566; x_wconf 84' lang='lat' dir='ltr'><strong>ac</strong></span> <span class='ocrx_word' id='word_1_839' title='bbox 2426 5512 2470 5566; x_wconf 91' lang='lat' dir='ltr'><strong>si</strong></span> <span class='ocrx_word' id='word_1_840' title='bbox 2515 5511 2588 5564; x_wconf 90' lang='lat' dir='ltr'><strong>illi</strong></span> <span class='ocrx_word' id='word_1_841' title='bbox 2636 5509 3073 5579; x_wconf 72' lang='lat' dir='ltr'><strong>praestantiorem</strong></span> <span class='ocrx_word' id='word_1_842' title='bbox 3112 5503 3301 5559; x_wconf 88' lang='lat' dir='ltr'><strong>urbem</strong></span> <span class='ocrx_word' id='word_1_843' title='bbox 3335 5512 3482 5555; x_wconf 88' lang='lat' dir='ltr'><strong>stru-</strong></span> 
     </span>
    </p>
   </div>
   <div class='ocr_carea' id='block_1_116' title="bbox 1894 5593 3482 5670">
    <p class='ocr_par' dir='ltr' id='par_1_116' title="bbox 1894 5593 3482 5670">
     <span class='ocr_line' id='line_1_116' title="bbox 1894 5593 3482 5670; baseline -0.008 -11"><span class='ocrx_word' id='word_1_844' title='bbox 1894 5605 2036 5659; x_wconf 90' lang='lat' dir='ltr'><strong>cturi</strong></span> <span class='ocrx_word' id='word_1_845' title='bbox 2069 5613 2287 5668; x_wconf 88' lang='lat' dir='ltr'><strong>essent,</strong></span> <span class='ocrx_word' id='word_1_846' title='bbox 2331 5618 2451 5658; x_wconf 88' lang='lat' dir='ltr'><strong>eam</strong></span> <span class='ocrx_word' id='word_1_847' title='bbox 2485 5617 2551 5657; x_wconf 82' lang='lat' dir='ltr'><strong>ex</strong></span> <span class='ocrx_word' id='word_1_848' title='bbox 2583 5602 2774 5656; x_wconf 87' lang='lat' dir='ltr'><strong>incisis</strong></span> <span class='ocrx_word' id='word_1_849' title='bbox 2803 5599 3074 5670; x_wconf 86' lang='lat' dir='ltr'><strong>lapidibus</strong></span> <span class='ocrx_word' id='word_1_850' title='bbox 3102 5606 3157 5651; x_wconf 88' lang='lat' dir='ltr'><strong>et</strong></span> <span class='ocrx_word' id='word_1_851' title='bbox 3191 5610 3258 5649; x_wconf 77' lang='lat' dir='ltr'><strong>ex</strong></span> <span class='ocrx_word' id='word_1_852' title='bbox 3301 5593 3482 5647; x_wconf 86' lang='lat' dir='ltr'><strong>cedris</strong></span> 
     </span>
    </p>
   </div>
   <div class='ocr_carea' id='block_1_117' title="bbox 1895 5683 3479 5763">
    <p class='ocr_par' dir='ltr' id='par_1_117' title="bbox 1895 5683 3479 5763">
     <span class='ocr_line' id='line_1_117' title="bbox 1895 5683 3479 5763; baseline -0.011 -11"><span class='ocrx_word' id='word_1_853' title='bbox 1895 5711 1956 5753; x_wconf 87' lang='lat' dir='ltr'><strong>se</strong></span> <span class='ocrx_word' id='word_1_854' title='bbox 2002 5695 2369 5751; x_wconf 73' lang='lat' dir='ltr'><strong>:ediilcaturos</strong></span> <span class='ocrx_word' id='word_1_855' title='bbox 2419 5709 2542 5748; x_wconf 82' lang='lat' dir='ltr'><strong>esse</strong></span> <span class='ocrx_word' id='word_1_856' title='bbox 2592 5692 3031 5763; x_wconf 80' lang='lat' dir='ltr'><strong>pollicebantur:</strong></span> <span class='ocrx_word' id='word_1_857' title='bbox 3078 5700 3134 5743; x_wconf 87' lang='lat' dir='ltr'><strong>et</strong></span> <span class='ocrx_word' id='word_1_858' title='bbox 3188 5683 3372 5752; x_wconf 88' lang='lat' dir='ltr'><strong>templi</strong></span> <span class='ocrx_word' id='word_1_859' title='bbox 3424 5683 3479 5735; x_wconf 91' lang='lat' dir='ltr'><strong>in</strong></span> 
     </span>
    </p>
   </div>
   <div class='ocr_carea' id='block_1_118' title="bbox 1892 5775 3478 5848">
    <p class='ocr_par' dir='ltr' id='par_1_118' title="bbox 1892 5775 3478 5848">
     <span class='ocr_line' id='line_1_118' title="bbox 1892 5775 3478 5848; baseline -0.011 -6"><span class='ocrx_word' id='word_1_860' title='bbox 1892 5786 2194 5842; x_wconf 80' lang='lat' dir='ltr'><strong>Jerusalem</strong></span> <span class='ocrx_word' id='word_1_861' title='bbox 2230 5785 2425 5839; x_wconf 90' lang='lat' dir='ltr'><strong>stantis</strong></span> <span class='ocrx_word' id='word_1_862' title='bbox 2464 5785 2610 5848; x_wconf 83' lang='lat' dir='ltr'><strong>loco,</strong></span> <span class='ocrx_word' id='word_1_863' title='bbox 2666 5787 2861 5837; x_wconf 86' lang='lat' dir='ltr'><strong>turrim</strong></span> <span class='ocrx_word' id='word_1_864' title='bbox 2912 5781 3015 5836; x_wconf 89' lang='lat' dir='ltr'><strong>sibi</strong></span> <span class='ocrx_word' id='word_1_865' title='bbox 3049 5778 3390 5833; x_wconf 81' lang='lat' dir='ltr'><strong>excitaturus</strong></span> <span class='ocrx_word' id='word_1_866' title='bbox 3424 5775 3478 5825; x_wconf 88' lang='lat' dir='ltr'><strong>in</strong></span> 
     </span>
    </p>
   </div>
   <div class='ocr_carea' id='block_1_119' title="bbox 1896 5866 3479 5945">
    <p class='ocr_par' dir='ltr' id='par_1_119' title="bbox 1896 5866 3479 5945">
     <span class='ocr_line' id='line_1_119' title="bbox 1896 5866 3479 5945; baseline -0.012 -10"><span class='ocrx_word' id='word_1_867' title='bbox 1896 5877 2178 5944; x_wconf 81' lang='lat' dir='ltr'><strong>Samaria;</strong></span> <span class='ocrx_word' id='word_1_868' title='bbox 2219 5876 2341 5932; x_wconf 86' lang='lat' dir='ltr'><strong>idco</strong></span> <span class='ocrx_word' id='word_1_869' title='bbox 2375 5874 2502 5945; x_wconf 88' lang='lat' dir='ltr'><strong>quia</strong></span> <span class='ocrx_word' id='word_1_870' title='bbox 2535 5873 2610 5929; x_wconf 91' lang='lat' dir='ltr'><strong>illi</strong></span> <span class='ocrx_word' id='word_1_871' title='bbox 2652 5876 2706 5929; x_wconf 91' lang='lat' dir='ltr'><strong>in</strong></span> <span class='ocrx_word' id='word_1_872' title='bbox 2745 5882 2948 5930; x_wconf 83' lang='lat' dir='ltr'><strong>tantam</strong></span> <span class='ocrx_word' id='word_1_873' title='bbox 2987 5866 3356 5936; x_wconf 79' lang='lat' dir='ltr'><strong>arrogantia</strong></span> <span class='ocrx_word' id='word_1_874' title='bbox 3387 5877 3479 5916; x_wconf 81' lang='lat' dir='ltr'><strong>ve-</strong></span> 
     </span>
    </p>
   </div>
  </div>
