4090 6432
629 420 735 475 155

1327 404 1598 463 EUSEBII
1634 400 2111 459 CESARIENSIS
2147 397 2297 455 OPP.
2338 396 2518 451 PARS
2556 395 2643 453 Ill.
2681 423 2751 435 —
2787 388 3198 447 EXEGETICA.

3759 384 3858 440 156

629 536 748 587 nire
796 527 911 582 ausi
974 525 1225 587 fuerant,
1268 522 1521 591 deinceps
1569 520 1931 575 comminatur
1975 517 2053 573 eis
2100 517 2185 571 his

2303 510 2813 570 Ιιπαυθαδιάσασθαι,
2838 505 3049 561 ἀπειλεῖ
3087 504 3268 565 αὐτοῖς
3319 499 3441 573 ἑξῆς
3485 500 3513 552 6
3549 496 3705 565 λόγος
3754 499 3858 569 φὼς

628 622 810 679 verbis
836 641 849 674 :

701 715 861 768 Vsus.
892 711 947 764 ‘2.
993 728 1010 761 ι
1047 709 1109 763 Et
1156 707 1362 775 franget
1401 705 1540 759 Deus
1589 719 1704 767 eos,
1763 704 1854 773 qui
1893 702 2181 771 insurgunt

626 819 787 873 super
834 810 1068 855 montem
1112 797 1263 858 Sion.
1296 804 1351 849 et
1394 795 1645 849 inimicos
1687 793 1985 862 dissipabit.
2037 811 2057 844 ι
2089 791 2187 844 Se-

627 896 862 951 cundum
909 892 1187 947 historiam
1222 887 1399 952 enim,
1431 887 1577 957 quia,
1617 887 1825 955 inquit,
1868 886 1903 939 ii
1956 883 2047 953 qui
2088 882 2187 938 Sa-

627 988 856 1041 mariam
912 982 1216 1038 incolebant
1265 980 1393 1034 talia
1431 977 1549 1033 ausi
1606 986 1752 1041 sunt,
1796 988 1848 1031 et
1886 976 2188 1045 petulanter

627 1079 864 1149 agebant
891 1083 1075 1130 contra
1116 1082 1351 1127 montem
1384 1069 1538 1136 Sion,
1578 1079 1634 1124 et
1671 1082 1860 1125 contra
1900 1067 2059 1122 Deum
2090 1065 2189 1119 ibi-

628 1181 753 1233 dem
790 1176 1025 1238 cultum;
1074 1188 1167 1228 eos
1226 1185 1317 1236 se,
1367 1169 1522 1239 quasi
1570 1185 1637 1225 ex
1689 1183 1883 1240 magna
1924 1168 2190 1237 superbiae

628 1264 946 1323 celsitudine
1003 1263 1383 1331 depressurum
1437 1269 1491 1314 et
1542 1258 1842 1343 fracturam
1888 1259 2190 1313 commina-

631 1369 739 1415 tur.
785 1356 822 1410 li
862 1355 1061 1426 quippe
1108 1354 1199 1423 qui
1241 1362 1429 1407 contra
1486 1361 1723 1406 montem
1775 1351 1904 1407 Sion
1957 1353 2192 1408 insurre-

629 1462 853 1516 xerunt,
898 1452 1062 1506 etiam
1115 1450 1170 1503 in
1232 1450 1404 1517 ipsum
1467 1447 1638 1501 Deum
1701 1447 1864 1516 impie
1919 1449 2190 1519 agebant:

629 1560 768 1613 quos
804 1558 863 1599 se
890 1542 1298 1598 humiliaturum
1342 1547 1398 1593 et
1436 1536 1839 1593 coufracturum
1878 1553 1998 1593 esse
2028 1539 2191 1605 dicit;

631 1648 733 1689 nec
764 1634 911 1704 ipsos
954 1632 1130 1695 solos,
1175 1631 1270 1685 sed
1317 1628 1484 1685 etiam
1534 1627 1783 1683 inimicos
1820 1627 1936 1697 ejus
1966 1629 2196 1699 dissipa-

632 1735 810 1778 turum
848 1738 1002 1779 esse:
1034 1720 1346 1792 signiﬁcans
1371 1733 1466 1775 eos
1491 1733 1557 1773 ex
1593 1718 1877 1782 Damasco,
1909 1720 1997 1788 qui
2028 1720 2195 1774 Israe-

2288 621 2451 658 σκωνο

2363 718 2380 750 ι
2412 697 2520 752 Kal
2557 694 2705 766 ράξει
2730 695 2759 747 6
2791 693 2922 756 Θεὸς
2953 692 3078 753 τοὺς
3122 685 3588 755 ἐπανισταμένους
3645 684 3741 736 ἐπὶ
3796 684 3859 739 τὸ

2286 794 2409 863 ὅρος
2437 792 2595 852 Σιὼν,
2627 788 2721 840 καὶ
2774 787 2900 848 τοὺς
2950 783 3178 854 ἐχθροὺς
3225 778 3579 833 διασκεδάσει.
3629 794 3647 827 ι
3700 776 3859 830 Κατὰ

2286 884 2415 953 γοῦν
2442 882 2538 953 τὴν
2567 879 2824 950 ἱστορίαν,
2850 875 3055 947 ἐπειδὴ,
3087 874 3271 944 φησὶν,
3307 873 3357 925 οί
3399 870 3497 940 τὴν
3548 869 3863 939 Σαμάρειαν

2287 974 2561 1035 οἰκοῦντες
2592 970 2813 1025 τοιαῦτα
2835 968 3221 1041 τετολμήκασι,
3250 964 3344 1021 καὶ
3395 961 3866 1033 κατεθρασύνοντο

2289 1068 2429 1121 κατὰ
2459 1065 2551 1119 τοῦ
2585 1064 2741 1136 ὅρους
2768 1060 2925 1125 Σιὼν,
2960 1060 3055 1113 καὶ
3084 1057 3227 1118 κατὰ
3274 1055 3368 1110 τοῦ
3416 1058 3472 1108 ὲν
3517 1053 3665 1123 αύτῷ
3694 1070 3867 1122 τιμω-

2292 1156 2453 1227 μένου
2481 1152 2638 1216 Θεοῦ,
2671 1152 2746 1215 ὡς
2787 1150 2895 1204 ἀπὸ
2931 1149 3163 1221 μεγάλου
3222 1146 3389 1217 ὕψους
3442 1144 3541 1214 τῆς
3583 1144 3870 1213 ὑπερηφαν-

2289 1250 2436 1312 νείας
2470 1246 2647 1302 αὐτῶν
2696 1241 3049 1298 ταπεινώσειν
3112 1239 3204 1295 καὶ
3250 1236 3611 1309 καταρράξειν
3667 1234 3869 1297 αὐτοὺς

2291 1341 2525 1396 ἀπειλεῖ.
2554 1339 2691 1401 Τοὺς
2723 1335 2832 1408 γὰρ
2858 1335 2951 1388 ὲπὶ
2984 1334 3043 1392 τὸ
3067 1332 3193 1404 ὅρος
3218 1329 3357 1385 Σιὼν
3403 1325 3870 1396 ἐπανισταμένους

2292 1436 2376 1487 ἐπ’
2412 1433 2573 1486 αὑτὸν
2604 1432 2694 1484 τὸν
2726 1429 2857 1483 Θεὸν
2890 1426 3106 1481 ἀσεϐεῖν
3161 1422 3469 1477 συνέϐαινεν
3489 1439 3501 1450 ·
3535 1418 3625 1483 οὓς
3676 1434 3869 1471 ταπειο

2292 1524 2483 1579 νώσειν
2506 1524 2598 1577 καὶ
2626 1521 2808 1593 psam
2836 1518 3021 1589 φησὶν,
3047 1515 3108 1568 οὐ
3142 1513 3355 1585 μόνους,
3382 1509 3515 1564 ἀλλὰ
3541 1509 3635 1561 καὶ
3663 1506 3874 1566 πάντας

2292 1618 2416 1681 τοὺς
2445 1616 2670 1687 ἐχθροὺς
2698 1610 2863 1667 αὐτοῦ
2896 1606 3295 1667 διασκεδάσειν·
3332 1602 3611 1673 σημαίνων
3660 1600 3788 1662 τοὺς
3816 1600 3875 1651 ὲν

2295 1708 2571 1781 Δαμασκῷ
2641 1700 3063 1776 συμμαχοῦντας
3130 1695 3209 1767 τῷ
3274 1694 3487 1767 Ἰσραὴλ
3524 1733 3539 1756 ,
3594 1690 3737 1745 κατὰ
3804 1688 3878 1741 τὰ

629 1822 697 1875 lis
732 1820 1126 1876 commilitones
1165 1824 1318 1873 erant
1342 1855 1358 1880 ,
1413 1824 1472 1869 ut
1510 1815 1657 1884 prius
1693 1814 1946 1869 traditum
1982 1825 2083 1869 est.
2121 1814 2197 1868 Ac

2303 1799 2607 1871 ἔμπροσθεν
2640 1793 3027 1863 ἀποδεδομένα.
3048 1790 3158 1843 Kal
3189 1788 3395 1851 πάντας
3415 1787 3472 1841 δὲ
3500 1788 3626 1849 τοὺς
3658 1788 3724 1838 ὲκ
3765 1784 3877 1837 τῶν

634 1911 869 1974 reliquos
899 1924 1089 1965 omnes
1117 1909 1209 1977 qui
1245 1918 1430 1962 contra
1479 1914 1714 1959 montem
1756 1905 1887 1961 Sion
1924 1916 1979 1961 et
2012 1916 2198 1960 contra

2303 1889 2505 1943 λοιπῶν
2526 1882 2988 1953 ἐπανισταμένους
3018 1881 3097 1952 τῷ
3140 1879 3254 1952 δρει
3282 1877 3441 1940 Σιὼν,
3500 1877 3592 1932 καὶ
3617 1875 3697 1946 τῷ
3755 1875 3883 1945 Θεῷ

631 1996 797 2051 Deum
842 1996 1039 2051 ibidem
1082 1997 1286 2049 cultum
1337 1993 1765 2057 insurrexerunt,
1822 2007 1881 2048 se
1910 1992 2200 2062 dissipatu-

635 2103 751 2141 rum
796 2101 917 2144 esse
961 2086 1281 2156 pollicetur:
1332 2100 1399 2139 ex
1437 2098 1665 2154 quorum
1716 2100 1943 2140 numero
1980 2084 2070 2138 alii
2135 2100 2201 2137 ex

633 2181 841 2235 oriente
885 2190 1061 2245 erant,
1089 2178 1179 2235 alii
1213 2193 1278 2234 ex
1305 2193 1498 2234 occasu
1529 2178 1680 2243 solis,
1710 2176 1871 2233 medii
1904 2187 2083 2232 autem
2110 2192 2201 2230 en.

637 2287 753 2326 rum
787 2271 960 2328 Greci
1006 2279 1183 2327 erant.
1237 2268 1300 2325 Hi
1349 2268 1550 2325 etenim
1604 2283 1793 2324 omnes
1843 2278 2199 2323 memoratum

636 2363 889 2419 lsraelem
924 2362 1081 2434 pleno
1108 2377 1204 2418 ore
1244 2364 1589 2427 devorantes,
1622 2370 1783 2431 atque
1810 2360 1863 2414 in
1894 2375 2046 2415 suum
2088 2359 2203 2414 ido-

636 2456 864 2515 iolatria:
887 2469 1127 2512 errorem
1146 2455 1483 2525 deﬁcientes,
1515 2471 1574 2511 se
1594 2455 1682 2523 iis,
1711 2455 1803 2525 qui
1833 2464 2019 2509 contra
2046 2470 2203 2508 umn-

639 2560 745 2603 tem
800 2547 931 2603 Sion
969 2547 1340 2619 insurgebant,
1392 2546 1745 2603 auxiliaturos
1773 2559 1838 2600 ac
1883 2545 2203 2602 commilito-

638 2654 734 2695 nes
762 2654 949 2694 eorum
978 2638 1191 2695 futuros
1217 2652 1339 2695 esse
1366 2638 1770 2713 promittebant.

710 2731 873 2787 Vsus.
907 2731 1089 2787 ιι-ιδ.
1131 2749 1150 2783 ι
1188 2729 1255 2785 Et
1282 2731 1500 2786 abstulit
1538 2730 1796 2785 Dominus
1821 2729 1888 2785 ab
1914 2728 2081 2793 Israel
2112 2744 2202 2783 ca-

640 2832 823 2891 putet
877 2822 1129 2887 caudam,
1178 2837 1429 2893 magnum
1477 2830 1533 2878 et
1568 2836 1791 2892 parvum
1841 2822 1895 2875 in
1930 2834 2037 2875 una
2081 2822 2203 2885 die,

638 2929 795 2969 senes
820 2922 874 2969 et
904 2927 997 2968 eos
1024 2913 1116 2985 qui
1150 2916 1357 2969 vultum
1401 2914 1760 2979 admirantur,
1807 2914 1909 2968 hoc
1934 2921 2019 2968 est
2065 2914 2209 2981 prin-

636 3006 875 3075 cipium;
910 3015 963 3061 et
1017 3006 1336 3076 prophetam
1389 3007 1670 3060 docentem
1724 3005 1934 3074 iniqua.
1992 3003 2083 3060 hic
2128 3015 2205 3059 est

640 3097 831 3152 cauda.
877 3116 896 3149 ι
932 3098 1037 3151 Pro
1069 3096 1196 3162 illo,
1237 3114 1256 3148 ι
1290 3096 1525 3151 Abstulit
1557 3097 1818 3152 Dominus
1854 3098 1921 3151 ab
1952 3093 2146 3162 Israel,
2185 3115 2203 3148 ι

2300 1979 2378 2050 τῷ
2410 1977 2645 2033 ἐνταῦθα
2676 1974 2972 2047 τιμωμένῳ
2998 2012 3012 2037 ,
3038 1970 3413 2027 διασκεδάσειν
3445 1966 3874 2036 ἐπαγγέλλεται·

2301 2066 2375 2125 ὧν
2429 2071 2480 2124 oi.
2542 2069 2640 2139 μὲν
2686 2062 2825 2139 ἦσαν
2878 2062 3185 2119 άνατολικοί
3213 2078 3378 2126 τινες,
3413 2062 3461 2118 οι
3495 2060 3550 2113 δὲ
3603 2058 3693 2127 ἀφ’
3728 2056 3887 2129 ἡλίου

2304 2163 2546 2235 δυσμῶν,
2583 2160 2741 2232 μέσοι
2766 2158 2822 2211 δὲ
2847 2156 3053 2210 τούτων
3093 2156 3143 2208 οί
3177 2154 3457 2225 Ἕλληνες.
3523 2152 3729 2214 Πάντες
3771 2150 3896 2220 γὰρ.

2301 2251 2574 2319 οὗτοι,τὺν
2608 2249 2973 2323 προλεχθέντα
3000 2246 3218 2319 Ἰσραὴλ
3245 2246 3353 2317 ὅλῳ
3395 2243 3473 2315 τῷ
3496 2244 3725 2314 στόματι
3753 2259 3887 2295 κατ-

2305 2348 2579 2411 εσθίοντες
2612 2346 2709 2398 καὶ
2738 2341 3169 2405 κατασάλλοντες
3196 2341 3288 2394 ἐπὶ
3320 2339 3419 2408 τὴν
3471 2337 3570 2406 τῆς
3598 2333 3888 2389 εἰδωλολα-

2302 2441 2489 2513 τρείας
2517 2438 2725 2495 ἑαυτῶν
2752 2438 2981 2508 πλάνην,
3016 2435 3230 2507 βοηθεῖν
3259 2432 3356 2487 καὶ
3384 2433 3690 2503 συμμαχεῖν
3711 2431 3888 2501 ἐπηγ-

2302 2531 2551 2601 γέλλοντο
2634 2531 2745 2593 τοῖς
2820 2524 3274 2597 ὲπανισταμένοις
3338 2522 3481 2578 κατὰ
3553 2518 3649 2575 τοῦ
3723 2519 3891 2591 ὅρους

2303 2623 2460 2677 Σιών.

2381 2734 2399 2765 ι
2438 2714 2547 2768 Kal
2597 2712 2785 2782 ἀφεῖλε
2816 2709 3021 2782 Κύριος
3063 2708 3171 2762 άπὸ
3216 2705 3433 2777 Ἰσραὴλ
3486 2704 3727 2775 κεφαλὴν
3787 2703 3895 2763 καὶ

2306 2807 2493 2879 οὐρὰν,
2540 2805 2712 2876 μέγαν
2736 2804 2829 2857 καὶ
2866 2802 3059 2873 μικρὸν
3094 2804 3151 2852 ἐν
3179 2802 3277 2870 μιᾷ
3308 2799 3513 2871 ἡμέρᾳ,
3572 2796 3892 2868 πρεσϐύτην

2307 2899 2554 2961 καὶτοὺς
2607 2896 2676 2949 τά
2723 2895 2992 2967 πρόσωπα
3034 2890 3432 2963 θαυμάζοντας,
3478 2888 3615 2961 αὕτη
3652 2888 3887 2963 Wm-

2310 2990 2402 3042 καὶ⁸
2446 2987 2729 3058 προφήτην
2776 2984 3090 3051 διδάσκοντα
3143 2982 3353 3053 ἄνομα,
3388 2974 3543 3045 οὗτος
3588 2982 3623 3051 ἡ
3666 2980 3823 3052 οὐρά.
3863 2998 3886 3033 ι

2323 3082 2465 3135 ’Δντὶ
2516 3078 2698 3149 μέντοι
2743 3075 2859 3143 τοῦ,
2902 3094 2920 3127 ι
2943 3074 3154 3149 ’Δφεῖλε
3186 3073 3389 3146 Κύριος
3430 3072 3539 3127 ἀπὸ
3583 3071 3832 3143 Ἰσραὴλ,
3865 3090 3887 3124 ι

641 3190 856 3259 Aquila,
894 3207 915 3241 ί
956 3189 1023 3243 Et
1052 3190 1239 3258 perdet
1278 3189 1569 3255 Dominus;
1608 3206 1627 3239 ι
1666 3186 2023 3258 Symmachus
2053 3202 2203 3245 vero.

2309 3176 2337 3225 6
2365 3173 2462 3243 μὲν
2508 3170 2759 3233 ’Δκύλας,
2796 3190 2814 3221 ι
2835 3170 2930 3224 καὶ
2956 3167 3263 3241 ὁλοθρεύσει
3287 3166 3523 3237 Κύριος·
3549 3185 3568 3217 ›
3602 3168 3631 3219 6
3660 3165 3718 3218 δὲ
3749 3164 3893 3237 Σύμ-

648 3298 667 3330 ι
708 3278 774 3333 Ει
807 3277 1080 3347 disperdat
1121 3278 1413 3343 Dominus;
1461 3296 1479 3329 ι
1517 3276 1853 3343 Theodotio,
1898 3295 1918 3329 ι
1958 3276 2022 3332 Ει
2057 3276 2207 3331 aufe-

646 3382 763 3437 ret,
817 3387 837 3422 ν
897 3370 952 3424 in
996 3368 1177 3423 futuro
1229 3369 1513 3435 dixerunt;
1569 3368 1725 3440 quasi
1770 3369 1913 3424 Deus
1958 3369 2073 3423 haec
2122 3368 2205 3422 fa-

641 3472 827 3514 cturus
864 3459 965 3514 sit:
1015 3473 1136 3527 qua:
1173 3467 1297 3511 ante
1343 3468 1595 3513 eventum
1643 3458 1927 3527 praedicit,
1966 3468 2023 3511 ut
2057 3458 2209 3511 audi-

647 3561 791 3605 tores
819 3551 885 3605 ad
922 3550 1297 3620 penitentiam
1332 3559 1607 3619 provocet,
1652 3564 1720 3605 ne
1766 3565 1886 3619 quae
1915 3550 2208 3605 commina-

646 3652 732 3699 tur
772 3642 901 3713 ipsis
932 3642 1204 3697 eveniant.
1231 3642 1352 3699 Una
1398 3658 1558 3711 porro
1589 3642 1676 3697 die
1714 3657 1772 3697 se
1814 3643 2066 3713 praedicta
2095 3657 2208 3695 om-

647 3732 757 3797 nia,
796 3746 915 3801 qua!
945 3731 1159 3801 quidem
1210 3730 1494 3801 perspicua
1554 3742 1721 3797 sunt,
1771 3731 2041 3787 facturum
2092 3747 2211 3786 esse

644 3820 796 3887 dicit,
845 3821 897 3875 id
950 3830 1053 3885 est,
1086 3836 1192 3875 uno
1227 3822 1531 3890 eodemque
1568 3832 1828 3891 tempore.
1871 3821 2006 3876 Cum
2033 3831 2209 3875 autem

646 3912 775 3966 dicit
816 3921 973 3981 caput
1020 3923 1075 3967 et
1113 3912 1338 3967 caudam
1364 3953 1380 3979 ,
1427 3913 1645 3967 brutum
1679 3912 1885 3966 animal
1914 3912 2207 3983 significat;

646 4003 699 4058 id
728 4003 925 4073 quippe
961 4019 1066 4059 non
1108 4004 1389 4059 hominum
1418 3983 1699 4074 proprium
1747 4013 1851 4070 est,
1900 4006 2041 4074 quod
2084 4020 2212 4059 cau-

649 4095 771 4147 dam
829 4094 1082 4159 habeant,
1132 4097 1225 4151 sed
1278 4097 1559 4151 hrutorum
1606 4095 1961 4150 animalium:
2013 4094 2213 4165 quibus

651 4184 903 4255 populum
952 4186 1182 4241 similem
1235 4201 1355 4243 esse
1399 4188 1569 4241 dicit:
1630 4188 1715 4243 vel
1773 4197 1937 4257 caput
1982 4197 2036 4242 et
2082 4202 2212 4241 cau-

651 4278 803 4339 dam,
840 4276 1219 4331 rationabilem
1261 4287 1315 4331 et
1371 4277 1833 4343 irrationabilem;
1882 4277 2209 4347 principem,

650 4367 922 4422 subditum
969 4376 1025 4423 et
1060 4366 1304 4422 ultimum
1344 4376 1538 4422 vocat:
1582 4368 1726 4438 quod
1774 4368 1935 4424 etiam
1992 4369 2073 4425 sic
2116 4368 2213 4425 de-

652 4458 885 4511 claravit
919 4458 1126 4524 dicens,
1168 4476 1189 4510 ‹
1227 4473 1482 4528 magnum
1527 4468 1583 4514 et
1621 4475 1866 4530 parvum.
1904 4479 1922 4512 ι
1960 4459 2065 4515 Pro
2097 4462 2211 4525 illo,

2312 3282 2503 3336 μαχος,
2560 3282 2577 3313 ι
2620 3264 2730 3317 Kal
2789 3260 3157 3333 ὲξολοθρεύσει
3206 3259 3441 3331 Κύριος’
3484 3278 3503 3311 ο
3557 3258 3587 3310 6
3616 3255 3892 3311 δὲΘεοδο-

2307 3358 2454 3421 τίων,
2481 3375 2499 3407 ι
2524 3356 2634 3408 Kal.
2658 3354 2869 3424 ἀφελεῖ,
2898 3374 2917 3405 ι
2956 3351 3290 3425 μελλητικῶς
3307 3353 3618 3423 είρὴκασινς
3648 3349 3729 3413 ὡς
3763 3348 3892 3420 μέλ-

2305 3447 2489 3510 λοντος
2526 3445 2699 3501 ταῦτα
2748 3447 2995 3517 ποιήσειν
3027 3444 3120 3499 τοῦ
3165 3442 3300 3496 Θεοῦ
3324 3460 3337 3473 ·
3372 3442 3409 3497 ἃ
3459 3443 3587 3515 πρὶν
3633 3440 3890 3511 γενέσθαι

2308 3539 2582 3610 προλέγει,
2610 3539 2957 3607 ἐπιστρέφων
2987 3540 3066 3601 είς
3100 3536 3387 3609 μετάνοιαν
3416 3537 3542 3599 τοὺς
3594 3535 3891 3607 ἀκροωμέ-

2306 3651 2448 3698 νους,
2474 3633 2547 3697 ὡς
2577 3632 2644 3690 ἂν
2690 3633 2764 3708 μὴ
2793 3631 3016 3684 πάθοιεν
3040 3631 3107 3684 τὰ
3132 3630 3499 3701 άπειλούμενα
3580 3630 3668 3681 Ἐν
3704 3628 3892 3700 ἡμέρᾳ

2306 3726 2364 3777 δὲ
2398 3726 2495 3795 μιᾷ
2528 3742 2660 3795 φησι
2710 3725 2885 3779 πάντα
2944 3724 3194 3792 ποιήσειν
3233 3721 3304 3775 τὰ
3338 3720 3709 3794 προλεχθέντα
3740 3721 3893 3791 σαφῆ

2308 3814 2642 3883 τυγχάνοντα
2662 3831 2675 3845 υ
2706 3813 2979 3868 τουτέστιν
3007 3812 3094 3882 ὑφ’
3125 3813 3219 3866 ἕνα
3246 3815 3340 3866 καὶ
3366 3813 3456 3867 τὸν
3476 3810 3639 3865 αὐτὸν
3674 3813 3889 3881 καιρόν.

2309 3907 2564 3975 Κεφαλὴν
2593 3906 2648 3959 δὲ
2675 3907 2768 3959 καὶ
2808 3907 2973 3978 οὐρὰν
3005 3906 3175 3961 είπὼν
3193 3946 3207 3969 ,
3238 3906 3455 3977 ᾐνίξατο
3487 3905 3625 3971 ζῶον
3652 3906 3848 3976 ἄλογον
3873 3921 3887 3935 ·

2309 3999 2370 4051 ού
2400 3999 2507 4066 γάρ
2532 3998 2833 4071 ἀνθρώπων
2866 3999 3014 4061 ίδιον,
3043 3998 3181 4053 ἀλλὰ
3208 3999 3361 4064 ζώων
3388 3999 3596 4067 ἀλόγων
3627 3999 3688 4052 τὸ
3718 3998 3895 4070 οὐρὰν

2309 4090 2489 4160 ἔχειν·
2519 4086 2601 4154 οἷς
2647 4091 2737 4163 τὸν
2788 4090 2915 4145 λαὸν
2963 4092 3355 4161 άφωμοίωσεν⁸
3412 4091 3443 4160 ἡ
3500 4089 3743 4163 κεφαλὴν
3792 4090 3895 4149 καὶ

2309 4184 2497 4253 οὐρὰν,
2518 4184 2609 4236 τὸν
2639 4160 2851 4252 λογικὸν
2890 4185 2983 4237 καὶ
3006 4184 3066 4237 τὸ
3092 4184 3307 4252 ἄλογον,
3335 4183 3369 4255 ἢ
3404 4183 3495 4237 τὸν
3520 4160 3756 4255 ἄρχοντα
3790 4183 3890 4236 καὶ

2308 4275 2401 4328 τὸν
2446 4275 2763 4347 ἀρχόμενον,
2795 4276 2889 4329 καὶ
2922 4275 3182 4345 ἔσχατον
3208 4275 3236 4328 ὃ
3295 4274 3359 4347 δὴ
3419 4276 3511 4329 καὶ
3560 4274 3893 4347 διεσάφησεν

2310 4366 2497 4431 εἰπὼν,
2539 4385 2556 4417 ι
2596 4368 2768 4437 μέγαν
2816 4369 2911 4421 καὶ
2948 4368 3163 4439 μικρόν.
3197 4386 3215 4418 ι
3282 4367 3411 4420 Δντὶ
3443 4365 3498 4419 δὲ
3526 4366 3645 4429 τοῦ,
3710 4385 3729 4417 ι
3755 4368 3886 4431 τοὺς

2308 4460 2376 4513 τὰ
2394 4459 2658 4532 πρόσωπα
2692 4459 3091 4530 θαυμάζοντας,
3128 4479 3146 4512 ι
3190 4461 3218 4513 6
3250 4458 3565 4529 Σύμμαχος,
3604 4478 3622 4509 ι
3655 4458 3751 4512 καὶ
3793 4459 3886 4511 ai—

656 4568 676 4601 ι
719 4550 810 4618 qui
849 4550 1028 4606 vultus
1083 4551 1447 4617 admirantur,
1488 4570 1507 4602 ι
1544 4551 1922 4622 Symmachus,
1970 4570 1987 4603 ι
2030 4559 2085 4606 et
2121 4568 2203 4608 ve-

2308 4551 2545 4622 δέσιμον,
2574 4571 2592 4603 ι
2623 4552 2950 4622 ἡρμήνευσε.
2978 4552 3087 4605 Kal
3115 4547 3266 4614 οὗτος
3291 4546 3384 4604 οὖν
3413 4552 3442 4603 6
3480 4549 3760 4621 αἰδέσιμος
3789 4552 3886 4604 καὶ

657 4641 984 4707 nerabilem,
1031 4659 1051 4697 ι
1092 4642 1483 4712 interpretatus
1520 4653 1622 4697 est.
1678 4642 1777 4697 llic
1816 4657 1943 4713 ergo
1990 4658 2212 4698 venera-

656 4730 780 4786 lnilis
809 4741 861 4787 et
889 4746 1077 4799 senex,
1108 4744 1269 4802 caput
1304 4748 1427 4789 esse
1468 4741 1675 4801 potest;
1709 4734 1878 4787 cauda
1933 4748 2061 4788 vero
2091 4749 2214 4803 pro-

2305 4642 2665 4713 ὁπρεσὸύτης
2692 4642 2914 4697 δύναται
2942 4639 3080 4696 εἶναι
3119 4646 3151 4714 ἡ
3195 4642 3438 4711 κεφαλήο
3487 4644 3519 4713 ἡ
3576 4642 3633 4695 δὲ
3671 4642 3808 4714 οὐρὰ
3852 4642 3883 4695 6

2306 4730 2569 4807 διδάσκων
2597 4735 2772 4807 ἄνομα
2803 4736 3109 4807 προφήτης,
3148 4735 3311 4787 οἱονεὶ
3344 4734 3536 4802 ἀλόγου
3560 4732 3701 4797 ζώου
3725 4735 3888 4806 ἐσχα-

654 4821 812 4892 pheta
848 4822 940 4892 qui
990 4822 1177 4893 iniqua
1226 4822 1404 4889 docet,
1449 4823 1541 4893 qui
1575 4822 1729 4892 quasi
1784 4823 1928 4877 bruti
1967 4823 2203 4879 animali:

2309 4841 2399 4878 τον
2431 4824 2587 4896 μέλος
2617 4825 2896 4897 ὑπάρχων.
2932 4824 3412 4895 Ἀφαιρεθὴσεσθαι
3432 4826 3611 4879 τοίνυν
3640 4828 3885 4892 τούτους,

656 4918 898 4972 ultimum
937 4919 1238 4975 membrum
1289 4926 1388 4974 est.
1428 4917 1535 4973 Hos
1580 4920 1745 4986 igitur
1782 4920 1850 4974 de
1904 4920 2081 4975 medio
2126 4921 2219 4973 tol-

2308 4917 2403 4970 καὶ
2435 4916 2978 4990 ὲξολοθρευθήσεσθαι
3006 4920 3095 4988 ὑφ’
3132 4919 3225 4972 ἕνα
3259 4918 3447 4990 καιρὸν
3478 4920 3506 4972 6
3530 4918 3690 4987 λόγος
3724 4920 3884 4975 ἀπει-

655 5005 870 5071 lendos,
927 5016 1090 5076 atque
1157 5020 1265 5061 uno
1331 5014 1571 5073 tempore
1615 5009 2057 5063 exterminandos
2097 5021 2217 5066 esse
2312 5007 2409 5062 λεί.

656 5097 1049 5153 interminatur.

727 5186 889 5243 Vens.
915 5189 1000 5244 l8.
1038 5209 1055 5241 ι
1097 5189 1163 5245 Et
1191 5194 1547 5249 succendetur
1572 5191 1725 5262 quasi
1748 5192 1885 5261 ignis
1910 5192 2167 5261 iniquitas
2196 5211 2211 5246 ε

654 5290 707 5333 ct
736 5282 888 5349 quasi
938 5298 1158 5352 gramen
1206 5283 1409 5339 siccum
1464 5285 1813 5339 devorabitur
1854 5285 1921 5339 ab
1973 5286 2114 5353 igne.
2149 5282 2214 5337 Et

655 5371 1007 5426 succendetur
1024 5373 1075 5426 in
1097 5373 1446 5431 densitatihus
1468 5374 1659 5440 saltus,
1672 5382 1725 5429 et
1741 5373 2016 5429 devorabit
2032 5373 2211 5428 omnia

658 5477 777 5529 quia:
809 5462 1011 5517 circum
1035 5464 1196 5519 colles
1222 5474 1367 5520 sunt.
1410 5485 1430 5519 ι
1469 5467 1539 5521 Se
1582 5475 1640 5519 ut
1672 5467 1870 5521 bonum
1904 5466 2208 5520 animarum

661 5553 969 5623 agricolam,
994 5556 1107 5611 haec
1133 5556 1273 5612 factu
1285 5574 1398 5611 rum
1417 5575 1537 5614 esse
1554 5560 1909 5616 comminatur
1931 5560 2208 5623 Dominus;

664 5662 721 5699 ιιι.
746 5646 999 5711 iniquitas
1029 5663 1214 5704 eorum
1256 5649 1496 5705 deleatur
1534 5650 1705 5705 instar
1731 5652 1911 5707 herba:
1948 5650 2213 5706 silvestris

661 5739 725 5789 ab
752 5737 871 5803 igne
895 5737 1203 5808 absumpta.

740 5826 900 5887 Vsus.
942 5828 1124 5887 l9-‘2l.
1166 5849 1183 5884 ι
1211 5830 1431 5902 Propter
1457 5833 1687 5888 furorem
1714 5834 1804 5889 ira:
1834 5833 2037 5891 Domini
2068 5850 2215 5890 com-

2393 5211 2412 5243 (
2453 5192 2560 5245 Kal
2581 5191 2916 5261 καυθήσεται
2945 5190 3019 5254 ὡς
3183 5192 3215 5260 ἡ
3238 5189 3458 5261 ἀνομία,
3489 5192 3582 5243 καὶ
3605 5192 3682 5254 ὡς
3711 5192 3884 5263 ἄγρω-

2318 5301 2433 5347 στις
2471 5283 2609 5356 ξηρὰ
2650 5283 2987 5354 βρωθήσεται
3026 5283 3132 5335 ὑπὸ
3169 5284 3359 5354 πυρός.
3396 5284 3505 5337 Kal
3547 5284 3883 5355 καυθήσεται

2316 5379 2373 5432 ὲν
2403 5381 2515 5442 τοῖς
2543 5378 2729 5437 δάσεσι
2756 5376 2849 5439 τοῦ
2879 5377 3106 5448 δρυμοῦ,
3146 5378 3240 5430 καὶ
3286 5376 3771 5446 συγκαταφάγεται
3814 5379 3885 5432 τά

2318 5468 2498 5539 κύκλῳ
2526 5469 2633 5522 τῶν
2672 5468 2872 5538 βουνῶν
2902 5470 3098 5526 πάντα.
3139 5489 3157 5520 ι
3190 5471 3443 5540 Ποιήσειν
3474 5469 3533 5522 δὲ
3580 5468 3774 5534 ταῦτα,
3809 5470 3883 5534 ὡς

2316 5562 2517 5629 ἀγαθὸς
2542 5559 2728 5631 ψυχῶν
2765 5562 3027 5631 γεωργὸς,
3062 5562 3091 5613 6
3124 5561 3325 5633 Κύριος
3356 5561 3597 5614 ἀπειλεῖ·
3640 5562 3729 5615 ἴνα
3757 5564 3789 5633 ἡ
3826 5563 3882 5616 ὲν

2317 5656 2496 5718 αὐτοῖς
2546 5654 2742 5725 ἀνομία
2786 5653 3056 5725 ἀφανισθῇ
3104 5654 3257 5726 δίκην
3306 5652 3605 5725 ὑλομανοῦς
3656 5654 3879 5725 βοτάνης

2319 5746 2421 5797 ὑπὸ
2456 5744 2623 5815 πυρὸς
2658 5744 3108 5813 ἀναλισκομένης.

2395 5850 2412 5883 ι
2456 5831 2550 5884 Διὰ
2581 5832 2747 5903 θυμὸν
2779 5833 2944 5902 ὀργῆς
2974 5834 3174 5904 Κυρίου
3208 5833 3573 5902 συγκέκαυται
3595 5835 3628 5903 ἡ
3664 5833 3738 5903 γῆ
3767 5831 3880 5901 ὂλνι,
