4090 6430
183 445 282 499 157

178 653 522 725 Ἄνθρωπος
563 651 665 704 τὸν
699 649 925 716 ἀδελφὸν
960 647 1121 700 αὑτοῦ
1155 650 1254 700 οὐκ
1281 650 1506 719 ἐλεήσει·
1541 649 1674 700 ἀλλά
1703 649 1793 698 ἐκ-

175 746 350 798 κλινεί
382 745 472 807 εἰς
506 743 588 796 τά
621 740 796 804 δεξιὰ,
827 740 908 792 ὅτι
946 740 1187 792 πεινάσει
1215 742 1306 792 καὶ
1337 741 1563 808 φάγεται
1598 742 1660 791 ἐκ
1688 740 1795 790 τῶν

173 837 522 908 ἀριστερῶν,
586 835 688 888 καὶ
741 834 803 886 οὑ
853 832 928 903 μὴ
976 832 1262 902 ἐμπλησθῇ
1298 832 1579 904 ἄνθρωπος
1627 831 1796 884 ἔσθων

173 931 269 992 τὰς
303 928 535 1000 σάρκας
572 925 674 979 τοῦ
723 924 1010 996 βραχίονος
1044 923 1230 976 αὑτοῦ.
1267 926 1500 992 Φάγεται
1533 925 1640 996 γὰρ
1675 925 1795 978 Μα-

175 1017 384 1085 νασσῆς
419 1015 525 1068 τοῦ
581 1013 851 1085 Ἐφρατμ,
881 1013 977 1064 καὶ
1013 1011 1252 1082 Ἐφραῒμ
1281 1015 1370 1067 τοῦ
1400 1016 1685 1085 Μανασσῆ,
1716 1018 1796 1069 ὅτι

179 1108 291 1178 ἅμα
321 1106 778 1178 πολιορκήσουσι
809 1104 900 1156 τὸν
937 1102 1162 1156 Ἰούδαν.
1215 1105 1335 1158 Ἐπὶ
1374 1107 1582 1170 τούτοις
1633 1110 1798 1161 πᾶσιν

177 1202 273 1253 οὐκ
307 1201 665 1270 ἀπεστράφη
713 1201 740 1251 ό
786 1197 980 1268 θυμὸς,
1016 1195 1131 1248 ἀλλ’
1170 1196 1249 1250 ἐτι
1299 1201 1329 1268 ἡ
1371 1201 1488 1271 χεὶρ
1528 1199 1728 1271 ὑψηλή.
1778 1219 1794 1250 ι

189 1294 276 1355 Ὧς
309 1291 711 1361 ἐωναπῆναι
751 1287 981 1357 ἀδελφὸν
1028 1285 1276 1357 ἀδελφῷ,
1312 1292 1404 1343 καὶ
1451 1290 1657 1360 μηδένα
1704 1291 1799 1342 τοῦ

181 1385 349 1446 πέλας
383 1383 702 1452 φείσασθαι
730 1400 743 1412 ο
779 1383 990 1443 πάντας
1021 1378 1077 1432 δὲ
1110 1379 1360 1452 ἀλλήλοις
1396 1383 1704 1454 χρήσασθαι
1729 1384 1803 1446 ῶς

182 1478 470 1547 πολεμίοις
494 1494 508 1504 ο
562 1477 757 1539 ὡςέίς
797 1472 1051 1526 τοσοῦτον
1098 1472 1317 1526 ἐλάσειν
1356 1476 1804 1545 ἀναφλεγομένην

183 1572 366 1633 αὺτοῖς
413 1569 522 1640 τὴν
569 1567 711 1639 πρὸς
743 1567 994 1636 ἀλλήλοις
1028 1566 1238 1630 στάσιν,
1276 1570 1372 1621 καὶ
1408 1569 1501 1620 τὸν
1539 1568 1806 1639 ἐμφύλιον

184 1663 445 1732 πόλεμον,
476 1661 562 1724 ὡς
594 1661 689 1714 καὶ
721 1660 817 1722 τάς
840 1658 932 1712 δύο
959 1658 1147 1727 φυλάς,
1171 1660 1277 1730 τὴν
1304 1658 1406 1712 τοῦ
1445 1661 1683 1731 Ἐφραῖμ
1714 1661 1808 1714 καὶ

182 1753 278 1824 τὴν
299 1751 394 1806 τοῦ
422 1751 736 1822 Μανασσῆ,
763 1749 820 1815 ἐξ
854 1749 970 1812 ἐνὸς
1002 1751 1204 1821 πατρὸς
1231 1751 1540 1822 γενομένας
1564 1753 1657 1806 τοῦ
1700 1754 1809 1807 Ἰω-

187 1847 312 1915 σὴφ,
358 1847 471 1898 ὑπὸ
511 1844 620 1913 τὴν
664 1843 834 1913 αὐτὴν
883 1843 1039 1907 δντας
1076 1842 1384 1913 βασιλείαν,
1437 1845 1569 1914 μίαν
1607 1845 1664 1899 δέ
1716 1847 1810 1900 καὶ

185 1940 282 2008 τὴν
309 1938 490 2009 αὐτὴν
545 1936 709 1989 πόλιν
747 1935 1024 1999 οἰκοῦντας
1047 1936 1388 2006 Σαμάρειαν,
1418 1937 1683 2008 ἀλλήλαις
1718 1939 1812 1990 ἐπ-

189 2030 520 2101 αναστῆναι,
553 2030 657 2082 καὶ
681 2029 806 2090 τοὺς
839 2027 1078 2096 ἀλλήλων
1107 2027 1403 2099 βραχίονας
1436 2032 1808 2098 καταφαγεῖν·

193 2124 390 2195 μηκέτι
447 2124 553 2195 μὲν
613 2120 972 2191 σχολάζοντας
1011 2120 1088 2190 τῷ
1131 2119 1274 2173 κατά
1342 2121 1512 2174 Ἰούδα
1569 2123 1809 2192 πολέμῳ,

195 2215 326 2285 μηδὲ
359 2217 431 2286 τῇ
465 2212 772 2284 πολιορκία
801 2212 899 2282 τῆς
937 2212 1315 2292 Ἰερουσαλὴμ,
1352 2211 1477 2263 καθ’
1516 2213 1725 2265 ἑαυτῶν
1756 2213 1812 2265 δὲ

190 2309 581 2378 ἀκονήσαντας
603 2306 674 2358 τά
700 2303 904 2358 ἑαυτῶν
922 2303 1070 2375 ξίφη,
1094 2305 1322 2367 ἑαυτοὺς
1342 2305 1810 2376 διαχειρίσασθαι,

195 2400 285 2453 καὶ
315 2401 379 2465 ἐξ
409 2399 736 2471 ἀνθρώπων
762 2397 1039 2464 ἀφανίσαι.

765 2491 1158 2545 ΚΕΦΔΛΑΙΟΝ
1203 2492 1260 2544 1’.

269 2607 287 2638 r
329 2587 477 2640 Οὐαὶ
517 2587 646 2647 τοῖς
700 2583 971 2654 γράφουσι
1013 2583 1300 2653 πονηρίαν·
1349 2582 1658 2652 γράφοντες
1707 2582 1814 2657 γὰρ

199 2680 474 2750 πονηρίαν
541 2676 875 2748 γράφουσινο
926 2674 1272 2738 ἐκκλίνοντες
1317 2675 1498 2746 κρίσιν
1559 2676 1810 2747 πτωχῶν,

201 2769 553 2841 ἁρπάζοντες
588 2767 772 2837 κρῖμα
795 2765 1042 2836 πενήτων
1063 2763 1157 2817 τοῦ
1187 2762 1322 2817 λαοῦ
1355 2781 1480 2835 μου·
1507 2764 1647 2818 ῶστε
1676 2763 1813 2820 εἶναι

201 2860 387 2923 αὐτοῖς
422 2861 614 2930 χήραν
644 2857 727 2919 είς
756 2854 1084 2926 διαρπαγὴν,
1119 2857 1216 2909 καί
1245 2856 1481 2928 ὀρφανὸν
1514 2858 1593 2921 είς
1623 2876 1815 2928 προνοο

207 2954 331 3024 μήν.
377 2971 397 3003 ι
450 2949 566 3004 Τοῦ
618 2948 956 3018 καλουμένου
987 2943 1082 3001 οὖν
1136 2949 1376 3022 Ἰσραὴλ,
1411 2950 1556 3020 λέγω
1603 2953 1668 3024 δὴ
1721 2955 1814 3007 τοῦ

208 3045 334 3098 λαοῦ
357 3045 478 3098 τῶν
524 3041 803 3096 Ἰουδαίων
836 3042 894 3094 ἐν
930 3041 1217 3114 Σαμαρείᾳ
1247 3041 1688 3114 βασιλευομένου,
1724 3049 1817 3100 καὶ⁸

203 3137 376 3191 ταῦτα
400 3135 550 3208 πρὸς
576 3136 698 3196 τοῖς
721 3132 1009 3204 προτέροις
1039 3135 1068 3185 ὁ
1088 3133 1285 3206 παρὼν
1307 3134 1462 3203 λόγος
1496 3141 1814 3209 κατηγορεῖ,

207 3231 434 3286 φάσκων
475 3225 686 3287 αὐτοὺς
719 3223 857 3295 πρὸς
890 3222 1006 3295 ἔριν
1037 3224 1129 3277 καὶ
1177 3223 1517 3293 φιλονεικίαν
1559 3225 1667 3278 τῶν
1718 3228 1814 3291 τὰς

207 3322 427 3393 ἀληθεῖς
471 3319 576 3373 τοῦ
625 3317 766 3372 Θεοῦ
814 3314 1150 3386 προφητείας
1199 3317 1672 3387 παραγραφόντων
1720 3317 1817 3382 τὰς

209 3409 733 3484 ψευδοπροφητείας
755 3407 1086 3461 συντάττειν.
1111 3402 1298 3461 Ἦσαν
1325 3408 1477 3476 γοῦν,
1509 3404 1651 3480 ἦσαν
1685 3409 1817 3480 ψευ-

210 3507 554 3576 δοπροφῆται
607 3503 876 3566 πλεῖστοι,
924 3502 1038 3555 ὅσοι
1087 3503 1143 3554 ἐν
1199 3501 1277 3572 τῷ
1341 3503 1557 3574 Ἰσραὴλ
1602 3505 1818 3559 ἐναντία

213 3599 607 3670 φθεγγόμενοι,
643 3595 741 3649 καὶ
766 3594 984 3648 ἐναντία
1014 3594 1317 3665 γράφοντες
1346 3599 1455 3656 τοῖς
1479 3597 1703 3668 ἀληθέσι
1724 3597 1819 3652 τοῦ

212 3690 344 3744 θεοῦ
367 3690 717 3762 προφήταις.
749 3687 812 3738 υἱ
834 3685 888 3739 δὲ
906 3686 1060 3739 αὐτοὶ
1079 3688 1173 3740 καὶ
1194 3687 1516 3759 συγγραφὰς
1541 3689 1822 3746 ἐποιοῦντο

215 3784 594 3856 παρανόμους,
640 3780 740 3835 καὶ
783 3779 966 3850 πάσης
1011 3781 1276 3851 πονηρίας
1313 3783 1544 3852 μεστάς·
1585 3783 1822 3856 πένητας

213 3877 461 3947 οἰκτροὺς
489 3871 988 3935 κατεδυνάστευον,
1015 3871 1320 3944 βιαζόμενοί
1349 3891 1405 3926 τε
1437 3875 1820 3930 ἐπλεονέκτουν

215 3967 627 4038 ἀπεριστάτους
672 3965 944 4036 ὀρφανοὺς
975 3965 1068 4016 καὶ
1113 3966 1308 4034 χήρας.
1355 3966 1643 4030 Τοιούτους
1682 3967 1725 4020 δ’
1755 3966 1820 4022 ἂν

213 4059 385 4124 εἴποις
412 4059 514 4114 καὶ
547 4057 687 4118 τοὺς
714 4054 803 4108 διὰ
846 4055 1137 4127 μοχθηρῶν
1171 4057 1623 4128 συγγραμμάτων
1654 4059 1820 4111 είσέτι

217 4153 305 4206 καὶ
330 4153 429 4206 νῦν
453 4147 898 4219 διαστρέφοντας
927 4147 1034 4199 τῶν
1062 4149 1465 4222 άκεραιοτέρων
1487 4150 1585 4214 τὰς
1620 4149 1817 4220 ψυχάς,

288 4263 308 4297 ι
352 4244 467 4298 Καὶ
494 4242 551 4295 τί
587 4241 912 4311 ποιήσουσιν
937 4242 995 4294 ἐν
1034 4243 1100 4311 τῇ
1136 4242 1319 4313 ἡμέρα
1348 4243 1444 4314 τῆς
1478 4245 1817 4314 ἐπισκοπῆςς

219 4339 251 4408 ἡ
277 4338 384 4410 γὰρ
416 4337 612 4406 θλίψις
642 4335 775 4404 ὑμῖν
804 4333 1086 4405 πόρρωθεν
1111 4334 1249 4404 ἥξει.
1284 4337 1394 4390 Καὶ
1419 4337 1554 4407 πρὸς
1576 4337 1695 4392 τίνα
1729 4354 1822 4390 κα-

215 4430 556 4499 ταφεύξεσθε
577 4427 678 4480 τοῦ
706 4425 1070 4497 βοηθηθῆναι;
1101 4430 1195 4481 καὶ
1221 4427 1322 4482 ποῦ
1347 4429 1701 4498 καταλείψετε
1723 4428 1821 4502 τὴν

216 4522 363 4590 δόξαν
382 4523 572 4595 ὑμῶν,
597 4519 698 4573 τοῦ
723 4519 797 4590 μὴ
814 4521 1076 4590 ἐμπεσεῖν
1103 4523 1182 4585 είς
1207 4522 1542 4594 ἀπαγωγήν;
1579 4543 1596 4574 ι
1642 4524 1822 4581 Ἀπει-

1193 435 1693 494 (ΙΟΜΜΕΝΤᾹΒΙΔ
1735 433 1798 488 IN
1841 428 2097 485 ISAIAM.
2142 454 2208 466 -—
2246 419 2398 476 CAP.
2442 413 2508 468 Χ.

173 563 265 615 καὶ
319 559 492 612 ἔσται
546 561 580 612 ὁ
636 558 768 619 λαὸς
809 556 883 618 ὠς
932 558 1408 625 κατακεκαυμένος
1456 557 1559 608 ὑπὸ
1602 555 1792 626 πυρός.
1826 558 1870 612 Α
1901 551 2056 599 busta

3380 395 3483 452 158

2094 553 2177 596 est
2207 539 2461 592 universa
2499 538 2665 587 terra,
2685 532 2739 577 et
2768 521 2876 575 erit
2917 515 3146 587 populus
3174 511 3327 582 quasi
3362 524 3486 564 suc-

1899 652 2092 692 census
2115 635 2182 686 ab
2212 633 2354 700 igne.
2392 625 2562 678 Homo
2588 617 2776 671 fratris
2802 614 2885 666 sui
2930 624 3038 663 non
3091 602 3438 659 miserebitur
3471 616 3486 653 :

1898 732 1992 785 sed
2029 723 2323 780 declinabit
2353 718 2419 771 ad
2451 717 2758 771 dexteram,
2795 704 2920 774 quia
2955 701 3178 760 esuriet,
3215 707 3269 749 et
3300 707 3484 749 conte-

1898 820 1985 872 det
2010 833 2038 871 a
2080 812 2337 873 sinistris,
2373 816 2559 860 etnon
2599 797 2938 854 saturabitur
2985 792 3147 845 homo
3193 785 3486 840 comedens

1897 923 2093 967 carnes
2170 899 2376 958 brachii
2455 895 2558 948 sui.
2634 885 2932 944 Devorabit
2987 883 3134 935 enim
3209 875 3487 930 Manasses

1901 998 2179 1072 Epltraim,
2216 1007 2273 1048 et
2301 988 2561 1060 Ephraim
2613 983 2926 1040 Manassen,
2967 973 3094 1044 quia
3130 967 3290 1024 simul
3343 963 3489 1018 obsi-

1900 1060 2102 1148 debuut
2127 1088 2346 1142 ludam.
2390 1085 2448 1136 In
2481 1080 2564 1132 his
2597 1073 2849 1131 omnibus
2882 1085 2989 1122 non
3024 1077 3218 1120 aversa
3257 1071 3340 1115 est
3369 1060 3448 1111 ira
3471 1095 3490 1120 ,

1902 1188 1994 1240 sed
2028 1185 2204 1238 adhuc
2243 1191 2436 1231 manus
2467 1171 2708 1226 excelsa.
2756 1185 2775 1218 ι
2811 1165 2888 1218 Ita
2931 1171 2989 1215 ut
3021 1160 3268 1226 insurgat
3320 1153 3490 1205 frater

1905 1279 1957 1332 in
1983 1279 2228 1334 fratrem,
2266 1285 2330 1323 ac
2369 1279 2528 1320 nemo
2563 1260 2811 1330 proximo
2843 1270 2942 1311 suo
2991 1259 3182 1320 parcat
3216 1265 3230 1300 :
3266 1257 3489 1300 omnes-

1905 1385 2013 1440 que
2043 1376 2226 1420 ntutuo
2259 1368 2426 1430 agant
2449 1367 2508 1411 ut
2544 1353 2747 1409 inimici
2767 1391 2781 1415 ,
2809 1351 2883 1404 ita
2912 1357 2970 1400 ut
2996 1353 3185 1401 coorta
3215 1349 3269 1394 et
3296 1338 3496 1391 ardens

1909 1435 2053 1514 inter
2105 1465 2365 1522 utrosque
2424 1448 2646 1510 seditio,
2688 1454 2742 1496 et
2775 1439 2938 1496 civile
2998 1435 3199 1492 bellum
3228 1445 3293 1484 eo
3323 1440 3497 1496 usque

1907 1551 2107 1614 veniat,
2136 1557 2195 1601 ut
2216 1547 2334 1599 dum
2363 1543 2466 1595 illa;
2507 1537 2679 1592 tribus
2705 1531 2960 1603 Ephraim
2991 1538 3047 1582 et
3080 1523 3386 1584 Manasses,
3427 1530 3496 1570 ex

1911 1658 2018 1698 uno
2046 1652 2198 1711 patre
2219 1636 2421 1706 Joseph
2443 1644 2603 1694 orta,
2634 1643 2701 1682 ac
2749 1624 2850 1680 sub
2875 1622 3066 1677 eodem
3096 1627 3262 1684 regno
3292 1612 3497 1711 degen-

1913 1748 2013 1797 tes,
2043 1745 2205 1802 atque
2237 1745 2401 1784 unam
2428 1723 2793 1790 eamdemque
2824 1715 3014 1769 urbem
3072 1705 3374 1764 incolentes
3397 1699 3500 1755 Sa-

1915 1825 2168 1887 mariam,
2192 1832 2382 1877 contra
2419 1833 2479 1872 se
2514 1824 2700 1869 mutuo
2741 1811 3047 1878 insurgant,
3076 1817 3140 1856 ac
3170 1795 3395 1854 brachia
3417 1793 3500 1847 in-

1846 1907 1884 1961 Β
1915 1920 2085 1972 vicem
2114 1916 2396 1977 devorent,
2431 1909 2572 1964 bello
2597 1914 2788 1961 contra
2818 1899 3014 1956 ludam
3073 1892 3377 1954 inferendo,
3435 1899 3504 1940 ac

1912 2009 2178 2065 obsidioni
2209 2003 2618 2072 Hierosolyma,
2638 2012 2742 2051 non
2771 1994 2909 2049 ultra
2929 1998 3210 2048 vacantes,
3239 1981 3337 2039 sed
3363 1994 3502 2034 con-

1916 2117 1999 2158 tra
2030 2119 2088 2158 se
2120 2112 2307 2155 mutuo
2328 2098 2537 2170 gladios
2564 2102 2846 2154 acuentes,
2872 2097 2930 2143 ut
2949 2101 3010 2142 se
3035 2081 3346 2139 vulneribus
3370 2092 3505 2133 cou-

1915 2197 2099 2252 ﬁeiant
2121 2209 2184 2248 ac
2203 2193 2438 2248 deleant.

2531 2479 2764 2540 CAPUT
2803 2477 2874 2536 Χ.

1990 2597 2153 2651 Vstts.
2194 2592 2314 2649 1-2.
2374 2609 2394 2644 ι
2435 2590 2528 2646 γε
2581 2583 2952 2644 scribentibus
3002 2577 3317 2633 malitiam:
3377 2585 3506 2627 nam

1915 2690 2240 2750 scribentes,
2275 2684 2539 2740 malitiam
2559 2679 2848 2735 scribunt:
2880 2672 3216 2728 declinantes
3241 2667 3508 2739 judicium

1919 2795 2239 2850 pauperum,
2279 2777 2552 2846 rapientes
2581 2770 2845 2840 judicium
2884 2766 3106 2834 inopum
3141 2759 3326 2832 populi
3352 2757 3459 2814 mei
3488 2776 3506 2823 ;

1918 2873 1990 2926 ita
2025 2883 2083 2925 ut
2112 2871 2181 2925 sit
2218 2869 2324 2925 illis
2364 2867 2528 2922 vidua
2556 2867 2610 2920 in
2655 2862 2922 2932 rapinam,
2947 2865 3002 2910 et
3022 2854 3306 2923 orphanus
3337 2852 3389 2905 in
3420 2851 3507 2905 di-

1921 2965 2245 3030 reptionem.
2282 2979 2300 3013 ι
2339 2959 2492 3014 lllum
2527 2956 2786 3012 lsraelem
2820 2951 3055 3013 dictum,
3101 2945 3356 3000 videlicet
3409 2938 3508 2997 Ju-

1920 3057 2134 3111 daicum
2163 3052 2418 3124 p0pnlum
2467 3063 2634 3121 regno
2678 3041 2950 3100 Samaria:
2987 3039 3287 3101 subditum,
3317 3037 3384 3092 de
3425 3035 3515 3091 his

1921 3150 2072 3211 item,
2113 3156 2308 3217 prater
2338 3158 2402 3198 ea
2431 3157 2551 3212 qua:
2579 3137 2831 3209 superius
2883 3142 3184 3191 memorata
3209 3138 3357 3193 sunt,
3411 3141 3510 3183 ac-

1921 3250 2074 3296 cusat
2105 3238 2414 3307 Scriptura,
2446 3233 2657 3295 dicens,
2684 3245 2779 3284 eos
2802 3231 2871 3284 ob
2888 3225 3289 3283 contentionem
3306 3231 3364 3277 et
3390 3219 3511 3275 dis-

1921 3331 2283 3400 ceptationem
2334 3341 2548 3390 eorum,
2575 3323 2669 3394 qui
2700 3336 2858 3377 veras
2889 3319 2982 3375 Dei
3009 3314 3323 3388 prophetias
3357 3311 3514 3367 adul-

1923 3423 2196 3486 terabant,
2235 3418 2372 3472 falsa
2408 3415 2667 3470 vaticinia
2699 3409 3067 3468 comminisci.
3107 3407 3274 3460 Erant
3302 3406 3509 3473 itaque,

1922 3523 2080 3570 erant
2128 3510 2621 3582 pseudopropheta:
2669 3505 2846 3571 multi,
2898 3506 2950 3558 iu
2986 3501 3186 3558 Israele
3234 3497 3512 3553 contraria

1921 3607 2205 3677 loquentes
2237 3613 2290 3659 et
2313 3603 2590 3658 contraria
2645 3599 2951 3653 scribentes
3001 3595 3089 3658 iis,
3125 3608 3244 3662 qua:
3274 3590 3384 3645 veri
3416 3587 3511 3643 Dei

1923 3699 2202 3768 propheta:
2238 3695 2544 3749 tradebant.
2575 3690 2742 3744 Iidem
2777 3702 2907 3743 vero
2940 3685 3040 3754 ipsi
3066 3685 3268 3752 scripta
3303 3679 3514 3735 nefaria

1922 3790 2177 3852 edebant,
2207 3796 2262 3842 et
2285 3785 2438 3840 omni
2484 3782 2841 3853 improbitate
2883 3778 3088 3836 referta
3126 3793 3140 3830 :
3177 3777 3228 3828 itt
3281 3774 3518 3827 miseros

1921 3895 2191 3952 pauperes
2227 3877 2563 3933 dominatum
2600 3875 2955 3936 exercebant,
3009 3886 3072 3926 ac
3122 3868 3390 3924 violenter
3417 3881 3514 3920 su-

1923 3972 2202 4040 perbeque
2233 3970 2467 4038 agebant
2496 3967 2548 4020 in
2577 3967 2854 4034 orphauos
2883 3972 2938 4017 et
2969 3961 3162 4015 viduas
3213 3957 3517 4028 patrocinio

1922 4075 2197 4121 carentes.
2237 4061 2397 4117 Tales
2420 4063 2547 4116 item
2580 4061 2790 4116 dixeris
2813 4076 2928 4124 eos,
2969 4058 3061 4127 qui
3096 4057 3259 4112 hodie
3295 4069 3518 4126 perver-

1923 4160 1999 4213 sis
2030 4156 2251 4226 scriptis
2283 4153 2676 4224 simpliciorum
2709 4151 2922 4206 animas
2953 4160 3226 4204 evertunt.

1996 4247 2162 4302 Vsus.
2197 4246 2318 4300 5-4.
2359 4262 2379 4296 ι
2419 4244 2483 4299 Et
2504 4245 2632 4314 quid
2659 4243 2864 4297 facient
2896 4242 2947 4296 in
3003 4242 3091 4295 die
3135 4236 3514 4294 visitationisf

1922 4357 2052 4397 nam
2079 4341 2352 4394 tribulatio
2392 4339 2544 4394 vobis
2576 4353 2605 4391 e
2631 4337 2923 4408 longinquo
2955 4335 3153 4390 veniet.
3183 4333 3246 4387 Et
3269 4333 3334 4386 d
3361 4331 3516 4403 cujus

1923 4433 2188 4490 auxilium
2241 4430 2605 4500 coufugietis?
2638 4427 2696 4483 Et
2759 4428 2848 4482 ubi
2911 4427 3230 4496 relinquetis
3280 4423 3510 4496 gloriam

1922 4539 2186 4591 vestram,
2222 4541 2288 4580 ne
2310 4527 2518 4579 cadatis
2551 4526 2600 4578 in
2627 4519 3046 4578 abtluctionemf
3077 4539 3094 4572 ι
3133 4517 3514 4574 Cumminatnr

219 4613 296 4668 λεῖ
317 4617 497 4671 τοίνυν
527 4612 770 4675 ἐκείνοις
795 4613 820 4664 ὁ
845 4613 1182 4684 προφητικὸς
1205 4614 1360 4683 λόγος
1387 4616 1633 4685 φάσκων’
1663 4639 1680 4668 ι
1707 4617 1813 4671 Καὶ

1924 4636 2060 4692 ergo
2097 4621 2164 4674 iis
2191 4619 2539 4690 propheticus
2586 4630 2766 4670 sermo
2817 4616 3047 4669 dicens:
3088 4630 3107 4663 ‹
3148 4610 3214 4663 Ει
3242 4609 3371 4678 quid
3427 4607 3510 4662 fa-

217 4709 266 4761 τί
294 4710 624 4781 ποιήσουσιν
657 4705 717 4758 ἐν
747 4707 812 4776 τῇ
846 4704 1028 4776 ἡμέρᾳ
1042 4705 1141 4775 τῆς
1159 4707 1519 4778 ἐπισκοπῆς,ι
1541 4707 1668 4762 καθ’
1695 4711 1761 4781 ἢν
1791 4712 1824 4783 ἡ

222 4800 394 4871 θλίψις
422 4803 524 4855 καὶ
554 4800 591 4869 ἡ
625 4797 772 4851 κατά
798 4797 1004 4851 τούτοιν
1033 4799 1171 4872 ὀργὴ
1199 4799 1482 4874 πόρρωθεν
1508 4801 1631 4873 ἣξει
1654 4820 1668 4867 ;
1703 4806 1824 4859 Ma-

223 4893 362 4965 κράν
387 4893 502 4965 γὰρ
535 4887 712 4946 οὖσαν
748 4890 918 4961 αὑτήν
939 4907 1094 4962 φησι,
1123 4891 1211 4946 διά
1242 4893 1304 4945 τὸ
1333 4893 1740 4950 ἀπελαύνεσθαι
1769 4897 1827 4964 ἐξ

220 4984 355 5057 ἐμοῦ
373 4985 466 5038 τοῦ
486 4985 650 5038 Θεοῦ’
667 4983 844 5054 ὑμεῖς,
863 4976 909 5036 ὦ
937 4980 1103 5047 οὗτοι,
1121 4986 1253 5056 πρὸς
1271 4984 1362 5048 οὓς
1379 4987 1552 5042 ταῦτα
1586 4988 1825 5058 λέγεται,

220 5078 410 5148 ὥσπερ
446 5077 767 5148 βιαζόμενοι
809 5076 930 5129 καθ’
965 5078 1171 5130 ἑαυτῶν
1203 5079 1370 5150 αὐτὴν
1403 5081 1820 5136 ἐπεσπάσασθε’

220 5166 290 5242 ἧς
321 5168 681 5240 ἐπελθούσης,
713 5168 806 5220 ἐπὶ
834 5169 954 5223 τίνα
986 5170 1386 5239 καταφεύξεσθε
1407 5171 1506 5226 τοῦ
1539 5173 1823 5245 βοηθηθῆ-

221 5280 339 5326 ναι;
394 5282 415 5315 ι
458 5263 587 5316 Ἐπὶ
618 5262 759 5314 πᾶσι
802 5261 1014 5326 τούτοις
1052 5263 1151 5316 οὑκ
1199 5264 1525 5335 ἀπεστράφη
1564 5269 1600 5338 ἠ
1649 5269 1818 5339 ὀργή·

223 5357 335 5412 ἀλλ’
362 5357 444 5410 ἔτι
477 5358 511 5426 ὴ
540 5354 669 5426 χεὶρ
703 5353 905 5424 ὑψηλή.
942 5375 960 5406 ι
1004 5356 1396 5425 Ἐπιμενόντων
1422 5357 1535 5429 γάρ
1567 5361 1688 5424 τοῖς
1723 5362 1822 5413 αὐ-

221 5452 330 5513 τοῖς
365 5450 546 5518 ἀτοπή
556 5463 698 5518 μασι
725 5445 835 5498 τῶν
867 5445 954 5498 διὰ
984 5447 1074 5500 τοῦ
1105 5447 1260 5518 λόγου
1289 5452 1822 5524 κατηγορουμένων,

223 5539 513 5593 ἀκόλουθον
539 5533 614 5608 ἦν
644 5536 744 5590 καὶ
763 5537 862 5606 τὴν
885 5539 1000 5590 κατ’
1025 5538 1195 5595 αὐτῶν
1222 5539 1550 5613 παράμονον
1569 5541 1826 5610 γίνεσθαι

223 5635 403 5711 ὁρτήν.

289 5754 309 5785 σ
339 5735 478 5789 οὐαὶ
524 5729 862 5800 Ἀσσυρίοις,
897 5729 927 5797 ἡ
963 5726 1141 5796 ῥάϐδος
1183 5729 1282 5783 τοῦ
1335 5727 1526 5802 θυμοῦ
1563 5747 1692 5801 μου⁹
1729 5732 1823 5784 καὶ

224 5825 345 5898 ὀργή
381 5832 537 5882 ἐστιν
566 5829 631 5878 ἐν
659 5826 779 5885 ταῖς
808 5821 985 5891 χερσὶν
1008 5820 1206 5875 αὐτῶν.
1240 5826 1360 5896 Τὴν
1394 5827 1576 5895 ὀργήν
1609 5843 1710 5895 μου
1745 5828 1824 5888 είς

223 5917 354 5984 ἔθνος
406 5921 620 5988 ἄνομον
669 5911 960 5973 ἀποστελῶ,
1005 5915 1092 5965 ναὶ
1138 5915 1218 5976 τῷ
1266 5914 1387 5985 λαῷ
1428 5915 1549 5986 ξξυῖ»
1586 5916 1824 5980 συντάξμ

1923 4717 2072 4770 cient
2111 4713 2162 4767 in
2195 4713 2284 4766 die
2309 4710 2660 4776 visitationis,
2699 4729 2716 4762 ι
2747 4725 2853 4780 qua
2886 4707 3165 4761 tribulatio
3196 4716 3249 4758 et
3285 4705 3363 4758 ira
3393 4719 3513 4773 pro-

1925 4806 2010 4861 cul
2047 4806 2176 4876 ipsis
2199 4805 2416 4859 veniet?
2447 4803 2580 4858 Nam
2606 4818 2730 4856 cum
2760 4816 2824 4856 ea
2870 4799 3058 4870 procul
3090 4797 3342 4861 exsistat,
3385 4795 3510 4863 quia

1927 4901 2043 4966 ipsa
2079 4915 2109 4953 a
2140 4915 2224 4953 me
2253 4897 2365 4952 Deo
2393 4897 2672 4952 eliminata
2705 4904 2826 4960 est;
2854 4910 2952 4948 vos
2985 4906 3137 4958 sane,
3171 4890 3372 4962 quibus
3397 4889 3514 4942 haec

1928 4993 2205 5057 dicuntur,
2235 4992 2389 5061 quasi
2427 4992 2478 5044 vi
2520 4999 2739 5044 utentes
2781 4997 2976 5043 contra
3006 4999 3103 5040 vos
3163 4987 3330 5052 ipsos,
3388 4996 3510 5033 eam

1929 5085 2269 5140 attraxistis:
2310 5099 2416 5154 qua
2451 5080 2894 5153 superveniente,
2940 5079 3008 5134 ad
3054 5076 3213 5148 cujus
3250 5073 3514 5130 auxilium

1929 5177 2300 5250 confugiens?
2335 5196 2353 5228 ι
2388 5176 2564 5245 Super
2615 5176 2700 5230 bis
2747 5173 2999 5228 omnibus
3035 5185 3140 5226 non
3177 5182 3374 5223 aversa
3428 5172 3517 5218 est

1931 5271 2050 5334 ira;
2079 5272 2172 5325 sed
2201 5271 2378 5324 adhuc
2403 5283 2593 5323 manus
2625 5267 2860 5322 excelsa.
2888 5286 2906 5319 ι
2926 5266 3059 5320 Nam
3091 5264 3157 5317 iis
3173 5262 3264 5331 qui
3290 5261 3341 5313 in
3371 5273 3514 5328 puc-

1931 5362 2070 5417 scuti
2101 5373 2451 5424 accusantur,
2482 5362 2669 5417 eadem
2697 5360 2750 5414 in
2782 5359 3121 5414 absurditate
3150 5351 3516 5426 permanenti-

1937 5454 2057 5519 bus,
2079 5469 2421 5524 consequens
2444 5463 2584 5514 erat,
2623 5462 2681 5504 ut
2712 5453 2792 5507 ira
2819 5463 3035 5523 quoque
3072 5455 3438 5518 permaneret.

2004 5727 2169 5782 Vsus.
2195 5726 2311 5783 5-6.
2342 5745 2361 5778 ι
2398 5727 2488 5781 Va:
2513 5727 2780 5796 Assyriis,
2819 5727 2983 5794 virgae
3034 5721 3234 5775 furoris
3270 5717 3371 5772 mei
3407 5734 3419 5769 :
3453 5727 3510 5771 et

1936 5823 2017 5877 ira
2054 5833 2139 5875 est
2174 5823 2226 5875 in
2260 5820 2506 5876 manibus
2539 5834 2749 5873 eorum.
2786 5819 2924 5871 Iram
2979 5826 3152 5867 meam
3190 5811 3241 5864 in
3291 5818 3506 5878 gentem

1941 5913 2178 5982 iniquam
2207 5911 2436 5975 mittam,
2466 5918 2510 5965 et
2544 5908 2738 5976 populo
2777 5922 2894 5964 utco
2925 5901 3231 5972 pt‘azcipiam
3263 5908 3318 5953 ιιι
3344 5895 3507 5950 faciat
