4090 6414
614 402 714 459 159

610 623 881 682 ponateas
908 611 959 664 io
986 612 1282 678 pulverem.
1316 626 1333 656 ι
1367 607 1442 658 Ad
1470 606 1582 658 haec
1608 618 1775 671 usque
1808 598 2175 671 perseveravit

611 702 886 756 accusatio
910 688 1127 769 populi;
1166 708 1496 768 postquam,
1542 702 1937 762 consequenter
1968 692 2035 745 ad
2076 690 2177 744 mi-

611 808 708 845 nas
742 808 770 844 a
804 792 1086 862 prophetia
1122 790 1447 852 enuntiatae,
1484 802 1588 839 non
1622 786 1714 839 diu
1741 784 1944 855 Assyrii
1973 784 2173 836 irrum-

612 893 803 951 pentes
836 882 1130 937 Samariam
1156 880 1425 941 obsident,
1450 888 1501 933 et
1533 888 1699 931 totam
1736 878 1969 945 ipsorum
2002 874 2178 943 regio-

616 990 739 1028 nem
768 973 1180 1042 depopulantur,
1218 985 1520 1039 novemque
1542 969 1778 1023 Judaicac
1801 967 1977 1036 gentis
2005 966 2179 1019 tribus

619 1067 674 1120 in
706 1065 1045 1135 Assyriorum
1065 1072 1263 1115 terram
1289 1063 1527 1129 captivas
1550 1060 1842 1114 abducunt.
1871 1057 1999 1111 Post
2022 1071 2179 1110 enare

620 1168 788 1212 ratam
820 1173 945 1226 ergo
969 1155 1150 1224 populi
1182 1156 1344 1208 Israel
1382 1154 1509 1208 dicti
1554 1151 1941 1220 captivitatem,
1986 1148 2051 1201 ad
2086 1162 2179 1201 eos

622 1250 710 1318 qui
735 1249 787 1303 in
810 1247 1171 1316 captivitatem
1188 1245 1519 1299 abduxerant
1542 1257 1718 1298 sermo
1742 1239 2089 1295 transfertur.
2116 1239 2180 1293 Hi

620 1354 785 1410 porro
808 1350 965 1392 erant
991 1338 1219 1409 Assyrii,
1262 1336 1456 1405 quibus
1489 1336 1603 1389 haec
1640 1335 1924 1404 praesentia
1952 1333 2182 1387 commi-

1271 388 1538 449 susse"
1576 382 2055 446 casameums
2090 382 2240 440 ore.
2282 342 2462 437 mtas
2497 378 2588 435 tu.
2628 408 2697 420 —
2735 366 3146 429 EXEGETICA.

610 524 779 593 spolia
814 532 868 575 et
891 517 1383 588 depopulationem,
1412 525 1466 569 et
1494 515 1780 568 conculcet
1820 512 2087 575 civitates,
2115 516 2172 565 et

2302 507 2501 577 ποιῆσαι
2543 501 2715 557 σκῦλα
2755 498 2849 551 καὶ
2886 489 3185 565 προνομὴν,
3234 483 3328 538 καὶ

3746 348 3855 406 100

3369 477 3707 534 καταπατεῖν
3751 474 3855 536 τὰς

2278 566 2483 662 πόλεις,
2512 596 2606 649 καὶ
2634 593 2804 647 θεῖναι
2836 586 3006 646 αὑτὰς
3038 583 3118 643 εἱς
3151 574 3443 646 κονιορτόν.
3477 591 3496 623 ι
3533 569 3711 639 Μέχρι
3736 566 3857 662 ’γὰρ

2276 687 2383 741 τῶν
2413 658 2824 759 προειρημένων
2851 677 2980 745 ἔστη
3002 673 3070 726 τὰ
3098 671 3197 740 τῆς
3218 667 3311 721 τοῦ
3334 661 3461 717 λαοῦ
3483 658 3818 759 κατηγορίας
3836 695 3855 724 ,

2282 777 2399 847 μεθ’
2439 747 2503 848 ἦν
2535 747 2843 833 ἀκολούθως
2864 769 2981 829 ’τοῖς
3013 762 3103 818 διὰ
3128 761 3227 830 τῆς
3260 752 3595 829 προφητείας
3623 747 3857 848 seeae-

2283 840 2481 941 μένοις..
2518 869 2617 922 οὐκ
2645 868 2723 929 εἰς
2752 859 2969 935 μακρὰν
2998 852 3279 927 πόρρωθεν
3300 847 3617 907 ἐπιστάντες
3663 840 3858 941 ’βησό-

2284 976 2408 1031 ριοι,
2444 955 2790 1028 πολιορκοῦσι
2816 952 2915 1024 τὴν
2942 947 3274 1019 Σαμάρειαν,
3304 941 3399 995 καὶ
3428 941 3606 992 πᾶσαν
3633 934 3734 1004 τὴν
3757 930 3861 1003 χώ-

2285 1067 2382 1122 ραν
2425 1026 2872 1120 αὑτῶνδῃοῦσιν,
2913 1040 3040 1101 ὅλας
3073 1054 3132 1090 τε
3175 1034 3333 1089 ἐννέα
3377 1030 3549 1102 φυλὰς
3583 1026 3677 1081 τοῦ
3722 1027 3857 1079 Ἰου-

2279 1117 2443 1194 δαίων
2489 1117 2682 1200 ἐθνους⁷
2722 1130 3096 1205 αἰχμαλώτους
3144 1127 3222 1189 είς
3259 1123 3361 1193 τὴν
3417 1117 3715 1190 Ἀσσυρίων
3752 1117 3861 1169 ἀπ-

2283 1233 2492 1301 άγουσι.
2519 1227 2671 1283 Μετὰ
2693 1224 2784 1280 οὖν
2808 1226 2908 1296 τὴν
2926 1221 3020 1275 τοῦ
3036 1218 3166 1272 λαοῦ
3185 1214 3279 1271 τοῦ
3296 1213 3461 1268 καλου
3470 1212 3629 1283 μένου
3645 1206 3861 1301 Ἰσραὴλ

2282 1299 2654 1394 αίχμαλωσίαν
2701 1318 2730 1370 6
2760 1316 2915 1385 λόγος
2951 1308 3260 1383 μεταϐαίνει
3302 1306 3397 1359 ἐπὶ
3428 1304 3553 1394 τοὺς
3583 1299 3864 1394 αἰχμαλω-

620 1388 780 1410 ττ---
815 1388 1219 1409 --ν--ν---η---ν
1270 1388 1377 1405 τί
1438 1388 1450 1390 τ
1642 1388 1661 1404 τ
1764 1388 1769 1389 ν

620 1440 800 1485 natur.
826 1430 976 1496 Quod
1008 1441 1206 1491 autem,
1241 1442 1363 1480 cum
1402 1427 1517 1480 haec
1573 1426 1907 1486 dicerentur,
1938 1424 2049 1493 jam
2094 1438 2185 1493 po-

2302 1388 2599 1477 ςεόσαντας.
2627 1407 2809 1466 Ἶίσαν
2831 1408 2887 1461 δέ
2911 1400 3056 1461 οὗτοι
3100 1400 3396 1471 ’Δσσύριοι,
3438 1392 3519 1460 οἷς
3539 1393 3607 1448 τά
3636 1388 3863 1465 προκεί-

619 1481 1132 1593 ίζῇιᾷειῐρξέεέτίῑε
1154 1481 1444 1573 translatus
1460 1528 1513 1573 et
1540 1517 1788 1571 Samaria
1813 1481 2034 1571 obsessa
2055 1481 2184 1569 fdis-

2302 1523 2423 1560 ιενα
2454 1504 2683 1558 ἀπειλεῖ.
2716 1503 2837 1555 Ὅτι
2867 1499 2923 1552 δὲ
2950 1496 3165 1567 ἀπῆκτο
3188 1492 3293 1546 ὑπὸ
3333 1487 3634 1559 Ἀσσυρίων
3662 1486 3691 1537 ό
3712 1481 3859 1545 λαὸς,

622 1623 724 1676 set,
772 1613 898 1667 hinc
939 1576 1116 1683 paiam
1162 1618 1265 1673 est,
1314 1608 1456 1678 quod
1486 1609 1681 1663 ibidem
1713 1621 1778 1661 ex
1834 1608 2181 1677 Assyriorum

2302 1600 2379 1652 cal.
2410 1596 2811 1668 πεπολίορκητο
2843 1594 2875 1663 ἡ
2921 1588 3225 1660 Σαμάρεια,
3257 1585 3347 1637 ὅτε
3375 1580 3445 1633 τὰ
3489 1578 3627 1640 μετά
3673 1576 3865 1683 χεῖρες

533 1692 537 1693 ί
621 1667 764 1774 regis
794 1667 1024 1773 persona
1070 1667 1298 1765 dicatur,
1330 1667 1365 1752 ἰ
1395 1699 1524 1769 Cepi
1564 1700 1847 1761 Arabiam,
1888 1667 1958 1751 et.
1991 1697 2185 1750 Dama-

2302 1691 2522 1760 ελέγετο,
2550 1667 2706 1760 δῆλον
2744 1684 2999 1755 τυγχάνει
3045 1684 3109 1734 ὲκ
3149 1676 3244 1731 τοῦ
3288 1672 3543 1742 λέγεσθαι
3574 1672 3632 1723 ἐν
3680 1667 3878 1774 αὐτοῖς,

630 1809 783 1849 scum
835 1804 886 1849 et
941 1791 1763 1861 Samariantzquemadmodum
1819 1788 1959 1855 illas,
2008 1788 2088 1843 sic
2131 1797 2187 1842 et

2302 1800 2351 1836 εκ
2385 1757 2675 1853 προσώπου
2714 1777 2806 1830 τοῦ
2836 1774 2945 1829 τῶν
2988 1769 3285 1841 Ἀσσυρίων
3315 1763 3609 1836 βασιλέως
3644 1778 3663 1812 t
3700 1757 3877 1811 Ἔλα-.

621 1899 809 1940 omnes
860 1886 1190 1955 principatus
1237 1884 1478 1951 capiam;
1521 1898 1540 1933 ι
1567 1896 1634 1937 ac
1670 1894 1900 1945 rursum,
1931 1898 1951 1931 ι
1989 1878 2188 1945 Quem-

2302 1874 2381 1929 5ον
2420 1851 2679 1945 ’Ἀραϐίαν
2708 1871 2803 1927 καὶ
2838 1864 3126 1939 Δαμασκὸν
3154 1862 3247 1915 καὶ
3272 1858 3582 1931 Σαμάρειαν
3606 1872 3619 1885 ·
3649 1854 3710 1907 ὃν
3741 1851 3871 1923 τρό-

621 1974 909 2027 adumdum
973 1972 1076 2028 feci
1137 1972 1416 2033 Samaria,
1461 1980 1515 2025 et
1561 1969 1813 2025 omnibus
1860 1970 2185 2025 ntanul‘actis

622 2065 765 2133 ejus,
792 2065 868 2120 sic
892 2066 1083 2119 faciam
1117 2063 1487 2134 Jerosolymte.
1531 2082 1550 2115 ι
1584 2062 1752 2117 Docet
1776 2069 1959 2116 autem
2016 2062 2187 2117 histo-

627 2157 707 2209 ria
740 2156 791 2209 in
824 2157 1012 2211 diebus
1040 2156 1219 2209 Achaz
1251 2155 1562 2209 ascendisse
1614 2168 1797 2223 regem
1842 2153 2184 2222 Assyriorum

625 2248 951 2309 Samariam.
980 2257 1032 2301 et
1059 2247 1335 2301 obsedisse
1366 2246 1546 2300 illam:
1576 2261 1639 2300 ac
1664 2256 1795 2299 tunc
1823 2245 2039 2311 quidem
2064 2259 2189 2313 par-

623 2346 732 2393 tem
772 2338 950 2408 populi
975 2332 1240 2407 captivam
1272 2338 1529 2393 duxisse:
1578 2337 1678 2393 sub
1722 2336 1954 2403 Ezecbia
2007 2344 2188 2390 autem

623 2428 824 2487 Acbari
848 2434 1165 2486 succeasore
1200 2429 1510 2484 universum
1546 2426 1803 2499 populum
1846 2424 2189 2481 transtulisse

626 2520 681 2580 in
710 2520 981 2595 Assyrios.

695 2792 866 2852 Vitas.
907 2793 1023 2849 7-9.
1059 2810 1079 2845 ι
1112 2792 1229 2861 Ipse
1254 2799 1432 2847 autem
1478 2803 1583 2843 non
1634 2788 1713 2843 sic
1742 2789 2027 2858 cogitavit,
2056 2797 2110 2843 et
2137 2788 2191 2842 in

627 2888 806 2943 anima
834 2901 940 2940 non
975 2885 1053 2939 sic
1078 2882 1371 2937 arbitratus
1402 2889 1485 2935 est
1508 2896 1523 2945 ;
1547 2880 1639 2933 sed
1668 2890 1873 2935 avertet
1895 2893 2049 2935 mens
2077 2878 2195 2946 ejus

634 2980 701 3035 ad
735 2987 921 3050 gentes
954 2974 1396 3031 exterminandas
1450 2987 1553 3026 non
1605 2986 1829 3040 paucas.
1858 2972 1920 3026 Et
1951 2972 1993 3026 si
2037 2972 2193 3025 dixe-

628 3072 743 3127 rint
775 3070 847 3133 ei,
882 3067 962 3123 Tu
1006 3069 1155 3123 solus
1186 3082 1244 3121 es
1274 3069 1529 3139 princeps
1566 3087 1579 3122 :
1610 3064 1978 3137 respondebit,
2004 3065 2194 3119 Annon

627 3167 744 3235 cepi
769 3164 1044 3235 regionem
1080 3177 1240 3232 supra
1264 3161 1589 3233 Babylonem
1621 3169 1675 3216 et
1696 3160 2013 3225 Chalanem,
2046 3158 2198 3227 cujus

632 3225 798 3314 turris
826 3225 1084 3309 aedificata
1107 3225 1191 3307 est
1216 3272 1230 3308 :
1256 3263 1309 3306 et
1329 3225 1445 3322 cepi
1469 3253 1748 3317 Arabiam,
1778 3260 1833 3305 et
1855 3225 2196 3317 Damascum,
2227 3225 2270 3283 α

631 3356 687 3404 et
714 3344 1091 3402 Samariam?»
1123 3342 1257 3397 Cum
1288 3360 1486 3411 meam,
1530 3345 1726 3415 inquit,
1759 3352 2079 3413 potestatem
2108 3358 2199 3398 ac-

634 3438 856 3507 ceperit,
885 3449 989 3489 non
1014 3436 1092 3489 sic
1120 3433 1206 3489 ille
1233 3435 1528 3489 arbitratus
1551 3444 1663 3499 est,
1695 3434 1788 3489 sed
1824 3434 1999 3488 elatus
2020 3442 2201 3489 mente

633 3532 756 3594 fuit,
789 3543 853 3583 ac
885 3529 927 3582 si
964 3526 1217 3597 populum
1251 3541 1429 3581 meum
1459 3528 1672 3595 propria
1714 3527 1911 3580 virtute
1939 3525 2202 3580 debellas-

634 3633 739 3679 set.
768 3620 877 3676 Nec
904 3619 995 3674 illo
1021 3626 1312 3672 contentus
1358 3618 1591 3682 excidio,
1629 3619 1870 3672 inﬁnitas
1908 3617 2045 3672 alias
2072 3631 2204 3685 gen-

636 3724 719 3769 tes
744 3728 803 3768 se
852 3713 1162 3767 invasurum
1202 3712 1480 3765 minatur:
1515 3712 1643 3780 quia
1687 3710 1831 3765 illam
1861 3709 2204 3779 praestantio-

637 3818 753 3859 rem
771 3814 843 3857 ac
879 3802 977 3856 sub
1008 3800 1101 3854 Dei
1137 3801 1298 3855 tutela
1322 3800 1553 3867 positam
1590 3800 1978 3857 debellaverat.
2005 3798 2205 3866 Quam-

634 3896 822 3950 obrem
847 3894 913 3947 iis
943 3893 1034 3961 qui
1065 3890 1295 3959 subjecti
1322 3891 1573 3956 fuerant,
1609 3893 1933 3949 mirantibus
1960 3906 2107 3955 eum,
2141 3906 2205 3946 ac

635 3984 964 4047 dicentibus,
998 4002 1016 4035 ι
1050 3982 1129 4036 Tu
1155 3983 1304 4038 solus
1337 3999 1396 4038 es
1427 3984 1703 4053 princeps,
1735 4002 1753 4034 ι
1791 3982 2085 4051 respondet
2117 3982 2207 4036 ille

636 4080 725 4133 his
753 4076 935 4131 verbis
964 4093 977 4128 :
1012 4075 1093 4129 Me
1143 4076 1441 4145 principem
1492 4076 1727 4130 nondum
1759 4076 1967 4131 vocetis
2029 4088 2205 4143 neque

640 4170 944 4233 dominum,
975 4166 1415 4235 quandoquidem
1450 4182 1641 4221 omnes
1677 4166 1912 4235 undique
1958 4166 2207 4236 regiones

640 4262 876 4319 nondum
903 4261 1017 4328 cepi
1049 4276 1061 4311 :
1089 4269 1363 4324 czeternm,

719 4354 880 4409 Vras.
926 4351 1017 4407 10.
1062 4369 1079 4402 ι
1134 4351 1597 4417 Quemadmodum
1650 4350 1751 4405 bas
1800 4351 1958 4420 cepi,
2019 4349 2100 4405 sic
2154 4359 2211 4405 et

642 4459 833 4502 onmes
877 4442 1213 4514 principatus
1270 4441 1499 4510 capiam.
1558 4440 2093 4511 Ululate,scu|ptilia
2153 4442 2206 4495 in

642 4535 939 4594 Jerusalem
972 4544 1024 4588 et
1059 4531 1333 4589 Samaria.
1374 4552 1391 4583 ›
1421 4533 1502 4587 Ad
1527 4532 1671 4601 ipsos
1694 4533 1949 4602 Assyrios
1987 4546 2203 4587 eorum-

645 4644 751 4699 que
776 4626 1089 4697 principem.
1120 4624 1211 4693 qui
1250 4624 1363 4678 ltsec
1396 4636 1503 4677 tam
1528 4632 1846 4691 arroganter
1872 4623 2203 4693 proferebat,

648 4730 950 4775 sermonem
1004 4714 1203 4782 dirigit.
1231 4712 1323 4767 Vae
1373 4714 1633 4783 Assyriis,
1678 4714 1776 4778 ait,
1805 4715 1930 4782 quia
1980 4729 2084 4767 non
2126 4715 2208 4767 iu-

648 4808 970 4864 tellexerunt
992 4804 1124 4858 iram
1158 4819 1352 4868 meam,
1380 4812 1568 4858 contra
1604 4804 1941 4858 facinorosos
1968 4803 2087 4859 illos
2108 4818 2203 4859 ex-

648 4903 892 4963 citatam,
929 4896 1089 4951 talem
1125 4895 1257 4964 ipsis
1301 4894 1593 4950 iol‘erenda:
1617 4895 1839 4950 ultionis
1885 4903 2207 4965 potestatem

650 4993 911 5049 indidisse
940 5007 953 5042 :
991 4990 1084 5043 sed
1117 4986 1483 5057 opinabantur
1511 5001 1567 5042 se
1621 4996 1808 5059 suapte
1851 4987 2050 5043 virtute
2074 5001 2209 5058 gen-

650 5092 731 5138 tes
756 5080 1070 5137 debellasse.

722 5174 884 5229 Vens.
913 5171 998 5227 11.
1029 5188 1048 5222 ι
1078 5168 1543 5237 Quemadmodum
1566 5170 1711 5223 enim
1750 5169 1850 5224 feci
1880 5167 2140 5224 Samarize
2159 5177 2213 5225 et

653 5267 981 5325 manufactis
1002 5265 1150 5334 ejus:
1186 5265 1264 5319 sic
1314 5265 1506 5320 faciam
1534 5265 1919 5336 Hierosolyma:
1945 5275 2000 5321 et
2057 5265 2213 5319 idolis

653 5362 789 5430 ejus.
816 5378 835 5413 ι
860 5358 1284 5427 Hierosolymam
1320 5358 1504 5426 itaque
1533 5357 1789 5413 Samaria:
1819 5357 1963 5425 paria
1989 5371 2213 5427 perpes-

653 5468 835 5507 suram
861 5449 1257 5505 interminatur.
1290 5446 1414 5503 Haec
1447 5463 1611 5518 porro
1636 5448 1905 5519 praedicit,
1934 5449 2215 5503 auditores

657 5546 725 5599 ad
749 5543 1156 5598 conversionem
1191 5548 1245 5596 et
1278 5541 1655 5610 preuitentiam
1697 5554 2019 5610 provocans,
2051 5549 2215 5609 atque

657 5632 886 5703 exempli
915 5631 1203 5686 formidine
1229 5632 1293 5686 ad
1322 5630 1753 5700 resipiscentiam
1792 5630 2043 5685 invitans.
2098 5630 2215 5685 Non

659 5724 801 5779 enim
823 5723 1099 5794 Assyrius,
1130 5722 1325 5791 inquit,
1347 5722 1462 5776 haec
1487 5731 1673 5775 contra
1708 5719 2007 5775 Samariam
2033 5734 2216 5792 patra»

660 5817 774 5885 vit;
803 5816 895 5872 sed
923 5831 1022 5888 ego
1065 5816 1227 5883 Deus,
1262 5816 1427 5889 idque
1451 5816 1518 5871 ob
1555 5813 1851 5871 incolarum
1880 5815 1995 5887 ejus
2024 5816 2214 5887 impie-

2292 1984 2391 2021 πον
2416 1965 2619 2029 ταύτας
2652 1963 2863 2026 ἔλαϐον,
2881 1960 2975 2014 καὶ⁵
3009 1959 3185 2021 πάσας
3215 1956 3314 2018 τὰς
3342 1952 3513 2024 ἀρχὰς
3544 1948 3865 2019 λήψομαιοη

2292 2061 2386 2113 καὶ
2420 2056 2598 2111 πάλιν⁸
2632 2073 2651 2106 ι
2683 2055 2779 2107 Ὃν
2806 2052 3006 2123 τρόπον
3039 2050 3271 2119 ἐποίησα
3304 2041 3587 2115 Σαμαρείᾳ
3616 2040 3711 2093 καὶ
3735 2039 3874 2093 πᾶσι

2290 2154 2403 2215 τοῖς
2422 2150 2821 2221 χειροποιήτοις
2840 2146 3031 2214 αὐτῆς,
3048 2141 3191 2194 οὓτω
3208 2139 3419 2208 ποιήσω
3444 2132 3824 2221 Ἰερουσαλήμ.

2292 2242 2403 2295 Καὶ
2495 2219 2704 2311 ἱστορία
2728 2237 2783 2291 δὲ
2809 2235 3073 2294 διδάσκει,
3101 2232 3180 2284 ὅτι
3208 2232 3264 2283 ἐν
3285 2231 3406 2290 ταῖς
3433 2226 3670 2295 ἡμέραις
3706 2219 3874 2291 Ἀχὰαὶ⁹

2293 2334 2459 2404 ἀνέϐη
2482 2334 2509 2385 6
2545 2331 2795 2402 βασιλεὺς
2833 2326 3132 2397 ’Δσσυρίων
3155 2326 3234 2387 είς
3268 2320 3598 2391 Σαμάρειαν,
3630 2316 3725 2369 καὶ
3747 2318 3877 2367 ἐπο-

2293 2424 2576 2497 λιόρκησεν
2610 2421 2778 2492 αὑτήν
2801 2437 2815 2450 °
2859 2420 2952 2472 καὶ
2992 2418 3134 2480 τέως
3165 2414 3263 2485 μὲν
3302 2413 3423 2466 τότε
3474 2411 3639 2482 μέρος
3674 2426 3730 2461 τι
3779 2404 3875 2459 τοῦ

2293 2517 2423 2572 λαοῦ
2447 2514 2899 2587 ᾐχμαλώτευσεν·
2936 2510 3029 2563 ἐπὶ
3063 2509 3119 2562 δὲ
3168 2505 3411 2570 Ἐζεκίου
3454 2502 3548 2558 τοῦ
3573 2503 3663 2557 τὸν
3707 2499 3876 2570 Ἀχὰζ

2293 2609 2705 2679 διαδεδεγμένου
2738 2606 2917 2660 πάντα
2959 2603 3049 2656 τὸν
3073 2600 3199 2654 λαὸν
3226 2597 3505 2668 ἀπῴκισεν
3553 2597 3631 2658 εἰς
3680 2594 3875 2645 Ἀσσυ-

2299 2700 2466 2772 ρίους.

2374 2810 2392 2843 ι
2426 2790 2592 2853 Αὐτὸς
2618 2789 2675 2841 δὲ
2702 2788 2800 2859 οὐχ
2829 2786 2999 2849 οὕτως
3028 2780 3358 2853 ἐνεθυμήθη,
3387 2780 3481 2833 καὶ
3512 2781 3577 2850 τῇ
3611 2777 3757 2847 ψυχῇ
3780 2774 3878 2843 οὐχ

2300 2885 2469 2947 οὕτως
2496 2883 2824 2948 λελόγισται,
2855 2878 2989 2932 ἀλλὰ
3032 2875 3328 2939 ἀπαλλάξει
3360 2877 3387 2927 6
3428 2873 3551 2936 νοῦς
3589 2869 3756 2924 αὑτοῦ
3786 2869 3880 2921 καὶ

2300 2974 2395 3030 τοῦ
2428 2974 2554 3043 ἔθνη
2597 2970 2976 3040 ἐξολοθρεῦσαι
3005 2969 3105 3022 οὐκ
3133 2968 3308 3033 ὀλίγα.
3357 2966 3467 3018 Καὶ
3511 2963 3605 3017 ἐὰν
3652 2960 3880 3015 εἴπωσιν

2302 3064 2452 3135 αὑτῷ
2471 3082 2484 3094 ο
2519 3065 2591 3117 Σὺ
2621 3062 2779 3133 μόνος
2807 3054 2859 3113 εῐ
2879 3060 3059 3131 ἄρχων
3081 3075 3094 3085 ·
3127 3058 3222 3110 καὶ
3243 3059 3384 3128 ἐρεῖ·
3421 3056 3536 3108 Οὐκ
3564 3051 3753 3135 ἔλαϐον
3780 3051 3882 3123 τὴν

2303 3129 2487 3229 χώραν
2512 3129 2820 3229 τὴν-ἐπάνω
2850 3129 3168 3214 Βαϐυλῶνος
3192 3151 3283 3203 καὶ
3312 3147 3585 3217 Χαλάνης,
3608 3140 3670 3199 οὗ
3695 3129 3724 3198 6
3751 3144 3885 3214 πύρ-

2303 3264 2399 3317 γος
2433 3244 2781 3317 ᾠκοδομήθη,
2808 3243 2903 3297 καὶ
2935 3239 3124 3295 ἔλαϐον
3168 3238 3449 3312 Ἀραϐίαν,
3475 3238 3569 3292 καὶ
3593 3233 3884 3307 Δαμασκὸν

2304 3340 2400 3393 καὶ
2442 3338 2797 3409 Σαμάρειαν;
2848 3354 2867 3387 ι
2915 3334 3027 3405 Τὴν
3070 3335 3209 3405 ἐμὴν
3250 3332 3448 3394 τοίνυν,
3500 3332 3652 3401 φησὶ,
3704 3326 3885 3384 λαϐὼν

2303 3429 2570 3494 ἐξουσίαν,
2608 3427 2709 3498 οὐχ
2735 3426 2908 3489 οὕτως
2952 3423 3281 3494 ενεθυμήθη,
3325 3421 3439 3476 ἀλλ’
3484 3418 3770 3492 ὑπερήρθη
3805 3416 3887 3491 τῷ

2304 3520 2570 3592 λογισμῷ,
2603 3520 2678 3584 ὡς
2698 3518 2883 3587 »οἰκείᾳ
2908 3516 3139 3586 δυνάμει
3174 3513 3268 3568 τοῦ
3301 3513 3433 3584 ἐμοῦ
3464 3512 3888 3584 περιγενόμενος

2304 3613 2456 3671 λαοῦ.
2491 3610 2645 3675 Εἶτα,
2683 3610 2757 3682 μὴ
2800 3607 3089 3681 ἀρκεσθεὶς
3124 3610 3192 3677 τῇ
3222 3606 3427 3658 τούτων
3455 3604 3758 3675 πολιορκίᾳ,
3787 3620 3887 3673 μυ.

2310 3704 2401 3776 ρία
2441 3702 2575 3757 ἄλλα
2604 3702 2730 3773 ἔθνη
2770 3696 3129 3771 μετέρχεσθαι
3154 3696 3385 3760 ἀπειλεῖ,
3417 3694 3492 3759 ὼς
3516 3693 3609 3748 τοῦ
3641 3696 3888 3767 κρείττο⁶

2306 3813 2397 3860 τος
2428 3795 2520 3849 καὶ
2543 3792 2661 3863 Θεῷ
2687 3790 3045 3861 ἀνακειμένου
3076 3790 3378 3859 κρατήσας.
3406 3788 3498 3840 Διὸ
3519 3787 3581 3858 δὴ
3618 3787 3727 3841 τῶν
3754 3788 3888 3842 ὑπο-

2308 3888 2528 3960 χειρίων
2575 3884 2723 3955 αὐτῷ
2767 3883 3075 3953 γενομένων
3114 3879 3514 3952 θαυμαζόντων
3559 3878 3747 3938 αὑτὸν.
3793 3880 3889 3934 καὶ

2308 3980 2598 4047 λεγόντων,
2625 3996 2643 4029 ι
2678 3977 2751 4029 Σὺ
2788 3976 2947 4047 μόνος
2981 3969 3029 4027 εί
3072 3973 3278 4045 ἄρχων,
3313 3990 3332 4022 ι
3369 3971 3723 4044 ἀποκρίνεται
3752 3971 3890 4045 πρὸς

2310 4073 2507 4135 αὐτοὺς
2555 4070 2650 4124 καὶ
2693 4068 2869 4138 λέγει’
2920 4068 3144 4138 Μήποτε
3190 4063 3404 4118 καλεῖτε
3447 4063 3705 4135 ἄρχοντα.
3756 4064 3890 4135 μηδὲ

2314 4163 2520 4234 κύριον·
2549 4161 2670 4214 ἐπεὶ
2702 4159 2927 4231 μηδέπω
2968 4158 3144 4221 πάσας
3175 4156 3414 4228 εἰλήφειν
3451 4156 3548 4220 τὰς
3576 4157 3888 4229 ἁπανταχοῦ

2310 4253 2491 4325 χώρας
2511 4271 2524 4283 ·
2562 4250 2722 4323 πλὴν,

2386 4364 2404 4397 ι
2439 4346 2533 4398 'Ov
2562 4344 2761 4416 τρόπον
2786 4339 2990 4404 ταύτας
3020 4340 3234 4403 ἔλαϐον,
3261 4337 3404 4393 οὕτω
3442 4341 3539 4393 καὶ
3586 4340 3765 4405 πάσας
3794 4341 3890 4405 τὰς

2311 4436 2482 4509 ἀρχὰς
2514 4435 2776 4506 λήψομαι.
2823 4432 3143 4497 Ὀλολύξατε
3180 4432 3252 4485 τὰ
3282 4432 3494 4503 γλυπτά
3520 4435 3577 4487 ὲν
3617 4435 3890 4505 Ἰερουσα-

2314 4530 2425 4601 λὴμ
2451 4527 2545 4581 καὶ
2570 4529 2626 4579 ἐν
2657 4524 2960 4597 Σαμαρείᾳ.
3000 4544 3017 4576 ι
3048 4526 3191 4596 Πρὸς
3216 4526 3413 4588 αὐτούς
3446 4542 3507 4578 τε
3539 4527 3665 4589 τοὺς
3707 4525 3893 4579 ’Δσσυ-

2319 4621 2459 4694 ρίους
2488 4620 2580 4672 καὶ
2604 4619 2691 4671 τὸν
2718 4618 2952 4688 ἄρχοντα
2977 4618 3177 4676 αὐτῶν.
3204 4616 3427 4671 τοιαῦτα
3466 4617 3894 4681 καταλαζονευορ

2318 4693 2508 4783 μένους
2536 4693 2882 4765 ἀποτείνεται
2919 4708 3121 4774 λέγων·
3165 4707 3302 4760 Οὐαὶ
3343 4706 3666 4778 Ἀσσυρίοις,
3707 4708 3790 4761 ὅτι
3820 4707 3898 4780 μὴ

2316 4805 2553 4875 συνῆκαν
2592 4803 2666 4867 ὡς
2706 4802 2874 4871 ἄραή
2906 4798 3013 4870 ἐμὴ
3043 4799 3180 4870 ὀργὴ
3210 4802 3261 4871 »ή
3306 4800 3445 4853 κατά
3488 4801 3596 4853 τῶν
3638 4800 3897 4872 πλημμε-

2316 4894 2548 4948 λούντων
2577 4893 2676 4963 τὴν
2704 4891 2951 4959 ἐξουσίαν
2976 4890 3157 4955 αὐτοῖς
3185 4891 3283 4962 τῆς
3307 4890 3572 4963 τοσαύτης
3609 4893 3781 4965 όργῆς
3807 4893 3896 4948 66-:-

2317 4988 2517 5040 δωκεν·
2554 4984 2690 5038 ἀλλὰ
2732 4986 2798 5055 τῇ
2830 4982 3038 5036 ἑαυτῶν
3070 4981 3298 5053 δυνάμει
3343 4986 3744 5055 κεκρατηκέναι
3789 4986 3897 5038 τῶν

2319 5076 2488 5130 ἐθνῶν
2517 5074 2805 5129 ὑπέλαϐον.

2393 5187 2410 5219 ι
2454 5170 2547 5221 Ὃν
2575 5169 2773 5238 τρόπον
2801 5163 2909 5236 γὰρ
2938 5164 3170 5236 ἐποίησα
3206 5164 3489 5237 Σαμαρείᾳ
3526 5167 3757 5231 καὶτοῖς
3786 5186 3899 5239 χει-ι

2326 5264 2627 5332 ροποιήτοις
2650 5257 2840 5328 αὐτῆς,
2875 5255 3016 5310 οὕτω
3048 5259 3258 5329 ποιήσω
3292 5257 3386 5311 καὶ
3424 5258 3779 5331 Ἰερουσαλὴμ
3806 5263 3900 5314 καὶ

2322 5356 2431 5416 τοῖς
2456 5351 2693 5415 εἰδώλοις
2726 5350 2913 5419 αὐτῆς.
2962 5369 2981 5402 ι
3025 5349 3105 5403 Τὰ
3151 5351 3240 5403 ἶσα
3270 5350 3449 5403 τοίνυν
3496 5354 3561 5422 τῇ
3612 5352 3899 5423 Σαμαρείᾳ

2323 5446 2413 5499 καὶ
2456 5445 2552 5515 τὴν
2591 5441 2945 5515 Ἰερουσαλὴμ
2975 5440 3256 5495 πείσεσθαι
3288 5441 3518 5496 ἀπειλεῖ.
3553 5444 3815 5516 Προλέγει
3840 5444 3899 5498 δὲ

2320 5535 2491 5589 ταῦτα
2520 5533 2958 5607 προκαλούμενος
2994 5535 3073 5597 εἰς
3102 5533 3439 5604 ἐπιστροφὴν
3472 5536 3568 5588 καὶ
3608 5535 3897 5605 μετάνοιαν

2316 5633 2441 5694 τοὺς
2473 5628 2791 5691 ἀκούοντας,
2819 5626 2968 5697 φόϐῳ
2990 5643 3049 5679 τε
3089 5624 3183 5679 τοῦ
3214 5626 3652 5698 παραδείγματος
3680 5643 3898 5699 σωφρο-

2319 5719 2478 5784 νίζων
2512 5720 2727 5783 αὐτούς.
2758 5720 2833 5773 Οὐ
2863 5719 2972 5789 γὰρ
3011 5721 3040 5772 ό
3094 5718 3396 5789 Ἀσσύριος,
3443 5718 3629 5789 φησὶν,
3673 5720 3902 5792 ἐποίηπ

2320 5814 2389 5869 τὰ
2417 5814 2555 5871 κατὰ
2579 5816 2677 5886 τῆς
2708 5812 3038 5884 Σαμαρείας,
3066 5810 3176 5867 ἀλλ’
3206 5811 3317 5882 ἐγὼ
3338 5812 3365 5865 6
3390 5812 3521 5876 Θεὸς
3544 5812 3631 5874 διᾷ
3660 5814 3760 5877 τὰς
3790 5814 3897 5869 τῶν
