4090 6426
209 453 299 509 161
1179 447 1683 506 COMMENTARIA
1728 448 1794 504 IN

1920 448 2086 502 “All.
2129 479 2198 490 —
2234 447 2390 504 CAP.
2430 449 2496 507 Χ.

3404 457 3508 511 ιω

205 570 506 642 οἰκητόρων
536 571 828 633 ἀσεϐείας.
852 569 1060 624 Οὐκοῦν
1087 570 1232 624 κατά
1256 571 1346 624 τὸν
1369 570 1461 623 τοῦ
1483 571 1700 623 δικαίου
1731 571 1813 622 λό-

1924 578 2083 624 tates.
2112 567 2280 637 Igitur
2305 571 2603 624 secundum
2637 573 2912 638 aequitatis
2952 573 3119 640 leges,
3163 588 3262 644 par
3284 586 3368 629 est
3410 591 3508 632 eos

205 685 294 736 γον
329 669 424 720 καὶ
464 670 604 731 τοὺς
660 670 720 720 ἐν
751 672 814 739 τῇ
857 668 1208 740 Ἰερουσαλὴμ
1242 669 1387 732 εἰκὸς
1437 668 1813 739 παραδοθήσε-

208 758 324 811 σθαι
349 762 418 830 τῇ
450 760 544 829 ἴσῃ
579 759 896 830 πολιορκία,
929 759 1003 822 ὡς
1026 759 1094 812 τὰ
1134 759 1336 828 ἀδελφά
1364 757 1813 830 μεταχειριζομέ-

206 866 322 913 νους
348 853 466 914 τοῖς
497 851 573 903 τὰ
615 850 983 921 προλεχθέντα
1011 851 1322 904 πεπονθόσι.

278 961 296 992 ι
333 941 447 994 Καὶ
478 942 671 1004 ἔσται,
707 943 834 995 ὅταν
868 943 1157 1015 συντελέσῃ
1193 944 1395 1015 Κύριος
1436 944 1615 998 πάντα
1644 943 1813 996 ποιῶν

209 1034 262 1086 ἐν
299 1032 376 1101 τῷ
421 1034 544 1102 δρει
579 1031 727 1085 Σιὼν
759 1034 847 1086 καὶ
888 1034 1263 1104 Ἰερουσαλὴμ,
1303 1035 1674 1104 ἐπισκέψομαι
1720 1035 1814 1087 ἐπὶ

208 1125 291 1177 τὸν
312 1124 438 1176 νοῦν
464 1124 564 1176 τὸν
597 1125 800 1194 μέγαν,
835 1126 927 1178 ἐπὶ
962 1126 1051 1178 τὸν
1074 1126 1310 1197 ἄρχοντα
1334 1126 1443 1178 τῶν
1486 1127 1811 1198 ’Δσσυρίων,

212 1217 299 1268 καὶ
328 1219 422 1268 ἐπὶ
465 1217 531 1269 τὸ
577 1216 721 1286 ὕψος
761 1218 857 1287 τῆς
897 1218 1052 1289 δόξης
1091 1219 1199 1271 τῶν
1234 1219 1532 1291 ὀφθαλμῶν
1561 1220 1748 1273 αὑτοῦ.
1791 1241 1807 1270 ›

223 1307 559 1370 ’Δκολούθως
583 1307 680 1361 διὰ
705 1308 811 1360 τῶν
836 1310 1212 1380 προκειμένων
1240 1311 1528 1374 διδάσκων,
1557 1312 1639 1364 ὅτι
1675 1311 1812 1375 τέως

215 1402 304 1471 μὲν
359 1399 656 1471 Ἀσσύριοι
689 1401 784 1453 καὶ
809 1403 837 1454 6
863 1401 1065 1454 τούτων
1101 1403 1306 1474 ἄρχων,
1358 1406 1407 1456 εί
1448 1387 1543 1457 καὶ
1585 1404 1814 1458 τοιαῦτα

211 1494 359 1544 ὁποῖα
403 1491 720 1562 δεδήλωται
783 1492 1276 1564 άπηυθαδιάσαντο,
1333 1496 1432 1565 τὴν
1498 1495 1814 1567 Σαμάρειαν

213 1584 522 1655 ὑποχείριον
587 1584 950 1656 πεποιημένοι
1003 1587 1097 1639 καὶ
1141 1587 1240 1656 τὴν
1298 1587 1608 1658 Δαμασκὸν,
1667 1589 1815 1658 ὅμως

211 1676 380 1740 Ξξουσι
408 1676 472 1728 τὸ
505 1676 801 1747 ἐνδόσιμον
837 1677 932 1730 τοῦ
965 1678 1159 1749 χρόνου
1195 1677 1586 1752 μέχρι”καιροῦ
1628 1698 1774 1742 τινος
1797 1699 1810 1711 ο

215 1765 323 1836 μεθ’
357 1767 416 1819 δν
445 1769 555 1820 οὐκ
584 1767 671 1820 ἔτι
721 1770 1042 1840 συστήσεται
1081 1770 1261 1824 αὐτῶν
1299 1773 1332 1841 ή
1367 1772 1533 1843 ἀρχὴ,
1582 1771 1682 1841 τῆς
1715 1789 1817 1841 μα-

211 1861 343 1928 κρᾶς
370 1861 468 1913 καὶ
496 1860 834 1924 πολυτελοῦς
877 1861 1152 1932 βασιλείας
1187 1865 1268 1928 είς
1310 1865 1372 1916 τὸ
1404 1863 1668 1926 παντελὲς
1710 1881 1811 1916 κα-

209 1951 690 2024 ταλυθησομένης.

279 2058 298 2091 t
342 2037 483 2094 Εἶπε
510 2041 654 2114 γὰρ,
688 2044 746 2094 ἐν
786 2044 851 2113 τῇ
883 2041 1026 2112 ίσχύῖ
1058 2042 1292 2112 ποιήσω,
1324 2044 1419 2094 καὶ
1465 2044 1522 2096 ἐν
1554 2046 1621 2114 τῇ
1655 2043 1816 2113 σοφίᾳ,

208 2131 302 2203 τῆς
331 2135 613 2197 συνέσεως
640 2134 826 2203 άφελῶ
845 2136 970 2206 ὅρια
995 2134 1189 2198 ἐθνῶν,
1214 2134 1308 2188 καί⁵
1332 2135 1429 2205 τὴν
1459 2137 1612 2206 ἰσχὺν
1639 2135 1817 2188 αὐτῶν

210 2227 594 2298 προνομεύσω.
635 2246 656 2278 ›
712 2227 804 2299 Μὴ
849 2227 973 2291 δοὺς
1007 2226 1117 2298 γάρ
1167 2226 1325 2293 δόξαν
1369 2226 1448 2297 τῷ
1494 2227 1634 2297 Θεῷ,
1680 2227 1815 2298 μηδὲ

207 2318 593 2390 λογισάμενος,
627 2322 713 2373 ὅτι
742 2321 770 2373 6
801 2318 908 2372 τῶν
937 2318 1074 2372 ὅλων
1118 2318 1250 2382 Θεὸς
1281 2319 1444 2383 αὐτὸς
1473 2315 1542 2390 ἦν
1584 2323 1612 2372 6
1639 2337 1817 2390 παρα-

206 2411 324 2476 δοὺς
347 2413 502 2484 αὑτῷ
535 2414 635 2466 καὶ
658 2413 749 2465 τὸν
787 2410 1002 2482 Ἰσραὴλ
1032 2413 1128 2464 καὶ
1160 2411 1254 2464 τὸν
1291 2411 1516 2475 Ἰούδαν,
1549 2411 1643 2464 καὶ
1677 2412 1813 2464 πάν-

207 2522 300 2567 τας
331 2507 461 2569 τοὺς
506 2503 788 2576 τιμωρίας
834 2503 1036 2568 ἀξίους,
1080 2503 1224 2574 μέγα
1258 2503 1547 2574 ἐφρόνησε,
1599 2503 1813 2575 διανοη-

208 2594 319 2659 θεὶς
351 2597 452 2649 καὶ
501 2595 645 2666 πρὸς
694 2594 884 2647 ἑαυτὸν
937 2591 1128 2658 εἰπὼν,
1179 2595 1320 2648 κατά
1360 2594 1449 2648 τὸν
1495 2593 1812 2665 Σύμμαχον,

214 2685 234 2736 ι
279 2687 367 2739 Ἐν
399 2690 472 2758 τῇ
501 2687 737 2758 δυνάμει
768 2687 865 2758 τῆς
897 2687 1077 2758 χειρὸς
1103 2688 1359 2759 ἐποίησα,
1394 2707 1411 2738 ι
1448 2689 1541 2740 καὶ
1565 2687 1636 2740 τὰ
1663 2687 1810 2756 ἑξῆς.

281 2796 301 2829 ι
345 2781 460 2833 Καὶ
494 2780 667 2832 σείσω
696 2779 878 2842 πόλεις
905 2779 1355 2851 κατοικουμένας,
1389 2781 1484 2834 καὶ
1508 2780 1606 2852 τὴν
1633 2783 1818 2834 οίκου-

212 2872 374 2942 μέν-ην
407 2872 547 2941 ὃλην
578 2872 968 2943 καταλήψομαι
1008 2877 1076 2944 τῇ
1112 2873 1257 2946 χειρὶ
1296 2873 1372 2937 ὡς
1425 2875 1668 2938 νοσσιὰν,
1719 2876 1814 2927 καί⁹

207 2963 794 3035 ὡςκαταλελειμμένα
825 2965 905 3018 ὠά
937 2965 1086 3036 ἀρῶ⁵
1126 2966 1222 3018 καὶ
1264 2967 1362 3018 οὐκ
1401 2966 1548 3019 ἔστιν
1590 2966 1649 3028 ὃς
1694 2966 1811 3020 δια-

211 3054 467 3123 φεύξεταί
507 3073 599 3126 με,
635 3056 669 3126 ἢ
705 3057 935 3129 ἀντείπῃ
971 3074 1081 3127 μοι.
1115 3056 1205 3127 Μὴ
1233 3055 1626 3127 δοξασθήσεται
1658 3057 1813 3131 ἀξίνη

211 3150 331 3202 ἄνευ
360 3148 462 3202 τοῦ
511 3151 845 3213 κόπτοντος;
879 3149 912 3220 ἢ
948 3150 1298 3220 ὑψωθήσεται
1330 3150 1507 3221 πρίων
1553 3149 1682 3203 ἄνευ
1717 3151 1813 3203 τοῦ

1916 660 2009 729 qui
2045 660 2096 713 in
2123 657 2523 732 Hierosolymis
2552 664 2752 731 degunt
2779 665 2894 732 pari
2918 666 3188 719 obsidioni
3217 677 3272 722 et
3298 669 3510 722 excidio

1919 751 2078 815 tradi,
2109 752 2236 820 quia
2273 754 2372 822 ipsi
2411 755 2561 822 paria
2593 754 2683 821 iis,
2719 755 2810 823 qui
2846 755 2962 823 jam
3011 769 3312 812 memorata
3363 760 3510 830 passi

1916 853 2064 904 sunt,
2107 855 2518 912 perpetrarunt.

1986 932 2154 988 Vens.
2187 935 2274 989 12.
2330 955 2348 986 ι
2382 936 2450 990 Ει
2488 937 2628 1000 erit,
2691 952 2816 992 cum
2873 940 3180 1008 impleverit
3239 941 3506 998 Dominus

1915 1028 2097 1082 omnia
2141 1027 2320 1082 facere
2349 1028 2401 1082 in
2454 1040 2638 1084 monte
2679 1029 2809 1085 Sion
2841 1042 2897 1085 et
2935 1033 2987 1085 in
3023 1033 3347 1099 Jerusalem,
3377 1035 3510 1089 visi-

1919 1122 2046 1175 tabo
2069 1133 2307 1177 mentem
2341 1139 2620 1194 magnam,
2669 1125 2971 1194 principem
3024 1127 3395 1198 Assyriorum,
3453 1139 3510 1184 et

1917 1214 2304 1269 celsitudinem
2357 1215 2547 1284 gloriae
2582 1215 2866 1271 oculorum
2923 1217 3062 1285 ejus.
3101 1238 3118 1270 ι
3159 1218 3254 1272 His
3308 1235 3509 1276 conse-

1916 1317 2148 1373 quenter
2171 1307 2350 1370 docet,
2370 1309 2623 1377 Assyrios
2649 1310 2865 1364 tandem
2889 1321 3153 1366 eteorum
3181 1314 3508 1382 principem,

1916 1396 2015 1449 etsi
2047 1411 2168 1451 cum
2209 1396 2322 1461 tali,
2347 1398 2494 1465 quali
2515 1398 2624 1467 jam
2670 1399 3006 1454 declaratum
3040 1413 3147 1466 est,
3197 1406 3510 1474 arrogantia

1916 1488 2146 1558 egerint,
2187 1487 2496 1545 Samariam
2532 1497 2585 1544 et
2633 1492 2960 1546 Damascum
3018 1497 3376 1566 subegerint,
3429 1508 3511 1552 ta-

1919 1595 2039 1634 men
2075 1583 2141 1634 ad
2174 1592 2387 1636 certum
2443 1598 2615 1650 usque
2659 1585 2952 1637 terminum
2989 1602 3209 1641 usuram
3245 1593 3512 1660 temporis

1919 1675 2238 1740 habituros;
2293 1691 2400 1744 quo
2432 1676 2642 1745 elapso,
2677 1679 2966 1746 imperium
3001 1697 3190 1734 eorum
3227 1698 3332 1737 non
3367 1685 3507 1738 ultra

1919 1765 2201 1827 consistet,
2237 1766 2494 1820 diuturno
2537 1768 2630 1822 illo
2675 1785 2739 1824 ac
2767 1769 2982 1825 florenti
3012 1772 3240 1840 imperio
3267 1772 3514 1832 funditus

1919 1868 2130 1910 everso.

1990 2037 2158 2093 Vens.
2201 2039 2289 2094 l5.
2331 2058 2349 2092 ι
2391 2040 2534 2094 Dixit
2561 2043 2731 2107 enim,
2764 2044 2818 2098 In
2854 2044 3182 2105 fortitudine
3209 2047 3513 2114 faciam,et

1919 2130 1971 2182 in
2009 2133 2279 2200 sapientia
2317 2134 2621 2201 prudentia
2649 2151 2783 2190 mea:
2817 2136 3064 2192 auferam
3098 2145 3361 2196 terminos
3381 2158 3514 2213 gen-

1919 2221 2074 2285 tium,
2101 2233 2152 2276 et
2171 2223 2545 2280 fortitudinem
2566 2240 2760 2282 earum
2786 2229 3101 2285 devastabo.
3130 2251 3148 2283 ι
3178 2233 3285 2286 Deo
3310 2236 3514 2304 quippe

1918 2314 2142 2384 gloriam
2176 2331 2284 2370 non
2319 2317 2591 2384 tribuens,
2621 2335 2797 2389 neque
2841 2335 3029 2376 secum
3069 2333 3329 2394 reputans
3383 2329 3510 2382 uni-

1915 2425 2200 2466 versorum
2227 2411 2397 2468 Deum
2423 2427 2566 2477 esse,
2597 2417 2690 2485 qui
2723 2400 2821 2485 ipsi
2850 2427 2905 2472 et
2929 2417 3186 2474 lsraelem
3217 2431 3272 2476 et
3292 2419 3514 2489 Judam,

1916 2511 1970 2555 et
2001 2517 2192 2557 omnes
2221 2502 2356 2557 alios
2402 2505 2672 2574 supplicio
2725 2508 2918 2577 dignos
2960 2511 3302 2580 tradiderat;
3341 2514 3513 2569 altum

1917 2593 2186 2660 sapiebat,
2208 2594 2483 2663 cogitans,
2513 2605 2569 2648 et
2601 2596 2667 2650 ad
2705 2599 2950 2666 seipsum
2975 2601 3184 2665 dicens,
3209 2606 3508 2659 secundum

1919 2680 2329 2750 Symmachum,
2374 2702 2393 2735 ‹
2427 2681 2484 2737 ln
2510 2687 2714 2741 virtute
2749 2702 2944 2743 manus
2971 2688 3097 2755 feci,
3139 2710 3158 2744 ι
3195 2701 3308 2748 etc.

1990 2771 2152 2828 Vens.
2184 2774 2372 2828 16—16.
2423 2793 2442 2826 ι
2482 2776 2545 2829 Et
2596 2780 2956 2834 commovebo
2990 2783 3156 2837 urbes
3191 2783 3466 2841 habitatas
3497 2828 3514 2851 .

1916 2876 1971 2919 et
1997 2867 2320 2920 universum
2347 2869 2533 2923 orbem
2559 2871 3021 2939 comprehendam
3057 2890 3218 2930 manu
3251 2879 3405 2947 quasi
3433 2881 3514 2933 ni-

1918 2955 2068 3017 dunt,
2093 2957 2320 3025 etquasi
2349 2973 2451 3012 ova
2481 2959 2743 3014 derelicta
2768 2960 3010 3017 auferam
3044 2979 3058 3015 :
3094 2975 3148 3018 et
3178 2981 3285 3020 non
3314 2975 3400 3022 est
3420 2971 3516 3038 qui

1919 3047 2144 3118 eﬂ'ugiat
2171 3065 2281 3112 me,
2314 3059 2408 3103 ant
2432 3053 2776 3106 contradicat
2833 3055 2987 3109 mihi.
3023 3055 3279 3127 Nunquid
3312 3059 3517 3130 gloria-

1918 3141 2063 3195 bitur
2093 3143 2306 3196 securis
2346 3143 2466 3198 sine
2496 3144 2778 3199 cadente?
2821 3135 2915 3200 aut
2959 3149 3289 3204 exaltabitur
3336 3167 3516 3220 serra,

205 3237 458 3306 ’ἕλκοντος
494 3241 686 3303 αὐτόν,
723 3241 798 3304 ὼς
825 3240 890 3294 ἄν
921 3259 1004 3304 τις
1035 3242 1145 3313 ἄρῃ
1187 3240 1379 3312 ῥάϐδον
1412 3240 1444 3311 ἢ
1483 3241 1668 3307 ξύλον;
1704 3243 1813 3295 Καὶ

1921 3234 2038 3287 sine
2068 3233 2318 3288 trahente
2348 3234 2516 3301 illam,
2553 3245 2612 3290 ut
2665 3239 2786 3307 quis
2817 3237 3010 3294 efferat
3068 3243 3277 3311 virgam
3311 3255 3405 3297 aut
3447 3245 3516 3298 li-

211 3334 304 3404 οὐχ
315 3334 517 3407 οὕτως,
539 3332 662 3386 ἀλλ’
685 3332 976 3385 ἀποστελεῖ
1001 3332 1205 3402 Κύριος
1221 3332 1449 3385 Σαϐαὼθ
1472 3335 1552 3396 είς
1584 3333 1685 3402 τὴν
1715 3333 1814 3404 σὴν

209 3428 373 3497 τιμὴν
420 3426 682 3497 ἀτιμίαν,
714 3426 812 3478 καί⁵
849 3427 930 3489 είς
962 3426 1061 3495 τὴν
1109 3426 1208 3496 σὴν
1255 3426 1410 3492 δόξαν
1445 3425 1556 3498 πῦρ
1589 3429 1816 3498 καιόμε-

211 3535 295 3570 νον
329 3519 700 3589 καυθήσεται.
747 3536 764 3568 ι
804 3517 947 3587 Πρὸς
978 3517 1170 3569 τοῦτον
1219 3516 1310 3570 τὸν
1353 3518 1704 3589 ὑπερήφανον
1731 3520 1819 3573 λο-

208 3608 426 3677 γισμὸν,
488 3607 602 3659 εἴτε
661 3623 750 3670 τις
817 3607 1170 3676 ἀντικειμένη
1217 3606 1442 3677 δύναμις
1497 3608 1813 3679 ἐτύγχανεν,

207 3696 394 3771 ὥσπερ
425 3702 454 3752 6
480 3699 676 3770 ἄρχων
707 3697 986 3768 βασιλείας
1017 3698 1264 3769 Περσῶν,
1304 3701 1395 3752 καὶ
1425 3702 1453 3752 6
1487 3699 1673 3772 ἄρχων
1715 3702 1816 3771 βα-

209 3788 410 3852 σιλείας
457 3791 693 3859 Μήδων,
749 3789 844 3841 καὶ
891 3791 919 3841 6
964 3790 1150 3860 ἄρχων
1184 3789 1460 3859 βασιλείας
1509 3793 1812 3863 Ἐλλήνωνσ

205 3877 346 3932 οὕτω
365 3881 476 3950 γὰρ
501 3880 655 3932 εἴποι
689 3877 755 3931 ἀν
784 3895 868 3938 τις
895 3881 987 3930 καὶ
1013 3879 1255 3950 ἄρχοντα
1285 3880 1566 3950 βασιλείας
1613 3885 1810 3939 Ἀσσυ-

207 3971 336 4040 ρίων
359 3971 659 4040 γεγονέναι
681 3968 806 4021 τινὰ
826 3969 914 4021 τὸν
942 3970 1399 4040 άλαζονευόμενον
1441 3975 1534 4026 καί⁹
1554 3974 1653 4038 τὰς
1685 3994 1818 4048 προ-

207 4063 460 4132 κειμένας
486 4062 689 4132 φωνάς
716 4060 1089 4132 φθεγξάμενον
1113 4076 1126 4090 ·
1172 4063 1285 4115 εἴτε
1312 4057 1404 4117 οὖν
1435 4065 1572 4137 πρὸς
1603 4067 1814 4133 τοῦτον,

207 4155 312 4206 εντε
329 4157 468 4228 πρὸς
490 4155 593 4207 τὸν
622 4152 987 4206 Βαϐυλωνίων
1007 4153 1236 4223 βασιλέα
1257 4156 1347 4208 τὸν
1374 4156 1819 4231 πολιορκήσαντα

208 4246 301 4316 τὴν
316 4245 815 4321 ’1ερουσαλὴμ,καὶ
830 4246 919 4299 τὸν
935 4243 1060 4300 ναὸν
1079 4249 1463 4319 ἐμπρήσαντα,
1486 4251 1659 4305 πάντα
1674 4269 1733 4306 τε
1749 4253 1819 4306 τὰ

208 4340 346 4412 αὐτῷ
394 4339 582 4408 σκεύη
633 4337 759 4407 ἱερὰ
805 4342 898 4390 καὶ
943 4339 1271 4410 ἀναθήματα
1312 4343 1522 4406 ἑλόντα,
1572 4345 1666 4397 καὶ
1703 4348 1817 4408 τοῖς

208 4431 361 4484 αὑτοῦ
401 4429 662 4492 εἰδώλοις
693 4428 958 4482 ἀναθέντα
991 4433 1048 4483 ἐν
1091 4431 1231 4502 αὐτῇ
1285 4433 1584 4498 Βαϐυλῶνι,
1624 4436 1818 4508 ὥσπερ

208 4518 346 4574 δεινά
377 4523 479 4574 καὶ
515 4519 937 4589 άπονενοημένα
968 4521 1316 4594 τολμήσαντα
1346 4527 1541 4589 εἰπεῖν,
1576 4528 1812 4601 ἀποκρί-

1921 3339 2085 3393 gnum
2111 3324 2132 3364 ν
2172 3326 2241 3378 Αι
2273 3341 2378 3380 non
2419 3326 2518 3391 sic,
2551 3327 2644 3382 sed
2676 3329 2856 3383 mittet
2896 3331 3157 3387 Dominus
3193 3332 3436 3389 Sabaoth
3463 3338 3518 3390 in

1923 3419 2185 3472 honorem
2212 3427 2361 3471 tuam
2391 3419 2768 3488 ignominiam,
2792 3431 2848 3475 et
2871 3423 2922 3476 in
2948 3423 3176 3493 gloriam
3199 3435 3349 3479 tuum
3379 3428 3522 3497 ignis

1920 3510 2248 3564 comburens
2277 3510 2625 3565 accendetur.
2665 3529 2683 3562 ι
2717 3513 2794 3565 Ad
2831 3514 2970 3570 hanc
2998 3516 3288 3584 superbam
3308 3523 3522 3588 cogita-

1920 3599 2160 3663 tionem;
2215 3601 2330 3653 sive
2383 3615 2444 3654 ea
2505 3601 2804 3669 cujusdam
2839 3604 3170 3660 adversaria:
3231 3613 3520 3675 potestatis

1922 3688 2109 3754 fuerit,
2129 3690 2308 3759 qualis
2332 3699 2451 3744 erat
2483 3694 2736 3762 princeps
2761 3697 2912 3764 regni
2944 3695 3261 3760 Persarum,
3292 3709 3345 3751 et
3370 3703 3521 3768 prin-

1920 3797 2054 3852 ceps
2082 3783 2234 3852 regni
2267 3782 2572 3850 Medorum,
2603 3796 2657 3839 et
2686 3787 2941 3854 princeps
2966 3789 3118 3857 regni
3147 3787 3462 3844 Grecorum
3493 3809 3507 3846 ε

1921 3875 2000 3928 sic
2035 3876 2182 3927 enim
2243 3876 2516 3945 quiSpiam
2580 3880 2784 3932 dixerit
2849 3894 2973 3933 esse
3026 3881 3328 3949 principem
3364 3885 3517 3953 regni

1920 3965 2294 4034 Assyriorum,
2331 3977 2656 4034 arroganter
2686 3981 2961 4038 agentem,
3011 3982 3174 4040 atque
3221 3972 3320 4028 has
3350 3988 3514 4030 voces

1921 4059 2260 4112 emittentem
2293 4074 2307 4123 ;
2353 4058 2470 4113 sive
2505 4059 2568 4112 ad
2603 4060 2767 4124 hunc,
2797 4062 3042 4129 inquam,
3077 4065 3196 4117 sive
3233 4066 3298 4118 ad
3332 4081 3516 4138 regem

1921 4148 2368 4220 Babyloniorum,
2409 4152 2502 4220 qui
2541 4151 2974 4223 Hierosolymam
3019 4157 3255 4221 obsedit,
3285 4167 3342 4212 et
3384 4170 3517 4213 tem-

1922 4245 2072 4312 plum
2111 4243 2376 4308 incendit,
2407 4253 2461 4298 et
2490 4247 2674 4299 omnia
2708 4261 2864 4300 sacra
2895 4263 3019 4302 vasa
3054 4249 3170 4318 ejus
3203 4259 3256 4303 et
3290 4251 3521 4308 donaria

1924 4335 2174 4400 abstulit,
2208 4353 2272 4391 ac
2316 4337 2368 4390 in
2427 4338 2539 4406 ipsa
2571 4337 2847 4408 Babylone
2881 4340 3036 4394 idolis
3078 4342 3190 4395 suis
3226 4357 3523 4398 consecra-

1925 4429 2040 4492 vit;
2080 4437 2270 4496 utpote
2303 4428 2394 4496 qui
2419 4429 2604 4498 gravia
2640 4439 2694 4484 et
2734 4431 2922 4484 insana
2956 4431 3204 4500 proferre
3236 4449 3401 4489 ausus
3425 4451 3519 4490 es-

1925 4533 2031 4586 set,
2049 4526 2344 4591 respondet
2363 4523 2720 4591 prOpheticus
2737 4538 2951 4577 sermo:
2981 4524 3205 4588 Deinde,
3232 4527 3524 4582 oomnium

217 4631 348 4666 δεται
378 4611 665 4682 φάσκωνό
690 4613 1024 4681 προφητικὺς
1045 4613 1225 4682 λόγος·
1249 4609 1514 4688 Εἷτα,(16)
1540 4608 1584 4671 ὦ
1611 4620 1813 4673 πάντωι

1941 4614 2288 4679 stultissime,
2321 4629 2426 4668 non
2452 4614 2605 4668 vides
2624 4629 2730 4670 non
2745 4629 2908 4684 posse
2931 4619 3190 4682 securim,
3226 4619 3376 4674 nullo
3395 4636 3528 4689 ope-

208 4707 605 4774 ἀφρονέστατε,
637 4703 700 4755 οὑ
727 4706 978 4773 συνορᾷς,
1007 4705 1090 4757 ὅτι
1120 4704 1245 4758 οὔτε
1279 4708 1444 4774 πέλυξ
1467 4711 1659 4763 ἑαυτόν
1682 4730 1813 4765 ποτε

210 4799 481 4866 κινήσειεν
518 4797 621 4848 ἐπὶ
658 4794 836 4866 κοπὴν
877 4795 1053 4860 ξύλου,
1094 4797 1172 4868 μὴ
1214 4799 1402 4869 ἐτέρου
1437 4802 1812 4873 ἐνεργοῦντος,

212 4887 326 4940 οὔτε
357 4890 544 4960 πρίων
579 4887 749 4940 διέλοι
776 4887 842 4940 ἂν
866 4888 934 4941 τὰ
964 4889 1098 4959 πρὸς
1130 4889 1296 4942 αὑτοῦ
1337 4893 1663 4965 πριζόμενα,
1704 4916 1811 4969 μη-

211 4977 352 5046 δενδς
390 4983 678 5045 ἕλκοντος,
733 4981 850 5032 οὐδὲ
892 4981 1087 5051 ῥάϐδος
1136 4980 1354 5051 τύψειεν
1395 4986 1459 5039 ἄν
1502 5005 1641 5055 τινα,
1689 4990 1811 5043 οὐδὲ

215 5072 364 5139 ξύλον
391 5076 658 5146 πλήξειεν
688 5074 1006 5144 αὐτομάτως
1041 5074 1190 5128 κινού
1201 5095 1392 5146 μενον;
1423 5079 1542 5151 Χρὴ
1574 5081 1629 5134 δὲ
1659 5082 1810 5150 λογί-

216 5171 427 5236 σασθαι,
457 5171 544 5224 ὅτι
571 5168 703 5222 οὔτε
735 5187 817 5223 σοι
838 5171 1065 5243 διακόνῳ
1088 5173 1203 5226 δντι
1229 5174 1327 5244 τῆς
1353 5172 1448 5225 τοῦ
1473 5174 1608 5227 Θεοῦ
1639 5176 1812 5248 ὀργῆς

212 5262 442 5332 τοσαύτη
475 5262 670 5332 παρῆν
700 5259 946 5332 δύναμις,
980 5265 1054 5328 ὡς
1095 5265 1303 5336 μυρίων
1330 5263 1498 5316 ἐθνῶν
1531 5282 1815 5334 κατακρα-

213 5355 392 5424 τῆσαι,
430 5358 528 5409 καὶ
580 5353 777 5407 τούσδε
818 5357 914 5425 μὲν
961 5357 1203 5420 κόπτειν,
1254 5357 1472 5426 ἑτέρους
1498 5355 1555 5408 δὲ
1602 5358 1810 5419 παίειν,

215 5447 392 5511 πόλεις
417 5467 482 5502 τε
544 5447 679 5510 ὅλας
709 5443 1273 5520 ἐξανδραποδίζεσθαι,
1303 5449 1398 5502 καὶ
1432 5449 1600 5519 μυρία
1630 5447 1810 5518 πλήθη

216 5547 727 5615 καταστρωννύναι,
766 5541 961 5603 παντὸς
994 5541 1231 5611 πρίονος,
1267 5541 1361 5593 καὶ
1394 5539 1682 5602 πελέκυος,
1718 5541 1814 5592 καὶ

215 5635 406 5705 ῥάϐδου
437 5637 653 5708 χείρονι
681 5632 976 5703 γενομένῳ,
1005 5635 1052 5686 εί
1080 5633 1153 5705 μὴ
1179 5631 1309 5696 Θεὸς
1336 5628 1404 5704 ἦν
1428 5634 1456 5685 6
1480 5635 1544 5702 τῇ
1575 5635 1641 5703 σῇ
1666 5632 1810 5703 χειρὶ

281 5778 392 5849 (l6)
435 5776 538 5833 Hic
571 5773 798 5830 Eusebii
835 5775 1186 5900 inmigretem
1226 5775 1340 5830 fere
1385 5777 1499 5846 agit
1550 5775 1811 5846 llierony-

281 5864 369 5900 [εει
409 5864 539 5900 am
568 5848 656 5900 sic
690 5844 872 5900 habet.
907 5864 925 5896 ι
1044 5846 1366 5900 stultissime
1398 5847 1807 5900 mortalium...

217 5844 369 5905 mus:
409 5864 539 5904 am
568 5848 656 5901 sic
690 5844 872 5909 habet,
907 5864 925 5896 ι
962 5844 1007 5900 Ο
1044 5846 1366 5901 stultissime
1398 5844 1807 5901 mortalium”).

212 5924 480 5986 quomodo
514 5919 560 5973 si
590 5914 806 5972 securis
845 5916 1112 5984 glorietur
1147 5926 1339 5972 contra
1369 5933 1490 5972 eum
1527 5917 1619 5987 qui
1652 5933 1813 5975 set-uc

1924 4722 2100 4774 raute,
2131 4710 2198 4765 ad
2235 4711 2440 4781 lignum
2477 4711 2794 4765 caedendum
2823 4726 2882 4767 se
2910 4727 3165 4776 movere;
3198 4729 3374 4784 neque
3405 4730 3525 4768 ser-

1925 4821 2041 4860 ram
2077 4804 2219 4874 ligna
2276 4803 2457 4872 posita
2507 4818 2716 4865 secare,
2751 4804 2965 4859 nemine
3011 4806 3304 4873 trahente;
3346 4820 3524 4874 neque

1927 4897 2137 4966 virgam
2173 4895 2478 4962 quempiam
2512 4902 2820 4962 percutere,
2851 4907 3024 4962 neque
3057 4894 3266 4964 lignum
3322 4905 3520 4963 suopte

1929 4998 2074 5042 motu
2101 4987 2349 5056 quemvis
2384 4985 2634 5040 cmdere?
2655 4984 3014 5056 Cogitandum
3030 4999 3161 5040 sane
3181 4995 3320 5050 erat,
3343 5002 3523 5056 neque

1926 5080 2044 5142 tibi,
2085 5080 2179 5132 irae
2207 5079 2298 5132 Dei
2333 5078 2604 5140 ministro,
2653 5079 2811 5132 talem
2847 5078 3090 5133 adfuisse
3146 5085 3470 5146 potestatem
3499 5122 3514 5144 ,

1925 5179 1984 5222 ut
2010 5169 2252 5222 inﬁnitas
2289 5177 2477 5238 gentes
2508 5171 2780 5231 domares,
2826 5183 3002 5237 neque
3044 5178 3101 5221 ut
3131 5167 3266 5222 alios
3295 5169 3516 5237 quidem

1922 5262 2184 5324 caederes,
2211 5258 2347 5313 alios
2371 5270 2705 5329 percuteres,
2726 5259 2976 5314 civitates
3002 5259 3240 5329 integras
3271 5260 3517 5327 captiuis

1918 5357 2168 5419 duceres,
2204 5372 2268 5410 ac
2306 5357 2652 5409 innumeram
2707 5356 3113 5410 multitudinem
3156 5365 3466 5425 protereres
3496 5398 3514 5424 ,

1919 5451 2110 5518 quavis
2133 5449 2503 5513 scrra,securi
2530 5455 2585 5500 et
2618 5448 2768 5519 virga
2803 5449 3087 5503 acerbior:
3120 5448 3222 5501 nisi
3252 5446 3395 5502 Deus
3429 5450 3515 5503 his

1921 5538 2200 5617 suppliciis
2229 5539 2421 5608 dignos
2453 5535 2545 5589 tibi
2582 5538 2920 5592 tradidisset.
2956 5537 3110 5591 Nunc
3163 5549 3329 5606 porro
3375 5537 3513 5591 nihil

1919 5646 2107 5684 eorum
2153 5630 2422 5698 cogitans,
2458 5626 2596 5682 altos
2624 5626 2849 5697 spiritus
2881 5628 3102 5697 cepisti;
3135 5627 3207 5680 ita
3236 5635 3293 5677 ut
3322 5635 3372 5679 te
3402 5643 3514 5680 ma-

1923 5774 2026 5898 Eitn
2058 5781 2227 5834 tenet,
2251 5783 2306 5825 et
2343 5783 2495 5824 serra
2532 5778 2718 5825 contra
2746 5771 2892 5826 illum
2932 5785 2960 5824 a
2991 5786 3098 5841 quo
3131 5769 3366 5824 trahitur
3397 5784 3412 5820 :
3452 5776 3512 5823 ct

1961 5857 2124 5898 tcanl.
2157 5862 2175 5895 ι
2208 5854 2313 5898 etC.

1961 5857 2124 5909 tcanl,
2157 5862 2175 5895 ι
2208 5854 2313 5898 etC.
