4090 6434
620 462 721 518 165

1254 446 1515 508 EUSEBII
1552 437 2029 502 CESARIENSIS
2064 434 2185 491 OPF

2285 431 2436 487 ἈΚΒ
2475 430 2561 484 Ill.
2601 457 2669 467 —
2708 418 3115 480 EXEGETICA.

3730 402 3841 463 166

616 596 774 650 gnam
804 576 949 631 illam
973 584 1207 637 mentem
1228 582 1355 624 esse
1381 575 1620 637 putares.
1653 560 1769 616 Non
1808 558 1949 614 enim
1984 569 2170 624 pacem

2285 548 2547 621 παραδοὺς
2574 546 2699 606 τοὺς
2730 542 2932 595 τούτων
2958 538 3161 603 ἀξίους.
3192 534 3329 589 Νυνὶ
3350 531 3407 585 δὲ
3438 529 3642 585 τούτων
3673 528 3843 600 μηδὲν

2441 639 2451 650 .
2683 637 2695 650 .
2752 635 2778 645 ~
2923 628 3139 650 -___._1_.
3209 626 3281 650 Δ--
3321 621 3609 650 ,μην-εδ..
3646 619 3843 650 ιαηι-λ..

615 645 764 726 illam
797 667 909 733 Dei,
945 679 1065 734 qua:
1087 670 1321 717 mentem
1345 671 1558 711 omnem
1585 659 1872 719 exsuperat
1896 648 1966 703 ob
1989 645 2172 701 oculos

613 758 892 828 ponebas;
939 755 1035 810 sed
1060 764 1113 808 te
1135 749 1372 804 omnium
1420 744 1710 798 maximum
1744 754 1864 795 esse
1904 746 2077 801 ratus,
2109 747 2173 788 ac

617 848 865 919 superbis
898 845 1070 902 oculis
1122 850 1311 895 contra
1347 838 1514 892 Deum
1560 834 1754 897 elatus,
1795 829 2031 901 gentium
2066 836 2173 881 ler-

617 941 795 994 minos
819 935 1144 993 confundere
1173 929 1443 997 cogitasti,
1486 940 1622 996 quos
1667 921 1906 978 deﬁnivit
1939 919 2077 974 Deus
2120 926 2175 971 et

618 1028 841 1098 pulchre
892 1020 1183 1084 ordinavit,
1222 1037 1240 1070 ι
1270 1018 1495 1085 Quando
1529 1016 1819 1085 separabat
1865 1011 2176 1067 Altissimus

615 1132 827 1190 gentes,
855 1125 911 1170 ut
934 1110 1319 1169 disseminabat
1344 1109 1483 1163 illius
1509 1109 1717 1173 Adam;
1752 1104 2033 1161 constituit
2064 1113 2174 1157 ter-

619 1209 793 1262 minos
850 1205 1089 1276 gentium
1148 1200 1439 1254 secundum
1498 1211 1781 1251 numerum
1860 1193 2173 1262 angelorum

619 1296 714 1352 Dei
748 1299 812 1353 ⁸⁶.
859 1314 877 1347 ι
925 1293 1005 1348 Tu
1049 1307 1176 1346 vero
1218 1288 1476 1357 sapientia
1536 1297 1591 1340 et
1638 1284 1837 1341 erranti
1896 1282 2175 1354 prudentia

619 1401 710 1445 tua
744 1388 1037 1442 arbitratus
1074 1399 1136 1439 es
1157 1395 1315 1453 posse
1348 1390 1401 1435 te
1429 1395 1459 1433 a
1496 1380 1605 1433 Deo
1635 1378 1802 1447 probe
1852 1375 2176 1430 constitutos

620 1480 879 1533 terminos
914 1475 1016 1529 alio
1057 1471 1373 1532 transferre,
1398 1479 1558 1539 atque
1589 1478 1754 1522 totum
1779 1468 1963 1521 orbem
1986 1465 2174 1520 ditioni

620 1581 725 1625 tum
757 1570 1020 1639 subigere.
1060 1565 1190 1618 Nam
1234 1561 1529 1625 aestimasti,
1563 1560 1833 1613 neminem
1878 1557 1942 1610 iis
1967 1555 2177 1625 prospi-

620 1677 745 1717 cere
770 1661 853 1715 vel
900 1654 1249 1729 patrocinari,
1310 1652 1589 1720 Deumque
1640 1649 1883 1704 homines
1922 1648 2014 1717 qui
2053 1655 2176 1701 sunt

618 1770 783 1823 super
814 1763 1007 1806 terram
1042 1746 1171 1802 nihil
1206 1758 1395 1799 curare
1426 1760 1439 1796 :
1486 1742 1834 1810 quamobrem
1868 1749 2056 1809 gentes
2087 1753 2177 1791 or-

621 1849 704 1901 bis
736 1843 993 1904 universi,
1026 1839 1175 1909 quasi
1205 1838 1376 1904 pullos
1419 1836 1682 1897 desertos,
1736 1843 1826 1886 aut
1854 1848 1953 1887 ova
1983 1830 2175 1885 dereli-

615 1946 727 1999 cta,
754 1945 805 1989 te
828 1906 1108 2001 capturum
1138 1929 1390 1997 opinatus
1427 1940 1505 1978 es.
1556 1924 1783 1992 Oportet
1813 1924 1976 1993 igitur
2025 1932 2173 1975 recta
2206 1906 2246 1959 Β

620 2024 945 2095 cogitatione
990 2028 1202 2088 putare,
1266 2025 1315 2069 te
1355 2030 1421 2068 ne
1465 2030 1557 2068 eos
1590 2014 1805 2083 quidem
1855 2027 1989 2081 quos
2050 2012 2175 2066 sub-

615 2115 795 2184 egisti,
827 2114 945 2167 sine
973 2120 1101 2166 nutu
1150 2108 1243 2161 Dei
1281 2106 1569 2161 domuisse.
1621 2104 1773 2161 Unde
1801 2118 2033 2171 namque
2081 2102 2175 2157 tibi

622 2207 742 2261 talis
769 2213 1007 2274 potestas
1052 2200 1330 2261 adfuisset,
1371 2198 1474 2252 nisi
1513 2200 1651 2253 Deus
1704 2197 1757 2250 id
1798 2195 2175 2265 permisisset,

594 2314 793 2367 ,neque
814 2308 865 2351 te
893 2305 951 2350 ut
978 2296 1335 2349 instrumento
1387 2294 1452 2347 ad
1504 2290 1915 2359 castigationem
1959 2296 2014 2341 et
2050 2302 2179 2356 sup-

616 2388 837 2458 plicium
864 2401 1071 2451 eorum,
1105 2385 1195 2454 qui
1218 2384 1557 2452 correptione
1585 2389 1639 2435 et
1664 2377 2017 2434 conversione
2046 2392 2180 2449 opus

617 2477 910 2538 habebant,
929 2490 1055 2530 usus
1086 2474 1317 2528 luisset?

692 2567 856 2623 Vens.
891 2566 979 2632 l7,
1025 2565 1107 2619 l8.
1144 2582 1162 2615 ι
1194 2564 1260 2617 Et
1281 2564 1385 2617 erit
1411 2562 1589 2617 lumen
1614 2559 1778 2616 Israel
1814 2559 1868 2615 in
1896 2560 2096 2630 ignem,
2125 2567 2180 2613 et

621 2656 983 2714 sanctiﬁcabit
1004 2654 1152 2709 illum
1172 2655 1224 2709 in
1246 2654 1369 2724 igne
1400 2662 1587 2709 urente
1612 2670 1628 2707 :
1649 2662 1700 2707 et
1727 2652 2003 2707 devorabit
2023 2652 2177 2721 quasi

624 2749 803 2803 fenum
836 2748 1043 2802 silvam.
1071 2746 1126 2801 In
1163 2746 1251 2800 illa
1294 2748 1377 2802 die
1407 2746 1819 2813 exstinguentur
1852 2752 2084 2807 montes,
2127 2750 2180 2793 et

622 2838 790 2892 colles
826 2846 881 2891 et
914 2837 1084 2891 silvae.
1116 2854 1134 2886 ι
1174 2836 1292 2905 Ipse
1326 2835 1415 2905 qui
1450 2834 1578 2891 olim
1601 2832 1856 2903 populum
1883 2846 2037 2887 suum
2064 2830 2182 2885 illu-

622 2929 861 2984 minabat
885 2932 1021 2983 Deus
1046 2969 1061 2994 ,
1105 2938 1159 2983 et
1202 2927 1578 2982 sanctiﬁcabat
1605 2926 1753 2979 illum
1779 2965 1795 2991 ,
1825 2923 1924 2978 tibi
1952 2924 2182 2992 superbo

624 3022 762 3092 ignis
790 3020 1015 3076 enectus
1044 3027 1147 3075 est.
1198 3017 1304 3072 Pro
1341 3016 1433 3072 illo
1466 3025 1643 3070 autem
1672 3053 1689 3080 ,
1726 3033 1745 3066 ι
1783 3014 1849 3069 Ει
1877 3013 2183 3069 sanctifica-

621 3111 702 3166 bit
734 3110 879 3164 illum
911 3110 964 3163 in
993 3109 1115 3178 igne
1152 3114 1365 3169 urente,
1399 3123 1419 3157 ι
1461 3103 1817 3175 Symmachus
1843 3144 1859 3167 ,
1899 3122 1917 3155 ι
1948 3101 2015 3157 Ει
2060 3118 2185 3157 san-

624 3210 744 3256 ctus
779 3200 893 3270 ejus
920 3200 972 3252 in
1006 3198 1297 3256 ﬂammam.
1339 3215 1359 3249 ι
1402 3195 1536 3251 Nam
1565 3196 1687 3260 tibi,
1717 3194 1916 3264 inquit,
1937 3194 2180 3264 Assyrio,

620 3290 718 3362 qui
754 3289 917 3361 impie
944 3298 997 3344 et
1037 3288 1242 3348 tumide
1268 3282 1507 3358 cogitare
1538 3300 1704 3339 ausus
1729 3299 1809 3349 es,
1840 3291 2061 3340 sanctus
2107 3282 2185 3338 ls-

627 3383 763 3448 rael,
786 3393 837 3437 et
855 3381 946 3451 qui
978 3381 1104 3435 olim
1132 3378 1244 3448 ejus
1280 3379 1371 3432 lux
1401 3376 1521 3441 fuit,
1559 3374 1904 3433 inlammam
1934 3383 1989 3430 et
2011 3374 2187 3445 ignem

625 3472 838 3528 evadet.
858 3468 1094 3525 Collibus
1123 3481 1270 3535 vero,
1303 3467 1579 3521 montibus
1608 3474 1662 3519 et
1698 3464 1871 3528 silvis,
1899 3478 1931 3519 e
1962 3476 2024 3517 re
2048 3478 2191 3517 com-

625 3570 785 3633 parat
812 3560 955 3614 illam
984 3558 1327 3628 Assyriorum
1362 3554 1796 3621 multitudinem;
1821 3552 1986 3609 duces
2011 3561 2189 3607 autem

629 3669 836 3713 eorum,
861 3662 915 3705 et
941 3650 1030 3719 qui
1068 3649 1190 3703 aliis
1217 3654 1503 3717 pmemnt,
1534 3646 1689 3715 quasi
1705 3646 1869 3701 colles
1896 3655 1952 3701 et
1978 3654 2190 3700 montes

631 3742 782 3798 dicit.
823 3741 929 3797 Sed
981 3740 1056 3795 illi
1096 3739 1313 3809 quidem
1354 3740 1807 3809 exstinguentur;
1856 3736 1909 3792 id
1942 3746 2070 3802 est,
2114 3735 2191 3791 illi

628 3828 765 3889 olim
793 3846 985 3903 graves
1013 3840 1068 3886 et
1096 3830 1379 3895 ardentes,
1408 3829 1495 3886 vel
1525 3830 1699 3893 inviti,
1734 3827 1912 3899 {rigidi
1937 3829 2187 3884 evadent.

632 3922 778 3979 κοτε
804 3924 1003 3994 quippe
1030 3922 1150 3977 illos
1178 3921 1462 3977 devorabit
1483 3959 1500 3985 ,
1533 3928 1740 3975 tantum
1766 3933 1872 3974 non
1899 3929 1957 3974 et
1982 3920 2193 3975 animas

632 4031 759 4074 cum
784 4015 1101 4085 corporibus
1126 4015 1440 4069 absumens.
1467 4011 1620 4080 Quod
1636 4020 1831 4068 mutem
1867 4012 2061 4089 anima:
2080 4027 2191 4067 non

637 4122 743 4164 una
790 4122 913 4162 cum
945 4105 1259 4175 corporibus
1290 4103 1567 4173 tollantur,
1602 4106 1798 4174 cuique
1846 4103 2191 4159 manifestum

634 4209 721 4257 est
754 4199 937 4269 :quod
976 4199 1166 4251 auium
1199 4197 1507 4253 firmitatem
1542 4195 1867 4252 subindicat.
1914 4193 2049 4250 Cum
2098 4193 2193 4249 sil-

637 4305 759 4345 vam
796 4290 962 4352 dicit,
1015 4288 1405 4343 multitudinem
1452 4302 1571 4357 quae
1612 4302 1735 4342 cum
1780 4300 1907 4356 rege
1938 4284 2190 4356 Assyrio-

637 4397 756 4436 rum
791 4388 908 4435 erat
930 4378 1150 4433 denotat
1187 4395 1201 4431 :
1233 4378 1536 4448 Carmelum
1565 4392 1731 4441 vero,
1754 4386 1815 4432 ut
1835 4377 1912 4431 ait
1947 4375 2195 4446 Symma-

637 4473 771 4527 chus
792 4512 809 4539 ,
853 4471 966 4540 ejus
999 4471 1213 4526 divitias
1249 4477 1561 4539 nuncupat,
1610 4482 1817 4523 necnon
1847 4466 2144 4536 voluptates
2172 4482 2189 4520 :

2270 619 2644 708 λογισάμενος,
2680 635 2888 704 ἐπῆρας
2914 628 3163 691 σεαυτὸν,
3206 626 3281 689 ὡς
3321 621 3609 677 ὑπολύεῖν
3645 619 3845 673 σαυτὸν

2270 730 2407 786 εἶναι
2439 732 2530 785 τὸν
2577 729 2751 799 μέγαν
2781 723 2926 777 νοῦν.
2978 722 3053 775 Οὐ
3086 720 3195 791 γάρ
3229 718 3351 771 ἔθου
3393 715 3497 787 πρὸ
3543 711 3845 783 ὀφθαλμῶν

2270 828 2367 897 τὴν
2399 825 2621 897 είρήνην
2651 820 2744 873 τοῦ
2773 816 2907 872 Θεοῦ
2938 816 3035 885 τὴν
3064 813 3437 884 ὑπερέχουσαν
3469 808 3648 861 πάντα
3676 805 3807 897 νοῦν
3826 822 3841 836 ·

2274 895 2364 970 καὶ
2403 895 2619 969 πάντων
2666 911 2919 983 μέγιστον
2970 904 3199 974 νομίσας
3247 897 3387 955 εἶναι
3422 898 3632 962 ἑαυτὸν,
3667 895 3847 966 ὑπερ-

2274 1002 2568 1077 ηφάνοιςδὲ
2596 1000 2890 1069 ὀφθαλμοῖς
2922 991 3287 1063 κατεπαρθεὶς
3316 990 3410 1043 τοῦ
3443 986 3601 1050 Θεοῦ,
3633 987 3849 1057 διενοή-

2274 1096 2372 1165 θης
2414 1094 2481 1147 τὰ
2512 1094 2636 1163 ὅρια
2670 1090 2778 1142 τῶν
2809 1088 2978 1141 ἐθνῶν
3013 1085 3278 1155 συγχέειν,
3321 1083 3357 1135 ἃ.
3392 1084 3427 1145 6
3451 1081 3581 1143 Θεὸς
3624 1077 3849 1149 διώρισε

2274 1189 2368 1242 καὶ
2392 1183 2599 1249 διέταξε
2632 1182 2829 1245 καλῶς,
2854 1182 3011 1233 (Ὅτε
3031 1175 3331 1248 διεμέριζεν
3347 1176 3472 1245 ἔθνη
3501 1177 3529 1228 6
3562 1173 3851 1242 ’Υψιστος,

2273 1279 2347 1343 ὡς
2375 1279 2676 1346 διέσπειρεν
2706 1274 2852 1335 υἱοὺς
2890 1271 3076 1340 Ἀδάμ·
3110 1271 3335 1340 ἔστησεν
3356 1269 3477 1338 ὅρια
3507 1266 3671 1320 ἐθνῶν
3702 1262 3851 1317 κατὰ

2276 1369 2505 1441 ἀριθμὸν
2535 1366 2778 1435 ἀγγέλων
2808 1362 2961 1415 Θεοῦ.
2987 1383 3003 1413 ι
3034 1363 3106 1415 Σὺ
3130 1360 3184 1413 δὲ
3214 1363 3280 1429 τῇ
3315 1358 3539 1412 σεαυτοῦ
3568 1355 3727 1426 σοφίᾳ
3750 1354 3850 1406 καὶ

2273 1466 2339 1532 τῇ
2367 1457 2751 1528 πεπλανημένη
2788 1455 2999 1508 συνέσει
3032 1452 3212 1524 ᾠήθης
3244 1450 3502 1504 δύνασθαι
3535 1447 3847 1520 μεταθεῖναι

2280 1554 2376 1621 μὲν
2427 1552 2550 1613 τοὺς
2585 1548 2689 1602 ὑπὸ
2738 1546 2832 1600 τοῦ
2879 1545 3012 1598 Θεοῦ
3062 1540 3121 1597 εῦ
3167 1540 3615 1611 διατεταγμένους
3661 1541 3846 1609 ὅρους,

2252 1640 2581 1714 ὑποχείριον
2628 1641 2685 1693 δὲ
2753 1636 2933 1708 σαυτῷ
2980 1635 3077 1706 τὴν
3125 1633 3446 1704 οἰκουμένην
3494 1629 3847 1701 ποιήσασθαι.

2276 1736 2492 1803 Μηδένα
2540 1733 2648 1804 γάρ
2700 1733 2901 1801 ὲφορᾷν
2956 1728 3087 1799 μηδὲ
3139 1723 3643 1795 άντιλαμῦάνεσθαι,
3712 1721 3851 1793 μηδὲ

2278 1823 2395 1893 Θεῷ
2425 1822 2637 1893 μέλλειν
2667 1820 2774 1873 τῶν
2823 1820 2915 1871 ἐπὶ
2955 1819 3057 1889 γῆς
3096 1814 3397 1887 ἀνθρώπων
3448 1814 3725 1883 ἐνόμισαςο
3766 1810 3852 1865 διὸ

2274 1914 2461 1984 ὥσπερ
2512 1912 2741 1965 νεοττῶν
2792 1913 3032 1981 ὲρήμων,
3081 1908 3272 1980 ἢώῶν
3315 1904 3847 1975 καταλελειμμένων,

2275 2004 2541 2067 ὑπέλαϐες
2575 2005 2866 2075 κρατήσειν
2897 2002 3003 2054 τῶν
3030 2001 3122 2053 ἐπὶ
3153 2001 3253 2069 τῆς
3294 1998 3617 2069 οἰκουμένης
3650 1996 3845 2050 ἐθνῶν.

2273 2100 2364 2151 Δεῖ
2386 2092 2477 2150 οῦν
2509 2095 2655 2167 ὀρθῷ
2679 2093 2921 2164 λογισμῷ
2952 2092 3317 2162 διανοηθῆναι,
3340 2091 3423 2144 ὅτι
3447 2090 3539 2142 καὶ
3562 2088 3741 2143 αὐτῶν
3770 2080 3853 2141 ὧν

2276 2187 2605 2257 ἐκράτησας,
2655 2184 2753 2237 οὑκ
2809 2184 2936 2237 ἄνευ
3000 2181 3135 2235 Θεοῦ
3186 2180 3453 2252 νεύματος
3508 2180 3850 2252 περιεγένου.

2277 2280 2445 2333 Πόθεν
2474 2279 2581 2349 γάρ
2617 2294 2698 2329 σοι
2731 2275 2914 2347 παρῆν
2940 2274 3164 2344 τοιαύτη
3198 2274 3435 2339 ἐξουσία,
3473 2275 3546 2345 μὴ
3583 2272 3678 2327 τοῦ
3708 2271 3850 2325 Θεοῦ

2279 2367 2781 2438 συγκεχωρηκότος,
2811 2366 2907 2418 καὶ
2937 2364 3125 2436 ὥσπερ
3155 2364 3369 2435 ὀργάνῳ
3396 2363 3741 2438 χρησαμένου
3768 2379 3856 2415 σοι

2276 2458 2370 2511 ἐπὶ
2393 2456 2658 2527 τιμωρίαν
2687 2455 2782 2508 καὶ
2803 2455 3020 2508 κόλασιν
3046 2454 3155 2508 τῶν
3181 2454 3511 2526 ἐπιστροφῆς
3550 2453 3856 2524 δεομένων;

2356 2568 2376 2602 ι
2409 2549 2520 2603 Καὶ
2545 2548 2697 2602 ἔσται
2721 2546 2781 2601 τὸ
2805 2545 2921 2616 φῶς
2946 2545 3040 2599 τοῦ
3076 2545 3290 2618 Ἰσραὴλ
3318 2549 3397 2611 εἰς
3425 2546 3555 2618 πῦρ,
3576 2548 3670 2599 καὶ
3696 2547 3857 2614 ἁγιά-

2280 2660 2363 2695 σει.
2387 2641 2548 2694 αὑτὸν
2587 2642 2643 2693 ὲν
2676 2640 2809 2710 πυρὶ
2843 2639 3114 2710 καιομένῳ
3134 2655 3147 2668 ·
3176 2639 3271 2693 καὶ
3314 2639 3684 2707 κσταφάγεται
3720 2638 3859 2691 ὡσεὶ

2280 2736 2472 2806 χόρτον
2508 2732 2604 2804 τὴν
2639 2732 2792 2803 ὑλην.
2822 2733 2901 2803 Τῇ
2942 2731 3125 2802 ἡμέρᾳ
3153 2730 3335 2803 ἐκείνῃ
3386 2729 3858 2801 ἀποσϐεσθήσεται

2279 2826 2348 2877 τά
2373 2825 2473 2895 ὅρη
2500 2826 2596 2877 καὶ
2614 2824 2663 2876 οἱ
2688 2822 2885 2894 βουνοὶ,
2919 2822 3011 2875 καὶ
3042 2824 3091 2874 οῖ
3114 2821 3330 2893 δρυμοί.
3362 2839 3379 2873 ι
3415 2821 3585 2885 Αὐτὸς
3619 2823 3650 2874 6
3686 2822 3859 2875 πάλαι

2282 2916 2532 2983 φωτίζων
2557 2914 2648 2967 τὸν
2674 2912 2867 2967 ἑαυτοῦ
2901 2908 3025 2967 λαὸν
3053 2913 3203 2979 Θεὸς,
3238 2915 3333 2967 καὶ
3374 2916 3615 2983 ἁγιάζων
3650 2915 3817 2967 αὑτὸν
3841 2956 3857 2979 ,

2285 3007 2369 3059 σοὶ
2410 3005 2489 3077 τῷ
2530 3006 2862 3076 ὑπερηφάνῳ
2900 3007 3181 3077 γινόμενος
3227 3005 3360 3077 πῦρ.
3431 3007 3575 3059 ’Δντὶ
3620 3007 3679 3060 δὲ
3722 3007 3857 3071 τοῦ,

2290 3113 2309 3147 t
2344 3096 2454 3149 Καὶ
2483 3094 2703 3163 ἁγιάσει
2732 3094 2895 3148 αὑτὸν
2928 3095 2986 3147 ἐν
3020 3095 3153 3166 πυρὶ
3198 3095 3489 3166 καιομένῳ,
3522 3113 3541 3147 ι
3571 3097 3600 3149 6
3631 3095 3862 3167 Σύμμα-

2291 3203 2416 3255 χος,
2468 3204 2487 3237 ι
2528 3187 2639 3240 Καὶ
2681 3188 2711 3240 6
2750 3186 2905 3255 ἆγιος
2947 3185 3109 3241 αὑτοῦ
3162 3189 3238 3249 είς
3290 3186 3481 3256 φλόγα.
3529 3206 3547 3239 ι
3579 3186 3671 3240 Σοὶ
3714 3186 3860 3259 γὰρ,

2291 3278 2444 3348 φησὶ,
2477 3277 2555 3350 τῷ
2600 3278 2886 3349 Ἀσσυρίῳ,
2915 3276 3086 3349 ἀσεϐῆ
3116 3280 3210 3331 καὶ
3232 3279 3513 3351 ὑπέρογκα
3537 3277 3860 3347 λογίσασθαι

2288 3369 2662 3441 τετολμηκότι,
2685 3372 2713 3421 6
2733 3370 2888 3437 ἅγιος
2923 3368 3155 3442 Ἰσραὴλ,
3184 3371 3278 3424 καὶ
3304 3372 3332 3423 6
3364 3371 3529 3425 πάλαι
3553 3371 3667 3440 φῶς
3691 3369 3859 3429 αὑτοῦ
3938 3434 3945 3437 ν

2292 3458 2548 3527 γεγονὼς,
2583 3462 2661 3524 είς
2692 3460 2865 3530 φλόγα
2909 3462 3002 3515 καὶ
3034 3463 3113 3526 είς
3155 3462 3265 3534 πῦρ
3292 3464 3591 3534 γενήσεται.
3638 3463 3862 3527 Βουνοῖς

2289 3553 2347 3606 δὲ
2376 3553 2471 3607 καὶ
2500 3553 2648 3625 ὄρεσι
2674 3554 2767 3607 καὶ
2791 3554 3012 3625 δρυμοῖς
3040 3554 3359 3627 παρεικάζει
3380 3555 3577 3619 καλῶς,
3606 3556 3777 3626 αὑτήν
3796 3572 3858 3608 τε

2292 3642 2398 3695 τῶν
2441 3642 2741 3714 Ἀσσυρίων
2779 3643 3009 3714 πληθὺν,
3043 3644 3139 3697 καὶ
3168 3645 3293 3708 τοὺς
3318 3644 3647 3716 ἡγουμένους
3686 3644 3861 3714 αὑτῆς

2292 3734 2386 3785 καὶ
2411 3732 2517 3787 τῶν
2549 3733 2721 3789 ἄλλων
2742 3733 3126 3806 ὑπερέχοντας,
3151 3734 3399 3807 καθάπερ
3430 3735 3647 3806 βουνοὺς
3668 3735 3701 3806 ἢ
3731 3734 3861 3807 ὅρη.

2306 3823 2444 3875 Ἀλλ’
2468 3819 2614 3879 οῦτοι
2638 3825 2736 3895 μὲν
2763 3825 3282 3898 άποσὸεσθήσονται,
3305 3830 3596 3893 τουτέστιν,
3619 3828 3668 3881 oi
3690 3827 3862 3881 πάλαι

2292 3915 2456 3969 δεινοὶ
2484 3917 2578 3970 καὶ
2613 3916 2825 3988 θερμοὶ,
2870 3919 2963 3972 καὶ
2995 3919 3093 3991 οὑχ
3119 3918 3334 3982 ἑκόντες
3360 3918 3859 3990 καταψυγήσονται.

2293 4006 2683 4077 Καταφάγεται
2718 4008 2827 4081 γὰρ
2859 4010 3055 4075 αὐτοὺς
3084 4012 3114 4064 6
3151 4011 3406 4075 θάνατος,
3451 4009 3729 4082 μονονουχὶ
3764 4012 3864 4065 καὶ

2293 4098 2469 4169 ψυχὰς
2500 4099 2751 4155 δαπανῶν
2784 4101 2879 4156 καὶ
2905 4103 3083 4174 σῶμα.
3119 4104 3240 4157 Ὅτι
3276 4102 3374 4173 μὲν
3398 4102 3508 4173 γὰρ
3559 4103 3620 4155 οὑ
3667 4119 3864 4155 συναν-

2293 4188 2523 4260 ῄρηνται
2551 4193 2662 4255 τοῖς
2686 4191 2930 4262 σώμασιν
2949 4194 3209 4265 αίψυχαὶ,
3235 4195 3395 4249 παντί
3421 4213 3499 4266 τῳ
3527 4196 3695 4263 σαφές
3719 4196 3860 4250 ἐστι’

2296 4281 2626 4352 ὑπεμφαίνει
2654 4283 2711 4336 δὲ
2735 4283 2906 4356 δήπου
2932 4285 2995 4338 τὸ
3015 4287 3115 4357 τῆς
3137 4286 3317 4357 ψυχῆς
3342 4286 3611 4349 εὐσθενές.
3645 4288 3865 4358 Δρυμὸν

2293 4373 2350 4426 δὲ
2393 4373 2584 4443 λέγων,
2633 4376 2702 4429 τὰ
2743 4376 2921 4449 πλήθη
2952 4379 3019 4433 τά
3068 4380 3163 4432 σὺν
3193 4378 3272 4449 τῷ
3320 4378 3527 4449 βασιλεῖ
3563 4379 3865 4453 Ἀσσυρίων

2293 4463 2467 4535 δηλοῖ’
2503 4466 2798 4537 Κάρμηλον
2823 4468 2901 4536 δὲ,
2931 4468 3007 4532 ὡς
3028 4470 3057 4522 6
3086 4470 3379 4541 Σύμμαχος
3399 4486 3551 4542 φησι,
3578 4472 3668 4526 τὸν
3698 4472 3864 4529 πλοῦ-

638 4579 757 4633 (ιυαι
787 4561 1110 4618 absumenda
1151 4559 1281 4616 dicit
1313 4561 1383 4615 ab
1414 4559 1605 4615 ultrice
1640 4558 1884 4629 praedicti
1912 4556 2053 4627 ignis
2078 4556 2185 4612 vio-

2295 4569 2385 4605 τον
2425 4554 2589 4608 αὑτοῦ
2629 4557 2722 4611 xai
2754 4557 2853 4629 τὴν
2902 4558 3131 4631 τρυφὴν,
3174 4561 3318 4632 άπερ
3359 4560 3533 4615 πάντα
3576 4563 3864 4629 ἀναλωθή-

638 4654 819 4709 lentia.

715 4833 875 4889 Vens.
915 4834 1001 4889 i9.
1040 4853 1059 4886 ι
1094 4834 1158 4888 Et
1182 4833 1460 4889 devorabit
1490 4834 1557 4888 ab
1584 4833 1761 4888 anima
1789 4846 1959 4901 usque
1988 4832 2054 4887 ad
2081 4846 2197 4887 car-

641 4942 737 4982 nes
768 4944 782 4980 :
820 4938 875 4980 et
898 4926 1003 4979 erit
1034 4926 1121 4994 qui
1150 4924 1315 4995 fugiet
1336 4925 1489 4994 quasi
1524 4924 1732 4995 fugiens
1759 4939 1788 4977 a
1808 4924 2022 4978 ﬂamma
2044 4939 2197 4978 uren-

2300 4645 2483 4699 σεσθαί
2532 4666 2693 4719 φησιν
2744 4652 2849 4704 ὑπὸ
2907 4653 3005 4724 τῆς
3049 4651 3375 4723 κολαπικῆς
3421 4654 3704 4726 δυνάμεως
3762 4657 3861 4710 τοῦ

2299 4739 2679 4811 προλεχθέντος
2699 4743 2885 4815 πυρός.

2374 4851 2390 4881 ι
2427 4833 2534 4886 Καὶ
2574 4834 2945 4902 καταφάγεται
2980 4833 3090 4887 άπὸ
3132 4833 3308 4905 ψυχῆς
3337 4834 3439 4899 ἕως
3483 4835 3722 4907 σαρκῶν,
3769 4840 3864 4892 καὶ

2296 4923 2445 4975 ἔσται
2472 4926 2499 4976 6
2525 4924 2757 4993 φεύγων,
2794 4926 2868 4989 ὼς
2888 4928 2917 4978 6
2941 4925 3153 4996 φεύγων
3177 4929 3285 4983 ἀπὸ
3328 4928 3521 4998 φλογὸς
3546 4928 3861 4999 καιομένης.

639 5026 711 5070 te.
754 5015 821 5069 Et
850 5016 939 5085 qui
969 5016 1339 5085 relinquentur
1375 5030 1441 5069 ex
1475 5016 1604 5083 ipsis
1631 5029 1886 5069 numerus
1916 5023 2074 5068 erunt
2098 5054 2112 5079 ,
2143 5025 2185 5069 el

2298 5016 2406 5067 Καὶ
2455 5017 2502 5068 οἱ
2552 5016 3000 5086 καταλειφθέντες
3024 5020 3119 5073 ἀπ’
3148 5021 3327 5074 αὑτῶν
3353 5020 3581 5093 ἀριθμὸς
3626 5021 3863 5085 ἔσονται,

645 5122 778 5175 puer
800 5106 995 5161 scribet
1026 5121 1138 5161 eos.
1181 5124 1200 5158 ι
1240 5104 1372 5160 Cum
1408 5106 1551 5169 haec,
1583 5105 1773 5175 inquit,
1809 5105 2033 5176 Assyrio
2063 5120 2195 5160 con—

645 5198 888 5267 tigerint.
922 5197 1010 5251 ille
1031 5197 1154 5266 fuga
1181 5211 1237 5251 se
1260 5196 1537 5267 proripiet,
1566 5206 1722 5263 atque
1747 5210 1935 5249 omnes
1963 5195 2052 5264 qui
2076 5210 2194 5249 cum

646 5289 738 5343 illo
765 5298 924 5342 erunt
950 5328 964 5351 ,
1010 5288 1236 5355 idipsum
1279 5297 1458 5357 agent.
1506 5286 1660 5353 Quod
1707 5286 1751 5339 si
1792 5284 2007 5355 quidam
2041 5285 2196 5354 pauci

2302 5107 2391 5159 καὶ
2419 5106 2623 5160 παιδίον
2645 5107 2843 5177 γράψει
2878 5108 3092 5174 αὑτούς.
3124 5130 3143 5162 ι
3187 5112 3455 5175 Ἐπειδὰν,
3498 5114 3649 5184 φησὶ,
3690 5112 3862 5167 ταῦτα

2302 5196 2377 5265 τῷ
2415 5196 2681 5269 ’Δσσυρίῳ
2711 5198 2912 5268 ωμὸῇ,
2942 5199 3169 5272 δρασμῷ
3208 5202 3549 5273 χρησάμενος
3588 5204 3863 5272 φεύξεται,

2302 5286 2433 5339 οἵτε
2476 5288 2573 5340 σὺν
2613 5288 2763 5359 αὑτῷ
2808 5290 3006 5354 πάντες
3036 5291 3194 5345 τοῦτο
3220 5294 3534 5367 πράξουσιν.
3577 5297 3639 5350 Ei
3672 5296 3728 5349 δέ
3762 5316 3864 5351 που

646 5377 1040 5445 relinquantur,
1092 5387 1168 5431 tot
1196 5387 1395 5443 erunt,
1441 5387 1501 5431 ut
1534 5376 1704 5445 possit
1745 5377 1917 5444 quivis
1943 5376 2185 5446 puerulus

2305 5374 2525 5446 βραχεῖς
2551 5395 2693 5442 τινες
2716 5379 3143 5451 καταλειφθεῖεν,
3182 5384 3421 5438 τοσοῦτοι
3454 5384 3685 5451 ἔσονται,
3722 5389 3864 5443 ὥστεΙ

649 5468 859 5522 illorum
897 5481 1173 5521 numerum
1208 5468 1423 5539 assequi
1450 5507 1466 5533 ,
1510 5482 1574 5523 ac
1604 5466 1806 5536 scripto
1839 5468 2157 5537 consignare
2180 5506 2196 5530 ,

651 5558 852 5625 reliqua
900 5557 1236 5624 multitudine
1278 5560 1346 5615 de
1381 5559 1559 5614 medio
1602 5557 1833 5613 sublata.
1869 5556 1993 5613 Haec
2020 5567 2076 5611 et
2104 5571 2201 5613 se-

649 5646 880 5701 cundum
920 5646 1149 5701 litteram
1188 5659 1244 5704 et
1269 5649 1559 5705 secundum
1594 5656 1828 5707 mentem
1858 5648 1999 5705 dicta
2030 5655 2198 5714 sunt;

722 5822 769 5855 ⁸⁸
800 5824 952 5880 Deut.
993 5839 1160 5892 χχιιι,
1204 5826 1256 5883 8.

2303 5465 2559 5522 δύνασθαι
2585 5470 2679 5522 καὶ
2706 5471 2767 5523 τὸ
2788 5472 2948 5543 τυχὸν
2978 5475 3182 5529 παιδίον
3209 5476 3299 5529 τὸν
3314 5475 3543 5549 ἀριθμὸν
3564 5479 3747 5533 αὐτῶν
3774 5499 3866 5536 πε·

2307 5558 2566 5628 ριλαδεῖν,
2601 5562 2695 5615 καὶ
2716 5568 2901 5638 γραφῇ
2934 5567 3288 5639 παραδοῦναι,
3310 5568 3403 5623 τοῦ
3422 5567 3609 5627 λοιποῦ
3630 5572 3869 5646 πλήθους

2306 5650 2661 5718 ἀπολωλότος.
2693 5654 2877 5710 Ταῦτα
2905 5660 2999 5715 καὶ
3022 5661 3157 5732 πρὸς
3189 5660 3332 5729 λέξιν
3357 5661 3571 5735 εἴρηται
3611 5666 3708 5721 καὶ
3735 5666 3871 5741 πρὸς
