4090 6440
188 470 281 524 165
1137 456 1640 516 COMMENTARIA
1679 454 1744 510 IN
1782 453 2036 511 ISAIAM.
2075 483 2141 496 -—-
2173 451 2328 508 CAP.
2371 452 2438 508 x.

3356 454 3460 509 l66

186 587 444 642 δῶνοιαν·
491 582 642 658 πρὸς
693 578 795 651 μὲν
825 580 992 644 λεςιν,
1034 577 1384 650 ἀνηνεγμένα
1411 575 1503 628 ἐπὶ
1539 575 1631 628 τὸν
1660 573 1776 628 Να-

1887 573 2174 627 secundum
2206 570 2446 625 litteram
2485 567 2730 639 quidem,
2777 569 2823 623 si
2864 570 2932 622 ad
2963 567 3460 627 Nabuchodonoso-

186 677 609 748 σονχοδονόσορ,
667 674 763 726 τὸν
811 672 1169 742 ἐμπρήσαντα
1213 667 1308 722 τὸν
1362 668 1489 720 ναὸν
1534 667 1629 720 καὶ
1677 665 1776 736 τὴν

189 772 330 826 πόλιν
354 787 369 802 ⁸
408 768 551 840 πρὸς
568 767 629 819 δὲ
659 765 925 829 διάνοιαν,
959 763 1051 816 ἐπὶ
1076 763 1174 832 τὴν
1203 759 1591 830 ἀντικειμένην
1616 758 1777 811 δύνα-

194 883 295 935 μιν,
328 857 396 934 ἧς
435 860 508 914 τὰ
551 856 864 929 λελεγμένα
920 857 978 909 ὲν
1019 855 1084 924 τῇ
1129 851 1437 924 προφητείᾳ
1476 851 1774 920 παθούσης,

193 951 458 1027 καθῃρέθη
507 949 721 1004 αὐτίκα
754 949 788 1018 ἠ
820 945 928 999 τῶν
973 943 1229 998 ἐναντίων
1267 941 1570 1012 ’Δσσυρίων
1613 939 1777 993 δυνα-

236 1044 359 1095 εεία.

236 1077 251 1095 .
287 1061 310 1094 ιν
347 1082 359 1094 .

197 1061 282 1186 rei
306 1059 417 1189 ῗίαὶ
450 1132 612 1185 ἔσται
646 1132 708 1183 ὲν
737 1130 803 1199 τῇ
837 1126 1022 1198 ἡμέρᾳ
1077 1124 1294 1198 ἐκείνῃ,
1325 1122 1508 1177 οὐκέτι
1547 1137 1779 1193 προστε-

199 1228 401 1297 θήσεται
430 1225 495 1276 τδ
554 1218 927 1286 καταλειφθὲν
991 1216 1225 1288 Ἰσραὴλ,
1273 1215 1369 1269 καὶ
1416 1216 1466 1267 oi
1514 1213 1778 1277 σωθέντες

198 1317 280 1370 τοῦ
316 1313 512 1368 Ἰακὼϐ
543 1311 737 1365 οὐκέτι
765 1310 838 1378 μὴ
869 1306 1183 1369 πεποιθότες
1213 1300 1348 1359 ὦσιν
1386 1306 1479 1358 ἐπὶ
1503 1307 1627 1368 τοὺς
1660 1303 1777 1358 ἀδι-

200 1410 452 1478 κήσαντας
506 1404 738 1466 αὐτοὺς,
784 1400 920 1454 ἀλλά
953 1400 1163 1452 ἔσονται
1193 1397 1515 1460 πεποιθότες
1557 1398 1650 1450 ἐπὶ
1687 1395 1779 1449 τὸν

201 1498 316 1550 Θεὸν
335 1497 423 1548 τὸν
457 1496 621 1563 ᾰγιον
647 1491 746 1545 τοῦ
780 1489 992 1560 Ἰσραὴλ
1019 1490 1084 1559 τῇ
1110 1487 1358 1558 ἀληθείᾳ.
1392 1487 1500 1540 Καὶ
1538 1486 1686 1538 ἔσται
1719 1484 1781 1536 τὸ

201 1587 543 1656 καταλειφθὲν
587 1583 686 1636 τοῦ
738 1580 932 1635 Ἰακὼῦ
965 1580 1055 1634 ἐπὶ
1089 1579 1220 1632 Θεὸν
1273 1578 1546 1649 ἰσχύοντα.
1588 1596 1606 1627 ι
1644 1579 1782 1645 Φησὶ

199 1670 266 1750 τῷ
297 1678 492 1749 καιρῷ,
527 1676 656 1730 καθ’
691 1673 752 1727 ὃν
784 1673 962 1726 πάντα
997 1671 1068 1723 τὰ
1102 1668 1469 1741 προλεχθέντα
1502 1668 1647 1721 κατὰ
1685 1668 1782 1722 τοῦ

197 1770 512 1841 δηλωθέντος
527 1768 803 1838 ἄρχοντος
822 1763 931 1817 τῶν
965 1762 1261 1832 Ἀσσυρίων
1292 1760 1360 1812 δι’
1387 1761 1564 1832 ἔργων
1603 1760 1784 1831 χωρή-

200 1878 347 1924 tum,
396 1862 445 1913 oi
487 1856 938 1930 περιλειφθέντες
968 1851 1062 1907 τοῦ
1095 1849 1781 1923 αἰχμαλωτισθέντοςῖλαοῦ

1877 679 1991 718 rem
2036 660 2366 726 referantur,
2395 661 2489 730 qui
2526 659 2785 728 templum
2834 659 3076 714 incendit
3127 671 3182 716 et
3228 662 3456 728 urbem;

1879 753 2173 809 secundum
2216 762 2452 808 mentem
2500 766 2652 816 vero,
2684 753 2729 806 si
2759 751 2825 806 ad
2852 761 3179 820 potestatem
3204 754 3459 810 adversa-

1880 845 2036 909 riam,
2069 858 2192 913 qua:
2225 857 2347 897 cum
2379 857 2466 904 ea,
2497 857 2620 913 qua
2651 843 2704 897 in
2740 843 3022 913 prophetia
3057 842 3464 914 feruntur,per-

1879 949 2036 1002 pessa
2087 942 2257 997 esset,
2313 933 2753 989 adversariorum
2803 933 3157 1005 Assyriorum
3215 937 3462 1003 potentia

1878 1025 2166 1083 conlestim
2191 1024 2404 1081 sublata
2437 1034 2545 1078 est.

1949 1117 2114 1172 Vens.
2138 1115 2231 1179 20,
2256 1115 2346 1169 2t.
2380 1133 2397 1166 ι
2430 1113 2497 1168 Ει
2529 1113 2636 1169 erit
2666 1113 2720 1168 in
2757 1114 2844 1168 die
2871 1112 2983 1179 illa,
3019 1128 3124 1168 non
3153 1114 3292 1169 ultra
3325 1115 3465 1184 adji-

1877 1208 2052 1264 cietur
2084 1208 2356 1262 residuum
2384 1203 2569 1268 Israel,
2597 1214 2656 1259 et
2687 1205 2777 1275 qui
2811 1204 2948 1260 salvi
2970 1205 3168 1260 fuerint
3195 1221 3261 1261 ex
3295 1205 3465 1264 Jacob

1880 1317 1988 1355 non
2019 1300 2160 1355 ultra
2216 1300 2472 1354 ﬁduciam
2502 1300 2779 1354 habebunt
2809 1300 2860 1353 in
2891 1299 3014 1354 illos
3053 1301 3145 1366 qui
3179 1314 3238 1354 se
3267 1301 3465 1371 injuria

1882 1392 2212 1457 aﬂ'ecerunt;
2259 1394 2354 1448 sed
2406 1392 2656 1447 fiduciam
2698 1393 2973 1446 habebunt
3026 1393 3078 1445 in
3131 1393 3242 1448 Deo
3272 1404 3467 1450 sanctn

1881 1486 2048 1541 Israel
2078 1487 2129 1539 in
2160 1485 2416 1544 veritate.
2459 1485 2525 1539 Et
2555 1487 2659 1540 erit
2695 1486 2970 1541 residuum
3001 1485 3167 1541 Jacob
3201 1489 3252 1542 in
3296 1487 3464 1543 Deum

1884 1576 2100 1633 lortem.
2163 1596 2181 1629 ι
2243 1578 2362 1644 Quo
2413 1590 2676 1647 tempore,
2722 1579 2936 1648 inquit,
2982 1580 3240 1648 praedicta
3285 1581 3467 1635 omnia

1884 1680 2072 1724 contra
2123 1679 2482 1725 memoratum
2531 1671 2832 1741 principem
2873 1673 3221 1742 Assyriorum
3250 1713 3265 1736 ,
3306 1687 3471 1743 opere

1884 1759 2338 1829 complebuntur;
2388 1761 2480 1829 qui
2532 1777 2596 1814 ex
2627 1759 2936 1816 Iudaeorum
2983 1763 3181 1832 populo
3216 1767 3268 1818 in
3299 1765 3469 1834 capti-

1885 1854 2106 1907 vitatem
2143 1853 2378 1907 abducto
2428 1853 2630 1908 resldui
2668 1863 2850 1918 erunt,
2880 1855 2948 1908 ab
2995 1856 3212 1909 inimica
3251 1857 3473 1923 regione

195 1951 295 2004 τῶν
324 1951 621 2014 Ἰουδαίων,
646 1949 762 2018 ’τῆς
797 1947 1060 2017 πολεμίας
1102 1945 1286 2016 χώρας
1317 1943 1593 2015 ἐλεύθεροι
1624 1944 1780 2011 γενό-

1887 1945 2039 2000 liberi
2074 1947 2386 2008 evadentes,
2434 1957 2488 2000 et
2518 1947 2570 2000 in
2609 1949 2880 2017 propriam
2919 1953 3146 2011 reversi,
3191 1964 3296 2002 non
3329 1951 3471 2002 nltra

199 2061 357 2114 μενοι,
382 2046 486 2098 καὶ
513 2046 594 2106 εἰς
613 2041 720 2113 τὴν
743 2039 948 2094 οἰκείαν
973 2037 1375 2100 ἐπανελθόντες,
1392 2035 1578 2088 οὐκέτι
1609 2053 1784 2107 προσ-

201 2137 396 2202 έξουσιν
441 2130 526 2202 οἷς
567 2134 744 2188 πάλαι
770 2135 1054 2206 προσεῖχον
1095 2131 1316 2202 δαίμοσι
1359 2133 1642 2201 πονηροῖς,
1670 2133 1784 2195 τοῖς

200 2228 288 2293 τὰς
305 2229 486 2301 ψυχὰς
511 2228 694 2281 αὐτῶν
716 2205 1020 2297 ἠδικηκόσι,
1039 2225 1132 2278 καὶ
1154 2225 1370 2277 πάντων
1392 2223 1576 2286 αὐτοῖς
1595 2222 1782 2275 κακῶν

197 2323 378 2386 αἰτίοις
413 2320 740 2392 γενομένοις
761 2336 774 2349 °
805 2319 940 2373 ἀλλὰ
967 2318 1045 2388 τῷ
1071 2317 1189 2388 Θεῷ
1227 2317 1413 2369 λοιπὸν
1452 2315 1780 2385 προσέξουσι

200 2413 354 2482 μόνῳ,
390 2412 493 2467 ατε
539 2411 796 2481 λυτρωτῇ
845 2409 938 2460 καὶ
985 2406 1196 2477 Σωτῆρι
1249 2403 1430 2458 αὐτῶν
1483 2401 1779 2472 γενομένῳ.

212 2501 538 2575 Ἐπληροῦτο
560 2502 619 2555 δὲ
643 2501 740 2554 καὶ
763 2498 934 2552 ταῦτα
960 2498 1094 2568 πρὸς
1132 2494 1278 2563 λέξιν
1308 2494 1451 2548 κατὰ
1482 2493 1667 2564 Κῦρον
1691 2493 1784 2545 τὸν

201 2594 412 2666 Περσῶν
448 2592 697 2664 βασιλέα,
729 2591 788 2654 ὃς
822 2591 1026 2652 πάντας
1063 2589 1233 2658 ὸνῆκε
1255 2589 1378 2649 τοὺς
1403 2587 1460 2638 ὲν
1486 2588 1551 2657 τῇ
1578 2586 1784 2655 αἰχμα-

200 2687 357 2758 λωσίᾳ
402 2685 701 2748 Ἰουδαίους
721 2701 735 2714 '
777 2684 898 2737 καθ’
923 2683 980 2735 ὃν
1030 2681 1220 2752 καιρὸν
1253 2682 1303 2733 οἱ
1335 2679 1465 2749 περὶ
1493 2679 1586 2731 τὸν
1621 2679 1786 2749 Ζορο-

199 2776 372 2841 εὰὁελ,
421 2778 521 2830 καὶ
565 2771 775 2846 Ἰησοῦν
799 2775 892 2828 τὸν
935 2772 1028 2827 τοῦ
1068 2772 1320 2826 Ἰωσεδὲκ
1365 2772 1458 2824 τὸν
1498 2772 1652 2843 ἱερέα
1694 2772 1786 2825 τὸν

207 2868 388 2937 μέγαν,
415 2869 470 2921 οἱ
498 2885 561 2920 τε
596 2868 715 2937 ἅμα
739 2865 818 2938 τῷ
843 2865 1068 2936 Ἔσδρα,
1097 2864 1192 2917 καὶ
1215 2862 1448 2933 Νεεμίᾳ,
1471 2862 1570 2933 τῆς
1609 2861 1782 2914 Βαὸυ-

201 2958 356 3023 λῶνος
397 2953 815 3022 ἐπανελθόντες,
844 2957 935 3010 τὸν
966 2957 1091 3010 ναὸν
1123 2957 1372 3027 ἡγειραν,
1397 2954 1491 3006 καὶ
1504 2953 1604 3025 τὴν
1630 2955 1787 3008 πόλιν

203 3051 360 3120 αὐτὴν
383 3049 765 3103 ἁνεκτίσαντο.

269 3159 288 3192 ι
325 3142 432 3194 Καὶ
456 3141 558 3193 ἐὰν
600 3140 827 3208 γένηται
847 3140 876 3192 ὁ
907 3137 1033 3201 λαὸς
1077 3137 1291 3210 Ἰσραὴλ
1311 3138 1386 3202 ὼς
1411 3139 1446 3208 ἡ
1482 3137 1666 3207 ἄμμος
1686 3136 1786 3208 τῆς

204 3229 487 3302 θαλάσσης,
539 3229 604 3282 τὸ
631 3229 985 3299 κατάλημμα
1035 3227 1215 3280 αὐτῶν
1243 3228 1570 3298 σωθήσεται.
1619 3246 1638 3278 ι
1674 3227 1785 3297 Τὴν

207 3323 465 3396 ἄχρηστον
502 3321 718 3392 πληθὺν
755 3321 784 3372 ό
811 3320 966 3389 λόγος
992 3321 1247 3392 σημαίνει
1292 3319 1388 3373 τοῦ
1433 3319 1640 3383 ἔθνους,
1679 3319 1788 3372 τῶν
1815 3317 1857 3374 C

209 3415 336 3484 μετὰ
380 3414 480 3486 τὴν
523 3412 790 3467 ἐπάνοδον
823 3411 921 3483 τὴν
958 3411 1068 3464 ἀπὸ
1096 3409 1416 3473 Βαϐυλῶνος
1451 3409 1786 3479 οἰκησάντων

204 3505 293 3577 τὴν
324 3507 507 3578 χώραν
540 3504 706 3576 μέχρι
730 3502 840 3557 τῶν
880 3500 1200 3573 Ῥωμαϊκῶν
1232 3501 1466 3572 χρόνων·
1501 3494 1645 3553 οὗτοι
1679 3498 1787 3570 γὰρ

205 3593 332 3669 ἦσαν
356 3599 429 3663 ὡς
452 3600 487 3669 ὴ
510 3598 701 3669 ἄμμος
729 3594 828 3667 τῆς
852 3593 1146 3666 θαλάσσης,
1169 3592 1226 3660 έξ
1256 3586 1332 3646 ὧν
1359 3592 1531 3663 μόνων
1555 3589 1785 3659 διεσώθη

204 3690 260 3742 τὸ
292 3690 676 3761 κατὰλειμμω
709 3687 761 3740 οἱ
802 3685 861 3753 ἐξ
896 3685 1076 3740 αὐτῶν
1104 3687 1184 3748 είς
1224 3685 1319 3738 τὸν
1350 3683 1584 3755 Χριστὸν
1625 3698 1789 3734 πεπι-

206 3782 481 3844 στευκότες
510 3778 761 3851 μαθηταὶ
787 3777 953 3832 αὑτοῦ
981 3777 1074 3830 καὶ
1102 3775 1412 3841 ἀπόστολοι,
1443 3775 1538 3828 καὶ⁵
1568 3776 1789 3842 εὐαγγε-

206 3873 339 3926 σταί.
356 3873 605 3945 Ψάμμος
622 3870 736 3942 γὰρ
752 3869 1027 3940 θαλάσσης
1046 3869 1108 3922 τὸ
1131 3868 1229 3940 μὲν
1248 3866 1449 3939 πλῆθος
1472 3866 1787 3939 ἀναρίθμη-

203 3981 289 4016 τον
309 3964 415 4035 ἔχει
441 3981 455 3995 ο
483 3963 665 4026 ἄλλως
692 3961 1033 4034 δὲᾶχρηστος
1068 3961 1301 4032 ὑπάρχει
1329 3958 1463 4030 πρὸς
1491 3960 1784 4029 γεωργίαν.

218 4058 456 4112 Ἐπειδὰν
500 4053 597 4111 οὖν
623 4058 654 4110 ὁ
690 4054 838 4117 λαὸς,
865 4054 1050 4125 φησὶν,
1089 4051 1305 4124 Ἰσραὴλ
1355 4054 1430 4114 εἰς
1461 4050 1664 4121 πλῆθος
1694 4051 1788 4104 ἀνα

207 4151 496 4222 αρίθμητον
519 4147 687 4220 χυθῇ.
711 4145 981 4216 ἄχρηστον
997 4145 1053 4197 δὲ
1073 4144 1302 4216 γένηται
1323 4145 1377 4195 ὲν
1406 4145 1470 4213 τῇ
1491 4141 1632 4196 κατὰ
1655 4141 1787 4194 Θεὸν

209 4241 565 4314 καρποφορίᾳ,
602 4236 908 4308 τηνικαῦτα
945 4237 1008 4290 τὸ
1052 4237 1153 4308 μὲν
1202 4235 1403 4305 πλῆθος
1455 4234 1636 4288 αὐτῶν
1681 4235 1787 4286 ἀπ-

209 4331 430 4385 ολεῖται·
496 4333 662 4402 μόνον
726 4328 792 4399 δὴ
842 4328 901 4381 τδ
954 4327 1308 4398 κατάλειμμα
1368 4325 1549 4379 αὐτῶν
1611 4324 1786 4395 σωθή-

211 4439 368 4477 σεται.

277 4537 295 4569 ι
342 4520 463 4570 Ὀτι
495 4516 660 4585 λόγον
694 4514 1131 4585 συντετμημένον
1153 4514 1358 4587 Κύριος
1385 4515 1598 4587 ποιήσει
1627 4515 1685 4567 ὲν
1717 4517 1784 4585 τῇ

212 4610 490 4684 οἰκουμένῃ
507 4609 637 4683 ὅλῃ.
682 4627 703 4659 ι
733 4608 922 4678 Σαφῶς
945 4609 1053 4681 ἄρα
1077 4608 1140 4661 τὸ
1166 4607 1498 4676 Εὑαγγέλιον
1528 4607 1628 4677 τῆς
1649 4607 1786 4660 Και-

213 4699 298 4767 νῆς
323 4700 544 4769 ᾐνίξατο
565 4696 868 4769 Διαθήκης,
883 4699 942 4749 ὲν
965 4698 1058 4768 ὅλῃ
1079 4700 1146 4768 τῇ
1175 4698 1322 4749 οἰκου
1331 4696 1466 4767 μένῃ
1495 4694 1784 4767 κηρυχθέν.

214 4788 393 4842 Συντετ
401 4808 476 4860 μη
487 4790 654 4860 μένος
690 4787 802 4858 γὰρ
822 4783 888 4860 ἦν
910 4789 940 4841 ό
969 4788 1125 4857 λόγος
1152 4787 1181 4838 ό
1212 4785 1580 4854 εὐαγγελικὺς,
1609 4785 1687 4856 τῷ
1711 4787 1785 4857 μὴ

216 4880 471 4950 περιέχειν
507 4881 693 4934 πάντα
717 4879 785 4933 τὰ
815 4878 964 4951 παρὰ
982 4879 1060 4950 τῷ
1089 4878 1298 4948 Μωῦσῇ
1329 4875 1782 4948 παραγγέλματα.

217 4968 324 5020 Τῶν
345 4971 399 5024 δὲ
423 4969 810 5043 προκειμένων
843 4969 1023 5042 ῥητῶν
1056 4969 1330 5040 μέμνηται
1361 4968 1454 5020 καὶ
1480 4969 1508 5020 ό
1541 4968 1787 5020 Ἀπόστο-

217 5057 315 5123 λος,
347 5061 536 5115 τοῦτον
570 5063 752 5130 λέγων
783 5060 870 5114 τὸν
890 5061 1092 5133 τρόπον
1113 5077 1125 5090 ·
1153 5080 1171 5111 ι
1210 5060 1268 5112 '0
1303 5060 1526 5122 Ἡσαΐας
1554 5058 1612 5111 δὲ
1635 5057 1783 5126 λέγει

219 5151 343 5224 ὑπὲρ
377 5153 470 5207 τοῦ
521 5153 775 5226 Ἰσραήλ·
829 5153 955 5208 Ἐὰν
1059 5152 1088 5204 ὁ
1115 5151 1352 5223 ἀριθμὸς
1389 5152 1494 5203 τῶν
1521 5149 1654 5202 υίῶν
1689 5149 1784 5202 τοῦ

228 5241 423 5316 Ἰσραὴλ
461 5244 540 5309 ὡς
580 5247 615 5316 ὴ
663 5246 846 5314 ἄμμος
881 5244 984 5315 τῆς
1027 5244 1326 5313 θαλάσσης,
1369 5243 1430 5295 τὸ
1474 5241 1786 5312 ὑπόλειμμα

218 5336 527 5407 σωθήσεται.
591 5334 774 5402 Λόγον
839 5335 946 5406 γὰρ
1011 5333 1280 5389 συντελῶν
1332 5333 1424 5387 καὶ
1491 5333 1784 5403 συντέμνον

215 5431 414 5498 ποιησει
449 5429 666 5500 Κύριος
698 5427 792 5479 ἐπὶ
815 5428 911 5499 τῆς
941 5429 1062 5500 γῆς.
1100 5447 1118 5480 ι

281 5539 297 5571 ι
342 5523 435 5577 Διά
469 5521 637 5576 τοῦτο
667 5519 799 5572 τάδε
831 5519 976 5589 λέγει
1005 5521 1210 5591 Κύριος
1255 5517 1480 5573 Σαϐαὼθ
1502 5535 1514 5546 ·
1551 5518 1644 5590 Μὴ
1684 5536 1781 5586 φο-

213 5615 318 5678 ϐοῦ,
347 5619 374 5669 ό
403 5617 536 5681 λαός
565 5631 698 5686 μου,
734 5613 786 5666 οἱ
819 5612 1201 5676 κατοικοῦντες
1238 5614 1296 5666 ὲν
1327 5610 1486 5675 Σιὼν,
1513 5611 1621 5664 ἀπὸ
1659 5612 1779 5664 ’Δσσο

213 5709 413 5781 sapiunt,
432 5711 514 5762 ὃτι
542 5712 605 5762 ὲν
633 5705 821 5778 ράὀδῳ
863 5706 1091 5774 πατάξει
1112 5721 1194 5760 σε’
1223 5703 1435 5777 πληγὴν
1459 5705 1569 5776 γὰρ
1597 5706 1786 5774 ἐπάγω

266 5919 306 5950 ⁸⁸
342 5923 494 5978 Rom.
533 5934 592 5976 ix
648 5917 747 5972 27.

1887 2040 2168 2093 attendent
2220 2038 2286 2093 iis
2314 2079 2329 2104 ,
2373 2040 2571 2107 quibus
2615 2051 2775 2094 antea
2825 2041 3064 2095 animum
3117 2041 3472 2105 adhibebant,

1886 2131 2226 2187 daemonibus
2255 2133 2529 2200 malignis,
2561 2135 2654 2204 qui
2700 2135 2913 2190 animas
2949 2150 3079 2191 suas
3112 2135 3387 2203 iazserant,
3419 2147 3473 2191 et

1886 2225 2127 2278 omnium
2168 2224 2272 2278 sibi
2300 2225 2566 2279 malorum
2589 2241 2753 2281 causa
2787 2227 3036 2295 fuerant;
3070 2229 3162 2282 sed
3209 2229 3322 2283 Deo
3357 2237 3473 2282 tan-

1887 2317 2006 2370 dem
2042 2315 2143 2371 soli
2182 2316 2624 2386 applicabuntur,
2657 2328 2843 2387 utpote
2888 2319 2982 2386 qui
3027 2319 3338 2388 redemptor
3371 2321 3473 2374 sibi

1886 2416 1939 2459 et
1977 2405 2238 2460 Servator
2278 2405 2506 2470 effectus
2552 2407 2644 2460 sit.
2680 2406 2803 2461 Haec
2833 2422 2963 2461 vero
2991 2407 3170 2477 reipsa
3205 2407 3473 2477 completa

1886 2509 2007 2554 sunt
2057 2499 2185 2570 Cyri
2246 2497 2536 2554 Persarum
2589 2501 2732 2569 regis
2785 2510 3051 2568 tempore,
3115 2500 3208 2569 qui
3259 2498 3475 2554 Iudaeos

1885 2606 2076 2646 omnes
2107 2591 2159 2645 in
2187 2591 2504 2660 captivitate
2534 2603 2758 2662 agentes
2789 2592 3020 2658 remisit,
3071 2607 3196 2646 cum
3239 2591 3475 2645 Zoroba-

1889 2685 1995 2749 bel,
2028 2683 2187 2740 Jesus
2235 2685 2376 2738 [ilius
2413 2667 2642 2739 losetlec
2681 2682 2954 2738 Sacerdos
2991 2698 3242 2754 magum,
3278 2694 3334 2736 et
3382 2682 3476 2752 qui

1887 2793 2009 2832 cum
2036 2776 2205 2833 Esdra
2235 2787 2290 2832 et
2312 2775 2572 2830 Nehemia
2604 2782 2784 2840 erant,
2818 2789 2887 2828 ex
2918 2773 3194 2844 Babylone
3231 2773 3477 2839 reversi,

1888 2869 2148 2940 templum
2183 2870 2528 2934 excitarunt,
2576 2868 2877 2938 urbemque
2911 2869 3085 2938 ipsam
3128 2877 3479 2922 restaurare-

1893 2977 1992 3017 run
2003 2973 2041 3018 ι.

1961 3146 2130 3204 Vens.
2159 3144 2252 3201 22.
2290 3163 2310 3199 ι
2343 3145 2410 3200 Et
2439 3144 2485 3200 si
2523 3143 2690 3199 fuerit
2719 3142 2952 3213 populus
2983 3139 3149 3198 Israel
3181 3141 3324 3197 sicut
3353 3157 3481 3196 arc-

1891 3255 1957 3292 na
1992 3238 2181 3304 maris,
2214 3237 2491 3293 residuum
2521 3233 2640 3304 ejus
2671 3234 2994 3290 salvabitur.
3029 3251 3048 3286 ι
3097 3231 3476 3290 Prbmiscuatn

1891 3345 1945 3386 et
1971 3331 2218 3386 inutilem
2252 3329 2429 3400 gentis
2459 3327 2859 3382 multitudinem
2886 3366 2904 3391 ,
2939 3339 3060 3394 qua:
3091 3333 3212 3393 post
3243 3324 3478 3381 reditura

1891 3439 1956 3478 ex
1987 3421 2264 3492 Babylone
2297 3434 2473 3488 usque
2502 3419 2568 3473 ad
2605 3417 2850 3471 Romana
2903 3425 3144 3487 tempora
3196 3417 3477 3488 regionem

1892 3515 2163 3578 incoluit,
2225 3513 2429 3568 indicat
2484 3511 2844 3583 propheticus
2890 3523 3074 3565 sermo
3120 3527 3134 3564 :
3179 3509 3232 3565 hi
3281 3511 3484 3581 quippe

1889 3610 2049 3657 erant
2069 3602 2215 3655 sicut
2249 3614 2413 3654 arena
2447 3601 2614 3654 maris
2639 3639 2652 3662 ,
2684 3613 2916 3668 quorum
2953 3599 3233 3653 residuum
3266 3611 3477 3655 tantum

1889 3692 2119 3746 salutem
2181 3699 2532 3746 consecutum
2583 3701 2690 3745 est.
2743 3688 2808 3742 lli
2843 3703 3007 3758 porro
3056 3705 3124 3744 ex
3171 3689 3278 3743 illis
3320 3702 3482 3745 erant

1888 3784 1981 3852 qui
2017 3767 2070 3836 in
2101 3781 2382 3836 Christum
2413 3781 2790 3846 crediderunt,
2855 3780 3108 3850 discipuli
3155 3780 3292 3850 ejus,
3347 3796 3478 3852 apo-

1891 3873 2018 3931 stoli
2063 3882 2117 3928 et
2151 3871 2523 3943 evangelistam
2560 3871 2696 3926 Nam
2729 3887 2895 3926 arena
2929 3872 3098 3927 maris
3127 3874 3483 3932 multitudine

1888 3961 2110 4030 quidem
2152 3959 2588 4024 innumerabilis,
2620 3975 2806 4013 verum
2866 3961 3076 4016 inutilis
3108 3971 3194 4016 est
3225 3964 3295 4017 ad
3330 3967 3478 4036 agri-

1889 4052 2182 4108 culturam.
2210 4051 2344 4106 Cum
2387 4065 2518 4122 ergo
2547 4051 2777 4122 populus
2811 4051 2999 4116 Israel,
3034 4054 3232 4124 inquit,
3257 4056 3311 4110 in
3341 4059 3480 4112 mul-

1892 4144 2180 4201 titudinem
2225 4145 2571 4199 innumeram
2606 4142 2833 4199 dill‘usus
2877 4145 3062 4206 fuerit,
3100 4147 3174 4200 ita
3205 4158 3382 4203 tamen
3421 4159 3482 4204 ut

1890 4235 2096 4292 inutilis
2132 4237 2204 4291 sit
2233 4237 2300 4291 ad
2329 4235 2564 4292 fructum
2608 4239 2906 4293 secundum
2944 4239 3111 4292 Deum
3142 4237 3472 4306 ferendum;

1889 4340 2016 4384 tunc
2045 4328 2334 4383 multitudo
2358 4329 2575 4399 quidem
2602 4344 2792 4384 eorum
2826 4329 3049 4399 peribit,
3103 4344 3168 4385 ac
3202 4331 3332 4386 sola:
3359 4330 3479 4400 ejus

1890 4420 2131 4488 reliquiae
2157 4419 2385 4473 salutem
2420 4430 2849 4488 consequentur.

1957 4511 2122 4567 Vens.
2176 4512 2266 4568 25.
2327 4530 2347 4564 ι
2405 4511 2541 4579 Quia
2593 4514 2823 4567 verbum
2875 4512 3256 4570 abhreviatum
3312 4517 3478 4574 faciet

1893 4605 2153 4659 Dominus
2184 4606 2234 4659 in
2269 4607 2520 4660 unirersa
2568 4617 2731 4659 terra.
2766 4626 2784 4656 ο
2817 4606 3170 4677 Evangelium
3205 4607 3337 4664 Novi
3370 4609 3476 4666 Te-

1893 4694 2147 4748 atamenti
2182 4693 2327 4749 clare
2373 4695 2685 4750 subindicat
2712 4736 2726 4760 ,
2763 4696 2904 4765 quod
2926 4699 2991 4753 .in
3038 4697 3290 4752 universa
3328 4709 3472 4754 terra

1895 4789 2244 4857 praedicatum
2283 4797 2385 4843 est.
2422 4789 2810 4844 Abbreviatum
2846 4791 3043 4860 quippe
3087 4799 3206 4846 erat
3249 4781 3472 4846 verbum

1894 4877 2265 4946 evangelicum
2294 4919 2308 4941 ,
2357 4879 2501 4945 quod
2557 4879 2747 4961 omnia
2797 4879 3002 4951 Moysis
3051 4893 3322 4950 praecepta
3365 4897 3471 4936 non

1891 4968 2369 5038 complecteretur.
2406 4967 2531 5023 Haec
2563 4970 2708 5024 dicta
2761 4979 3156 5026 commemorat
3201 4973 3475 5040 apostolus

1892 5061 1976 5132 liis
2020 5063 2199 5116 verbis
2229 5062 2296 5128 ⁶¹,
2335 5080 2353 5112 ι
2389 5061 2590 5117 lesaias
2648 5073 2826 5118 autem
2873 5063 3004 5118 dicit
3057 5067 3124 5118 de
3169 5064 3332 5118 Israel
3370 5065 3476 5120 :Si

1889 5149 2054 5206 fuerit
2113 5167 2372 5206 numerus
2436 5152 2668 5206 tiliorum
2733 5152 2900 5207 Israel
2961 5165 3218 5222 tanquam
3299 5169 3470 5208 arena

1893 5243 2098 5307 maris,
2149 5243 2391 5310 reliquiae
2441 5241 2604 5297 salva:
2661 5242 2814 5301 (ient.
2864 5241 3102 5299 Verbum
3141 5244 3288 5299 enim
3334 5260 3469 5298 con-

1889 5349 2187 5401 summatis,
2222 5344 2275 5388 et
2323 5335 2646 5389 abbrevians
2686 5335 2946 5391 Dominus
2977 5335 3141 5391 faciet
3173 5351 3336 5403 super
3367 5347 3474 5390 ter-

1891 5441 2026 5481 ram.
2066 5443 2084 5476 ι

1964 5515 2125 5572 Vsss.
2160 5516 2252 5571 24.
2296 5514 2635 5586 «Propterea
2697 5517 2812 5572 haec
2861 5516 2994 5572 dicit
3055 5516 3314 5572 Dominus
3359 5517 3465 5572 Sa-

1890 5608 2073 5673 baoth,
2105 5608 2224 5663 Noli
2263 5608 2478 5673 timere,
2509 5609 2704 5679 p0pule
2750 5625 2926 5676 meus,
2951 5609 3044 5678 qui
3100 5608 3358 5662 habitatis
3407 5610 3467 5665 in

1893 5703 2047 5770 Sion,
2089 5702 2156 5758 ab
2188 5700 2450 5770 Assyriis,
2477 5701 2604 5771 quia
2656 5704 2708 5758 in
2745 5704 2891 5774 virga
2921 5700 3189 5773 percutiet
3217 5708 3310 5754 te:
3338 5699 3463 5772 pla-
