4090 6410
640 451 744 507 467

1300 432 1568 493 ΕΠΞΕΒΠ
1604 425 2076 489 CESARIENSIS
2114 422 2264 481 OPP.
2305 419 2483 476 PARS
2517 414 2605 471 Ill.
2646 445 2715 455 ——
2754 408 3173 468 EXEGETICA.

3778 401 3880 460 168

640 580 761 634 gam
792 563 935 616 enim
966 557 1216 612 inducam
1262 568 1423 622 super
1451 561 1525 613 te,
1553 560 1608 604 ut
1648 548 1832 602 videas
1859 544 2001 597 viam
2032 540 2199 611 Egy—

2336 536 2396 588 πὶ
2431 534 2519 597 at,
2556 528 2650 584 τοῦ
2690 530 2818 583 ἰδεῖν
2853 525 2969 580 ὁδὸν
3003 522 3300 590 Αἰγύπτου.
3346 536 3365 569 ι
3408 512 3671 587 Παραιιεῖ
3702 514 3885 568 τοίνυν

2356 626 2366 634 .
2502 623 2529 634 η
2562 625 2582 634 -
2621 621 2644 634 Α
2821 618 2833 632 ι
2920 616 2965 634 τι
2992 631 3060 634 __,
3095 613 3268 634 -r--._-
3303 609 3453 634 215-...
3488 607 3585 634 ..λη
3628 605 3738 634 μὲι.
3789 606 3880 634 υ-ι

640 656 737 723 pti.
765 672 782 704 ι
823 649 1080 704 Hortatur
1134 648 1317 713 itaque
1366 656 1431 696 ne
1488 640 1673 693 timeat
1716 635 1973 707 Assyrios
2017 650 2031 686 :
2080 645 2204 686 nam

641 721 924 793 venturum
972 736 1186 806 quidem
1240 733 1316 785 ait
1354 742 1543 784 eorum
1580 736 1759 795 regem
1809 734 1864 777 et
1904 721 2204 776 Jerusalem

641 841 1073 899 Oppugnaturum
1101 838 1239 887 esse,
1268 831 1325 874 ut
1354 820 1472 887 ejus
1505 817 1691 872 incolze
1731 816 1947 869 brevem
1992 811 2205 881 plagam

642 922 1011 990 experiantur,
1043 931 1139 970 ceu
1176 913 1322 981 virga
1367 908 1640 978 percussi;
1690 915 1742 957 at
1784 904 1931 957 illum
1979 917 2037 955 re
2073 898 2209 954 infe-

644 1026 729 1068 cta
760 1011 1049 1081 fugientem
1078 1018 1420 1059 reversurum
1449 1014 1591 1054 esse.
1630 997 1759 1063 Qum
1790 1010 1919 1049 sane
1944 989 2208 1061 completa

646 1114 792 1167 sunt,
825 1098 1049 1155 Ezechia
1083 1095 1193 1150 filio
1239 1094 1422 1147 Achaz
1467 1091 1517 1144 in
1561 1086 1854 1142 Jerusalem
1901 1090 2199 1153 regnante:

647 1199 737 1265 qui
766 1201 851 1248 vir
886 1194 984 1246 fuit
1014 1206 1117 1244 non
1158 1188 1297 1255 patri
1334 1184 1561 1246 similis,
1595 1186 1688 1235 sed
1716 1181 1893 1245 justus
1934 1184 1989 1230 et
2030 1175 2209 1229 omnl-

650 1288 803 1341 mode
830 1285 1135 1354 religiosus.
1170 1280 1279 1333 Etsi
1318 1278 1498 1347 igitur,
1532 1287 1614 1325 me
1646 1272 1695 1325 id
1729 1268 2092 1339 permittente,
2115 1281 2210 1320 rex

640 1394 837 1435 eorum
868 1378 920 1431 in
960 1386 1011 1430 te
1062 1376 1360 1439 irrumpat,
1429 1374 1663 1419 attamen
1711 1362 1777 1416 ad
1820 1359 2211 1428 correptioucm

650 1479 860 1523 tantum
893 1468 1044 1535 virga
1075 1464 1340 1532 percutiet
1374 1468 1445 1521 te,
1494 1470 1598 1509 non
1647 1468 1770 1506 cum
1816 1450 2008 1522 gladiis
2037 1461 2091 1502 et
2119 1449 2213 1501 ha-

651 1558 750 1611 stis
780 1555 976 1611 bellico
1007 1566 1156 1606 more
1188 1550 1363 1602 victor
1416 1547 1589 1597 irruet
1639 1541 1691 1595 in
1749 1549 1819 1594 te.
1873 1538 1999 1592 Hrec
2052 1548 2214 1606 porro

649 1644 821 1715 virgis
854 1642 1052 1697 inﬂicta
1083 1639 1177 1692 tibi
1214 1636 1363 1706 plaga
1402 1649 1507 1686 non
1549 1638 1744 1699 praeter
1781 1627 2043 1682 rationem
2079 1625 2212 1678 erit:

650 1751 873 1792 causam
898 1733 1094 1805 quippe
1115 1744 1214 1785 cur
1245 1727 1470 1796 Assyrio
1497 1736 1811 1779 concessum
1841 1720 1911 1774 sit
1946 1727 2002 1770 ut
2033 1716 2214 1769 mode-

650 1838 768 1882 rata
812 1838 863 1882 te
916 1825 1069 1895 plaga
1126 1820 1353 1883 alliciat,
1397 1834 1501 1871 non
1552 1819 1767 1885 ignores
1809 1806 2213 1879 Oportetzquia

651 1918 794 1972 enim
840 1882 939 1970 viae
975 1882 1035 1966 in
1058 1909 1351 1980 Egyptum
1389 1882 1642 1960 denuo—te
1676 1898 2014 1960 commisisti,
2046 1894 2216 1949 idolo-
2246 1882 2290 1940 Β

649 2009 820 2061 {striae
868 2004 1067 2059 Acbazi
1126 2011 1367 2069 tempore
1410 1996 1654 2057 deditus;
1690 1995 1808 2047 ideo
1863 2004 1960 2043 vos
2009 1987 2215 2059 Assyrii

652 2098 815 2166 virga:
844 2093 1061 2156 tradidi,
1094 2100 1153 2145 ut
1200 2093 1267 2144 ad
1309 2101 1495 2143 sanam
1542 2094 1779 2139 mentem
1821 2091 1877 2135 et
1908 2082 2192 2133 conversio

654 2201 776 2240 nem
807 2186 1133 2238 reducerem.

725 2491 890 2545 Vnus.
918 2491 1008 2555 25,
1041 2490 1132 2544 26.
1174 2509 1191 2539 ι
1218 2488 1408 2541 Adhuc
1437 2486 1579 2541 enim
1639 2480 1936 2552 paululum,
1957 2488 2013 2534 et
2036 2492 2220 2534 cessa-

658 2584 740 2640 bit
770 2584 850 2638 ira
880 2600 892 2635 :
923 2582 1076 2636 furor
1115 2589 1292 2633 autem
1331 2592 1481 2631 meus
1508 2580 1667 2645 super
1696 2572 1978 2628 consilium
2011 2585 2217 2624 eorum.

656 2674 726 2732 Et
774 2675 1055 2730 suscitabit
1108 2673 1248 2727 Deus
1304 2686 1464 2738 super
1510 2683 1605 2722 eos
1660 2665 1953 2720 secundum
2008 2662 2220 2731 plagam

660 2771 890 2826 Madiam
930 2770 1125 2823 inloco
1160 2765 1517 2823 tribulationis
1546 2781 1559 2815 :
1587 2758 1649 2817 et
1673 2760 1823 2815 furor
1848 2759 1965 2829 ejus
1990 2757 2045 2812 in
2080 2757 2221 2811 viam

658 2864 725 2917 ad
764 2874 932 2923 mare,
967 2862 1017 2914 in
1058 2860 1197 2912 viam
1251 2855 1485 2926 Egypti.
1519 2873 1537 2905 ι
1576 2853 1631 2908 Si
1667 2852 1885 2921 quidem
1916 2848 2071 2902 vobis
2099 2862 2221 2901 cum

661 2967 789 3022 rege
822 2961 1002 3006 vestro
1028 2948 1256 3002 Ezechia
1289 2947 1354 2999 ad
1394 2944 1670 2998 meliorem
1704 2939 1913 3010 frugem
1948 2946 2227 2992 reverten-

666 3045 833 3107 tibus,
860 3058 924 3096 ac
957 3040 1122 3093 Deum
1153 3034 1590 3106 agnoscentibus,
1617 3029 1913 3100 indignatio
1950 3041 2069 3081 mea
2096 3041 2226 3082 con-

664 3146 748 3188 "'3
781 3146 881 3185 νοε
915 3144 1141 3183 accensa
1190 3123 1462 3180 cessabit:
1492 3138 1575 3175 me
1604 3131 1781 3174 autem
1820 3126 2017 3172 vestrm
2063 3115 2224 3171 saluti

667 3221 1064 3292 patrocinante,
1102 3217 1356 3285 Assyrius
1394 3213 1622 3281 turpiter
1652 3224 1749 3280 per
1778 3217 2014 3264 vestram
2048 3210 2224 3279 regiu-
2255 3240 2300 3302 c

665 3329 814 3375 nem,
843 3323 1046 3379 perque
1086 3318 1295 3361 vestras
1338 3304 1499 3357 urbes
1532 3303 1719 3371 fugiet,
1759 3316 1789 3355 a
1820 3300 1938 3355 loco
1970 3300 2022 3353 in
2051 3298 2227 3354 locum

661 3418 786 3465 sese
813 3402 939 3471 fuga
975 3400 1298 3454 subduceris.

738 3518 901 3573 Vens.
928 3511 1231 3568 27-53.:Et
1262 3512 1367 3565 erit
1391 3510 1442 3562 in
1475 3510 1559 3563 die
1592 3508 1678 3561 illa
1709 3507 2019 3564 :auferetnr
2040 3504 2229 3576 jugum

662 3615 783 3683 ejus
808 3614 875 3667 ab
914 3612 1138 3664 humero
1163 3617 1273 3671 tuo,
1300 3615 1354 3659 et
1380 3605 1548 3658 timor
1577 3602 1692 3673 ejus
1717 3617 1877 3671 super
1913 3611 1984 3667 te,
2020 3611 2074 3653 et
2108 3614 2233 3653 cor-

667 3715 949 3773 rumpetur
988 3702 1172 3770 jugum
1222 3698 1289 3750 ab
1330 3696 1573 3751 humeris
1616 3695 1834 3749 vestris.
1868 3691 2060 3746 Veniet
2086 3690 2231 3745 enim

670 3800 725 3853 in
763 3798 1032 3851 civitatem
1063 3793 1252 3861 Angaz,
1304 3799 1359 3843 et
1392 3787 1647 3842 transibit
1686 3787 1740 3838 in
1789 3784 2069 3854 Maggedo,
2099 3792 2153 3837 et
2178 3783 2234 3837 in

667 3888 947 3945 Macbmas
982 3892 1144 3953 ponet
1186 3895 1312 3934 vasa
1360 3894 1476 3933 sua.
1516 3876 1586 3929 Et
1639 3876 1889 3929 transibit
1934 3875 2149 3939 vallem,
2181 3882 2237 3927 et

666 3981 849 4036 veniet
894 3980 949 4031 in
1000 3977 1180 4045 Angzc.
1214 3971 1402 4026 Timor
1433 3968 1804 4038 apprehendet
1831 3966 1996 4019 Rama
2036 3966 2237 4018 civita-

671 4082 779 4127 tem
822 4068 974 4123 Saul.
1018 4065 1214 4135 Fugiet
1258 4064 1368 4117 filia
1414 4060 1633 4125 Gallim,
1666 4059 1914 4113 audietur
1940 4058 1989 4110 in
2024 4052 2234 4112 Laisa:

672 4163 923 4217 audietur
959 4160 1010 4211 iu
1058 4155 1353 4209 Anathoth.
1401 4153 1468 4206 Et
1501 4150 1777 4219 obstupuit
1815 4146 2136 4212 Madebena,
2182 4156 2237 4199 et

672 4254 1008 4310 habitatores
1037 4247 1245 4301 Gibbir.
1280 4242 1643 4298 Consolamini
1665 4240 1828 4296 hodie
1850 4242 1901 4294 in
1930 4241 2013 4294 via
2038 4250 2093 4293 ut
2124 4256 2240 4292 ma-

674 4357 822 4403 neat.
863 4341 1226 4398 Consolamini
1275 4354 1436 4392 manu
1480 4348 1739 4400 montem,
1775 4336 1939 4389 filiam
1988 4330 2143 4398 Sion,
2177 4343 2233 4386 et

673 4437 841 4495 colles
881 4437 933 4490 in
982 4432 1300 4489 Jerusalem.
1341 4430 1478 4484 Ecce
1523 4426 1831 4483 dominator
1862 4427 2120 4480 Dominus
2141 4422 2236 4479 Sa-

674 4528 840 4585 baoth
890 4523 1241 4580 conturbabit
1294 4521 1557 4591 gloriosos
1609 4532 1730 4571 cum
1786 4516 2124 4579 fortitudine,
2185 4526 2241 4569 et

2310 626 2385 697 μὴ
2428 621 2708 692 φοϐεῖσθαι
2755 618 2880 679 τοὺς
2920 613 3268 685 Ἀσσυρίους’
3303 609 3453 679 ἥξειν
3487 607 3586 677 μὲν
3628 605 3739 676 γὰρ
3789 606 3887 661 καὶ

2308 696 2754 787 ἐπιστρατεύσειν
2801 707 2942 763 κατὰ
2983 708 3084 775 τῆς
3126 702 3478 774 Ἰερουσαλὴμ
3536 699 3626 753 τὸν
3679 696 3887 751 τούτων

2311 810 2554 882 βασιλέα,
2583 806 2720 878 πρὸς
2750 802 2811 855 τὸ
2851 798 3107 873 βραχείας
3142 794 3468 865 πειραθῆναι
3499 790 3715 862 πληγῆς
3756 791 3886 853 τοὺς

2310 880 2367 951 ἐν
2410 899 2547 968 αὐτῇ
2589 892 3008 953 κατοικοῦντας,
3057 887 3247 958 ὥσπερ
3296 883 3485 959 ῥάϐδῳ,
3516 880 3843 952 παιομένους
3868 894 3883 906 ⁸

2310 992 2590 1062 ἄπρακτον
2622 986 2678 1039 δὲ
2712 986 2872 1038 αὑτὸν
2907 980 3295 1051 ὑποστρέψειν,
3345 978 3487 1047 φυγῇ
3521 972 3885 1045 χρησάμενον.

2325 1060 2654 1153 Ἐπληροῦτο
2697 1078 2753 1131 δέ
2806 1078 2899 1130 καὶ
2944 1074 3116 1129 ταῦτα
3142 1072 3234 1124 ἐπὶ
3273 1070 3514 1133 Ἐζεκίου
3561 1064 3678 1119 υίοῦ
3720 1060 3891 1132 Ἀχὰζ

2315 1150 2695 1244 βασιλεύοντος
2720 1172 2778 1221 ἐν
2817 1163 3190 1238 Ἰερουσαλὴμ,
3231 1160 3421 1244 ανδρὸς
3470 1154 3794 1244 γενομένου,
3825 1150 3889 1244 οὐ

2316 1237 2460 1315 κατὰ
2508 1260 2598 1313 τὸν
2639 1237 3121 1327 πατέρα,νδικαίου
3160 1250 3217 1303 δὲ
3250 1242 3442 1311 ἄλλως,
3470 1247 3566 1299 καὶ
3609 1237 3893 1309 θεοφιλοῦς

2314 1358 2457 1411 κατὰ
2490 1357 2665 1411 πάντα
2689 1354 2908 1424 τρόπον.
2946 1351 3008 1403 Εἰ
3034 1347 3127 1401 καὶ
3157 1347 3225 1399 τὰ
3261 1343 3495 1414 μάλιστα
3532 1336 3653 1402 οὖν,
3699 1335 3888 1407 φησὶν,

2316 1449 2449 1520 ἐμοῦ
2488 1445 2889 1516 ἐπιτρέποντος,
2927 1442 3021 1495 καὶ
3049 1442 3106 1493 tv
3143 1439 3223 1491 σοὶ
3245 1433 3592 1490 ἐπελεύσεται
3622 1431 3649 1481 6
3682 1428 3894 1483 τούτων

2319 1547 2594 1617 βασιλεὺς,
2617 1547 2765 1615 ὅμως
2789 1542 2847 1596 ἐν
2895 1540 3075 1613 ῥάϐδῳ
3104 1536 3497 1607 ὲπιστρεπτικῇ
3543 1529 3776 1596 πατάξει
3803 1542 3892 1591 σε,

2320 1639 2435 1694 ἀλλ’
2468 1640 2529 1691 οὐ
2562 1636 2790 1708 ξίφεσιν,
2816 1632 2936 1687 οὐδὲ
2960 1632 3150 1702 δόρασι
3171 1628 3407 1697 πολέμου
3437 1624 3587 1694 νόμῳ
3610 1621 3895 1693 κρατήσας

2319 1729 2728 1795 ἐπεξελεύσεταί
2769 1744 2869 1782 σοι.
2913 1724 3021 1778 Καὶ
3060 1721 3198 1792 αὕτη
3233 1720 3288 1773 δὲ
3323 1721 3357 1790 ἡ
3391 1717 3479 1770 διὰ
3510 1714 3706 1788 ῥάϐδου
3744 1710 3897 1765 κατὰ

2320 1820 2416 1874 σοῦ
2448 1817 2630 1888 πληγὴ
2662 1816 2761 1869 οὐκ
2789 1814 2941 1867 ἔσται
2973 1810 3281 1882 παράλογος
3300 1825 3312 1840 ·
3340 1807 3415 1859 ’τὸ
3444 1806 3551 1876 γὰρ
3587 1805 3759 1857 αἴτιον
3794 1799 3894 1850 τοῦ

2320 1908 2739 1981 συγχωρηθῆναι
2796 1906 2885 1960 τὸν
2951 1904 3234 1974 Ἀσσύριον
3304 1895 3645 1968 πεπεισμένη
3707 1892 3894 1963 πληγῇ

2318 1980 2640 2071 χρήσασθαι·
2663 1995 2803 2050 κατὰ
2831 1993 2924 2047 σοῦ
2956 1994 3031 2065 μὴ
3061 1992 3246 2061 ἀγνόει
3266 2007 3279 2019 ⁸
3324 1986 3512 2059 ἐπειδὴ
3546 1985 3654 2057 γὰρ
3683 1984 3751 2055 τῇ
3788 1980 3898 2052 ὀδῷ

2318 2092 2592 2161 Αἰγύπτου
2625 2090 2785 2144 πάλιν
2829 2086 3055 2141 σεαυτὸν
3101 2084 3427 2146 ἐκδέδωκας,
3481 2074 3901 2147 εἰδωλολατρείᾳ

2320 2180 2710 2256 προσεσχηκώς
2735 2178 2876 2234 κατὰ
2894 2178 3020 2242 τοὺς
3056 2175 3282 2249 χρόνους
3318 2171 3502 2243 Ἀχὰξ,
3522 2168 3711 2223 τούτου
3734 2167 3899 2239 χάριν

2321 2277 2464 2345 ὑμᾶς
2493 2277 2557 2344 τῇ
2588 2271 2768 2344 ῥάϐδῳ
2799 2268 2893 2323 τοῦ
2937 2266 3223 2339 Ἀσσυρίου
3265 2260 3625 2334 παραδέδωκα
3662 2258 3743 2321 είς
3788 2274 3897 2312 σω-

2323 2364 2617 2437 φρονισμὸν
2648 2362 2741 2415 καὶ
2760 2358 3116 2429 ἐπιστροφήν.

2395 2476 2415 2509 ι
2455 2457 2577 2509 Ἔτι
2609 2454 2718 2526 γὰρ
2746 2452 2941 2523 μικρὸν
2973 2453 3068 2503 καὶ
3090 2447 3359 2502 παύσεται
3389 2448 3423 2517 ἠ
3453 2444 3625 2516 όργή“
3660 2439 3765 2495 ὁδὶ
3800 2438 3905 2494 θυ-

2325 2550 2422 2622 μός
2458 2566 2559 2619 μου
2593 2546 2687 2599 ἐπὶ
2714 2545 2813 2617 τὴν
2859 2541 3052 2615 βουλὴν
3080 2539 3281 2595 αὐτῶν.
3328 2539 3440 2593 Καὶ
3474 2538 3656 2609 ἐγερεῖ
3692 2537 3721 2590 6
3767 2532 3904 2596 Θεὸς

2322 2643 2407 2694 ἐπ’
2424 2639 2620 2703 αὐτοὺς
2634 2636 2772 2692 κατὰ
2786 2635 2884 2707 τὴν
2914 2632 3128 2704 πληγὴν
3150 2630 3378 2702 Μαδιὰμ
3395 2630 3452 2683 ἐν
3473 2629 3625 2699 τόπῳ
3646 2625 3899 2696 θλίψεωςο

2322 2731 2418 2786 καὶ
2448 2732 2477 2784 6
2510 2729 2679 2800 θυμὸς
2699 2725 2865 2781 αὐτοῦ
2898 2726 2966 2795 τῇ
2995 2722 3099 2794 ὁδῷ
3126 2726 3193 2794 τῇ
3219 2721 3363 2777 κατὰ
3386 2720 3684 2785 θάλασσαν,
3709 2719 3788 2781 εἰς
3804 2714 3907 2787 τὴν

2320 2824 2440 2878 ὁδὸν
2488 2822 2587 2893 τὴν
2636 2822 2760 2875 κατ’
2786 2820 3083 2888 Αἴγυπτον.
3122 2838 3140 2870 i
3192 2813 3625 2871 Μεταϐαλόντων
3655 2809 3757 2881 μὲν
3785 2807 3901 2879 γὰρ

2321 2913 2480 2985 ὑμῶν
2512 2914 2607 2966 ἐπί⁵
2633 2911 2703 2965 τὰ
2730 2912 2984 2983 κρείττω,
3032 2911 3127 2964 καὶ
3179 2909 3271 2963 τὸν
3314 2906 3449 2961 Θεὸν
3491 2899 3906 2972 ἐπεγνωκότων,

2327 3004 2443 3076 ἅμα
2466 3004 2544 3075 τῷ
2560 3004 2811 3076 ὑμετέρῳ
2837 3001 3045 3073 βασιλεῖ
3084 2998 3321 3071 Ἐζεκίᾳ.
3346 3000 3439 3052 καὶ
3470 2999 3503 3069 ἡ
3532 2994 3911 3066 ἀγανάκτησις

2332 3116 2432 3170 μου
2467 3100 2501 3169 ἠ
2544 3097 2665 3152 καθ’
2699 3096 2852 3168 ὑμῶν
2891 3095 3189 3149 παύσεταιο
3224 3092 3358 3165 ἐμοῦ
3399 3092 3456 3145 δὲ
3491 3090 3592 3161 τῆς
3633 3088 3911 3160 ὑμετέρας

2332 3189 2603 3262 σωτηρίας
2666 3184 3166 3259 ὑπερασπίζοντος,
3226 3181 3480 3253 φεύξεται
3535 3181 3563 3232 6
3623 3176 3915 3249 Ἀσσύριος

2331 3279 2675 3351 ἀσχημόνως.
2722 3278 2809 3332 διὰ
2846 3277 2947 3347 τῆς
2986 3274 3258 3347 ὑμετέρας
3290 3271 3473 3343 χώρας
3517 3269 3611 3323 καὶ
3662 3265 3755 3321 διὰ
3802 3264 3917 3322 τῶν

2332 3372 2612 3443 ὑμετέρων
2636 3370 2841 3424 πόλεων
2866 3368 3030 3422 τόπον
3061 3370 3125 3420 ἐκ
3146 3366 3313 3419 τόπου
3343 3361 3735 3434 διαδιδράσκων

2407 3520 2426 3551 ι
2464 3501 2574 3554 Καὶ
2609 3501 2759 3553 ἔσται
2801 3500 2859 3553 ἐν
2902 3501 2968 3570 τῇ
3005 3498 3193 3570 ἡμέρᾳ.
3243 3494 3450 3566 ἐκείνῃ,
3480 3490 3919 3562 ἀφαιρεθήσεται

2333 3592 2541 3661 όζυγὸς
2571 3591 2736 3647 αὐτοῦ
2771 3591 2878 3644 ἀπὸ
2905 3591 3000 3643 τοῦ
3039 3588 3188 3660 ὤμου
3226 3605 3341 3651 σου,
3373 3586 3467 3640 καὶ
3491 3586 3523 3637 6
3546 3582 3710 3653 φόϐος
3748 3580 3920 3636 αὐτοῦ

2333 3684 2426 3736 ἐπί
2450 3682 2567 3745 σοῦ,
2601 3682 2695 3735 καὶ
2727 3680 3206 3752 καταφθαρήσεται
3229 3679 3258 3730 ό
3285 3676 3449 3745 ζυγὸς
3478 3675 3586 3729 ἀπὸ
3616 3674 3727 3727 τῶν
3749 3672 3923 3743 ὤμων

2337 3775 2511 3845 ὑμῶν.
2541 3772 2696 3837 Ἥξει
2728 3773 2837 3844 γὰρ
2862 3774 2942 3834 εἰς
2963 3771 3063 3843 τὴν
3088 3770 3244 3823 πόλιν
3285 3768 3497 3838 Ἀγγαὶ,
3533 3766 3627 3820 καὶ
3652 3764 3923 3837 παρελεύ-

2339 3882 2492 3918 σεται
2518 3865 2599 3927 ei;
2635 3861 2925 3931 Μαγγεδὼ,
2958 3862 3052 3915 καὶ
3082 3863 3140 3915 ἐν
3164 3860 3407 3931 Μαχμὰς
3450 3857 3604 3929 θήσει
3632 3856 3700 3910 τὰ
3746 3855 3919 3929 σκεύη

2338 3956 2522 4012 αὐτοῦ.
2582 3955 2695 4009 Καὶ
2729 3954 3122 4025 παρελεύσεται
3161 3953 3456 4025 φάραγγα,
3512 3949 3607 4003 καὶ
3651 3949 3775 4020 ἥξει
3840 3950 3923 4012 εἰς

2351 4044 2563 4115 Ἀγγαί.
2584 4043 2750 4108 Φόϐος
2780 4044 3010 4115 λήψεται
3055 4042 3235 4114 Ῥαμὰ
3257 4041 3414 4095 πόλιν
3434 4038 3625 4094 Σαούλ.
3654 4039 3922 4104 Φεύξεται

2339 4138 2584 4209 θυγάτηρ
2614 4135 2884 4205 Γαλλείμ·
2923 4134 3289 4189 ἐπακούσεται
3336 4134 3395 4188 ἐν
3439 4132 3638 4198 Λαῖσὰ,
3671 4130 3920 4186 ἐπακού-

2341 4253 2489 4290 σεται
2522 4236 2580 4289 tv
2607 4232 2865 4289 Ἀναθὼθ.
2898 4234 3007 4287 Καὶ
3027 4233 3219 4304 ἐξέστη
3248 4231 3561 4304 Μαδεϐηνὰ,
3585 4232 3679 4284 καὶ
3711 4233 3760 4284 οξ
3782 4248 3921 4297 κατ-

2340 4326 2613 4391 οικοῦντες
2653 4323 2895 4397 Γιϐϐείρ.
2926 4323 3299 4396 Παρακαλεῖτε
3335 4325 3573 4395 σήμερον
3601 4324 3658 4376 ἐν
3687 4322 3797 4394 όδῷ
3824 4321 3922 4376 τοῦ

2344 4420 2541 4489 μεῖναι.
2582 4417 2962 4489 Παρακαλεϊτε
2994 4419 3061 4488 τῇ
3090 4416 3237 4488 χειρὶ
3264 4416 3325 4470 τὸ
3356 4417 3481 4488 ὅρος
3502 4416 3601 4487 τὴν
3640 4415 3924 4488 θυγατέρα

2340 4508 2497 4571 Σιὼν,
2532 4508 2627 4561 καὶ
2656 4511 2706 4561 οἱ
2739 4508 2917 4579 βουνοί.
2945 4511 2993 4561 οἱ
3019 4510 3077 4561 ἐν
3106 4507 3476 4580 Ἰερουσαλήμ.
3512 4508 3641 4561 Ἰδοὺ
3672 4509 3703 4560 6
3728 4507 3928 4562 δεσπό-

676 4616 878 4674 excelsi
918 4614 1112 4681 injuria
1141 4617 1513 4674 conterentur,
1543 4616 1597 4662 et
1628 4606 2075 4660 humiliahuutm‘.
2101 4624 2119 4655 ι
2156 4604 2228 4657 Tu

2340 4617 2438 4671 της
2458 4600 2659 4672 Κύριος
2692 4598 2917 4654 Σαϐαὼθ
2947 4599 3307 4670 συνταράσσει
3332 4601 3458 4662 τοὺς
3487 4598 3729 4663 ἐνδόξως
3782 4600 3925 4671 μετὰ

681 4710 898 4778 quippe,
929 4706 1005 4757 ait
1043 4704 1132 4757 ille
1173 4703 1424 4773 pollutum
1471 4714 1630 4753 suum
1683 4696 1983 4777 alloquens,
2022 4696 2159 4750 liber
2183 4706 2238 4747 et

680 4797 825 4853 omni
867 4804 1009 4849 metu
1060 4807 1257 4846 vacuus
1292 4794 1436 4845 eris:
1472 4788 1566 4857 qui
1619 4802 1747 4843 vero
1784 4770 2047 4855 fugiebat,
2092 4784 2240 4854 prius

679 4890 855 4945 veniet
887 4888 940 4941 in
985 4884 1260 4940 civitatem
1305 4883 1499 4951 Angm;
1546 4879 1672 4932 inde
1701 4892 1830 4932 vero
1862 4877 2026 4931 alium
2074 4876 2128 4930 in
2171 4876 2243 4929 lo-

678 4998 801 5039 cum
850 4976 1258 5048 commigrabit;
1311 4975 1489 5040 ibique
1560 4969 1931 5042 defatigatus,
1993 4969 2242 5024 sarcinas

681 5082 843 5143 ponet
870 5084 997 5126 suas
1026 5085 1040 5121 ε
1076 5068 1269 5130 deinde
1302 5066 1467 5119 istinc
1508 5064 1612 5117 alio
1664 5062 1937 5126 transibit,
1973 5060 2114 5114 unde
2148 5075 2243 5113 ve-

682 5167 793 5219 niet
824 5165 877 5217 in
906 5162 1092 5216 urbem
1116 5174 1276 5230 quam
1315 5167 1515 5211 vocant
1547 5154 1725 5209 Saulis
1757 5172 1770 5207 :
1803 5164 1982 5225 postea
2014 5165 2146 5205 vero
2188 5154 2238 5204 in

688 5260 849 5311 alium
878 5258 1050 5313 locum
1084 5274 1097 5311 :
1127 5268 1289 5327 atque
1320 5257 1398 5311 sic
1426 5254 1655 5323 turpiter
1678 5252 1743 5306 de
1773 5250 1949 5304 medio
1989 5247 2241 5310 tolletur;

686 5362 782 5401 vos
809 5359 984 5401 autem
1010 5343 1443 5410 consudahitnini,
1463 5352 1513 5397 et
1537 5341 1783 5396 solatium
1806 5338 2105 5408 accipietis,
2139 5350 2240 5390 nOn

686 5440 913 5508 amplius
957 5439 1298 5509 Assyriorum
1343 5438 1474 5507 jugo
1504 5432 1723 5489 subditi.
1749 5430 1826 5495 Ut
1870 5433 2014 5486 enim
2066 5432 2132 5484 ab
2161 5430 2245 5483 in-

687 5541 911 5601 gruente
945 5530 1137 5598 illaque
1181 5529 1329 5582 brevi
1366 5526 1713 5596 correptione
1755 5539 1860 5577 non
1894 5522 2121 5593 fugiant,
2149 5521 2240 5574 sed

687 5632 1058 5690 permaneant,
1112 5638 1130 5671 ι
1156 5618 1541 5682 Consolamini,
1571 5637 1589 5669 ι
1632 5616 1730 5682 ait,
1781 5633 1799 5666 ι
1834 5614 1996 5668 tiliam
2029 5612 2187 5681 Sion,
2221 5630 2238 5662 ι

686 5712 935 5768 videiicet
970 5712 1297 5766 habitatores
1328 5710 1651 5766 Jerusalem.

2348 4691 2552 4762 ἰσχύοςο
2595 4692 2690 4762 καὶ
2721 4692 2769 4745 οἱ
2797 4690 2991 4762 ὑψηλοὶ
3018 4694 3085 4761 τῇ
3115 4690 3273 4762 ὕϐρει
3320 4690 3787 4762 συντριϐήσονται,
3825 4692 3925 4745 καὶ

2344 4782 2857 4855 ταπεινωθὴσονται.
2892 4801 2909 4833 ι
2938 4784 3010 4835 Σὺ
3048 4783 3145 4853 μὲν
3171 4778 3285 4849 οὖν,
3326 4782 3489 4854 φησὶν
3513 4781 3648 4853 πρὸς
3680 4781 3770 4834 τὸν
3791 4780 3925 4836 λαὸν

2345 4875 2529 4939 αὐτοῦ,
2570 4875 2670 4947 έσῃ
2701 4874 2986 4945 ἐλεύθερος
3016 4874 3108 4927 καὶ
3135 4875 3333 4937 παντὸς
3363 4872 3781 4945 ἀπηλλαγμένος
3827 4874 3929 4942 φό-

2345 4968 2471 5021 ϐου·
2507 4970 2535 5021 ό
2568 4968 2625 5021 δὲ
2664 4968 2904 5037 φεύγων,
2940 4965 3202 5037 πρότερον
3240 4952 3340 5037 μὲν
3368 4966 3490 5036 ἥξει
3524 4967 3604 5027 εἰς
3634 4965 3734 5035 τὴν
3767 4963 3925 5018 πόλιν

2357 5057 2547 5127 ’Δγγαί
2566 5075 2578 5087 ·
2620 5053 2738 5111 εἶτα
2770 5056 2977 5109 ἐκεῖθεν
3001 5056 3393 5127 παρελεύσεται
3414 5057 3494 5119 είς
3521 5056 3706 5127 ἕτερον
3731 5054 3922 5121 τόπον,

2346 5154 2439 5205 καὶ
2460 5150 2762 5221 ἁποκαμὼν
2810 5148 3041 5202 ἐνταῦθα
3074 5150 3141 5202 τὰ
3167 5148 3335 5220 σκεύη
3356 5145 3521 5202 αὑτοῦ
3552 5147 3887 5218 ἀποϐήσεται
3905 5164 3920 5177 ·

2346 5242 2533 5296 ἔπειτα
2565 5242 2881 5313 διαϐήσεται
2936 5240 3182 5295 ἐντεῦθεν
3225 5240 3488 5311 ἀλλαχοῦ·
3541 5238 3794 5292 κάκεῖθεν
3841 5244 3927 5305 είς

2346 5336 2444 5407 τὴν
2488 5334 2825 5405 καλουμένην
2884 5334 3036 5387 πόλιν
3080 5333 3279 5387 Σαούλ·
3320 5329 3438 5386 εἶτα
3479 5336 3558 5396 είς
3612 5333 3797 5405 ἕτερον
3832 5335 3925 5388 τό-

2350 5445 2480 5481 πον’
2538 5430 2631 5480 καὶ
2690 5426 2862 5489 οὕτως
2917 5424 3266 5497 ἀσχημονῶν,
3328 5425 3541 5497 ἀφανὴς
3597 5426 3924 5496 γενήσεται’

2349 5520 2501 5590 ὑμεῖς
2526 5520 2582 5573 δὲ
2604 5517 3151 5591 παρακαληθήσεσθε,
3170 5520 3264 5572 καὶ
3281 5516 3631 5589 παραμυθίας
3644 5518 3924 5584 τεύξεσθε.

2352 5614 2544 5686 μηκέτι
2588 5614 2935 5683 ὑποκείμεναι
2971 5611 3049 5683 τῷ
3070 5610 3218 5681 ζυγῷ
3249 5610 3356 5663 τῶν
3396 5610 3715 5680 Ἀσσυρίων.
3755 5610 3926 5682 ’Υπέρ

2350 5705 2454 5777 γὰρ
2481 5706 2576 5759 τοῦ
2611 5707 2685 5778 μὴ
2722 5705 2943 5775 φεύγειν
2978 5705 3070 5758 καὶ
3103 5706 3391 5777 καρτερεῖν
3422 5703 3521 5775 τὴν
3558 5702 3696 5773 πρὸς
3744 5701 3927 5770 ὀλίγον

685 5802 1113 5873 επελευσομένην
1165 5800 1427 5865 παιδείαν,
1477 5818 1495 5851 ι
1547 5795 1951 5868 Παρακαλεῖτε,
2002 5814 2018 5843 ι
2069 5794 2235 5865 φησὶ,
2283 5811 2303 5846 ι
2336 5793 2437 5865 τὴν
2471 5795 2741 5866 θυγατέρα
2806 5795 2963 5859 Σιὼν,
2996 5814 3014 5847 ι
3083 5794 3282 5867 δηλαδὴ
3313 5794 3438 5856 τοὺς
3477 5792 3823 5861 ἐνοικοῦντας
3859 5797 3926 5866 τῇ

714 5901 761 5949 le
770 5892 1002 5967 ρουσαλή
1011 5909 1068 5962 μ.
