4090 6432
207 379 307 436 M9
1171 376 1671 436 COMMENTARM
1716 375 1785 432 lN
1825 374 2077 431 ISAIAM.
2120 407 2186 416 —
2226 372 2378 429 CAP.
2424 371 2515 429 XI.
3399 370 3502 427 170

278 513 299 546 r
338 494 452 547 Καὶ
485 493 802 552 πεσοῦνται
833 497 880 549 oi
920 495 1115 568 ὑψηλοὶ
1157 495 1431 568 μαχαίρᾳ⁹
1470 498 1500 550 ὁ
1531 495 1588 550 δὲ
1639 495 1806 550 Λίϐα-

1985 489 2146 546 Vns.
2179 489 2270 545 54.
2307 505 2326 540 ι
2356 488 2418 543 ΕΙ
2480 487 2672 542 cadent
2719 489 2916 542 θεοειςὶ
2966 486 3141 557 gladio
3222 525 3235 539 .
3262 483 3503 544 Libanus

207 603 292 654 νος
314 589 413 642 σὺν
451 590 562 652 τοῖς
606 588 840 660 ὑψηλοῖς
880 591 1147 643 πεσεῖται.
1184 608 1202 640 ι
1238 589 1382 662 Ὅρα
1413 588 1472 642 δέ
1503 605 1622 659 μοι,
1653 589 1814 651 ὅσους

1928 590 2101 636 autem
2137 594 2259 634 cum
2290 577 2519 635 excelsis
2552 579 2733 632 cadet.
2764 599 2784 630 ο
2826 577 2958 632 Vide
2986 577 3119 631 mihi
3166 589 3328 648 quam
3355 592 3501 646 saepe

210 678 299 732 irai.
324 677 525 744 ὁσάκις
568 678 822 750 ὑψηλοὺς
846 678 1165 749 ὠνόμασενο
1197 671 1273 731 ὧν
1320 679 1380 732 τὸ
1419 677 1677 749 σύστημα
1733 676 1813 746 τῷ

1928 683 1966 726 at
2001 669 2215 741 quoties
2240 669 2491 726 excelsos
2525 668 2789 732 nominet,
2817 682 3049 740 quorum
3082 677 3286 728 emtum
3331 667 3501 723 Liba-

210 769 446 841 ⁴λιϐάνῳ,
485 770 589 824 καὶ
621 772 752 834 ταῖς
782 771 840 825 ὲν
863 769 1015 840 αύτῷ
1043 768 1406 840 spinosam;
1431 769 1646 840 κέδροις
1703 769 1811 836 ὰφ-

1928 779 1988 818 rio
2009 772 2064 819 et
2089 762 2208 829 ejus
2230 760 2510 815 altissimis
2537 760 2717 815 cedria
2744 759 2980 814 similem
3011 758 3163 814 dicit.
3205 757 3389 826 Quare
3417 758 3503 813 dl-

209 866 398 933 ομοιοτ.
417 863 517 916 Διὸ
545 863 774 936 εῑρηται
795 861 1059 934 ἀλλαχοῦ·
1098 881 1116 913 ι
1149 857 1304 916 Εἶδον
1320 862 1414 915 τὸν
1442 861 1614 933 άσεϐῆ
1644 861 1815 932 ὑπερ-

1928 866 2063 911 ctnm
2115 861 2200 910 est
2252 853 2379 907 alibi
2407 854 2493 907 "z
2529 871 2547 904 ι
2580 849 2701 906 V'idi
2740 851 2963 921 impium
2997 849 3501 920 superexaltatum,

214 947 514 1030 υᾷιοιΐμενον
597 954 697 1009 καὶ
770 955 1128 1026 ἐπαιρόμενον
1165 954 1241 1019 ὠς
1295 953 1398 1018 τὰς
1455 953 1678 1024 κέδρους
1717 952 1813 1007 τοῦ

1928 957 1970 1002 et
2015 946 2283 1001 elevatum
2335 946 2477 1000 sicut
2524 943 2719 998 eedros
2767 940 2997 1006 Libani;
3026 959 3046 994 ο
3111 948 3167 996 et
3211 939 3348 996 alias
3401 939 3506 995 ite-

213 1047 479 1102 Λιϐάνουο
538 1064 561 1099 s
598 1047 696 1101 καὶ
751 1047 810 1100 ἰν
854 1045 1028 1117 ιτέρῳ
1073 1045 1272 1100 πάλιν*
1316 1065 1336 1097 r
1391 1045 1547 1116 Φωνὴ
1603 1043 1813 1118 Κυρίου

1928 1053 2034 1092 rum
2057 1038 2103 1070 ⁸³
2133 1051 2148 1089 :
2183 1055 2202 1088 ι
2243 1033 2360 1090 Vox
2387 1035 2596 1091 Domini
2627 1032 3024 1106 confringentis
3054 1033 3271 1099 cedros,
3297 1040 3352 1086 et
3385 1045 3512 1087 con-

215 1136 601 1210 συντρίϐοντος
654 1137 906 1208 κεδρους,
959 1137 1057 1191 καὶ
1109 1135 1389 1205 συντρίϐει
1437 1135 1644 1207 Κύριος
1714 1134 1815 1199 τὰς

1928 1127 2108 1199 fringit
2161 1126 2418 1181 Dominus
2451 1125 2647 1180 cedros
2679 1123 2871 1179 Libani
2903 1139 2917 1176 :
2948 1131 3006 1178 et
3037 1121 3374 1179 comminuet
3411 1133 3510 1177 eas

215 1229 428 1303 κέδρους
487 1227 587 1282 τοῦ
631 1229 900 1284 Λιϐάνου·
953 1229 1051 1283 καὶ
1079 1229 1334 1282 λεπτυνεί
1377 1227 1548 1294 αὑτάς
1591 1227 1668 1293 ώς
1719 1226 1814 1282 τὸν

1928 1229 2174 1290 Lanquam
2201 1219 2426 1274 vitulum
2455 1216 2742 1274 Libanum.
2772 1234 2792 1269 ι

219 1323 409 1394 μόσχον
435 1321 542 1376 τὸν
567 1319 822 1376 Λίϐανον.
865 1340 886 1374 s

749 1411 1148 1467 ΚΕΦΑΛΑΙΟΝ
1185 1412 1288 1466 IA'.

2535 1401 2772 1459 CAPUT
2810 1400 2904 1458 XI.

289 1526 308 1558 ι
344 1507 468 1560 Καὶ
520 1504 868 1574 ἐξελεύσεται
913 1503 1106 1576 ῥάϐδος
1135 1504 1199 1556 ἐκ
1242 1504 1342 1575 τῆς
1377 1502 1536 1575 ῥίζης
1580 1499 1812 1565 Ἰεσσαὶ,

1991 1495 2159 1552 Vana.
2178 1497 2231 1552 l.
2275 1515 2294 1548 ι
2326 1495 2394 1552 Et
2418 1495 2731 1564 egredietur
2753 1494 2902 1566 virga
2928 1494 2998 1551 de
3032 1494 3219 1551 radice
3239 1494 3430 1565 Iesse,
3459 1506 3519 1556 et

220 1597 307 1652 καὶ
359 1597 533 1662 ἄνθος
593 1597 662 1651 εκ
711 1596 813 1665 τῆς
863 1594 1022 1668 ῥίζης
1072 1593 1423 1666 ἀναϐήσεται.
1474 1613 1494 1645 ι
1541 1592 1668 1656 Πῶς
1704 1592 1818 1645 τῶν

1928 1585 2018 1644 nos
2065 1589 2132 1644 de
2179 1589 2365 1644 radice
2417 1589 2699 1643 ascendet.
2725 1605 2743 1640 ι
2781 1585 2902 1653 Quo
2927 1597 3086 1657 pacto
3119 1589 3514 1658 praedictorum

222 1688 642 1761 προειρημένων
680 1686 938 1741 ἁπάντων
971 1685 1124 1739 ἔσται
1161 1683 1422 1756 συντριϐὴ
1455 1683 1552 1737 καὶ
1581 1683 1814 1748 πτῶσις,

1928 1682 2166 1736 omnium
2195 1681 2458 1736 contritio
2487 1689 2544 1736 et
2576 1679 2730 1734 ruina
2774 1678 2953 1734 futura
2993 1679 3065 1735 sit
3107 1680 3307 1736 deinde
3344 1680 3521 1736 decla-

223 1780 554 1852 παρίστησιν
597 1779 765 1849 ἑξῆς,
811 1779 876 1831 ὲκ
923 1776 1081 1850 ῥίζης
1135 1776 1334 1831 Ἰεσσαὶ
1383 1773 1815 1848 προελεύσεσθαι

1928 1781 2048 1835 rat;
2079 1786 2144 1826 es
2179 1772 2372 1826 radice
2418 1769 2586 1826 Jessa:
2621 1770 2958 1840 proditursm
2989 1770 3196 1841 virgam
3229 1785 3352 1827 esse
3383 1773 3520 1827 vati.

226 1837 410 1925 ὀάϐδον
439 1837 730 1936 θεσπίζων
747 1837 763 1900 ί
793 1837 1154 1941 ἥτις-ῥάϐδος,
1183 1867 1394 1931 πάντας
1417 1837 1543 1930 τοὺς
1578 1866 1821 1938 ὑψηλοὺς

1928 1862 2121 1918 cinans
2151 1881 2164 1918 :
2195 1879 2317 1934 qua:
2341 1863 2489 1934 virga
2528 1837 2723 1918 omnes
2763 1862 3024 1919 sublimes
3061 1837 3308 1919 conteret
3338 1875 3394 1920 et
3420 1866 3520 1919 huc

225 1962 582 2034 συντρίψασα,
648 1959 1004 2014 ταπεινώσει.
1056 1959 1146 2013 Διὸ
1202 1957 1605 2028 ὲπισυνῆπται·
1647 1976 1664 2008 r
1710 1956 1822 2009 Καὶ

1928 1954 2181 2010 miliabit.
2235 1955 2416 2021 Quare
2471 1953 2699 2010 subdit:
2737 1971 2754 2004 ι
2789 1953 2854 2010 Et
2905 1956 3223 2027 egredietur
3255 1956 3411 2028 virga
3454 1957 3520 2013 de

225 2052 568 2120 ἱξελεύσεται
605 2052 809 2126 ῥάϐδος
835 2053 900 2105 ὲκ
931 2051 1032 2121 τῆς
1073 2050 1227 2122 ῥίζης
1268 2050 1489 2104 Ἰεσσαί.
1525 2069 1543 2102 ι
1593 2049 1743 2103 ’Δντὶ
1762 2048 1821 2104 δι

223 2143 333 2209 τοῦ,
373 2165 393 2198 r
431 2148 502 2200 ὲκ
531 2145 637 2217 τῆς
667 2143 846 2217 ῥίζης,
879 2162 898 2196 ι
927 2171 997 2182 -
1029 2160 1048 2195 r
1087 2143 1196 2196 άπὸ
1220 2141 1429 2213 κορμοῦ
1450 2162 1470 2194 ι
1512 2141 1822 2213 συμφώνως

223 2235 579 2308 ήρμήνευσαν
627 2237 679 2289 oi
710 2235 906 2288 λοιποί.
953 2233 1065 2287 Καὶ
1109 2232 1219 2304 γάρ
1267 2227 1336 2302 ἦν
1369 2234 1403 2303 ή
1453 2232 1596 2304 φυλὴ
1649 2232 1748 2286 καὶ
1787 2234 1822 2305 ή

226 2326 428 2396 πατριὰ
458 2326 520 2393 εξ
542 2322 614 2398 ἦς
638 2324 910 2398 προῆλθεν
935 2326 964 2379 6
994 2324 1206 2394 Σωτὴρ,
1241 2323 1428 2393 ὥσπερ
1460 2340 1548 2386 τις
1579 2323 1820 2394 κορμὸς,

1929 2336 2026 2378 ceu
2061 2323 2285 2393 quidam
2323 2335 2549 2380 truncus
2577 2333 2695 2379 erat
2758 2325 2844 2393 qui
2877 2327 3114 2380 nondum
3159 2340 3342 2382 ramos
3384 2329 3522 2382 ennio

227 2422 422 2494 μηκέτι
466 2421 705 2484 κλάδους
747 2419 906 2491 ἔχων,
944 2418 1033 2473 διὰ
1073 2419 1134 2471 τὸ
1167 2417 1539 2472 ἐκλελοιπέναι
1576 2419 1706 2482 τοὺς
1758 2418 1822 2470 ὲκ

1930 2425 2102 2478 serat,
2135 2415 2261 2484 quia
2291 2424 2412 2484 post
2464 2416 2843 2485 captivitatem
2875 2417 2927 2471 in
2952 2416 3254 2488 Babylone,
3285 2433 3354 2474 ex
3389 2434 3521 2476 sur.-

223 2512 476 2584 διαδοχῆς
531 2512 703 2568 Δαυτδ
737 2513 990 2584 βασιλέας
1042 2511 1177 2584 μετά
1225 2512 1326 2584 τὴν
1381 2513 1462 2575 είς
1511 2509 1813 2564 Βαϐυλῶνα

1928 2506 2179 2561 cessione
2237 2507 2456 2562 Davidis
2506 2523 2666 2578 reges
2718 2506 3074 2574 defecerant;
3135 2508 3262 2564 ideo
3304 2508 3522 2564 videtur

227 2605 639 2676 αἰχμαλωσίανο
688 2604 769 2658 διό
818 2622 905 2676 μοι
961 2604 1107 2656 δοκεῖ
1137 2603 1343 2674 κορμὸς
1388 2600 1706 2672 ὠνομάσθαι
1763 2600 1826 2654 τὸ

1931 2596 2064 2651 ιιιὶ1ιί
2103 2608 2330 2653 truncus
2360 2599 2544 2653 vocari
2594 2614 2769 2668 genus
2820 2598 3042 2653 Davidis
3070 2599 3377 2655 secundum
3405 2616 3521 2656 car-

227 2699 360 2751 κατά
395 2697 581 2769 σάρκα
612 2696 774 2766 γένος
788 2696 883 2750 τοῦ
899 2694 1085 2760 Δαυῒδ,
1112 2688 1174 2748 οὗ
1191 2693 1421 2766 ὁπατὴρ
1446 2689 1514 2765 ἦν
1541 2695 1570 2747 ὁ
1601 2691 1823 2746 Ἰεσσαί.

1928 2703 2075 2752 nem,
2106 2689 2262 2759 cujus
2303 2699 2460 2758 pater
2489 2698 2609 2744 erat
2650 2688 2842 2746 λειω.
2894 2689 3131 2760 Tempus
3188 2691 3375 2762 itaque
3413 2707 3524 2762 quq

228 2787 328 2851 Τὸν
374 2790 575 2862 χρόνον
618 2790 803 2844 τοίνυν
858 2787 979 2842 καθ’
1009 2787 1081 2841 δν.
1116 2788 1184 2842 τά
1236 2786 1616 2860 προειρημένα
1645 2785 1823 2850 ἐσται,

1935 2779 2023 2834 illa
2055 2781 2210 2851 prius
2243 2790 2547 2836 memorata
2607 2779 2784 2835 futura
2824 2791 2955 2836 sunt
2987 2781 3297 2848 declarans,
3329 2785 3524 2839 admo-

1928 2047 2108 2102 radice
2142 2045 2329 2102 .lessae.
2367 2066 2385 2102 ι
2426 2046 2532 2101 Pro
2569 2047 2663 2103 illo
2705 2057 2906 2111 autem,
2941 2067 2961 2100 ι
3018 2049 3086 2104 de
3142 2050 3350 2114 radice,
3375 2069 3395 2105 ι
3430 2066 3519 2106 re-

1926 2139 2059 2210 liqui
2124 2153 2316 2194 omnes
2375 2139 2728 2210 interpretes,
2782 2155 2859 2194 ra
2898 2152 3092 2197 trunco
3123 2159 3144 2194 ι
3211 2153 3520 2200 verterunt.

1927 2231 2144 2287 Etenim
2196 2233 2373 2287 tribus
2418 2243 2473 2287 et
2520 2231 2748 2297 familia,
2784 2247 2850 2288 ex
2876 2247 2982 2304 qua
3017 2234 3268 2290 Salvator
3290 2237 3518 2306 prodiit,

228 2881 515 2951 παριστὰς,
570 2881 832 2935 συνάπτει
865 2880 962 2951 τὴν
989 2882 1069 2944 είς
1095 2879 1417 2950 ἀνθρώπους
1452 2877 1686 2949 πάροδον
1726 2877 1824 2932 τοῦ

1937 2871 2064 2925 dum
2093 2881 2401 2941 opportune
2430 2872 2632 2927 Christi
2663 2873 2730 2927 ad
2773 2873 3022 2928 homines
3056 2875 3349 2929 adventum
3391 2874 3522 2930 sub-

227 2971 460 3044 Χριστοῦ
498 2971 715 3043 σφόδρα
753 2971 1044 3042 εὐκαίρως.
1106 2969 1322 3041 Ἐπειδὴ
1362 2969 1473 3041 γάρ
1508 2967 1826 3039 προεδίδαξε

1928 2963 2129 3036 jungit.
2158 2963 2294 3030 Quia
2341 2965 2486 3041 enim
2546 2965 2599 3018 in
2631 2965 3062 3034 praecedentibus
3089 2981 3153 3022 ea
3180 2981 3302 3035 qua
3327 2968 3396 3021 ad
3428 2982 3519 3022 or-

3320 18 3522 32 €5.42...“
3541 21 3618 28 ..υ-.-
3647 21 3692 26 -ο

227 3060 308 3116 διὰ
340 3061 450 3116 τῶν
483 3062 801 3134 ἔμπροσθεν
838 3061 906 3115 τά
941 3061 1198 3135 περὶτῆς
1231 3063 1295 3114 ἑκ
1317 3060 1597 3132 Παρθένου
1633 3061 1830 3129 γεννή-

231 3169 378 3218 σεως.
401 3155 504 3218 τάς
528 3170 590 3208 τε
616 3153 942 3225 ἐπωνύμους
965 3152 1334 3224 προσηγορίας
1367 3151 1826 3248 τῶν-ἐπινοουμι-
1853 3187 1895 3248 c

232 3263 330 3299 νων
356 3248 415 3299 ὲν
432 3245 588 3317 αὺτῷ
613 3245 919 3316 δυνάμεων,
951 3244 1263 3309 ἀκολούθως
1299 3245 1392 3298 ἐπὶ
1412 3243 1506 3297 τοῦ
1529 3244 1821 3313 παρόντος,

233 3332 289 3401 ἐξ
323 3336 513 3390 ὁποίου
546 3335 762 3405 γένους,
807 3337 902 3390 καὶ
956 3337 1116 3399 ποίας
1164 3335 1343 3406 φυλῆς
1401 3335 1821 3408 προελεύσεται,

230 3426 383 3481 ὁποῖά
413 3443 476 3480 τε
507 3425 849 3498 κατορθώσει
883 3428 917 3498 ή
956 3429 1037 3492 είς
1088 3425 1413 3499 ἀνθρώπους
1469 3427 1634 3482 αὑτοῦ
1677 3429 1824 3499 πάρ-

231 3517 364 3583 οδες,
397 3521 814 3591 προαναιρωνεί.

305 3633 324 3666 r
366 3614 480 3668 Kal.
517 3611 897 3667 ἀναπαύσεται
929 3613 1018 3667 ἐπ’
1042 3612 1208 3667 αὑτὸν
1247 3611 1478 3684 Πνεῦμα
1517 3610 1613 3665 τοῦ
1657 3611 1820 3675 Θεοῦ,

235 3707 447 3778 πνεῦμα
497 3705 696 3776 σοφίας
747 3705 841 3758 καὶ
891 3706 1178 3770 συνέσεως,
1230 3705 1453 3774 πνεῦμα
1495 3704 1692 3776 βουλῆς
1729 3706 1825 3759 καὶ

239 3799 433 3872 ἰσχύος,
481 3799 707 3870 πνεῦμα
737 3796 993 3865 γνώσεως
1037 3798 1132 3850 καὶ
1176 3798 1492 3862 εὐσεϐείας·
1547 3798 1824 3869 ἐμπλήσει

237 3892 388 3945 αὑτὸν
409 3890 635 3960 πνεῦμα
665 3888 834 3959 φόϐου
860 3887 1016 3942 Θεοῦ.
1036 3890 1112 3942 Οὐ
1131 3890 1272 3943 κατὰ
1296 3889 1395 3960 τὴν
1424 3888 1582 3956 δόξαν
1609 3890 1820 3962 κρινεῖ,

235 3982 346 4037 οὐδὲ
373 3984 518 4038 κατὰ
556 3984 661 4054 τὴν
705 3979 895 4033 λαλιάν
931 3980 1157 4048 ἒλέγξει.
1199 3999 1218 4032 ι
1248 3979 1477 4052 Εὓροιεν
1519 3981 1628 4053 γὰρ
1663 3981 1730 4035 ἂν
1771 3982 1822 4034 oi

238 4071 475 4137 θέλοντες
491 4075 646 4135 ὅπως
664 4074 694 4125 ὁ
720 4071 910 4144 Σωτὴρ
933 4071 1091 4142 ήμῶν
1120 4073 1216 4124 καὶ
1240 4071 1446 4144 Κύριος
1471 4072 1533 4125 οὐ
1560 4072 1703 4125 κατὰ
1725 4073 1825 4144 τὴν

237 4162 382 4229 δόξαν
410 4164 620 4236 ἔκρινε.
649 4162 894 4234 Μηδενὸς
915 4162 1025 4232 γάρ
1043 4161 1333 4233 πρόσωπον
1359 4160 1654 4232 λαμϐάνων
1685 4161 1821 4233 (l6),

239 4254 427 4327 ήλεγχε
455 4257 554 4309 σὺν
579 4254 869 4326 παρρησία
898 4253 1066 4324 πολλῇ
1100 4252 1230 4306 ποτε
1268 4253 1368 4324 μὲν
1398 4254 1527 4316 τοὺς
1550 4270 1791 4325 γραμμα

237 4351 338 4412 τεῖς
363 4351 458 4403 ita).
481 4348 840 4420 Φαρισαίους,
875 4346 1005 4400 ποτὲ
1037 4346 1094 4400 δὲ
1120 4347 1247 4410 τοὺς
1281 4347 1558 4420 ἀρχιερεῖς
1579 4347 1726 4400 ἔνδον
1764 4349 1823 4404 ὲν

237 4440 308 4511 τῷ
341 4440 475 4511 ναῷ,
502 4434 586 4503 οἷς
635 4441 732 4493 καὶ
785 4439 1001 4508 ἔλεγεν·
1036 4458 1055 4492 ι
1103 4438 1426 4510 ’Ᾱρθήσεται
1467 4439 1741 4511 άφ“ύμῶν
1788 4443 1822 4513 ή

241 4532 501 4604 βασιλεία,
530 4533 630 4587 καὶ
653 4531 937 4603 δοθήσεται
966 4531 1106 4584 ἔθνει
1144 4529 1388 4585 ποιοῦντι
1414 4532 1542 4595 τοὺς
1573 4533 1822 4604 καρποὺς
1859 4557 1898 4610 D

238 4625 416 4697 αὐτῆς.
461 4644 481 4677 ι
531 4623 813 4678 ’Δλλόύδὲ
834 4622 974 4677 κατὰ
999 4623 1098 4693 τὴν
1127 4622 1316 4676 λαλιὰν
1345 4623 1577 4693 ήλεγχεν
1595 4639 1610 4654 ⁸
1639 4625 1690 4677 οἱ
1725 4625 1824 4695 μὲν

237 4715 339 4786 γὰρ
369 4716 687 4787 προσῄεσαν
704 4713 857 4785 αὐτῷ
884 4713 1135 4782 λέγοντες
1155 4731 1168 4744 ·
1202 4733 1221 4765 ι
1251 4713 1570 4778 Διδάσκαλε,
1593 4715 1816 4786 οἴδαμεν

238 4803 314 4861 ὅτι
349 4805 559 4877 ἀληθὴς
593 4801 667 4867 εῐ,
703 4824 721 4855 ι
763 4803 857 4856 καὶ
879 4804 948 4858 τὰ
972 4802 1116 4875 ἑξῆς.
1160 4804 1218 4857 '0
1243 4802 1300 4858 δὲ
1332 4805 1392 4857 οὐ
1425 4805 1569 4857 κατὰ
1597 4804 1696 4875 τὴν
1723 4805 1819 4858 λα-

238 4893 349 4951 λιάν
375 4897 560 4951 αὐτῶν
591 4896 795 4968 ἤλεγχε
816 4912 831 4926 ·
862 4895 942 4949 διδ
979 4894 1138 4959 εἰδὼς
1171 4895 1270 4960 τὰς
1303 4896 1568 4968 πονηρίας
1613 4897 1814 4962 αὐτῶν,

239 4986 408 5059 ιλετε·
439 5009 460 5042 ι
499 4990 568 5044 Τί
605 5005 675 5060 με
707 4986 1016 5059 πειράζετε,
1050 4987 1376 5060 ὑποκριταί;
1409 5007 1427 5039 ι

307 5186 326 5221 r
363 5167 532 5222 Ἀλλὰ
567 5169 753 5240 κρινεῖ
796 5166 1038 5239 ταπεινῷ
1066 5166 1269 5238 κρίσιν,
1310 5168 1404 5222 καὶ
1436 5166 1647 5236 ἐλέγξει
1698 5171 1824 5234 τοὺς

1933 3067 2044 3111 tum
2073 3070 2137 3110 ex
2177 3056 2399 3127 Virgine
2444 3056 2768 3128 spectabant
2813 3056 3133 3123 edocuerat,
3165 3066 3330 3129 atque
3356 3073 3519 3116 νοοοι

1934 3150 2062 3204 bula
2099 3149 2469 3220 intelligibiles
2515 3149 2636 3219 ejus
2683 3150 2916 3205 virtutes
2946 3149 3243 3206 indicantia
3287 3153 3522 3223 prOtnle-

1931 3250 2049 3308 rat;
2081 3251 2479 3312 consequenter
2507 3242 2562 3296 in
2595 3243 2847 3312 praesenti
2878 3257 2986 3312 quo
3015 3257 3081 3298 ex
3129 3258 3328 3314 genere
3358 3253 3414 3300 et
3448 3260 3518 3300 ex

1929 3349 2036 3403 qua
2071 3334 2239 3397 tribu,
2277 3350 2398 3402 qua:
2455 3349 2620 3404 opera
2683 3336 2802 3403 ejus
2849 3336 2918 3389 ad
2973 3335 3226 3392 homines
3253 3338 3522 3394 adventus

1927 3428 2176 3482 editurus
2207 3429 2301 3495 sit,
2327 3429 2678 3499 prsenuntiat.

1997 3610 2164 3667 Vens.
2198 3613 2253 3678 ἲ,
2286 3613 2340 3670 ὅ.
2382 3633 2399 3667 ι
2432 3613 2494 3670 Ει
2541 3616 2844 3684 requiescet
2900 3627 3062 3685 super
3106 3630 3233 3670 eum
3281 3614 3520 3686 Spiritus

1929 3704 2051 3771 Dei,
2105 3705 2331 3776 spiritus
2393 3707 2676 3774 sapientiae
2716 3718 2773 3763 et
2828 3707 3228 3778 intelligentia,
3283 3708 3516 3777 spiritus

1927 3797 2145 3853 consilii
2173 3808 2228 3853 et
2263 3797 2877 3869 fortitudims.spiritus
2905 3800 3148 3855 scientiae
3184 3809 3240 3855 et
3275 3802 3521 3871 pietatis.

1927 3890 2181 3960 Replebit
2209 3905 2334 3945 eum
2385 3891 2612 3962 spiritus
2667 3892 2878 3948 timoris
2909 3889 3028 3947 Dei.
3068 3889 3184 3947 Non
3217 3892 3440 3947 secundi
3465 3908 3507 3945 α

1927 3982 2242 4052 Opinionem
2292 3981 2597 4046 judicabit,
2651 3996 2828 4050 neque
2895 3983 3192 4038 secundum
3247 3981 3518 4052 loquelam

1926 4080 2189 4140 arguet.»
2241 4070 2427 4126 Cuivis
2485 4071 2686 4127 volenti
2749 4071 2910 4126 facile
2957 4081 3042 4128 est
3102 4073 3520 4143 deprehendere

1927 4177 2038 4230 quo
2065 4172 2225 4232 pacto
2251 4162 2509 4217 Salvator
2535 4173 2592 4218 et
2629 4162 2895 4219 Dominus
2928 4175 3136 4227 noster,
3176 4180 3283 4220 non
3317 4178 3521 4220 secun-

1927 4254 2053 4308 dum
2083 4255 2397 4324 opinionem
2431 4254 2735 4324 judicabat.
2788 4255 2996 4312 Nullius
3048 4257 3192 4311 enim
3229 4271 3518 4328 personam

1926 4346 2225 4417 accipiens.
2260 4350 2420 4402 modo
2470 4346 2695 4403 Scribas
2736 4357 2790 4403 et
2842 4347 3175 4413 Pharisazos,
3208 4364 3334 4403 mox
3368 4358 3520 4404 sum-

1930 4452 2046 4491 mos
2072 4438 2359 4507 pontitlccs
2408 4439 2461 4493 is
2514 4441 2712 4508 templo
2748 4439 2980 4495 fidenter
3009 4442 3294 4510 arguebat,
3319 4442 3520 4511 quibus

1927 4530 2091 4584 etiam
2153 4534 2267 4586 haec
2326 4532 2542 4586 dicebat
2577 4547 2590 4583 :
2629 4552 2645 4584 ι
2670 4533 2963 4588 Auferetur
2992 4550 3020 4588 a
3059 4534 3213 4589 vobis
3267 4550 3516 4604 regnum,

1933 4631 1988 4676 et
2022 4621 2241 4676 dabitur
2274 4624 2421 4693 genti
2461 4624 2684 4678 facienti
2745 4624 2957 4680 fructus
2985 4625 3101 4693 ejus
3120 4625 3185 4678 “.
3214 4644 3232 4678 ι
3269 4623 3374 4680 Sed
3414 4643 3516 4680 nec

1931 4716 2228 4769 secundum
2255 4714 2524 4784 loquelam
2557 4717 2822 4786 arguebat
2851 4734 2865 4772 :
2898 4733 3022 4772 nam
3064 4718 3156 4772 alii
3190 4719 3364 4788 ipsum
3401 4719 3519 4772 adi»

1929 4807 2058 4860 bant
2106 4807 2348 4862 dicentes
2407 4823 2421 4860 :
2485 4824 2504 4859 ι
2538 4807 2840 4876 Magister,
2893 4810 3101 4864 scimus
3154 4811 3281 4880 quia
3353 4824 3519 4863 verax

1929 4911 1988 4952 es
2027 4896 2097 4959 ".
2132 4915 2150 4949 ι
2184 4908 2293 4951 etc.
2329 4896 2422 4952 llle
2456 4913 2584 4951 vero
2635 4915 2741 4953 nun
2794 4902 3094 4954 secundum
3125 4900 3396 4970 loquelam
3425 4915 3519 4954 eo-

1930 4999 2048 5038 rum
2077 4987 2338 5056 arguebat
2366 5001 2379 5037 :
2413 5000 2585 5055 quare
2615 5003 2820 5057 gnarus
2875 4989 3098 5044 malitize
3151 5005 3342 5045 eorum
3373 4989 3519 5044 dicc-

1934 5077 2069 5132 bat:
2106 5097 2123 5129 ι
2164 5077 2302 5144 Quid
2329 5093 2414 5133 me
2452 5083 2698 5145 tentatis,
2733 5082 3065 5150 hypocrita?
3096 5101 3115 5133 s

1995 5166 2162 5223 Vsus.
2195 5168 2254 5223 4.
2292 5187 2310 5221 ι
2342 5167 2450 5224 Sed
2486 5169 2755 5239 judicabit
2786 5170 2974 5225 humili
3013 5170 3310 5238 judicium,
3340 5179 3396 5225 et
3426 5187 3517 5223 ur-

242 5262 515 5325 ταπεινοὺς
537 5258 643 5330 τῆς
664 5257 796 5328 γῆς,
819 5260 910 5312 καὶ
940 5255 1174 5323 πατάξει
1204 5258 1302 5330 τὴν
1327 5259 1432 5329 γῆν
1464 5258 1542 5330 τῷ
1569 5259 1711 5331 λόγῳ
1731 5259 1826 5314 τοῦ

1928 5270 2051 5331 guet
2085 5261 2318 5316 hmniles
2351 5271 2528 5326 terrm,
2565 5272 2622 5316 et
2651 5265 2927 5332 percutiet
2953 5276 3156 5320 terram
3192 5261 3360 5317 verbo
3402 5263 3518 5316 oris

245 5349 499 5420 στόματος
527 5347 725 5403 αὐτοῦ.
774 5365 795 5399 ι
836 5348 1070 5419 Νοήσιις
1097 5349 1154 5402 δὲ
1183 5348 1266 5411 τὸ,
1305 5368 1322 5400 r
1359 5349 1595 5414 Πατάξει
1618 5353 1720 5422 γῆν
1751 5352 1830 5424 τῷ

1925 5353 2034 5407 sui.
2066 5372 2084 5406 ι
2128 5353 2259 5408 Illud
2299 5363 2506 5421 autem,
2571 5375 2590 5404 ι
2624 5355 2905 5412 Percutiet
2954 5366 3158 5412 terram
3203 5355 3368 5409 verbo
3402 5355 3515 5407 oris

242 5435 374 5511 λόγῳ
410 5439 506 5494 τοῦ
539 5440 818 5510 στόματος
849 5436 1036 5502 αὐτοῦ,
1087 5457 1106 5490 ι
1154 5439 1249 5491 καὶ
1280 5437 1476 5502 άλλως,
1523 5441 1826 5506 ἐπακούσας

1929 5447 2033 5504 sui.
2085 5465 2104 5499 ι
2163 5445 2450 5514 intelliges,
2498 5446 2543 5501 si
2603 5448 2796 5504 audias
2845 5463 2971 5504 eum
3017 5448 3145 5504 alibi
3211 5448 3512 5510 dicentem,

306 5551 515 5610 "Psal.
575 5565 774 5615 xxxvi,
807 5549 895 5606 55.

974 5550 1020 5582 "
1053 5549 1197 5605 Psal.
1242 5566 1436 5609 XXVIII.
1475 5551 1529 5606 5.
1606 5547 1652 5585 τ’
1682 5555 1874 5612 Matth.
1905 5571 2024 5622 ut,
2059 5557 2147 5612 45.

2230 5560 2274 5591 ⁸⁸
2305 5557 2501 5612 Matth.
2537 5559 2788 5626 “11,16.
2864 5585 2871 5592 -

304 5673 414 5747 (16)
447 5671 822 5750 Dieronymus
845 5673 912 5727 ad
940 5673 1278 5728 hunclocum
1301 5675 1379 5728 sic
1407 5672 1601 5750 Latine
1625 5677 1812 5750 Graeca
1922 5682 2176 5750 quilur...
2249 5680 2529 5747 Auferetur
2584 5698 2616 5733 a
2671 5679 2839 5744 vobis,
2895 5695 2915 5730 ι
2977 5687 3032 5734 et
3095 5685 3330 5738 caetera,
3390 5685 3515 5741 quae

245 5741 533 5810 tra'nst'ulit,
572 5761 615 5816 ι⁸
642 5741 857 5816 Nullius
893 5751 1038 5816 enim
1068 5756 1366 5816 personam
1414 5747 1613 5814 accipit
1642 5750 1692 5802 in
1718 5749 1813 5816 ju-

242 5815 376 5873 dicio
401 5833 417 5872 :
442 5817 543 5871 sed
581 5811 804 5868 Scribis
836 5823 890 5867 et
920 5812 1211 5867 Pharisaeis
1245 5829 1308 5870 ac
1343 5811 1679 5888 principibus
1718 5811 1810 5876 lo-

511 5909 800 5970 ΡΑτιιοι.
828 5909 948 5968 tia.
983 5909 1222 5973 XXIV.

1923 5768 2059 5823 pune
2093 5754 2158 5809 ad
2191 5755 2417 5808 verbum
2448 5751 2539 5807 ille
2565 5751 2937 5816 prosecuitur.

3143 5913 3180 5971 0
